  <div class='ocr_page' id='page_1' title='image "/cluster/home/n/w/nwhite01/storage/ocr_20150623/93/mdp.39015078384313/482.png"; bbox 0 0 4044 6224; ppageno 0'>
   <div class='ocr_carea' id='block_1_1' title="bbox 383 387 490 451">
    <p class='ocr_par' dir='ltr' id='par_1_1' title="bbox 383 387 490 451">
     <span class='ocr_line' id='line_1_1' title="bbox 383 387 490 451; baseline 0 0"><span class='ocrx_word' id='word_1_1' title='bbox 383 387 490 451; x_wconf 73' lang='grc'><strong>949</strong></span> 
     </span>
    </p>
   </div>
   <div class='ocr_carea' id='block_1_2' title="bbox 1472 375 2463 439">
    <p class='ocr_par' dir='ltr' id='par_1_2' title="bbox 1472 375 2463 439">
     <span class='ocr_line' id='line_1_2' title="bbox 1472 375 2463 439; baseline 0 -1"><span class='ocrx_word' id='word_1_2' title='bbox 1472 375 1555 439; x_wconf 83' lang='grc' dir='ltr'><strong>ΙΝ</strong></span> <span class='ocrx_word' id='word_1_3' title='bbox 1595 375 2035 439; x_wconf 76' lang='lat' dir='ltr'><strong>LEVITICUM.</strong></span> <span class='ocrx_word' id='word_1_4' title='bbox 2070 399 2137 411; x_wconf 77' lang='grc'><strong>-·</strong></span> <span class='ocrx_word' id='word_1_5' title='bbox 2178 376 2328 439; x_wconf 91' lang='lat' dir='ltr'><strong>LlB.</strong></span> <span class='ocrx_word' id='word_1_6' title='bbox 2364 377 2463 438; x_wconf 83' lang='lat' dir='ltr'><strong>IV.</strong></span> 
     </span>
    </p>
   </div>
   <div class='ocr_carea' id='block_1_3' title="bbox 3530 372 3638 433">
    <p class='ocr_par' dir='ltr' id='par_1_3' title="bbox 3530 372 3638 433">
     <span class='ocr_line' id='line_1_3' title="bbox 3530 372 3638 433; baseline -0.009 0"><span class='ocrx_word' id='word_1_7' title='bbox 3530 372 3638 433; x_wconf 74' lang='lat'><strong>950</strong></span> 
     </span>
    </p>
   </div>
   <div class='ocr_carea' id='block_1_4' title="bbox 372 484 3642 562">
    <p class='ocr_par' dir='ltr' id='par_1_4' title="bbox 372 484 3642 562">
     <span class='ocr_line' id='line_1_4' title="bbox 372 484 3642 562; baseline -0.004 -12"><span class='ocrx_word' id='word_1_8' title='bbox 372 511 500 550; x_wconf 77' lang='lat' dir='ltr'><strong>nam</strong></span> <span class='ocrx_word' id='word_1_9' title='bbox 552 501 599 547; x_wconf 91' lang='lat' dir='ltr'><strong>et</strong></span> <span class='ocrx_word' id='word_1_10' title='bbox 634 490 821 559; x_wconf 89' lang='lat' dir='ltr'><strong>linum,</strong></span> <span class='ocrx_word' id='word_1_11' title='bbox 858 498 906 546; x_wconf 84' lang='lat' dir='ltr'><strong>et</strong></span> <span class='ocrx_word' id='word_1_12' title='bbox 940 496 1157 562; x_wconf 79' lang='lat' dir='ltr'><strong>operata</strong></span> <span class='ocrx_word' id='word_1_13' title='bbox 1182 485 1266 544; x_wconf 67' lang='lat' dir='ltr'><strong>‘est</strong></span> <span class='ocrx_word' id='word_1_14' title='bbox 1289 490 1511 544; x_wconf 67' lang='lat' dir='ltr'><strong>consilio</strong></span> <span class='ocrx_word' id='word_1_15' title='bbox 1544 506 1799 545; x_wconf 87' lang='lat' dir='ltr'><strong>manuum</strong></span> <span class='ocrx_word' id='word_1_16' title='bbox 1835 503 1961 544; x_wconf 83' lang='lat' dir='ltr'><strong>sua-</strong></span> <span class='ocrx_word' id='word_1_17' title='bbox 1990 495 2035 552; x_wconf 79' lang='grc' dir='ltr'>Α</span> <span class='ocrx_word' id='word_1_18' title='bbox 2066 487 2297 544; x_wconf 88' lang='lat' dir='ltr'><strong>Domino</strong></span> <span class='ocrx_word' id='word_1_19' title='bbox 2355 488 2784 559; x_wconf 79' lang='lat' dir='ltr'><strong>exspectabant?</strong></span> <span class='ocrx_word' id='word_1_20' title='bbox 2835 488 3115 556; x_wconf 27' lang='lat' dir='ltr'><strong>Viridans.</strong></span> <span class='ocrx_word' id='word_1_21' title='bbox 3146 495 3327 542; x_wconf 90' lang='lat' dir='ltr'><strong>autem</strong></span> <span class='ocrx_word' id='word_1_22' title='bbox 3388 484 3642 555; x_wconf 75' lang='lat' dir='ltr'><strong>superbia</strong></span> 
     </span>
    </p>
   </div>
   <div class='ocr_carea' id='block_1_5' title="bbox 370 580 1958 654">
    <p class='ocr_par' dir='ltr' id='par_1_5' title="bbox 370 580 1958 654">
     <span class='ocr_line' id='line_1_5' title="bbox 370 580 1958 654; baseline -0.003 -16"><span class='ocrx_word' id='word_1_23' title='bbox 370 599 495 641; x_wconf 82' lang='lat' dir='ltr'><strong>rum</strong></span> <span class='ocrx_word' id='word_1_24' title='bbox 527 585 618 639; x_wconf 80' lang='lat'><strong>&quot;&#39;.</strong></span> <span class='ocrx_word' id='word_1_25' title='bbox 663 585 732 639; x_wconf 81' lang='lat' dir='ltr'><strong>Et</strong></span> <span class='ocrx_word' id='word_1_26' title='bbox 777 596 969 638; x_wconf 87' lang='lat' dir='ltr'><strong>rursus</strong></span> <span class='ocrx_word' id='word_1_27' title='bbox 1004 601 1017 638; x_wconf 88' lang='lat'><strong>:</strong></span> <span class='ocrx_word' id='word_1_28' title='bbox 1056 582 1424 654; x_wconf 87' lang='lat' dir='ltr'><strong>Stragulatam</strong></span> <span class='ocrx_word' id='word_1_29' title='bbox 1461 592 1651 636; x_wconf 76' lang='lat' dir='ltr'><strong>vestem</strong></span> <span class='ocrx_word' id='word_1_30' title='bbox 1696 581 1817 651; x_wconf 78' lang='lat' dir='ltr'><strong>fecit</strong></span> <span class='ocrx_word' id='word_1_31' title='bbox 1860 580 1958 634; x_wconf 86' lang='lat' dir='ltr'><strong>sibi</strong></span> 
     </span>
    </p>
   </div>
   <div class='ocr_carea' id='block_1_6' title="bbox 370 668 1957 747">
    <p class='ocr_par' dir='ltr' id='par_1_6' title="bbox 370 668 1957 747">
     <span class='ocr_line' id='line_1_6' title="bbox 370 668 1957 747; baseline -0.003 -16"><span class='ocrx_word' id='word_1_32' title='bbox 370 674 553 747; x_wconf 77' lang='lat' dir='ltr'><strong>byssus</strong></span> <span class='ocrx_word' id='word_1_33' title='bbox 587 684 636 729; x_wconf 83' lang='lat' dir='ltr'><strong>et</strong></span> <span class='ocrx_word' id='word_1_34' title='bbox 666 686 905 745; x_wconf 78' lang='lat' dir='ltr'><strong><em>purpura</em></strong></span> <span class='ocrx_word' id='word_1_35' title='bbox 944 668 1310 729; x_wconf 76' lang='lat' dir='ltr'><strong>indumentum</strong></span> <span class='ocrx_word' id='word_1_36' title='bbox 1341 674 1454 744; x_wconf 84' lang='lat' dir='ltr'><strong>ejus</strong></span> <span class='ocrx_word' id='word_1_37' title='bbox 1480 673 1551 727; x_wconf 83' lang='lat'><strong>“.</strong></span> <span class='ocrx_word' id='word_1_38' title='bbox 1599 669 1774 727; x_wconf 79' lang='lat' dir='ltr'><strong>Habet</strong></span> <span class='ocrx_word' id='word_1_39' title='bbox 1812 670 1957 727; x_wconf 88' lang='lat' dir='ltr'><strong>enim</strong></span> 
     </span>
    </p>
   </div>
   <div class='ocr_carea' id='block_1_7' title="bbox 371 758 1959 836">
    <p class='ocr_par' dir='ltr' id='par_1_7' title="bbox 371 758 1959 836">
     <span class='ocr_line' id='line_1_7' title="bbox 371 758 1959 836; baseline -0.003 -14"><span class='ocrx_word' id='word_1_40' title='bbox 371 762 622 822; x_wconf 78' lang='lat' dir='ltr'><strong>Ecclesia</strong></span> <span class='ocrx_word' id='word_1_41' title='bbox 655 758 815 821; x_wconf 84' lang='lat' dir='ltr'><strong>lanea</strong></span> <span class='ocrx_word' id='word_1_42' title='bbox 844 766 1173 821; x_wconf 88' lang='lat' dir='ltr'><strong>vestimenta</strong></span> <span class='ocrx_word' id='word_1_43' title='bbox 1205 776 1259 821; x_wconf 91' lang='lat' dir='ltr'><strong>et</strong></span> <span class='ocrx_word' id='word_1_44' title='bbox 1292 766 1457 831; x_wconf 88' lang='lat' dir='ltr'><strong>linea,</strong></span> <span class='ocrx_word' id='word_1_45' title='bbox 1487 765 1705 836; x_wconf 83' lang='lat' dir='ltr'><strong>byssum</strong></span> <span class='ocrx_word' id='word_1_46' title='bbox 1746 773 1799 819; x_wconf 92' lang='lat' dir='ltr'><strong>et</strong></span> <span class='ocrx_word' id='word_1_47' title='bbox 1829 780 1959 834; x_wconf 90' lang='lat' dir='ltr'><strong>pur-</strong></span> 
     </span>
    </p>
   </div>
   <div class='ocr_carea' id='block_1_8' title="bbox 371 852 1960 925">
    <p class='ocr_par' dir='ltr' id='par_1_8' title="bbox 371 852 1960 925">
     <span class='ocr_line' id='line_1_8' title="bbox 371 852 1960 925; baseline -0.003 -15"><span class='ocrx_word' id='word_1_48' title='bbox 371 865 592 925; x_wconf 84' lang='lat' dir='ltr'><strong>puram,</strong></span> <span class='ocrx_word' id='word_1_49' title='bbox 633 868 729 911; x_wconf 91' lang='lat' dir='ltr'><strong>eos</strong></span> <span class='ocrx_word' id='word_1_50' title='bbox 772 856 866 925; x_wconf 83' lang='lat' dir='ltr'><strong>qui</strong></span> <span class='ocrx_word' id='word_1_51' title='bbox 908 852 968 909; x_wconf 85' lang='lat' dir='ltr'><strong>in</strong></span> <span class='ocrx_word' id='word_1_52' title='bbox 1019 852 1273 925; x_wconf 88' lang='lat' dir='ltr'><strong>conjugio</strong></span> <span class='ocrx_word' id='word_1_53' title='bbox 1317 861 1373 909; x_wconf 91' lang='lat' dir='ltr'><strong>et</strong></span> <span class='ocrx_word' id='word_1_54' title='bbox 1420 854 1473 908; x_wconf 91' lang='lat' dir='ltr'><strong>in</strong></span> <span class='ocrx_word' id='word_1_55' title='bbox 1513 853 1825 923; x_wconf 87' lang='lat' dir='ltr'><strong>virginitate</strong></span> <span class='ocrx_word' id='word_1_56' title='bbox 1860 853 1960 907; x_wconf 87' lang='lat' dir='ltr'><strong>de-</strong></span> 
     </span>
    </p>
   </div>
   <div class='ocr_carea' id='block_1_9' title="bbox 368 945 1962 1016">
    <p class='ocr_par' dir='ltr' id='par_1_9' title="bbox 368 945 1962 1016">
     <span class='ocr_line' id='line_1_9' title="bbox 368 945 1962 1016; baseline -0.003 -14"><span class='ocrx_word' id='word_1_57' title='bbox 368 949 488 1002; x_wconf 72' lang='lat' dir='ltr'><strong>cori</strong></span> <span class='ocrx_word' id='word_1_58' title='bbox 538 952 685 1010; x_wconf 83' lang='lat' dir='ltr'><strong>sunt.</strong></span> <span class='ocrx_word' id='word_1_59' title='bbox 718 948 1014 1016; x_wconf 87' lang='lat' dir='ltr'><strong>omniaque</strong></span> <span class='ocrx_word' id='word_1_60' title='bbox 1065 946 1170 1001; x_wconf 89' lang='lat' dir='ltr'><strong>alia</strong></span> <span class='ocrx_word' id='word_1_61' title='bbox 1209 961 1329 1016; x_wconf 84' lang='lat' dir='ltr'><strong>quae</strong></span> <span class='ocrx_word' id='word_1_62' title='bbox 1371 961 1401 1000; x_wconf 90' lang='lat' dir='ltr'><strong>a</strong></span> <span class='ocrx_word' id='word_1_63' title='bbox 1442 945 1604 1000; x_wconf 87' lang='lat' dir='ltr'><strong>nobis</strong></span> <span class='ocrx_word' id='word_1_64' title='bbox 1632 946 1794 999; x_wconf 91' lang='lat' dir='ltr'><strong>modo</strong></span> <span class='ocrx_word' id='word_1_65' title='bbox 1835 952 1962 999; x_wconf 89' lang='lat' dir='ltr'><strong>sunt</strong></span> 
     </span>
    </p>
   </div>
   <div class='ocr_carea' id='block_1_10' title="bbox 370 1033 1963 1107">
    <p class='ocr_par' dir='ltr' id='par_1_10' title="bbox 370 1033 1963 1107">
     <span class='ocr_line' id='line_1_10' title="bbox 370 1033 1963 1107; baseline -0.001 -17"><span class='ocrx_word' id='word_1_66' title='bbox 370 1039 521 1091; x_wconf 78' lang='lat' dir='ltr'><strong>dicta</strong></span> <span class='ocrx_word' id='word_1_67' title='bbox 554 1051 584 1092; x_wconf 90' lang='lat' dir='ltr'><strong>e</strong></span> <span class='ocrx_word' id='word_1_68' title='bbox 618 1037 835 1092; x_wconf 90' lang='lat' dir='ltr'><strong>diverso</strong></span> <span class='ocrx_word' id='word_1_69' title='bbox 889 1037 1047 1091; x_wconf 90' lang='lat' dir='ltr'><strong>lanea</strong></span> <span class='ocrx_word' id='word_1_70' title='bbox 1089 1036 1413 1092; x_wconf 89' lang='lat' dir='ltr'><strong>vestimenta</strong></span> <span class='ocrx_word' id='word_1_71' title='bbox 1461 1051 1525 1091; x_wconf 89' lang='lat' dir='ltr'><strong>ac</strong></span> <span class='ocrx_word' id='word_1_72' title='bbox 1568 1037 1712 1091; x_wconf 88' lang='lat' dir='ltr'><strong>linea</strong></span> <span class='ocrx_word' id='word_1_73' title='bbox 1755 1033 1963 1107; x_wconf 86' lang='lat' dir='ltr'><strong>signiﬁ-</strong></span> 
     </span>
    </p>
   </div>
   <div class='ocr_carea' id='block_1_11' title="bbox 373 1126 1963 1199">
    <p class='ocr_par' dir='ltr' id='par_1_11' title="bbox 373 1126 1963 1199">
     <span class='ocr_line' id='line_1_11' title="bbox 373 1126 1963 1199; baseline -0.003 -16"><span class='ocrx_word' id='word_1_74' title='bbox 373 1143 502 1183; x_wconf 83' lang='lat' dir='ltr'><strong>care</strong></span> <span class='ocrx_word' id='word_1_75' title='bbox 522 1128 895 1199; x_wconf 64' lang='lat' dir='ltr'><strong>praediximus.</strong></span> <span class='ocrx_word' id='word_1_76' title='bbox 920 1129 1029 1183; x_wconf 89' lang='lat' dir='ltr'><strong>Sed</strong></span> <span class='ocrx_word' id='word_1_77' title='bbox 1054 1128 1178 1198; x_wconf 89' lang='lat' dir='ltr'><strong>quia</strong></span> <span class='ocrx_word' id='word_1_78' title='bbox 1203 1128 1453 1183; x_wconf 91' lang='lat' dir='ltr'><strong>staminis</strong></span> <span class='ocrx_word' id='word_1_79' title='bbox 1477 1138 1639 1197; x_wconf 88' lang='lat' dir='ltr'><strong>atque</strong></span> <span class='ocrx_word' id='word_1_80' title='bbox 1664 1126 1963 1196; x_wconf 88' lang='lat' dir='ltr'><strong>subtegmi-</strong></span> 
     </span>
    </p>
   </div>
   <div class='ocr_carea' id='block_1_12' title="bbox 378 1219 1964 1290">
    <p class='ocr_par' dir='ltr' id='par_1_12' title="bbox 378 1219 1964 1290">
     <span class='ocr_line' id='line_1_12' title="bbox 378 1219 1964 1290; baseline -0.002 -17"><span class='ocrx_word' id='word_1_81' title='bbox 378 1220 466 1274; x_wconf 85' lang='lat' dir='ltr'><strong>nis</strong></span> <span class='ocrx_word' id='word_1_82' title='bbox 498 1234 563 1273; x_wconf 85' lang='lat' dir='ltr'><strong>ex</strong></span> <span class='ocrx_word' id='word_1_83' title='bbox 608 1220 807 1289; x_wconf 85' lang='lat' dir='ltr'><strong>quibus</strong></span> <span class='ocrx_word' id='word_1_84' title='bbox 849 1227 1216 1274; x_wconf 75' lang='lat' dir='ltr'><strong>contexuntur</strong></span> <span class='ocrx_word' id='word_1_85' title='bbox 1249 1228 1448 1285; x_wconf 85' lang='lat' dir='ltr'><strong>vestes,</strong></span> <span class='ocrx_word' id='word_1_86' title='bbox 1487 1219 1766 1290; x_wconf 89' lang='lat' dir='ltr'><strong>legislator</strong></span> <span class='ocrx_word' id='word_1_87' title='bbox 1809 1233 1964 1271; x_wconf 87' lang='lat' dir='ltr'><strong>men-</strong></span> 
     </span>
    </p>
   </div>
   <div class='ocr_carea' id='block_1_13' title="bbox 381 1310 1960 1383">
    <p class='ocr_par' dir='ltr' id='par_1_13' title="bbox 381 1310 1960 1383">
     <span class='ocr_line' id='line_1_13' title="bbox 381 1310 1960 1383; baseline -0.003 -18"><span class='ocrx_word' id='word_1_88' title='bbox 381 1314 584 1366; x_wconf 82' lang='lat' dir='ltr'><strong>tionem</strong></span> <span class='ocrx_word' id='word_1_89' title='bbox 631 1311 783 1377; x_wconf 81' lang='lat' dir='ltr'><strong>fecit,</strong></span> <span class='ocrx_word' id='word_1_90' title='bbox 820 1312 993 1383; x_wconf 88' lang='lat' dir='ltr'><strong>ipsam</strong></span> <span class='ocrx_word' id='word_1_91' title='bbox 1032 1328 1178 1367; x_wconf 89' lang='lat' dir='ltr'><strong>nunc</strong></span> <span class='ocrx_word' id='word_1_92' title='bbox 1214 1312 1574 1368; x_wconf 84' lang='lat' dir='ltr'><strong>subtilitatem</strong></span> <span class='ocrx_word' id='word_1_93' title='bbox 1604 1310 1960 1381; x_wconf 82' lang='lat' dir='ltr'><strong>explicemus.</strong></span> 
     </span>
    </p>
   </div>
   <div class='ocr_carea' id='block_1_14' title="bbox 376 1401 1965 1481">
    <p class='ocr_par' dir='ltr' id='par_1_14' title="bbox 376 1401 1965 1481">
     <span class='ocr_line' id='line_1_14' title="bbox 376 1401 1965 1481; baseline -0.003 -21"><span class='ocrx_word' id='word_1_94' title='bbox 376 1406 498 1481; x_wconf 74' lang='lat' dir='ltr'><strong>Non</strong></span> <span class='ocrx_word' id='word_1_95' title='bbox 544 1406 693 1461; x_wconf 90' lang='lat' dir='ltr'><strong>enim</strong></span> <span class='ocrx_word' id='word_1_96' title='bbox 741 1406 1084 1462; x_wconf 84' lang='lat' dir='ltr'><strong>solummodo</strong></span> <span class='ocrx_word' id='word_1_97' title='bbox 1130 1406 1380 1471; x_wconf 82' lang='lat' dir='ltr'><strong>virtutes,</strong></span> <span class='ocrx_word' id='word_1_98' title='bbox 1415 1405 1509 1460; x_wconf 87' lang='lat' dir='ltr'><strong>sed</strong></span> <span class='ocrx_word' id='word_1_99' title='bbox 1559 1418 1622 1458; x_wconf 91' lang='lat' dir='ltr'><strong>ea</strong></span> <span class='ocrx_word' id='word_1_100' title='bbox 1661 1419 1724 1458; x_wconf 81' lang='lat' dir='ltr'><strong>ex</strong></span> <span class='ocrx_word' id='word_1_101' title='bbox 1763 1401 1965 1472; x_wconf 86' lang='lat' dir='ltr'><strong>quibus</strong></span> 
     </span>
    </p>
   </div>
   <div class='ocr_carea' id='block_1_15' title="bbox 378 1491 1965 1569">
    <p class='ocr_par' dir='ltr' id='par_1_15' title="bbox 378 1491 1965 1569">
     <span class='ocr_line' id='line_1_15' title="bbox 378 1491 1965 1569; baseline -0.003 -18"><span class='ocrx_word' id='word_1_102' title='bbox 378 1507 669 1564; x_wconf 88' lang='lat' dir='ltr'><strong>constant,</strong></span> <span class='ocrx_word' id='word_1_103' title='bbox 732 1497 1063 1569; x_wconf 84' lang='lat' dir='ltr'><strong>perscrutari</strong></span> <span class='ocrx_word' id='word_1_104' title='bbox 1124 1498 1420 1555; x_wconf 82' lang='lat' dir='ltr'><strong>desiderat.</strong></span> <span class='ocrx_word' id='word_1_105' title='bbox 1485 1496 1603 1551; x_wconf 90' lang='lat' dir='ltr'><strong>Duo</strong></span> <span class='ocrx_word' id='word_1_106' title='bbox 1660 1509 1790 1565; x_wconf 88' lang='lat' dir='ltr'><strong>ergo</strong></span> <span class='ocrx_word' id='word_1_107' title='bbox 1846 1491 1965 1547; x_wconf 69' lang='lat' dir='ltr'><strong>haec</strong></span> 
     </span>
    </p>
   </div>
   <div class='ocr_carea' id='block_1_16' title="bbox 377 1590 1962 1665">
    <p class='ocr_par' dir='ltr' id='par_1_16' title="bbox 377 1590 1962 1665">
     <span class='ocr_line' id='line_1_16' title="bbox 377 1590 1962 1665; baseline -0.003 -20"><span class='ocrx_word' id='word_1_108' title='bbox 377 1610 567 1648; x_wconf 74' lang='lat' dir='ltr'><strong>veram</strong></span> <span class='ocrx_word' id='word_1_109' title='bbox 601 1594 762 1649; x_wconf 90' lang='lat' dir='ltr'><strong>nobis</strong></span> <span class='ocrx_word' id='word_1_110' title='bbox 793 1601 1092 1665; x_wconf 87' lang='lat' dir='ltr'><strong>procurant</strong></span> <span class='ocrx_word' id='word_1_111' title='bbox 1136 1592 1395 1648; x_wconf 85' lang='lat' dir='ltr'><strong>virtutem</strong></span> <span class='ocrx_word' id='word_1_112' title='bbox 1430 1611 1446 1647; x_wconf 86' lang='lat'><strong>:</strong></span> <span class='ocrx_word' id='word_1_113' title='bbox 1484 1590 1720 1646; x_wconf 88' lang='lat' dir='ltr'><strong>intentio</strong></span> <span class='ocrx_word' id='word_1_114' title='bbox 1753 1596 1962 1653; x_wconf 88' lang='lat' dir='ltr'><strong>nostra,</strong></span> 
     </span>
    </p>
   </div>
   <div class='ocr_carea' id='block_1_17' title="bbox 375 1679 1962 1756">
    <p class='ocr_par' dir='ltr' id='par_1_17' title="bbox 375 1679 1962 1756">
     <span class='ocr_line' id='line_1_17' title="bbox 375 1679 1962 1756; baseline -0.004 -17"><span class='ocrx_word' id='word_1_115' title='bbox 375 1697 434 1741; x_wconf 81' lang='lat' dir='ltr'><strong>ct</strong></span> <span class='ocrx_word' id='word_1_116' title='bbox 462 1686 679 1741; x_wconf 90' lang='lat' dir='ltr'><strong>divinus</strong></span> <span class='ocrx_word' id='word_1_117' title='bbox 711 1695 879 1741; x_wconf 89' lang='lat' dir='ltr'><strong>nutus</strong></span> <span class='ocrx_word' id='word_1_118' title='bbox 908 1686 1023 1740; x_wconf 88' lang='lat' dir='ltr'><strong>sive</strong></span> <span class='ocrx_word' id='word_1_119' title='bbox 1052 1689 1262 1756; x_wconf 80' lang='lat' dir='ltr'><strong>gratia;</strong></span> <span class='ocrx_word' id='word_1_120' title='bbox 1296 1691 1351 1739; x_wconf 89' lang='lat' dir='ltr'><strong>et</strong></span> <span class='ocrx_word' id='word_1_121' title='bbox 1391 1683 1713 1754; x_wconf 86' lang='lat' dir='ltr'><strong>subtegmcn</strong></span> <span class='ocrx_word' id='word_1_122' title='bbox 1742 1679 1962 1749; x_wconf 87' lang='lat' dir='ltr'><strong>quidem</strong></span> 
     </span>
    </p>
   </div>
   <div class='ocr_carea' id='block_1_18' title="bbox 377 1766 1961 1834">
    <p class='ocr_par' dir='ltr' id='par_1_18' title="bbox 377 1766 1961 1834">
     <span class='ocr_line' id='line_1_18' title="bbox 377 1766 1961 1834; baseline -0.005 -5"><span class='ocrx_word' id='word_1_123' title='bbox 377 1776 562 1830; x_wconf 87' lang='lat' dir='ltr'><strong>innuit</strong></span> <span class='ocrx_word' id='word_1_124' title='bbox 607 1783 851 1834; x_wconf 87' lang='lat' dir='ltr'><strong>nostram</strong></span> <span class='ocrx_word' id='word_1_125' title='bbox 904 1774 1267 1829; x_wconf 89' lang='lat' dir='ltr'><strong>intentionem</strong></span> <span class='ocrx_word' id='word_1_126' title='bbox 1312 1791 1325 1828; x_wconf 89' lang='lat'><strong>:</strong></span> <span class='ocrx_word' id='word_1_127' title='bbox 1372 1782 1583 1828; x_wconf 88' lang='lat' dir='ltr'><strong>stamen</strong></span> <span class='ocrx_word' id='word_1_128' title='bbox 1636 1778 1818 1826; x_wconf 89' lang='lat' dir='ltr'><strong>autem</strong></span> <span class='ocrx_word' id='word_1_129' title='bbox 1864 1766 1961 1823; x_wconf 89' lang='lat' dir='ltr'><strong>Dei</strong></span> 
     </span>
    </p>
   </div>
   <div class='ocr_carea' id='block_1_19' title="bbox 2060 578 3640 651">
    <p class='ocr_par' dir='ltr' id='par_1_19' title="bbox 2060 578 3640 651">
     <span class='ocr_line' id='line_1_19' title="bbox 2060 578 3640 651; baseline -0.003 -16"><span class='ocrx_word' id='word_1_130' title='bbox 2060 580 2404 651; x_wconf 80' lang='lat' dir='ltr'><strong>intelligitur,</strong></span> <span class='ocrx_word' id='word_1_131' title='bbox 2448 581 2572 651; x_wconf 89' lang='lat' dir='ltr'><strong>quia</strong></span> <span class='ocrx_word' id='word_1_132' title='bbox 2616 581 2683 636; x_wconf 91' lang='lat' dir='ltr'><strong>ad</strong></span> <span class='ocrx_word' id='word_1_133' title='bbox 2734 581 3004 637; x_wconf 89' lang='lat' dir='ltr'><strong>modicum</strong></span> <span class='ocrx_word' id='word_1_134' title='bbox 3055 579 3232 643; x_wconf 86' lang='lat' dir='ltr'><strong>ﬂoret,</strong></span> <span class='ocrx_word' id='word_1_135' title='bbox 3267 578 3416 633; x_wconf 92' lang='lat' dir='ltr'><strong>velut</strong></span> <span class='ocrx_word' id='word_1_136' title='bbox 3456 578 3640 632; x_wconf 88' lang='lat' dir='ltr'><strong>viren-</strong></span> 
     </span>
    </p>
   </div>
   <div class='ocr_carea' id='block_1_20' title="bbox 2059 668 3643 740">
    <p class='ocr_par' dir='ltr' id='par_1_20' title="bbox 2059 668 3643 740">
     <span class='ocr_line' id='line_1_20' title="bbox 2059 668 3643 740; baseline -0.003 -13"><span class='ocrx_word' id='word_1_137' title='bbox 2059 673 2153 736; x_wconf 85' lang='lat' dir='ltr'><strong>tia,</strong></span> <span class='ocrx_word' id='word_1_138' title='bbox 2194 671 2266 725; x_wconf 88' lang='lat' dir='ltr'><strong>ita</strong></span> <span class='ocrx_word' id='word_1_139' title='bbox 2302 680 2360 726; x_wconf 89' lang='lat' dir='ltr'><strong>ut</strong></span> <span class='ocrx_word' id='word_1_140' title='bbox 2400 671 2606 726; x_wconf 85' lang='lat' dir='ltr'><strong>diceret</strong></span> <span class='ocrx_word' id='word_1_141' title='bbox 2652 671 2819 726; x_wconf 89' lang='lat' dir='ltr'><strong>David</strong></span> <span class='ocrx_word' id='word_1_142' title='bbox 2855 689 2868 726; x_wconf 90' lang='lat'><strong>:</strong></span> <span class='ocrx_word' id='word_1_143' title='bbox 2906 672 3022 726; x_wconf 82' lang='lat' dir='ltr'><strong>Vidi</strong></span> <span class='ocrx_word' id='word_1_144' title='bbox 3060 672 3279 740; x_wconf 88' lang='lat' dir='ltr'><strong>impium</strong></span> <span class='ocrx_word' id='word_1_145' title='bbox 3309 668 3643 739; x_wconf 83' lang='lat' dir='ltr'><strong>supereleva-</strong></span> 
     </span>
    </p>
   </div>
   <div class='ocr_carea' id='block_1_21' title="bbox 2060 760 3640 830">
    <p class='ocr_par' dir='ltr' id='par_1_21' title="bbox 2060 760 3640 830">
     <span class='ocr_line' id='line_1_21' title="bbox 2060 760 3640 830; baseline -0.001 -16"><span class='ocrx_word' id='word_1_146' title='bbox 2060 772 2171 814; x_wconf 88' lang='lat' dir='ltr'><strong>tum</strong></span> <span class='ocrx_word' id='word_1_147' title='bbox 2217 770 2266 815; x_wconf 89' lang='lat' dir='ltr'><strong>et</strong></span> <span class='ocrx_word' id='word_1_148' title='bbox 2311 761 2605 815; x_wconf 70' lang='lat' dir='ltr'><strong>exaltatum</strong></span> <span class='ocrx_word' id='word_1_149' title='bbox 2643 777 2803 830; x_wconf 91' lang='lat' dir='ltr'><strong>super</strong></span> <span class='ocrx_word' id='word_1_150' title='bbox 2837 762 3014 816; x_wconf 81' lang='lat' dir='ltr'><strong>redros</strong></span> <span class='ocrx_word' id='word_1_151' title='bbox 3052 762 3261 825; x_wconf 86' lang='lat' dir='ltr'><strong>Libani,</strong></span> <span class='ocrx_word' id='word_1_152' title='bbox 3304 768 3353 814; x_wconf 90' lang='lat' dir='ltr'><strong>et</strong></span> <span class='ocrx_word' id='word_1_153' title='bbox 3396 760 3640 823; x_wconf 78' lang='lat' dir='ltr'><strong>transivi,</strong></span> 
     </span>
    </p>
   </div>
   <div class='ocr_carea' id='block_1_22' title="bbox 2059 846 3642 923">
    <p class='ocr_par' dir='ltr' id='par_1_22' title="bbox 2059 846 3642 923">
     <span class='ocr_line' id='line_1_22' title="bbox 2059 846 3642 923; baseline 0.001 -21"><span class='ocrx_word' id='word_1_154' title='bbox 2059 858 2108 902; x_wconf 89' lang='lat' dir='ltr'><strong>et</strong></span> <span class='ocrx_word' id='word_1_155' title='bbox 2145 865 2261 903; x_wconf 87' lang='lat' dir='ltr'><strong>ecce</strong></span> <span class='ocrx_word' id='word_1_156' title='bbox 2298 865 2399 902; x_wconf 89' lang='lat' dir='ltr'><strong>non</strong></span> <span class='ocrx_word' id='word_1_157' title='bbox 2438 860 2552 903; x_wconf 89' lang='lat' dir='ltr'><strong>erat</strong></span> <span class='ocrx_word' id='word_1_158' title='bbox 2582 850 2646 904; x_wconf 87' lang='grc'><strong>³¹.</strong></span> <span class='ocrx_word' id='word_1_159' title='bbox 2685 850 2751 904; x_wconf 90' lang='grc' dir='ltr'><strong>Ει</strong></span> <span class='ocrx_word' id='word_1_160' title='bbox 2786 867 2976 907; x_wconf 88' lang='lat' dir='ltr'><strong>rursus</strong></span> <span class='ocrx_word' id='word_1_161' title='bbox 3006 851 3073 905; x_wconf 91' lang='lat' dir='ltr'><strong>de</strong></span> <span class='ocrx_word' id='word_1_162' title='bbox 3099 852 3304 907; x_wconf 84' lang='lat' dir='ltr'><strong>eisdem</strong></span> <span class='ocrx_word' id='word_1_163' title='bbox 3338 870 3351 905; x_wconf 91' lang='lat'>:</span> <span class='ocrx_word' id='word_1_164' title='bbox 3384 849 3530 906; x_wconf 87' lang='lat' dir='ltr'><strong>Sicut</strong></span> <span class='ocrx_word' id='word_1_165' title='bbox 3561 846 3642 923; x_wconf 63' lang='lat' dir='ltr'><strong>fe1</strong></span> 
     </span>
    </p>
   </div>
   <div class='ocr_carea' id='block_1_23' title="bbox 2061 942 3641 1006">
    <p class='ocr_par' dir='ltr' id='par_1_23' title="bbox 2061 942 3641 1006">
     <span class='ocr_line' id='line_1_23' title="bbox 2061 942 3641 1006; baseline 0.002 -12"><span class='ocrx_word' id='word_1_166' title='bbox 2061 957 2206 1006; x_wconf 88' lang='lat' dir='ltr'><strong>num,</strong></span> <span class='ocrx_word' id='word_1_167' title='bbox 2243 943 2318 994; x_wconf 91' lang='lat' dir='ltr'><strong>ita</strong></span> <span class='ocrx_word' id='word_1_168' title='bbox 2345 942 2603 1003; x_wconf 79' lang='lat' dir='ltr'><strong>decident.</strong></span> <span class='ocrx_word' id='word_1_169' title='bbox 2641 951 2691 996; x_wconf 87' lang='lat' dir='ltr'><strong>et</strong></span> <span class='ocrx_word' id='word_1_170' title='bbox 2733 943 2868 996; x_wconf 82' lang='lat' dir='ltr'><strong>sicut</strong></span> <span class='ocrx_word' id='word_1_171' title='bbox 2911 944 3053 997; x_wconf 93' lang='lat' dir='ltr'><strong>olera</strong></span> <span class='ocrx_word' id='word_1_172' title='bbox 3093 945 3371 999; x_wconf 82' lang='lat' dir='ltr'><strong>herbarum</strong></span> <span class='ocrx_word' id='word_1_173' title='bbox 3407 945 3508 998; x_wconf 82' lang='lat' dir='ltr'><strong>cito</strong></span> <span class='ocrx_word' id='word_1_174' title='bbox 3548 961 3641 997; x_wconf 92' lang='lat' dir='ltr'><strong>ca-</strong></span> 
     </span>
    </p>
   </div>
   <div class='ocr_carea' id='block_1_24' title="bbox 2059 1033 3644 1107">
    <p class='ocr_par' dir='ltr' id='par_1_24' title="bbox 2059 1033 3644 1107">
     <span class='ocr_line' id='line_1_24' title="bbox 2059 1033 3644 1107; baseline 0.003 -19"><span class='ocrx_word' id='word_1_175' title='bbox 2059 1035 2179 1088; x_wconf 88' lang='lat' dir='ltr'><strong>dent</strong></span> <span class='ocrx_word' id='word_1_176' title='bbox 2207 1035 2271 1088; x_wconf 84' lang='grc'><strong>³³.</strong></span> <span class='ocrx_word' id='word_1_177' title='bbox 2308 1033 2416 1089; x_wconf 90' lang='lat' dir='ltr'><strong>Sed</strong></span> <span class='ocrx_word' id='word_1_178' title='bbox 2452 1043 2506 1089; x_wconf 92' lang='lat' dir='ltr'><strong>et</strong></span> <span class='ocrx_word' id='word_1_179' title='bbox 2539 1034 2897 1090; x_wconf 77' lang='lat' dir='ltr'><strong>Moabitarum</strong></span> <span class='ocrx_word' id='word_1_180' title='bbox 2930 1037 3184 1107; x_wconf 91' lang='lat' dir='ltr'><strong>populus,</strong></span> <span class='ocrx_word' id='word_1_181' title='bbox 3223 1037 3314 1107; x_wconf 93' lang='lat' dir='ltr'><strong>qui</strong></span> <span class='ocrx_word' id='word_1_182' title='bbox 3347 1047 3510 1093; x_wconf 70' lang='lat' dir='ltr'><strong>tantm</strong></span> <span class='ocrx_word' id='word_1_183' title='bbox 3550 1053 3644 1093; x_wconf 80' lang='lat' dir='ltr'><strong>su-</strong></span> 
     </span>
    </p>
   </div>
   <div class='ocr_carea' id='block_1_25' title="bbox 2060 1125 3640 1198">
    <p class='ocr_par' dir='ltr' id='par_1_25' title="bbox 2060 1125 3640 1198">
     <span class='ocr_line' id='line_1_25' title="bbox 2060 1125 3640 1198; baseline 0.003 -20"><span class='ocrx_word' id='word_1_184' title='bbox 2060 1125 2264 1195; x_wconf 65' lang='lat' dir='ltr'><strong>perbiae</strong></span> <span class='ocrx_word' id='word_1_185' title='bbox 2294 1125 2631 1196; x_wconf 72' lang='lat' dir='ltr'><strong>subiacebat,</strong></span> <span class='ocrx_word' id='word_1_186' title='bbox 2664 1134 2724 1179; x_wconf 91' lang='lat' dir='ltr'><strong>ut</strong></span> <span class='ocrx_word' id='word_1_187' title='bbox 2751 1125 2871 1181; x_wconf 88' lang='lat' dir='ltr'><strong>aliis</strong></span> <span class='ocrx_word' id='word_1_188' title='bbox 2900 1126 3155 1182; x_wconf 87' lang='lat' dir='ltr'><strong>omnibus</strong></span> <span class='ocrx_word' id='word_1_189' title='bbox 3182 1128 3435 1198; x_wconf 81' lang='lat' dir='ltr'><strong>gentibus</strong></span> <span class='ocrx_word' id='word_1_190' title='bbox 3473 1128 3640 1183; x_wconf 87' lang='lat' dir='ltr'><strong>Israel</strong></span> 
     </span>
    </p>
   </div>
   <div class='ocr_carea' id='block_1_26' title="bbox 2061 1217 3638 1288">
    <p class='ocr_par' dir='ltr' id='par_1_26' title="bbox 2061 1217 3638 1288">
     <span class='ocr_line' id='line_1_26' title="bbox 2061 1217 3638 1288; baseline 0.004 -18"><span class='ocrx_word' id='word_1_191' title='bbox 2061 1217 2403 1283; x_wconf 86' lang='lat' dir='ltr'><strong>timentibus,</strong></span> <span class='ocrx_word' id='word_1_192' title='bbox 2446 1218 2561 1288; x_wconf 85' lang='lat' dir='ltr'><strong>ipse</strong></span> <span class='ocrx_word' id='word_1_193' title='bbox 2602 1218 2918 1273; x_wconf 87' lang='lat' dir='ltr'><strong>transeundi</strong></span> <span class='ocrx_word' id='word_1_194' title='bbox 2955 1219 3161 1273; x_wconf 90' lang='lat' dir='ltr'><strong>aditum</strong></span> <span class='ocrx_word' id='word_1_195' title='bbox 3194 1219 3508 1275; x_wconf 78' lang='lat' dir='ltr'><strong>nullatenus</strong></span> <span class='ocrx_word' id='word_1_196' title='bbox 3541 1222 3638 1275; x_wconf 90' lang='lat' dir='ltr'><strong>da-</strong></span> 
     </span>
    </p>
   </div>
   <div class='ocr_carea' id='block_1_27' title="bbox 2061 1308 3640 1377">
    <p class='ocr_par' dir='ltr' id='par_1_27' title="bbox 2061 1308 3640 1377">
     <span class='ocr_line' id='line_1_27' title="bbox 2061 1308 3640 1377; baseline 0.003 -16"><span class='ocrx_word' id='word_1_197' title='bbox 2061 1315 2164 1373; x_wconf 88' lang='lat' dir='ltr'><strong>ret,</strong></span> <span class='ocrx_word' id='word_1_198' title='bbox 2200 1308 2294 1363; x_wconf 90' lang='lat' dir='ltr'><strong>sed</strong></span> <span class='ocrx_word' id='word_1_199' title='bbox 2342 1310 2509 1364; x_wconf 90' lang='lat' dir='ltr'><strong>armis</strong></span> <span class='ocrx_word' id='word_1_200' title='bbox 2554 1318 2828 1377; x_wconf 77' lang='lat' dir='ltr'><strong>uteretur,</strong></span> <span class='ocrx_word' id='word_1_201' title='bbox 2857 1319 2912 1364; x_wconf 91' lang='lat' dir='ltr'><strong>et</strong></span> <span class='ocrx_word' id='word_1_202' title='bbox 2947 1310 3163 1365; x_wconf 87' lang='lat' dir='ltr'><strong>Balaam</strong></span> <span class='ocrx_word' id='word_1_203' title='bbox 3199 1310 3265 1365; x_wconf 86' lang='lat' dir='ltr'><strong>ad</strong></span> <span class='ocrx_word' id='word_1_204' title='bbox 3304 1311 3640 1367; x_wconf 87' lang='lat' dir='ltr'><strong>maledicen-</strong></span> 
     </span>
    </p>
   </div>
   <div class='ocr_carea' id='block_1_28' title="bbox 2060 1396 3640 1492">
    <p class='ocr_par' dir='ltr' id='par_1_28' title="bbox 2060 1396 3640 1492">
     <span class='ocr_line' id='line_1_28' title="bbox 2060 1396 3640 1492; baseline 0.004 -40"><span class='ocrx_word' id='word_1_205' title='bbox 2060 1396 2189 1452; x_wconf 88' lang='lat' dir='ltr'><strong>dum</strong></span> <span class='ocrx_word' id='word_1_206' title='bbox 2221 1400 2474 1455; x_wconf 86' lang='lat' dir='ltr'><strong>mercede</strong></span> <span class='ocrx_word' id='word_1_207' title='bbox 2499 1401 2866 1492; x_wconf 41' lang='lat' dir='ltr'><strong>conduceret,</strong></span> <span class='ocrx_word' id='word_1_208' title='bbox 2894 1401 3081 1457; x_wconf 89' lang='lat' dir='ltr'><strong>viridis</strong></span> <span class='ocrx_word' id='word_1_209' title='bbox 3111 1418 3238 1474; x_wconf 78' lang='lat' dir='ltr'><strong>ager</strong></span> <span class='ocrx_word' id='word_1_210' title='bbox 3270 1401 3389 1472; x_wconf 90' lang='lat' dir='ltr'><strong>ipse</strong></span> <span class='ocrx_word' id='word_1_211' title='bbox 3423 1418 3640 1474; x_wconf 88' lang='lat' dir='ltr'><strong>quoque</strong></span> 
     </span>
    </p>
   </div>
   <div class='ocr_carea' id='block_1_29' title="bbox 2060 1494 3640 1572">
    <p class='ocr_par' dir='ltr' id='par_1_29' title="bbox 2060 1494 3640 1572">
     <span class='ocr_line' id='line_1_29' title="bbox 2060 1494 3640 1572; baseline 0.004 -24"><span class='ocrx_word' id='word_1_212' title='bbox 2060 1509 2091 1548; x_wconf 91' lang='lat' dir='ltr'><strong>a</strong></span> <span class='ocrx_word' id='word_1_213' title='bbox 2121 1494 2360 1562; x_wconf 86' lang='lat' dir='ltr'><strong>Balaam,</strong></span> <span class='ocrx_word' id='word_1_214' title='bbox 2391 1513 2702 1567; x_wconf 85' lang='lat' dir='ltr'><strong>quanquam</strong></span> <span class='ocrx_word' id='word_1_215' title='bbox 2733 1498 3016 1569; x_wconf 82' lang='lat' dir='ltr'><strong>ignorante</strong></span> <span class='ocrx_word' id='word_1_216' title='bbox 3039 1500 3168 1570; x_wconf 89' lang='lat' dir='ltr'><strong>quid</strong></span> <span class='ocrx_word' id='word_1_217' title='bbox 3194 1500 3419 1565; x_wconf 86' lang='lat' dir='ltr'><strong>diceret,</strong></span> <span class='ocrx_word' id='word_1_218' title='bbox 3451 1502 3640 1572; x_wconf 87' lang='lat' dir='ltr'><strong>appel-</strong></span> 
     </span>
    </p>
   </div>
   <div class='ocr_carea' id='block_1_30' title="bbox 2056 1585 3640 1660">
    <p class='ocr_par' dir='ltr' id='par_1_30' title="bbox 2056 1585 3640 1660">
     <span class='ocr_line' id='line_1_30' title="bbox 2056 1585 3640 1660; baseline 0.005 -21"><span class='ocrx_word' id='word_1_219' title='bbox 2056 1585 2201 1640; x_wconf 86' lang='lat' dir='ltr'><strong>latus</strong></span> <span class='ocrx_word' id='word_1_220' title='bbox 2227 1596 2311 1642; x_wconf 90' lang='lat' dir='ltr'><strong>est</strong></span> <span class='ocrx_word' id='word_1_221' title='bbox 2337 1606 2354 1641; x_wconf 83' lang='lat'><strong>:</strong></span> <span class='ocrx_word' id='word_1_222' title='bbox 2390 1588 2523 1642; x_wconf 80' lang='lat' dir='ltr'><strong>dixit</strong></span> <span class='ocrx_word' id='word_1_223' title='bbox 2552 1588 2698 1643; x_wconf 89' lang='lat' dir='ltr'><strong>enim</strong></span> <span class='ocrx_word' id='word_1_224' title='bbox 2727 1589 2793 1643; x_wconf 92' lang='lat' dir='ltr'><strong>ad</strong></span> <span class='ocrx_word' id='word_1_225' title='bbox 2827 1590 3062 1660; x_wconf 78' lang='lat' dir='ltr'><strong>majores</strong></span> <span class='ocrx_word' id='word_1_226' title='bbox 3095 1600 3226 1645; x_wconf 89' lang='lat' dir='ltr'><strong>natu</strong></span> <span class='ocrx_word' id='word_1_227' title='bbox 3256 1590 3469 1646; x_wconf 84' lang='lat' dir='ltr'><strong>Madian</strong></span> <span class='ocrx_word' id='word_1_228' title='bbox 3505 1609 3517 1645; x_wconf 92' lang='lat'><strong>:</strong></span> <span class='ocrx_word' id='word_1_229' title='bbox 3554 1590 3640 1647; x_wconf 84' lang='lat' dir='ltr'><strong>Sic</strong></span> 
     </span>
    </p>
   </div>
   <div class='ocr_carea' id='block_1_31' title="bbox 2060 1676 3640 1750">
    <p class='ocr_par' dir='ltr' id='par_1_31' title="bbox 2060 1676 3640 1750">
     <span class='ocr_line' id='line_1_31' title="bbox 2060 1676 3640 1750; baseline 0.004 -20"><span class='ocrx_word' id='word_1_230' title='bbox 2060 1676 2247 1731; x_wconf 85' lang='lat' dir='ltr'><strong>delebit</strong></span> <span class='ocrx_word' id='word_1_231' title='bbox 2274 1679 2357 1731; x_wconf 85' lang='lat' dir='ltr'><strong>hic</strong></span> <span class='ocrx_word' id='word_1_232' title='bbox 2387 1679 2610 1749; x_wconf 85' lang='lat' dir='ltr'><strong>populus</strong></span> <span class='ocrx_word' id='word_1_233' title='bbox 2638 1696 2812 1733; x_wconf 85' lang='lat' dir='ltr'><strong>omnes</strong></span> <span class='ocrx_word' id='word_1_234' title='bbox 2844 1681 2935 1750; x_wconf 86' lang='lat' dir='ltr'><strong>qui</strong></span> <span class='ocrx_word' id='word_1_235' title='bbox 2980 1682 3034 1734; x_wconf 88' lang='lat' dir='ltr'><strong>in</strong></span> <span class='ocrx_word' id='word_1_236' title='bbox 3070 1683 3257 1735; x_wconf 85' lang='lat' dir='ltr'><strong>nostris</strong></span> <span class='ocrx_word' id='word_1_237' title='bbox 3284 1682 3475 1750; x_wconf 77' lang='lat' dir='ltr'><strong>ﬁnibus</strong></span> <span class='ocrx_word' id='word_1_238' title='bbox 3500 1700 3640 1736; x_wconf 89' lang='lat' dir='ltr'><strong>com-</strong></span> 
     </span>
    </p>
   </div>
   <div class='ocr_carea' id='block_1_32' title="bbox 2062 1767 3637 1839">
    <p class='ocr_par' dir='ltr' id='par_1_32' title="bbox 2062 1767 3637 1839">
     <span class='ocr_line' id='line_1_32' title="bbox 2062 1767 3637 1839; baseline 0.002 -20"><span class='ocrx_word' id='word_1_239' title='bbox 2062 1776 2358 1834; x_wconf 84' lang='lat' dir='ltr'><strong>morantur,</strong></span> <span class='ocrx_word' id='word_1_240' title='bbox 2397 1768 2656 1834; x_wconf 86' lang='lat' dir='ltr'><strong>quomodo</strong></span> <span class='ocrx_word' id='word_1_241' title='bbox 2695 1767 2824 1821; x_wconf 86' lang='lat' dir='ltr'><strong>solet</strong></span> <span class='ocrx_word' id='word_1_242' title='bbox 2860 1767 2947 1822; x_wconf 89' lang='lat' dir='ltr'><strong>bos</strong></span> <span class='ocrx_word' id='word_1_243' title='bbox 2980 1769 3163 1822; x_wconf 80' lang='lat' dir='ltr'><strong>herbas</strong></span> <span class='ocrx_word' id='word_1_244' title='bbox 3201 1786 3360 1839; x_wconf 86' lang='lat' dir='ltr'><strong>usque</strong></span> <span class='ocrx_word' id='word_1_245' title='bbox 3388 1770 3460 1822; x_wconf 92' lang='lat' dir='ltr'><strong>ad</strong></span> <span class='ocrx_word' id='word_1_246' title='bbox 3489 1770 3637 1822; x_wconf 84' lang='lat' dir='ltr'><strong>radi-</strong></span> 
     </span>
    </p>
   </div>
   <div class='ocr_carea' id='block_1_33' title="bbox 378 1840 3640 1933">
    <p class='ocr_par' dir='ltr' id='par_1_33' title="bbox 378 1840 3640 1933">
     <span class='ocr_line' id='line_1_33' title="bbox 378 1840 3640 1933; baseline -0.001 -16"><span class='ocrx_word' id='word_1_247' title='bbox 378 1872 574 1918; x_wconf 84' lang='lat' dir='ltr'><strong>nutum</strong></span> <span class='ocrx_word' id='word_1_248' title='bbox 605 1871 660 1917; x_wconf 86' lang='lat' dir='ltr'><strong>et</strong></span> <span class='ocrx_word' id='word_1_249' title='bbox 699 1871 865 1927; x_wconf 89' lang='lat' dir='ltr'><strong>recte,</strong></span> <span class='ocrx_word' id='word_1_250' title='bbox 893 1863 1019 1933; x_wconf 88' lang='lat' dir='ltr'><strong>quia</strong></span> <span class='ocrx_word' id='word_1_251' title='bbox 1063 1871 1276 1917; x_wconf 89' lang='lat' dir='ltr'><strong>stamen</strong></span> <span class='ocrx_word' id='word_1_252' title='bbox 1305 1868 1391 1915; x_wconf 90' lang='lat' dir='ltr'><strong>est</strong></span> <span class='ocrx_word' id='word_1_253' title='bbox 1427 1861 1484 1916; x_wconf 93' lang='lat' dir='ltr'><strong>in</strong></span> <span class='ocrx_word' id='word_1_254' title='bbox 1516 1860 1844 1915; x_wconf 87' lang='lat' dir='ltr'><strong>vestimento</strong></span> <span class='ocrx_word' id='word_1_255' title='bbox 1872 1856 1959 1911; x_wconf 89' lang='lat' dir='ltr'><strong>ﬁr-</strong></span> <span class='ocrx_word' id='word_1_256' title='bbox 1990 1840 2032 1894; x_wconf 76' lang='grc' dir='ltr'><strong>Β</strong></span> <span class='ocrx_word' id='word_1_257' title='bbox 2061 1872 2171 1909; x_wconf 78' lang='lat' dir='ltr'><strong>rem</strong></span> <span class='ocrx_word' id='word_1_258' title='bbox 2207 1874 2422 1927; x_wconf 87' lang='lat' dir='ltr'><strong>carpere</strong></span> <span class='ocrx_word' id='word_1_259' title='bbox 2448 1858 2513 1911; x_wconf 64' lang='lat'><strong>3‘.</strong></span> <span class='ocrx_word' id='word_1_260' title='bbox 2548 1857 2689 1929; x_wconf 86' lang='lat' dir='ltr'><strong>Ergo</strong></span> <span class='ocrx_word' id='word_1_261' title='bbox 2717 1868 2905 1929; x_wconf 89' lang='lat' dir='ltr'><strong>aperte</strong></span> <span class='ocrx_word' id='word_1_262' title='bbox 2940 1860 3225 1930; x_wconf 88' lang='lat' dir='ltr'><strong>probatum</strong></span> <span class='ocrx_word' id='word_1_263' title='bbox 3257 1868 3358 1925; x_wconf 86' lang='lat' dir='ltr'><strong>est,</strong></span> <span class='ocrx_word' id='word_1_264' title='bbox 3390 1862 3515 1930; x_wconf 86' lang='lat' dir='ltr'><strong>quia</strong></span> <span class='ocrx_word' id='word_1_265' title='bbox 3543 1876 3640 1914; x_wconf 83' lang='lat' dir='ltr'><strong>su-</strong></span> 
     </span>
    </p>
   </div>
   <div class='ocr_carea' id='block_1_34' title="bbox 376 1950 1961 2026">
    <p class='ocr_par' dir='ltr' id='par_1_34' title="bbox 376 1950 1961 2026">
     <span class='ocr_line' id='line_1_34' title="bbox 376 1950 1961 2026; baseline -0.003 -17"><span class='ocrx_word' id='word_1_266' title='bbox 376 1955 524 2010; x_wconf 89' lang='lat' dir='ltr'><strong>mius</strong></span> <span class='ocrx_word' id='word_1_267' title='bbox 556 1974 568 2011; x_wconf 92' lang='lat'>:</span> <span class='ocrx_word' id='word_1_268' title='bbox 597 1956 871 2026; x_wconf 90' lang='lat' dir='ltr'><strong>quomodo</strong></span> <span class='ocrx_word' id='word_1_269' title='bbox 910 1963 969 2009; x_wconf 91' lang='lat' dir='ltr'><strong>et</strong></span> <span class='ocrx_word' id='word_1_270' title='bbox 1013 1954 1107 2009; x_wconf 88' lang='lat' dir='ltr'><strong>Dei</strong></span> <span class='ocrx_word' id='word_1_271' title='bbox 1157 1961 1325 2010; x_wconf 87' lang='lat' dir='ltr'><strong>nutus</strong></span> <span class='ocrx_word' id='word_1_272' title='bbox 1358 1954 1471 2009; x_wconf 87' lang='lat' dir='ltr'><strong>sive</strong></span> <span class='ocrx_word' id='word_1_273' title='bbox 1513 1952 1684 2024; x_wconf 89' lang='lat' dir='ltr'><strong>gratia</strong></span> <span class='ocrx_word' id='word_1_274' title='bbox 1720 1950 1961 2006; x_wconf 89' lang='lat' dir='ltr'><strong>indisru-</strong></span> 
     </span>
    </p>
   </div>
   <div class='ocr_carea' id='block_1_35' title="bbox 376 2043 1957 2115">
    <p class='ocr_par' dir='ltr' id='par_1_35' title="bbox 376 2043 1957 2115">
     <span class='ocr_line' id='line_1_35' title="bbox 376 2043 1957 2115; baseline -0.004 -15"><span class='ocrx_word' id='word_1_275' title='bbox 376 2045 585 2115; x_wconf 87' lang='lat' dir='ltr'><strong>ptibilis</strong></span> <span class='ocrx_word' id='word_1_276' title='bbox 639 2045 697 2101; x_wconf 90' lang='lat' dir='ltr'><strong>in</strong></span> <span class='ocrx_word' id='word_1_277' title='bbox 753 2045 935 2109; x_wconf 87' lang='lat' dir='ltr'><strong>nobis,</strong></span> <span class='ocrx_word' id='word_1_278' title='bbox 988 2054 1155 2115; x_wconf 87' lang='lat' dir='ltr'><strong>atque</strong></span> <span class='ocrx_word' id='word_1_279' title='bbox 1215 2043 1678 2100; x_wconf 88' lang='lat' dir='ltr'><strong>incommutabilis</strong></span> <span class='ocrx_word' id='word_1_280' title='bbox 1732 2049 1957 2112; x_wconf 85' lang='lat' dir='ltr'><strong>perstat,</strong></span> 
     </span>
    </p>
   </div>
   <div class='ocr_carea' id='block_1_36' title="bbox 373 2131 1962 2206">
    <p class='ocr_par' dir='ltr' id='par_1_36' title="bbox 373 2131 1962 2206">
     <span class='ocr_line' id='line_1_36' title="bbox 373 2131 1962 2206; baseline -0.004 -15"><span class='ocrx_word' id='word_1_281' title='bbox 373 2137 660 2191; x_wconf 77' lang='lat' dir='ltr'><strong>sustinens</strong></span> <span class='ocrx_word' id='word_1_282' title='bbox 707 2136 1035 2206; x_wconf 84' lang='lat' dir='ltr'><strong>subtegmen</strong></span> <span class='ocrx_word' id='word_1_283' title='bbox 1083 2145 1287 2190; x_wconf 77' lang='lat' dir='ltr'><strong>nostrae</strong></span> <span class='ocrx_word' id='word_1_284' title='bbox 1336 2133 1659 2189; x_wconf 89' lang='lat' dir='ltr'><strong>intentionis</strong></span> <span class='ocrx_word' id='word_1_285' title='bbox 1702 2142 1763 2187; x_wconf 92' lang='lat' dir='ltr'><strong>ut</strong></span> <span class='ocrx_word' id='word_1_286' title='bbox 1798 2131 1962 2203; x_wconf 91' lang='lat' dir='ltr'><strong>perﬁ-</strong></span> 
     </span>
    </p>
   </div>
   <div class='ocr_carea' id='block_1_37' title="bbox 374 2221 1959 2301">
    <p class='ocr_par' dir='ltr' id='par_1_37' title="bbox 374 2221 1959 2301">
     <span class='ocr_line' id='line_1_37' title="bbox 374 2221 1959 2301; baseline -0.003 -22"><span class='ocrx_word' id='word_1_287' title='bbox 374 2227 554 2280; x_wconf 74' lang='lat' dir='ltr'><strong>ciatur</strong></span> <span class='ocrx_word' id='word_1_288' title='bbox 594 2226 753 2282; x_wconf 66' lang='lat' dir='ltr'><strong>bonae</strong></span> <span class='ocrx_word' id='word_1_289' title='bbox 797 2226 1032 2301; x_wconf 84' lang='lat' dir='ltr'><strong>actionis</strong></span> <span class='ocrx_word' id='word_1_290' title='bbox 1074 2226 1485 2281; x_wconf 77' lang='lat' dir='ltr'><strong>vestimentum.</strong></span> <span class='ocrx_word' id='word_1_291' title='bbox 1518 2223 1694 2280; x_wconf 89' lang='lat' dir='ltr'><strong>Pelles</strong></span> <span class='ocrx_word' id='word_1_292' title='bbox 1728 2239 1792 2278; x_wconf 78' lang='lat' dir='ltr'><strong>ex</strong></span> <span class='ocrx_word' id='word_1_293' title='bbox 1832 2221 1959 2292; x_wconf 79' lang='lat' dir='ltr'><strong>qui-</strong></span> 
     </span>
    </p>
   </div>
   <div class='ocr_carea' id='block_1_38' title="bbox 373 2311 1960 2386">
    <p class='ocr_par' dir='ltr' id='par_1_38' title="bbox 373 2311 1960 2386">
     <span class='ocr_line' id='line_1_38' title="bbox 373 2311 1960 2386; baseline -0.003 -17"><span class='ocrx_word' id='word_1_294' title='bbox 373 2315 481 2369; x_wconf 86' lang='lat' dir='ltr'><strong>bus</strong></span> <span class='ocrx_word' id='word_1_295' title='bbox 531 2314 725 2370; x_wconf 92' lang='lat' dir='ltr'><strong>conﬁci</strong></span> <span class='ocrx_word' id='word_1_296' title='bbox 772 2315 902 2386; x_wconf 87' lang='lat' dir='ltr'><strong>quid</strong></span> <span class='ocrx_word' id='word_1_297' title='bbox 950 2324 1130 2385; x_wconf 87' lang='lat' dir='ltr'><strong>potest</strong></span> <span class='ocrx_word' id='word_1_298' title='bbox 1170 2334 1185 2369; x_wconf 88' lang='lat'>:</span> <span class='ocrx_word' id='word_1_299' title='bbox 1230 2314 1563 2369; x_wconf 88' lang='lat' dir='ltr'><strong>tentationcs</strong></span> <span class='ocrx_word' id='word_1_300' title='bbox 1612 2328 1712 2383; x_wconf 90' lang='lat' dir='ltr'><strong>pro</strong></span> <span class='ocrx_word' id='word_1_301' title='bbox 1759 2311 1960 2381; x_wconf 83' lang='lat' dir='ltr'><strong>pietate</strong></span> 
     </span>
    </p>
   </div>
   <div class='ocr_carea' id='block_1_39' title="bbox 374 2400 1955 2473">
    <p class='ocr_par' dir='ltr' id='par_1_39' title="bbox 374 2400 1955 2473">
     <span class='ocr_line' id='line_1_39' title="bbox 374 2400 1955 2473; baseline -0.003 -17"><span class='ocrx_word' id='word_1_302' title='bbox 374 2420 473 2457; x_wconf 73' lang='lat' dir='ltr'><strong>sru</strong></span> <span class='ocrx_word' id='word_1_303' title='bbox 505 2402 631 2469; x_wconf 89' lang='lat' dir='ltr'><strong>ﬁde,</strong></span> <span class='ocrx_word' id='word_1_304' title='bbox 667 2413 723 2458; x_wconf 92' lang='lat' dir='ltr'><strong>et</strong></span> <span class='ocrx_word' id='word_1_305' title='bbox 765 2419 863 2473; x_wconf 92' lang='lat' dir='ltr'><strong>pro</strong></span> <span class='ocrx_word' id='word_1_306' title='bbox 911 2404 1113 2458; x_wconf 90' lang='lat' dir='ltr'><strong>virtute</strong></span> <span class='ocrx_word' id='word_1_307' title='bbox 1162 2402 1545 2458; x_wconf 88' lang='lat' dir='ltr'><strong>tribulationcs</strong></span> <span class='ocrx_word' id='word_1_308' title='bbox 1596 2402 1726 2455; x_wconf 88' lang='lat' dir='ltr'><strong>dicit</strong></span> <span class='ocrx_word' id='word_1_309' title='bbox 1768 2400 1955 2470; x_wconf 87' lang='lat' dir='ltr'><strong>pelles.</strong></span> 
     </span>
    </p>
   </div>
   <div class='ocr_carea' id='block_1_40' title="bbox 373 2493 1959 2573">
    <p class='ocr_par' dir='ltr' id='par_1_40' title="bbox 373 2493 1959 2573">
     <span class='ocr_line' id='line_1_40' title="bbox 373 2493 1959 2573; baseline -0.001 -25"><span class='ocrx_word' id='word_1_310' title='bbox 373 2494 592 2561; x_wconf 77' lang='lat' dir='ltr'><strong>Quare?</strong></span> <span class='ocrx_word' id='word_1_311' title='bbox 619 2495 756 2561; x_wconf 86' lang='lat' dir='ltr'><strong>Quia</strong></span> <span class='ocrx_word' id='word_1_312' title='bbox 798 2497 1257 2573; x_wconf 81' lang='lat' dir='ltr'><strong>quemadmodum</strong></span> <span class='ocrx_word' id='word_1_313' title='bbox 1303 2502 1517 2549; x_wconf 90' lang='lat' dir='ltr'><strong>mortua</strong></span> <span class='ocrx_word' id='word_1_314' title='bbox 1564 2494 1719 2564; x_wconf 84' lang='lat' dir='ltr'><strong>pellis</strong></span> <span class='ocrx_word' id='word_1_315' title='bbox 1756 2501 1857 2557; x_wconf 88' lang='lat' dir='ltr'><strong>est,</strong></span> <span class='ocrx_word' id='word_1_316' title='bbox 1892 2493 1959 2546; x_wconf 87' lang='lat' dir='ltr'><strong>de</strong></span> 
     </span>
    </p>
   </div>
   <div class='ocr_carea' id='block_1_41' title="bbox 374 2585 1958 2658">
    <p class='ocr_par' dir='ltr' id='par_1_41' title="bbox 374 2585 1958 2658">
     <span class='ocr_line' id='line_1_41' title="bbox 374 2585 1958 2658; baseline -0.003 -16"><span class='ocrx_word' id='word_1_317' title='bbox 374 2601 482 2656; x_wconf 87' lang='lat' dir='ltr'><strong>qua</strong></span> <span class='ocrx_word' id='word_1_318' title='bbox 526 2585 643 2641; x_wconf 87' lang='lat' dir='ltr'><strong>ﬁeri</strong></span> <span class='ocrx_word' id='word_1_319' title='bbox 690 2596 866 2658; x_wconf 86' lang='lat' dir='ltr'><strong>potest</strong></span> <span class='ocrx_word' id='word_1_320' title='bbox 899 2604 1013 2654; x_wconf 89' lang='lat' dir='ltr'><strong>vas,</strong></span> <span class='ocrx_word' id='word_1_321' title='bbox 1049 2597 1425 2642; x_wconf 88' lang='lat' dir='ltr'><strong>verumtamen</strong></span> <span class='ocrx_word' id='word_1_322' title='bbox 1460 2588 1527 2642; x_wconf 88' lang='lat' dir='ltr'><strong>de</strong></span> <span class='ocrx_word' id='word_1_323' title='bbox 1571 2604 1635 2641; x_wconf 90' lang='lat' dir='ltr'><strong>ea</strong></span> <span class='ocrx_word' id='word_1_324' title='bbox 1684 2596 1806 2640; x_wconf 89' lang='lat' dir='ltr'><strong>uter</strong></span> <span class='ocrx_word' id='word_1_325' title='bbox 1845 2586 1958 2639; x_wconf 89' lang='lat' dir='ltr'><strong>I&#39;or-</strong></span> 
     </span>
    </p>
   </div>
   <div class='ocr_carea' id='block_1_42' title="bbox 374 2678 1957 2749">
    <p class='ocr_par' dir='ltr' id='par_1_42' title="bbox 374 2678 1957 2749">
     <span class='ocr_line' id='line_1_42' title="bbox 374 2678 1957 2749; baseline -0.001 -18"><span class='ocrx_word' id='word_1_326' title='bbox 374 2678 539 2745; x_wconf 86' lang='lat' dir='ltr'><strong>sitan,</strong></span> <span class='ocrx_word' id='word_1_327' title='bbox 567 2686 666 2732; x_wconf 81' lang='lat' dir='ltr'><strong>aut</strong></span> <span class='ocrx_word' id='word_1_328' title='bbox 706 2680 896 2745; x_wconf 88' lang='lat' dir='ltr'><strong>cadus,</strong></span> <span class='ocrx_word' id='word_1_329' title='bbox 931 2689 1026 2734; x_wconf 90' lang='lat' dir='ltr'><strong>aut</strong></span> <span class='ocrx_word' id='word_1_330' title='bbox 1073 2689 1326 2746; x_wconf 77' lang='lat' dir='ltr'><strong>stratura,</strong></span> <span class='ocrx_word' id='word_1_331' title='bbox 1370 2689 1465 2733; x_wconf 86' lang='lat' dir='ltr'><strong>aut</strong></span> <span class='ocrx_word' id='word_1_332' title='bbox 1512 2679 1667 2749; x_wconf 87' lang='lat' dir='ltr'><strong>pellis</strong></span> <span class='ocrx_word' id='word_1_333' title='bbox 1704 2678 1957 2732; x_wconf 88' lang='lat' dir='ltr'><strong>taberna-</strong></span> 
     </span>
    </p>
   </div>
   <div class='ocr_carea' id='block_1_43' title="bbox 372 2770 1954 2841">
    <p class='ocr_par' dir='ltr' id='par_1_43' title="bbox 372 2770 1954 2841">
     <span class='ocr_line' id='line_1_43' title="bbox 372 2770 1954 2841; baseline 0 -18"><span class='ocrx_word' id='word_1_334' title='bbox 372 2770 503 2833; x_wconf 88' lang='lat' dir='ltr'><strong>culi,</strong></span> <span class='ocrx_word' id='word_1_335' title='bbox 528 2779 622 2823; x_wconf 92' lang='lat' dir='ltr'><strong>aut</strong></span> <span class='ocrx_word' id='word_1_336' title='bbox 654 2770 860 2841; x_wconf 86' lang='lat' dir='ltr'><strong>aliquid</strong></span> <span class='ocrx_word' id='word_1_337' title='bbox 889 2772 1043 2827; x_wconf 88' lang='lat' dir='ltr'><strong>aliud</strong></span> <span class='ocrx_word' id='word_1_338' title='bbox 1077 2773 1130 2825; x_wconf 88' lang='lat' dir='ltr'><strong>lit</strong></span> <span class='ocrx_word' id='word_1_339' title='bbox 1166 2772 1298 2825; x_wconf 89' lang='lat' dir='ltr'><strong>utile</strong></span> <span class='ocrx_word' id='word_1_340' title='bbox 1325 2790 1338 2825; x_wconf 89' lang='lat'>:</span> <span class='ocrx_word' id='word_1_341' title='bbox 1366 2773 1445 2824; x_wconf 88' lang='lat' dir='ltr'><strong>sic</strong></span> <span class='ocrx_word' id='word_1_342' title='bbox 1474 2779 1528 2824; x_wconf 90' lang='lat' dir='ltr'><strong>et</strong></span> <span class='ocrx_word' id='word_1_343' title='bbox 1558 2770 1954 2834; x_wconf 75' lang='lat' dir='ltr'><strong>triliulatioucs,</strong></span> 
     </span>
    </p>
   </div>
   <div class='ocr_carea' id='block_1_44' title="bbox 373 2860 1959 2917">
    <p class='ocr_par' dir='ltr' id='par_1_44' title="bbox 373 2860 1959 2917">
     <span class='ocr_line' id='line_1_44' title="bbox 373 2860 1959 2917; baseline 0.001 -5"><span class='ocrx_word' id='word_1_344' title='bbox 373 2868 431 2913; x_wconf 88' lang='lat' dir='ltr'><strong>et</strong></span> <span class='ocrx_word' id='word_1_345' title='bbox 462 2861 793 2917; x_wconf 87' lang='lat' dir='ltr'><strong>tentationcs</strong></span> <span class='ocrx_word' id='word_1_346' title='bbox 832 2863 1162 2916; x_wconf 87' lang='lat' dir='ltr'><strong>mortiﬁcant</strong></span> <span class='ocrx_word' id='word_1_347' title='bbox 1190 2862 1242 2915; x_wconf 90' lang='lat' dir='ltr'><strong>in</strong></span> <span class='ocrx_word' id='word_1_348' title='bbox 1272 2861 1468 2915; x_wconf 62' lang='lat' dir='ltr'><strong>sa&#39;culo</strong></span> <span class='ocrx_word' id='word_1_349' title='bbox 1499 2860 1776 2914; x_wconf 75' lang='lat' dir='ltr'><strong>hominem</strong></span> <span class='ocrx_word' id='word_1_350' title='bbox 1816 2879 1829 2915; x_wconf 90' lang='lat'><strong>:</strong></span> <span class='ocrx_word' id='word_1_351' title='bbox 1859 2860 1959 2914; x_wconf 80' lang='lat' dir='ltr'><strong>hu-</strong></span> 
     </span>
    </p>
   </div>
   <div class='ocr_carea' id='block_1_45' title="bbox 296 2952 1958 3019">
    <p class='ocr_par' dir='ltr' id='par_1_45' title="bbox 296 2952 1958 3019">
     <span class='ocr_line' id='line_1_45' title="bbox 296 2952 1958 3019; baseline 0.001 -14"><span class='ocrx_word' id='word_1_352' title='bbox 296 2986 299 2989; x_wconf 97' lang='lat'><strong><em>-</em></strong></span> <span class='ocrx_word' id='word_1_353' title='bbox 374 2952 589 3007; x_wconf 88' lang='lat' dir='ltr'><strong>miliant</strong></span> <span class='ocrx_word' id='word_1_354' title='bbox 613 2953 760 3007; x_wconf 90' lang='lat' dir='ltr'><strong>enim</strong></span> <span class='ocrx_word' id='word_1_355' title='bbox 791 2970 939 3019; x_wconf 87' lang='lat' dir='ltr'><strong>eum,</strong></span> <span class='ocrx_word' id='word_1_356' title='bbox 968 2966 1023 3008; x_wconf 91' lang='lat' dir='ltr'><strong>et</strong></span> <span class='ocrx_word' id='word_1_357' title='bbox 1050 2954 1205 3009; x_wconf 88' lang='lat' dir='ltr'><strong>valde</strong></span> <span class='ocrx_word' id='word_1_358' title='bbox 1226 2955 1280 3008; x_wconf 91' lang='lat' dir='ltr'><strong>in</strong></span> <span class='ocrx_word' id='word_1_359' title='bbox 1302 2954 1439 3007; x_wconf 86' lang='lat' dir='ltr'><strong>nihil</strong></span> <span class='ocrx_word' id='word_1_360' title='bbox 1467 2953 1747 3007; x_wconf 82' lang='lat' dir='ltr'><strong>redactum</strong></span> <span class='ocrx_word' id='word_1_361' title='bbox 1774 2962 1958 3007; x_wconf 90' lang='lat' dir='ltr'><strong>osten-</strong></span> 
     </span>
    </p>
   </div>
   <div class='ocr_carea' id='block_1_46' title="bbox 375 3043 1956 3116">
    <p class='ocr_par' dir='ltr' id='par_1_46' title="bbox 375 3043 1956 3116">
     <span class='ocr_line' id='line_1_46' title="bbox 375 3043 1956 3116; baseline 0 -17"><span class='ocrx_word' id='word_1_362' title='bbox 375 3043 532 3099; x_wconf 87' lang='lat' dir='ltr'><strong>dunt.</strong></span> <span class='ocrx_word' id='word_1_363' title='bbox 567 3043 675 3100; x_wconf 82' lang='lat' dir='ltr'><strong>Vas</strong></span> <span class='ocrx_word' id='word_1_364' title='bbox 707 3055 888 3100; x_wconf 84' lang='lat' dir='ltr'><strong>tamen</strong></span> <span class='ocrx_word' id='word_1_365' title='bbox 922 3061 988 3101; x_wconf 84' lang='lat' dir='ltr'><strong>ex</strong></span> <span class='ocrx_word' id='word_1_366' title='bbox 1014 3048 1093 3101; x_wconf 90' lang='lat' dir='ltr'><strong>eis</strong></span> <span class='ocrx_word' id='word_1_367' title='bbox 1120 3047 1323 3102; x_wconf 91' lang='lat' dir='ltr'><strong>bonum</strong></span> <span class='ocrx_word' id='word_1_368' title='bbox 1357 3054 1412 3101; x_wconf 90' lang='lat' dir='ltr'><strong>et</strong></span> <span class='ocrx_word' id='word_1_369' title='bbox 1439 3047 1570 3101; x_wconf 88' lang='lat' dir='ltr'><strong>utile</strong></span> <span class='ocrx_word' id='word_1_370' title='bbox 1616 3046 1693 3113; x_wconf 90' lang='lat' dir='ltr'><strong>ﬁt,</strong></span> <span class='ocrx_word' id='word_1_371' title='bbox 1743 3046 1956 3116; x_wconf 88' lang='lat' dir='ltr'><strong>patien-</strong></span> 
     </span>
    </p>
   </div>
   <div class='ocr_carea' id='block_1_47' title="bbox 2062 1948 3640 2022">
    <p class='ocr_par' dir='ltr' id='par_1_47' title="bbox 2062 1948 3640 2022">
     <span class='ocr_line' id='line_1_47' title="bbox 2062 1948 3640 2022; baseline 0.004 -21"><span class='ocrx_word' id='word_1_372' title='bbox 2062 1948 2329 2017; x_wconf 86' lang='lat' dir='ltr'><strong>perbiam,</strong></span> <span class='ocrx_word' id='word_1_373' title='bbox 2378 1966 2474 2004; x_wconf 89' lang='lat' dir='ltr'><strong>seu</strong></span> <span class='ocrx_word' id='word_1_374' title='bbox 2529 1966 2724 2005; x_wconf 90' lang='lat' dir='ltr'><strong>vanam</strong></span> <span class='ocrx_word' id='word_1_375' title='bbox 2776 1951 2998 2022; x_wconf 77' lang='lat' dir='ltr'><strong>gloriam</strong></span> <span class='ocrx_word' id='word_1_376' title='bbox 3055 1952 3308 2022; x_wconf 86' lang='lat' dir='ltr'><strong>prohibet</strong></span> <span class='ocrx_word' id='word_1_377' title='bbox 3360 1953 3640 2008; x_wconf 63' lang='lat' dir='ltr'><strong>adhaerere</strong></span> 
     </span>
    </p>
   </div>
   <div class='ocr_carea' id='block_1_48' title="bbox 2060 2038 3635 2114">
    <p class='ocr_par' dir='ltr' id='par_1_48' title="bbox 2060 2038 3635 2114">
     <span class='ocr_line' id='line_1_48' title="bbox 2060 2038 3635 2114; baseline 0.002 -20"><span class='ocrx_word' id='word_1_378' title='bbox 2060 2038 2276 2094; x_wconf 82' lang='lat' dir='ltr'><strong>virtuti.</strong></span> <span class='ocrx_word' id='word_1_379' title='bbox 2318 2040 2423 2095; x_wconf 88' lang='lat' dir='ltr'><strong>Sed</strong></span> <span class='ocrx_word' id='word_1_380' title='bbox 2464 2055 2567 2095; x_wconf 87' lang='lat' dir='ltr'><strong>nec</strong></span> <span class='ocrx_word' id='word_1_381' title='bbox 2610 2041 2665 2095; x_wconf 89' lang='lat' dir='ltr'><strong>in</strong></span> <span class='ocrx_word' id='word_1_382' title='bbox 2713 2041 2967 2105; x_wconf 88' lang='lat' dir='ltr'><strong>stamine,</strong></span> <span class='ocrx_word' id='word_1_383' title='bbox 3008 2042 3122 2097; x_wconf 83' lang='lat' dir='ltr'><strong>sive</strong></span> <span class='ocrx_word' id='word_1_384' title='bbox 3173 2043 3227 2096; x_wconf 91' lang='lat' dir='ltr'><strong>in</strong></span> <span class='ocrx_word' id='word_1_385' title='bbox 3275 2042 3635 2114; x_wconf 78' lang='lat' dir='ltr'><strong>subtegmine,</strong></span> 
     </span>
    </p>
   </div>
   <div class='ocr_carea' id='block_1_49' title="bbox 2063 2130 3641 2201">
    <p class='ocr_par' dir='ltr' id='par_1_49' title="bbox 2063 2130 3641 2201">
     <span class='ocr_line' id='line_1_49' title="bbox 2063 2130 3641 2201; baseline 0.005 -18"><span class='ocrx_word' id='word_1_386' title='bbox 2063 2130 2177 2184; x_wconf 85' lang='lat' dir='ltr'><strong>vult</strong></span> <span class='ocrx_word' id='word_1_387' title='bbox 2208 2130 2413 2200; x_wconf 88' lang='lat' dir='ltr'><strong>lepram</strong></span> <span class='ocrx_word' id='word_1_388' title='bbox 2458 2146 2578 2201; x_wconf 64' lang='lat' dir='ltr'><strong>quae</strong></span> <span class='ocrx_word' id='word_1_389' title='bbox 2616 2131 2759 2187; x_wconf 86' lang='lat' dir='ltr'><strong>dicta</strong></span> <span class='ocrx_word' id='word_1_390' title='bbox 2788 2140 2892 2199; x_wconf 92' lang='lat' dir='ltr'><strong>est,</strong></span> <span class='ocrx_word' id='word_1_391' title='bbox 2925 2134 3169 2201; x_wconf 84' lang='lat' dir='ltr'><strong>evenire,</strong></span> <span class='ocrx_word' id='word_1_392' title='bbox 3205 2134 3259 2189; x_wconf 91' lang='lat' dir='ltr'><strong>id</strong></span> <span class='ocrx_word' id='word_1_393' title='bbox 3301 2142 3404 2200; x_wconf 92' lang='lat' dir='ltr'><strong>est,</strong></span> <span class='ocrx_word' id='word_1_394' title='bbox 3437 2142 3498 2188; x_wconf 89' lang='lat' dir='ltr'><strong>ut</strong></span> <span class='ocrx_word' id='word_1_395' title='bbox 3537 2150 3641 2191; x_wconf 90' lang='lat' dir='ltr'><strong>nec</strong></span> 
     </span>
    </p>
   </div>
   <div class='ocr_carea' id='block_1_50' title="bbox 2061 2222 3638 2298">
    <p class='ocr_par' dir='ltr' id='par_1_50' title="bbox 2061 2222 3638 2298">
     <span class='ocr_line' id='line_1_50' title="bbox 2061 2222 3638 2298; baseline 0.003 -22"><span class='ocrx_word' id='word_1_396' title='bbox 2061 2222 2161 2292; x_wconf 91' lang='lat' dir='ltr'><strong>ipsi</strong></span> <span class='ocrx_word' id='word_1_397' title='bbox 2194 2239 2320 2277; x_wconf 91' lang='lat' dir='ltr'><strong>cum</strong></span> <span class='ocrx_word' id='word_1_398' title='bbox 2358 2224 2636 2294; x_wconf 88' lang='lat' dir='ltr'><strong>superbia,</strong></span> <span class='ocrx_word' id='word_1_399' title='bbox 2669 2225 2754 2279; x_wconf 89' lang='lat' dir='ltr'><strong>vel</strong></span> <span class='ocrx_word' id='word_1_400' title='bbox 2795 2241 2931 2280; x_wconf 90' lang='lat' dir='ltr'><strong>vana</strong></span> <span class='ocrx_word' id='word_1_401' title='bbox 2971 2226 3159 2298; x_wconf 84' lang='lat' dir='ltr'><strong>gloria,</strong></span> <span class='ocrx_word' id='word_1_402' title='bbox 3192 2225 3420 2281; x_wconf 89' lang='lat' dir='ltr'><strong>virtutes</strong></span> <span class='ocrx_word' id='word_1_403' title='bbox 3456 2225 3638 2281; x_wconf 89' lang='lat' dir='ltr'><strong>inten-</strong></span> 
     </span>
    </p>
   </div>
   <div class='ocr_carea' id='block_1_51' title="bbox 2059 2313 3641 2386">
    <p class='ocr_par' dir='ltr' id='par_1_51' title="bbox 2059 2313 3641 2386">
     <span class='ocr_line' id='line_1_51' title="bbox 2059 2313 3641 2386; baseline 0.002 -17"><span class='ocrx_word' id='word_1_404' title='bbox 2059 2313 2272 2381; x_wconf 90' lang='lat' dir='ltr'><strong>damus,</strong></span> <span class='ocrx_word' id='word_1_405' title='bbox 2309 2330 2411 2370; x_wconf 89' lang='lat' dir='ltr'><strong>nec</strong></span> <span class='ocrx_word' id='word_1_406' title='bbox 2440 2331 2471 2370; x_wconf 91' lang='lat' dir='ltr'><strong>a</strong></span> <span class='ocrx_word' id='word_1_407' title='bbox 2506 2315 2618 2370; x_wconf 91' lang='lat' dir='ltr'><strong>Deo</strong></span> <span class='ocrx_word' id='word_1_408' title='bbox 2653 2316 2814 2370; x_wconf 88' lang='lat' dir='ltr'><strong>talem</strong></span> <span class='ocrx_word' id='word_1_409' title='bbox 2848 2316 3073 2386; x_wconf 76' lang='lat' dir='ltr'><strong>gratiam</strong></span> <span class='ocrx_word' id='word_1_410' title='bbox 3113 2316 3271 2372; x_wconf 91' lang='lat' dir='ltr'><strong>nobis</strong></span> <span class='ocrx_word' id='word_1_411' title='bbox 3310 2331 3641 2372; x_wconf 89' lang='lat' dir='ltr'><strong>concurrere</strong></span> 
     </span>
    </p>
   </div>
   <div class='ocr_carea' id='block_1_52' title="bbox 2059 2405 3639 2477">
    <p class='ocr_par' dir='ltr' id='par_1_52' title="bbox 2059 2405 3639 2477">
     <span class='ocr_line' id='line_1_52' title="bbox 2059 2405 3639 2477; baseline 0.003 -18"><span class='ocrx_word' id='word_1_412' title='bbox 2059 2405 2441 2474; x_wconf 84' lang='lat' dir='ltr'><strong>deprecemur.</strong></span> <span class='ocrx_word' id='word_1_413' title='bbox 2488 2406 2594 2462; x_wconf 87' lang='lat' dir='ltr'><strong>Sed</strong></span> <span class='ocrx_word' id='word_1_414' title='bbox 2640 2421 2744 2462; x_wconf 89' lang='lat' dir='ltr'><strong>nec</strong></span> <span class='ocrx_word' id='word_1_415' title='bbox 2801 2408 3127 2463; x_wconf 88' lang='lat' dir='ltr'><strong>tentationcs</strong></span> <span class='ocrx_word' id='word_1_416' title='bbox 3176 2423 3300 2463; x_wconf 91' lang='lat' dir='ltr'><strong>cum</strong></span> <span class='ocrx_word' id='word_1_417' title='bbox 3349 2407 3528 2477; x_wconf 89' lang='lat' dir='ltr'><strong>aliquo</strong></span> <span class='ocrx_word' id='word_1_418' title='bbox 3572 2424 3639 2463; x_wconf 82' lang='lat' dir='ltr'><strong>ex</strong></span> 
     </span>
    </p>
   </div>
   <div class='ocr_carea' id='block_1_53' title="bbox 2060 2496 3640 2569">
    <p class='ocr_par' dir='ltr' id='par_1_53' title="bbox 2060 2496 3640 2569">
     <span class='ocr_line' id='line_1_53' title="bbox 2060 2496 3640 2569; baseline 0.003 -18"><span class='ocrx_word' id='word_1_419' title='bbox 2060 2496 2146 2551; x_wconf 80' lang='lat' dir='ltr'><strong>bis</strong></span> <span class='ocrx_word' id='word_1_420' title='bbox 2184 2512 2285 2551; x_wconf 91' lang='lat' dir='ltr'><strong>nos</strong></span> <span class='ocrx_word' id='word_1_421' title='bbox 2319 2496 2597 2567; x_wconf 84' lang='lat' dir='ltr'><strong>legislator</strong></span> <span class='ocrx_word' id='word_1_422' title='bbox 2633 2498 2909 2553; x_wconf 90' lang='lat' dir='ltr'><strong>sustinere</strong></span> <span class='ocrx_word' id='word_1_423' title='bbox 2937 2499 3209 2554; x_wconf 86' lang='lat' dir='ltr'><strong>desiderat</strong></span> <span class='ocrx_word' id='word_1_424' title='bbox 3241 2516 3255 2553; x_wconf 90' lang='lat'><strong>:</strong></span> <span class='ocrx_word' id='word_1_425' title='bbox 3287 2499 3432 2569; x_wconf 85' lang='lat' dir='ltr'><strong>quod</strong></span> <span class='ocrx_word' id='word_1_426' title='bbox 3458 2498 3503 2554; x_wconf 90' lang='lat' dir='ltr'><strong>si</strong></span> <span class='ocrx_word' id='word_1_427' title='bbox 3534 2499 3640 2555; x_wconf 87' lang='lat' dir='ltr'><strong>tale</strong></span> 
     </span>
    </p>
   </div>
   <div class='ocr_carea' id='block_1_54' title="bbox 2059 2588 3638 2661">
    <p class='ocr_par' dir='ltr' id='par_1_54' title="bbox 2059 2588 3638 2661">
     <span class='ocr_line' id='line_1_54' title="bbox 2059 2588 3638 2661; baseline 0.001 -19"><span class='ocrx_word' id='word_1_428' title='bbox 2059 2588 2337 2659; x_wconf 88' lang='lat' dir='ltr'><strong>quidpiam</strong></span> <span class='ocrx_word' id='word_1_429' title='bbox 2380 2589 2632 2656; x_wconf 86' lang='lat' dir='ltr'><strong>forsitan,</strong></span> <span class='ocrx_word' id='word_1_430' title='bbox 2667 2598 2727 2644; x_wconf 89' lang='lat' dir='ltr'><strong>ut</strong></span> <span class='ocrx_word' id='word_1_431' title='bbox 2766 2590 3101 2656; x_wconf 90' lang='lat' dir='ltr'><strong>hominibus,</strong></span> <span class='ocrx_word' id='word_1_432' title='bbox 3126 2591 3349 2646; x_wconf 89' lang='lat' dir='ltr'><strong>evenire</strong></span> <span class='ocrx_word' id='word_1_433' title='bbox 3394 2591 3638 2661; x_wconf 82' lang='lat' dir='ltr'><strong>contige-</strong></span> 
     </span>
    </p>
   </div>
   <div class='ocr_carea' id='block_1_55' title="bbox 2059 2663 3638 2750">
    <p class='ocr_par' dir='ltr' id='par_1_55' title="bbox 2059 2663 3638 2750">
     <span class='ocr_line' id='line_1_55' title="bbox 2059 2663 3638 2750; baseline 0.002 -18"><span class='ocrx_word' id='word_1_434' title='bbox 2059 2680 2148 2747; x_wconf 92' lang='lat' dir='ltr'><strong>rit,</strong></span> <span class='ocrx_word' id='word_1_435' title='bbox 2188 2679 2460 2750; x_wconf 88' lang='lat' dir='ltr'><strong>inspicere</strong></span> <span class='ocrx_word' id='word_1_436' title='bbox 2500 2696 2563 2735; x_wconf 91' lang='lat' dir='ltr'><strong>ea</strong></span> <span class='ocrx_word' id='word_1_437' title='bbox 2616 2663 2956 2736; x_wconf 78' lang='lat' dir='ltr'><strong>sacerdotem</strong></span> <span class='ocrx_word' id='word_1_438' title='bbox 2999 2682 3134 2747; x_wconf 90' lang='lat' dir='ltr'><strong>vult,</strong></span> <span class='ocrx_word' id='word_1_439' title='bbox 3166 2689 3220 2735; x_wconf 91' lang='lat' dir='ltr'><strong>et</strong></span> <span class='ocrx_word' id='word_1_440' title='bbox 3262 2696 3438 2750; x_wconf 89' lang='lat' dir='ltr'><strong>neque</strong></span> <span class='ocrx_word' id='word_1_441' title='bbox 3464 2680 3638 2736; x_wconf 89' lang='lat' dir='ltr'><strong>virtu-</strong></span> 
     </span>
    </p>
   </div>
   <div class='ocr_carea' id='block_1_56' title="bbox 2061 2771 3643 2841">
    <p class='ocr_par' dir='ltr' id='par_1_56' title="bbox 2061 2771 3643 2841">
     <span class='ocr_line' id='line_1_56' title="bbox 2061 2771 3643 2841; baseline 0.001 -17"><span class='ocrx_word' id='word_1_442' title='bbox 2061 2778 2189 2837; x_wconf 89' lang='lat' dir='ltr'><strong>tem,</strong></span> <span class='ocrx_word' id='word_1_443' title='bbox 2227 2787 2406 2841; x_wconf 91' lang='lat' dir='ltr'><strong>neque</strong></span> <span class='ocrx_word' id='word_1_444' title='bbox 2447 2773 2813 2827; x_wconf 90' lang='lat' dir='ltr'><strong>intentionem</strong></span> <span class='ocrx_word' id='word_1_445' title='bbox 2862 2772 3098 2836; x_wconf 89' lang='lat' dir='ltr'><strong>virtutis,</strong></span> <span class='ocrx_word' id='word_1_446' title='bbox 3132 2787 3235 2827; x_wconf 92' lang='lat' dir='ltr'><strong>nec</strong></span> <span class='ocrx_word' id='word_1_447' title='bbox 3277 2771 3643 2828; x_wconf 86' lang='lat' dir='ltr'><strong>tentationum</strong></span> 
     </span>
    </p>
   </div>
   <div class='ocr_carea' id='block_1_57' title="bbox 2058 2862 3638 2935">
    <p class='ocr_par' dir='ltr' id='par_1_57' title="bbox 2058 2862 3638 2935">
     <span class='ocr_line' id='line_1_57' title="bbox 2058 2862 3638 2935; baseline 0.001 -19"><span class='ocrx_word' id='word_1_448' title='bbox 2058 2862 2373 2933; x_wconf 87' lang='lat' dir='ltr'><strong>patientiam</strong></span> <span class='ocrx_word' id='word_1_449' title='bbox 2417 2864 2682 2935; x_wconf 78' lang='lat' dir='ltr'><strong>repellere</strong></span> <span class='ocrx_word' id='word_1_450' title='bbox 2714 2882 2726 2918; x_wconf 90' lang='lat'><strong>:</strong></span> <span class='ocrx_word' id='word_1_451' title='bbox 2754 2880 2877 2919; x_wconf 82' lang='lat' dir='ltr'><strong>mox</strong></span> <span class='ocrx_word' id='word_1_452' title='bbox 2909 2873 2964 2918; x_wconf 89' lang='lat' dir='ltr'><strong>et</strong></span> <span class='ocrx_word' id='word_1_453' title='bbox 2988 2863 3310 2919; x_wconf 88' lang='lat' dir='ltr'><strong>denuntiare</strong></span> <span class='ocrx_word' id='word_1_454' title='bbox 3338 2864 3638 2927; x_wconf 84' lang='lat' dir='ltr'><strong>immunda,</strong></span> 
     </span>
    </p>
   </div>
   <div class='ocr_carea' id='block_1_58' title="bbox 2058 2955 3636 3027">
    <p class='ocr_par' dir='ltr' id='par_1_58' title="bbox 2058 2955 3636 3027">
     <span class='ocr_line' id='line_1_58' title="bbox 2058 2955 3636 3027; baseline 0.001 -19"><span class='ocrx_word' id='word_1_455' title='bbox 2058 2970 2122 3008; x_wconf 78' lang='lat' dir='ltr'><strong>ex</strong></span> <span class='ocrx_word' id='word_1_456' title='bbox 2152 2955 2462 3025; x_wconf 86' lang='lat' dir='ltr'><strong>suspicione</strong></span> <span class='ocrx_word' id='word_1_457' title='bbox 2493 2956 2786 3027; x_wconf 70' lang='lat' dir='ltr'><strong>superbiae,</strong></span> <span class='ocrx_word' id='word_1_458' title='bbox 2818 2958 2904 3012; x_wconf 87' lang='lat' dir='ltr'><strong>vel</strong></span> <span class='ocrx_word' id='word_1_459' title='bbox 2934 2973 3084 3012; x_wconf 66' lang='lat' dir='ltr'><strong>vanae</strong></span> <span class='ocrx_word' id='word_1_460' title='bbox 3120 2957 3306 3027; x_wconf 71' lang='lat' dir='ltr'><strong>gloriae</strong></span> <span class='ocrx_word' id='word_1_461' title='bbox 3333 2955 3593 3027; x_wconf 73' lang='lat' dir='ltr'><strong>praecepit</strong></span> <span class='ocrx_word' id='word_1_462' title='bbox 3621 2973 3636 3010; x_wconf 88' lang='lat'><strong>:</strong></span> 
     </span>
    </p>
   </div>
   <div class='ocr_carea' id='block_1_59' title="bbox 2057 3045 3642 3116">
    <p class='ocr_par' dir='ltr' id='par_1_59' title="bbox 2057 3045 3642 3116">
     <span class='ocr_line' id='line_1_59' title="bbox 2057 3045 3642 3116; baseline 0 -17"><span class='ocrx_word' id='word_1_463' title='bbox 2057 3061 2160 3099; x_wconf 91' lang='lat' dir='ltr'><strong>nec</strong></span> <span class='ocrx_word' id='word_1_464' title='bbox 2188 3062 2378 3101; x_wconf 88' lang='lat' dir='ltr'><strong>rursus</strong></span> <span class='ocrx_word' id='word_1_465' title='bbox 2409 3047 2551 3101; x_wconf 91' lang='lat' dir='ltr'><strong>sicut</strong></span> <span class='ocrx_word' id='word_1_466' title='bbox 2576 3047 2777 3101; x_wconf 90' lang='lat' dir='ltr'><strong>munda</strong></span> <span class='ocrx_word' id='word_1_467' title='bbox 2811 3047 3109 3116; x_wconf 88' lang='lat' dir='ltr'><strong>suscipere,</strong></span> <span class='ocrx_word' id='word_1_468' title='bbox 3146 3045 3241 3101; x_wconf 90' lang='lat' dir='ltr'><strong>scd</strong></span> <span class='ocrx_word' id='word_1_469' title='bbox 3266 3061 3518 3116; x_wconf 87' lang='lat' dir='ltr'><strong>separare</strong></span> <span class='ocrx_word' id='word_1_470' title='bbox 3547 3060 3642 3101; x_wconf 80' lang='lat' dir='ltr'><strong>cos</strong></span> 
     </span>
    </p>
   </div>
   <div class='ocr_carea' id='block_1_60' title="bbox 375 3137 3642 3232">
    <p class='ocr_par' dir='ltr' id='par_1_60' title="bbox 375 3137 3642 3232">
     <span class='ocr_line' id='line_1_60' title="bbox 375 3137 3642 3232; baseline -0 -40"><span class='ocrx_word' id='word_1_471' title='bbox 375 3137 450 3232; x_wconf 64' lang='lat' dir='ltr'><strong>tia</strong></span> <span class='ocrx_word' id='word_1_472' title='bbox 485 3145 646 3207; x_wconf 88' lang='lat' dir='ltr'><strong>atque</strong></span> <span class='ocrx_word' id='word_1_473' title='bbox 693 3138 940 3209; x_wconf 88' lang='lat' dir='ltr'><strong>probatio</strong></span> <span class='ocrx_word' id='word_1_474' title='bbox 965 3180 980 3204; x_wconf 96' lang='lat'><strong>,</strong></span> <span class='ocrx_word' id='word_1_475' title='bbox 1014 3155 1135 3208; x_wconf 71' lang='lat' dir='ltr'><strong>quae</strong></span> <span class='ocrx_word' id='word_1_476' title='bbox 1182 3139 1497 3194; x_wconf 87' lang='lat' dir='ltr'><strong>omnimodo</strong></span> <span class='ocrx_word' id='word_1_477' title='bbox 1530 3155 1559 3192; x_wconf 91' lang='lat' dir='ltr'><strong>a</strong></span> <span class='ocrx_word' id='word_1_478' title='bbox 1600 3140 1827 3192; x_wconf 82' lang='lat' dir='ltr'><strong>Domino</strong></span> <span class='ocrx_word' id='word_1_479' title='bbox 1862 3153 1956 3193; x_wconf 89' lang='lat' dir='ltr'><strong>co-</strong></span> <span class='ocrx_word' id='word_1_480' title='bbox 1985 3172 2031 3232; x_wconf 61' lang='grc' dir='ltr'><strong>ε</strong></span> <span class='ocrx_word' id='word_1_481' title='bbox 2062 3148 2270 3208; x_wconf 89' lang='lat' dir='ltr'><strong>septem</strong></span> <span class='ocrx_word' id='word_1_482' title='bbox 2288 3138 2499 3202; x_wconf 91' lang='lat' dir='ltr'><strong>diebus,</strong></span> <span class='ocrx_word' id='word_1_483' title='bbox 2525 3147 2580 3193; x_wconf 90' lang='lat' dir='ltr'><strong>et</strong></span> <span class='ocrx_word' id='word_1_484' title='bbox 2613 3148 2857 3208; x_wconf 92' lang='lat' dir='ltr'><strong>tempore</strong></span> <span class='ocrx_word' id='word_1_485' title='bbox 2881 3138 3192 3193; x_wconf 86' lang='lat' dir='ltr'><strong>discernere</strong></span> <span class='ocrx_word' id='word_1_486' title='bbox 3211 3138 3542 3210; x_wconf 81' lang='lat' dir='ltr'><strong>passionem.</strong></span> <span class='ocrx_word' id='word_1_487' title='bbox 3575 3137 3642 3193; x_wconf 88' lang='lat' dir='ltr'><strong>Et</strong></span> 
     </span>
    </p>
   </div>
   <div class='ocr_carea' id='block_1_61' title="bbox 370 3218 1960 3301">
    <p class='ocr_par' dir='ltr' id='par_1_61' title="bbox 370 3218 1960 3301">
     <span class='ocr_line' id='line_1_61' title="bbox 370 3218 1960 3301; baseline -0.001 -17"><span class='ocrx_word' id='word_1_488' title='bbox 370 3218 567 3285; x_wconf 77' lang='lat' dir='ltr'><strong>i&#39;onam</strong></span> <span class='ocrx_word' id='word_1_489' title='bbox 597 3231 995 3301; x_wconf 86' lang='lat' dir='ltr'><strong>consequitur;</strong></span> <span class='ocrx_word' id='word_1_490' title='bbox 1032 3232 1107 3286; x_wconf 84' lang='lat' dir='ltr'><strong>ait</strong></span> <span class='ocrx_word' id='word_1_491' title='bbox 1155 3232 1303 3286; x_wconf 90' lang='lat' dir='ltr'><strong>enim</strong></span> <span class='ocrx_word' id='word_1_492' title='bbox 1330 3231 1565 3287; x_wconf 87' lang='lat' dir='ltr'><strong>Jacobus</strong></span> <span class='ocrx_word' id='word_1_493' title='bbox 1605 3249 1617 3285; x_wconf 90' lang='lat'><em>:</em></span> <span class='ocrx_word' id='word_1_494' title='bbox 1649 3230 1842 3284; x_wconf 84' lang='lat' dir='ltr'><strong>Beatus</strong></span> <span class='ocrx_word' id='word_1_495' title='bbox 1883 3230 1960 3284; x_wconf 83' lang='lat' dir='ltr'><strong>vir</strong></span> 
     </span>
    </p>
   </div>
   <div class='ocr_carea' id='block_1_62' title="bbox 373 3323 1957 3396">
    <p class='ocr_par' dir='ltr' id='par_1_62' title="bbox 373 3323 1957 3396">
     <span class='ocr_line' id='line_1_62' title="bbox 373 3323 1957 3396; baseline -0.001 -19"><span class='ocrx_word' id='word_1_496' title='bbox 373 3324 467 3394; x_wconf 87' lang='lat' dir='ltr'><strong>qui</strong></span> <span class='ocrx_word' id='word_1_497' title='bbox 499 3325 678 3395; x_wconf 68' lang='lat' dir='ltr'><strong>suffert</strong></span> <span class='ocrx_word' id='word_1_498' title='bbox 720 3326 1085 3388; x_wconf 87' lang='lat' dir='ltr'><strong>tentationem,</strong></span> <span class='ocrx_word' id='word_1_499' title='bbox 1138 3325 1285 3396; x_wconf 87' lang='lat' dir='ltr'><strong>quia,</strong></span> <span class='ocrx_word' id='word_1_500' title='bbox 1315 3342 1431 3378; x_wconf 88' lang='lat' dir='ltr'><strong>cum</strong></span> <span class='ocrx_word' id='word_1_501' title='bbox 1482 3324 1734 3394; x_wconf 87' lang='lat' dir='ltr'><strong>probatus</strong></span> <span class='ocrx_word' id='word_1_502' title='bbox 1779 3323 1957 3392; x_wconf 77' lang='lat' dir='ltr'><strong>fuerit,</strong></span> 
     </span>
    </p>
   </div>
   <div class='ocr_carea' id='block_1_63' title="bbox 375 3414 1961 3486">
    <p class='ocr_par' dir='ltr' id='par_1_63' title="bbox 375 3414 1961 3486">
     <span class='ocr_line' id='line_1_63' title="bbox 375 3414 1961 3486; baseline -0.003 -17"><span class='ocrx_word' id='word_1_503' title='bbox 375 3417 596 3486; x_wconf 70' lang='lat' dir='ltr'><strong>accipiet</strong></span> <span class='ocrx_word' id='word_1_504' title='bbox 630 3434 882 3470; x_wconf 83' lang='lat' dir='ltr'><strong>coronant</strong></span> <span class='ocrx_word' id='word_1_505' title='bbox 920 3418 1058 3478; x_wconf 72' lang='lat' dir='ltr'><strong>vitm,</strong></span> <span class='ocrx_word' id='word_1_506' title='bbox 1096 3433 1253 3485; x_wconf 89' lang='lat' dir='ltr'><strong>quam</strong></span> <span class='ocrx_word' id='word_1_507' title='bbox 1288 3417 1527 3485; x_wconf 85' lang='lat' dir='ltr'><strong>promisit</strong></span> <span class='ocrx_word' id='word_1_508' title='bbox 1567 3415 1706 3469; x_wconf 86' lang='lat' dir='ltr'><strong>Deus</strong></span> <span class='ocrx_word' id='word_1_509' title='bbox 1740 3414 1961 3483; x_wconf 81' lang='lat' dir='ltr'><strong>diligen-</strong></span> 
     </span>
    </p>
   </div>
   <div class='ocr_carea' id='block_1_64' title="bbox 374 3506 1959 3578">
    <p class='ocr_par' dir='ltr' id='par_1_64' title="bbox 374 3506 1959 3578">
     <span class='ocr_line' id='line_1_64' title="bbox 374 3506 1959 3578; baseline -0.004 -16"><span class='ocrx_word' id='word_1_510' title='bbox 374 3508 511 3563; x_wconf 82' lang='lat' dir='ltr'><strong>tibus</strong></span> <span class='ocrx_word' id='word_1_511' title='bbox 560 3526 616 3563; x_wconf 85' lang='lat' dir='ltr'><strong>se</strong></span> <span class='ocrx_word' id='word_1_512' title='bbox 650 3511 719 3562; x_wconf 67' lang='lat'><strong>&#39;9.</strong></span> <span class='ocrx_word' id='word_1_513' title='bbox 770 3510 861 3563; x_wconf 77' lang='lat' dir='ltr'><strong>Ait.</strong></span> <span class='ocrx_word' id='word_1_514' title='bbox 918 3518 973 3564; x_wconf 91' lang='lat' dir='ltr'><strong>et</strong></span> <span class='ocrx_word' id='word_1_515' title='bbox 1018 3508 1219 3563; x_wconf 85' lang='lat' dir='ltr'><strong>Paulus</strong></span> <span class='ocrx_word' id='word_1_516' title='bbox 1263 3526 1276 3562; x_wconf 89' lang='lat'><strong>:</strong></span> <span class='ocrx_word' id='word_1_517' title='bbox 1320 3507 1609 3562; x_wconf 75' lang='lat' dir='ltr'><strong>Tribulatio</strong></span> <span class='ocrx_word' id='word_1_518' title='bbox 1650 3506 1959 3578; x_wconf 79' lang='lat' dir='ltr'><strong>patientiam</strong></span> 
     </span>
    </p>
   </div>
   <div class='ocr_carea' id='block_1_65' title="bbox 374 3599 1957 3670">
    <p class='ocr_par' dir='ltr' id='par_1_65' title="bbox 374 3599 1957 3670">
     <span class='ocr_line' id='line_1_65' title="bbox 374 3599 1957 3670; baseline -0.001 -18"><span class='ocrx_word' id='word_1_519' title='bbox 374 3608 644 3668; x_wconf 79' lang='lat' dir='ltr'><strong>operatur,</strong></span> <span class='ocrx_word' id='word_1_520' title='bbox 677 3601 935 3670; x_wconf 86' lang='lat' dir='ltr'><strong>patientia</strong></span> <span class='ocrx_word' id='word_1_521' title='bbox 964 3607 1140 3652; x_wconf 83' lang='lat' dir='ltr'><strong>autem</strong></span> <span class='ocrx_word' id='word_1_522' title='bbox 1172 3600 1552 3667; x_wconf 84' lang='lat' dir='ltr'><strong>probationem,</strong></span> <span class='ocrx_word' id='word_1_523' title='bbox 1580 3599 1819 3668; x_wconf 86' lang='lat' dir='ltr'><strong>probatio</strong></span> <span class='ocrx_word' id='word_1_524' title='bbox 1852 3616 1957 3652; x_wconf 75' lang='lat' dir='ltr'><strong>au-</strong></span> 
     </span>
    </p>
   </div>
   <div class='ocr_carea' id='block_1_66' title="bbox 376 3689 1959 3761">
    <p class='ocr_par' dir='ltr' id='par_1_66' title="bbox 376 3689 1959 3761">
     <span class='ocr_line' id='line_1_66' title="bbox 376 3689 1959 3761; baseline 0.001 -18"><span class='ocrx_word' id='word_1_525' title='bbox 376 3701 479 3744; x_wconf 80' lang='lat' dir='ltr'><strong>tem</strong></span> <span class='ocrx_word' id='word_1_526' title='bbox 500 3708 666 3761; x_wconf 86' lang='lat' dir='ltr'><strong>spem,</strong></span> <span class='ocrx_word' id='word_1_527' title='bbox 694 3709 808 3761; x_wconf 85' lang='lat' dir='ltr'><strong>spes</strong></span> <span class='ocrx_word' id='word_1_528' title='bbox 838 3702 1013 3745; x_wconf 81' lang='lat' dir='ltr'><strong>autent</strong></span> <span class='ocrx_word' id='word_1_529' title='bbox 1049 3708 1150 3744; x_wconf 90' lang='lat' dir='ltr'><strong>non</strong></span> <span class='ocrx_word' id='word_1_530' title='bbox 1178 3691 1448 3761; x_wconf 79' lang='lat' dir='ltr'><strong>confundit</strong></span> <span class='ocrx_word' id='word_1_531' title='bbox 1471 3690 1536 3743; x_wconf 87' lang='grc'><strong>³⁰.</strong></span> <span class='ocrx_word' id='word_1_532' title='bbox 1570 3689 1736 3745; x_wconf 78' lang='lat' dir='ltr'><strong>Vides</strong></span> <span class='ocrx_word' id='word_1_533' title='bbox 1758 3700 1959 3760; x_wconf 86' lang='lat' dir='ltr'><strong>quanta</strong></span> 
     </span>
    </p>
   </div>
   <div class='ocr_carea' id='block_1_67' title="bbox 375 3782 1959 3855">
    <p class='ocr_par' dir='ltr' id='par_1_67' title="bbox 375 3782 1959 3855">
     <span class='ocr_line' id='line_1_67' title="bbox 375 3782 1959 3855; baseline 0.001 -18"><span class='ocrx_word' id='word_1_534' title='bbox 375 3782 528 3838; x_wconf 86' lang='lat' dir='ltr'><strong>utilia</strong></span> <span class='ocrx_word' id='word_1_535' title='bbox 569 3800 698 3839; x_wconf 87' lang='lat' dir='ltr'><strong>vasa</strong></span> <span class='ocrx_word' id='word_1_536' title='bbox 747 3800 809 3839; x_wconf 80' lang='lat' dir='ltr'><strong>ex</strong></span> <span class='ocrx_word' id='word_1_537' title='bbox 862 3785 1001 3855; x_wconf 88' lang='lat' dir='ltr'><strong>pelle</strong></span> <span class='ocrx_word' id='word_1_538' title='bbox 1042 3784 1454 3838; x_wconf 88' lang='lat' dir='ltr'><strong>tribulationum</strong></span> <span class='ocrx_word' id='word_1_539' title='bbox 1514 3791 1568 3838; x_wconf 88' lang='lat' dir='ltr'><strong>et</strong></span> <span class='ocrx_word' id='word_1_540' title='bbox 1601 3785 1959 3839; x_wconf 85' lang='lat' dir='ltr'><strong>tentatiouum</strong></span> 
     </span>
    </p>
   </div>
   <div class='ocr_carea' id='block_1_68' title="bbox 373 3876 1953 3948">
    <p class='ocr_par' dir='ltr' id='par_1_68' title="bbox 373 3876 1953 3948">
     <span class='ocr_line' id='line_1_68' title="bbox 373 3876 1953 3948; baseline 0.001 -18"><span class='ocrx_word' id='word_1_541' title='bbox 373 3876 535 3931; x_wconf 88' lang='lat' dir='ltr'><strong>ﬁunt.</strong></span> <span class='ocrx_word' id='word_1_542' title='bbox 578 3877 715 3944; x_wconf 86' lang='lat' dir='ltr'><strong>Quia</strong></span> <span class='ocrx_word' id='word_1_543' title='bbox 746 3878 891 3933; x_wconf 85' lang='lat' dir='ltr'><strong>enim</strong></span> <span class='ocrx_word' id='word_1_544' title='bbox 943 3877 1116 3948; x_wconf 90' lang='lat' dir='ltr'><strong>pelles</strong></span> <span class='ocrx_word' id='word_1_545' title='bbox 1167 3876 1551 3931; x_wconf 89' lang='lat' dir='ltr'><strong>tribulationes</strong></span> <span class='ocrx_word' id='word_1_546' title='bbox 1605 3886 1659 3931; x_wconf 88' lang='lat' dir='ltr'><strong>et</strong></span> <span class='ocrx_word' id='word_1_547' title='bbox 1703 3878 1953 3932; x_wconf 85' lang='lat' dir='ltr'><strong>tentatio-</strong></span> 
     </span>
    </p>
   </div>
   <div class='ocr_carea' id='block_1_69' title="bbox 374 3963 1960 4038">
    <p class='ocr_par' dir='ltr' id='par_1_69' title="bbox 374 3963 1960 4038">
     <span class='ocr_line' id='line_1_69' title="bbox 374 3963 1960 4038; baseline -0.001 -18"><span class='ocrx_word' id='word_1_548' title='bbox 374 3983 477 4021; x_wconf 89' lang='lat' dir='ltr'><strong>nes</strong></span> <span class='ocrx_word' id='word_1_549' title='bbox 503 3967 766 4037; x_wconf 89' lang='lat' dir='ltr'><strong>appellari</strong></span> <span class='ocrx_word' id='word_1_550' title='bbox 822 3984 932 4023; x_wconf 91' lang='lat' dir='ltr'><strong>non</strong></span> <span class='ocrx_word' id='word_1_551' title='bbox 959 3968 1031 4021; x_wconf 87' lang='lat' dir='ltr'><strong>sit</strong></span> <span class='ocrx_word' id='word_1_552' title='bbox 1061 3968 1446 4038; x_wconf 86' lang='lat' dir='ltr'><strong>incongruum,</strong></span> <span class='ocrx_word' id='word_1_553' title='bbox 1475 3966 1600 4020; x_wconf 90' lang='lat' dir='ltr'><strong>audi</strong></span> <span class='ocrx_word' id='word_1_554' title='bbox 1636 3963 1739 4020; x_wconf 81' lang='lat' dir='ltr'><strong>Job</strong></span> <span class='ocrx_word' id='word_1_555' title='bbox 1771 3966 1960 4020; x_wconf 84' lang='lat' dir='ltr'><strong>dicen-</strong></span> 
     </span>
    </p>
   </div>
   <div class='ocr_carea' id='block_1_70' title="bbox 374 4055 1958 4113">
    <p class='ocr_par' dir='ltr' id='par_1_70' title="bbox 374 4055 1958 4113">
     <span class='ocr_line' id='line_1_70' title="bbox 374 4055 1958 4113; baseline -0.002 -3"><span class='ocrx_word' id='word_1_556' title='bbox 374 4067 488 4111; x_wconf 88' lang='lat' dir='ltr'><strong>tem</strong></span> <span class='ocrx_word' id='word_1_557' title='bbox 521 4056 589 4112; x_wconf 90' lang='lat' dir='ltr'><strong>de</strong></span> <span class='ocrx_word' id='word_1_558' title='bbox 625 4058 739 4113; x_wconf 88' lang='lat' dir='ltr'><strong>suis</strong></span> <span class='ocrx_word' id='word_1_559' title='bbox 772 4058 1216 4113; x_wconf 86' lang='lat' dir='ltr'><strong>tribulationibus</strong></span> <span class='ocrx_word' id='word_1_560' title='bbox 1273 4066 1328 4112; x_wconf 91' lang='lat' dir='ltr'><strong>et</strong></span> <span class='ocrx_word' id='word_1_561' title='bbox 1359 4057 1750 4112; x_wconf 88' lang='lat' dir='ltr'><strong>tentationibus</strong></span> <span class='ocrx_word' id='word_1_562' title='bbox 1782 4076 1795 4111; x_wconf 87' lang='lat'><strong>:</strong></span> <span class='ocrx_word' id='word_1_563' title='bbox 1833 4055 1958 4111; x_wconf 78' lang='lat' dir='ltr'><strong>Pel-</strong></span> 
     </span>
    </p>
   </div>
   <div class='ocr_carea' id='block_1_71' title="bbox 374 4149 1954 4219">
    <p class='ocr_par' dir='ltr' id='par_1_71' title="bbox 374 4149 1954 4219">
     <span class='ocr_line' id='line_1_71' title="bbox 374 4149 1954 4219; baseline 0.002 -19"><span class='ocrx_word' id='word_1_564' title='bbox 374 4149 440 4201; x_wconf 85' lang='lat' dir='ltr'><strong>lis</strong></span> <span class='ocrx_word' id='word_1_565' title='bbox 473 4164 610 4213; x_wconf 84' lang='lat' dir='ltr'><strong>mea,</strong></span> <span class='ocrx_word' id='word_1_566' title='bbox 646 4151 963 4219; x_wconf 86' lang='lat' dir='ltr'><strong>consumptis</strong></span> <span class='ocrx_word' id='word_1_567' title='bbox 1000 4150 1268 4216; x_wconf 86' lang='lat' dir='ltr'><strong>carnibus,</strong></span> <span class='ocrx_word' id='word_1_568' title='bbox 1301 4151 1523 4205; x_wconf 64' lang='lat' dir='ltr'><strong>arllra’sit</strong></span> <span class='ocrx_word' id='word_1_569' title='bbox 1557 4151 1627 4204; x_wconf 87' lang='lat' dir='ltr'><strong>ad</strong></span> <span class='ocrx_word' id='word_1_570' title='bbox 1667 4167 1723 4205; x_wconf 86' lang='lat' dir='ltr'><strong>os</strong></span> <span class='ocrx_word' id='word_1_571' title='bbox 1763 4167 1954 4215; x_wconf 81' lang='lat' dir='ltr'><strong>meum,</strong></span> 
     </span>
    </p>
   </div>
   <div class='ocr_carea' id='block_1_72' title="bbox 374 4238 1957 4298">
    <p class='ocr_par' dir='ltr' id='par_1_72' title="bbox 374 4238 1957 4298">
     <span class='ocr_line' id='line_1_72' title="bbox 374 4238 1957 4298; baseline 0.005 -8"><span class='ocrx_word' id='word_1_572' title='bbox 374 4246 424 4290; x_wconf 86' lang='lat' dir='ltr'><strong>et</strong></span> <span class='ocrx_word' id='word_1_573' title='bbox 478 4238 729 4293; x_wconf 87' lang='lat' dir='ltr'><strong>derelicta</strong></span> <span class='ocrx_word' id='word_1_574' title='bbox 790 4250 913 4295; x_wconf 86' lang='lat' dir='ltr'><strong>sunt</strong></span> <span class='ocrx_word' id='word_1_575' title='bbox 970 4243 1338 4296; x_wconf 88' lang='lat' dir='ltr'><strong>tantummodo</strong></span> <span class='ocrx_word' id='word_1_576' title='bbox 1397 4242 1540 4296; x_wconf 87' lang='lat' dir='ltr'><strong>labia</strong></span> <span class='ocrx_word' id='word_1_577' title='bbox 1592 4243 1731 4296; x_wconf 91' lang='lat' dir='ltr'><strong>circa</strong></span> <span class='ocrx_word' id='word_1_578' title='bbox 1782 4244 1957 4298; x_wconf 80' lang='lat' dir='ltr'><strong>dentes</strong></span> 
     </span>
    </p>
   </div>
   <div class='ocr_carea' id='block_1_73' title="bbox 374 4331 1956 4403">
    <p class='ocr_par' dir='ltr' id='par_1_73' title="bbox 374 4331 1956 4403">
     <span class='ocr_line' id='line_1_73' title="bbox 374 4331 1956 4403; baseline 0.004 -20"><span class='ocrx_word' id='word_1_579' title='bbox 374 4346 534 4383; x_wconf 80' lang='lat' dir='ltr'><strong>meos.</strong></span> <span class='ocrx_word' id='word_1_580' title='bbox 585 4331 901 4386; x_wconf 78' lang='lat' dir='ltr'><strong>Miseremini</strong></span> <span class='ocrx_word' id='word_1_581' title='bbox 949 4334 1070 4399; x_wconf 89' lang='lat' dir='ltr'><strong>mei,</strong></span> <span class='ocrx_word' id='word_1_582' title='bbox 1109 4335 1425 4389; x_wconf 83' lang='lat' dir='ltr'><strong>miseremini</strong></span> <span class='ocrx_word' id='word_1_583' title='bbox 1462 4336 1583 4399; x_wconf 89' lang='lat' dir='ltr'><strong>mei,</strong></span> <span class='ocrx_word' id='word_1_584' title='bbox 1622 4335 1810 4390; x_wconf 84' lang='lat' dir='ltr'><strong>saltent</strong></span> <span class='ocrx_word' id='word_1_585' title='bbox 1849 4353 1956 4403; x_wconf 79' lang='lat' dir='ltr'><strong>vos,</strong></span> 
     </span>
    </p>
   </div>
   <div class='ocr_carea' id='block_1_74' title="bbox 375 4421 1959 4497">
    <p class='ocr_par' dir='ltr' id='par_1_74' title="bbox 375 4421 1959 4497">
     <span class='ocr_line' id='line_1_74' title="bbox 375 4421 1959 4497; baseline 0.006 -25"><span class='ocrx_word' id='word_1_586' title='bbox 375 4421 537 4475; x_wconf 84' lang='lat' dir='ltr'><strong>amici</strong></span> <span class='ocrx_word' id='word_1_587' title='bbox 577 4424 698 4486; x_wconf 83' lang='lat' dir='ltr'><strong>mei,</strong></span> <span class='ocrx_word' id='word_1_588' title='bbox 736 4426 860 4494; x_wconf 84' lang='lat' dir='ltr'><strong>quia</strong></span> <span class='ocrx_word' id='word_1_589' title='bbox 913 4442 1102 4480; x_wconf 87' lang='lat' dir='ltr'><strong>manus</strong></span> <span class='ocrx_word' id='word_1_590' title='bbox 1142 4426 1355 4480; x_wconf 79' lang='lat' dir='ltr'><strong>Domini</strong></span> <span class='ocrx_word' id='word_1_591' title='bbox 1405 4428 1573 4497; x_wconf 75' lang='lat' dir='ltr'><strong>tetigit</strong></span> <span class='ocrx_word' id='word_1_592' title='bbox 1604 4445 1684 4482; x_wconf 84' lang='lat' dir='ltr'><strong>me</strong></span> <span class='ocrx_word' id='word_1_593' title='bbox 1714 4429 1780 4483; x_wconf 87' lang='grc'><strong>³¹.</strong></span> <span class='ocrx_word' id='word_1_594' title='bbox 1827 4428 1959 4482; x_wconf 76' lang='lat' dir='ltr'><strong>Pro-</strong></span> 
     </span>
    </p>
   </div>
   <div class='ocr_carea' id='block_1_75' title="bbox 2061 3228 3641 3299">
    <p class='ocr_par' dir='ltr' id='par_1_75' title="bbox 2061 3228 3641 3299">
     <span class='ocr_line' id='line_1_75' title="bbox 2061 3228 3641 3299; baseline 0 -17"><span class='ocrx_word' id='word_1_595' title='bbox 2061 3230 2281 3299; x_wconf 89' lang='lat' dir='ltr'><strong>quidem</strong></span> <span class='ocrx_word' id='word_1_596' title='bbox 2324 3228 2369 3283; x_wconf 92' lang='lat' dir='ltr'><strong>si</strong></span> <span class='ocrx_word' id='word_1_597' title='bbox 2404 3228 2657 3295; x_wconf 91' lang='lat' dir='ltr'><strong>creverit,</strong></span> <span class='ocrx_word' id='word_1_598' title='bbox 2689 3229 2967 3284; x_wconf 87' lang='lat' dir='ltr'><strong>immunda</strong></span> <span class='ocrx_word' id='word_1_599' title='bbox 2997 3238 3124 3283; x_wconf 91' lang='lat' dir='ltr'><strong>sunt</strong></span> <span class='ocrx_word' id='word_1_600' title='bbox 3149 3228 3330 3284; x_wconf 90' lang='lat' dir='ltr'><strong>omnia</strong></span> <span class='ocrx_word' id='word_1_601' title='bbox 3359 3229 3641 3299; x_wconf 70' lang='lat' dir='ltr'><strong>praedicta,</strong></span> 
     </span>
    </p>
   </div>
   <div class='ocr_carea' id='block_1_76' title="bbox 2063 3320 3643 3392">
    <p class='ocr_par' dir='ltr' id='par_1_76' title="bbox 2063 3320 3643 3392">
     <span class='ocr_line' id='line_1_76' title="bbox 2063 3320 3643 3392; baseline 0 -17"><span class='ocrx_word' id='word_1_602' title='bbox 2063 3321 2119 3375; x_wconf 92' lang='lat' dir='ltr'><strong>in</strong></span> <span class='ocrx_word' id='word_1_603' title='bbox 2167 3321 2366 3391; x_wconf 89' lang='lat' dir='ltr'><strong>quibus</strong></span> <span class='ocrx_word' id='word_1_604' title='bbox 2416 3321 2559 3375; x_wconf 88' lang='lat' dir='ltr'><strong>istud</strong></span> <span class='ocrx_word' id='word_1_605' title='bbox 2610 3321 2879 3388; x_wconf 91' lang='lat' dir='ltr'><strong>evenerit,</strong></span> <span class='ocrx_word' id='word_1_606' title='bbox 2915 3320 3043 3392; x_wconf 89' lang='lat' dir='ltr'><strong>quia</strong></span> <span class='ocrx_word' id='word_1_607' title='bbox 3088 3322 3237 3392; x_wconf 88' lang='lat' dir='ltr'><strong>lepra</strong></span> <span class='ocrx_word' id='word_1_608' title='bbox 3286 3335 3643 3391; x_wconf 89' lang='lat' dir='ltr'><strong>perseverans</strong></span> 
     </span>
    </p>
   </div>
   <div class='ocr_carea' id='block_1_77' title="bbox 2062 3411 3639 3484">
    <p class='ocr_par' dir='ltr' id='par_1_77' title="bbox 2062 3411 3639 3484">
     <span class='ocr_line' id='line_1_77' title="bbox 2062 3411 3639 3484; baseline -0.001 -19"><span class='ocrx_word' id='word_1_609' title='bbox 2062 3420 2164 3474; x_wconf 80' lang='lat' dir='ltr'><strong>est,</strong></span> <span class='ocrx_word' id='word_1_610' title='bbox 2201 3422 2425 3482; x_wconf 89' lang='lat' dir='ltr'><strong>propter</strong></span> <span class='ocrx_word' id='word_1_611' title='bbox 2469 3413 2614 3484; x_wconf 86' lang='lat' dir='ltr'><strong>quod</strong></span> <span class='ocrx_word' id='word_1_612' title='bbox 2665 3422 2721 3468; x_wconf 90' lang='lat' dir='ltr'><strong>ct</strong></span> <span class='ocrx_word' id='word_1_613' title='bbox 2772 3412 3006 3469; x_wconf 85' lang='lat' dir='ltr'><strong>ﬂammis</strong></span> <span class='ocrx_word' id='word_1_614' title='bbox 3043 3414 3201 3483; x_wconf 88' lang='lat' dir='ltr'><strong>jubet</strong></span> <span class='ocrx_word' id='word_1_615' title='bbox 3239 3411 3328 3467; x_wconf 85' lang='lat' dir='ltr'><strong>illa</strong></span> <span class='ocrx_word' id='word_1_616' title='bbox 3373 3412 3639 3468; x_wconf 88' lang='lat' dir='ltr'><strong>comburi.</strong></span> 
     </span>
    </p>
   </div>
   <div class='ocr_carea' id='block_1_78' title="bbox 2061 3501 3644 3577">
    <p class='ocr_par' dir='ltr' id='par_1_78' title="bbox 2061 3501 3644 3577">
     <span class='ocr_line' id='line_1_78' title="bbox 2061 3501 3644 3577; baseline 0 -21"><span class='ocrx_word' id='word_1_617' title='bbox 2061 3501 2204 3574; x_wconf 84' lang='lat' dir='ltr'><strong>Ergo</strong></span> <span class='ocrx_word' id='word_1_618' title='bbox 2248 3502 2521 3559; x_wconf 85' lang='lat' dir='ltr'><strong>ﬂammam</strong></span> <span class='ocrx_word' id='word_1_619' title='bbox 2568 3504 2833 3576; x_wconf 77' lang='lat' dir='ltr'><strong>gehennae</strong></span> <span class='ocrx_word' id='word_1_620' title='bbox 2876 3504 3166 3577; x_wconf 89' lang='lat' dir='ltr'><strong>signiﬁcat,</strong></span> <span class='ocrx_word' id='word_1_621' title='bbox 3204 3512 3259 3557; x_wconf 91' lang='lat' dir='ltr'><strong>et</strong></span> <span class='ocrx_word' id='word_1_622' title='bbox 3299 3503 3466 3557; x_wconf 80' lang='lat' dir='ltr'><strong>futuri</strong></span> <span class='ocrx_word' id='word_1_623' title='bbox 3505 3510 3644 3557; x_wconf 89' lang='lat' dir='ltr'><strong>tem-</strong></span> 
     </span>
    </p>
   </div>
   <div class='ocr_carea' id='block_1_79' title="bbox 2062 3595 3644 3667">
    <p class='ocr_par' dir='ltr' id='par_1_79' title="bbox 2062 3595 3644 3667">
     <span class='ocr_line' id='line_1_79' title="bbox 2062 3595 3644 3667; baseline 0 -20"><span class='ocrx_word' id='word_1_624' title='bbox 2062 3595 2211 3664; x_wconf 89' lang='lat' dir='ltr'><strong>poris</strong></span> <span class='ocrx_word' id='word_1_625' title='bbox 2254 3595 2574 3651; x_wconf 89' lang='lat' dir='ltr'><strong>memoriam</strong></span> <span class='ocrx_word' id='word_1_626' title='bbox 2618 3595 2748 3651; x_wconf 76' lang='lat' dir='ltr'><strong>facit</strong></span> <span class='ocrx_word' id='word_1_627' title='bbox 2773 3614 2784 3650; x_wconf 89' lang='lat'>:</span> <span class='ocrx_word' id='word_1_628' title='bbox 2813 3612 2991 3667; x_wconf 89' lang='lat' dir='ltr'><strong>neque</strong></span> <span class='ocrx_word' id='word_1_629' title='bbox 3033 3596 3179 3651; x_wconf 88' lang='lat' dir='ltr'><strong>enim</strong></span> <span class='ocrx_word' id='word_1_630' title='bbox 3218 3596 3351 3651; x_wconf 75' lang='lat' dir='ltr'><strong>dixit.</strong></span> <span class='ocrx_word' id='word_1_631' title='bbox 3382 3613 3394 3649; x_wconf 93' lang='lat'><strong>:</strong></span> <span class='ocrx_word' id='word_1_632' title='bbox 3420 3595 3485 3650; x_wconf 86' lang='lat' dir='ltr'><strong>In</strong></span> <span class='ocrx_word' id='word_1_633' title='bbox 3525 3595 3644 3667; x_wconf 84' lang='lat' dir='ltr'><strong>igne</strong></span> 
     </span>
    </p>
   </div>
   <div class='ocr_carea' id='block_1_80' title="bbox 2063 3688 3276 3759">
    <p class='ocr_par' dir='ltr' id='par_1_80' title="bbox 2063 3688 3276 3759">
     <span class='ocr_line' id='line_1_80' title="bbox 2063 3688 3276 3759; baseline 0.003 -22"><span class='ocrx_word' id='word_1_634' title='bbox 2063 3696 2447 3753; x_wconf 87' lang='lat' dir='ltr'><strong>concrematur,</strong></span> <span class='ocrx_word' id='word_1_635' title='bbox 2477 3688 2570 3742; x_wconf 91' lang='lat' dir='ltr'><strong>sed</strong></span> <span class='ocrx_word' id='word_1_636' title='bbox 2602 3690 2656 3741; x_wconf 88' lang='lat' dir='ltr'><strong>in</strong></span> <span class='ocrx_word' id='word_1_637' title='bbox 2690 3689 2808 3759; x_wconf 86' lang='lat' dir='ltr'><strong>igne</strong></span> <span class='ocrx_word' id='word_1_638' title='bbox 2841 3689 3276 3743; x_wconf 85' lang='lat' dir='ltr'><strong>concremabitur.</strong></span> 
     </span>
    </p>
   </div>
   <div class='ocr_carea' id='block_1_81' title="bbox 2136 3773 3643 3846">
    <p class='ocr_par' dir='ltr' id='par_1_81' title="bbox 2136 3773 3643 3846">
     <span class='ocr_line' id='line_1_81' title="bbox 2136 3773 3643 3846; baseline 0 -18"><span class='ocrx_word' id='word_1_639' title='bbox 2136 3773 2196 3829; x_wconf 89' lang='lat' dir='ltr'><strong>Si</strong></span> <span class='ocrx_word' id='word_1_640' title='bbox 2231 3787 2408 3831; x_wconf 86' lang='lat' dir='ltr'><strong>autem</strong></span> <span class='ocrx_word' id='word_1_641' title='bbox 2439 3788 2554 3846; x_wconf 88' lang='lat' dir='ltr'><strong>post</strong></span> <span class='ocrx_word' id='word_1_642' title='bbox 2594 3778 2938 3832; x_wconf 84' lang='lat' dir='ltr'><strong>reclusionent</strong></span> <span class='ocrx_word' id='word_1_643' title='bbox 2985 3795 3102 3832; x_wconf 79' lang='lat' dir='ltr'><strong>eam</strong></span> <span class='ocrx_word' id='word_1_644' title='bbox 3149 3778 3335 3833; x_wconf 68' lang='lat' dir='ltr'><strong>uiderit</strong></span> <span class='ocrx_word' id='word_1_645' title='bbox 3385 3794 3485 3831; x_wconf 89' lang='lat' dir='ltr'><strong>non</strong></span> <span class='ocrx_word' id='word_1_646' title='bbox 3530 3793 3643 3829; x_wconf 83' lang='lat' dir='ltr'><strong>cre-</strong></span> 
     </span>
    </p>
   </div>
   <div class='ocr_carea' id='block_1_82' title="bbox 2061 3867 3639 3941">
    <p class='ocr_par' dir='ltr' id='par_1_82' title="bbox 2061 3867 3639 3941">
     <span class='ocr_line' id='line_1_82' title="bbox 2061 3867 3639 3941; baseline 0.003 -21"><span class='ocrx_word' id='word_1_647' title='bbox 2061 3867 2224 3932; x_wconf 84' lang='lat' dir='ltr'><strong>visse,</strong></span> <span class='ocrx_word' id='word_1_648' title='bbox 2271 3870 2562 3939; x_wconf 73' lang='lat' dir='ltr'><strong>prazcipiel,</strong></span> <span class='ocrx_word' id='word_1_649' title='bbox 2610 3879 2658 3923; x_wconf 87' lang='lat' dir='ltr'><strong>et</strong></span> <span class='ocrx_word' id='word_1_650' title='bbox 2699 3870 2950 3924; x_wconf 89' lang='lat' dir='ltr'><strong>lavabunt</strong></span> <span class='ocrx_word' id='word_1_651' title='bbox 3007 3872 3064 3925; x_wconf 84' lang='lat' dir='ltr'><strong>id</strong></span> <span class='ocrx_word' id='word_1_652' title='bbox 3106 3871 3161 3923; x_wconf 90' lang='lat' dir='ltr'><strong>in</strong></span> <span class='ocrx_word' id='word_1_653' title='bbox 3200 3887 3300 3941; x_wconf 88' lang='lat' dir='ltr'><strong>quo</strong></span> <span class='ocrx_word' id='word_1_654' title='bbox 3350 3869 3493 3941; x_wconf 65' lang='lat' dir='ltr'><strong>lepra</strong></span> <span class='ocrx_word' id='word_1_655' title='bbox 3545 3878 3639 3924; x_wconf 86' lang='lat' dir='ltr'><strong>est.</strong></span> 
     </span>
    </p>
   </div>
   <div class='ocr_carea' id='block_1_83' title="bbox 2062 3959 3639 4036">
    <p class='ocr_par' dir='ltr' id='par_1_83' title="bbox 2062 3959 3639 4036">
     <span class='ocr_line' id='line_1_83' title="bbox 2062 3959 3639 4036; baseline 0.003 -22"><span class='ocrx_word' id='word_1_656' title='bbox 2062 3959 2119 4015; x_wconf 91' lang='lat' dir='ltr'><strong>ld</strong></span> <span class='ocrx_word' id='word_1_657' title='bbox 2156 3969 2258 4026; x_wconf 88' lang='lat' dir='ltr'><strong>est,</strong></span> <span class='ocrx_word' id='word_1_658' title='bbox 2294 3961 2505 4016; x_wconf 90' lang='lat' dir='ltr'><strong>diluere</strong></span> <span class='ocrx_word' id='word_1_659' title='bbox 2536 3977 2597 4017; x_wconf 90' lang='lat' dir='ltr'><strong>ea</strong></span> <span class='ocrx_word' id='word_1_660' title='bbox 2628 3960 2778 4017; x_wconf 88' lang='lat' dir='ltr'><strong>illum</strong></span> <span class='ocrx_word' id='word_1_661' title='bbox 2820 3979 2919 4033; x_wconf 89' lang='lat' dir='ltr'><strong>per</strong></span> <span class='ocrx_word' id='word_1_662' title='bbox 2959 3965 3334 4034; x_wconf 73' lang='lat' dir='ltr'><strong>pwnitentiam</strong></span> <span class='ocrx_word' id='word_1_663' title='bbox 3362 3965 3639 4036; x_wconf 70' lang='lat' dir='ltr'><strong>pratccpit.</strong></span> 
     </span>
    </p>
   </div>
   <div class='ocr_carea' id='block_1_84' title="bbox 2061 4056 3642 4130">
    <p class='ocr_par' dir='ltr' id='par_1_84' title="bbox 2061 4056 3642 4130">
     <span class='ocr_line' id='line_1_84' title="bbox 2061 4056 3642 4130; baseline 0.002 -19"><span class='ocrx_word' id='word_1_664' title='bbox 2061 4056 2268 4111; x_wconf 86' lang='lat' dir='ltr'><strong>Deinde</strong></span> <span class='ocrx_word' id='word_1_665' title='bbox 2297 4067 2419 4127; x_wconf 89' lang='lat' dir='ltr'><strong>post</strong></span> <span class='ocrx_word' id='word_1_666' title='bbox 2451 4056 2772 4112; x_wconf 84' lang='lat' dir='ltr'><strong>dilationem</strong></span> <span class='ocrx_word' id='word_1_667' title='bbox 2813 4057 3095 4113; x_wconf 89' lang='lat' dir='ltr'><strong>recludere</strong></span> <span class='ocrx_word' id='word_1_668' title='bbox 3133 4058 3261 4114; x_wconf 91' lang='lat' dir='ltr'><strong>illud</strong></span> <span class='ocrx_word' id='word_1_669' title='bbox 3291 4069 3497 4130; x_wconf 88' lang='lat' dir='ltr'><strong>septem</strong></span> <span class='ocrx_word' id='word_1_670' title='bbox 3524 4060 3642 4115; x_wconf 88' lang='lat' dir='ltr'><strong>dies</strong></span> 
     </span>
    </p>
   </div>
   <div class='ocr_carea' id='block_1_85' title="bbox 2061 4150 3742 4228">
    <p class='ocr_par' dir='ltr' id='par_1_85' title="bbox 2061 4150 3742 4228">
     <span class='ocr_line' id='line_1_85' title="bbox 2061 4150 3742 4228; baseline 0.004 -25"><span class='ocrx_word' id='word_1_671' title='bbox 2061 4166 2251 4206; x_wconf 88' lang='lat' dir='ltr'><strong>rursus</strong></span> <span class='ocrx_word' id='word_1_672' title='bbox 2283 4150 2459 4221; x_wconf 83' lang='lat' dir='ltr'><strong>jubet,</strong></span> <span class='ocrx_word' id='word_1_673' title='bbox 2486 4158 2546 4204; x_wconf 92' lang='lat' dir='ltr'><strong>ut</strong></span> <span class='ocrx_word' id='word_1_674' title='bbox 2591 4161 2909 4223; x_wconf 86' lang='lat' dir='ltr'><strong>cognoscat,</strong></span> <span class='ocrx_word' id='word_1_675' title='bbox 2945 4165 3126 4206; x_wconf 88' lang='lat' dir='ltr'><strong>utrum</strong></span> <span class='ocrx_word' id='word_1_676' title='bbox 3172 4152 3642 4213; x_wconf 85' lang='lat' dir='ltr'><strong>iuveniat_macu-</strong></span> <span class='ocrx_word' id='word_1_677' title='bbox 3728 4218 3742 4228; x_wconf 48' lang='lat'><strong>.</strong></span> 
     </span>
    </p>
   </div>
   <div class='ocr_carea' id='block_1_86' title="bbox 2061 4242 3638 4315">
    <p class='ocr_par' dir='ltr' id='par_1_86' title="bbox 2061 4242 3638 4315">
     <span class='ocr_line' id='line_1_86' title="bbox 2061 4242 3638 4315; baseline 0.003 -20"><span class='ocrx_word' id='word_1_678' title='bbox 2061 4242 2167 4296; x_wconf 89' lang='lat' dir='ltr'><strong>lam</strong></span> <span class='ocrx_word' id='word_1_679' title='bbox 2222 4243 2527 4313; x_wconf 73' lang='lat' dir='ltr'><strong>superbim,</strong></span> <span class='ocrx_word' id='word_1_680' title='bbox 2582 4244 2666 4299; x_wconf 92' lang='lat' dir='ltr'><strong>vel</strong></span> <span class='ocrx_word' id='word_1_681' title='bbox 2720 4260 2873 4298; x_wconf 68' lang='lat' dir='ltr'><strong>vana:</strong></span> <span class='ocrx_word' id='word_1_682' title='bbox 2926 4244 3130 4315; x_wconf 66' lang='lat' dir='ltr'><strong>gloria},</strong></span> <span class='ocrx_word' id='word_1_683' title='bbox 3164 4255 3579 4315; x_wconf 87' lang='lat' dir='ltr'><strong>permanentem</strong></span> <span class='ocrx_word' id='word_1_684' title='bbox 3625 4264 3638 4299; x_wconf 93' lang='lat'><strong>:</strong></span> 
     </span>
    </p>
   </div>
   <div class='ocr_carea' id='block_1_87' title="bbox 2060 4330 3646 4399">
    <p class='ocr_par' dir='ltr' id='par_1_87' title="bbox 2060 4330 3646 4399">
     <span class='ocr_line' id='line_1_87' title="bbox 2060 4330 3646 4399; baseline 0.005 -16"><span class='ocrx_word' id='word_1_685' title='bbox 2060 4330 2309 4399; x_wconf 87' lang='lat' dir='ltr'><strong>quamvis</strong></span> <span class='ocrx_word' id='word_1_686' title='bbox 2352 4346 2464 4386; x_wconf 91' lang='lat' dir='ltr'><strong>non</strong></span> <span class='ocrx_word' id='word_1_687' title='bbox 2502 4331 2757 4398; x_wconf 86' lang='lat' dir='ltr'><strong>creverit,</strong></span> <span class='ocrx_word' id='word_1_688' title='bbox 2796 4341 2976 4387; x_wconf 90' lang='lat' dir='ltr'><strong>tamen</strong></span> <span class='ocrx_word' id='word_1_689' title='bbox 3016 4333 3408 4390; x_wconf 84' lang='lat' dir='ltr'><strong>incommutata</strong></span> <span class='ocrx_word' id='word_1_690' title='bbox 3438 4337 3505 4392; x_wconf 85' lang='lat' dir='ltr'><strong>ab</strong></span> <span class='ocrx_word' id='word_1_691' title='bbox 3541 4336 3646 4391; x_wconf 90' lang='lat' dir='ltr'><strong>hoc</strong></span> 
     </span>
    </p>
   </div>
   <div class='ocr_carea' id='block_1_88' title="bbox 2062 4423 3640 4496">
    <p class='ocr_par' dir='ltr' id='par_1_88' title="bbox 2062 4423 3640 4496">
     <span class='ocr_line' id='line_1_88' title="bbox 2062 4423 3640 4496; baseline 0.006 -22"><span class='ocrx_word' id='word_1_692' title='bbox 2062 4431 2163 4486; x_wconf 80' lang='lat' dir='ltr'><strong>est,</strong></span> <span class='ocrx_word' id='word_1_693' title='bbox 2182 4423 2307 4492; x_wconf 91' lang='lat' dir='ltr'><strong>quia</strong></span> <span class='ocrx_word' id='word_1_694' title='bbox 2324 4423 2387 4478; x_wconf 89' lang='lat' dir='ltr'><strong>ad</strong></span> <span class='ocrx_word' id='word_1_695' title='bbox 2407 4424 2785 4495; x_wconf 72' lang='lat' dir='ltr'><strong>pmniterttiam</strong></span> <span class='ocrx_word' id='word_1_696' title='bbox 2807 4440 2915 4480; x_wconf 92' lang='lat' dir='ltr'><strong>non</strong></span> <span class='ocrx_word' id='word_1_697' title='bbox 2944 4426 3156 4496; x_wconf 85' lang='lat' dir='ltr'><strong>migrat,</strong></span> <span class='ocrx_word' id='word_1_698' title='bbox 3176 4427 3515 4483; x_wconf 89' lang='lat' dir='ltr'><strong>immundum</strong></span> <span class='ocrx_word' id='word_1_699' title='bbox 3534 4439 3640 4493; x_wconf 83' lang='lat' dir='ltr'><strong>est,</strong></span> 
     </span>
    </p>
   </div>
   <div class='ocr_carea' id='block_1_89' title="bbox 374 4510 3647 4590">
    <p class='ocr_par' dir='ltr' id='par_1_89' title="bbox 374 4510 3647 4590">
     <span class='ocr_line' id='line_1_89' title="bbox 374 4510 3647 4590; baseline 0.003 -27"><span class='ocrx_word' id='word_1_700' title='bbox 374 4510 529 4565; x_wconf 90' lang='lat' dir='ltr'><strong>hibet</strong></span> <span class='ocrx_word' id='word_1_701' title='bbox 569 4528 696 4584; x_wconf 87' lang='lat' dir='ltr'><strong>ergo</strong></span> <span class='ocrx_word' id='word_1_702' title='bbox 728 4530 829 4569; x_wconf 88' lang='lat' dir='ltr'><strong>nec</strong></span> <span class='ocrx_word' id='word_1_703' title='bbox 867 4515 922 4569; x_wconf 92' lang='lat' dir='ltr'><strong>in</strong></span> <span class='ocrx_word' id='word_1_704' title='bbox 957 4514 1155 4570; x_wconf 89' lang='lat' dir='ltr'><strong>virtute</strong></span> <span class='ocrx_word' id='word_1_705' title='bbox 1200 4516 1457 4586; x_wconf 73' lang='lat' dir='ltr'><strong>perlecta.</strong></span> <span class='ocrx_word' id='word_1_706' title='bbox 1493 4519 1635 4587; x_wconf 88' lang='lat' dir='ltr'><strong>quod</strong></span> <span class='ocrx_word' id='word_1_707' title='bbox 1672 4525 1754 4571; x_wconf 82' lang='lat' dir='ltr'><strong>est</strong></span> <span class='ocrx_word' id='word_1_708' title='bbox 1781 4518 1949 4573; x_wconf 85' lang='lat' dir='ltr'><strong>vesti-</strong></span> <span class='ocrx_word' id='word_1_709' title='bbox 1985 4514 2026 4569; x_wconf 92' lang='lat' dir='ltr'><strong>D</strong></span> <span class='ocrx_word' id='word_1_710' title='bbox 2057 4526 2109 4571; x_wconf 90' lang='lat' dir='ltr'><strong>et</strong></span> <span class='ocrx_word' id='word_1_711' title='bbox 2137 4516 2260 4588; x_wconf 84' lang='lat' dir='ltr'><strong>igne</strong></span> <span class='ocrx_word' id='word_1_712' title='bbox 2287 4518 2659 4572; x_wconf 89' lang='lat' dir='ltr'><strong>comburetur.</strong></span> <span class='ocrx_word' id='word_1_713' title='bbox 2687 4514 3049 4571; x_wconf 88' lang='lat' dir='ltr'><strong>Corroborata</strong></span> <span class='ocrx_word' id='word_1_714' title='bbox 3077 4526 3162 4572; x_wconf 90' lang='lat' dir='ltr'><strong>est</strong></span> <span class='ocrx_word' id='word_1_715' title='bbox 3187 4517 3332 4573; x_wconf 90' lang='lat' dir='ltr'><strong>enim</strong></span> <span class='ocrx_word' id='word_1_716' title='bbox 3362 4519 3567 4590; x_wconf 86' lang='lat' dir='ltr'><strong>passio,</strong></span> <span class='ocrx_word' id='word_1_717' title='bbox 3590 4527 3647 4575; x_wconf 90' lang='lat' dir='ltr'><strong>et</strong></span> 
     </span>
    </p>
   </div>
   <div class='ocr_carea' id='block_1_90' title="bbox 374 4606 1958 4678">
    <p class='ocr_par' dir='ltr' id='par_1_90' title="bbox 374 4606 1958 4678">
     <span class='ocr_line' id='line_1_90' title="bbox 374 4606 1958 4678; baseline 0.007 -22"><span class='ocrx_word' id='word_1_718' title='bbox 374 4613 643 4671; x_wconf 90' lang='lat' dir='ltr'><strong>mentum,</strong></span> <span class='ocrx_word' id='word_1_719' title='bbox 672 4606 757 4659; x_wconf 87' lang='lat' dir='ltr'><strong>vel</strong></span> <span class='ocrx_word' id='word_1_720' title='bbox 808 4607 853 4661; x_wconf 92' lang='lat' dir='ltr'><strong>si</strong></span> <span class='ocrx_word' id='word_1_721' title='bbox 899 4623 1091 4678; x_wconf 86' lang='lat' dir='ltr'><strong>magna</strong></span> <span class='ocrx_word' id='word_1_722' title='bbox 1124 4617 1227 4674; x_wconf 86' lang='lat' dir='ltr'><strong>est,</strong></span> <span class='ocrx_word' id='word_1_723' title='bbox 1262 4610 1345 4663; x_wconf 89' lang='lat' dir='ltr'><strong>vel</strong></span> <span class='ocrx_word' id='word_1_724' title='bbox 1380 4610 1424 4663; x_wconf 89' lang='lat' dir='ltr'><strong>si</strong></span> <span class='ocrx_word' id='word_1_725' title='bbox 1473 4611 1785 4676; x_wconf 85' lang='lat' dir='ltr'><strong>mediocris,</strong></span> <span class='ocrx_word' id='word_1_726' title='bbox 1818 4611 1958 4667; x_wconf 65' lang='lat' dir='ltr'><strong>hanc</strong></span> 
     </span>
    </p>
   </div>
   <div class='ocr_carea' id='block_1_91' title="bbox 372 4695 1955 4769">
    <p class='ocr_par' dir='ltr' id='par_1_91' title="bbox 372 4695 1955 4769">
     <span class='ocr_line' id='line_1_91' title="bbox 372 4695 1955 4769; baseline 0.004 -21"><span class='ocrx_word' id='word_1_727' title='bbox 372 4695 522 4750; x_wconf 88' lang='lat' dir='ltr'><strong>enim</strong></span> <span class='ocrx_word' id='word_1_728' title='bbox 569 4695 849 4752; x_wconf 85' lang='lat' dir='ltr'><strong>lancorum</strong></span> <span class='ocrx_word' id='word_1_729' title='bbox 876 4707 930 4754; x_wconf 92' lang='lat' dir='ltr'><strong>et</strong></span> <span class='ocrx_word' id='word_1_730' title='bbox 992 4700 1263 4754; x_wconf 89' lang='lat' dir='ltr'><strong>lineorum</strong></span> <span class='ocrx_word' id='word_1_731' title='bbox 1296 4701 1661 4757; x_wconf 70' lang='lat' dir='ltr'><strong>ditl‘crcntiam</strong></span> <span class='ocrx_word' id='word_1_732' title='bbox 1700 4702 1955 4769; x_wconf 76' lang='lat' dir='ltr'><strong>diximus,</strong></span> 
     </span>
    </p>
   </div>
   <div class='ocr_carea' id='block_1_92' title="bbox 374 4788 1959 4861">
    <p class='ocr_par' dir='ltr' id='par_1_92' title="bbox 374 4788 1959 4861">
     <span class='ocr_line' id='line_1_92' title="bbox 374 4788 1959 4861; baseline 0.006 -21"><span class='ocrx_word' id='word_1_733' title='bbox 374 4788 645 4843; x_wconf 89' lang='lat' dir='ltr'><strong>maculam</strong></span> <span class='ocrx_word' id='word_1_734' title='bbox 716 4789 948 4845; x_wconf 87' lang='lat' dir='ltr'><strong>inveniri</strong></span> <span class='ocrx_word' id='word_1_735' title='bbox 1001 4792 1175 4846; x_wconf 88' lang='lat' dir='ltr'><strong>albam</strong></span> <span class='ocrx_word' id='word_1_736' title='bbox 1242 4802 1336 4847; x_wconf 89' lang='lat' dir='ltr'><strong>aut</strong></span> <span class='ocrx_word' id='word_1_737' title='bbox 1398 4794 1615 4861; x_wconf 83' lang='lat' dir='ltr'><strong>rufam;</strong></span> <span class='ocrx_word' id='word_1_738' title='bbox 1680 4795 1763 4850; x_wconf 89' lang='lat' dir='ltr'><strong>vel</strong></span> <span class='ocrx_word' id='word_1_739' title='bbox 1816 4796 1959 4850; x_wconf 89' lang='lat' dir='ltr'><strong>sicut</strong></span> 
     </span>
    </p>
   </div>
   <div class='ocr_carea' id='block_1_93' title="bbox 372 4876 1956 4945">
    <p class='ocr_par' dir='ltr' id='par_1_93' title="bbox 372 4876 1956 4945">
     <span class='ocr_line' id='line_1_93' title="bbox 372 4876 1956 4945; baseline 0.009 -14"><span class='ocrx_word' id='word_1_740' title='bbox 372 4876 541 4945; x_wconf 68' lang='lat' dir='ltr'><strong>LXX,</strong></span> <span class='ocrx_word' id='word_1_741' title='bbox 571 4880 897 4937; x_wconf 88' lang='lat' dir='ltr'><strong>viridantem</strong></span> <span class='ocrx_word' id='word_1_742' title='bbox 945 4892 1041 4938; x_wconf 90' lang='lat' dir='ltr'><strong>aut</strong></span> <span class='ocrx_word' id='word_1_743' title='bbox 1087 4883 1573 4942; x_wconf 81' lang='lat' dir='ltr'><strong>ﬁammescentem.</strong></span> <span class='ocrx_word' id='word_1_744' title='bbox 1605 4887 1746 4944; x_wconf 91' lang='lat' dir='ltr'><strong>Dicit</strong></span> <span class='ocrx_word' id='word_1_745' title='bbox 1775 4897 1956 4945; x_wconf 90' lang='lat' dir='ltr'><strong>autem</strong></span> 
     </span>
    </p>
   </div>
   <div class='ocr_carea' id='block_1_94' title="bbox 376 4970 1957 5049">
    <p class='ocr_par' dir='ltr' id='par_1_94' title="bbox 376 4970 1957 5049">
     <span class='ocr_line' id='line_1_94' title="bbox 376 4970 1957 5049; baseline 0.007 -26"><span class='ocrx_word' id='word_1_746' title='bbox 376 4970 706 5027; x_wconf 90' lang='lat' dir='ltr'><strong>viridantem</strong></span> <span class='ocrx_word' id='word_1_747' title='bbox 766 4974 1114 5046; x_wconf 88' lang='lat' dir='ltr'><strong>superbiam,</strong></span> <span class='ocrx_word' id='word_1_748' title='bbox 1169 4977 1541 5034; x_wconf 84' lang='lat' dir='ltr'><strong>ﬂammantem</strong></span> <span class='ocrx_word' id='word_1_749' title='bbox 1618 4980 1957 5049; x_wconf 82' lang='grc' dir='ltr'><strong>κενοδοξίαν;</strong></span> 
     </span>
    </p>
   </div>
   <div class='ocr_carea' id='block_1_95' title="bbox 376 5062 1958 5145">
    <p class='ocr_par' dir='ltr' id='par_1_95' title="bbox 376 5062 1958 5145">
     <span class='ocr_line' id='line_1_95' title="bbox 376 5062 1958 5145; baseline 0.009 -30"><span class='ocrx_word' id='word_1_750' title='bbox 376 5062 498 5118; x_wconf 72' lang='lat' dir='ltr'><strong>haec</strong></span> <span class='ocrx_word' id='word_1_751' title='bbox 523 5066 671 5121; x_wconf 86' lang='lat' dir='ltr'><strong>enim</strong></span> <span class='ocrx_word' id='word_1_752' title='bbox 700 5065 804 5122; x_wconf 78' lang='lat' dir='ltr'><strong>fuit</strong></span> <span class='ocrx_word' id='word_1_753' title='bbox 832 5069 1146 5140; x_wconf 84' lang='lat' dir='ltr'><strong>angelorqu</strong></span> <span class='ocrx_word' id='word_1_754' title='bbox 1186 5072 1579 5142; x_wconf 71' lang='lat' dir='ltr'><strong>praevaricatio,</strong></span> <span class='ocrx_word' id='word_1_755' title='bbox 1604 5073 1728 5144; x_wconf 88' lang='lat' dir='ltr'><strong>quia</strong></span> <span class='ocrx_word' id='word_1_756' title='bbox 1759 5075 1958 5145; x_wconf 87' lang='lat' dir='ltr'><strong>ubique</strong></span> 
     </span>
    </p>
   </div>
   <div class='ocr_carea' id='block_1_96' title="bbox 373 5157 1958 5239">
    <p class='ocr_par' dir='ltr' id='par_1_96' title="bbox 373 5157 1958 5239">
     <span class='ocr_line' id='line_1_96' title="bbox 373 5157 1958 5239; baseline 0.006 -29"><span class='ocrx_word' id='word_1_757' title='bbox 373 5157 630 5214; x_wconf 75' lang='lat' dir='ltr'><strong>Christus</strong></span> <span class='ocrx_word' id='word_1_758' title='bbox 661 5160 893 5216; x_wconf 89' lang='lat' dir='ltr'><strong>virtutes</strong></span> <span class='ocrx_word' id='word_1_759' title='bbox 934 5178 964 5216; x_wconf 90' lang='lat' dir='ltr'><strong>a</strong></span> <span class='ocrx_word' id='word_1_760' title='bbox 993 5179 1132 5218; x_wconf 89' lang='lat' dir='ltr'><strong>vana</strong></span> <span class='ocrx_word' id='word_1_761' title='bbox 1162 5165 1329 5235; x_wconf 87' lang='lat' dir='ltr'><strong>gloria</strong></span> <span class='ocrx_word' id='word_1_762' title='bbox 1366 5166 1563 5233; x_wconf 77' lang='lat' dir='ltr'><strong>liberas</strong></span> <span class='ocrx_word' id='word_1_763' title='bbox 1595 5184 1715 5222; x_wconf 85' lang='lat' dir='ltr'><strong>esse</strong></span> <span class='ocrx_word' id='word_1_764' title='bbox 1752 5184 1958 5239; x_wconf 54' lang='lat' dir='ltr'><strong>praece-</strong></span> 
     </span>
    </p>
   </div>
   <div class='ocr_carea' id='block_1_97' title="bbox 374 5251 1957 5330">
    <p class='ocr_par' dir='ltr' id='par_1_97' title="bbox 374 5251 1957 5330">
     <span class='ocr_line' id='line_1_97' title="bbox 374 5251 1957 5330; baseline 0.008 -29"><span class='ocrx_word' id='word_1_765' title='bbox 374 5251 477 5320; x_wconf 85' lang='lat' dir='ltr'><strong>pit,</strong></span> <span class='ocrx_word' id='word_1_766' title='bbox 508 5258 564 5305; x_wconf 89' lang='lat' dir='ltr'><strong>et</strong></span> <span class='ocrx_word' id='word_1_767' title='bbox 603 5268 781 5323; x_wconf 88' lang='lat' dir='ltr'><strong>neque</strong></span> <span class='ocrx_word' id='word_1_768' title='bbox 818 5253 1092 5323; x_wconf 88' lang='lat' dir='ltr'><strong>jejunare,</strong></span> <span class='ocrx_word' id='word_1_769' title='bbox 1124 5271 1303 5326; x_wconf 88' lang='lat' dir='ltr'><strong>neque</strong></span> <span class='ocrx_word' id='word_1_770' title='bbox 1345 5258 1587 5312; x_wconf 86' lang='lat' dir='ltr'><strong>misereri</strong></span> <span class='ocrx_word' id='word_1_771' title='bbox 1629 5261 1694 5313; x_wconf 90' lang='lat' dir='ltr'><strong>ad</strong></span> <span class='ocrx_word' id='word_1_772' title='bbox 1736 5260 1957 5330; x_wconf 88' lang='lat' dir='ltr'><strong>placen-</strong></span> 
     </span>
    </p>
   </div>
   <div class='ocr_carea' id='block_1_98' title="bbox 372 5342 1955 5420">
    <p class='ocr_par' dir='ltr' id='par_1_98' title="bbox 372 5342 1955 5420">
     <span class='ocr_line' id='line_1_98' title="bbox 372 5342 1955 5420; baseline 0.006 -23"><span class='ocrx_word' id='word_1_773' title='bbox 372 5342 504 5397; x_wconf 85' lang='lat' dir='ltr'><strong>dum</strong></span> <span class='ocrx_word' id='word_1_774' title='bbox 544 5344 862 5400; x_wconf 85' lang='lat' dir='ltr'><strong>hominibus</strong></span> <span class='ocrx_word' id='word_1_775' title='bbox 903 5346 1102 5415; x_wconf 83' lang='lat' dir='ltr'><strong>jubet:</strong></span> <span class='ocrx_word' id='word_1_776' title='bbox 1150 5350 1377 5418; x_wconf 82' lang='lat' dir='ltr'><strong>perdere</strong></span> <span class='ocrx_word' id='word_1_777' title='bbox 1413 5352 1611 5420; x_wconf 83' lang='lat' dir='ltr'><strong>quippe</strong></span> <span class='ocrx_word' id='word_1_778' title='bbox 1652 5355 1955 5408; x_wconf 76' lang='lat' dir='ltr'><strong>turrecdctn</strong></span> 
     </span>
    </p>
   </div>
   <div class='ocr_carea' id='block_1_99' title="bbox 372 5437 1955 5510">
    <p class='ocr_par' dir='ltr' id='par_1_99' title="bbox 372 5437 1955 5510">
     <span class='ocr_line' id='line_1_99' title="bbox 372 5437 1955 5510; baseline 0.006 -20"><span class='ocrx_word' id='word_1_779' title='bbox 372 5449 530 5490; x_wconf 83' lang='lat' dir='ltr'><strong>suam</strong></span> <span class='ocrx_word' id='word_1_780' title='bbox 577 5452 672 5491; x_wconf 88' lang='lat' dir='ltr'><strong>eos</strong></span> <span class='ocrx_word' id='word_1_781' title='bbox 714 5437 804 5508; x_wconf 89' lang='lat' dir='ltr'><strong>qui</strong></span> <span class='ocrx_word' id='word_1_782' title='bbox 854 5439 927 5493; x_wconf 87' lang='lat' dir='ltr'><strong>ita</strong></span> <span class='ocrx_word' id='word_1_783' title='bbox 970 5439 1196 5501; x_wconf 82' lang='lat' dir='ltr'><strong>faciunt,</strong></span> <span class='ocrx_word' id='word_1_784' title='bbox 1232 5441 1537 5497; x_wconf 72' lang='lat' dir='ltr'><strong>aﬂirmavit.</strong></span> <span class='ocrx_word' id='word_1_785' title='bbox 1572 5443 1670 5510; x_wconf 82' lang='lat' dir='ltr'><strong>Qui</strong></span> <span class='ocrx_word' id='word_1_786' title='bbox 1706 5445 1856 5501; x_wconf 85' lang='lat' dir='ltr'><strong>enim</strong></span> <span class='ocrx_word' id='word_1_787' title='bbox 1886 5446 1955 5499; x_wconf 90' lang='lat' dir='ltr'><strong>ab</strong></span> 
     </span>
    </p>
   </div>
   <div class='ocr_carea' id='block_1_100' title="bbox 374 5526 1954 5609">
    <p class='ocr_par' dir='ltr' id='par_1_100' title="bbox 374 5526 1954 5609">
     <span class='ocr_line' id='line_1_100' title="bbox 374 5526 1954 5609; baseline 0.005 -26"><span class='ocrx_word' id='word_1_788' title='bbox 374 5526 691 5583; x_wconf 75' lang='lat' dir='ltr'><strong>hominibus</strong></span> <span class='ocrx_word' id='word_1_789' title='bbox 736 5529 947 5609; x_wconf 80' lang='lat' dir='ltr'><strong>laudari</strong></span> <span class='ocrx_word' id='word_1_790' title='bbox 983 5532 1191 5597; x_wconf 88' lang='lat' dir='ltr'><strong>volunt,</strong></span> <span class='ocrx_word' id='word_1_791' title='bbox 1223 5534 1495 5604; x_wconf 84' lang='lat' dir='ltr'><strong>quomodo</strong></span> <span class='ocrx_word' id='word_1_792' title='bbox 1530 5535 1641 5604; x_wconf 86' lang='lat' dir='ltr'><strong>jam</strong></span> <span class='ocrx_word' id='word_1_793' title='bbox 1688 5536 1892 5590; x_wconf 86' lang='lat' dir='ltr'><strong>laudari</strong></span> <span class='ocrx_word' id='word_1_794' title='bbox 1924 5553 1954 5591; x_wconf 86' lang='lat' dir='ltr'><strong>a</strong></span> 
     </span>
    </p>
   </div>
   <div class='ocr_carea' id='block_1_101' title="bbox 453 5754 1020 5820">
    <p class='ocr_par' dir='ltr' id='par_1_101' title="bbox 453 5754 1020 5820">
     <span class='ocr_line' id='line_1_101' title="bbox 453 5754 1020 5820; baseline 0.007 -13"><span class='ocrx_word' id='word_1_795' title='bbox 453 5755 520 5783; x_wconf 75' lang='lat'><strong>’7&#39;</strong></span> <span class='ocrx_word' id='word_1_796' title='bbox 554 5754 713 5811; x_wconf 64' lang='lat' dir='ltr'><strong>l‘rov.</strong></span> <span class='ocrx_word' id='word_1_797' title='bbox 752 5772 902 5820; x_wconf 64' lang='grc' dir='ltr'>χχχι,</span> <span class='ocrx_word' id='word_1_798' title='bbox 934 5757 1020 5811; x_wconf 77' lang='grc'><strong>15.</strong></span> 
     </span>
    </p>
   </div>
   <div class='ocr_carea' id='block_1_102' title="bbox 371 5821 1240 5893">
    <p class='ocr_par' dir='ltr' id='par_1_102' title="bbox 371 5821 1240 5893">
     <span class='ocr_line' id='line_1_102' title="bbox 371 5821 1240 5893; baseline 0.002 -13"><span class='ocrx_word' id='word_1_799' title='bbox 371 5821 416 5855; x_wconf 86' lang='grc'><strong>³³</strong></span> <span class='ocrx_word' id='word_1_800' title='bbox 458 5824 592 5881; x_wconf 90' lang='lat' dir='ltr'><strong>ibid.</strong></span> <span class='ocrx_word' id='word_1_801' title='bbox 618 5825 672 5883; x_wconf 79' lang='lat'><strong>‘2.</strong></span> <span class='ocrx_word' id='word_1_802' title='bbox 750 5826 796 5859; x_wconf 69' lang='lat'><strong>”</strong></span> <span class='ocrx_word' id='word_1_803' title='bbox 825 5825 986 5881; x_wconf 79' lang='lat' dir='ltr'><strong>Num.</strong></span> <span class='ocrx_word' id='word_1_804' title='bbox 1021 5843 1151 5893; x_wconf 66' lang='grc' dir='ltr'><strong>χχιι,</strong></span> <span class='ocrx_word' id='word_1_805' title='bbox 1189 5827 1240 5883; x_wconf 68' lang='grc'><strong>4.</strong></span> 
     </span>
    </p>
   </div>
   <div class='ocr_carea' id='block_1_103' title="bbox 1099 5756 2354 5828">
    <p class='ocr_par' dir='ltr' id='par_1_103' title="bbox 1099 5756 2354 5828">
     <span class='ocr_line' id='line_1_103' title="bbox 1099 5756 2354 5828; baseline 0.003 -18"><span class='ocrx_word' id='word_1_806' title='bbox 1099 5756 1142 5787; x_wconf 74' lang='grc'><strong>’⁸</strong></span> <span class='ocrx_word' id='word_1_807' title='bbox 1173 5757 1302 5828; x_wconf 79' lang='lat' dir='ltr'><strong>ibid.</strong></span> <span class='ocrx_word' id='word_1_808' title='bbox 1337 5760 1425 5814; x_wconf 71' lang='lat'><strong>9.2.</strong></span> <span class='ocrx_word' id='word_1_809' title='bbox 1491 5761 1535 5795; x_wconf 70' lang='lat'><strong>’9</strong></span> <span class='ocrx_word' id='word_1_810' title='bbox 1565 5759 1678 5815; x_wconf 84' lang='lat' dir='ltr'><strong>Jac.</strong></span> <span class='ocrx_word' id='word_1_811' title='bbox 1719 5778 1754 5828; x_wconf 91' lang='lat' dir='ltr'><strong>t,</strong></span> <span class='ocrx_word' id='word_1_812' title='bbox 1789 5761 1872 5816; x_wconf 72' lang='grc'><strong>12.</strong></span> <span class='ocrx_word' id='word_1_813' title='bbox 1941 5760 1985 5794; x_wconf 73' lang='grc'><strong>³⁸</strong></span> <span class='ocrx_word' id='word_1_814' title='bbox 2016 5759 2176 5816; x_wconf 76' lang='lat' dir='ltr'><strong>Rom.</strong></span> <span class='ocrx_word' id='word_1_815' title='bbox 2205 5777 2261 5827; x_wconf 88' lang='lat' dir='ltr'><strong>v,</strong></span> <span class='ocrx_word' id='word_1_816' title='bbox 2304 5762 2354 5817; x_wconf 72' lang='grc'><strong>4.</strong></span> 
     </span>
    </p>
   </div>
   <div class='ocr_carea' id='block_1_104' title="bbox 2066 4610 3645 4684">
    <p class='ocr_par' dir='ltr' id='par_1_104' title="bbox 2066 4610 3645 4684">
     <span class='ocr_line' id='line_1_104' title="bbox 2066 4610 3645 4684; baseline 0.004 -23"><span class='ocrx_word' id='word_1_817' title='bbox 2066 4617 2350 4679; x_wconf 85' lang='lat' dir='ltr'><strong>propterea</strong></span> <span class='ocrx_word' id='word_1_818' title='bbox 2377 4626 2475 4680; x_wconf 90' lang='lat' dir='ltr'><strong>per</strong></span> <span class='ocrx_word' id='word_1_819' title='bbox 2505 4610 2760 4665; x_wconf 89' lang='lat' dir='ltr'><strong>virtutem</strong></span> <span class='ocrx_word' id='word_1_820' title='bbox 2792 4610 2956 4665; x_wconf 90' lang='lat' dir='ltr'><strong>homo</strong></span> <span class='ocrx_word' id='word_1_821' title='bbox 2998 4626 3102 4665; x_wconf 90' lang='lat' dir='ltr'><strong>nec</strong></span> <span class='ocrx_word' id='word_1_822' title='bbox 3139 4611 3410 4684; x_wconf 82' lang='lat' dir='ltr'><strong>corrigere</strong></span> <span class='ocrx_word' id='word_1_823' title='bbox 3444 4613 3645 4667; x_wconf 88' lang='lat' dir='ltr'><strong>malum</strong></span> 
     </span>
    </p>
   </div>
   <div class='ocr_carea' id='block_1_105' title="bbox 2064 4703 2668 4768">
    <p class='ocr_par' dir='ltr' id='par_1_105' title="bbox 2064 4703 2668 4768">
     <span class='ocr_line' id='line_1_105' title="bbox 2064 4703 2668 4768; baseline 0.002 -10"><span class='ocrx_word' id='word_1_824' title='bbox 2064 4703 2199 4768; x_wconf 84' lang='lat' dir='ltr'><strong>vult,</strong></span> <span class='ocrx_word' id='word_1_825' title='bbox 2232 4720 2334 4759; x_wconf 88' lang='lat' dir='ltr'><strong>nec</strong></span> <span class='ocrx_word' id='word_1_826' title='bbox 2364 4704 2668 4760; x_wconf 89' lang='lat' dir='ltr'><strong>intendere.</strong></span> 
     </span>
    </p>
   </div>
   <div class='ocr_carea' id='block_1_106' title="bbox 2134 4794 3645 4866">
    <p class='ocr_par' dir='ltr' id='par_1_106' title="bbox 2134 4794 3645 4866">
     <span class='ocr_line' id='line_1_106' title="bbox 2134 4794 3645 4866; baseline 0.001 -18"><span class='ocrx_word' id='word_1_827' title='bbox 2134 4794 2193 4848; x_wconf 86' lang='lat' dir='ltr'><strong>Si</strong></span> <span class='ocrx_word' id='word_1_828' title='bbox 2225 4796 2362 4849; x_wconf 85' lang='lat' dir='ltr'><strong>enim</strong></span> <span class='ocrx_word' id='word_1_829' title='bbox 2396 4795 2643 4849; x_wconf 86' lang='lat' dir='ltr'><strong>obscurus</strong></span> <span class='ocrx_word' id='word_1_830' title='bbox 2672 4796 2831 4866; x_wconf 78' lang='lat' dir='ltr'><strong>fuerit</strong></span> <span class='ocrx_word' id='word_1_831' title='bbox 2860 4794 3002 4850; x_wconf 88' lang='lat' dir='ltr'><strong>locus</strong></span> <span class='ocrx_word' id='word_1_832' title='bbox 3034 4795 3212 4864; x_wconf 77' lang='lat' dir='ltr'><strong>leprw.</strong></span> <span class='ocrx_word' id='word_1_833' title='bbox 3241 4796 3298 4852; x_wconf 88' lang='lat' dir='ltr'><strong>Id</strong></span> <span class='ocrx_word' id='word_1_834' title='bbox 3328 4809 3413 4851; x_wconf 84' lang='lat' dir='ltr'><strong>est</strong></span> <span class='ocrx_word' id='word_1_835' title='bbox 3441 4797 3645 4854; x_wconf 87' lang='lat' dir='ltr'><strong>incerta</strong></span> 
     </span>
    </p>
   </div>
   <div class='ocr_carea' id='block_1_107' title="bbox 2061 4884 3648 4959">
    <p class='ocr_par' dir='ltr' id='par_1_107' title="bbox 2061 4884 3648 4959">
     <span class='ocr_line' id='line_1_107' title="bbox 2061 4884 3648 4959; baseline 0.001 -22"><span class='ocrx_word' id='word_1_836' title='bbox 2061 4884 2213 4955; x_wconf 88' lang='lat' dir='ltr'><strong>lepra</strong></span> <span class='ocrx_word' id='word_1_837' title='bbox 2257 4892 2311 4939; x_wconf 91' lang='lat' dir='ltr'><strong>et</strong></span> <span class='ocrx_word' id='word_1_838' title='bbox 2347 4884 2531 4949; x_wconf 78' lang='lat' dir='ltr'><strong>dubia,</strong></span> <span class='ocrx_word' id='word_1_839' title='bbox 2561 4892 2848 4955; x_wconf 90' lang='lat' dir='ltr'><strong>postquam</strong></span> <span class='ocrx_word' id='word_1_840' title='bbox 2875 4886 3041 4941; x_wconf 87' lang='lat' dir='ltr'><strong>vestis</strong></span> <span class='ocrx_word' id='word_1_841' title='bbox 3077 4896 3163 4941; x_wconf 91' lang='lat' dir='ltr'><strong>est</strong></span> <span class='ocrx_word' id='word_1_842' title='bbox 3189 4886 3296 4941; x_wconf 86' lang='lat' dir='ltr'><strong>lota</strong></span> <span class='ocrx_word' id='word_1_843' title='bbox 3333 4902 3427 4959; x_wconf 87' lang='lat' dir='ltr'><strong>per</strong></span> <span class='ocrx_word' id='word_1_844' title='bbox 3468 4887 3648 4957; x_wconf 79' lang='lat' dir='ltr'><strong>pumi-</strong></span> 
     </span>
    </p>
   </div>
   <div class='ocr_carea' id='block_1_108' title="bbox 2066 4977 3645 5047">
    <p class='ocr_par' dir='ltr' id='par_1_108' title="bbox 2066 4977 3645 5047">
     <span class='ocr_line' id='line_1_108' title="bbox 2066 4977 3645 5047; baseline -0.001 -16"><span class='ocrx_word' id='word_1_845' title='bbox 2066 4978 2313 5042; x_wconf 87' lang='lat' dir='ltr'><strong>teutiam,</strong></span> <span class='ocrx_word' id='word_1_846' title='bbox 2342 4977 2665 5033; x_wconf 90' lang='lat' dir='ltr'><strong>abscindere</strong></span> <span class='ocrx_word' id='word_1_847' title='bbox 2706 4978 3017 5047; x_wconf 81' lang='lat' dir='ltr'><strong>passionem</strong></span> <span class='ocrx_word' id='word_1_848' title='bbox 3046 4993 3077 5032; x_wconf 89' lang='lat' dir='ltr'><strong>a</strong></span> <span class='ocrx_word' id='word_1_849' title='bbox 3110 4980 3435 5035; x_wconf 84' lang='lat' dir='ltr'><strong>vestimento</strong></span> <span class='ocrx_word' id='word_1_850' title='bbox 3473 4978 3645 5030; x_wconf 87' lang='lat' dir='ltr'><strong>virtu-</strong></span> 
     </span>
    </p>
   </div>
   <div class='ocr_carea' id='block_1_109' title="bbox 2066 5068 3646 5143">
    <p class='ocr_par' dir='ltr' id='par_1_109' title="bbox 2066 5068 3646 5143">
     <span class='ocr_line' id='line_1_109' title="bbox 2066 5068 3646 5143; baseline -0.002 -17"><span class='ocrx_word' id='word_1_851' title='bbox 2066 5070 2155 5137; x_wconf 92' lang='lat' dir='ltr'><strong>tis,</strong></span> <span class='ocrx_word' id='word_1_852' title='bbox 2185 5078 2620 5142; x_wconf 63' lang='lat' dir='ltr'><strong>czeterOrumque</strong></span> <span class='ocrx_word' id='word_1_853' title='bbox 2658 5086 2781 5142; x_wconf 81' lang='lat' dir='ltr'><strong>quae</strong></span> <span class='ocrx_word' id='word_1_854' title='bbox 2827 5071 2969 5126; x_wconf 91' lang='lat' dir='ltr'><strong>dicta</strong></span> <span class='ocrx_word' id='word_1_855' title='bbox 2996 5080 3147 5138; x_wconf 91' lang='lat' dir='ltr'><strong>sunt,</strong></span> <span class='ocrx_word' id='word_1_856' title='bbox 3178 5070 3455 5143; x_wconf 66' lang='lat' dir='ltr'><strong>praecepit.</strong></span> <span class='ocrx_word' id='word_1_857' title='bbox 3499 5068 3646 5136; x_wconf 84' lang='lat' dir='ltr'><strong>Quo-</strong></span> 
     </span>
    </p>
   </div>
   <div class='ocr_carea' id='block_1_110' title="bbox 2066 5163 3646 5237">
    <p class='ocr_par' dir='ltr' id='par_1_110' title="bbox 2066 5163 3646 5237">
     <span class='ocr_line' id='line_1_110' title="bbox 2066 5163 3646 5237; baseline -0.001 -19"><span class='ocrx_word' id='word_1_858' title='bbox 2066 5164 2226 5219; x_wconf 90' lang='lat' dir='ltr'><strong>modo</strong></span> <span class='ocrx_word' id='word_1_859' title='bbox 2253 5180 2382 5237; x_wconf 83' lang='lat' dir='ltr'><strong>ergo</strong></span> <span class='ocrx_word' id='word_1_860' title='bbox 2411 5165 2722 5235; x_wconf 90' lang='lat' dir='ltr'><strong>superbiam</strong></span> <span class='ocrx_word' id='word_1_861' title='bbox 2750 5164 3065 5236; x_wconf 90' lang='lat' dir='ltr'><strong>abrumpit?</strong></span> <span class='ocrx_word' id='word_1_862' title='bbox 3106 5164 3275 5219; x_wconf 73' lang='lat' dir='ltr'><strong>Valde</strong></span> <span class='ocrx_word' id='word_1_863' title='bbox 3306 5163 3556 5218; x_wconf 85' lang='lat' dir='ltr'><strong>videlicet</strong></span> <span class='ocrx_word' id='word_1_864' title='bbox 3587 5177 3646 5216; x_wconf 88' lang='lat' dir='ltr'><strong>se</strong></span> 
     </span>
    </p>
   </div>
   <div class='ocr_carea' id='block_1_111' title="bbox 2066 5254 3647 5327">
    <p class='ocr_par' dir='ltr' id='par_1_111' title="bbox 2066 5254 3647 5327">
     <span class='ocr_line' id='line_1_111' title="bbox 2066 5254 3647 5327; baseline -0.002 -16"><span class='ocrx_word' id='word_1_865' title='bbox 2066 5256 2378 5323; x_wconf 88' lang='lat' dir='ltr'><strong>humilians,</strong></span> <span class='ocrx_word' id='word_1_866' title='bbox 2411 5257 2662 5312; x_wconf 83' lang='lat' dir='ltr'><strong>similiter</strong></span> <span class='ocrx_word' id='word_1_867' title='bbox 2692 5266 2747 5312; x_wconf 93' lang='lat' dir='ltr'><strong>et</strong></span> <span class='ocrx_word' id='word_1_868' title='bbox 2774 5273 2968 5312; x_wconf 89' lang='lat' dir='ltr'><strong>vanam</strong></span> <span class='ocrx_word' id='word_1_869' title='bbox 3002 5256 3225 5327; x_wconf 85' lang='lat' dir='ltr'><strong>gloriam</strong></span> <span class='ocrx_word' id='word_1_870' title='bbox 3256 5254 3507 5308; x_wconf 87' lang='lat' dir='ltr'><strong>omnibus</strong></span> <span class='ocrx_word' id='word_1_871' title='bbox 3529 5269 3559 5307; x_wconf 88' lang='lat' dir='ltr'><strong>a</strong></span> <span class='ocrx_word' id='word_1_872' title='bbox 3587 5270 3647 5308; x_wconf 87' lang='lat' dir='ltr'><strong>se</strong></span> 
     </span>
    </p>
   </div>
   <div class='ocr_carea' id='block_1_112' title="bbox 2068 5348 3646 5418">
    <p class='ocr_par' dir='ltr' id='par_1_112' title="bbox 2068 5348 3646 5418">
     <span class='ocr_line' id='line_1_112' title="bbox 2068 5348 3646 5418; baseline -0.003 -14"><span class='ocrx_word' id='word_1_873' title='bbox 2068 5367 2353 5405; x_wconf 81' lang='lat' dir='ltr'><strong>removens</strong></span> <span class='ocrx_word' id='word_1_874' title='bbox 2385 5351 2560 5406; x_wconf 87' lang='lat' dir='ltr'><strong>modis</strong></span> <span class='ocrx_word' id='word_1_875' title='bbox 2593 5371 2605 5404; x_wconf 88' lang='lat'><strong>:</strong></span> <span class='ocrx_word' id='word_1_876' title='bbox 2647 5351 2698 5405; x_wconf 88' lang='lat' dir='ltr'><strong>id</strong></span> <span class='ocrx_word' id='word_1_877' title='bbox 2725 5360 2828 5416; x_wconf 83' lang='lat' dir='ltr'><strong>est,</strong></span> <span class='ocrx_word' id='word_1_878' title='bbox 2859 5359 2918 5404; x_wconf 91' lang='lat' dir='ltr'><strong>ut</strong></span> <span class='ocrx_word' id='word_1_879' title='bbox 2945 5366 3047 5403; x_wconf 89' lang='lat' dir='ltr'><strong>nec</strong></span> <span class='ocrx_word' id='word_1_880' title='bbox 3080 5349 3398 5412; x_wconf 81' lang='lat' dir='ltr'><strong>honoribus,</strong></span> <span class='ocrx_word' id='word_1_881' title='bbox 3431 5365 3495 5403; x_wconf 69' lang='lat' dir='ltr'><strong>ex</strong></span> <span class='ocrx_word' id='word_1_882' title='bbox 3523 5348 3646 5418; x_wconf 91' lang='lat' dir='ltr'><strong>qui-</strong></span> 
     </span>
    </p>
   </div>
   <div class='ocr_carea' id='block_1_113' title="bbox 2066 5438 3645 5513">
    <p class='ocr_par' dir='ltr' id='par_1_113' title="bbox 2066 5438 3645 5513">
     <span class='ocr_line' id='line_1_113' title="bbox 2066 5438 3645 5513; baseline -0.004 -13"><span class='ocrx_word' id='word_1_883' title='bbox 2066 5446 2167 5500; x_wconf 88' lang='lat' dir='ltr'><strong>bus</strong></span> <span class='ocrx_word' id='word_1_884' title='bbox 2194 5443 2463 5513; x_wconf 79' lang='lat' dir='ltr'><strong>superbia:</strong></span> <span class='ocrx_word' id='word_1_885' title='bbox 2493 5444 2676 5513; x_wconf 90' lang='lat' dir='ltr'><strong>passio</strong></span> <span class='ocrx_word' id='word_1_886' title='bbox 2704 5443 2965 5506; x_wconf 87' lang='lat' dir='ltr'><strong>nutritur,</strong></span> <span class='ocrx_word' id='word_1_887' title='bbox 3003 5457 3103 5496; x_wconf 84' lang='lat' dir='ltr'><strong>nec</strong></span> <span class='ocrx_word' id='word_1_888' title='bbox 3144 5440 3416 5501; x_wconf 86' lang='lat' dir='ltr'><strong>laudibus.</strong></span> <span class='ocrx_word' id='word_1_889' title='bbox 3446 5438 3645 5509; x_wconf 84' lang='lat' dir='ltr'><strong>quibus</strong></span> 
     </span>
    </p>
   </div>
   <div class='ocr_carea' id='block_1_114' title="bbox 2063 5531 3642 5606">
    <p class='ocr_par' dir='ltr' id='par_1_114' title="bbox 2063 5531 3642 5606">
     <span class='ocr_line' id='line_1_114' title="bbox 2063 5531 3642 5606; baseline -0.003 -15"><span class='ocrx_word' id='word_1_890' title='bbox 2063 5554 2200 5592; x_wconf 87' lang='lat' dir='ltr'><strong>vana</strong></span> <span class='ocrx_word' id='word_1_891' title='bbox 2230 5536 2427 5591; x_wconf 88' lang='lat' dir='ltr'><strong>crescit</strong></span> <span class='ocrx_word' id='word_1_892' title='bbox 2458 5535 2648 5606; x_wconf 88' lang='lat' dir='ltr'><strong>gloria,</strong></span> <span class='ocrx_word' id='word_1_893' title='bbox 2677 5536 2999 5598; x_wconf 86' lang='lat' dir='ltr'><strong>delectetur,</strong></span> <span class='ocrx_word' id='word_1_894' title='bbox 3031 5534 3112 5586; x_wconf 90' lang='lat' dir='ltr'><strong>vel</strong></span> <span class='ocrx_word' id='word_1_895' title='bbox 3150 5532 3381 5604; x_wconf 87' lang='lat' dir='ltr'><strong>gaudeat</strong></span> <span class='ocrx_word' id='word_1_896' title='bbox 3411 5551 3424 5587; x_wconf 84' lang='lat'><strong>:</strong></span> <span class='ocrx_word' id='word_1_897' title='bbox 3456 5531 3642 5601; x_wconf 83' lang='lat' dir='ltr'><strong>sicque</strong></span> 
     </span>
    </p>
   </div>
   <div class='ocr_carea' id='block_1_115' title="bbox 2434 5754 3645 5827">
    <p class='ocr_par' dir='ltr' id='par_1_115' title="bbox 2434 5754 3645 5827">
     <span class='ocr_line' id='line_1_115' title="bbox 2434 5754 3645 5827; baseline 0.002 -14"><span class='ocrx_word' id='word_1_898' title='bbox 2434 5760 2477 5792; x_wconf 87' lang='grc'><strong>³¹</strong></span> <span class='ocrx_word' id='word_1_899' title='bbox 2498 5759 2609 5816; x_wconf 78' lang='lat' dir='ltr'><strong>&#39;lob</strong></span> <span class='ocrx_word' id='word_1_900' title='bbox 2639 5775 2750 5827; x_wconf 82' lang='lat' dir='ltr'><strong>xtx,</strong></span> <span class='ocrx_word' id='word_1_901' title='bbox 2783 5758 2874 5826; x_wconf 66' lang='grc' dir='ltr'><strong>ΞΟ,</strong></span> <span class='ocrx_word' id='word_1_902' title='bbox 2905 5759 2994 5815; x_wconf 74' lang='lat' dir='ltr'><strong>2t.</strong></span> <span class='ocrx_word' id='word_1_903' title='bbox 3079 5758 3123 5791; x_wconf 84' lang='grc'><strong>³³</strong></span> <span class='ocrx_word' id='word_1_904' title='bbox 3159 5756 3306 5813; x_wconf 85' lang='lat' dir='ltr'><strong>Psal.</strong></span> <span class='ocrx_word' id='word_1_905' title='bbox 3337 5772 3524 5825; x_wconf 81' lang='lat' dir='ltr'><strong>xxxvi,</strong></span> <span class='ocrx_word' id='word_1_906' title='bbox 3552 5754 3645 5815; x_wconf 74' lang='lat'><strong>56.</strong></span> 
     </span>
    </p>
   </div>
  </div>
