  <div class='ocr_page' id='page_1' title='image "/cluster/home/n/w/nwhite01/storage/ocr_20150623/93/mdp.39015078384313/483.png"; bbox 0 0 4030 6240; ppageno 0'>
   <div class='ocr_carea' id='block_1_1' title="bbox 468 321 586 391">
    <p class='ocr_par' dir='ltr' id='par_1_1' title="bbox 468 321 586 391">
     <span class='ocr_line' id='line_1_1' title="bbox 468 321 586 391; baseline 0.051 -6"><span class='ocrx_word' id='word_1_1' title='bbox 468 321 586 391; x_wconf 70' lang='lat'><strong>“951</strong></span> 
     </span>
    </p>
   </div>
   <div class='ocr_carea' id='block_1_2' title="bbox 1669 301 2630 385">
    <p class='ocr_par' dir='ltr' id='par_1_2' title="bbox 1669 301 2630 385">
     <span class='ocr_line' id='line_1_2' title="bbox 1669 301 2630 385; baseline -0.002 -3"><span class='ocrx_word' id='word_1_2' title='bbox 1669 320 2029 382; x_wconf 74' lang='lat' dir='ltr'><strong>nasvcnn</strong></span> <span class='ocrx_word' id='word_1_3' title='bbox 2064 318 2535 385; x_wconf 72' lang='lat' dir='ltr'><strong>PRESBYTERI</strong></span> <span class='ocrx_word' id='word_1_4' title='bbox 2618 301 2630 310; x_wconf 85' lang='lat'>&#39;</span> 
     </span>
    </p>
   </div>
   <div class='ocr_carea' id='block_1_3' title="bbox 3669 315 3803 387">
    <p class='ocr_par' dir='ltr' id='par_1_3' title="bbox 3669 315 3803 387">
     <span class='ocr_line' id='line_1_3' title="bbox 3669 315 3803 387; baseline 0 0"><span class='ocrx_word' id='word_1_5' title='bbox 3669 315 3803 387; x_wconf 77' lang='lat'><strong>952</strong></span> 
     </span>
    </p>
   </div>
   <div class='ocr_carea' id='block_1_4' title="bbox 485 431 3797 515">
    <p class='ocr_par' dir='ltr' id='par_1_4' title="bbox 485 431 3797 515">
     <span class='ocr_line' id='line_1_4' title="bbox 485 431 3797 515; baseline -0.003 -22"><span class='ocrx_word' id='word_1_6' title='bbox 485 445 857 504; x_wconf 68' lang='lat' dir='ltr'><strong>conversetur,</strong></span> <span class='ocrx_word' id='word_1_7' title='bbox 888 446 945 490; x_wconf 92' lang='lat' dir='ltr'><strong>ut</strong></span> <span class='ocrx_word' id='word_1_8' title='bbox 994 452 1062 489; x_wconf 87' lang='lat' dir='ltr'><strong>ne</strong></span> <span class='ocrx_word' id='word_1_9' title='bbox 1107 435 1325 505; x_wconf 66' lang='lat' dir='ltr'><strong>quidem</strong></span> <span class='ocrx_word' id='word_1_10' title='bbox 1376 437 1427 490; x_wconf 82' lang='lat' dir='ltr'><strong>ia</strong></span> <span class='ocrx_word' id='word_1_11' title='bbox 1479 436 1846 515; x_wconf 73' lang='lat' dir='ltr'><strong>suspicionem</strong></span> <span class='ocrx_word' id='word_1_12' title='bbox 1893 433 2057 487; x_wconf 90' lang='lat' dir='ltr'><strong>unius</strong></span> <span class='ocrx_word' id='word_1_13' title='bbox 2087 440 2130 492; x_wconf 76' lang='grc' dir='ltr'>Α</span> <span class='ocrx_word' id='word_1_14' title='bbox 2160 445 2228 485; x_wconf 88' lang='lat' dir='ltr'><strong>eo</strong></span> <span class='ocrx_word' id='word_1_15' title='bbox 2255 431 2514 488; x_wconf 87' lang='lat' dir='ltr'><strong>discimus</strong></span> <span class='ocrx_word' id='word_1_16' title='bbox 2545 433 2707 503; x_wconf 88' lang='lat' dir='ltr'><strong>:quia</strong></span> <span class='ocrx_word' id='word_1_17' title='bbox 2740 434 3012 503; x_wconf 83' lang='lat' dir='ltr'><strong>leprosum</strong></span> <span class='ocrx_word' id='word_1_18' title='bbox 3043 448 3151 487; x_wconf 87' lang='lat' dir='ltr'><strong>non</strong></span> <span class='ocrx_word' id='word_1_19' title='bbox 3182 432 3259 487; x_wconf 88' lang='lat' dir='ltr'><strong>ire</strong></span> <span class='ocrx_word' id='word_1_20' title='bbox 3288 431 3354 487; x_wconf 88' lang='lat' dir='ltr'><strong>ad</strong></span> <span class='ocrx_word' id='word_1_21' title='bbox 3376 431 3797 492; x_wconf 72' lang='lat' dir='ltr'><strong>sacerdotem,</strong></span> 
     </span>
    </p>
   </div>
   <div class='ocr_carea' id='block_1_5' title="bbox 485 527 1826 597">
    <p class='ocr_par' dir='ltr' id='par_1_5' title="bbox 485 527 1826 597">
     <span class='ocr_line' id='line_1_5' title="bbox 485 527 1826 597; baseline -0.004 -13"><span class='ocrx_word' id='word_1_22' title='bbox 485 529 682 584; x_wconf 89' lang='lat' dir='ltr'><strong>borum</strong></span> <span class='ocrx_word' id='word_1_23' title='bbox 711 527 932 591; x_wconf 88' lang='lat' dir='ltr'><strong>incidat,</strong></span> <span class='ocrx_word' id='word_1_24' title='bbox 958 537 1012 583; x_wconf 90' lang='lat' dir='ltr'><strong>et</strong></span> <span class='ocrx_word' id='word_1_25' title='bbox 1037 537 1167 589; x_wconf 91' lang='lat' dir='ltr'><strong>tunc</strong></span> <span class='ocrx_word' id='word_1_26' title='bbox 1196 529 1433 582; x_wconf 90' lang='lat' dir='ltr'><strong>mundus</strong></span> <span class='ocrx_word' id='word_1_27' title='bbox 1458 543 1579 582; x_wconf 90' lang='lat' dir='ltr'><strong>esse</strong></span> <span class='ocrx_word' id='word_1_28' title='bbox 1606 527 1826 597; x_wconf 87' lang='lat' dir='ltr'><strong>poterit.</strong></span> 
     </span>
    </p>
   </div>
   <div class='ocr_carea' id='block_1_6' title="bbox 500 615 2061 693">
    <p class='ocr_par' dir='ltr' id='par_1_6' title="bbox 500 615 2061 693">
     <span class='ocr_line' id='line_1_6' title="bbox 500 615 2061 693; baseline -0.003 -21"><span class='ocrx_word' id='word_1_29' title='bbox 500 690 501 693; x_wconf 15' lang='grc' dir='ltr'><strong>η</strong></span> <span class='ocrx_word' id='word_1_30' title='bbox 552 615 650 672; x_wconf 70' lang='lat' dir='ltr'><strong>Sin</strong></span> <span class='ocrx_word' id='word_1_31' title='bbox 673 627 851 672; x_wconf 82' lang='lat' dir='ltr'><strong>autem</strong></span> <span class='ocrx_word' id='word_1_32' title='bbox 882 620 1023 681; x_wconf 82' lang='lat' dir='ltr'><strong>ultra</strong></span> <span class='ocrx_word' id='word_1_33' title='bbox 1065 620 1373 689; x_wconf 79' lang='lat' dir='ltr'><strong>apparuerit</strong></span> <span class='ocrx_word' id='word_1_34' title='bbox 1407 619 1462 671; x_wconf 83' lang='lat' dir='ltr'><strong>in</strong></span> <span class='ocrx_word' id='word_1_35' title='bbox 1487 619 1566 672; x_wconf 82' lang='lat' dir='ltr'><strong>his</strong></span> <span class='ocrx_word' id='word_1_36' title='bbox 1596 617 1743 680; x_wconf 83' lang='lat' dir='ltr'><strong>locis,</strong></span> <span class='ocrx_word' id='word_1_37' title='bbox 1771 632 1886 688; x_wconf 68' lang='lat' dir='ltr'><strong>quae</strong></span> <span class='ocrx_word' id='word_1_38' title='bbox 1913 615 2061 685; x_wconf 75' lang='lat' dir='ltr'><strong>prius</strong></span> 
     </span>
    </p>
   </div>
   <div class='ocr_carea' id='block_1_7' title="bbox 482 702 2058 781">
    <p class='ocr_par' dir='ltr' id='par_1_7' title="bbox 482 702 2058 781">
     <span class='ocr_line' id='line_1_7' title="bbox 482 702 2058 781; baseline -0.001 -21"><span class='ocrx_word' id='word_1_39' title='bbox 482 708 831 761; x_wconf 81' lang='lat' dir='ltr'><strong>immaculata</strong></span> <span class='ocrx_word' id='word_1_40' title='bbox 877 711 1108 781; x_wconf 82' lang='lat' dir='ltr'><strong>fuerant.</strong></span> <span class='ocrx_word' id='word_1_41' title='bbox 1150 710 1207 764; x_wconf 91' lang='lat' dir='ltr'><strong>Id</strong></span> <span class='ocrx_word' id='word_1_42' title='bbox 1255 718 1339 769; x_wconf 84' lang='lat' dir='ltr'><strong>est</strong></span> <span class='ocrx_word' id='word_1_43' title='bbox 1382 709 1436 762; x_wconf 89' lang='lat' dir='ltr'><strong>in</strong></span> <span class='ocrx_word' id='word_1_44' title='bbox 1486 708 1830 771; x_wconf 87' lang='lat' dir='ltr'><strong>vestimento,</strong></span> <span class='ocrx_word' id='word_1_45' title='bbox 1879 705 1963 759; x_wconf 92' lang='lat' dir='ltr'><strong>vel</strong></span> <span class='ocrx_word' id='word_1_46' title='bbox 2003 702 2058 758; x_wconf 89' lang='lat' dir='ltr'><strong>in</strong></span> 
     </span>
    </p>
   </div>
   <div class='ocr_carea' id='block_1_8' title="bbox 440 796 2059 869">
    <p class='ocr_par' dir='ltr' id='par_1_8' title="bbox 440 796 2059 869">
     <span class='ocr_line' id='line_1_8' title="bbox 440 796 2059 869; baseline -0.002 -15"><span class='ocrx_word' id='word_1_47' title='bbox 440 826 459 841; x_wconf 78' lang='grc' dir='ltr'><strong><em>ο</em></strong></span> <span class='ocrx_word' id='word_1_48' title='bbox 483 798 849 869; x_wconf 79' lang='lat' dir='ltr'><strong>subtegmine,</strong></span> <span class='ocrx_word' id='word_1_49' title='bbox 880 800 965 854; x_wconf 89' lang='lat' dir='ltr'><strong>vel</strong></span> <span class='ocrx_word' id='word_1_50' title='bbox 1011 800 1066 854; x_wconf 92' lang='lat' dir='ltr'><strong>in</strong></span> <span class='ocrx_word' id='word_1_51' title='bbox 1117 800 1370 864; x_wconf 76' lang='lat' dir='ltr'><strong>stamine,</strong></span> <span class='ocrx_word' id='word_1_52' title='bbox 1401 799 1485 853; x_wconf 85' lang='lat' dir='ltr'><strong>vel</strong></span> <span class='ocrx_word' id='word_1_53' title='bbox 1531 800 1582 852; x_wconf 89' lang='lat' dir='ltr'><strong>in</strong></span> <span class='ocrx_word' id='word_1_54' title='bbox 1626 798 1785 868; x_wconf 86' lang='lat' dir='ltr'><strong>pelle,</strong></span> <span class='ocrx_word' id='word_1_55' title='bbox 1815 796 1864 852; x_wconf 88' lang='lat' dir='ltr'><strong>id</strong></span> <span class='ocrx_word' id='word_1_56' title='bbox 1895 804 1978 852; x_wconf 89' lang='lat' dir='ltr'><strong>est</strong></span> <span class='ocrx_word' id='word_1_57' title='bbox 2004 797 2059 850; x_wconf 91' lang='lat' dir='ltr'><strong>in</strong></span> 
     </span>
    </p>
   </div>
   <div class='ocr_carea' id='block_1_9' title="bbox 482 885 2060 962">
    <p class='ocr_par' dir='ltr' id='par_1_9' title="bbox 482 885 2060 962">
     <span class='ocr_line' id='line_1_9' title="bbox 482 885 2060 962; baseline -0.004 -16"><span class='ocrx_word' id='word_1_58' title='bbox 482 885 705 957; x_wconf 70' lang='lat' dir='ltr'><strong>vir&#39;tute,</strong></span> <span class='ocrx_word' id='word_1_59' title='bbox 724 900 818 946; x_wconf 88' lang='lat' dir='ltr'><strong>aut</strong></span> <span class='ocrx_word' id='word_1_60' title='bbox 840 891 972 962; x_wconf 87' lang='lat' dir='ltr'><strong>ipsis</strong></span> <span class='ocrx_word' id='word_1_61' title='bbox 993 892 1405 955; x_wconf 83' lang='lat' dir='ltr'><strong>tentationibus,</strong></span> <span class='ocrx_word' id='word_1_62' title='bbox 1424 891 1603 945; x_wconf 88' lang='lat' dir='ltr'><strong>adhuc</strong></span> <span class='ocrx_word' id='word_1_63' title='bbox 1624 889 1867 944; x_wconf 89' lang='lat' dir='ltr'><strong>eamdem</strong></span> <span class='ocrx_word' id='word_1_64' title='bbox 1890 887 2060 943; x_wconf 87' lang='lat' dir='ltr'><strong>susti-</strong></span> 
     </span>
    </p>
   </div>
   <div class='ocr_carea' id='block_1_10' title="bbox 483 976 2057 1051">
    <p class='ocr_par' dir='ltr' id='par_1_10' title="bbox 483 976 2057 1051">
     <span class='ocr_line' id='line_1_10' title="bbox 483 976 2057 1051; baseline -0.003 -16"><span class='ocrx_word' id='word_1_65' title='bbox 483 990 612 1043; x_wconf 82' lang='lat' dir='ltr'><strong>neat</strong></span> <span class='ocrx_word' id='word_1_66' title='bbox 641 981 973 1051; x_wconf 77' lang='lat' dir='ltr'><strong>passionem,</strong></span> <span class='ocrx_word' id='word_1_67' title='bbox 1002 996 1104 1051; x_wconf 83' lang='lat' dir='ltr'><strong>pro</strong></span> <span class='ocrx_word' id='word_1_68' title='bbox 1142 996 1250 1050; x_wconf 89' lang='lat' dir='ltr'><strong>qua</strong></span> <span class='ocrx_word' id='word_1_69' title='bbox 1289 980 1509 1043; x_wconf 83' lang='lat' dir='ltr'><strong>ablutus</strong></span> <span class='ocrx_word' id='word_1_70' title='bbox 1534 986 1638 1044; x_wconf 90' lang='lat' dir='ltr'><strong>est,</strong></span> <span class='ocrx_word' id='word_1_71' title='bbox 1666 979 1750 1034; x_wconf 86' lang='lat' dir='ltr'><strong>vel</strong></span> <span class='ocrx_word' id='word_1_72' title='bbox 1783 976 2057 1048; x_wconf 64' lang='lat' dir='ltr'><strong>paenituit,</strong></span> 
     </span>
    </p>
   </div>
   <div class='ocr_carea' id='block_1_11' title="bbox 483 1070 2061 1144">
    <p class='ocr_par' dir='ltr' id='par_1_11' title="bbox 483 1070 2061 1144">
     <span class='ocr_line' id='line_1_11' title="bbox 483 1070 2061 1144; baseline -0.002 -18"><span class='ocrx_word' id='word_1_73' title='bbox 483 1072 728 1144; x_wconf 82' lang='lat' dir='ltr'><strong>atquein</strong></span> <span class='ocrx_word' id='word_1_74' title='bbox 769 1088 832 1128; x_wconf 89' lang='lat' dir='ltr'><strong>ea</strong></span> <span class='ocrx_word' id='word_1_75' title='bbox 874 1080 1160 1142; x_wconf 83' lang='lat' dir='ltr'><strong>permanet</strong></span> <span class='ocrx_word' id='word_1_76' title='bbox 1185 1071 1520 1135; x_wconf 85' lang='lat' dir='ltr'><strong>immundus,</strong></span> <span class='ocrx_word' id='word_1_77' title='bbox 1562 1070 1871 1140; x_wconf 83' lang='lat' dir='ltr'><strong>hujusmodi</strong></span> <span class='ocrx_word' id='word_1_78' title='bbox 1898 1083 2061 1142; x_wconf 87' lang='lat' dir='ltr'><strong>repu-</strong></span> 
     </span>
    </p>
   </div>
   <div class='ocr_carea' id='block_1_12' title="bbox 489 1163 1625 1235">
    <p class='ocr_par' dir='ltr' id='par_1_12' title="bbox 489 1163 1625 1235">
     <span class='ocr_line' id='line_1_12' title="bbox 489 1163 1625 1235; baseline 0 -16"><span class='ocrx_word' id='word_1_79' title='bbox 489 1174 652 1229; x_wconf 82' lang='lat' dir='ltr'><strong>tatur,</strong></span> <span class='ocrx_word' id='word_1_80' title='bbox 682 1172 740 1219; x_wconf 89' lang='lat' dir='ltr'><strong>et</strong></span> <span class='ocrx_word' id='word_1_81' title='bbox 767 1164 909 1233; x_wconf 80' lang='lat' dir='ltr'><strong>ignis</strong></span> <span class='ocrx_word' id='word_1_82' title='bbox 934 1179 1060 1219; x_wconf 90' lang='lat' dir='ltr'><strong>eum</strong></span> <span class='ocrx_word' id='word_1_83' title='bbox 1091 1164 1354 1235; x_wconf 82' lang='lat' dir='ltr'><strong>gehenna:</strong></span> <span class='ocrx_word' id='word_1_84' title='bbox 1381 1163 1625 1233; x_wconf 87' lang='lat' dir='ltr'><strong>suscipit.</strong></span> 
     </span>
    </p>
   </div>
   <div class='ocr_carea' id='block_1_13' title="bbox 557 1250 2061 1324">
    <p class='ocr_par' dir='ltr' id='par_1_13' title="bbox 557 1250 2061 1324">
     <span class='ocr_line' id='line_1_13' title="bbox 557 1250 2061 1324; baseline -0.002 -16"><span class='ocrx_word' id='word_1_85' title='bbox 557 1253 691 1319; x_wconf 78' lang='lat' dir='ltr'><strong>Quia</strong></span> <span class='ocrx_word' id='word_1_86' title='bbox 736 1253 883 1322; x_wconf 76' lang='lat' dir='ltr'><strong>lepra</strong></span> <span class='ocrx_word' id='word_1_87' title='bbox 911 1254 1140 1309; x_wconf 77' lang='lat' dir='ltr'><strong>volatilis</strong></span> <span class='ocrx_word' id='word_1_88' title='bbox 1170 1263 1217 1308; x_wconf 86' lang='lat' dir='ltr'><strong>et</strong></span> <span class='ocrx_word' id='word_1_89' title='bbox 1251 1270 1387 1324; x_wconf 85' lang='lat' dir='ltr'><strong>vaga</strong></span> <span class='ocrx_word' id='word_1_90' title='bbox 1421 1263 1515 1307; x_wconf 82' lang='lat' dir='ltr'><strong>est.</strong></span> <span class='ocrx_word' id='word_1_91' title='bbox 1554 1254 1612 1307; x_wconf 89' lang='lat' dir='ltr'><strong>Id</strong></span> <span class='ocrx_word' id='word_1_92' title='bbox 1654 1262 1755 1318; x_wconf 87' lang='lat' dir='ltr'><strong>est,</strong></span> <span class='ocrx_word' id='word_1_93' title='bbox 1803 1253 1930 1322; x_wconf 86' lang='lat' dir='ltr'><strong>quia</strong></span> <span class='ocrx_word' id='word_1_94' title='bbox 1954 1250 2061 1306; x_wconf 86' lang='lat' dir='ltr'><strong>hoc</strong></span> 
     </span>
    </p>
   </div>
   <div class='ocr_carea' id='block_1_14' title="bbox 486 1344 2059 1415">
    <p class='ocr_par' dir='ltr' id='par_1_14' title="bbox 486 1344 2059 1415">
     <span class='ocr_line' id='line_1_14' title="bbox 486 1344 2059 1415; baseline -0.001 -17"><span class='ocrx_word' id='word_1_95' title='bbox 486 1346 631 1415; x_wconf 84' lang='lat' dir='ltr'><strong>quod</strong></span> <span class='ocrx_word' id='word_1_96' title='bbox 655 1346 821 1401; x_wconf 88' lang='lat' dir='ltr'><strong>semel</strong></span> <span class='ocrx_word' id='word_1_97' title='bbox 853 1346 1078 1401; x_wconf 69' lang='lat' dir='ltr'><strong>maculae</strong></span> <span class='ocrx_word' id='word_1_98' title='bbox 1106 1346 1335 1399; x_wconf 88' lang='lat' dir='ltr'><strong>dilutum</strong></span> <span class='ocrx_word' id='word_1_99' title='bbox 1362 1344 1557 1410; x_wconf 83' lang='lat' dir='ltr'><strong>fuerat,</strong></span> <span class='ocrx_word' id='word_1_100' title='bbox 1578 1345 1630 1399; x_wconf 87' lang='lat' dir='ltr'><strong>id</strong></span> <span class='ocrx_word' id='word_1_101' title='bbox 1652 1353 1756 1406; x_wconf 89' lang='lat' dir='ltr'><strong>est,</strong></span> <span class='ocrx_word' id='word_1_102' title='bbox 1775 1353 2059 1414; x_wconf 84' lang='lat' dir='ltr'><strong>postquam</strong></span> 
     </span>
    </p>
   </div>
   <div class='ocr_carea' id='block_1_15' title="bbox 486 1433 2057 1505">
    <p class='ocr_par' dir='ltr' id='par_1_15' title="bbox 486 1433 2057 1505">
     <span class='ocr_line' id='line_1_15' title="bbox 486 1433 2057 1505; baseline -0.001 -17"><span class='ocrx_word' id='word_1_103' title='bbox 486 1435 655 1489; x_wconf 81' lang='lat' dir='ltr'><strong>semel</strong></span> <span class='ocrx_word' id='word_1_104' title='bbox 680 1450 711 1489; x_wconf 87' lang='lat' dir='ltr'><strong>a</strong></span> <span class='ocrx_word' id='word_1_105' title='bbox 738 1435 1050 1505; x_wconf 82' lang='lat' dir='ltr'><strong>suspicione</strong></span> <span class='ocrx_word' id='word_1_106' title='bbox 1076 1436 1367 1490; x_wconf 84' lang='lat' dir='ltr'><strong>mundatus</strong></span> <span class='ocrx_word' id='word_1_107' title='bbox 1391 1443 1493 1499; x_wconf 87' lang='lat' dir='ltr'><strong>est,</strong></span> <span class='ocrx_word' id='word_1_108' title='bbox 1523 1450 1711 1488; x_wconf 86' lang='lat' dir='ltr'><strong>rursus</strong></span> <span class='ocrx_word' id='word_1_109' title='bbox 1734 1433 1896 1487; x_wconf 81' lang='lat' dir='ltr'><strong>lavari</strong></span> <span class='ocrx_word' id='word_1_110' title='bbox 1924 1435 2057 1496; x_wconf 88' lang='lat' dir='ltr'><strong>vult,</strong></span> 
     </span>
    </p>
   </div>
   <div class='ocr_carea' id='block_1_16' title="bbox 486 1514 2061 1594">
    <p class='ocr_par' dir='ltr' id='par_1_16' title="bbox 486 1514 2061 1594">
     <span class='ocr_line' id='line_1_16' title="bbox 486 1514 2061 1594; baseline -0.001 -14"><span class='ocrx_word' id='word_1_111' title='bbox 486 1536 547 1580; x_wconf 88' lang='lat' dir='ltr'><strong>ut</strong></span> <span class='ocrx_word' id='word_1_112' title='bbox 577 1534 708 1580; x_wconf 91' lang='lat' dir='ltr'><strong>tunc</strong></span> <span class='ocrx_word' id='word_1_113' title='bbox 733 1526 971 1579; x_wconf 85' lang='lat' dir='ltr'><strong>mundus</strong></span> <span class='ocrx_word' id='word_1_114' title='bbox 998 1527 1332 1579; x_wconf 77' lang='lat' dir='ltr'><strong>nominetur.</strong></span> <span class='ocrx_word' id='word_1_115' title='bbox 1364 1514 1520 1580; x_wconf 42' lang='lat' dir='ltr'><strong>U&#39;ude</strong></span> <span class='ocrx_word' id='word_1_116' title='bbox 1551 1525 1890 1594; x_wconf 87' lang='lat' dir='ltr'><strong>apertissime</strong></span> <span class='ocrx_word' id='word_1_117' title='bbox 1927 1525 2061 1580; x_wconf 82' lang='lat' dir='ltr'><strong>illud</strong></span> 
     </span>
    </p>
   </div>
   <div class='ocr_carea' id='block_1_17' title="bbox 486 1614 2059 1685">
    <p class='ocr_par' dir='ltr' id='par_1_17' title="bbox 486 1614 2059 1685">
     <span class='ocr_line' id='line_1_17' title="bbox 486 1614 2059 1685; baseline 0.002 -18"><span class='ocrx_word' id='word_1_118' title='bbox 486 1614 581 1669; x_wconf 83' lang='lat' dir='ltr'><strong>tibi</strong></span> <span class='ocrx_word' id='word_1_119' title='bbox 612 1614 913 1685; x_wconf 77' lang='lat' dir='ltr'><strong>intelligere</strong></span> <span class='ocrx_word' id='word_1_120' title='bbox 960 1615 1234 1684; x_wconf 75' lang='lat' dir='ltr'><strong>legislator</strong></span> <span class='ocrx_word' id='word_1_121' title='bbox 1277 1616 1474 1679; x_wconf 88' lang='lat' dir='ltr'><strong>innuit,</strong></span> <span class='ocrx_word' id='word_1_122' title='bbox 1505 1616 1720 1685; x_wconf 80' lang='lat' dir='ltr'><strong>quando</strong></span> <span class='ocrx_word' id='word_1_123' title='bbox 1762 1616 1829 1670; x_wconf 87' lang='lat' dir='ltr'><strong>de</strong></span> <span class='ocrx_word' id='word_1_124' title='bbox 1868 1616 2059 1671; x_wconf 91' lang='lat' dir='ltr'><strong>eodem</strong></span> 
     </span>
    </p>
   </div>
   <div class='ocr_carea' id='block_1_18' title="bbox 483 1706 2060 1778">
    <p class='ocr_par' dir='ltr' id='par_1_18' title="bbox 483 1706 2060 1778">
     <span class='ocr_line' id='line_1_18' title="bbox 483 1706 2060 1778; baseline 0.003 -19"><span class='ocrx_word' id='word_1_125' title='bbox 483 1714 710 1776; x_wconf 85' lang='lat' dir='ltr'><strong>peccato</strong></span> <span class='ocrx_word' id='word_1_126' title='bbox 754 1706 1129 1778; x_wconf 84' lang='lat' dir='ltr'><strong>frequentibus</strong></span> <span class='ocrx_word' id='word_1_127' title='bbox 1166 1708 1281 1760; x_wconf 91' lang='lat' dir='ltr'><strong>vult</strong></span> <span class='ocrx_word' id='word_1_128' title='bbox 1325 1707 1577 1777; x_wconf 67' lang='lat' dir='ltr'><strong>lacrymis</strong></span> <span class='ocrx_word' id='word_1_129' title='bbox 1617 1708 1888 1777; x_wconf 71' lang='lat' dir='ltr'><strong>pmiriteri.</strong></span> <span class='ocrx_word' id='word_1_130' title='bbox 1926 1707 2060 1763; x_wconf 80' lang='lat' dir='ltr'><strong>Fre-</strong></span> 
     </span>
    </p>
   </div>
   <div class='ocr_carea' id='block_1_19' title="bbox 2165 520 3795 594">
    <p class='ocr_par' dir='ltr' id='par_1_19' title="bbox 2165 520 3795 594">
     <span class='ocr_line' id='line_1_19' title="bbox 2165 520 3795 594; baseline -0.002 -15"><span class='ocrx_word' id='word_1_131' title='bbox 2165 523 2259 579; x_wconf 86' lang='lat' dir='ltr'><strong>sed</strong></span> <span class='ocrx_word' id='word_1_132' title='bbox 2290 524 2358 577; x_wconf 90' lang='lat' dir='ltr'><strong>ad</strong></span> <span class='ocrx_word' id='word_1_133' title='bbox 2386 539 2511 578; x_wconf 88' lang='lat' dir='ltr'><strong>eum</strong></span> <span class='ocrx_word' id='word_1_134' title='bbox 2540 525 2618 580; x_wconf 87' lang='lat' dir='ltr'><strong>ire</strong></span> <span class='ocrx_word' id='word_1_135' title='bbox 2647 526 2983 580; x_wconf 86' lang='lat' dir='ltr'><strong>sacerdotem</strong></span> <span class='ocrx_word' id='word_1_136' title='bbox 3014 524 3293 594; x_wconf 61' lang='lat' dir='ltr'><strong>praecepit,</strong></span> <span class='ocrx_word' id='word_1_137' title='bbox 3322 524 3515 593; x_wconf 87' lang='lat' dir='ltr'><strong>sicque</strong></span> <span class='ocrx_word' id='word_1_138' title='bbox 3549 520 3795 576; x_wconf 78' lang='lat' dir='ltr'><strong>adduci</strong></span> 
     </span>
    </p>
   </div>
   <div class='ocr_carea' id='block_1_20' title="bbox 2165 612 3796 685">
    <p class='ocr_par' dir='ltr' id='par_1_20' title="bbox 2165 612 3796 685">
     <span class='ocr_line' id='line_1_20' title="bbox 2165 612 3796 685; baseline -0.001 -17"><span class='ocrx_word' id='word_1_139' title='bbox 2165 629 2288 668; x_wconf 90' lang='lat' dir='ltr'><strong>eum</strong></span> <span class='ocrx_word' id='word_1_140' title='bbox 2324 616 2417 685; x_wconf 90' lang='lat' dir='ltr'><strong>qui</strong></span> <span class='ocrx_word' id='word_1_141' title='bbox 2459 617 2808 672; x_wconf 88' lang='lat' dir='ltr'><strong>mundandus</strong></span> <span class='ocrx_word' id='word_1_142' title='bbox 2845 627 2947 672; x_wconf 91' lang='lat' dir='ltr'><strong>est.</strong></span> <span class='ocrx_word' id='word_1_143' title='bbox 2988 615 3455 681; x_wconf 82' lang='lat' dir='ltr'><strong>Quemadmodum</strong></span> <span class='ocrx_word' id='word_1_144' title='bbox 3496 622 3555 669; x_wconf 86' lang='lat' dir='ltr'><strong>et</strong></span> <span class='ocrx_word' id='word_1_145' title='bbox 3581 612 3796 668; x_wconf 75' lang='lat' dir='ltr'><strong>Chri—</strong></span> 
     </span>
    </p>
   </div>
   <div class='ocr_carea' id='block_1_21' title="bbox 2165 702 3788 775">
    <p class='ocr_par' dir='ltr' id='par_1_21' title="bbox 2165 702 3788 775">
     <span class='ocr_line' id='line_1_21' title="bbox 2165 702 3788 775; baseline -0.002 -16"><span class='ocrx_word' id='word_1_146' title='bbox 2165 714 2282 759; x_wconf 86' lang='lat' dir='ltr'><strong>stus</strong></span> <span class='ocrx_word' id='word_1_147' title='bbox 2328 706 2393 759; x_wconf 90' lang='lat' dir='ltr'><strong>ad</strong></span> <span class='ocrx_word' id='word_1_148' title='bbox 2439 722 2539 760; x_wconf 87' lang='lat' dir='ltr'><strong>nos</strong></span> <span class='ocrx_word' id='word_1_149' title='bbox 2581 706 2752 772; x_wconf 86' lang='lat' dir='ltr'><strong>venit,</strong></span> <span class='ocrx_word' id='word_1_150' title='bbox 2785 716 2841 761; x_wconf 90' lang='lat' dir='ltr'><strong>et</strong></span> <span class='ocrx_word' id='word_1_151' title='bbox 2879 706 2947 761; x_wconf 87' lang='lat' dir='ltr'><strong>ad</strong></span> <span class='ocrx_word' id='word_1_152' title='bbox 2990 722 3086 760; x_wconf 91' lang='lat' dir='ltr'><strong>eos</strong></span> <span class='ocrx_word' id='word_1_153' title='bbox 3125 706 3215 775; x_wconf 92' lang='lat' dir='ltr'><strong>qui</strong></span> <span class='ocrx_word' id='word_1_154' title='bbox 3258 706 3327 759; x_wconf 86' lang='lat' dir='ltr'><strong>ab</strong></span> <span class='ocrx_word' id='word_1_155' title='bbox 3371 720 3438 759; x_wconf 92' lang='lat' dir='ltr'><strong>eo</strong></span> <span class='ocrx_word' id='word_1_156' title='bbox 3489 702 3788 758; x_wconf 75' lang='lat' dir='ltr'><strong>mundari</strong></span> 
     </span>
    </p>
   </div>
   <div class='ocr_carea' id='block_1_22' title="bbox 2164 797 3787 865">
    <p class='ocr_par' dir='ltr' id='par_1_22' title="bbox 2164 797 3787 865">
     <span class='ocr_line' id='line_1_22' title="bbox 2164 797 3787 865; baseline -0.001 -16"><span class='ocrx_word' id='word_1_157' title='bbox 2164 805 2327 865; x_wconf 90' lang='lat' dir='ltr'><strong>atque</strong></span> <span class='ocrx_word' id='word_1_158' title='bbox 2358 798 2504 852; x_wconf 87' lang='lat' dir='ltr'><strong>ablui</strong></span> <span class='ocrx_word' id='word_1_159' title='bbox 2535 798 2904 854; x_wconf 89' lang='lat' dir='ltr'><strong>necessarium</strong></span> <span class='ocrx_word' id='word_1_160' title='bbox 2938 797 3228 852; x_wconf 83' lang='lat' dir='ltr'><strong>habebant.</strong></span> <span class='ocrx_word' id='word_1_161' title='bbox 3260 798 3330 851; x_wconf 85' lang='lat' dir='ltr'><strong>Et</strong></span> <span class='ocrx_word' id='word_1_162' title='bbox 3358 805 3511 849; x_wconf 76' lang='lat' dir='ltr'><strong>extra</strong></span> <span class='ocrx_word' id='word_1_163' title='bbox 3542 804 3787 855; x_wconf 81' lang='lat' dir='ltr'><strong>castra,</strong></span> 
     </span>
    </p>
   </div>
   <div class='ocr_carea' id='block_1_23' title="bbox 2165 886 3787 960">
    <p class='ocr_par' dir='ltr' id='par_1_23' title="bbox 2165 886 3787 960">
     <span class='ocr_line' id='line_1_23' title="bbox 2165 886 3787 960; baseline -0.001 -19"><span class='ocrx_word' id='word_1_164' title='bbox 2165 888 2231 943; x_wconf 91' lang='lat' dir='ltr'><strong>ad</strong></span> <span class='ocrx_word' id='word_1_165' title='bbox 2283 889 2607 945; x_wconf 86' lang='lat' dir='ltr'><strong>intuendum</strong></span> <span class='ocrx_word' id='word_1_166' title='bbox 2655 905 2780 944; x_wconf 90' lang='lat' dir='ltr'><strong>eum</strong></span> <span class='ocrx_word' id='word_1_167' title='bbox 2831 891 2923 960; x_wconf 89' lang='lat' dir='ltr'><strong>qui</strong></span> <span class='ocrx_word' id='word_1_168' title='bbox 2967 889 3315 944; x_wconf 90' lang='lat' dir='ltr'><strong>mundandus</strong></span> <span class='ocrx_word' id='word_1_169' title='bbox 3363 888 3512 953; x_wconf 83' lang='lat' dir='ltr'><strong>erat,</strong></span> <span class='ocrx_word' id='word_1_170' title='bbox 3559 886 3787 957; x_wconf 81' lang='lat' dir='ltr'><strong>egredi</strong></span> 
     </span>
    </p>
   </div>
   <div class='ocr_carea' id='block_1_24' title="bbox 2165 980 3785 1052">
    <p class='ocr_par' dir='ltr' id='par_1_24' title="bbox 2165 980 3785 1052">
     <span class='ocr_line' id='line_1_24' title="bbox 2165 980 3785 1052; baseline -0.001 -19"><span class='ocrx_word' id='word_1_171' title='bbox 2165 980 2501 1035; x_wconf 84' lang='lat' dir='ltr'><strong>sacerdotem</strong></span> <span class='ocrx_word' id='word_1_172' title='bbox 2560 982 2819 1052; x_wconf 58' lang='lat' dir='ltr'><strong>praecepit</strong></span> <span class='ocrx_word' id='word_1_173' title='bbox 2873 999 2886 1035; x_wconf 91' lang='lat'><strong>:</strong></span> <span class='ocrx_word' id='word_1_174' title='bbox 2940 982 3084 1036; x_wconf 90' lang='lat' dir='ltr'><strong>sicut</strong></span> <span class='ocrx_word' id='word_1_175' title='bbox 3131 996 3231 1035; x_wconf 90' lang='lat' dir='ltr'><strong>nos</strong></span> <span class='ocrx_word' id='word_1_176' title='bbox 3279 981 3537 1035; x_wconf 84' lang='lat' dir='ltr'><strong>Christus</strong></span> <span class='ocrx_word' id='word_1_177' title='bbox 3596 987 3785 1033; x_wconf 78' lang='lat' dir='ltr'><strong>extra</strong></span> 
     </span>
    </p>
   </div>
   <div class='ocr_carea' id='block_1_25' title="bbox 2164 1070 3787 1142">
    <p class='ocr_par' dir='ltr' id='par_1_25' title="bbox 2164 1070 3787 1142">
     <span class='ocr_line' id='line_1_25' title="bbox 2164 1070 3787 1142; baseline 0.001 -19"><span class='ocrx_word' id='word_1_178' title='bbox 2164 1078 2379 1135; x_wconf 86' lang='lat' dir='ltr'><strong>castra,</strong></span> <span class='ocrx_word' id='word_1_179' title='bbox 2436 1087 2531 1140; x_wconf 91' lang='lat' dir='ltr'><strong>per</strong></span> <span class='ocrx_word' id='word_1_180' title='bbox 2574 1072 2888 1142; x_wconf 83' lang='lat' dir='ltr'><strong>passionem</strong></span> <span class='ocrx_word' id='word_1_181' title='bbox 2939 1072 3150 1135; x_wconf 83' lang='lat' dir='ltr'><strong>crucis,</strong></span> <span class='ocrx_word' id='word_1_182' title='bbox 3208 1070 3787 1141; x_wconf 79' lang='lat' dir='ltr'><strong>dispensationisque</strong></span> 
     </span>
    </p>
   </div>
   <div class='ocr_carea' id='block_1_26' title="bbox 2164 1161 3780 1231">
    <p class='ocr_par' dir='ltr' id='par_1_26' title="bbox 2164 1161 3780 1231">
     <span class='ocr_line' id='line_1_26' title="bbox 2164 1161 3780 1231; baseline 0.001 -18"><span class='ocrx_word' id='word_1_183' title='bbox 2164 1176 2285 1228; x_wconf 72' lang='lat' dir='ltr'><strong>quae</strong></span> <span class='ocrx_word' id='word_1_184' title='bbox 2323 1169 2454 1215; x_wconf 91' lang='lat' dir='ltr'><strong>tunc</strong></span> <span class='ocrx_word' id='word_1_185' title='bbox 2492 1171 2710 1231; x_wconf 89' lang='lat' dir='ltr'><strong>peracta</strong></span> <span class='ocrx_word' id='word_1_186' title='bbox 2750 1172 2851 1227; x_wconf 91' lang='lat' dir='ltr'><strong>est,</strong></span> <span class='ocrx_word' id='word_1_187' title='bbox 2889 1162 3151 1217; x_wconf 79' lang='lat' dir='ltr'><strong>visitavit.</strong></span> <span class='ocrx_word' id='word_1_188' title='bbox 3198 1161 3317 1215; x_wconf 86' lang='lat' dir='ltr'><strong>Non</strong></span> <span class='ocrx_word' id='word_1_189' title='bbox 3363 1161 3521 1231; x_wconf 91' lang='lat' dir='ltr'><strong>prius</strong></span> <span class='ocrx_word' id='word_1_190' title='bbox 3560 1169 3780 1215; x_wconf 84' lang='lat' dir='ltr'><strong>autem</strong></span> 
     </span>
    </p>
   </div>
   <div class='ocr_carea' id='block_1_27' title="bbox 2167 1249 3780 1321">
    <p class='ocr_par' dir='ltr' id='par_1_27' title="bbox 2167 1249 3780 1321">
     <span class='ocr_line' id='line_1_27' title="bbox 2167 1249 3780 1321; baseline 0.001 -20"><span class='ocrx_word' id='word_1_191' title='bbox 2167 1249 2271 1303; x_wconf 83' lang='lat' dir='ltr'><strong>hoc</strong></span> <span class='ocrx_word' id='word_1_192' title='bbox 2300 1251 2430 1321; x_wconf 84' lang='lat' dir='ltr'><strong>egit,</strong></span> <span class='ocrx_word' id='word_1_193' title='bbox 2471 1266 2631 1320; x_wconf 89' lang='lat' dir='ltr'><strong>quam</strong></span> <span class='ocrx_word' id='word_1_194' title='bbox 2682 1252 2907 1315; x_wconf 82' lang='lat' dir='ltr'><strong>videret,</strong></span> <span class='ocrx_word' id='word_1_195' title='bbox 2942 1251 3067 1321; x_wconf 86' lang='lat' dir='ltr'><strong>quia</strong></span> <span class='ocrx_word' id='word_1_196' title='bbox 3115 1250 3326 1305; x_wconf 84' lang='lat' dir='ltr'><strong>macula</strong></span> <span class='ocrx_word' id='word_1_197' title='bbox 3361 1249 3530 1321; x_wconf 59' lang='lat' dir='ltr'><strong>lepra:</strong></span> <span class='ocrx_word' id='word_1_198' title='bbox 3573 1249 3659 1303; x_wconf 88' lang='lat' dir='ltr'><strong>ab</strong></span> <span class='ocrx_word' id='word_1_199' title='bbox 3703 1263 3780 1302; x_wconf 89' lang='lat' dir='ltr'><strong>eo</strong></span> 
     </span>
    </p>
   </div>
   <div class='ocr_carea' id='block_1_28' title="bbox 2166 1341 3785 1412">
    <p class='ocr_par' dir='ltr' id='par_1_28' title="bbox 2166 1341 3785 1412">
     <span class='ocr_line' id='line_1_28' title="bbox 2166 1341 3785 1412; baseline 0 -19"><span class='ocrx_word' id='word_1_200' title='bbox 2166 1349 2452 1395; x_wconf 87' lang='lat' dir='ltr'><strong>sanaretur</strong></span> <span class='ocrx_word' id='word_1_201' title='bbox 2478 1382 2493 1404; x_wconf 91' lang='lat'><strong>,</strong></span> <span class='ocrx_word' id='word_1_202' title='bbox 2528 1343 2581 1397; x_wconf 91' lang='lat' dir='ltr'><strong>id</strong></span> <span class='ocrx_word' id='word_1_203' title='bbox 2620 1353 2723 1407; x_wconf 85' lang='lat' dir='ltr'><strong>est,</strong></span> <span class='ocrx_word' id='word_1_204' title='bbox 2756 1352 3044 1412; x_wconf 84' lang='lat' dir='ltr'><strong>antequam</strong></span> <span class='ocrx_word' id='word_1_205' title='bbox 3092 1358 3194 1396; x_wconf 91' lang='lat' dir='ltr'><strong>nos</strong></span> <span class='ocrx_word' id='word_1_206' title='bbox 3234 1342 3477 1396; x_wconf 90' lang='lat' dir='ltr'><strong>caruisse</strong></span> <span class='ocrx_word' id='word_1_207' title='bbox 3518 1341 3785 1395; x_wconf 84' lang='lat' dir='ltr'><strong>vidisset</strong></span> 
     </span>
    </p>
   </div>
   <div class='ocr_carea' id='block_1_29' title="bbox 2167 1431 3777 1506">
    <p class='ocr_par' dir='ltr' id='par_1_29' title="bbox 2167 1431 3777 1506">
     <span class='ocr_line' id='line_1_29' title="bbox 2167 1431 3777 1506; baseline 0.001 -23"><span class='ocrx_word' id='word_1_208' title='bbox 2167 1439 2399 1486; x_wconf 90' lang='lat' dir='ltr'><strong>terrore.</strong></span> <span class='ocrx_word' id='word_1_209' title='bbox 2432 1431 2662 1498; x_wconf 85' lang='lat' dir='ltr'><strong>Quando</strong></span> <span class='ocrx_word' id='word_1_210' title='bbox 2700 1450 2830 1506; x_wconf 88' lang='lat' dir='ltr'><strong>ergo</strong></span> <span class='ocrx_word' id='word_1_211' title='bbox 2864 1434 2917 1488; x_wconf 91' lang='lat' dir='ltr'><strong>in</strong></span> <span class='ocrx_word' id='word_1_212' title='bbox 2960 1449 3086 1489; x_wconf 90' lang='lat' dir='ltr'><strong>eum</strong></span> <span class='ocrx_word' id='word_1_213' title='bbox 3127 1449 3237 1488; x_wconf 93' lang='lat' dir='ltr'><strong>non</strong></span> <span class='ocrx_word' id='word_1_214' title='bbox 3282 1432 3458 1486; x_wconf 92' lang='lat' dir='ltr'><strong>solum</strong></span> <span class='ocrx_word' id='word_1_215' title='bbox 3494 1447 3565 1485; x_wconf 76' lang='lat' dir='ltr'><strong>ex</strong></span> <span class='ocrx_word' id='word_1_216' title='bbox 3593 1431 3777 1500; x_wconf 84' lang='lat' dir='ltr'><strong>plebe</strong></span> 
     </span>
    </p>
   </div>
   <div class='ocr_carea' id='block_1_30' title="bbox 2165 1518 3776 1594">
    <p class='ocr_par' dir='ltr' id='par_1_30' title="bbox 2165 1518 3776 1594">
     <span class='ocr_line' id='line_1_30' title="bbox 2165 1518 3776 1594; baseline 0.001 -20"><span class='ocrx_word' id='word_1_217' title='bbox 2165 1518 2393 1577; x_wconf 76' lang='lat' dir='ltr'><strong>Iudaica</strong></span> <span class='ocrx_word' id='word_1_218' title='bbox 2453 1524 2841 1591; x_wconf 90' lang='lat' dir='ltr'><strong>crediderunt,</strong></span> <span class='ocrx_word' id='word_1_219' title='bbox 2893 1525 2985 1580; x_wconf 85' lang='lat' dir='ltr'><strong>sed</strong></span> <span class='ocrx_word' id='word_1_220' title='bbox 3039 1534 3094 1579; x_wconf 88' lang='lat' dir='ltr'><strong>et</strong></span> <span class='ocrx_word' id='word_1_221' title='bbox 3143 1523 3336 1594; x_wconf 83' lang='lat' dir='ltr'><strong>pagani</strong></span> <span class='ocrx_word' id='word_1_222' title='bbox 3384 1523 3776 1577; x_wconf 70' lang='lat' dir='ltr'><strong>ascendentes</strong></span> 
     </span>
    </p>
   </div>
   <div class='ocr_carea' id='block_1_31' title="bbox 2166 1609 3775 1685">
    <p class='ocr_par' dir='ltr' id='par_1_31' title="bbox 2166 1609 3775 1685">
     <span class='ocr_line' id='line_1_31' title="bbox 2166 1609 3775 1685; baseline -0.002 -19"><span class='ocrx_word' id='word_1_223' title='bbox 2166 1628 2290 1666; x_wconf 90' lang='lat' dir='ltr'><strong>eum</strong></span> <span class='ocrx_word' id='word_1_224' title='bbox 2333 1613 2520 1669; x_wconf 83' lang='lat' dir='ltr'><strong>videre</strong></span> <span class='ocrx_word' id='word_1_225' title='bbox 2559 1612 2874 1685; x_wconf 87' lang='lat' dir='ltr'><strong>cupiebant,</strong></span> <span class='ocrx_word' id='word_1_226' title='bbox 2915 1613 3294 1667; x_wconf 87' lang='lat' dir='ltr'><strong>nuntiantibus</strong></span> <span class='ocrx_word' id='word_1_227' title='bbox 3326 1612 3433 1666; x_wconf 90' lang='lat' dir='ltr'><strong>hoc</strong></span> <span class='ocrx_word' id='word_1_228' title='bbox 3464 1609 3775 1681; x_wconf 85' lang='lat' dir='ltr'><strong>discipulis</strong></span> 
     </span>
    </p>
   </div>
   <div class='ocr_carea' id='block_1_32' title="bbox 2159 1702 3772 1775">
    <p class='ocr_par' dir='ltr' id='par_1_32' title="bbox 2159 1702 3772 1775">
     <span class='ocr_line' id='line_1_32' title="bbox 2159 1702 3772 1775; baseline -0.001 -18"><span class='ocrx_word' id='word_1_229' title='bbox 2159 1702 2297 1760; x_wconf 79' lang='lat' dir='ltr'><strong>dixit</strong></span> <span class='ocrx_word' id='word_1_230' title='bbox 2335 1721 2348 1758; x_wconf 92' lang='lat'><strong>:</strong></span> <span class='ocrx_word' id='word_1_231' title='bbox 2381 1703 2525 1758; x_wconf 81' lang='lat' dir='ltr'><strong>Venit</strong></span> <span class='ocrx_word' id='word_1_232' title='bbox 2553 1706 2682 1759; x_wconf 86' lang='lat' dir='ltr'><strong>hora</strong></span> <span class='ocrx_word' id='word_1_233' title='bbox 2732 1713 2789 1759; x_wconf 86' lang='lat' dir='ltr'><strong>ut</strong></span> <span class='ocrx_word' id='word_1_234' title='bbox 2840 1705 3160 1775; x_wconf 72' lang='lat' dir='ltr'><strong>glori/iretur</strong></span> <span class='ocrx_word' id='word_1_235' title='bbox 3208 1704 3373 1759; x_wconf 81' lang='lat' dir='ltr'><strong>Filius</strong></span> <span class='ocrx_word' id='word_1_236' title='bbox 3424 1703 3671 1757; x_wconf 70' lang='lat' dir='ltr'><strong>[taurinis</strong></span> <span class='ocrx_word' id='word_1_237' title='bbox 3698 1702 3772 1756; x_wconf 83' lang='grc'><strong>³⁸.</strong></span> 
     </span>
    </p>
   </div>
   <div class='ocr_carea' id='block_1_33' title="bbox 483 1784 3770 1867">
    <p class='ocr_par' dir='ltr' id='par_1_33' title="bbox 483 1784 3770 1867">
     <span class='ocr_line' id='line_1_33' title="bbox 483 1784 3770 1867; baseline -0 -20"><span class='ocrx_word' id='word_1_238' title='bbox 483 1810 658 1863; x_wconf 90' lang='lat' dir='ltr'><strong>quens</strong></span> <span class='ocrx_word' id='word_1_239' title='bbox 683 1795 829 1849; x_wconf 91' lang='lat' dir='ltr'><strong>enim</strong></span> <span class='ocrx_word' id='word_1_240' title='bbox 855 1795 1326 1857; x_wconf 86' lang='lat' dir='ltr'><strong>commemoratio,</strong></span> <span class='ocrx_word' id='word_1_241' title='bbox 1356 1812 1458 1850; x_wconf 92' lang='lat' dir='ltr'><strong>nec</strong></span> <span class='ocrx_word' id='word_1_242' title='bbox 1498 1798 1673 1866; x_wconf 88' lang='lat' dir='ltr'><strong>ipsum</strong></span> <span class='ocrx_word' id='word_1_243' title='bbox 1706 1798 1903 1852; x_wconf 76' lang='lat' dir='ltr'><strong>vulnus</strong></span> <span class='ocrx_word' id='word_1_244' title='bbox 1934 1812 2051 1867; x_wconf 90' lang='lat' dir='ltr'><strong>per-</strong></span> <span class='ocrx_word' id='word_1_245' title='bbox 2098 1784 2137 1838; x_wconf 78' lang='grc' dir='ltr'><strong>Β</strong></span> <span class='ocrx_word' id='word_1_246' title='bbox 2165 1793 2394 1859; x_wconf 82' lang='lat' dir='ltr'><strong>Quando</strong></span> <span class='ocrx_word' id='word_1_247' title='bbox 2446 1796 2582 1850; x_wconf 86' lang='lat' dir='ltr'><strong>vidit</strong></span> <span class='ocrx_word' id='word_1_248' title='bbox 2630 1796 2775 1866; x_wconf 88' lang='lat' dir='ltr'><strong>quod</strong></span> <span class='ocrx_word' id='word_1_249' title='bbox 2829 1799 3191 1865; x_wconf 81' lang='lat' dir='ltr'><strong>praeparatum</strong></span> <span class='ocrx_word' id='word_1_250' title='bbox 3240 1803 3386 1849; x_wconf 87' lang='lat' dir='ltr'><strong>esset</strong></span> <span class='ocrx_word' id='word_1_251' title='bbox 3444 1795 3770 1849; x_wconf 89' lang='lat' dir='ltr'><strong>humanum</strong></span> 
     </span>
    </p>
   </div>
   <div class='ocr_carea' id='block_1_34' title="bbox 483 1886 2059 1960">
    <p class='ocr_par' dir='ltr' id='par_1_34' title="bbox 483 1886 2059 1960">
     <span class='ocr_line' id='line_1_34' title="bbox 483 1886 2059 1960; baseline 0.004 -22"><span class='ocrx_word' id='word_1_252' title='bbox 483 1886 651 1940; x_wconf 85' lang='lat' dir='ltr'><strong>mittit</strong></span> <span class='ocrx_word' id='word_1_253' title='bbox 690 1886 1008 1956; x_wconf 62' lang='lat' dir='ltr'><strong>praevalere,</strong></span> <span class='ocrx_word' id='word_1_254' title='bbox 1039 1902 1143 1942; x_wconf 88' lang='lat' dir='ltr'><strong>nec</strong></span> <span class='ocrx_word' id='word_1_255' title='bbox 1194 1887 1363 1941; x_wconf 86' lang='lat' dir='ltr'><strong>aliud.</strong></span> <span class='ocrx_word' id='word_1_256' title='bbox 1394 1889 1530 1954; x_wconf 86' lang='lat' dir='ltr'><strong>Quia</strong></span> <span class='ocrx_word' id='word_1_257' title='bbox 1573 1906 1700 1960; x_wconf 86' lang='lat' dir='ltr'><strong>ergo</strong></span> <span class='ocrx_word' id='word_1_258' title='bbox 1737 1900 1792 1943; x_wconf 90' lang='lat' dir='ltr'><strong>et</strong></span> <span class='ocrx_word' id='word_1_259' title='bbox 1829 1890 1895 1944; x_wconf 89' lang='lat' dir='ltr'><strong>de</strong></span> <span class='ocrx_word' id='word_1_260' title='bbox 1928 1904 2059 1945; x_wconf 89' lang='lat' dir='ltr'><strong>eve-</strong></span> 
     </span>
    </p>
   </div>
   <div class='ocr_carea' id='block_1_35' title="bbox 481 1974 2060 2051">
    <p class='ocr_par' dir='ltr' id='par_1_35' title="bbox 481 1974 2060 2051">
     <span class='ocr_line' id='line_1_35' title="bbox 481 1974 2060 2051; baseline 0.002 -20"><span class='ocrx_word' id='word_1_261' title='bbox 481 1974 763 2032; x_wconf 87' lang='lat' dir='ltr'><strong>nientihus</strong></span> <span class='ocrx_word' id='word_1_262' title='bbox 812 1977 868 2032; x_wconf 91' lang='lat' dir='ltr'><strong>in</strong></span> <span class='ocrx_word' id='word_1_263' title='bbox 919 1978 1150 2032; x_wconf 78' lang='lat' dir='ltr'><strong>virtutes</strong></span> <span class='ocrx_word' id='word_1_264' title='bbox 1196 1980 1445 2042; x_wconf 75' lang='lat' dir='ltr'><strong>maculis,</strong></span> <span class='ocrx_word' id='word_1_265' title='bbox 1495 1980 1764 2051; x_wconf 84' lang='lat' dir='ltr'><strong>legislator</strong></span> <span class='ocrx_word' id='word_1_266' title='bbox 1809 1980 2060 2050; x_wconf 84' lang='lat' dir='ltr'><strong>puriﬁca-</strong></span> 
     </span>
    </p>
   </div>
   <div class='ocr_carea' id='block_1_36' title="bbox 482 2066 2056 2140">
    <p class='ocr_par' dir='ltr' id='par_1_36' title="bbox 482 2066 2056 2140">
     <span class='ocr_line' id='line_1_36' title="bbox 482 2066 2056 2140; baseline 0.003 -19"><span class='ocrx_word' id='word_1_267' title='bbox 482 2068 660 2121; x_wconf 88' lang='lat' dir='ltr'><strong>tioncs</strong></span> <span class='ocrx_word' id='word_1_268' title='bbox 706 2067 986 2138; x_wconf 62' lang='lat' dir='ltr'><strong>praecepit,</strong></span> <span class='ocrx_word' id='word_1_269' title='bbox 1024 2066 1136 2137; x_wconf 84' lang='lat' dir='ltr'><strong>jam</strong></span> <span class='ocrx_word' id='word_1_270' title='bbox 1182 2083 1281 2137; x_wconf 88' lang='lat' dir='ltr'><strong>per</strong></span> <span class='ocrx_word' id='word_1_271' title='bbox 1328 2085 1451 2138; x_wconf 80' lang='lat' dir='ltr'><strong>quae</strong></span> <span class='ocrx_word' id='word_1_272' title='bbox 1499 2070 1771 2140; x_wconf 89' lang='lat' dir='ltr'><strong>leprosum</strong></span> <span class='ocrx_word' id='word_1_273' title='bbox 1809 2071 2056 2135; x_wconf 79' lang='lat' dir='ltr'><strong>inundet,</strong></span> 
     </span>
    </p>
   </div>
   <div class='ocr_carea' id='block_1_37' title="bbox 480 2152 2059 2232">
    <p class='ocr_par' dir='ltr' id='par_1_37' title="bbox 480 2152 2059 2232">
     <span class='ocr_line' id='line_1_37' title="bbox 480 2152 2059 2232; baseline 0.004 -22"><span class='ocrx_word' id='word_1_274' title='bbox 480 2172 739 2229; x_wconf 77' lang='lat' dir='ltr'><strong>agnosce.</strong></span> <span class='ocrx_word' id='word_1_275' title='bbox 770 2152 885 2212; x_wconf 83' lang='lat' dir='ltr'><strong>Hoc</strong></span> <span class='ocrx_word' id='word_1_276' title='bbox 910 2173 1042 2228; x_wconf 87' lang='lat' dir='ltr'><strong>ergo</strong></span> <span class='ocrx_word' id='word_1_277' title='bbox 1072 2157 1383 2223; x_wconf 88' lang='lat' dir='ltr'><strong>intendens,</strong></span> <span class='ocrx_word' id='word_1_278' title='bbox 1415 2159 1660 2222; x_wconf 86' lang='lat' dir='ltr'><strong>invenies</strong></span> <span class='ocrx_word' id='word_1_279' title='bbox 1687 2162 1813 2230; x_wconf 84' lang='lat' dir='ltr'><strong>quia</strong></span> <span class='ocrx_word' id='word_1_280' title='bbox 1847 2161 2059 2232; x_wconf 85' lang='lat' dir='ltr'><strong>legisla-</strong></span> 
     </span>
    </p>
   </div>
   <div class='ocr_carea' id='block_1_38' title="bbox 482 2247 2059 2322">
    <p class='ocr_par' dir='ltr' id='par_1_38' title="bbox 482 2247 2059 2322">
     <span class='ocr_line' id='line_1_38' title="bbox 482 2247 2059 2322; baseline 0.004 -20"><span class='ocrx_word' id='word_1_281' title='bbox 482 2248 589 2303; x_wconf 85' lang='lat' dir='ltr'><strong>turi</strong></span> <span class='ocrx_word' id='word_1_282' title='bbox 612 2247 682 2303; x_wconf 89' lang='lat' dir='ltr'><strong>de</strong></span> <span class='ocrx_word' id='word_1_283' title='bbox 709 2247 859 2320; x_wconf 90' lang='lat' dir='ltr'><strong>lepra</strong></span> <span class='ocrx_word' id='word_1_284' title='bbox 888 2249 977 2309; x_wconf 83' lang='lat' dir='ltr'><strong>illa</strong></span> <span class='ocrx_word' id='word_1_285' title='bbox 1003 2267 1149 2308; x_wconf 71' lang='lat' dir='ltr'><strong>cura:</strong></span> <span class='ocrx_word' id='word_1_286' title='bbox 1179 2251 1303 2319; x_wconf 80' lang='lat' dir='ltr'><strong>fuit,</strong></span> <span class='ocrx_word' id='word_1_287' title='bbox 1350 2269 1470 2322; x_wconf 84' lang='lat' dir='ltr'><strong>qua:</strong></span> <span class='ocrx_word' id='word_1_288' title='bbox 1512 2270 1576 2308; x_wconf 81' lang='lat' dir='ltr'><strong>ex</strong></span> <span class='ocrx_word' id='word_1_289' title='bbox 1616 2253 1829 2317; x_wconf 83' lang='lat' dir='ltr'><strong>delictis</strong></span> <span class='ocrx_word' id='word_1_290' title='bbox 1857 2254 1910 2315; x_wconf 90' lang='lat' dir='ltr'><strong>in</strong></span> <span class='ocrx_word' id='word_1_291' title='bbox 1941 2254 2059 2308; x_wconf 82' lang='lat' dir='ltr'><strong>ani—</strong></span> 
     </span>
    </p>
   </div>
   <div class='ocr_carea' id='block_1_39' title="bbox 480 2340 1214 2416">
    <p class='ocr_par' dir='ltr' id='par_1_39' title="bbox 480 2340 1214 2416">
     <span class='ocr_line' id='line_1_39' title="bbox 480 2340 1214 2416; baseline 0.007 -23"><span class='ocrx_word' id='word_1_292' title='bbox 480 2340 670 2395; x_wconf 86' lang='lat' dir='ltr'><strong>mabus</strong></span> <span class='ocrx_word' id='word_1_293' title='bbox 701 2341 904 2397; x_wconf 89' lang='lat' dir='ltr'><strong>nostris</strong></span> <span class='ocrx_word' id='word_1_294' title='bbox 936 2341 1214 2416; x_wconf 77' lang='lat' dir='ltr'><strong>inﬂigitur.</strong></span> 
     </span>
    </p>
   </div>
   <div class='ocr_carea' id='block_1_40' title="bbox 1064 2496 1468 2552">
    <p class='ocr_par' dir='ltr' id='par_1_40' title="bbox 1064 2496 1468 2552">
     <span class='ocr_line' id='line_1_40' title="bbox 1064 2496 1468 2552; baseline 0.002 -1"><span class='ocrx_word' id='word_1_295' title='bbox 1064 2496 1289 2551; x_wconf 83' lang='lat' dir='ltr'><strong>CAPUT</strong></span> <span class='ocrx_word' id='word_1_296' title='bbox 1330 2497 1468 2552; x_wconf 78' lang='lat' dir='ltr'><strong>XIV.</strong></span> 
     </span>
    </p>
   </div>
   <div class='ocr_carea' id='block_1_41' title="bbox 550 2602 2053 2686">
    <p class='ocr_par' dir='ltr' id='par_1_41' title="bbox 550 2602 2053 2686">
     <span class='ocr_line' id='line_1_41' title="bbox 550 2602 2053 2686; baseline 0.007 -29"><span class='ocrx_word' id='word_1_297' title='bbox 550 2602 711 2660; x_wconf 72' lang='lat' dir='ltr'><strong>Vens.</strong></span> <span class='ocrx_word' id='word_1_298' title='bbox 738 2607 852 2663; x_wconf 74' lang='grc'><strong>1-9.</strong></span> <span class='ocrx_word' id='word_1_299' title='bbox 886 2625 903 2658; x_wconf 76' lang='grc' dir='ltr'><strong>ι</strong></span> <span class='ocrx_word' id='word_1_300' title='bbox 935 2608 1280 2679; x_wconf 87' lang='lat' dir='ltr'><strong>Locutusque</strong></span> <span class='ocrx_word' id='word_1_301' title='bbox 1310 2620 1394 2665; x_wconf 90' lang='lat' dir='ltr'><strong>est</strong></span> <span class='ocrx_word' id='word_1_302' title='bbox 1424 2612 1685 2669; x_wconf 86' lang='lat' dir='ltr'><strong>Dominus</strong></span> <span class='ocrx_word' id='word_1_303' title='bbox 1719 2613 1786 2669; x_wconf 89' lang='lat' dir='ltr'><strong>ad</strong></span> <span class='ocrx_word' id='word_1_304' title='bbox 1814 2612 2053 2686; x_wconf 80' lang='lat' dir='ltr'><strong>Moysen,</strong></span> 
     </span>
    </p>
   </div>
   <div class='ocr_carea' id='block_1_42' title="bbox 477 2693 2058 2771">
    <p class='ocr_par' dir='ltr' id='par_1_42' title="bbox 477 2693 2058 2771">
     <span class='ocr_line' id='line_1_42' title="bbox 477 2693 2058 2771; baseline 0.008 -25"><span class='ocrx_word' id='word_1_305' title='bbox 477 2695 667 2749; x_wconf 75' lang='lat' dir='ltr'><strong>dicens</strong></span> <span class='ocrx_word' id='word_1_306' title='bbox 698 2712 711 2748; x_wconf 90' lang='lat'><strong>:</strong></span> <span class='ocrx_word' id='word_1_307' title='bbox 745 2693 842 2749; x_wconf 87' lang='lat' dir='ltr'><strong>Hic</strong></span> <span class='ocrx_word' id='word_1_308' title='bbox 877 2704 961 2752; x_wconf 86' lang='lat' dir='ltr'><strong>est</strong></span> <span class='ocrx_word' id='word_1_309' title='bbox 1005 2698 1140 2752; x_wconf 86' lang='lat' dir='ltr'><strong>ritus</strong></span> <span class='ocrx_word' id='word_1_310' title='bbox 1183 2700 1411 2768; x_wconf 88' lang='lat' dir='ltr'><strong>lcprosi,</strong></span> <span class='ocrx_word' id='word_1_311' title='bbox 1447 2702 1664 2771; x_wconf 84' lang='lat' dir='ltr'><strong>quando</strong></span> <span class='ocrx_word' id='word_1_312' title='bbox 1711 2704 2058 2759; x_wconf 88' lang='lat' dir='ltr'><strong>mundandus</strong></span> 
     </span>
    </p>
   </div>
   <div class='ocr_carea' id='block_1_43' title="bbox 478 2775 2055 2863">
    <p class='ocr_par' dir='ltr' id='par_1_43' title="bbox 478 2775 2055 2863">
     <span class='ocr_line' id='line_1_43' title="bbox 478 2775 2055 2863; baseline 0.008 -27"><span class='ocrx_word' id='word_1_313' title='bbox 478 2791 603 2837; x_wconf 83' lang='lat' dir='ltr'><strong>est:</strong></span> <span class='ocrx_word' id='word_1_314' title='bbox 637 2782 941 2840; x_wconf 81' lang='lat' dir='ltr'><strong>Adducitur</strong></span> <span class='ocrx_word' id='word_1_315' title='bbox 968 2788 1034 2842; x_wconf 87' lang='lat' dir='ltr'><strong>ad</strong></span> <span class='ocrx_word' id='word_1_316' title='bbox 1072 2790 1433 2854; x_wconf 85' lang='lat' dir='ltr'><strong>sacerdotem,</strong></span> <span class='ocrx_word' id='word_1_317' title='bbox 1462 2775 1553 2860; x_wconf 84' lang='lat' dir='ltr'><strong>qui</strong></span> <span class='ocrx_word' id='word_1_318' title='bbox 1593 2809 1845 2863; x_wconf 88' lang='lat' dir='ltr'><strong>egressus</strong></span> <span class='ocrx_word' id='word_1_319' title='bbox 1886 2810 1916 2849; x_wconf 95' lang='lat' dir='ltr'><strong>e</strong></span> <span class='ocrx_word' id='word_1_320' title='bbox 1962 2811 2055 2849; x_wconf 84' lang='lat' dir='ltr'><strong>ca-</strong></span> 
     </span>
    </p>
   </div>
   <div class='ocr_carea' id='block_1_44' title="bbox 477 2874 2057 2955">
    <p class='ocr_par' dir='ltr' id='par_1_44' title="bbox 477 2874 2057 2955">
     <span class='ocr_line' id='line_1_44' title="bbox 477 2874 2057 2955; baseline 0.008 -27"><span class='ocrx_word' id='word_1_321' title='bbox 477 2874 627 2942; x_wconf 73' lang='lat' dir='ltr'><strong>stris,</strong></span> <span class='ocrx_word' id='word_1_322' title='bbox 655 2891 779 2935; x_wconf 85' lang='lat' dir='ltr'><strong>cum</strong></span> <span class='ocrx_word' id='word_1_323' title='bbox 813 2876 1084 2934; x_wconf 79' lang='lat' dir='ltr'><strong>invenerit</strong></span> <span class='ocrx_word' id='word_1_324' title='bbox 1120 2880 1323 2949; x_wconf 84' lang='lat' dir='ltr'><strong>lepram</strong></span> <span class='ocrx_word' id='word_1_325' title='bbox 1354 2898 1476 2936; x_wconf 90' lang='lat' dir='ltr'><strong>esse</strong></span> <span class='ocrx_word' id='word_1_326' title='bbox 1502 2881 1837 2951; x_wconf 85' lang='lat' dir='ltr'><strong>mundatain,</strong></span> <span class='ocrx_word' id='word_1_327' title='bbox 1863 2886 2057 2955; x_wconf 70' lang='lat' dir='ltr'><strong>praeci—</strong></span> 
     </span>
    </p>
   </div>
   <div class='ocr_carea' id='block_1_45' title="bbox 478 2968 2053 3047">
    <p class='ocr_par' dir='ltr' id='par_1_45' title="bbox 478 2968 2053 3047">
     <span class='ocr_line' id='line_1_45' title="bbox 478 2968 2053 3047; baseline 0.008 -27"><span class='ocrx_word' id='word_1_328' title='bbox 478 2968 592 3037; x_wconf 83' lang='lat' dir='ltr'><strong>piet</strong></span> <span class='ocrx_word' id='word_1_329' title='bbox 611 2968 661 3023; x_wconf 91' lang='lat' dir='ltr'><strong>ei</strong></span> <span class='ocrx_word' id='word_1_330' title='bbox 689 2971 779 3039; x_wconf 88' lang='lat' dir='ltr'><strong>qui</strong></span> <span class='ocrx_word' id='word_1_331' title='bbox 809 2970 1148 3040; x_wconf 83' lang='lat' dir='ltr'><strong>puriﬁeatur,</strong></span> <span class='ocrx_word' id='word_1_332' title='bbox 1177 2981 1237 3027; x_wconf 90' lang='lat' dir='ltr'><strong>ut</strong></span> <span class='ocrx_word' id='word_1_333' title='bbox 1272 2973 1467 3033; x_wconf 81' lang='lat' dir='ltr'><strong>oﬂ&#39;erat</strong></span> <span class='ocrx_word' id='word_1_334' title='bbox 1494 2989 1590 3044; x_wconf 85' lang='lat' dir='ltr'><strong>pro</strong></span> <span class='ocrx_word' id='word_1_335' title='bbox 1620 2990 1678 3031; x_wconf 90' lang='lat' dir='ltr'><strong>se</strong></span> <span class='ocrx_word' id='word_1_336' title='bbox 1703 2976 1841 3031; x_wconf 90' lang='lat' dir='ltr'><strong>duos</strong></span> <span class='ocrx_word' id='word_1_337' title='bbox 1867 2993 2053 3047; x_wconf 81' lang='lat' dir='ltr'><strong>passe~</strong></span> 
     </span>
    </p>
   </div>
   <div class='ocr_carea' id='block_1_46' title="bbox 478 3060 2054 3139">
    <p class='ocr_par' dir='ltr' id='par_1_46' title="bbox 478 3060 2054 3139">
     <span class='ocr_line' id='line_1_46' title="bbox 478 3060 2054 3139; baseline 0.006 -27"><span class='ocrx_word' id='word_1_338' title='bbox 478 3074 567 3114; x_wconf 86' lang='lat' dir='ltr'><strong>res</strong></span> <span class='ocrx_word' id='word_1_339' title='bbox 590 3060 763 3126; x_wconf 87' lang='lat' dir='ltr'><strong>vivos,</strong></span> <span class='ocrx_word' id='word_1_340' title='bbox 788 3070 844 3115; x_wconf 89' lang='lat' dir='ltr'><strong>et</strong></span> <span class='ocrx_word' id='word_1_341' title='bbox 866 3079 1003 3133; x_wconf 88' lang='lat' dir='ltr'><strong>quos</strong></span> <span class='ocrx_word' id='word_1_342' title='bbox 1030 3064 1175 3119; x_wconf 86' lang='lat' dir='ltr'><strong>vesci</strong></span> <span class='ocrx_word' id='word_1_343' title='bbox 1202 3065 1409 3120; x_wconf 89' lang='lat' dir='ltr'><strong>licitum</strong></span> <span class='ocrx_word' id='word_1_344' title='bbox 1433 3074 1535 3131; x_wconf 87' lang='lat' dir='ltr'><strong>est,</strong></span> <span class='ocrx_word' id='word_1_345' title='bbox 1565 3077 1619 3121; x_wconf 91' lang='lat' dir='ltr'><strong>et</strong></span> <span class='ocrx_word' id='word_1_346' title='bbox 1644 3067 1852 3139; x_wconf 79' lang='lat' dir='ltr'><strong>lignum</strong></span> <span class='ocrx_word' id='word_1_347' title='bbox 1876 3068 2054 3123; x_wconf 86' lang='lat' dir='ltr'><strong>cedri-</strong></span> 
     </span>
    </p>
   </div>
   <div class='ocr_carea' id='block_1_47' title="bbox 479 3135 2126 3229">
    <p class='ocr_par' dir='ltr' id='par_1_47' title="bbox 479 3135 2126 3229">
     <span class='ocr_line' id='line_1_47' title="bbox 479 3135 2126 3229; baseline 0.008 -26"><span class='ocrx_word' id='word_1_348' title='bbox 479 3160 647 3216; x_wconf 74' lang='lat' dir='ltr'><strong>nUm,</strong></span> <span class='ocrx_word' id='word_1_349' title='bbox 695 3154 1182 3226; x_wconf 82' lang='lat' dir='ltr'><strong>vermiculumque,</strong></span> <span class='ocrx_word' id='word_1_350' title='bbox 1229 3166 1286 3212; x_wconf 91' lang='lat' dir='ltr'><strong>et</strong></span> <span class='ocrx_word' id='word_1_351' title='bbox 1330 3159 1626 3229; x_wconf 82' lang='lat' dir='ltr'><strong>hyssopum</strong></span> <span class='ocrx_word' id='word_1_352' title='bbox 1661 3176 1675 3215; x_wconf 71' lang='grc' dir='ltr'><strong>ι</strong></span> <span class='ocrx_word' id='word_1_353' title='bbox 1711 3169 1762 3214; x_wconf 90' lang='lat' dir='ltr'><strong>et</strong></span> <span class='ocrx_word' id='word_1_354' title='bbox 1807 3177 1976 3215; x_wconf 91' lang='lat' dir='ltr'><strong>unum</strong></span> <span class='ocrx_word' id='word_1_355' title='bbox 2023 3177 2054 3215; x_wconf 90' lang='lat' dir='ltr'><strong>e</strong></span> <span class='ocrx_word' id='word_1_356' title='bbox 2081 3135 2126 3196; x_wconf 53' lang='grc' dir='ltr'><strong>(ἶ</strong></span> 
     </span>
    </p>
   </div>
   <div class='ocr_carea' id='block_1_48' title="bbox 480 3244 2059 3322">
    <p class='ocr_par' dir='ltr' id='par_1_48' title="bbox 480 3244 2059 3322">
     <span class='ocr_line' id='line_1_48' title="bbox 480 3244 2059 3322; baseline 0.008 -26"><span class='ocrx_word' id='word_1_357' title='bbox 480 3244 796 3314; x_wconf 87' lang='lat' dir='ltr'><strong>passeribus</strong></span> <span class='ocrx_word' id='word_1_358' title='bbox 835 3245 1099 3309; x_wconf 84' lang='lat' dir='ltr'><strong>immolari</strong></span> <span class='ocrx_word' id='word_1_359' title='bbox 1148 3248 1363 3317; x_wconf 87' lang='lat' dir='ltr'><strong>jubcbit</strong></span> <span class='ocrx_word' id='word_1_360' title='bbox 1408 3250 1462 3304; x_wconf 89' lang='lat' dir='ltr'><strong>in</strong></span> <span class='ocrx_word' id='word_1_361' title='bbox 1510 3265 1638 3307; x_wconf 81' lang='lat' dir='ltr'><strong>vase</strong></span> <span class='ocrx_word' id='word_1_362' title='bbox 1683 3251 1853 3318; x_wconf 80' lang='lat' dir='ltr'><strong>ﬁctili,</strong></span> <span class='ocrx_word' id='word_1_363' title='bbox 1894 3268 2059 3322; x_wconf 88' lang='lat' dir='ltr'><strong>super</strong></span> 
     </span>
    </p>
   </div>
   <div class='ocr_carea' id='block_1_49' title="bbox 480 3322 2060 3412">
    <p class='ocr_par' dir='ltr' id='par_1_49' title="bbox 480 3322 2060 3412">
     <span class='ocr_line' id='line_1_49' title="bbox 480 3322 2060 3412; baseline 0.007 -25"><span class='ocrx_word' id='word_1_364' title='bbox 480 3349 650 3403; x_wconf 83' lang='lat' dir='ltr'><strong>aquas</strong></span> <span class='ocrx_word' id='word_1_365' title='bbox 679 3322 924 3391; x_wconf 64' lang='lat' dir='ltr'><strong>vivenies</strong></span> <span class='ocrx_word' id='word_1_366' title='bbox 955 3355 967 3390; x_wconf 91' lang='lat'><strong>:</strong></span> <span class='ocrx_word' id='word_1_367' title='bbox 998 3339 1162 3393; x_wconf 87' lang='lat' dir='ltr'><strong>alium</strong></span> <span class='ocrx_word' id='word_1_368' title='bbox 1196 3349 1377 3394; x_wconf 89' lang='lat' dir='ltr'><strong>autem</strong></span> <span class='ocrx_word' id='word_1_369' title='bbox 1412 3342 1594 3396; x_wconf 89' lang='lat' dir='ltr'><strong>vivum</strong></span> <span class='ocrx_word' id='word_1_370' title='bbox 1634 3358 1758 3397; x_wconf 89' lang='lat' dir='ltr'><strong>cum</strong></span> <span class='ocrx_word' id='word_1_371' title='bbox 1796 3342 1941 3412; x_wconf 83' lang='lat' dir='ltr'><strong>ligno</strong></span> <span class='ocrx_word' id='word_1_372' title='bbox 1969 3359 2060 3398; x_wconf 89' lang='lat' dir='ltr'><strong>ce-</strong></span> 
     </span>
    </p>
   </div>
   <div class='ocr_carea' id='block_1_50' title="bbox 479 3426 2061 3505">
    <p class='ocr_par' dir='ltr' id='par_1_50' title="bbox 479 3426 2061 3505">
     <span class='ocr_line' id='line_1_50' title="bbox 479 3426 2061 3505; baseline 0.008 -27"><span class='ocrx_word' id='word_1_373' title='bbox 479 3426 662 3487; x_wconf 85' lang='lat' dir='ltr'><strong>drino,</strong></span> <span class='ocrx_word' id='word_1_374' title='bbox 691 3436 746 3481; x_wconf 92' lang='lat' dir='ltr'><strong>et</strong></span> <span class='ocrx_word' id='word_1_375' title='bbox 771 3443 958 3489; x_wconf 85' lang='lat' dir='ltr'><strong>cocco.</strong></span> <span class='ocrx_word' id='word_1_376' title='bbox 990 3441 1045 3484; x_wconf 87' lang='lat' dir='ltr'><strong>et</strong></span> <span class='ocrx_word' id='word_1_377' title='bbox 1085 3431 1320 3502; x_wconf 81' lang='lat' dir='ltr'><strong>hyssopo</strong></span> <span class='ocrx_word' id='word_1_378' title='bbox 1357 3433 1528 3503; x_wconf 85' lang='lat' dir='ltr'><strong>tinget</strong></span> <span class='ocrx_word' id='word_1_379' title='bbox 1558 3433 1610 3486; x_wconf 92' lang='lat' dir='ltr'><strong>in</strong></span> <span class='ocrx_word' id='word_1_380' title='bbox 1643 3434 1909 3505; x_wconf 81' lang='lat' dir='ltr'><strong>sanguine</strong></span> <span class='ocrx_word' id='word_1_381' title='bbox 1936 3451 2061 3505; x_wconf 77' lang='lat' dir='ltr'><strong>pas-</strong></span> 
     </span>
    </p>
   </div>
   <div class='ocr_carea' id='block_1_51' title="bbox 480 3518 2061 3595">
    <p class='ocr_par' dir='ltr' id='par_1_51' title="bbox 480 3518 2061 3595">
     <span class='ocr_line' id='line_1_51' title="bbox 480 3518 2061 3595; baseline 0.007 -24"><span class='ocrx_word' id='word_1_382' title='bbox 480 3518 617 3574; x_wconf 84' lang='lat' dir='ltr'><strong>seris</strong></span> <span class='ocrx_word' id='word_1_383' title='bbox 645 3519 929 3575; x_wconf 87' lang='lat' dir='ltr'><strong>immolati.</strong></span> <span class='ocrx_word' id='word_1_384' title='bbox 963 3521 1066 3588; x_wconf 89' lang='lat' dir='ltr'><strong>Qui</strong></span> <span class='ocrx_word' id='word_1_385' title='bbox 1109 3534 1357 3595; x_wconf 86' lang='lat' dir='ltr'><strong>asperget</strong></span> <span class='ocrx_word' id='word_1_386' title='bbox 1401 3525 1552 3579; x_wconf 92' lang='lat' dir='ltr'><strong>illum</strong></span> <span class='ocrx_word' id='word_1_387' title='bbox 1585 3526 1677 3595; x_wconf 88' lang='lat' dir='ltr'><strong>qui</strong></span> <span class='ocrx_word' id='word_1_388' title='bbox 1716 3527 2061 3583; x_wconf 78' lang='lat' dir='ltr'><strong>mandandus</strong></span> 
     </span>
    </p>
   </div>
   <div class='ocr_carea' id='block_1_52' title="bbox 478 3614 2056 3689">
    <p class='ocr_par' dir='ltr' id='par_1_52' title="bbox 478 3614 2056 3689">
     <span class='ocr_line' id='line_1_52' title="bbox 478 3614 2056 3689; baseline 0.006 -24"><span class='ocrx_word' id='word_1_389' title='bbox 478 3623 582 3677; x_wconf 88' lang='lat' dir='ltr'><strong>est,</strong></span> <span class='ocrx_word' id='word_1_390' title='bbox 611 3614 814 3684; x_wconf 80' lang='lat' dir='ltr'><strong>septies</strong></span> <span class='ocrx_word' id='word_1_391' title='bbox 855 3624 913 3668; x_wconf 90' lang='lat' dir='ltr'><strong>ut</strong></span> <span class='ocrx_word' id='word_1_392' title='bbox 938 3617 1061 3684; x_wconf 84' lang='lat' dir='ltr'><strong>jure</strong></span> <span class='ocrx_word' id='word_1_393' title='bbox 1102 3625 1390 3687; x_wconf 82' lang='lat' dir='ltr'><strong>purgetur,</strong></span> <span class='ocrx_word' id='word_1_394' title='bbox 1421 3626 1476 3671; x_wconf 90' lang='lat' dir='ltr'><strong>et</strong></span> <span class='ocrx_word' id='word_1_395' title='bbox 1515 3617 1757 3678; x_wconf 85' lang='lat' dir='ltr'><strong>dimittet</strong></span> <span class='ocrx_word' id='word_1_396' title='bbox 1785 3634 2056 3689; x_wconf 85' lang='lat' dir='ltr'><strong>passerem</strong></span> 
     </span>
    </p>
   </div>
   <div class='ocr_carea' id='block_1_53' title="bbox 480 3704 2060 3779">
    <p class='ocr_par' dir='ltr' id='par_1_53' title="bbox 480 3704 2060 3779">
     <span class='ocr_line' id='line_1_53' title="bbox 480 3704 2060 3779; baseline 0.005 -23"><span class='ocrx_word' id='word_1_397' title='bbox 480 3704 662 3759; x_wconf 68' lang='lat' dir='ltr'><strong>vivum</strong></span> <span class='ocrx_word' id='word_1_398' title='bbox 704 3718 764 3761; x_wconf 89' lang='lat' dir='ltr'><strong>ut</strong></span> <span class='ocrx_word' id='word_1_399' title='bbox 803 3706 858 3760; x_wconf 86' lang='lat' dir='ltr'><strong>in</strong></span> <span class='ocrx_word' id='word_1_400' title='bbox 902 3723 1092 3777; x_wconf 81' lang='lat' dir='ltr'><strong>agrum</strong></span> <span class='ocrx_word' id='word_1_401' title='bbox 1137 3708 1333 3762; x_wconf 87' lang='lat' dir='ltr'><strong>evolel.</strong></span> <span class='ocrx_word' id='word_1_402' title='bbox 1384 3708 1633 3779; x_wconf 89' lang='lat' dir='ltr'><strong>Cumque</strong></span> <span class='ocrx_word' id='word_1_403' title='bbox 1670 3710 1859 3766; x_wconf 88' lang='lat' dir='ltr'><strong>laverit</strong></span> <span class='ocrx_word' id='word_1_404' title='bbox 1894 3712 2060 3773; x_wconf 86' lang='lat' dir='ltr'><strong>homo</strong></span> 
     </span>
    </p>
   </div>
   <div class='ocr_carea' id='block_1_54' title="bbox 476 3788 2060 3872">
    <p class='ocr_par' dir='ltr' id='par_1_54' title="bbox 476 3788 2060 3872">
     <span class='ocr_line' id='line_1_54' title="bbox 476 3788 2060 3872; baseline 0.006 -24"><span class='ocrx_word' id='word_1_405' title='bbox 476 3796 804 3852; x_wconf 84' lang='lat' dir='ltr'><strong>vestimenta</strong></span> <span class='ocrx_word' id='word_1_406' title='bbox 833 3816 951 3862; x_wconf 89' lang='lat' dir='ltr'><strong>sua,</strong></span> <span class='ocrx_word' id='word_1_407' title='bbox 982 3788 1134 3854; x_wconf 74' lang='lat' dir='ltr'><strong>radat</strong></span> <span class='ocrx_word' id='word_1_408' title='bbox 1163 3816 1354 3855; x_wconf 88' lang='lat' dir='ltr'><strong>omnes</strong></span> <span class='ocrx_word' id='word_1_409' title='bbox 1379 3802 1518 3871; x_wconf 83' lang='lat' dir='ltr'><strong>pilos</strong></span> <span class='ocrx_word' id='word_1_410' title='bbox 1543 3802 1789 3872; x_wconf 88' lang='lat' dir='ltr'><strong>corporis</strong></span> <span class='ocrx_word' id='word_1_411' title='bbox 1826 3811 1881 3857; x_wconf 93' lang='lat' dir='ltr'><strong>et</strong></span> <span class='ocrx_word' id='word_1_412' title='bbox 1913 3804 2060 3858; x_wconf 82' lang='lat' dir='ltr'><strong>lava-</strong></span> 
     </span>
    </p>
   </div>
   <div class='ocr_carea' id='block_1_55' title="bbox 477 3885 2058 3963">
    <p class='ocr_par' dir='ltr' id='par_1_55' title="bbox 477 3885 2058 3963">
     <span class='ocr_line' id='line_1_55' title="bbox 477 3885 2058 3963; baseline 0.006 -25"><span class='ocrx_word' id='word_1_413' title='bbox 477 3885 625 3941; x_wconf 88' lang='lat' dir='ltr'><strong>hitur</strong></span> <span class='ocrx_word' id='word_1_414' title='bbox 672 3903 836 3958; x_wconf 85' lang='lat' dir='ltr'><strong>aqua.</strong></span> <span class='ocrx_word' id='word_1_415' title='bbox 888 3889 1324 3960; x_wconf 83' lang='lat' dir='ltr'><strong>Purilicatusque</strong></span> <span class='ocrx_word' id='word_1_416' title='bbox 1378 3890 1681 3963; x_wconf 86' lang='lat' dir='ltr'><strong>ingreditur</strong></span> <span class='ocrx_word' id='word_1_417' title='bbox 1730 3902 1938 3959; x_wconf 87' lang='lat' dir='ltr'><strong>castra,</strong></span> <span class='ocrx_word' id='word_1_418' title='bbox 1985 3893 2058 3955; x_wconf 86' lang='lat' dir='ltr'><strong>ita</strong></span> 
     </span>
    </p>
   </div>
   <div class='ocr_carea' id='block_1_56' title="bbox 476 3977 2058 4040">
    <p class='ocr_par' dir='ltr' id='par_1_56' title="bbox 476 3977 2058 4040">
     <span class='ocr_line' id='line_1_56' title="bbox 476 3977 2058 4040; baseline 0.006 -9"><span class='ocrx_word' id='word_1_419' title='bbox 476 3977 739 4034; x_wconf 79' lang='lat' dir='ltr'><strong>duntaxat</strong></span> <span class='ocrx_word' id='word_1_420' title='bbox 776 3988 835 4036; x_wconf 91' lang='lat' dir='ltr'><strong>ut</strong></span> <span class='ocrx_word' id='word_1_421' title='bbox 871 3991 1088 4037; x_wconf 77' lang='lat' dir='ltr'><strong>maneat</strong></span> <span class='ocrx_word' id='word_1_422' title='bbox 1132 3992 1285 4037; x_wconf 83' lang='lat' dir='ltr'><strong>extra</strong></span> <span class='ocrx_word' id='word_1_423' title='bbox 1325 3983 1734 4039; x_wconf 86' lang='lat' dir='ltr'><strong>tabernaculum</strong></span> <span class='ocrx_word' id='word_1_424' title='bbox 1773 4002 1930 4040; x_wconf 91' lang='lat' dir='ltr'><strong>suum</strong></span> <span class='ocrx_word' id='word_1_425' title='bbox 1969 4002 2058 4040; x_wconf 78' lang='lat' dir='ltr'><strong>se-</strong></span> 
     </span>
    </p>
   </div>
   <div class='ocr_carea' id='block_1_57' title="bbox 478 4070 2059 4147">
    <p class='ocr_par' dir='ltr' id='par_1_57' title="bbox 478 4070 2059 4147">
     <span class='ocr_line' id='line_1_57' title="bbox 478 4070 2059 4147; baseline 0.005 -24"><span class='ocrx_word' id='word_1_426' title='bbox 478 4077 627 4137; x_wconf 90' lang='lat' dir='ltr'><strong>ptem</strong></span> <span class='ocrx_word' id='word_1_427' title='bbox 673 4070 887 4137; x_wconf 84' lang='lat' dir='ltr'><strong>diebus,</strong></span> <span class='ocrx_word' id='word_1_428' title='bbox 917 4083 972 4128; x_wconf 87' lang='lat' dir='ltr'><strong>et</strong></span> <span class='ocrx_word' id='word_1_429' title='bbox 1013 4074 1099 4128; x_wconf 91' lang='lat' dir='ltr'><strong>die</strong></span> <span class='ocrx_word' id='word_1_430' title='bbox 1133 4075 1361 4143; x_wconf 88' lang='lat' dir='ltr'><strong>septima</strong></span> <span class='ocrx_word' id='word_1_431' title='bbox 1406 4075 1560 4129; x_wconf 89' lang='lat' dir='ltr'><strong>radat</strong></span> <span class='ocrx_word' id='word_1_432' title='bbox 1600 4077 1826 4146; x_wconf 80' lang='lat' dir='ltr'><strong>capillos</strong></span> <span class='ocrx_word' id='word_1_433' title='bbox 1864 4078 2059 4147; x_wconf 88' lang='lat' dir='ltr'><strong>capitis</strong></span> 
     </span>
    </p>
   </div>
   <div class='ocr_carea' id='block_1_58' title="bbox 474 4157 2056 4238">
    <p class='ocr_par' dir='ltr' id='par_1_58' title="bbox 474 4157 2056 4238">
     <span class='ocr_line' id='line_1_58' title="bbox 474 4157 2056 4238; baseline 0.007 -26"><span class='ocrx_word' id='word_1_434' title='bbox 474 4157 809 4231; x_wconf 85' lang='lat' dir='ltr'><strong>barbamque</strong></span> <span class='ocrx_word' id='word_1_435' title='bbox 849 4172 905 4217; x_wconf 92' lang='lat' dir='ltr'><strong>et</strong></span> <span class='ocrx_word' id='word_1_436' title='bbox 952 4164 1241 4233; x_wconf 87' lang='lat' dir='ltr'><strong>supercilia</strong></span> <span class='ocrx_word' id='word_1_437' title='bbox 1287 4181 1351 4220; x_wconf 91' lang='lat' dir='ltr'><strong>ac</strong></span> <span class='ocrx_word' id='word_1_438' title='bbox 1394 4166 1561 4222; x_wconf 91' lang='lat' dir='ltr'><strong>totius</strong></span> <span class='ocrx_word' id='word_1_439' title='bbox 1605 4168 1853 4237; x_wconf 88' lang='lat' dir='ltr'><strong>corporis</strong></span> <span class='ocrx_word' id='word_1_440' title='bbox 1897 4168 2056 4238; x_wconf 76' lang='lat' dir='ltr'><strong>pilus,</strong></span> 
     </span>
    </p>
   </div>
   <div class='ocr_carea' id='block_1_59' title="bbox 475 4251 1547 4327">
    <p class='ocr_par' dir='ltr' id='par_1_59' title="bbox 475 4251 1547 4327">
     <span class='ocr_line' id='line_1_59' title="bbox 475 4251 1547 4327; baseline 0.006 -22"><span class='ocrx_word' id='word_1_441' title='bbox 475 4251 604 4306; x_wconf 83' lang='lat' dir='ltr'><strong>lotis</strong></span> <span class='ocrx_word' id='word_1_442' title='bbox 634 4268 851 4307; x_wconf 87' lang='lat' dir='ltr'><strong>rursum</strong></span> <span class='ocrx_word' id='word_1_443' title='bbox 884 4256 1126 4310; x_wconf 84' lang='lat' dir='ltr'><strong>vestibus</strong></span> <span class='ocrx_word' id='word_1_444' title='bbox 1156 4268 1213 4311; x_wconf 92' lang='lat' dir='ltr'><strong>et</strong></span> <span class='ocrx_word' id='word_1_445' title='bbox 1241 4272 1491 4327; x_wconf 87' lang='lat' dir='ltr'><strong>corpore.</strong></span> <span class='ocrx_word' id='word_1_446' title='bbox 1528 4278 1547 4311; x_wconf 77' lang='grc' dir='ltr'><strong>ι</strong></span> 
     </span>
    </p>
   </div>
   <div class='ocr_carea' id='block_1_60' title="bbox 547 4341 2060 4422">
    <p class='ocr_par' dir='ltr' id='par_1_60' title="bbox 547 4341 2060 4422">
     <span class='ocr_line' id='line_1_60' title="bbox 547 4341 2060 4422; baseline 0.007 -26"><span class='ocrx_word' id='word_1_447' title='bbox 547 4341 686 4408; x_wconf 87' lang='lat' dir='ltr'><strong>Quia</strong></span> <span class='ocrx_word' id='word_1_448' title='bbox 714 4358 823 4399; x_wconf 92' lang='lat' dir='ltr'><strong>non</strong></span> <span class='ocrx_word' id='word_1_449' title='bbox 866 4362 967 4400; x_wconf 87' lang='lat' dir='ltr'><strong>nos</strong></span> <span class='ocrx_word' id='word_1_450' title='bbox 1000 4355 1217 4416; x_wconf 87' lang='lat' dir='ltr'><strong>oportet</strong></span> <span class='ocrx_word' id='word_1_451' title='bbox 1243 4349 1499 4404; x_wconf 85' lang='lat' dir='ltr'><strong>arbitrari</strong></span> <span class='ocrx_word' id='word_1_452' title='bbox 1537 4350 1876 4422; x_wconf 84' lang='lat' dir='ltr'><strong>negligenter</strong></span> <span class='ocrx_word' id='word_1_453' title='bbox 1901 4352 2060 4422; x_wconf 84' lang='lat' dir='ltr'><strong>quid—</strong></span> 
     </span>
    </p>
   </div>
   <div class='ocr_carea' id='block_1_61' title="bbox 2168 1887 3767 1957">
    <p class='ocr_par' dir='ltr' id='par_1_61' title="bbox 2168 1887 3767 1957">
     <span class='ocr_line' id='line_1_61' title="bbox 2168 1887 3767 1957; baseline 0.001 -19"><span class='ocrx_word' id='word_1_454' title='bbox 2168 1900 2342 1953; x_wconf 76' lang='lat' dir='ltr'><strong>genus</strong></span> <span class='ocrx_word' id='word_1_455' title='bbox 2395 1888 2461 1942; x_wconf 89' lang='lat' dir='ltr'><strong>ad</strong></span> <span class='ocrx_word' id='word_1_456' title='bbox 2517 1887 2915 1953; x_wconf 87' lang='lat' dir='ltr'><strong>liberationem,</strong></span> <span class='ocrx_word' id='word_1_457' title='bbox 2967 1887 3302 1957; x_wconf 89' lang='lat' dir='ltr'><strong>salutemque</strong></span> <span class='ocrx_word' id='word_1_458' title='bbox 3351 1902 3453 1956; x_wconf 88' lang='lat' dir='ltr'><strong>per</strong></span> <span class='ocrx_word' id='word_1_459' title='bbox 3502 1901 3767 1947; x_wconf 84' lang='lat' dir='ltr'><strong>erucem,</strong></span> 
     </span>
    </p>
   </div>
   <div class='ocr_carea' id='block_1_62' title="bbox 2167 1976 3768 2055">
    <p class='ocr_par' dir='ltr' id='par_1_62' title="bbox 2167 1976 3768 2055">
     <span class='ocr_line' id='line_1_62' title="bbox 2167 1976 3768 2055; baseline 0.001 -25"><span class='ocrx_word' id='word_1_460' title='bbox 2167 1976 2273 2031; x_wconf 88' lang='lat' dir='ltr'><strong>hoc</strong></span> <span class='ocrx_word' id='word_1_461' title='bbox 2315 1979 2460 2041; x_wconf 87' lang='lat' dir='ltr'><strong>enim</strong></span> <span class='ocrx_word' id='word_1_462' title='bbox 2517 1987 2574 2037; x_wconf 89' lang='lat' dir='ltr'><strong>et</strong></span> <span class='ocrx_word' id='word_1_463' title='bbox 2618 1979 2843 2050; x_wconf 83' lang='lat' dir='ltr'><strong>gloriam</strong></span> <span class='ocrx_word' id='word_1_464' title='bbox 2893 1994 3044 2033; x_wconf 83' lang='lat' dir='ltr'><strong>snam</strong></span> <span class='ocrx_word' id='word_1_465' title='bbox 3091 1979 3401 2050; x_wconf 83' lang='lat' dir='ltr'><strong>appellavit,</strong></span> <span class='ocrx_word' id='word_1_466' title='bbox 3445 1988 3582 2041; x_wconf 83' lang='lat' dir='ltr'><strong>tunc</strong></span> <span class='ocrx_word' id='word_1_467' title='bbox 3623 1978 3768 2055; x_wconf 78' lang='lat' dir='ltr'><strong>quid</strong></span> 
     </span>
    </p>
   </div>
   <div class='ocr_carea' id='block_1_63' title="bbox 2166 2071 2446 2139">
    <p class='ocr_par' dir='ltr' id='par_1_63' title="bbox 2166 2071 2446 2139">
     <span class='ocr_line' id='line_1_63' title="bbox 2166 2071 2446 2139; baseline 0.004 -17"><span class='ocrx_word' id='word_1_468' title='bbox 2166 2071 2446 2139; x_wconf 83' lang='lat' dir='ltr'><strong>suscepit?</strong></span> 
     </span>
    </p>
   </div>
   <div class='ocr_carea' id='block_1_64' title="bbox 2241 2161 3764 2232">
    <p class='ocr_par' dir='ltr' id='par_1_64' title="bbox 2241 2161 3764 2232">
     <span class='ocr_line' id='line_1_64' title="bbox 2241 2161 3764 2232; baseline -0.001 -16"><span class='ocrx_word' id='word_1_469' title='bbox 2241 2162 2486 2216; x_wconf 81' lang='lat' dir='ltr'><strong>Videlicet</strong></span> <span class='ocrx_word' id='word_1_470' title='bbox 2541 2164 2671 2217; x_wconf 79' lang='lat' dir='ltr'><strong>duos</strong></span> <span class='ocrx_word' id='word_1_471' title='bbox 2720 2180 2957 2232; x_wconf 76' lang='lat' dir='ltr'><strong>passeres</strong></span> <span class='ocrx_word' id='word_1_472' title='bbox 3010 2166 3149 2218; x_wconf 74' lang='lat' dir='ltr'><strong>rivos</strong></span> <span class='ocrx_word' id='word_1_473' title='bbox 3194 2178 3322 2232; x_wconf 83' lang='lat' dir='ltr'><strong>quos</strong></span> <span class='ocrx_word' id='word_1_474' title='bbox 3364 2161 3504 2215; x_wconf 75' lang='lat' dir='ltr'><strong>vesci</strong></span> <span class='ocrx_word' id='word_1_475' title='bbox 3546 2161 3764 2215; x_wconf 73' lang='lat' dir='ltr'><strong>licitum</strong></span> 
     </span>
    </p>
   </div>
   <div class='ocr_carea' id='block_1_65' title="bbox 2165 2249 3767 2317">
    <p class='ocr_par' dir='ltr' id='par_1_65' title="bbox 2165 2249 3767 2317">
     <span class='ocr_line' id='line_1_65' title="bbox 2165 2249 3767 2317; baseline -0.001 -13"><span class='ocrx_word' id='word_1_476' title='bbox 2165 2259 2261 2304; x_wconf 83' lang='lat' dir='ltr'><strong>est.</strong></span> <span class='ocrx_word' id='word_1_477' title='bbox 2294 2249 2493 2306; x_wconf 88' lang='lat' dir='ltr'><strong>Ilabuit</strong></span> <span class='ocrx_word' id='word_1_478' title='bbox 2522 2251 2667 2306; x_wconf 90' lang='lat' dir='ltr'><strong>enim</strong></span> <span class='ocrx_word' id='word_1_479' title='bbox 2703 2252 2820 2306; x_wconf 63' lang='lat' dir='ltr'><strong>hare</strong></span> <span class='ocrx_word' id='word_1_480' title='bbox 2847 2252 3118 2317; x_wconf 87' lang='lat' dir='ltr'><strong>Christus,</strong></span> <span class='ocrx_word' id='word_1_481' title='bbox 3165 2251 3505 2305; x_wconf 84' lang='lat' dir='ltr'><strong>divinitatem</strong></span> <span class='ocrx_word' id='word_1_482' title='bbox 3538 2251 3767 2306; x_wconf 84' lang='lat' dir='ltr'><strong>scilicet</strong></span> 
     </span>
    </p>
   </div>
   <div class='ocr_carea' id='block_1_66' title="bbox 2164 2339 3763 2409">
    <p class='ocr_par' dir='ltr' id='par_1_66' title="bbox 2164 2339 3763 2409">
     <span class='ocr_line' id='line_1_66' title="bbox 2164 2339 3763 2409; baseline -0.003 -13"><span class='ocrx_word' id='word_1_483' title='bbox 2164 2348 2221 2401; x_wconf 86' lang='lat' dir='ltr'><strong>et</strong></span> <span class='ocrx_word' id='word_1_484' title='bbox 2255 2339 2673 2406; x_wconf 79' lang='lat' dir='ltr'><strong>humanitatem,</strong></span> <span class='ocrx_word' id='word_1_485' title='bbox 2711 2342 2836 2409; x_wconf 89' lang='lat' dir='ltr'><strong>quia</strong></span> <span class='ocrx_word' id='word_1_486' title='bbox 2875 2343 3073 2395; x_wconf 88' lang='lat' dir='ltr'><strong>munda</strong></span> <span class='ocrx_word' id='word_1_487' title='bbox 3111 2339 3311 2394; x_wconf 78' lang='lat' dir='ltr'><strong>Christi</strong></span> <span class='ocrx_word' id='word_1_488' title='bbox 3349 2341 3513 2393; x_wconf 83' lang='lat' dir='ltr'><strong>etiam</strong></span> <span class='ocrx_word' id='word_1_489' title='bbox 3550 2340 3763 2393; x_wconf 83' lang='lat' dir='ltr'><strong>buma-</strong></span> 
     </span>
    </p>
   </div>
   <div class='ocr_carea' id='block_1_67' title="bbox 2165 2429 3761 2500">
    <p class='ocr_par' dir='ltr' id='par_1_67' title="bbox 2165 2429 3761 2500">
     <span class='ocr_line' id='line_1_67' title="bbox 2165 2429 3761 2500; baseline 0.003 -19"><span class='ocrx_word' id='word_1_490' title='bbox 2165 2429 2326 2493; x_wconf 86' lang='lat' dir='ltr'><strong>nitas,</strong></span> <span class='ocrx_word' id='word_1_491' title='bbox 2364 2439 2419 2492; x_wconf 82' lang='lat' dir='ltr'><strong>et</strong></span> <span class='ocrx_word' id='word_1_492' title='bbox 2469 2430 2658 2485; x_wconf 87' lang='lat' dir='ltr'><strong>vivens</strong></span> <span class='ocrx_word' id='word_1_493' title='bbox 2697 2441 2800 2485; x_wconf 86' lang='lat' dir='ltr'><strong>est.</strong></span> <span class='ocrx_word' id='word_1_494' title='bbox 2850 2432 3045 2485; x_wconf 71' lang='lat' dir='ltr'><strong>lilunda</strong></span> <span class='ocrx_word' id='word_1_495' title='bbox 3093 2431 3343 2500; x_wconf 88' lang='lat' dir='ltr'><strong>quidem,</strong></span> <span class='ocrx_word' id='word_1_496' title='bbox 3389 2440 3581 2499; x_wconf 76' lang='lat' dir='ltr'><strong>utpote</strong></span> <span class='ocrx_word' id='word_1_497' title='bbox 3626 2447 3761 2500; x_wconf 63' lang='lat' dir='ltr'><strong>qua</strong></span> 
     </span>
    </p>
   </div>
   <div class='ocr_carea' id='block_1_68' title="bbox 2164 2518 3761 2591">
    <p class='ocr_par' dir='ltr' id='par_1_68' title="bbox 2164 2518 3761 2591">
     <span class='ocr_line' id='line_1_68' title="bbox 2164 2518 3761 2591; baseline 0 -19"><span class='ocrx_word' id='word_1_498' title='bbox 2164 2520 2446 2590; x_wconf 89' lang='lat' dir='ltr'><strong>proprium</strong></span> <span class='ocrx_word' id='word_1_499' title='bbox 2505 2532 2788 2591; x_wconf 88' lang='lat' dir='ltr'><strong>peccatum</strong></span> <span class='ocrx_word' id='word_1_500' title='bbox 2837 2538 2944 2575; x_wconf 90' lang='lat' dir='ltr'><strong>non</strong></span> <span class='ocrx_word' id='word_1_501' title='bbox 2999 2522 3188 2576; x_wconf 88' lang='lat' dir='ltr'><strong>habuit</strong></span> <span class='ocrx_word' id='word_1_502' title='bbox 3223 2539 3238 2576; x_wconf 90' lang='lat'>:</span> <span class='ocrx_word' id='word_1_503' title='bbox 3280 2518 3398 2575; x_wconf 84' lang='lat' dir='ltr'><strong>viva</strong></span> <span class='ocrx_word' id='word_1_504' title='bbox 3441 2530 3661 2587; x_wconf 88' lang='lat' dir='ltr'><strong>autem,</strong></span> <span class='ocrx_word' id='word_1_505' title='bbox 3696 2530 3761 2574; x_wconf 90' lang='lat' dir='ltr'><strong>ut</strong></span> 
     </span>
    </p>
   </div>
   <div class='ocr_carea' id='block_1_69' title="bbox 2164 2610 3755 2679">
    <p class='ocr_par' dir='ltr' id='par_1_69' title="bbox 2164 2610 3755 2679">
     <span class='ocr_line' id='line_1_69' title="bbox 2164 2610 3755 2679; baseline 0.005 -18"><span class='ocrx_word' id='word_1_506' title='bbox 2164 2624 2284 2678; x_wconf 65' lang='lat' dir='ltr'><strong>quae</strong></span> <span class='ocrx_word' id='word_1_507' title='bbox 2311 2610 2492 2679; x_wconf 84' lang='lat' dir='ltr'><strong>genita</strong></span> <span class='ocrx_word' id='word_1_508' title='bbox 2529 2625 2636 2663; x_wconf 90' lang='lat' dir='ltr'><strong>non</strong></span> <span class='ocrx_word' id='word_1_509' title='bbox 2668 2620 2839 2665; x_wconf 75' lang='lat' dir='ltr'><strong>estex</strong></span> <span class='ocrx_word' id='word_1_510' title='bbox 2871 2610 2968 2663; x_wconf 90' lang='lat' dir='ltr'><strong>viri</strong></span> <span class='ocrx_word' id='word_1_511' title='bbox 2996 2611 3356 2676; x_wconf 87' lang='lat' dir='ltr'><strong>immunditia,</strong></span> <span class='ocrx_word' id='word_1_512' title='bbox 3392 2622 3447 2666; x_wconf 88' lang='lat' dir='ltr'><strong>et</strong></span> <span class='ocrx_word' id='word_1_513' title='bbox 3477 2611 3605 2665; x_wconf 88' lang='lat' dir='ltr'><strong>ideo</strong></span> <span class='ocrx_word' id='word_1_514' title='bbox 3636 2626 3755 2669; x_wconf 85' lang='lat' dir='ltr'><strong>non</strong></span> 
     </span>
    </p>
   </div>
   <div class='ocr_carea' id='block_1_70' title="bbox 2163 2699 3154 2761">
    <p class='ocr_par' dir='ltr' id='par_1_70' title="bbox 2163 2699 3154 2761">
     <span class='ocr_line' id='line_1_70' title="bbox 2163 2699 3154 2761; baseline -0.001 -8"><span class='ocrx_word' id='word_1_515' title='bbox 2163 2699 2267 2754; x_wconf 76' lang='lat' dir='ltr'><strong>fuit</strong></span> <span class='ocrx_word' id='word_1_516' title='bbox 2292 2700 2655 2755; x_wconf 84' lang='lat' dir='ltr'><strong>maledictioni</strong></span> <span class='ocrx_word' id='word_1_517' title='bbox 2686 2701 2875 2759; x_wconf 77' lang='lat' dir='ltr'><strong>mortis</strong></span> <span class='ocrx_word' id='word_1_518' title='bbox 2901 2701 3154 2761; x_wconf 78' lang='lat' dir='ltr'><strong>obnoxia,</strong></span> 
     </span>
    </p>
   </div>
   <div class='ocr_carea' id='block_1_71' title="bbox 2235 2788 3750 2862">
    <p class='ocr_par' dir='ltr' id='par_1_71' title="bbox 2235 2788 3750 2862">
     <span class='ocr_line' id='line_1_71' title="bbox 2235 2788 3750 2862; baseline -0.001 -17"><span class='ocrx_word' id='word_1_519' title='bbox 2235 2788 2436 2852; x_wconf 87' lang='lat' dir='ltr'><strong>Sumet,</strong></span> <span class='ocrx_word' id='word_1_520' title='bbox 2462 2792 2653 2862; x_wconf 81' lang='lat' dir='ltr'><strong>inquit,</strong></span> <span class='ocrx_word' id='word_1_521' title='bbox 2680 2801 2727 2844; x_wconf 86' lang='lat' dir='ltr'><strong>et</strong></span> <span class='ocrx_word' id='word_1_522' title='bbox 2759 2793 2957 2861; x_wconf 83' lang='lat' dir='ltr'><strong>lignum</strong></span> <span class='ocrx_word' id='word_1_523' title='bbox 2982 2792 3272 2847; x_wconf 84' lang='lat' dir='ltr'><strong>cedrinum.</strong></span> <span class='ocrx_word' id='word_1_524' title='bbox 3302 2791 3360 2845; x_wconf 91' lang='lat' dir='ltr'><strong>Id</strong></span> <span class='ocrx_word' id='word_1_525' title='bbox 3385 2800 3469 2845; x_wconf 88' lang='lat' dir='ltr'><strong>cst</strong></span> <span class='ocrx_word' id='word_1_526' title='bbox 3494 2805 3750 2844; x_wconf 83' lang='lat' dir='ltr'><strong>crucem.</strong></span> 
     </span>
    </p>
   </div>
   <div class='ocr_carea' id='block_1_72' title="bbox 2164 2881 3754 2953">
    <p class='ocr_par' dir='ltr' id='par_1_72' title="bbox 2164 2881 3754 2953">
     <span class='ocr_line' id='line_1_72' title="bbox 2164 2881 3754 2953; baseline -0.003 -15"><span class='ocrx_word' id='word_1_527' title='bbox 2164 2883 2342 2938; x_wconf 88' lang='lat' dir='ltr'><strong>Cedro</strong></span> <span class='ocrx_word' id='word_1_528' title='bbox 2371 2893 2552 2937; x_wconf 90' lang='lat' dir='ltr'><strong>autem</strong></span> <span class='ocrx_word' id='word_1_529' title='bbox 2579 2883 2702 2938; x_wconf 86' lang='lat' dir='ltr'><strong>ideo</strong></span> <span class='ocrx_word' id='word_1_530' title='bbox 2732 2883 3086 2953; x_wconf 81' lang='lat' dir='ltr'><strong>signiﬁcatur,</strong></span> <span class='ocrx_word' id='word_1_531' title='bbox 3111 2883 3237 2953; x_wconf 85' lang='lat' dir='ltr'><strong>quia</strong></span> <span class='ocrx_word' id='word_1_532' title='bbox 3263 2882 3459 2938; x_wconf 91' lang='lat' dir='ltr'><strong>cedrus</strong></span> <span class='ocrx_word' id='word_1_533' title='bbox 3493 2881 3551 2935; x_wconf 90' lang='lat' dir='ltr'><strong>in</strong></span> <span class='ocrx_word' id='word_1_534' title='bbox 3579 2882 3754 2952; x_wconf 78' lang='lat' dir='ltr'><strong>lignis</strong></span> 
     </span>
    </p>
   </div>
   <div class='ocr_carea' id='block_1_73' title="bbox 2164 2974 3752 3046">
    <p class='ocr_par' dir='ltr' id='par_1_73' title="bbox 2164 2974 3752 3046">
     <span class='ocr_line' id='line_1_73' title="bbox 2164 2974 3752 3046; baseline -0.002 -14"><span class='ocrx_word' id='word_1_535' title='bbox 2164 2974 2321 3033; x_wconf 74' lang='lat' dir='ltr'><strong>fortis</strong></span> <span class='ocrx_word' id='word_1_536' title='bbox 2364 2983 2447 3029; x_wconf 91' lang='lat' dir='ltr'><strong>est</strong></span> <span class='ocrx_word' id='word_1_537' title='bbox 2489 2994 2501 3028; x_wconf 93' lang='lat'>:</span> <span class='ocrx_word' id='word_1_538' title='bbox 2545 2990 2671 3028; x_wconf 89' lang='lat' dir='ltr'><strong>nam</strong></span> <span class='ocrx_word' id='word_1_539' title='bbox 2721 2984 2777 3029; x_wconf 92' lang='lat' dir='ltr'><strong>et</strong></span> <span class='ocrx_word' id='word_1_540' title='bbox 2818 2990 2943 3029; x_wconf 86' lang='lat' dir='ltr'><strong>arca</strong></span> <span class='ocrx_word' id='word_1_541' title='bbox 2993 2976 3062 3029; x_wconf 92' lang='lat' dir='ltr'><strong>de</strong></span> <span class='ocrx_word' id='word_1_542' title='bbox 3108 2975 3266 3046; x_wconf 77' lang='lat' dir='ltr'><strong>lignis</strong></span> <span class='ocrx_word' id='word_1_543' title='bbox 3316 2974 3558 3029; x_wconf 90' lang='lat' dir='ltr'><strong>cedrinis</strong></span> <span class='ocrx_word' id='word_1_544' title='bbox 3600 2974 3752 3029; x_wconf 80' lang='lat' dir='ltr'><strong>facta</strong></span> 
     </span>
    </p>
   </div>
   <div class='ocr_carea' id='block_1_74' title="bbox 2166 3069 3748 3142">
    <p class='ocr_par' dir='ltr' id='par_1_74' title="bbox 2166 3069 3748 3142">
     <span class='ocr_line' id='line_1_74' title="bbox 2166 3069 3748 3142; baseline -0.001 -18"><span class='ocrx_word' id='word_1_545' title='bbox 2166 3070 2335 3126; x_wconf 83' lang='lat' dir='ltr'><strong>fuisse</strong></span> <span class='ocrx_word' id='word_1_546' title='bbox 2372 3071 2636 3126; x_wconf 86' lang='lat' dir='ltr'><strong>asseritur</strong></span> <span class='ocrx_word' id='word_1_547' title='bbox 2682 3089 2694 3123; x_wconf 91' lang='lat'><strong>:</strong></span> <span class='ocrx_word' id='word_1_548' title='bbox 2738 3070 2863 3140; x_wconf 89' lang='lat' dir='ltr'><strong>quia</strong></span> <span class='ocrx_word' id='word_1_549' title='bbox 2910 3070 3176 3142; x_wconf 82' lang='lat' dir='ltr'><strong>lignorum</strong></span> <span class='ocrx_word' id='word_1_550' title='bbox 3217 3070 3641 3141; x_wconf 89' lang='lat' dir='ltr'><strong>imputribilium</strong></span> <span class='ocrx_word' id='word_1_551' title='bbox 3688 3069 3748 3123; x_wconf 89' lang='lat' dir='ltr'><strong>in</strong></span> 
     </span>
    </p>
   </div>
   <div class='ocr_carea' id='block_1_75' title="bbox 2160 3162 3494 3234">
    <p class='ocr_par' dir='ltr' id='par_1_75' title="bbox 2160 3162 3494 3234">
     <span class='ocr_line' id='line_1_75' title="bbox 2160 3162 3494 3234; baseline -0.002 -15"><span class='ocrx_word' id='word_1_552' title='bbox 2160 3164 2571 3220; x_wconf 87' lang='lat' dir='ltr'><strong>constructione</strong></span> <span class='ocrx_word' id='word_1_553' title='bbox 2603 3164 2724 3232; x_wconf 90' lang='lat' dir='ltr'><strong>ejus</strong></span> <span class='ocrx_word' id='word_1_554' title='bbox 2750 3163 2958 3234; x_wconf 82' lang='lat' dir='ltr'><strong>Moyses</strong></span> <span class='ocrx_word' id='word_1_555' title='bbox 2985 3163 3316 3217; x_wconf 85' lang='lat' dir='ltr'><strong>mentionem</strong></span> <span class='ocrx_word' id='word_1_556' title='bbox 3347 3162 3494 3217; x_wconf 79' lang='lat' dir='ltr'><strong>fecit.</strong></span> 
     </span>
    </p>
   </div>
   <div class='ocr_carea' id='block_1_76' title="bbox 2231 3254 3748 3321">
    <p class='ocr_par' dir='ltr' id='par_1_76' title="bbox 2231 3254 3748 3321">
     <span class='ocr_line' id='line_1_76' title="bbox 2231 3254 3748 3321; baseline -0.002 -10"><span class='ocrx_word' id='word_1_557' title='bbox 2231 3256 2411 3311; x_wconf 88' lang='lat' dir='ltr'><strong>Sumet</strong></span> <span class='ocrx_word' id='word_1_558' title='bbox 2442 3265 2490 3309; x_wconf 82' lang='lat' dir='ltr'><strong>et</strong></span> <span class='ocrx_word' id='word_1_559' title='bbox 2518 3256 2880 3309; x_wconf 76' lang='lat' dir='ltr'><strong>vermiculnm.</strong></span> <span class='ocrx_word' id='word_1_560' title='bbox 2906 3255 3060 3321; x_wconf 90' lang='lat' dir='ltr'><strong>Quod</strong></span> <span class='ocrx_word' id='word_1_561' title='bbox 3090 3255 3228 3309; x_wconf 76' lang='lat' dir='ltr'><strong>LXX</strong></span> <span class='ocrx_word' id='word_1_562' title='bbox 3254 3255 3445 3317; x_wconf 86' lang='lat' dir='ltr'><strong>edunt,</strong></span> <span class='ocrx_word' id='word_1_563' title='bbox 3472 3254 3748 3308; x_wconf 76' lang='lat' dir='ltr'><strong>coccinum</strong></span> 
     </span>
    </p>
   </div>
   <div class='ocr_carea' id='block_1_77' title="bbox 2162 3346 3749 3415">
    <p class='ocr_par' dir='ltr' id='par_1_77' title="bbox 2162 3346 3749 3415">
     <span class='ocr_line' id='line_1_77' title="bbox 2162 3346 3749 3415; baseline -0.004 -13"><span class='ocrx_word' id='word_1_564' title='bbox 2162 3359 2348 3413; x_wconf 83' lang='lat' dir='ltr'><strong>totum,</strong></span> <span class='ocrx_word' id='word_1_565' title='bbox 2381 3347 2632 3402; x_wconf 81' lang='lat' dir='ltr'><strong>videlicet</strong></span> <span class='ocrx_word' id='word_1_566' title='bbox 2680 3346 2988 3415; x_wconf 86' lang='lat' dir='ltr'><strong>passionem</strong></span> <span class='ocrx_word' id='word_1_567' title='bbox 3023 3365 3036 3400; x_wconf 92' lang='lat'>:</span> <span class='ocrx_word' id='word_1_568' title='bbox 3069 3346 3268 3401; x_wconf 91' lang='lat' dir='ltr'><strong>dicitur</strong></span> <span class='ocrx_word' id='word_1_569' title='bbox 3312 3346 3481 3410; x_wconf 91' lang='lat' dir='ltr'><strong>enim,</strong></span> <span class='ocrx_word' id='word_1_570' title='bbox 3516 3353 3749 3413; x_wconf 86' lang='lat' dir='ltr'><strong>propter</strong></span> 
     </span>
    </p>
   </div>
   <div class='ocr_carea' id='block_1_78' title="bbox 2164 3436 3744 3510">
    <p class='ocr_par' dir='ltr' id='par_1_78' title="bbox 2164 3436 3744 3510">
     <span class='ocr_line' id='line_1_78' title="bbox 2164 3436 3744 3510; baseline -0.006 -11"><span class='ocrx_word' id='word_1_571' title='bbox 2164 3442 2450 3499; x_wconf 77' lang='lat' dir='ltr'><strong>tincturam</strong></span> <span class='ocrx_word' id='word_1_572' title='bbox 2505 3439 2890 3510; x_wconf 86' lang='lat' dir='ltr'><strong>sanguineam,</strong></span> <span class='ocrx_word' id='word_1_573' title='bbox 2935 3438 3243 3494; x_wconf 90' lang='lat' dir='ltr'><strong>coccinum.</strong></span> <span class='ocrx_word' id='word_1_574' title='bbox 3291 3436 3450 3493; x_wconf 90' lang='lat' dir='ltr'><strong>Unde</strong></span> <span class='ocrx_word' id='word_1_575' title='bbox 3494 3436 3744 3506; x_wconf 79' lang='lat' dir='ltr'><strong>chlamy-</strong></span> 
     </span>
    </p>
   </div>
   <div class='ocr_carea' id='block_1_79' title="bbox 2162 3528 3743 3598">
    <p class='ocr_par' dir='ltr' id='par_1_79' title="bbox 2162 3528 3743 3598">
     <span class='ocr_line' id='line_1_79' title="bbox 2162 3528 3743 3598; baseline -0.003 -14"><span class='ocrx_word' id='word_1_576' title='bbox 2162 3531 2284 3584; x_wconf 85' lang='lat' dir='ltr'><strong>dem</strong></span> <span class='ocrx_word' id='word_1_577' title='bbox 2317 3530 2648 3590; x_wconf 77' lang='lat' dir='ltr'><strong>coecineam.</strong></span> <span class='ocrx_word' id='word_1_578' title='bbox 2682 3545 2807 3584; x_wconf 92' lang='lat' dir='ltr'><strong>eum</strong></span> <span class='ocrx_word' id='word_1_579' title='bbox 2842 3529 3134 3583; x_wconf 87' lang='lat' dir='ltr'><strong>duceretur</strong></span> <span class='ocrx_word' id='word_1_580' title='bbox 3157 3528 3225 3583; x_wconf 89' lang='lat' dir='ltr'><strong>ad</strong></span> <span class='ocrx_word' id='word_1_581' title='bbox 3251 3528 3583 3598; x_wconf 86' lang='lat' dir='ltr'><strong>passionem,</strong></span> <span class='ocrx_word' id='word_1_582' title='bbox 3611 3544 3743 3581; x_wconf 89' lang='lat' dir='ltr'><strong>eum</strong></span> 
     </span>
    </p>
   </div>
   <div class='ocr_carea' id='block_1_80' title="bbox 2164 3617 3743 3686">
    <p class='ocr_par' dir='ltr' id='par_1_80' title="bbox 2164 3617 3743 3686">
     <span class='ocr_line' id='line_1_80' title="bbox 2164 3617 3743 3686; baseline -0.003 -12"><span class='ocrx_word' id='word_1_583' title='bbox 2164 3622 2361 3677; x_wconf 83' lang='lat' dir='ltr'><strong>milites</strong></span> <span class='ocrx_word' id='word_1_584' title='bbox 2402 3621 2716 3675; x_wconf 85' lang='lat' dir='ltr'><strong>induerunt.</strong></span> <span class='ocrx_word' id='word_1_585' title='bbox 2758 3619 2981 3679; x_wconf 87' lang='lat' dir='ltr'><strong>Tortum</strong></span> <span class='ocrx_word' id='word_1_586' title='bbox 3017 3627 3199 3673; x_wconf 82' lang='lat' dir='ltr'><strong>autem</strong></span> <span class='ocrx_word' id='word_1_587' title='bbox 3221 3634 3343 3673; x_wconf 90' lang='lat' dir='ltr'><strong>esse</strong></span> <span class='ocrx_word' id='word_1_588' title='bbox 3380 3633 3549 3686; x_wconf 89' lang='lat' dir='ltr'><strong>quare</strong></span> <span class='ocrx_word' id='word_1_589' title='bbox 3583 3617 3743 3671; x_wconf 80' lang='lat' dir='ltr'><strong>dixe-</strong></span> 
     </span>
    </p>
   </div>
   <div class='ocr_carea' id='block_1_81' title="bbox 2164 3710 3743 3784">
    <p class='ocr_par' dir='ltr' id='par_1_81' title="bbox 2164 3710 3743 3784">
     <span class='ocr_line' id='line_1_81' title="bbox 2164 3710 3743 3784; baseline -0.001 -17"><span class='ocrx_word' id='word_1_590' title='bbox 2164 3716 2325 3769; x_wconf 87' lang='lat' dir='ltr'><strong>runt?</strong></span> <span class='ocrx_word' id='word_1_591' title='bbox 2376 3713 2604 3784; x_wconf 82' lang='lat' dir='ltr'><strong>Propter</strong></span> <span class='ocrx_word' id='word_1_592' title='bbox 2650 3712 3091 3783; x_wconf 81' lang='lat' dir='ltr'><strong>passibilitatcm,</strong></span> <span class='ocrx_word' id='word_1_593' title='bbox 3138 3710 3743 3781; x_wconf 87' lang='lat' dir='ltr'><strong>impassibilitatemque</strong></span> 
     </span>
    </p>
   </div>
   <div class='ocr_carea' id='block_1_82' title="bbox 2162 3802 3740 3875">
    <p class='ocr_par' dir='ltr' id='par_1_82' title="bbox 2162 3802 3740 3875">
     <span class='ocr_line' id='line_1_82' title="bbox 2162 3802 3740 3875; baseline -0.002 -16"><span class='ocrx_word' id='word_1_594' title='bbox 2162 3822 2488 3871; x_wconf 77' lang='lat' dir='ltr'><strong>connexam,</strong></span> <span class='ocrx_word' id='word_1_595' title='bbox 2522 3816 2744 3875; x_wconf 78' lang='lat' dir='ltr'><strong>propter</strong></span> <span class='ocrx_word' id='word_1_596' title='bbox 2792 3805 2932 3871; x_wconf 81' lang='lat' dir='ltr'><strong>quod</strong></span> <span class='ocrx_word' id='word_1_597' title='bbox 2986 3805 3041 3857; x_wconf 90' lang='lat' dir='ltr'><strong>in</strong></span> <span class='ocrx_word' id='word_1_598' title='bbox 3093 3817 3160 3858; x_wconf 93' lang='lat' dir='ltr'><strong>eo</strong></span> <span class='ocrx_word' id='word_1_599' title='bbox 3209 3802 3391 3873; x_wconf 90' lang='lat' dir='ltr'><strong>passio</strong></span> <span class='ocrx_word' id='word_1_600' title='bbox 3437 3802 3740 3857; x_wconf 88' lang='lat' dir='ltr'><strong>secundum</strong></span> 
     </span>
    </p>
   </div>
   <div class='ocr_carea' id='block_1_83' title="bbox 2162 3892 3737 3967">
    <p class='ocr_par' dir='ltr' id='par_1_83' title="bbox 2162 3892 3737 3967">
     <span class='ocr_line' id='line_1_83' title="bbox 2162 3892 3737 3967; baseline -0.003 -16"><span class='ocrx_word' id='word_1_601' title='bbox 2162 3896 2448 3967; x_wconf 80' lang='lat' dir='ltr'><strong>quemdam</strong></span> <span class='ocrx_word' id='word_1_602' title='bbox 2478 3907 2564 3951; x_wconf 89' lang='lat' dir='ltr'><strong>est</strong></span> <span class='ocrx_word' id='word_1_603' title='bbox 2590 3896 2832 3961; x_wconf 87' lang='lat' dir='ltr'><strong>modum.</strong></span> <span class='ocrx_word' id='word_1_604' title='bbox 2864 3894 3141 3967; x_wconf 84' lang='lat' dir='ltr'><strong>Ilyssopus</strong></span> <span class='ocrx_word' id='word_1_605' title='bbox 3163 3906 3346 3949; x_wconf 89' lang='lat' dir='ltr'><strong>autem</strong></span> <span class='ocrx_word' id='word_1_606' title='bbox 3376 3892 3503 3948; x_wconf 90' lang='lat' dir='ltr'><strong>boni</strong></span> <span class='ocrx_word' id='word_1_607' title='bbox 3532 3893 3737 3957; x_wconf 83' lang='lat' dir='ltr'><strong>odoris,</strong></span> 
     </span>
    </p>
   </div>
   <div class='ocr_carea' id='block_1_84' title="bbox 2162 3984 3739 4060">
    <p class='ocr_par' dir='ltr' id='par_1_84' title="bbox 2162 3984 3739 4060">
     <span class='ocr_line' id='line_1_84' title="bbox 2162 3984 3739 4060; baseline -0.003 -17"><span class='ocrx_word' id='word_1_608' title='bbox 2162 3990 2332 4060; x_wconf 87' lang='lat' dir='ltr'><strong>gratia</strong></span> <span class='ocrx_word' id='word_1_609' title='bbox 2383 3988 2651 4058; x_wconf 85' lang='lat' dir='ltr'><strong>Spiritus,</strong></span> <span class='ocrx_word' id='word_1_610' title='bbox 2697 3988 3039 4058; x_wconf 81' lang='lat' dir='ltr'><strong>eooperatrix</strong></span> <span class='ocrx_word' id='word_1_611' title='bbox 3089 3984 3494 4041; x_wconf 85' lang='lat' dir='ltr'><strong>emundationis</strong></span> <span class='ocrx_word' id='word_1_612' title='bbox 3537 3993 3739 4038; x_wconf 75' lang='lat' dir='ltr'><strong>nostra:</strong></span> 
     </span>
    </p>
   </div>
   <div class='ocr_carea' id='block_1_85' title="bbox 2163 4076 3737 4149">
    <p class='ocr_par' dir='ltr' id='par_1_85' title="bbox 2163 4076 3737 4149">
     <span class='ocr_line' id='line_1_85' title="bbox 2163 4076 3737 4149; baseline -0.001 -16"><span class='ocrx_word' id='word_1_613' title='bbox 2163 4090 2266 4143; x_wconf 88' lang='lat' dir='ltr'><strong>est,</strong></span> <span class='ocrx_word' id='word_1_614' title='bbox 2311 4080 2453 4134; x_wconf 90' lang='lat' dir='ltr'><strong>unde</strong></span> <span class='ocrx_word' id='word_1_615' title='bbox 2487 4079 2651 4133; x_wconf 87' lang='lat' dir='ltr'><strong>David</strong></span> <span class='ocrx_word' id='word_1_616' title='bbox 2695 4097 2707 4143; x_wconf 85' lang='lat'><strong>;</strong></span> <span class='ocrx_word' id='word_1_617' title='bbox 2742 4079 2995 4149; x_wconf 78' lang='lat' dir='ltr'><strong>Asperges</strong></span> <span class='ocrx_word' id='word_1_618' title='bbox 3043 4094 3144 4141; x_wconf 89' lang='lat' dir='ltr'><strong>me,</strong></span> <span class='ocrx_word' id='word_1_619' title='bbox 3187 4077 3383 4146; x_wconf 89' lang='lat' dir='ltr'><strong>inquit,</strong></span> <span class='ocrx_word' id='word_1_620' title='bbox 3418 4076 3653 4144; x_wconf 75' lang='lat' dir='ltr'><strong>byssopo,</strong></span> <span class='ocrx_word' id='word_1_621' title='bbox 3685 4084 3737 4131; x_wconf 78' lang='lat' dir='ltr'><strong>et</strong></span> 
     </span>
    </p>
   </div>
   <div class='ocr_carea' id='block_1_86' title="bbox 2163 4167 3737 4240">
    <p class='ocr_par' dir='ltr' id='par_1_86' title="bbox 2163 4167 3737 4240">
     <span class='ocr_line' id='line_1_86' title="bbox 2163 4167 3737 4240; baseline -0.003 -14"><span class='ocrx_word' id='word_1_622' title='bbox 2163 4172 2458 4233; x_wconf 80' lang='lat' dir='ltr'><strong>mundabar</strong></span> <span class='ocrx_word' id='word_1_623' title='bbox 2487 4171 2552 4224; x_wconf 76' lang='grc'><strong>³⁸.</strong></span> <span class='ocrx_word' id='word_1_624' title='bbox 2594 4169 2670 4225; x_wconf 88' lang='lat' dir='ltr'><strong>De</strong></span> <span class='ocrx_word' id='word_1_625' title='bbox 2722 4169 3038 4240; x_wconf 87' lang='lat' dir='ltr'><strong>passeribus</strong></span> <span class='ocrx_word' id='word_1_626' title='bbox 3094 4183 3261 4238; x_wconf 84' lang='lat' dir='ltr'><strong>ergo,</strong></span> <span class='ocrx_word' id='word_1_627' title='bbox 3311 4183 3448 4237; x_wconf 88' lang='lat' dir='ltr'><strong>quos</strong></span> <span class='ocrx_word' id='word_1_628' title='bbox 3500 4167 3737 4221; x_wconf 77' lang='lat' dir='ltr'><strong>diximus</strong></span> 
     </span>
    </p>
   </div>
   <div class='ocr_carea' id='block_1_87' title="bbox 2163 4258 3736 4339">
    <p class='ocr_par' dir='ltr' id='par_1_87' title="bbox 2163 4258 3736 4339">
     <span class='ocr_line' id='line_1_87' title="bbox 2163 4258 3736 4339; baseline -0.004 -20"><span class='ocrx_word' id='word_1_629' title='bbox 2163 4279 2282 4321; x_wconf 89' lang='lat' dir='ltr'><strong>esse</strong></span> <span class='ocrx_word' id='word_1_630' title='bbox 2330 4263 2630 4327; x_wconf 90' lang='lat' dir='ltr'><strong>Christum,</strong></span> <span class='ocrx_word' id='word_1_631' title='bbox 2682 4263 2830 4316; x_wconf 91' lang='lat' dir='ltr'><strong>hunc</strong></span> <span class='ocrx_word' id='word_1_632' title='bbox 2878 4260 3137 4331; x_wconf 67' lang='lat' dir='ltr'><strong>praecepit</strong></span> <span class='ocrx_word' id='word_1_633' title='bbox 3185 4258 3474 4322; x_wconf 87' lang='lat' dir='ltr'><strong>immolari,</strong></span> <span class='ocrx_word' id='word_1_634' title='bbox 3514 4258 3595 4311; x_wconf 79' lang='lat' dir='ltr'><strong>vel</strong></span> <span class='ocrx_word' id='word_1_635' title='bbox 3638 4272 3736 4339; x_wconf 48' lang='lat' dir='ltr'><strong>ocy</strong></span> 
     </span>
    </p>
   </div>
   <div class='ocr_carea' id='block_1_88' title="bbox 2162 4348 3737 4423">
    <p class='ocr_par' dir='ltr' id='par_1_88' title="bbox 2162 4348 3737 4423">
     <span class='ocr_line' id='line_1_88' title="bbox 2162 4348 3737 4423; baseline -0.004 -12"><span class='ocrx_word' id='word_1_636' title='bbox 2162 4356 2292 4422; x_wconf 87' lang='lat' dir='ltr'><strong>cidi,</strong></span> <span class='ocrx_word' id='word_1_637' title='bbox 2329 4356 2379 4411; x_wconf 92' lang='lat' dir='ltr'><strong>id</strong></span> <span class='ocrx_word' id='word_1_638' title='bbox 2407 4364 2508 4418; x_wconf 86' lang='lat' dir='ltr'><strong>est,</strong></span> <span class='ocrx_word' id='word_1_639' title='bbox 2543 4354 2598 4409; x_wconf 91' lang='lat' dir='ltr'><strong>id</strong></span> <span class='ocrx_word' id='word_1_640' title='bbox 2628 4353 2772 4423; x_wconf 87' lang='lat' dir='ltr'><strong>quod</strong></span> <span class='ocrx_word' id='word_1_641' title='bbox 2799 4361 2918 4408; x_wconf 87' lang='lat' dir='ltr'><strong>erat</strong></span> <span class='ocrx_word' id='word_1_642' title='bbox 2962 4350 3237 4422; x_wconf 87' lang='lat' dir='ltr'><strong>passibile,</strong></span> <span class='ocrx_word' id='word_1_643' title='bbox 3268 4358 3323 4404; x_wconf 93' lang='lat' dir='ltr'><strong>et</strong></span> <span class='ocrx_word' id='word_1_644' title='bbox 3350 4348 3496 4415; x_wconf 89' lang='lat' dir='ltr'><strong>quod</strong></span> <span class='ocrx_word' id='word_1_645' title='bbox 3526 4358 3737 4418; x_wconf 85' lang='lat' dir='ltr'><strong>poterat</strong></span> 
     </span>
    </p>
   </div>
   <div class='ocr_carea' id='block_1_89' title="bbox 476 4435 3734 4521">
    <p class='ocr_par' dir='ltr' id='par_1_89' title="bbox 476 4435 3734 4521">
     <span class='ocr_line' id='line_1_89' title="bbox 476 4435 3734 4521; baseline 0.002 -33"><span class='ocrx_word' id='word_1_646' title='bbox 476 4435 623 4508; x_wconf 87' lang='lat' dir='ltr'><strong>piam</strong></span> <span class='ocrx_word' id='word_1_647' title='bbox 666 4435 1028 4507; x_wconf 79' lang='lat' dir='ltr'><strong>legislatorem</strong></span> <span class='ocrx_word' id='word_1_648' title='bbox 1080 4437 1284 4502; x_wconf 89' lang='lat' dir='ltr'><strong>dicere.</strong></span> <span class='ocrx_word' id='word_1_649' title='bbox 1330 4439 1461 4495; x_wconf 86' lang='lat' dir='ltr'><strong>illud</strong></span> <span class='ocrx_word' id='word_1_650' title='bbox 1512 4450 1563 4495; x_wconf 87' lang='lat' dir='ltr'><strong>te</strong></span> <span class='ocrx_word' id='word_1_651' title='bbox 1606 4452 1825 4512; x_wconf 89' lang='lat' dir='ltr'><strong>oportet</strong></span> <span class='ocrx_word' id='word_1_652' title='bbox 1868 4448 2058 4498; x_wconf 86' lang='lat' dir='ltr'><strong>&#39;notare</strong></span> <span class='ocrx_word' id='word_1_653' title='bbox 2091 4464 2135 4521; x_wconf 74' lang='grc' dir='ltr'>ι)</span> <span class='ocrx_word' id='word_1_654' title='bbox 2163 4442 2358 4504; x_wconf 92' lang='lat' dir='ltr'><strong>occidi,</strong></span> <span class='ocrx_word' id='word_1_655' title='bbox 2395 4450 2451 4495; x_wconf 91' lang='lat' dir='ltr'><strong>et</strong></span> <span class='ocrx_word' id='word_1_656' title='bbox 2495 4441 2669 4499; x_wconf 88' lang='lat' dir='ltr'><strong>occidi</strong></span> <span class='ocrx_word' id='word_1_657' title='bbox 2714 4441 2768 4495; x_wconf 90' lang='lat' dir='ltr'><strong>in</strong></span> <span class='ocrx_word' id='word_1_658' title='bbox 2813 4454 2944 4495; x_wconf 88' lang='lat' dir='ltr'><strong>vase</strong></span> <span class='ocrx_word' id='word_1_659' title='bbox 2989 4438 3162 4504; x_wconf 82' lang='lat' dir='ltr'><strong>ﬁctili,</strong></span> <span class='ocrx_word' id='word_1_660' title='bbox 3196 4453 3361 4508; x_wconf 89' lang='lat' dir='ltr'><strong>super</strong></span> <span class='ocrx_word' id='word_1_661' title='bbox 3398 4438 3641 4492; x_wconf 85' lang='lat' dir='ltr'><strong>viventes</strong></span> <span class='ocrx_word' id='word_1_662' title='bbox 3677 4437 3734 4493; x_wconf 87' lang='lat' dir='ltr'><strong>in</strong></span> 
     </span>
    </p>
   </div>
   <div class='ocr_carea' id='block_1_90' title="bbox 477 4528 2056 4601">
    <p class='ocr_par' dir='ltr' id='par_1_90' title="bbox 477 4528 2056 4601">
     <span class='ocr_line' id='line_1_90' title="bbox 477 4528 2056 4601; baseline 0.002 -19"><span class='ocrx_word' id='word_1_663' title='bbox 477 4543 592 4599; x_wconf 58' lang='lat' dir='ltr'><strong>pra:</strong></span> <span class='ocrx_word' id='word_1_664' title='bbox 635 4528 910 4594; x_wconf 88' lang='lat' dir='ltr'><strong>omnibus,</strong></span> <span class='ocrx_word' id='word_1_665' title='bbox 947 4530 1073 4600; x_wconf 87' lang='lat' dir='ltr'><strong>quia</strong></span> <span class='ocrx_word' id='word_1_666' title='bbox 1114 4545 1264 4586; x_wconf 87' lang='lat' dir='ltr'><strong>nunc</strong></span> <span class='ocrx_word' id='word_1_667' title='bbox 1311 4531 1530 4601; x_wconf 86' lang='lat' dir='ltr'><strong>quando</strong></span> <span class='ocrx_word' id='word_1_668' title='bbox 1578 4533 1646 4587; x_wconf 90' lang='lat' dir='ltr'><strong>de</strong></span> <span class='ocrx_word' id='word_1_669' title='bbox 1686 4532 2056 4587; x_wconf 87' lang='lat' dir='ltr'><strong>mundationi-</strong></span> 
     </span>
    </p>
   </div>
   <div class='ocr_carea' id='block_1_91' title="bbox 477 4621 2057 4693">
    <p class='ocr_par' dir='ltr' id='par_1_91' title="bbox 477 4621 2057 4693">
     <span class='ocr_line' id='line_1_91' title="bbox 477 4621 2057 4693; baseline 0.002 -16"><span class='ocrx_word' id='word_1_670' title='bbox 477 4621 584 4677; x_wconf 90' lang='lat' dir='ltr'><strong>bus</strong></span> <span class='ocrx_word' id='word_1_671' title='bbox 615 4622 811 4684; x_wconf 89' lang='lat' dir='ltr'><strong>sancit,</strong></span> <span class='ocrx_word' id='word_1_672' title='bbox 840 4623 938 4676; x_wconf 88' lang='lat' dir='ltr'><strong>soli</strong></span> <span class='ocrx_word' id='word_1_673' title='bbox 971 4621 1160 4693; x_wconf 75' lang='lat' dir='ltr'><strong>Moysi,</strong></span> <span class='ocrx_word' id='word_1_674' title='bbox 1198 4639 1306 4676; x_wconf 89' lang='lat' dir='ltr'><strong>non</strong></span> <span class='ocrx_word' id='word_1_675' title='bbox 1354 4623 1516 4678; x_wconf 90' lang='lat' dir='ltr'><strong>etiam</strong></span> <span class='ocrx_word' id='word_1_676' title='bbox 1556 4622 1737 4677; x_wconf 82' lang='lat' dir='ltr'><strong>Aaron</strong></span> <span class='ocrx_word' id='word_1_677' title='bbox 1779 4624 1921 4678; x_wconf 88' lang='lat' dir='ltr'><strong>sicut</strong></span> <span class='ocrx_word' id='word_1_678' title='bbox 1962 4640 2057 4680; x_wconf 91' lang='lat' dir='ltr'><strong>su-</strong></span> 
     </span>
    </p>
   </div>
   <div class='ocr_carea' id='block_1_92' title="bbox 478 4713 2056 4788">
    <p class='ocr_par' dir='ltr' id='par_1_92' title="bbox 478 4713 2056 4788">
     <span class='ocr_line' id='line_1_92' title="bbox 478 4713 2056 4788; baseline 0.003 -19"><span class='ocrx_word' id='word_1_679' title='bbox 478 4713 693 4784; x_wconf 88' lang='lat' dir='ltr'><strong>perius,</strong></span> <span class='ocrx_word' id='word_1_680' title='bbox 739 4715 979 4782; x_wconf 88' lang='lat' dir='ltr'><strong>loquitur</strong></span> <span class='ocrx_word' id='word_1_681' title='bbox 1018 4717 1180 4785; x_wconf 90' lang='lat' dir='ltr'><strong>:quia</strong></span> <span class='ocrx_word' id='word_1_682' title='bbox 1211 4717 1420 4788; x_wconf 83' lang='lat' dir='ltr'><strong>Moyses</strong></span> <span class='ocrx_word' id='word_1_683' title='bbox 1459 4716 1731 4787; x_wconf 74' lang='lat' dir='ltr'><strong>pra-cipue</strong></span> <span class='ocrx_word' id='word_1_684' title='bbox 1768 4716 2056 4788; x_wconf 86' lang='lat' dir='ltr'><strong>imaginem</strong></span> 
     </span>
    </p>
   </div>
   <div class='ocr_carea' id='block_1_93' title="bbox 477 4804 2059 4879">
    <p class='ocr_par' dir='ltr' id='par_1_93' title="bbox 477 4804 2059 4879">
     <span class='ocr_line' id='line_1_93' title="bbox 477 4804 2059 4879; baseline 0.003 -20"><span class='ocrx_word' id='word_1_685' title='bbox 477 4804 709 4870; x_wconf 88' lang='lat' dir='ltr'><strong>Christi,</strong></span> <span class='ocrx_word' id='word_1_686' title='bbox 736 4805 1035 4861; x_wconf 84' lang='lat' dir='ltr'><strong>secundum</strong></span> <span class='ocrx_word' id='word_1_687' title='bbox 1069 4808 1268 4871; x_wconf 85' lang='lat' dir='ltr'><strong>multos</strong></span> <span class='ocrx_word' id='word_1_688' title='bbox 1295 4806 1386 4877; x_wconf 86' lang='lat' dir='ltr'><strong>qui</strong></span> <span class='ocrx_word' id='word_1_689' title='bbox 1418 4807 1547 4862; x_wconf 89' lang='lat' dir='ltr'><strong>dicti</strong></span> <span class='ocrx_word' id='word_1_690' title='bbox 1580 4816 1728 4873; x_wconf 88' lang='lat' dir='ltr'><strong>sunt,</strong></span> <span class='ocrx_word' id='word_1_691' title='bbox 1766 4809 1904 4879; x_wconf 83' lang='lat' dir='ltr'><strong>gerit</strong></span> <span class='ocrx_word' id='word_1_692' title='bbox 1936 4824 2059 4864; x_wconf 79' lang='lat' dir='ltr'><strong>mo-</strong></span> 
     </span>
    </p>
   </div>
   <div class='ocr_carea' id='block_1_94' title="bbox 477 4896 2060 4970">
    <p class='ocr_par' dir='ltr' id='par_1_94' title="bbox 477 4896 2060 4970">
     <span class='ocr_line' id='line_1_94' title="bbox 477 4896 2060 4970; baseline 0.001 -18"><span class='ocrx_word' id='word_1_693' title='bbox 477 4898 599 4954; x_wconf 88' lang='lat' dir='ltr'><strong>dos.</strong></span> <span class='ocrx_word' id='word_1_694' title='bbox 635 4896 745 4952; x_wconf 90' lang='lat' dir='ltr'><strong>Soli</strong></span> <span class='ocrx_word' id='word_1_695' title='bbox 780 4910 961 4952; x_wconf 86' lang='lat' dir='ltr'><strong>autem</strong></span> <span class='ocrx_word' id='word_1_696' title='bbox 990 4897 1209 4956; x_wconf 89' lang='lat' dir='ltr'><strong>Christo</strong></span> <span class='ocrx_word' id='word_1_697' title='bbox 1251 4897 1558 4954; x_wconf 88' lang='lat' dir='ltr'><strong>communis</strong></span> <span class='ocrx_word' id='word_1_698' title='bbox 1599 4898 1764 4967; x_wconf 64' lang='lat' dir='ltr'><strong>lepra:</strong></span> <span class='ocrx_word' id='word_1_699' title='bbox 1799 4904 2060 4970; x_wconf 88' lang='lat' dir='ltr'><strong>competit</strong></span> 
     </span>
    </p>
   </div>
   <div class='ocr_carea' id='block_1_95' title="bbox 475 4990 2057 5063">
    <p class='ocr_par' dir='ltr' id='par_1_95' title="bbox 475 4990 2057 5063">
     <span class='ocr_line' id='line_1_95' title="bbox 475 4990 2057 5063; baseline 0 -18"><span class='ocrx_word' id='word_1_700' title='bbox 475 4990 811 5045; x_wconf 87' lang='lat' dir='ltr'><strong>emundatio.</strong></span> <span class='ocrx_word' id='word_1_701' title='bbox 846 4991 1073 5062; x_wconf 81' lang='lat' dir='ltr'><strong>Propter</strong></span> <span class='ocrx_word' id='word_1_702' title='bbox 1099 4993 1243 5063; x_wconf 84' lang='lat' dir='ltr'><strong>quod</strong></span> <span class='ocrx_word' id='word_1_703' title='bbox 1274 5008 1376 5047; x_wconf 92' lang='lat' dir='ltr'><strong>nec</strong></span> <span class='ocrx_word' id='word_1_704' title='bbox 1404 4990 1470 5046; x_wconf 88' lang='lat' dir='ltr'><strong>dc</strong></span> <span class='ocrx_word' id='word_1_705' title='bbox 1502 4991 1649 5061; x_wconf 87' lang='lat' dir='ltr'><strong>lepra</strong></span> <span class='ocrx_word' id='word_1_706' title='bbox 1692 4993 1853 5047; x_wconf 84' lang='lat' dir='ltr'><strong>unius</strong></span> <span class='ocrx_word' id='word_1_707' title='bbox 1890 4993 2057 5056; x_wconf 83' lang='lat' dir='ltr'><strong>modi,</strong></span> 
     </span>
    </p>
   </div>
   <div class='ocr_carea' id='block_1_96' title="bbox 477 5084 2061 5154">
    <p class='ocr_par' dir='ltr' id='par_1_96' title="bbox 477 5084 2061 5154">
     <span class='ocr_line' id='line_1_96' title="bbox 477 5084 2061 5154; baseline 0.002 -17"><span class='ocrx_word' id='word_1_708' title='bbox 477 5100 599 5154; x_wconf 69' lang='lat' dir='ltr'><strong>qum</strong></span> <span class='ocrx_word' id='word_1_709' title='bbox 627 5086 686 5139; x_wconf 82' lang='lat' dir='ltr'><strong>iit</strong></span> <span class='ocrx_word' id='word_1_710' title='bbox 716 5084 769 5139; x_wconf 93' lang='lat' dir='ltr'><strong>in</strong></span> <span class='ocrx_word' id='word_1_711' title='bbox 803 5087 1048 5153; x_wconf 86' lang='lat' dir='ltr'><strong>vulnere,</strong></span> <span class='ocrx_word' id='word_1_712' title='bbox 1077 5084 1229 5140; x_wconf 89' lang='lat' dir='ltr'><strong>verbi</strong></span> <span class='ocrx_word' id='word_1_713' title='bbox 1258 5085 1453 5154; x_wconf 85' lang='lat' dir='ltr'><strong>gratia,</strong></span> <span class='ocrx_word' id='word_1_714' title='bbox 1483 5094 1577 5139; x_wconf 87' lang='lat' dir='ltr'><strong>aut</strong></span> <span class='ocrx_word' id='word_1_715' title='bbox 1615 5085 1668 5139; x_wconf 88' lang='lat' dir='ltr'><strong>in</strong></span> <span class='ocrx_word' id='word_1_716' title='bbox 1703 5085 1936 5152; x_wconf 84' lang='lat' dir='ltr'><strong>ustione,</strong></span> <span class='ocrx_word' id='word_1_717' title='bbox 1967 5095 2061 5141; x_wconf 87' lang='lat' dir='ltr'><strong>aut</strong></span> 
     </span>
    </p>
   </div>
   <div class='ocr_carea' id='block_1_97' title="bbox 475 5174 1223 5245">
    <p class='ocr_par' dir='ltr' id='par_1_97' title="bbox 475 5174 1223 5245">
     <span class='ocr_line' id='line_1_97' title="bbox 475 5174 1223 5245; baseline 0.001 -19"><span class='ocrx_word' id='word_1_718' title='bbox 475 5176 654 5239; x_wconf 83' lang='lat' dir='ltr'><strong>aliter,</strong></span> <span class='ocrx_word' id='word_1_719' title='bbox 687 5174 948 5245; x_wconf 88' lang='lat' dir='ltr'><strong>loquitur,</strong></span> <span class='ocrx_word' id='word_1_720' title='bbox 978 5174 1074 5229; x_wconf 89' lang='lat' dir='ltr'><strong>scd</strong></span> <span class='ocrx_word' id='word_1_721' title='bbox 1106 5174 1223 5228; x_wconf 81' lang='lat' dir='ltr'><strong>ait:</strong></span> 
     </span>
    </p>
   </div>
   <div class='ocr_carea' id='block_1_98' title="bbox 549 5263 2053 5338">
    <p class='ocr_par' dir='ltr' id='par_1_98' title="bbox 549 5263 2053 5338">
     <span class='ocr_line' id='line_1_98' title="bbox 549 5263 2053 5338; baseline 0.001 -17"><span class='ocrx_word' id='word_1_722' title='bbox 549 5267 646 5321; x_wconf 86' lang='lat' dir='ltr'><strong>llic</strong></span> <span class='ocrx_word' id='word_1_723' title='bbox 697 5276 773 5321; x_wconf 85' lang='lat' dir='ltr'><strong>est</strong></span> <span class='ocrx_word' id='word_1_724' title='bbox 821 5268 953 5321; x_wconf 80' lang='lat' dir='ltr'><strong>ritus</strong></span> <span class='ocrx_word' id='word_1_725' title='bbox 1004 5266 1216 5337; x_wconf 81' lang='lat' dir='ltr'><strong>leprosi.</strong></span> <span class='ocrx_word' id='word_1_726' title='bbox 1256 5263 1362 5329; x_wconf 82' lang='lat' dir='ltr'><strong>Per</strong></span> <span class='ocrx_word' id='word_1_727' title='bbox 1411 5265 1518 5323; x_wconf 86' lang='lat' dir='ltr'><strong>hoc</strong></span> <span class='ocrx_word' id='word_1_728' title='bbox 1554 5281 1771 5322; x_wconf 90' lang='lat' dir='ltr'><strong>omnem</strong></span> <span class='ocrx_word' id='word_1_729' title='bbox 1817 5268 2053 5338; x_wconf 79' lang='lat' dir='ltr'><strong>speciem</strong></span> 
     </span>
    </p>
   </div>
   <div class='ocr_carea' id='block_1_99' title="bbox 476 5357 2055 5431">
    <p class='ocr_par' dir='ltr' id='par_1_99' title="bbox 476 5357 2055 5431">
     <span class='ocr_line' id='line_1_99' title="bbox 476 5357 2055 5431; baseline -0.001 -18"><span class='ocrx_word' id='word_1_730' title='bbox 476 5358 643 5431; x_wconf 63' lang='lat' dir='ltr'><strong>lepra;</strong></span> <span class='ocrx_word' id='word_1_731' title='bbox 693 5359 984 5431; x_wconf 89' lang='lat' dir='ltr'><strong>complecti</strong></span> <span class='ocrx_word' id='word_1_732' title='bbox 1031 5359 1254 5425; x_wconf 90' lang='lat' dir='ltr'><strong>volens,</strong></span> <span class='ocrx_word' id='word_1_733' title='bbox 1307 5357 1435 5427; x_wconf 88' lang='lat' dir='ltr'><strong>quia</strong></span> <span class='ocrx_word' id='word_1_734' title='bbox 1492 5366 1548 5415; x_wconf 88' lang='lat' dir='ltr'><strong>et</strong></span> <span class='ocrx_word' id='word_1_735' title='bbox 1596 5358 1846 5416; x_wconf 78' lang='lat' dir='ltr'><strong>ChriStus</strong></span> <span class='ocrx_word' id='word_1_736' title='bbox 1894 5376 2055 5414; x_wconf 84' lang='lat' dir='ltr'><strong>omne</strong></span> 
     </span>
    </p>
   </div>
   <div class='ocr_carea' id='block_1_100' title="bbox 475 5450 2054 5524">
    <p class='ocr_par' dir='ltr' id='par_1_100' title="bbox 475 5450 2054 5524">
     <span class='ocr_line' id='line_1_100' title="bbox 475 5450 2054 5524; baseline -0.001 -19"><span class='ocrx_word' id='word_1_737' title='bbox 475 5467 648 5519; x_wconf 83' lang='lat' dir='ltr'><strong>genus</strong></span> <span class='ocrx_word' id='word_1_738' title='bbox 686 5461 1037 5522; x_wconf 90' lang='lat' dir='ltr'><strong>peccatorum</strong></span> <span class='ocrx_word' id='word_1_739' title='bbox 1073 5450 1377 5507; x_wconf 84' lang='lat' dir='ltr'><strong>mandavit.</strong></span> <span class='ocrx_word' id='word_1_740' title='bbox 1411 5450 1554 5524; x_wconf 86' lang='lat' dir='ltr'><strong>Ergo</strong></span> <span class='ocrx_word' id='word_1_741' title='bbox 1587 5459 1643 5507; x_wconf 89' lang='lat' dir='ltr'><strong>et</strong></span> <span class='ocrx_word' id='word_1_742' title='bbox 1679 5453 1844 5507; x_wconf 83' lang='lat' dir='ltr'><strong>nimis</strong></span> <span class='ocrx_word' id='word_1_743' title='bbox 1881 5453 2054 5506; x_wconf 77' lang='lat' dir='ltr'><strong>simil-</strong></span> 
     </span>
    </p>
   </div>
   <div class='ocr_carea' id='block_1_101' title="bbox 479 5541 2054 5616">
    <p class='ocr_par' dir='ltr' id='par_1_101' title="bbox 479 5541 2054 5616">
     <span class='ocr_line' id='line_1_101' title="bbox 479 5541 2054 5616; baseline 0.004 -24"><span class='ocrx_word' id='word_1_744' title='bbox 479 5541 602 5604; x_wconf 77' lang='lat' dir='ltr'><strong>lima</strong></span> <span class='ocrx_word' id='word_1_745' title='bbox 643 5552 730 5597; x_wconf 89' lang='lat' dir='ltr'><strong>est</strong></span> <span class='ocrx_word' id='word_1_746' title='bbox 777 5544 1035 5615; x_wconf 80' lang='lat' dir='ltr'><strong>mysterio</strong></span> <span class='ocrx_word' id='word_1_747' title='bbox 1076 5545 1196 5616; x_wconf 84' lang='lat' dir='ltr'><strong>ejus</strong></span> <span class='ocrx_word' id='word_1_748' title='bbox 1244 5559 1485 5615; x_wconf 61' lang='lat' dir='ltr'><strong>praesens</strong></span> <span class='ocrx_word' id='word_1_749' title='bbox 1527 5543 1774 5610; x_wconf 87' lang='lat' dir='ltr'><strong>materia,</strong></span> <span class='ocrx_word' id='word_1_750' title='bbox 1807 5544 1948 5613; x_wconf 85' lang='lat' dir='ltr'><strong>quod</strong></span> <span class='ocrx_word' id='word_1_751' title='bbox 1991 5559 2054 5598; x_wconf 78' lang='lat' dir='ltr'><strong>ex</strong></span> 
     </span>
    </p>
   </div>
   <div class='ocr_carea' id='block_1_102' title="bbox 553 5739 1930 5813">
    <p class='ocr_par' dir='ltr' id='par_1_102' title="bbox 553 5739 1930 5813">
     <span class='ocr_line' id='line_1_102' title="bbox 553 5739 1930 5813; baseline 0.002 -19"><span class='ocrx_word' id='word_1_752' title='bbox 553 5739 597 5781; x_wconf 73' lang='lat'><strong>‘-&quot;&#39;</strong></span> <span class='ocrx_word' id='word_1_753' title='bbox 625 5739 781 5794; x_wconf 81' lang='lat' dir='ltr'><strong>Joan.</strong></span> <span class='ocrx_word' id='word_1_754' title='bbox 812 5757 890 5809; x_wconf 73' lang='lat' dir='ltr'><strong>xi,</strong></span> <span class='ocrx_word' id='word_1_755' title='bbox 924 5742 973 5797; x_wconf 68' lang='grc'><strong>4.</strong></span> <span class='ocrx_word' id='word_1_756' title='bbox 1058 5744 1100 5776; x_wconf 71' lang='grc'><strong>³⁸</strong></span> <span class='ocrx_word' id='word_1_757' title='bbox 1128 5744 1263 5801; x_wconf 77' lang='lat' dir='ltr'><strong>Psal.</strong></span> <span class='ocrx_word' id='word_1_758' title='bbox 1302 5762 1351 5813; x_wconf 77' lang='lat'><strong>1.,</strong></span> <span class='ocrx_word' id='word_1_759' title='bbox 1385 5746 1438 5802; x_wconf 81' lang='lat'><strong>9.</strong></span> <span class='ocrx_word' id='word_1_760' title='bbox 1518 5744 1739 5804; x_wconf 64' lang='lat' dir='ltr'><strong>“Rom.</strong></span> <span class='ocrx_word' id='word_1_761' title='bbox 1774 5762 1847 5810; x_wconf 83' lang='lat' dir='ltr'><strong>\l,</strong></span> <span class='ocrx_word' id='word_1_762' title='bbox 1879 5745 1930 5798; x_wconf 80' lang='grc'><strong>5.</strong></span> 
     </span>
    </p>
   </div>
   <div class='ocr_carea' id='block_1_103' title="bbox 2164 4524 3730 4603">
    <p class='ocr_par' dir='ltr' id='par_1_103' title="bbox 2164 4524 3730 4603">
     <span class='ocr_line' id='line_1_103' title="bbox 2164 4524 3730 4603; baseline -0.004 -15"><span class='ocrx_word' id='word_1_763' title='bbox 2164 4534 2343 4596; x_wconf 89' lang='lat' dir='ltr'><strong>nobis,</strong></span> <span class='ocrx_word' id='word_1_764' title='bbox 2379 4532 2434 4588; x_wconf 91' lang='lat' dir='ltr'><strong>id</strong></span> <span class='ocrx_word' id='word_1_765' title='bbox 2464 4541 2544 4589; x_wconf 91' lang='lat' dir='ltr'><strong>est</strong></span> <span class='ocrx_word' id='word_1_766' title='bbox 2579 4548 2678 4603; x_wconf 90' lang='lat' dir='ltr'><strong>pro</strong></span> <span class='ocrx_word' id='word_1_767' title='bbox 2712 4530 2891 4596; x_wconf 90' lang='lat' dir='ltr'><strong>nobis,</strong></span> <span class='ocrx_word' id='word_1_768' title='bbox 2918 4528 3181 4599; x_wconf 89' lang='lat' dir='ltr'><strong>siquidem</strong></span> <span class='ocrx_word' id='word_1_769' title='bbox 3214 4543 3402 4582; x_wconf 90' lang='lat' dir='ltr'><strong>sumus</strong></span> <span class='ocrx_word' id='word_1_770' title='bbox 3430 4541 3526 4581; x_wconf 89' lang='lat' dir='ltr'><strong>vas</strong></span> <span class='ocrx_word' id='word_1_771' title='bbox 3550 4524 3730 4592; x_wconf 84' lang='lat' dir='ltr'><strong>ﬁctile,</strong></span> 
     </span>
    </p>
   </div>
   <div class='ocr_carea' id='block_1_104' title="bbox 2163 4618 3733 4691">
    <p class='ocr_par' dir='ltr' id='par_1_104' title="bbox 2163 4618 3733 4691">
     <span class='ocr_line' id='line_1_104' title="bbox 2163 4618 3733 4691; baseline -0.006 -9"><span class='ocrx_word' id='word_1_772' title='bbox 2163 4627 2231 4682; x_wconf 92' lang='lat' dir='ltr'><strong>de</strong></span> <span class='ocrx_word' id='word_1_773' title='bbox 2274 4627 2390 4681; x_wconf 91' lang='lat' dir='ltr'><strong>luto</strong></span> <span class='ocrx_word' id='word_1_774' title='bbox 2426 4625 2681 4680; x_wconf 90' lang='lat' dir='ltr'><strong>videlicet</strong></span> <span class='ocrx_word' id='word_1_775' title='bbox 2730 4623 2878 4678; x_wconf 84' lang='lat' dir='ltr'><strong>facti.</strong></span> <span class='ocrx_word' id='word_1_776' title='bbox 2912 4621 3239 4691; x_wconf 88' lang='lat' dir='ltr'><strong>Unigenitus</strong></span> <span class='ocrx_word' id='word_1_777' title='bbox 3280 4618 3580 4674; x_wconf 88' lang='lat' dir='ltr'><strong>secundum</strong></span> <span class='ocrx_word' id='word_1_778' title='bbox 3613 4633 3733 4672; x_wconf 87' lang='lat' dir='ltr'><strong>car-</strong></span> 
     </span>
    </p>
   </div>
   <div class='ocr_carea' id='block_1_105' title="bbox 2164 4710 3733 4786">
    <p class='ocr_par' dir='ltr' id='par_1_105' title="bbox 2164 4710 3733 4786">
     <span class='ocr_line' id='line_1_105' title="bbox 2164 4710 3733 4786; baseline -0.005 -14"><span class='ocrx_word' id='word_1_779' title='bbox 2164 4735 2290 4773; x_wconf 87' lang='lat' dir='ltr'><strong>nem</strong></span> <span class='ocrx_word' id='word_1_780' title='bbox 2334 4718 2602 4773; x_wconf 86' lang='lat' dir='ltr'><strong>occiditur</strong></span> <span class='ocrx_word' id='word_1_781' title='bbox 2640 4729 2806 4786; x_wconf 89' lang='lat' dir='ltr'><strong>super</strong></span> <span class='ocrx_word' id='word_1_782' title='bbox 2836 4728 3004 4784; x_wconf 89' lang='lat' dir='ltr'><strong>aquas</strong></span> <span class='ocrx_word' id='word_1_783' title='bbox 3030 4712 3203 4775; x_wconf 90' lang='lat' dir='ltr'><strong>vivas,</strong></span> <span class='ocrx_word' id='word_1_784' title='bbox 3238 4712 3290 4766; x_wconf 89' lang='lat' dir='ltr'><strong>id</strong></span> <span class='ocrx_word' id='word_1_785' title='bbox 3322 4720 3405 4765; x_wconf 92' lang='lat' dir='ltr'><strong>est</strong></span> <span class='ocrx_word' id='word_1_786' title='bbox 3443 4710 3733 4780; x_wconf 86' lang='lat' dir='ltr'><strong>baptisma-</strong></span> 
     </span>
    </p>
   </div>
   <div class='ocr_carea' id='block_1_106' title="bbox 2166 4803 3728 4880">
    <p class='ocr_par' dir='ltr' id='par_1_106' title="bbox 2166 4803 3728 4880">
     <span class='ocr_line' id='line_1_106' title="bbox 2166 4803 3728 4880; baseline -0.008 -13"><span class='ocrx_word' id='word_1_787' title='bbox 2166 4813 2255 4867; x_wconf 91' lang='lat' dir='ltr'><strong>tis.</strong></span> <span class='ocrx_word' id='word_1_788' title='bbox 2297 4811 2440 4866; x_wconf 76' lang='grc' dir='ltr'><strong>Μαι-ε</strong></span> <span class='ocrx_word' id='word_1_789' title='bbox 2480 4811 2609 4880; x_wconf 84' lang='lat' dir='ltr'><strong>&#39;ejus</strong></span> <span class='ocrx_word' id='word_1_790' title='bbox 2659 4808 2862 4879; x_wconf 90' lang='lat' dir='ltr'><strong>quippe</strong></span> <span class='ocrx_word' id='word_1_791' title='bbox 2907 4814 3154 4862; x_wconf 90' lang='lat' dir='ltr'><strong>nostrum</strong></span> <span class='ocrx_word' id='word_1_792' title='bbox 3206 4804 3399 4876; x_wconf 80' lang='lat' dir='ltr'><strong>ﬁgurat</strong></span> <span class='ocrx_word' id='word_1_793' title='bbox 3446 4803 3728 4872; x_wconf 84' lang='lat' dir='ltr'><strong>baptisma,</strong></span> 
     </span>
    </p>
   </div>
   <div class='ocr_carea' id='block_1_107' title="bbox 2160 4893 3732 4973">
    <p class='ocr_par' dir='ltr' id='par_1_107' title="bbox 2160 4893 3732 4973">
     <span class='ocr_line' id='line_1_107' title="bbox 2160 4893 3732 4973; baseline -0.007 -15"><span class='ocrx_word' id='word_1_794' title='bbox 2160 4904 2303 4973; x_wconf 77' lang='lat' dir='ltr'><strong>quod</strong></span> <span class='ocrx_word' id='word_1_795' title='bbox 2331 4902 2571 4958; x_wconf 88' lang='lat' dir='ltr'><strong>ostendit</strong></span> <span class='ocrx_word' id='word_1_796' title='bbox 2600 4899 2830 4965; x_wconf 88' lang='lat' dir='ltr'><strong>Paulus,</strong></span> <span class='ocrx_word' id='word_1_797' title='bbox 2856 4898 3046 4954; x_wconf 79' lang='lat' dir='ltr'><strong>dicens</strong></span> <span class='ocrx_word' id='word_1_798' title='bbox 3075 4915 3089 4951; x_wconf 90' lang='lat'><strong>:</strong></span> <span class='ocrx_word' id='word_1_799' title='bbox 3127 4895 3433 4967; x_wconf 83' lang='lat' dir='ltr'><strong>Quicunque</strong></span> <span class='ocrx_word' id='word_1_800' title='bbox 3456 4896 3509 4948; x_wconf 88' lang='lat' dir='ltr'><strong>in</strong></span> <span class='ocrx_word' id='word_1_801' title='bbox 3536 4893 3732 4948; x_wconf 74' lang='lat' dir='ltr'><strong>Christo</strong></span> 
     </span>
    </p>
   </div>
   <div class='ocr_carea' id='block_1_108' title="bbox 2162 4986 3729 5065">
    <p class='ocr_par' dir='ltr' id='par_1_108' title="bbox 2162 4986 3729 5065">
     <span class='ocr_line' id='line_1_108' title="bbox 2162 4986 3729 5065; baseline -0.008 -16"><span class='ocrx_word' id='word_1_802' title='bbox 2162 4996 2416 5065; x_wconf 76' lang='lat' dir='ltr'><strong>baptizati</strong></span> <span class='ocrx_word' id='word_1_803' title='bbox 2457 5010 2663 5056; x_wconf 80' lang='lat' dir='ltr'><strong>sumus,</strong></span> <span class='ocrx_word' id='word_1_804' title='bbox 2687 4993 2745 5046; x_wconf 85' lang='lat' dir='ltr'><strong>in</strong></span> <span class='ocrx_word' id='word_1_805' title='bbox 2788 5000 2956 5045; x_wconf 83' lang='lat' dir='ltr'><strong>morte</strong></span> <span class='ocrx_word' id='word_1_806' title='bbox 2997 4991 3113 5060; x_wconf 73' lang='lat' dir='ltr'><strong>ejus</strong></span> <span class='ocrx_word' id='word_1_807' title='bbox 3158 4987 3414 5058; x_wconf 80' lang='lat' dir='ltr'><strong>baptizati</strong></span> <span class='ocrx_word' id='word_1_808' title='bbox 3458 5002 3635 5040; x_wconf 71' lang='lat' dir='ltr'><strong>sumus</strong></span> <span class='ocrx_word' id='word_1_809' title='bbox 3665 4986 3729 5039; x_wconf 85' lang='grc'><strong>³⁷.</strong></span> 
     </span>
    </p>
   </div>
   <div class='ocr_carea' id='block_1_109' title="bbox 2161 5078 3732 5154">
    <p class='ocr_par' dir='ltr' id='par_1_109' title="bbox 2161 5078 3732 5154">
     <span class='ocr_line' id='line_1_109' title="bbox 2161 5078 3732 5154; baseline -0.009 -11"><span class='ocrx_word' id='word_1_810' title='bbox 2161 5087 2220 5143; x_wconf 87' lang='lat' dir='ltr'><strong>in</strong></span> <span class='ocrx_word' id='word_1_811' title='bbox 2252 5088 2357 5142; x_wconf 87' lang='lat' dir='ltr'><strong>hoc</strong></span> <span class='ocrx_word' id='word_1_812' title='bbox 2379 5086 2570 5141; x_wconf 85' lang='lat' dir='ltr'><strong>vivens</strong></span> <span class='ocrx_word' id='word_1_813' title='bbox 2592 5098 2804 5154; x_wconf 88' lang='lat' dir='ltr'><strong>passer,</strong></span> <span class='ocrx_word' id='word_1_814' title='bbox 2832 5091 2887 5138; x_wconf 92' lang='lat' dir='ltr'><strong>et</strong></span> <span class='ocrx_word' id='word_1_815' title='bbox 2915 5083 3122 5151; x_wconf 83' lang='lat' dir='ltr'><strong>lignum</strong></span> <span class='ocrx_word' id='word_1_816' title='bbox 3148 5079 3454 5143; x_wconf 87' lang='lat' dir='ltr'><strong>cedriuum,</strong></span> <span class='ocrx_word' id='word_1_817' title='bbox 3479 5087 3535 5131; x_wconf 90' lang='lat' dir='ltr'><strong>et</strong></span> <span class='ocrx_word' id='word_1_818' title='bbox 3562 5078 3732 5131; x_wconf 88' lang='lat' dir='ltr'><strong>cocci-</strong></span> 
     </span>
    </p>
   </div>
   <div class='ocr_carea' id='block_1_110' title="bbox 2166 5167 3731 5247">
    <p class='ocr_par' dir='ltr' id='par_1_110' title="bbox 2166 5167 3731 5247">
     <span class='ocr_line' id='line_1_110' title="bbox 2166 5167 3731 5247; baseline -0.006 -16"><span class='ocrx_word' id='word_1_819' title='bbox 2166 5195 2293 5233; x_wconf 89' lang='lat' dir='ltr'><strong>num</strong></span> <span class='ocrx_word' id='word_1_820' title='bbox 2323 5187 2549 5242; x_wconf 86' lang='lat' dir='ltr'><strong>tortum,</strong></span> <span class='ocrx_word' id='word_1_821' title='bbox 2569 5185 2624 5231; x_wconf 88' lang='lat' dir='ltr'><strong>et</strong></span> <span class='ocrx_word' id='word_1_822' title='bbox 2655 5176 2922 5247; x_wconf 82' lang='lat' dir='ltr'><strong>hyssopus</strong></span> <span class='ocrx_word' id='word_1_823' title='bbox 2953 5172 3212 5244; x_wconf 88' lang='lat' dir='ltr'><strong>tingitur:</strong></span> <span class='ocrx_word' id='word_1_824' title='bbox 3242 5170 3421 5225; x_wconf 87' lang='lat' dir='ltr'><strong>omnia</strong></span> <span class='ocrx_word' id='word_1_825' title='bbox 3448 5169 3593 5223; x_wconf 84' lang='lat' dir='ltr'><strong>enim</strong></span> <span class='ocrx_word' id='word_1_826' title='bbox 3622 5167 3731 5222; x_wconf 65' lang='lat' dir='ltr'><strong>haec</strong></span> 
     </span>
    </p>
   </div>
   <div class='ocr_carea' id='block_1_111' title="bbox 2168 5259 3733 5340">
    <p class='ocr_par' dir='ltr' id='par_1_111' title="bbox 2168 5259 3733 5340">
     <span class='ocr_line' id='line_1_111' title="bbox 2168 5259 3733 5340; baseline -0.007 -16"><span class='ocrx_word' id='word_1_827' title='bbox 2168 5268 2711 5340; x_wconf 82' lang='lat' dir='ltr'><strong>comprehenduntur</strong></span> <span class='ocrx_word' id='word_1_828' title='bbox 2736 5267 2791 5321; x_wconf 90' lang='lat' dir='ltr'><strong>in</strong></span> <span class='ocrx_word' id='word_1_829' title='bbox 2828 5266 3028 5320; x_wconf 87' lang='lat' dir='ltr'><strong>virtute</strong></span> <span class='ocrx_word' id='word_1_830' title='bbox 3054 5261 3413 5331; x_wconf 85' lang='lat' dir='ltr'><strong>baptismatis,</strong></span> <span class='ocrx_word' id='word_1_831' title='bbox 3439 5260 3584 5331; x_wconf 89' lang='lat' dir='ltr'><strong>quod</strong></span> <span class='ocrx_word' id='word_1_832' title='bbox 3609 5259 3733 5315; x_wconf 75' lang='lat' dir='ltr'><strong>dixi-</strong></span> 
     </span>
    </p>
   </div>
   <div class='ocr_carea' id='block_1_112' title="bbox 2165 5349 3731 5427">
    <p class='ocr_par' dir='ltr' id='par_1_112' title="bbox 2165 5349 3731 5427">
     <span class='ocr_line' id='line_1_112' title="bbox 2165 5349 3731 5427; baseline -0.006 -13"><span class='ocrx_word' id='word_1_833' title='bbox 2165 5378 2286 5415; x_wconf 90' lang='lat' dir='ltr'><strong>mus</strong></span> <span class='ocrx_word' id='word_1_834' title='bbox 2319 5359 2612 5415; x_wconf 68' lang='lat' dir='ltr'><strong>Dominica:</strong></span> <span class='ocrx_word' id='word_1_835' title='bbox 2638 5374 2761 5414; x_wconf 88' lang='lat' dir='ltr'><strong>esse</strong></span> <span class='ocrx_word' id='word_1_836' title='bbox 2802 5356 3071 5427; x_wconf 88' lang='lat' dir='ltr'><strong>passionis</strong></span> <span class='ocrx_word' id='word_1_837' title='bbox 3105 5355 3328 5426; x_wconf 84' lang='lat' dir='ltr'><strong>ﬁguram</strong></span> <span class='ocrx_word' id='word_1_838' title='bbox 3384 5349 3731 5423; x_wconf 76' lang='lat' dir='ltr'><strong>significatio-</strong></span> 
     </span>
    </p>
   </div>
   <div class='ocr_carea' id='block_1_113' title="bbox 2165 5441 3732 5523">
    <p class='ocr_par' dir='ltr' id='par_1_113' title="bbox 2165 5441 3732 5523">
     <span class='ocr_line' id='line_1_113' title="bbox 2165 5441 3732 5523; baseline -0.006 -17"><span class='ocrx_word' id='word_1_839' title='bbox 2165 5468 2417 5523; x_wconf 79' lang='lat' dir='ltr'><strong>nemque.</strong></span> <span class='ocrx_word' id='word_1_840' title='bbox 2450 5450 2555 5506; x_wconf 90' lang='lat' dir='ltr'><strong>Sed</strong></span> <span class='ocrx_word' id='word_1_841' title='bbox 2587 5449 2781 5505; x_wconf 88' lang='lat' dir='ltr'><strong>vivens</strong></span> <span class='ocrx_word' id='word_1_842' title='bbox 2821 5461 3028 5519; x_wconf 88' lang='lat' dir='ltr'><strong>passer,</strong></span> <span class='ocrx_word' id='word_1_843' title='bbox 3053 5460 3214 5516; x_wconf 86' lang='lat' dir='ltr'><strong>quem</strong></span> <span class='ocrx_word' id='word_1_844' title='bbox 3244 5444 3298 5498; x_wconf 92' lang='lat' dir='ltr'><strong>in</strong></span> <span class='ocrx_word' id='word_1_845' title='bbox 3330 5441 3610 5514; x_wconf 83' lang='lat' dir='ltr'><strong>Unigenili</strong></span> <span class='ocrx_word' id='word_1_846' title='bbox 3641 5457 3732 5497; x_wconf 85' lang='lat' dir='ltr'><strong>ne—</strong></span> 
     </span>
    </p>
   </div>
   <div class='ocr_carea' id='block_1_114' title="bbox 2165 5532 3731 5611">
    <p class='ocr_par' dir='ltr' id='par_1_114' title="bbox 2165 5532 3731 5611">
     <span class='ocr_line' id='line_1_114' title="bbox 2165 5532 3731 5611; baseline -0.006 -12"><span class='ocrx_word' id='word_1_847' title='bbox 2165 5546 2395 5604; x_wconf 87' lang='lat' dir='ltr'><strong>cessarie</strong></span> <span class='ocrx_word' id='word_1_848' title='bbox 2414 5543 2753 5601; x_wconf 86' lang='lat' dir='ltr'><strong>divinitatem</strong></span> <span class='ocrx_word' id='word_1_849' title='bbox 2773 5539 3090 5611; x_wconf 86' lang='lat' dir='ltr'><strong>accipimus,</strong></span> <span class='ocrx_word' id='word_1_850' title='bbox 3108 5537 3162 5592; x_wconf 92' lang='lat' dir='ltr'><strong>in</strong></span> <span class='ocrx_word' id='word_1_851' title='bbox 3181 5534 3443 5606; x_wconf 88' lang='lat' dir='ltr'><strong>sanguine</strong></span> <span class='ocrx_word' id='word_1_852' title='bbox 3463 5534 3556 5590; x_wconf 89' lang='lat' dir='ltr'><strong>hic</strong></span> <span class='ocrx_word' id='word_1_853' title='bbox 3575 5532 3731 5591; x_wconf 80' lang='lat' dir='ltr'><strong>occisi</strong></span> 
     </span>
    </p>
   </div>
  </div>
