4030 6240
355 350 462 416 953

1478 353 1561 412 IN
1600 351 2138 413 LEVITICUM.--
2166 355 2316 417 LIB.
2359 358 2460 421 IV.

3474 360 3607 426 '9“

356 460 613 535 Ριωθτὶεν
651 470 709 515 ει
747 472 887 531 aqua
926 459 1155 532 Ποδίων
1177 501 1194 524 ν
1228 459 1282 514 id
1320 467 1404 513 εει
1438 459 1494 513 in
1535 459 1704 530 gratia
1752 458 1928 528 bapli-
1955 471 2000 524 Δ
2028 479 2154 519 eum
2187 466 2515 538 cogitatione
2553 469 2781 541 cupiens
2817 471 3096 542 praecepit,
3132 469 3228 526 sed
3271 484 3474 526 novum
3521 483 3608 526 to-

357 550 567 617 smatis,
598 548 722 620 quia
754 563 867 604 non
908 548 966 603 in
994 549 1231 604 hominis
1274 549 1546 619 passione,
1597 548 1693 603 sed
1739 546 1833 602 Dei
1875 556 1931 602 et

357 639 596 696 hominis
625 641 878 711 passione
910 639 1270 710 baptizamur.
1312 636 1517 697 Deinde
1547 647 1673 709 post
1710 639 1814 693 hoc
1847 637 1929 691 vi-

355 746 492 788 vens
524 745 715 805 passer
761 731 816 785 in
861 746 1050 802 agrum
1094 739 1157 784 ut
1199 730 1399 793 avolet,
1438 729 1748 783 dimittitur.
1789 728 1931 800 Ergo

358 825 711 894 impassibilis
741 824 1021 888 divinitas,
1058 831 1114 879 et
1140 822 1517 893 inseparabilis
1541 830 1660 877 erat
1684 837 1714 876 a
1743 836 1929 886 carne,

355 929 479 981 qua:
508 928 667 983 passa
700 921 805 979 est,
836 913 983 968 unde
1018 921 1075 968 et
1108 911 1428 982 separabilis
1458 913 1512 965 in
1541 910 1806 981 sanguine
1834 908 1934 963 ba-
1976 937 1997 952 κ

357 1002 614 1071 ptiutur,
645 1009 707 1056 ut
742 1000 1091 1073 impassibilis
1130 1001 1253 1055 viva
1296 1001 1351 1054 in
1386 1014 1575 1070 agrum
1610 998 1787 1052 avolet
1818 1014 1835 1052 :
1865 997 1933 1053 ad

361 1093 704 1148 latitudinem
776 1093 1029 1149 videlicet
1091 1090 1565 1164 contemplationis
1627 1089 1929 1154 emittitur,

358 1198 468 1255 quo
515 1183 664 1241 illum
712 1184 1056 1251 dimittente,
1100 1193 1290 1239 nostro
1335 1183 1587 1239 videlicet
1630 1181 1929 1237 intellectu.

357 1274 463 1327 sub
513 1273 675 1342 hujus
721 1274 867 1328 enim
911 1274 1373 1344 contemplatione
1423 1280 1681 1339 tenetur,
1729 1270 1934 1327 solum-

360 1366 523 1420 modo
572 1374 770 1435 sponte
818 1367 1063 1431 detenta,
1110 1381 1236 1421 cum
1282 1381 1312 1421 a
1360 1366 1510 1420 nullo
1554 1365 1661 1419 alio
1700 1362 1934 1419 detineri

359 1454 547 1522 possit.
609 1455 837 1525 Insuper
881 1456 929 1513 is
976 1456 1068 1526 qui
1111 1456 1405 1511 mundatus
1448 1462 1571 1520 est,
1610 1454 1931 1530 vestimenta

359 1546 523 1607 lavat,
559 1545 811 1601 videlicet
840 1546 1104 1610 actiones,
1135 1555 1192 1601 et
1225 1545 1268 1600 si
1300 1560 1435 1615 quas
1464 1545 1692 1600 virtutes
1722 1544 1928 1609 habuit,

357 1638 484 1708 quia
529 1647 584 1691 et
632 1637 731 1692 has
769 1647 995 1708 peccato
1024 1637 1245 1710 polluit;
1285 1634 1429 1691 lavat
1454 1646 1633 1692 autem
1663 1636 1940 1707 poeniten~

361 1729 432 1783 tia
463 1748 476 1787 :
515 1739 571 1785 et
595 1728 735 1785 radit
760 1730 950 1800 pilum,
984 1730 1038 1785 id
1069 1738 1155 1785 est
1182 1743 1399 1785 omnem
1427 1729 1808 1800 cegitationem
1838 1729 1933 1783 de-

360 1819 535 1894 ponit,
574 1821 702 1890 quia
726 1834 919 1875 omnes
946 1835 1040 1875 eas
1068 1821 1304 1877 habebat
1342 1819 1672 1875 immundas.
1700 1819 1769 1874 Et
1792 1821 1935 1877 lotus

358 1926 498 1980 aqua
533 1910 867 1981 paenitentiae
917 1920 1011 1966 aut
1045 1910 1417 1981 baptismatis,
1458 1919 1589 1965 tunc
1627 1911 1935 1964 necessarie

360 2002 729 2055 inundabitur.
771 2000 904 2055 Nam
944 2002 1046 2056 etsi
1080 2002 1344 2056 mundum
1386 2016 1512 2054 eum
1554 1998 1807 2069 superius
1835 2014 1936 2053 no-

360 2091 605 2154 minavit,
640 2091 715 2144 ait
745 2092 890 2144 enim
919 2110 931 2145 :

426 2175 557 2231 Cum
590 2179 729 2231 risus
770 2179 929 2249 fuerit
964 2195 1075 2233 esse
1107 2178 1416 2241 mundatus,
1446 2178 1620 2248 oﬁeret
1648 2177 1778 2231 duos
1810 2192 1936 2244 pas-

352 2283 516 2322 seres.
578 2268 684 2324 Sed
740 2285 865 2325 eum
905 2272 1000 2341 qui
1048 2280 1209 2340 aptus
1255 2278 1373 2325 erat
1415 2270 1483 2325 ad
1523 2269 1933 2325 mundationem

353 2356 569 2417 dicebat
600 2376 613 2415 :
646 2372 770 2416 nam
818 2360 1091 2429 quomodo
1137 2363 1205 2425 is,
1255 2359 1349 2429 qui
1386 2360 1499 2429 jam
1542 2360 1778 2415 mundus
1826 2370 1930 2425 est,

354 2450 536 2508 adhuc
576 2465 800 2506 necesse
842 2453 1006 2513 habet
1037 2452 1289 2506 mundari
1309 2451 1510 2505 'ITunc
1540 2452 1593 2505 in
1626 2459 1805 2506 castra
1850 2451 1934 2504 in-

356 2540 652 2611 gredietur,
686 2552 746 2596 ut
791 2543 1088 2597 conventui
1142 2553 1334 2599 nostro
1377 2543 1613 2610 intersit,
1646 2552 1808 2613 atque
1849 2542 1934 2596 in-

356 2629 715 2701 telligibilium
756 2642 1135 2689 contractuum
1183 2635 1386 2701 socius,
1421 2644 1476 2691 et
1513 2636 1737 2691 alterius
1783 2651 1933 2690 eom-

355 2720 662 2789 mistionis,
727 2738 848 2793 quae
898 2739 1022 2778 cum
1080 2724 1331 2780 ﬁdelibus
1391 2726 1641 2789 habetur,
1691 2725 1935 2794 acquirat

354 2810 585 2866 fructus.
632 2813 678 2864 Δ
722 2828 827 2882 qua
876 2814 1002 2883 quia
1057 2815 1420 2884 prohibentur
1466 2815 1523 2869 hi
1561 2815 1653 2884 qui
1697 2815 1931 2870 necdum

355 2903 600 2958 mundati
647 2913 775 2958 sunt
820 2911 1162 2976 peccatores,
1204 2906 1331 2960 audi
1377 2906 1699 2976 Apostolum
1746 2905 1932 2961 dicen-

358 3002 466 3048 tem
502 3010 516 3047 :
550 2994 609 3048 Si
636 2997 681 3049 is
719 2998 808 3067 qui
854 2998 1023 3068 frater
1068 2999 1397 3061 nominatur,
1439 3007 1534 3052 aut
1578 2998 1786 3052 adulter
1832 3005 1927 3062 est,

2032 565 2168 623 tum,
2203 566 2261 612 et
2294 559 2446 628 quasi
2474 560 2637 616 modo
2658 562 2900 632 genitum
2933 562 3049 616 ﬁeri
3081 562 3290 626 volens,
3321 568 3379 615 et
3404 576 3603 630 exspo-

2030 649 2164 704 liare
2185 659 2425 705 veterem
2454 651 2753 715 hominem,
2774 662 2843 733 _ut
2865 653 3047 722 capiat
3070 667 3294 707 novum.
3321 652 3606 717 Quomodo

2031 740 2176 793 enim
2206 739 2259 794 ei
2288 740 2379 810 qui
2418 741 2701 811 antiquum
2751 742 2883 795 rasit
2926 741 3116 811 pilum,
3151 742 3290 796 alius
3332 754 3506 795 novus
3549 748 3605 793 ct

2030 846 2223 887 recens
2258 834 2521 897 nascitur,
2557 834 2636 888 sic
2678 841 2737 888 et
2782 833 2910 888 huic
2949 834 3227 888 veteribus
3263 831 3469 887 carenti
3511 847 3604 885 co-

2032 923 2406 995 gitationibus,
2437 925 2556 980 aliae
2595 940 2751 980 novre
2789 926 2860 979 ad
2903 925 3127 980 meliora
3172 925 3455 995 pullulant.
3497 921 3606 976 La-

2033 1030 2161 1070 vare
2189 1014 2352 1068 etiam
2384 1030 2575 1069 rursus
2609 1015 2934 1070 vestimenta
2966 1030 3086 1080 sua,
3135 1015 3189 1069 id
3235 1024 3317 1069 est
3364 1013 3606 1068 actiones

2033 1103 2285 1157 mundus.

2105 1192 2173 1248 Et
2220 1192 2419 1247 levabit
2466 1180 2657 1248 iterum
2698 1210 2886 1263 corpus
2924 1211 3085 1264 aqua.
3131 1192 3381 1249 Secundo
3421 1194 3604 1263 utique

2033 1285 2166 1340 illud
2212 1284 2420 1349 lavans,
2455 1284 2612 1338 nobis
2655 1292 2835 1338 autem
2884 1300 2997 1338 non
3040 1292 3126 1338 est
3159 1283 3459 1338 secundum
3506 1284 3603 1337 ba-

2033 1377 2252 1447 ptisma.
2302 1375 2442 1431 Unus
2488 1376 2624 1428 enim
2662 1373 2932 1439 Dominus,
2968 1391 3077 1428 una
3124 1374 3274 1443 ﬁdes,
3304 1389 3469 1426 unum
3507 1379 3603 1426 ba-

2034 1470 2228 1539 ptisma
2265 1468 2331 1520 “.
2392 1466 2457 1519 Et
2510 1466 2781 1536 quomodo
2843 1465 3087 1520 secundo
3147 1463 3436 1526 lavabitur,
3500 1462 3602 1516 nisi

2034 1556 2282 1613 absolute
2314 1571 2409 1625 per
2440 1554 2735 1623 lacrymas?
2778 1553 2891 1607 Hoc
2933 1552 3080 1606 enim
3122 1566 3232 1604 non
3278 1548 3467 1613 semel,
3504 1563 3606 1602 nec

2034 1647 2139 1712 bis,
2169 1645 2265 1702 sed
2296 1646 2479 1708 tertio,
2512 1651 2568 1697 et
2611 1642 2922 1711 frequenter
2962 1640 3094 1693 licet
3134 1638 3318 1708 peragi
3353 1654 3366 1688 :
3400 1637 3523 1703 quia
3554 1649 3606 1689 Cl.

2042 1737 2207 1794 David
2230 1736 2445 1792 dicebat
2471 1752 2484 1788 :
2515 1733 2699 1787 Facta:
2721 1740 2841 1786 sunt
2865 1731 2992 1785 mihi
3019 1730 3266 1798 laci-gmw
3293 1743 3419 1781 mea:
3446 1743 3606 1795 panes

2036 1829 2121 1883 die
2161 1844 2225 1882 ar
2263 1836 2410 1881 nocte
2444 1827 2510 1878 ⁵⁸.
2543 1823 2829 1878 Suﬂiciunt
2872 1834 3002 1891 ergo
3044 1827 3100 1874 et
3143 1820 3258 1873 haec
3297 1818 3607 1872 satisfacere

2035 1919 2367 1984 intendenti,
2391 1917 2519 1988 quia
2548 1931 2612 1971 ea
2639 1929 2761 1985 qua:
2792 1921 2919 1968 sunt
2957 1910 3241 1981 Spiritalia,
3273 1907 3608 1978 spiritalibus

2034 2013 2119 2066 lex
2158 2009 2437 2081 praecepit,
2461 2018 2516 2063 et
2546 2022 2675 2063 vere
2705 2006 2933 2075 lepram,
2966 2003 3021 2057 id
3050 2010 3136 2056 est
3172 2008 3476 2072 peccatum,
3507 2015 3609 2053 nos

2035 2104 2227 2158 timere
2255 2100 2549 2157 desiderat.
2581 2098 2811 2168 Propter
2850 2095 2995 2166 quod
3036 2094 3156 2165 ejus
3193 2084 3611 2148 emundationr-s'

2032 2195 2296 2266 plurimas
2342 2191 2621 2263 praecepit,
2648 2206 2771 2246 cum
2814 2189 2870 2243 in
2907 2186 3058 2242 nullo
3086 2200 3179 2240 eas
3213 2184 3464 2247 aliorum,
3486 2198 3607 2252 qua:

2034 2289 2175 2342 circa
2206 2300 2404 2356 corpus
2428 2291 2711 2357 geruntur,
2732 2280 3100 2351 praecepisset.
3133 2277 3399 2333 Subtilior
3428 2284 3606 2332 tamen

2033 2380 2283 2451 probatio
2308 2379 2413 2432 erit
2438 2379 2636 2431 horum
2665 2391 2731 2429 ex
2762 2370 3242 2440 subsequentibus.

2105 2469 2269 2524 Vens.
2300 2469 2483 2524 10-20.
2531 2487 2549 2519 ι
2584 2468 2844 2521 Assumet
2891 2463 3031 2518 duos
3062 2475 3233 2532 agnos
3289 2456 3609 2513 immacula-

2035 2569 2139 2623 tos,
2174 2567 2231 2613 et
2283 2572 2439 2612 ovem
2491 2554 2802 2609 anniculam
2859 2551 3068 2619 absque
3112 2547 3344 2609 macula,
3398 2557 3455 2599 et
3501 2555 3609 2599 tres

2032 2651 2271 2707 decimas
2298 2647 2488 2703 similae
2508 2647 2562 2699 in
2584 2644 2875 2708 sacrificio,
2905 2656 3028 2711 quae
3058 2651 3355 2706 conspersa
3376 2636 3445 2690 sit
3463 2636 3605 2692 oleo.

2034 2752 2088 2799 et
2115 2742 2343 2797 seorsim
2375 2740 2481 2794 olei
2511 2737 2829 2792 sextarium.
2871 2733 3119 2802 Cumque
3151 2729 3407 2786 sacerdos
3456 2727 3608 2797 puri-

2035 2836 2204 2888 (icans
2228 2831 2525 2892 hominem,
2554 2821 3168 2886 statueriteum,ethaac
3183 2820 3390 2884 omnia,
3426 2832 3608 2873 coram

2032 2925 2262 2980 Domino
2285 2923 2341 2976 iu
2370 2920 2511 2975 ostio
2538 2916 2867 2972 tabernaculi
2898 2912 3218 2977 testimonii,
3241 2910 3391 2966 tollet
3412 2923 3608 2979 agnum

2034 3026 2088 3071 et
2138 3015 2331 3069 oﬂeret
2377 3012 2530 3065 iilum
2591 3025 2690 3079 pro
2753 3006 2973 3068 delicto,
3028 3004 3243 3073 oleique
3292 2999 3607 3055 sextarium.

355 3094 450 3145 aut
484 3103 701 3152 auarus,
732 3096 826 3142 aut
874 3089 1158 3154 detractor,
1191 3097 1286 3144 aut
1331 3090 1581 3154 ebriosus,
1612 3099 1705 3142 aut
1738 3105 1929 3158 rapax,

2036 3107 2101 3160 Et
2126 3104 2324 3159 oblatis
2346 3110 2471 3155 ante
2489 3099 2775 3153 Dominum
2794 3096 3051 3151 omnibus
3077 3090 3381 3147 immolabit
3404 3103 3608 3159 agnum

356 3193 475 3230 cum
524 3178 826 3247 Imjusmodi
872 3196 965 3234 nec
1007 3181 1179 3235 cibum
1214 3197 1419 3235 suntere
1442 3181 1510 3235 ³⁸.
1544 3180 1930 3235 Verumtamen

356 3280 562 3337 M‘ptrtn
588 3269 705 3324 dies
726 3280 878 3326 extra
904 3272 1317 3327 tabernaculum
1343 3288 1502 3327 suum
1529 3281 1729 3335 manet,
1755 3272 1933 3327 adhuc

354 3379 385 3421 ίι
448 3373 762 3418 sanctorum
836 3365 1263 3431 communione,
1322 3374 1547 3436 propter
1595 3364 1931 3420 subtiliorem

355 3456 680 3521 custodiam,
722 3462 777 3510 et
813 3457 1075 3526 paulatim
1106 3456 1174 3511 ad
1213 3456 1436 3512 meliora
1482 3455 1810 3526 profectum,
1847 3469 1933 3509 se—

355 3555 602 3613 paratus;
666 3546 1083 3601 tabernaculum
1139 3548 1286 3602 enim
1344 3546 1777 3617 uniuscujusque
1833 3561 1933 3600 no-

356 3647 531 3699 strum
558 3636 941 3706 mysteriorum
972 3638 1194 3708 adeptio
1225 3645 1331 3704 est,
1360 3653 1393 3693 a
1430 3637 1555 3709 gelu
1586 3646 1772 3709 tegens
1809 3651 1930 3702 nos,

357 3737 413 3778 ct
440 3728 509 3780 ab
534 3738 668 3782 aestu
714 3729 1129 3789 tabernaculum
1170 3729 1229 3784 in
1269 3745 1379 3800 quo
1424 3738 1607 3785 cmnat
1640 3745 1764 3784 cum
1798 3728 1931 3794 Deo,

358 3819 502 3873 sicut
545 3834 668 3873 cum
693 3828 848 3889 patre
875 3820 968 3879 ﬁlii
990 3860 1006 3886 ,
1037 3829 1134 3875 aut
1160 3836 1283 3875 cum
1308 3835 1510 3890 sponso
1535 3834 1755 3889 sponsa,
1779 3818 1864 3873 vel
1889 3819 1934 3873 si

357 3910 556 3980 aliquid
605 3911 747 3965 aliud
782 3912 1000 3975 dicitur,
1028 3912 1175 3989 quod
1212 3912 1384 3984 magis
1431 3911 1500 3967 ad
1531 3909 1934 3983 proximitatem

357 4003 692 4071 cognationis
725 4003 979 4073 pertinet.

428 4094 494 4149 Et
533 4095 619 4148 die
653 4096 875 4164 septima
920 4096 1071 4151 radet
1114 4095 1336 4165 capillos
1364 4095 1553 4163 capitis
1591 4093 1933 4163 barbamque,

355 4199 405 4242 et
447 4186 727 4254 supercilia
772 4203 839 4240 ac
880 4187 1039 4241 totius
1081 4187 1314 4256 corporis
1352 4184 1507 4254 pilos.
1548 4183 1656 4239 Sed
1698 4183 1789 4238 hic
1824 4197 1937 4238 non

354 4275 530 4330 solum
565 4282 748 4344 caput,
780 4274 875 4329 sed
914 4283 970 4329 et
1005 4275 1252 4341 barbam,
1293 4283 1350 4329 et
1388 4273 1699 4344 supercilia,
1731 4280 1787 4329 et
1816 4288 1937 4328 om-

357 4386 481 4427 nem
513 4370 832 4441 simpliciter
863 4371 1051 4441 pilur‘n,
1081 4370 1174 4441 qui
1209 4370 1263 4425 in
1294 4369 1443 4425 omni
1472 4385 1701 4441 corpore
1731 4377 1835 4436 est,
1871 4383 1937 4425 ac

2040 3198 2129 3252 ubi
2162 3194 2429 3249 immolari
2487 3190 2623 3247 solet
2664 3190 2841 3244 hostia
2901 3204 3001 3259 pro
3044 3191 3295 3256 peccato,
3356 3191 3412 3237 et
3454 3179 3610 3235 holo-

2035 3296 2307 3350 caustum,
2338 3284 2390 3339 id
2421 3294 2524 3348 est,
2554 3284 2672 3337 loco
2697 3288 2907 3336 sancto.
2937 3279 3091 3333 Sicut
3139 3276 3288 3332 enim
3336 3289 3437 3345 pro
3480 3286 3610 3342 pec-

2034 3391 2176 3441 cato,
2236 3376 2311 3431 ita
2357 3384 2412 3430 et
2470 3390 2570 3445 pro
2619 3373 2819 3428 delicto
2866 3370 2933 3425 ad
2985 3368 3324 3423 sacerdotem
3376 3362 3613 3435 pertinet

2036 3468 2243 3523 hostia:
2276 3467 2474 3522 Sancta
2502 3474 2815 3519 sanctorum
2851 3472 2955 3518 est.
2982 3452 3390 3527 Assumensque
3428 3469 3610 3510 sacer.

2035 3559 2135 3613 dos
2181 3558 2249 3614 de
2303 3557 2569 3629 sanguine
2625 3557 2817 3610 hostia:
2869 3569 2991 3624 quae
3048 3551 3325 3607 immolata
3379 3556 3464 3601 est
3511 3560 3633 3615 pro.

2036 3648 2256 3715 delicto,
2312 3657 2479 3717 ponet
2528 3662 2694 3717 super
2745 3653 3050 3699 extremum
3106 3638 3365 3696 auricula:
3404 3637 3612 3692 dextrae

2036 3738 2156 3807 ejus
2188 3737 2280 3806 qui
2312 3735 2665 3798 mandantur,
2695 3741 2750 3788 et
2778 3748 2944 3802 super
2975 3730 3229 3800 pollicem
3253 3740 3447 3780 manus
3475 3722 3612 3777 dex-

2036 3835 2133 3882 trae
2160 3836 2215 3881 et
2244 3826 2417 3895 pedis.
2453 3825 2520 3879 Et
2550 3824 2618 3878 de
2647 3823 2754 3878 olei
2791 3820 3034 3877 sextario
3072 3817 3254 3873 mittet
3301 3815 3355 3868 in
3386 3827 3611 3867 manuni

2037 3931 2188 3971 suam
2224 3915 2530 3969 sinistram:
2565 3912 2848 3982 tingetque
2877 3908 3109 3979 digitum
3152 3905 3402 3962 dextrum
3436 3901 3490 3955 in
3521 3916 3611 3962 eo,

2037 4018 2093 4063 et
2119 4012 2375 4076 asperget
2412 4004 2614 4074 septies
2648 4011 2842 4059 contra
2879 4000 3193 4056 Dominum.
3243 3994 3398 4063 Quod
3427 4002 3612 4048 autem

2038 4100 2306 4169 reliquum
2335 4107 2420 4153 est
2451 4096 2577 4160 olei,
2618 4095 2675 4151 in
2723 4095 2914 4150 laevam
2940 4106 3163 4148 manum
3214 4089 3405 4145 fundet
3449 4101 3614 4154 super

2036 4199 2341 4245 extremum
2363 4188 2621 4244 auriculae
2651 4187 2887 4243 dexterae
2920 4183 3041 4255 ejus
3072 4181 3166 4253 qui
3218 4178 3535 4240 mundatur,
3557 4182 3613 4230 et

2037 4298 2202 4354 super
2226 4281 2475 4353 pollicem
2526 4294 2744 4344 manus,
2796 4293 2861 4332 ac
2909 4274 3066 4347 pedis
3122 4272 3297 4329 dextri
3357 4277 3409 4325 et
3449 4281 3615 4336 super

2038 4375 2377 4446 sanguinem.
2404 4372 2496 4443 qui
2514 4372 2676 4427 fusus
2697 4380 2781 4426 est
2805 4384 2901 4439 pro
2925 4367 3147 4430 delicto,
3179 4372 3235 4419 et
3264 4372 3429 4432 super
3448 4364 3611 4427 caput

358 4478 455 4537 per
494 4462 597 4518 hoc
637 4470 696 4518 et
735 4464 1071 4519 occultarum
1120 4462 1355 4533 partium
1399 4463 1678 4534 praecepit.
1718 4461 1931 4517 Nullam
1968 4470 2008 4523 ι)
2036 4468 2176 4538 ejus.
2215 4464 2553 4537 Rogabitque
2586 4478 2686 4533 pro
2721 4476 2788 4517 eo
2837 4473 3022 4515 coram
3057 4454 3311 4516 Domino,
3366 4459 3422 4505 et
3451 4448 3615 4504 faciet

357 4569 488 4625 ergo
530 4555 578 4609 ei
618 4555 1000 4626 cogitationem
1040 4563 1280 4610 veterem
1326 4571 1615 4610 remanere
1649 4556 1788 4620 vult,
1819 4571 1931 4610 non

357 4644 531 4699 solum
563 4644 681 4700 illas
712 4663 832 4716 quae
870 4654 1121 4703 ornatum
1164 4646 1393 4711 homini,
1430 4655 1622 4719 utpote
1655 4647 1930 4711 rationali,

357 4747 412 4792 et
440 4738 609 4793 multa
636 4739 704 4794 de
732 4738 932 4793 divinis
962 4740 1287 4809 disceptanti
1315 4741 1562 4810 praebent
1595 4758 1608 4793 :
1642 4740 1760 4794 illas
1784 4739 1930 4793 enim

358 4844 456 4904 per
476 4837 656 4898 caput,
690 4838 912 4899 prapter
933 4839 1208 4893 ornatum,
1241 4838 1295 4884 et
1327 4829 1729 4885 multitudinem
1760 4828 1931 4900 signi.

356 4924 499 4985 iieat,
535 4920 629 4975 sed
674 4935 775 4975 nec
829 4919 926 4975 has
977 4936 1097 4991 qua:
1140 4921 1418 4977 hominem
1450 4921 1932 4992 contemplativum

357 5011 721 5075 constituunt,
762 5010 831 5064 de
883 5009 1211 5066 sublimibus
1260 5020 1314 5066 et
1365 5011 1726 5067 divinioribus
1773 5010 1936 5065 rebus

358 5107 707 5176 cogitantem.
752 5104 865 5161 Hoc
909 5107 1056 5162 enim
1097 5106 1404 5177 superciliis
1436 5107 1769 5175 designatur,
1813 5121 1936 5175 qua:

361 5197 415 5250 in
464 5200 747 5255 altioribus
779 5210 909 5256 sunt
943 5200 1067 5267 sita,
1114 5210 1170 5256 et
1202 5200 1345 5255 circa
1384 5199 1933 5269 contemplativorum

361 5291 634 5346 manentia
700 5306 960 5347 sensuum
1023 5308 1246 5364 organa.
1301 5291 1408 5348 Sed
1462 5308 1565 5348 nec
1616 5292 1765 5358 illas,
1810 5308 1931 5362 qua:

359 5380 793 5437 discretioualem
819 5386 1184 5449 continentes,
1214 5400 1312 5455 per
1338 5384 1559 5439 barbam
1591 5391 1735 5440 recte
1762 5384 1928 5455 signi-

358 5474 624 5540 ﬁcantur,
667 5475 792 5545 quia
827 5477 992 5532 barba
1036 5477 1271 5532 maxime
1310 5477 1456 5532 inter
1486 5477 1639 5532 virile
1677 5493 1847 5548 genus
1877 5486 1933 5534 et

358 5565 624 5623 muliebre
640 5567 918 5635 dijudicat.
956 5570 1080 5627 llaec
1108 5582 1289 5628 autem
1308 5590 1416 5630 non
1450 5575 1721 5645 quomodo
1747 5590 1932 5630 carere

427 5764 472 5801 ³³
507 5766 527 5823 ι
558 5767 679 5826 (lor.
720 5785 771 5836 ν,
808 5771 888 5827 ll.
968 5772 1011 5805 ³³
1039 5772 1240 5844 Epltcs.
1279 5790 1352 5842 ιγ,
1381 5774 1432 5831 5.

1512 5756 1569 5807 π’
1589 5775 1727 5833 l‘sal.
1762 5790 1868 5842 xu,
1904 5775 1955 5830 ιι.

2040 4557 2369 4615 sacriﬁcium
2398 4571 2497 4626 pro
2530 4561 2774 4624 peccato.
2802 4550 2959 4605 Tunc
3008 4540 3310 4601 immolabit
3351 4539 3612 4595 holocau-

2038 4662 2205 4716 stum,
2232 4658 2287 4704 et
2320 4656 2483 4718 ponet
2516 4643 2646 4700 illud
2683 4644 2736 4697 in
2765 4642 2935 4696 altare
2968 4653 3092 4694 cum
3122 4634 3437 4691 libamentis
3472 4629 3609 4691 suis,

2038 4754 2092 4799 et
2126 4736 2291 4797 homo
2315 4741 2417 4794 rite
2449 4734 2818 4793 mandabitur.
2855 4751 2872 4782 ι

2110 4833 2324 4889 Scimus
2364 4831 2491 4902 quia
2526 4831 2611 4884 lex
2650 4824 2910 4897 spiritalis
2958 4830 3075 4887 est;
3131 4818 3275 4889 quod
3326 4824 3610 4887 propterea

2040 4926 2241 4981 Paulus
2278 4923 2353 4978 ait
2374 4923 2449 4987 “,
2483 4930 2541 4975 ut
2578 4917 2894 4989 spiritaliter
2926 4913 3288 4985 dijudicantes
3317 4924 3424 4962 non
3456 4907 3611 4961 dam-

2033 5017 2320 5072 niﬁccmur
2352 5013 2621 5068 fructibus
2646 5009 2799 5077 legis,
2832 5007 2922 5077 qui
2942 5004 3288 5061 occultantur
3324 4998 3379 5053 in
3408 4998 3609 5050 littera.

2033 5107 2326 5176 Postquam
2364 5103 2511 5158 enim
2567 5100 2741 5173 prima
2777 5100 2865 5154 die
2908 5113 3013 5167 qua
3049 5093 3323 5168 egreditur
3359 5085 3614 5144 sacerdos

2033 5210 2187 5258 extra
2217 5208 2418 5262 castra,
2461 5195 2732 5251 immolari
2786 5194 2854 5248 ad
2911 5188 3355 5247 emundationem
3412 5177 3612 5249 leprosi

2039 5293 2330 5366 praecepit:
2365 5303 2494 5345 ecce
2524 5298 2715 5343 rursus
2746 5300 2893 5340 nunc
2922 5294 3111 5338 octava
3141 5277 3248 5340 die,
3277 5272 3383 5329 alia
3412 5287 3512 5343 pro
3544 5283 3612 5325 eo

2039 5363 2302 5443 sacriﬁcia
2333 5382 2749 5454 ﬁerijubenlur.
2782 5377 2983 5435 Octava
3030 5387 3160 5443 ergo
3189 5369 3306 5424 dies
3360 5363 3609 5421 eamdem

2039 5495 2204 5550 quam
2242 5478 2417 5549 prima
2445 5476 2556 5530 vim
2590 5474 2747 5546 gerit,
2788 5471 2914 5543 quia
2940 5481 3102 5524 omne
3127 5474 3366 5535 praesens
3401 5469 3615 5525 tempus

2042 5575 2098 5629 in
2130 5571 2564 5630 hebdomadibus
2592 5565 2918 5624 conciditur.
2948 5561 3075 5618 Post
3114 5571 3250 5630 quas
3284 5562 3474 5611 octava
3503 5556 3611 5614 est,

2032 5773 2076 5806 ³⁸
2113 5771 2267 5828 ltum.
2304 5788 2401 5837 vn,
2440 5769 2459 5824 l
2499 5782 2656 5839 seqq.
