4044 6224
535 348 642 414 955

536 479 768 535 aequam,
805 475 863 521 ut
911 468 1165 538 diximus,
1222 473 1478 534 virtutem
1532 483 1722 552 prima:

535 555 760 610 omnino
794 556 963 628 ipsam
1023 577 1314 622 renovans.
1375 569 1472 625 Est
1504 582 1685 630 autem
1745 578 1862 635 haec
1920 583 2107 653 inqua

537 641 784 698 Salvator
818 654 1141 716 resurrexit,
1183 655 1237 709 in
1273 674 1379 728 qua
1413 661 1469 715 in
1500 676 1673 721 castra
1717 654 2105 742 ingrediemur.

532 730 663 788 Post
704 736 821 792 dies
866 742 1012 797 enim
1073 754 1282 814 septem
1348 767 1473 807 eum
1534 758 1628 826 qui
1676 730 1971 821 mundatus
2025 779 2110 824 est

530 823 802 895 leprosus,
851 832 938 887 die
988 836 1239 893 videlicet
1287 852 1496 912 octava,
1550 849 1604 903 in
1654 855 1848 911 castris
1899 859 2108 929 ingredi

530 920 824 987 pmcepit:
866 925 960 979 sed
997 940 1174 985 castra
1209 935 1430 1004 qualia?
1460 940 1756 1007 utiqueilla
1785 963 1906 1016 quae
1938 920 2109 1009 Iacob

529 1009 836 1075 patriarcha
873 1016 1028 1082 vidit,
1062 1025 1283 1090 quando
1303 1030 1510 1098 angelis
1544 1033 1647 1088 sibi
1673 1009 2104 1111 occurrentibus,

530 1094 713 1152 locum
750 1112 929 1158 castra
975 1107 1067 1161 Dei
1099 1094 1401 1181 appellavit
1411 1118 1474 1173 δ’.
1525 1122 1607 1177 Ad
1645 1125 1761 1181 haec
1812 1094 2109 1193 mundatus

528 1185 801 1258 leprosus,
841 1202 1028 1265 utpote
1070 1202 1200 1257 olim
1225 1206 1576 1276 justiﬁcatus,
1626 1224 1872 1289 tempore
1924 1242 2109 1282 resur-

527 1280 789 1337 rectionis
827 1289 996 1344 venit.
1048 1291 1103 1345 In
1157 1297 1312 1365 cujus
1350 1299 1598 1371 figuram,
1642 1321 1887 1369 octavam
1937 1318 2103 1387 diem,

528 1369 669 1425 sicut
693 1373 947 1444 diximus,
996 1381 1277 1453 lcgislator
1335 1395 1569 1463 accepit.
1621 1396 1751 1464 Quae
1808 1415 1990 1461 autem
2046 1410 2102 1464 in

526 1470 716 1516 octava
749 1465 836 1520 die.
860 1470 941 1538 agi
971 1485 1240 1544 prmccpta
1263 1490 1408 1544 sunt,
1436 1483 1726 1556 imaginem
1785 1494 1923 1562 ejus,
1959 1502 2104 1567 quod

526 1554 827 1611 secundum
862 1575 962 1614 nos
993 1573 1075 1617 est
1101 1570 1340 1636 mysterii
1369 1554 1582 1642 gerunt.
1614 1554 1879 1653 Praecepit
1938 1554 2103 1658 siqui-

525 1641 648 1695 dem
684 1645 822 1701 duos
859 1665 1026 1721 agnos
1061 1644 1437 1718 immaculatos
1479 1669 1763 1728 anniculos
1820 1681 1983 1746 sumi,
2049 1692 2103 1738 et

522 1745 681 1787 ovem
712 1739 1017 1797 anniculam
1053 1746 1454 1811 immaculatam
1495 1775 1680 1827 unam,
1710 1781 1942 1834 quorum
1975 1776 2098 1842 qui-

526 1821 640 1842 )”-
680 1841 704 1842 η

1668 1821 1678 1827 ,
1726 1821 1743 1834 ι
1979 1821 2067 1842 Ἰν-

521 1821 646 1876 dem
679 1841 847 1882 unum
880 1847 981 1900 pro
1010 1849 1234 1904 peccato
1256 1882 1269 1906 ,
1318 1845 1481 1901 alium
1526 1860 1706 1908 autem
1745 1857 1798 1912 in
1833 1860 2094 1920 holocau-
2132 1845 2172 1899 Β

521 1917 664 1965 stum
696 1920 952 1988 praecepit
982 1922 1269 1983 immolari.
1294 1930 1485 1990 Omnia
1511 1947 1691 1996 autem
1720 1945 1836 2001 luec
1870 1948 2095 2021 ﬁguram

518 2011 718 2070 gerunt
762 2009 1013 2066 sacriﬁcii
1056 2015 1372 2077 Salvatoris.
1404 2026 1524 2095 Ipse
1552 2031 1695 2086 enim
1729 2009 1952 2109 propter
1998 2061 2096 2101 no-

517 2099 629 2144 stra
660 2106 883 2162 peccata
913 2109 967 2155 et
1000 2103 1220 2171 delicta,
1261 2111 1441 2168 hostia
1489 2117 1605 2187 ipse
1634 2123 1689 2176 in
1719 2099 2092 2190 holocaustum

515 2179 638 2237 fuit.
673 2183 749 2240 Ex
789 2198 1018 2261 utroque
1066 2208 1245 2254 autem
1294 2220 1495 2274 genere
1547 2223 1834 2284 propterea
1888 2226 2095 2281 sacriﬁ-

513 2271 659 2327 cium
688 2275 872 2334 oﬁ‘erri
921 2288 1199 2358 praecepit,
1254 2271 1318 2347 ut
1347 2271 1665 2358 ostenderet
1686 2308 1812 2376 quia
1842 2311 2092 2372 Christus

510 2377 612 2430 pro
654 2368 814 2424 nobis
851 2373 1102 2440 occisus,
1156 2381 1319 2439 simul
1367 2394 1667 2449 masculum
1724 2399 2091 2477 feminamque

510 2455 737 2477 ..-1-Αιὲι
799 2461 839 2477 ἰ’
958 2466 979 2477 ¹¹

506 2455 761 2513 salvabit.
796 2461 914 2518 Non
952 2466 1154 2525 frustra
1185 2484 1366 2531 autem
1392 2484 1701 2551 aguiculum
1752 2491 1805 2545 in
1861 2455 2089 2568 utroque

506 2549 787 2617 praecepit,
825 2555 920 2608 sed
951 2559 1253 2624 perfectum
1283 2582 1379 2635 per
1398 2571 1502 2626 hoc
1533 2579 1856 2637 sacrificium
1893 2549 2089 2657 figu1ra-

504 2633 604 2697 vit,
636 2638 793 2706 cujus
820 2644 1093 2711 sacriﬁcii,
1136 2633 1510 2714 sicutvdictum
1561 2675 1664 2730 est,
1715 2670 1816 2726 ista
1858 2633 2085 2745 ﬁgzram

505 2734 738 2791 gerunt;
773 2731 1016 2798 perfecta
1041 2739 1188 2794 enim
1225 2743 1279 2797 in
1309 2752 1583 2815 praedictis
1612 2731 1940 2821 animalibus
1959 2781 2086 2825 sunt

503 2816 760 2874 annicula
789 2825 1067 2894 animalia,
1099 2832 1172 2886 ita
1196 2842 1254 2888 ut
1278 2846 1332 2891 et
1351 2841 1417 2895 ad
1452 2842 1589 2901 filios
1611 2859 1949 2919 generandes
1975 2863 2085 2919 sint

503 2905 724 2966 idonea.
758 2914 865 2969 Sed
897 2920 1022 2987 quia
1059 2938 1184 2978 eum
1216 2929 1306 2997 qui
1340 2936 1653 3004 mundatur,
1687 2959 1853 3014 super
1880 2953 2083 3007 sacriﬁ-

501 2998 648 3054 cium
674 3001 948 3076 Unigeniti
989 3012 1153 3069 etiam
1192 3017 1297 3073 ﬁde
1348 3025 1512 3081 totius
1561 2998 1844 3091 Trinitatis
1879 3039 2080 3110 signari

500 3101 734 3160 oportet,
767 3105 880 3154 tres
932 3102 1171 3161 decimas
1219 3111 1434 3180 similae,
1505 3119 1560 3173 id
1617 3132 1700 3178 est
1755 3101 2076 3190 Trinitatem

500 3183 698 3251 Patris,
749 3196 804 3244 et
848 3190 991 3258 Filii,
1044 3205 1099 3251 et
1147 3205 1317 3266 sancti
1373 3207 1629 3276 Spiritus,
1682 3215 1973 3277 habentem
2026 3226 2080 3281 in

500 3289 824 3348 unaquaque
864 3299 1097 3352 persona
1122 3295 1535 3360 perfectionem.
1562 3305 1848 3368 Perfectus
1878 3316 2082 3388 quippe

498 3373 586 3418 est
621 3369 878 3428 denarius
918 3393 1203 3447 numerus,
1260 3399 1483 3461 propter
1526 3401 1672 3465 quod
1715 3413 1769 3457 et
1816 3403 2079 3466 Dominus

496 3455 748 3515 dicebat:
803 3463 990 3522 Simile
1024 3484 1101 3531 est.
1131 3492 1351 3547 regnum
1396 3486 1648 3544 caelorum
1697 3496 1927 3567 mulieri,
1963 3519 2080 3574 quia

1964 3550 2075 3574 τη,

494 3550 757 3619 accipiens
796 3557 1109 3622 fermentum
1141 3568 1411 3628 abscondit
1459 3578 1516 3632 in
1558 3583 1750 3652 farina:
1796 3590 1900 3644 tria
1927 3604 2076 3663 sata,

494 3654 656 3663 AIA-AA“
694 3644 751 3663 J-r
780 3662 801 3663 "
972 3654 991 3663 Δ

492 3654 657 3701 usque
683 3644 808 3698 dum
865 3654 1371 3723 perfermentaretur
1401 3676 1567 3724 totum
1585 3673 1657 3729 ".
1707 3677 1862 3735 Sumi
1893 3644 2074 3741 auten;

491 3727 610 3786 haec
648 3749 945 3808 conspersa
980 3746 1104 3803 oleo
1150 3750 1205 3804 in
1259 3758 1585 3817 sacrificium
1614 3766 1807 3835 jubet:
1863 3777 2075 3832 sacriﬁ-

488 3821 634 3878 cium
672 3837 852 3886 autem
885 3834 1017 3892 dicit
1044 3838 1341 3915 Unigeniti,
1388 3855 1534 3921 quod
1568 3821 1633 3911 in.
1657 3860 1779 3916 oleo
1817 3881 2073 3939 consper-

488 3930 609 3971 sum
640 3928 742 3987 cst,
777 3925 904 3993 quia
961 3930 1032 3985 ob
1075 3942 1511 4007 compassionem
1569 3964 1811 4010 nostram
1859 3972 2072 4031 gestum

488 4015 565 4031 ..-ι
626 4012 691 4031 ο-
715 4013 732 4031 ³
772 4030 775 4031 ν
982 4022 993 4031 ⁸
1080 4025 1115 4031 ’⁵
1156 4028 1167 4031 “

487 4015 587 4062 est.
626 4012 733 4067 Sed
758 4022 1034 4086 quomodo
1063 4025 1367 4088 dicimusin
1406 4053 1475 4093 eo
1501 4049 1612 4099 tres
1642 4046 1829 4103 ofl‘erri
1860 4012 2072 4111 osimilae

485 4096 535 4150 d.
556 4100 760 4202 cimas?
794 4107 905 4165 Aut
940 4114 1068 4183 quia
1098 4120 1203 4175 etsi
1267 4124 1547 4199 Unigeniti
1574 4139 1853 4208 passione,
1888 4153 2069 4203 tamen

484 4190 653 4247 totius
677 4195 983 4271 Trinitatis,
1021 4207 1128 4265 hoc
1166 4217 1312 4283 quod
1337 4190 1406 4273 ex
1450 4222 1542 4280 illo
1569 4190 1853 4290 sacrificio,
1885 4248 2067 4296 actum

481 4288 588 4380 est,
625 4289 943 4356 mysterium
981 4295 1105 4353 fuit.
1148 4302 1208 4356 In
1237 4308 1461 4365 nomine
1490 4315 1634 4370 enim
1664 4319 1861 4389 Patris,
1904 4336 2067 4398 atque

481 4367 651 4438 ipsius
686 4379 949 4451 unigeniti
983 4385 1103 4444 Filii
1150 4403 1205 4449 et
1256 4403 1429 4456 sancti
1462 4404 1698 4474 Spiritus
1728 4367 1893 4471 etiam
1926 4367 2061 4491 balp-

481 4462 637 4491 ειη-...ι
698 4471 861 4491 --ιι--μ
928 4476 940 4488 ο
1154 4484 1167 4491 ·

477 4462 640 4520 tisma
697 4471 894 4541 agitur,
924 4476 980 4531 in
1011 4494 1122 4549 quo
1152 4484 1207 4538 in
1235 4500 1410 4545 morte
1440 4462 1757 4558 Christi—Vilia

478 4561 533 4659 e‘t
572 4564 744 4615 totum
803 4565 980 4636 ipsum
1040 4579 1354 4648 mysterium
1425 4586 1480 4640 in
1535 4606 1601 4646 eo
1651 4561 2052 4659 sanctificatur.

478 4641 743 4759 Prae'cepit
772 4667 953 4715 autem
994 4674 1049 4720 et
1101 4675 1397 4732 sextarium
1429 4680 1535 4737 olei
1574 4687 1737 4754 sumi,
1768 4692 1895 4759 quia
1951 4695 2057 4752 fide

1574 4732 1737 4754 -_-.-.,
1809 4732 1895 4746 η...

472 4732 818 4856 intelligitur,
853 4763 906 4810 et
963 4759 1143 4826 agitur
1208 4774 1640 4846 unumquodque
1692 4732 1882 4838 corium
1935 4803 2056 4856 qua:

1396 4828 1415 4841 .
1542 4828 1589 4846 ,κ
1616 4828 1635 4831 ν
1697 4828 1882 4838 --η-η.
1935 4828 2053 4856 ,μιν

471 4828 731 4950 praedicta
761 4846 908 4893 sunt.
937 4842 1066 4909 Qum
1088 4848 1238 4918 juste
1268 4863 1539 4921 sextarius
1563 4871 1903 4939 nominatur,
1927 4881 2053 4950 quia

471 4930 662 4950 ﬂlrnmn
707 4928 918 4950 m-J__u,
1060 4948 1067 4950 _
1140 4942 1151 4950 .

468 4922 925 4986 quemadmodum
953 4942 1223 4998 sextarius
1276 4965 1532 5011 mensura
1569 4968 1674 5021 est.
1708 4965 1789 5019 vel
1815 4967 1859 5021 si
1903 4922 2054 5044 coty—

468 5009 573 5044 lam
649 5024 855 5044 ημ---λ
1013 5033 1036 5044 -
1063 5035 1153 5044 "-
1228 5042 1256 5044 ν

1507 5009 1532 5011 η
1575 5009 1674 5021 η-.
1716 5009 1859 5021 .-....
1904 5009 2048 5044 μω,-

466 5009 573 5067 lam
648 5024 951 5084 secundum
1013 5033 1157 5093 LXX
1209 5042 1475 5113 dicamus,
1542 5055 1732 5111 eadem
1795 5078 2048 5120 mensura

467 5107 897 5217 upiuscujusque
935 5125 1117 5185 minus
1150 5143 1204 5189 et
1235 5138 1356 5206 plus
1377 5156 1487 5196 non
1515 5147 1677 5217 capit.
1717 5151 1871 5217 Quod
1901 5162 2049 5216 enim

1235 5195 1250 5206 _
1475 5195 1483 5196 ,
1523 5195 1574 5200 η
1721 5195 1870 5217 νυν
1901 5195 2046 5216 mu...

463 5195 587 5265 plus
616 5212 720 5269 est,
768 5209 1089 5285 effunditur,
1120 5224 1303 5281 minus
1347 5238 1532 5288 autem
1581 5195 1884 5310 .propterea
1936 5264 2046 5305 non

462 5293 710 5400 suscipit,
746 5303 872 5370 quia
907 5307 1012 5364 hoc
1039 5315 1185 5382 quod
1218 5318 1489 5378 minuitur
1539 5344 1882 5405 nequaquam
1930 5342 2043 5412 jam

460 5386 751 5491 sextarius,
777 5396 862 5451 vel
895 5403 1069 5473 cotyla
1122 5410 1322 5477 poterit
1353 5386 1643 5485 appellari:
1684 5386 1773 5482 Simo
1804 5439 1857 5484 et
1910 5386 2044 5491 fides

989 5472 997 5473 κ
1122 5472 1135 5477 -
1387 5472 1439 5485 ιι
1542 5472 1634 5476 ~---
1685 5472 1773 5482 --ν
1805 5472 1857 5484 vv
1910 5472 2043 5491 "ub-1

461 5472 529 5526 ad
569 5483 769 5537 mentis
795 5502 999 5548 nostra:
1032 5513 1345 5560 mensuram
1375 5508 1555 5576 datur,
1599 5532 1719 5586 qua:
1750 5537 1859 5577 non
1899 5530 2043 5597 capit

463 5566 690 5597 amuli.”
724 5584 814 5597 ---ι
922 5583 934 5593 ι
1164 5590 1169 5597 .

1546 5566 1555 5576 ,
1604 5566 1718 5586 Γ.-
1750 5566 1859 5577 -.νη
1900 5566 2043 5584 .u...

460 5566 693 5635 amplius
722 5584 815 5630 aut
864 5583 1044 5640 minus
1074 5590 1234 5660 quam
1269 5597 1565 5671 unicuique
1591 5620 1619 5659 a
1662 5605 1773 5664 Deo
1801 5623 1883 5666 est
1931 5566 2043 5672 dis-

530 5737 577 5771 “
602 5740 737 5799 Gen.
778 5765 967 5820 xxxiii,
1000 5759 1053 5812 2.
1132 5764 1176 5798 ’⁵³
1206 5766 1336 5825 Luc.
1369 5789 1488 5841 xm,
1521 5775 1609 5835 2|.
1696 5781 1737 5813 “
1764 5782 1925 5840 Rom.
1960 5803 2041 5857 ιιι,
2069 5789 2255 5848 20—22.

1670 348 1673 349 ί
1724 368 2087 439 HESYCllII
2139 382 2611 448 PRESBl‘TEitI

3690 406 3784 473 956

1770 505 1986 559 gerens,
2025 495 2110 549 vel
2144 500 2183 556 Α
2214 499 2408 565 pertita
2434 504 2710 573 cognitio:
2747 509 2893 577 quod
2918 525 3047 583 ergo
3067 514 3248 570 minus
3283 518 3367 572 est
3415 528 3510 574 aut
3539 522 3778 592 amplius,

2209 589 2277 643 ad
2320 592 2696 651 infidelitatem
2739 602 2931 656 tendit.
2971 603 3078 659 Sed
3104 608 3460 676 quamobrem
3497 589 3780 670 senarium

2210 682 2340 748 olei,
2377 686 2463 738 vel
2483 691 2717 760 cotyiam
2749 693 3062 765 dixit?quia
3090 699 3402 768 miseratus,
3434 696 3783 774 iuquit,Dcus

2210 773 2512 831 humanum
2540 796 2712 847 genus
2752 800 2877 839 cum
2920 788 3051 843 illud
3086 791 3154 845 ad
3178 793 3443 862 explenda
3469 773 3602 867 legis
3625 810 3779 869 opem

2209 864 2547 924 inﬁrmatum
2584 873 2833 939 vidisset,
2863 877 2974 946 jam
3017 896 3126 935 non
3161 898 3225 938 ex
3262 887 3519 954 operibus
3559 891 3777 957 salvare,

2209 956 2304 1011 sed
2353 974 2452 1028 per
2487 963 2715 1031 gratiam
2752 966 3030 1025 hominem
3092 974 3282 1030 voluit.
3334 976 3519 1033 Gratia
3549 997 3674 1036 vero
3720 1001 3776 1037 ex

2208 1049 2579 1109 misericordia
2615 1067 2778 1128 atque
2835 1064 3211 1132 compassione
3265 1070 3557 1138 praebetur.
3592 1083 3648 1128 et
3685 1075 3781 1131 fide

2216 1145 2696 1213 comprehenditur
2735 1152 2872 1219 sola,
2905 1169 3016 1210 non
3059 1171 3126 1212 ex
3156 1161 3439 1229 operibus,
3499 1173 3559 1218 ut
3589 1165 3780 1223 Paulus

2207 1232 2338 1287 dicit
2368 1234 2435 1290 “.
2467 1235 2602 1293 Nam
2631 1243 2809 1311 gratia
2829 1244 2950 1313 jam
2980 1263 3084 1300 non
3115 1251 3213 1303 erit
3241 1254 3417 1321 gratia
3434 1255 3499 1308 “.
3532 1256 3628 1310 llis
3660 1274 3776 1330 ergo

2204 1324 2475 1392 acceptis,
2513 1327 2582 1381 ad
2653 1331 2852 1385 ostium
2928 1335 3263 1393 tabernaculi
3332 1344 3658 1413 testimonii,
3715 1324 3773 1403 ad

2203 1410 2509 1481 ingressum
2547 1418 2801 1476 videlicet
2825 1425 3071 1498 scientiae
3091 1428 3186 1484 Dei
3221 1432 3316 1500 qui
3356 1435 3654 1492 mundatus
3681 1449 3771 1505 est,

2201 1502 2508 1562 adducitur.
2539 1508 2807 1567 Sacerdos
2851 1524 3031 1572 autem
3089 1536 3560 1594 sumensagnum
3615 1544 3772 1584 unum

2200 1610 2300 1664 pro
2331 1597 2531 1656 delicto
2565 1602 2828 1661 immolat.
2856 1606 3024 1678 Atqui
3057 1612 3102 1665 si
3127 1613 3194 1668 de
3223 1617 3490 1684 corporali
3530 1621 3776 1688 passione

2199 1685 2488 1742 essethaec
2523 1691 2755 1758 sanctio,
2815 1693 2957 1750 sicut
2986 1698 3314 1767 quibusdam
3370 1685 3609 1772 videtur,
3655 1711 3775 1778 quid

2198 1782 2317 1828 erat
2365 1791 2597 1834 necesse
2643 1797 2842 1852 agnum
2900 1802 3002 1856 pro
3031 1802 3258 1859 peccato
3325 1794 3646 1853 immolari?
3678 1800 3774 1856 Sed

2198 1866 2323 1934 quia
2358 1868 2648 1928 adumbrat
2671 1884 2898 1945 propter
2921 1878 3290 1939 infirmitatem
3306 1884 3626 1944 Iudaeorum
3670 1908 3774 1962 my-

2199 1957 2388 2025 steria,
2419 1972 2583 2032 atque
2636 1966 2936 2035 spiritalem
2995 1970 3333 2031 intellectum
3384 1979 3674 2038 abscondit
3723 1957 3776 2039 in

2198 2050 2412 2118 littera,
2446 2055 2526 2111 sic
2558 2058 2722 2113 etiam
2749 2060 2844 2117 dat
2874 2066 3140 2133 quasdam
3184 2071 3507 2129 occasiones
3535 2086 3777 2132 eontem-

2197 2140 2453 2209 plationis
2506 2161 2604 2216 per
2657 2149 2914 2218 litteram,
2962 2163 3019 2209 et
3079 2157 3245 2212 verba
3298 2176 3419 2230 quae
3472 2163 3775 2234 significent

2195 2233 2535 2295 intellectum
2584 2244 2832 2312 Spiritus.
2867 2247 3019 2304 Unde
3078 2260 3135 2306 et
3204 2269 3355 2311 nunc
3402 2233 3540 2312 cum,
3579 2275 3773 2332 agnum

2194 2341 2362 2382 unum
2393 2346 2491 2400 pro
2543 2344 2768 2403 peccato
2817 2341 3165 2410 praecepisset
3223 2344 3513 2414 immolari,
3561 2353 3777 2421 qualem

2193 2433 2303 2473 non
2342 2422 2490 2488 dicit,
2520 2426 2644 2494 quia
2684 2427 2801 2497 ipse
2833 2440 2920 2485 est
2958 2436 3146 2502 procul
3174 2437 3342 2494 dubio
3369 2448 3478 2495 tam
3530 2458 3635 2512 pro
3682 2445 3770 2501 de-

2190 2509 2340 2573 licto.
2370 2528 2528 2582 quam
2563 2516 2708 2574 illius
2741 2521 2899 2590 cujus
2931 2538 3094 2580 aures
3122 2542 3154 2581 a
3181 2528 3332 2599 lepra
3365 2509 3770 2592 detinebantur.

2192 2603 2418 2671 Propter
2454 2606 2583 2674 quid
2616 2624 2744 2680 ergo
2775 2612 2855 2667 sic
2902 2613 3052 2678 facit,
3089 2618 3194 2673 nisi
3234 2619 3379 2676 forte
3406 2632 3467 2677 ut
3521 2626 3769 2682 auditum

2187 2692 2420 2760 muniat,
2452 2704 2508 2750 et
2556 2708 2777 2754 cautum
2837 2704 3072 2759 reddat?
3115 2706 3255 2772 Quia
3304 2711 3418 2781 ipse
3458 2728 3489 2768 a
3537 2715 3771 2773 dracone

2187 2783 2466 2850 seductus,
2505 2798 2789 2857 peccatum
2819 2801 2881 2847 ut
2904 2795 3142 2852 seduxit.
3173 2799 3279 2855 Per
3301 2804 3552 2861 actiones
3590 2816 3768 2863 autem

2186 2889 2407 2935 manum
2445 2878 2735 2950 signiﬁcat,
2786 2899 2886 2953 per
2912 2887 3106 2955 pedem
3145 2906 3277 2947 vero
3320 2910 3513 2951 onmes
3547 2912 3764 2955 nostros

2184 2975 2365 3020 motus
2424 2977 2478 3023 et
2507 2965 2622 3025 vias
2644 2976 3115 3043 comprehendere
3168 2992 3226 3036 et
3254 2985 3552 3050 pravenire
3581 2989 3768 3043 voluit.
3802 3050 3807 3051 ί

2183 3055 2282 3111 His
2314 3058 2458 3113 enim
2512 3063 2828 3133 custoditis,
2870 3082 2969 3137 per
3024 3073 3347 3142 sanguinem
3415 3075 3769 3150 intelligibilis

2183 3147 2328 3218 agni,
2385 3157 2437 3203 et
2494 3151 2657 3223 fidem
2680 3171 2804 3226 quae
2855 3158 2913 3212 in
2973 3176 3098 3216 eum
3138 3173 3242 3230 est,
3272 3182 3394 3236 qua
3455 3147 3620 3226 nobis
3679 3188 3767 3242 per

2184 3236 2615 3298 misericordiam
2666 3255 2723 3301 et
2775 3253 3212 3320 compassionem
3263 3257 3385 3328 ejus
3438 3261 3640 3317 donata
3692 3273 3767 3319 est

2182 3329 2541 3402 intelligibilis
2591 3337 2743 3407 lepra
2812 3356 3160 3415 nequaquam
3224 3352 3432 3418 poterit
3487 3352 3766 3412 hominem

2182 3434 2496 3491 penetrare,
2533 3442 2849 3499 quanquam
2889 3442 2946 3489 et
2978 3436 3161 3493 oleum
3193 3441 3442 3509 sextarii,
3473 3459 3570 3500 seu
3620 3457 3766 3518 coty-

2175 3511 2259 3578 lze,
2315 3530 2479 3584 quam
2519 3534 2640 3574 esse
2697 3523 2861 3578 fidem
2918 3526 3151 3585 dicimus
3183 3571 3202 3598 ,
3238 3531 3295 3586 in
3337 3550 3504 3591 manu
3548 3538 3765 3595 mittere

2178 3605 2522 3662 sacerdotem
2550 3611 2688 3674 vult,
2734 3623 2796 3669 ut
2839 3618 3143 3675 sacerdotis
3192 3620 3346 3687 ﬁdes,
3376 3640 3474 3694 per
3509 3642 3675 3696 quam
3710 3636 3764 3684 et

2177 3709 2281 3750 nos
2307 3699 2655 3779 proﬁcimus,
2693 3704 2747 3758 in
2777 3708 3039 3776 operibus
3071 3713 3415 3772 ostendatur.
3462 3716 3577 3774 Nec
3616 3721 3761 3776 enim

2173 3786 2332 3843 aliter
2351 3790 2460 3844 vim
2485 3807 2639 3848 suam
2664 3798 2891 3864 exserit,
2920 3801 3026 3855 nisi
3055 3819 3254 3860 manus
3273 3818 3553 3879 assumpta
3572 3810 3759 3875 fuerit,

2174 3876 2231 3931 id
2276 3886 2363 3934 est
2415 3882 2634 3939 actione
2693 3886 3037 3958 confirmata,
3096 3902 3153 3948 et
3210 3895 3424 3968 signata
3463 3876 3753 3969 veperibus.

2173 3967 2336 4024 Mittit
2367 3982 2549 4028 autem
2575 3976 2757 4032 oleum
2788 3978 2842 4034 in
2874 3982 3155 4041 sinistram
3183 3967 3433 4056 manum,
3461 3967 3758 4066 etintingit
3806 4076 3807 4079 η

2172 4060 2400 4134 digitum
2427 4066 2679 4123 dextrum
2716 4070 2771 4126 in
2798 4073 2921 4130 oleo
2952 4077 3095 4133 sicut
3124 4080 3199 4134 ait
3221 4080 3452 4140 Paulus:
3480 4083 3584 4140 Per
3603 4060 3756 4142 arma

2163 4151 2391 4220 justitiaa
2459 4174 2493 4211 a
2531 4159 2732 4214 dextris
2789 4172 2840 4218 et
2886 4182 2920 4219 a
2969 4168 3235 4235 sinistris,
3283 4187 3619 4231 conversatus
3668 4196 3757 4248 per

2167 4243 2396 4314 gloriam
2445 4258 2494 4303 et
2547 4251 2958 4323 ignobilitatem,
3009 4276 3103 4329 per
3155 4262 3437 4333 infamiam
3474 4276 3523 4322 et
3568 4243 3753 4324 bonam

2169 4336 2373 4404 faniam
2392 4337 2438 4371 ⁸⁸
2460 4377 2478 4403 .
2518 4351 2575 4396 et
2598 4359 2721 4412 quae
2750 4346 2840 4402 his
2876 4349 3079 4407 similia
3108 4364 3257 4410 sunt.

2240 4429 2383 4484 Tum:
2410 4446 2653 4506 asperget
2679 4442 2869 4508 septies
2897 4454 3083 4499 contra
3120 4447 3428 4506 Dominum.
3470 4452 3751 4511 Praesumit

1766 4507 2054 4576 ptizamur,
2090 4523 2135 4578 1)
2165 4518 2314 4574 enim
2348 4521 2471 4576 talis
2500 4507 2755 4583 sacerdos
2803 4532 2944 4600 apud
3003 4534 3197 4602 Deum,
3229 4540 3449 4608 quando

2159 4624 2254 4663 eos
2273 4610 2366 4681 qui
2398 4615 2781 4673 necessitatem
2806 4622 3109 4690 patiuntur,
3132 4634 3189 4680 et
3213 4627 3489 4685 dimittere
3511 4632 3594 4686 eis
3618 4647 3745 4701 pec-

2159 4711 2278 4756 cata
2325 4707 2587 4773 potuerit.
2637 4707 2867 4780 Propter
2897 4716 3042 4784 quod
3085 4718 3289 4788 septies
3318 4723 3579 4793 aspergit,
3621 4723 3742 4793 quia

2157 4803 2423 4847 numerus
2450 4795 2551 4850 iste
2592 4799 2845 4856 remissio
2877 4815 3230 4872 peccatorum
3258 4823 3382 4864 esse
3413 4810 3748 4868 demonstra-

2158 4890 2246 4938 tus
2267 4895 2372 4941 est.
2411 4887 2515 4943 Sed
2557 4900 2843 4962 postquam
2897 4895 3103 4953 fuderit
3144 4916 3311 4972 super
3339 4912 3583 4958 extrema
3612 4906 3743 4960 dex-

2157 4984 2363 5032 trarum
2414 4983 2808 5052 auricularum,
2842 4995 2899 5043 et
2939 5005 3105 5061 super
3155 4994 3382 5065 pollices
3438 5013 3654 5063 manus,
3681 5014 3742 5053 ac

2156 5068 2309 5136 pedis
2322 5068 2519 5137 dextri,
2542 5077 2843 5132 secundum
2861 5081 3006 5150 quod
3022 5099 3182 5154 supra
3195 5085 3453 5153 diximus,
3475 5092 3738 5161 reliquum

2152 5156 2257 5211 olei
2298 5160 2353 5214 in
2389 5172 2554 5234 caput
2581 5164 2761 5224 fundit
2785 5171 2906 5241 ejus
2928 5175 3020 5243 qui
3044 5188 3271 5235 vocatus
3301 5191 3386 5236 est
3428 5192 3490 5237 ut
3515 5156 3738 5238 munda-

2153 5260 2331 5310 retur:
2371 5271 2469 5325 per
2515 5271 2681 5329 caput
2728 5267 3220 5342 sanctiﬁcationem
3269 5276 3418 5329 omni
3474 5286 3734 5346 prmstaus

2153 5344 2401 5413 corpori,
2459 5338 2840 5425 christumque
2900 5358 3113 5415 Domini
3145 5377 3269 5418 eum
3309 5367 3400 5435 qui
3442 5368 3730 5422 mundatus

2152 5445 2258 5500 est,
2290 5451 2389 5505 per
2417 5438 2559 5496 hanc
2608 5447 2926 5502 unctionem
2979 5452 3247 5510 efﬁciens.
3301 5455 3478 5526 Tune,
3536 5460 3726 5531 inquit,

2153 5539 2254 5592 pro
2294 5540 2519 5595 peccato
2556 5536 2882 5592 sacrificium
2921 5542 3151 5597 offertur
3186 5565 3198 5600 :
3256 5551 3488 5618 qualiter
3527 5563 3725 5614 autem,

2098 5680 2111 5697 .
2152 5630 2262 5670 non
2296 5618 2449 5687 dicit,
2486 5639 2550 5677 ex.
2593 5626 2676 5680 his
2693 5630 2839 5684 enim
2870 5648 2991 5702 quae
3021 5637 3088 5691 de
3115 5637 3330 5695 delictis
3386 5642 3529 5699 dicta
3581 5651 3720 5707 sunt,

2348 5797 2391 5829 ”
2422 5798 2579 5856 Rom.
2610 5819 2682 5870 x1,
2714 5806 2763 5861 6.
2843 5809 2886 5842 “
2924 5811 2966 5867 ll
3000 5812 3124 5869 Cor.
3158 5832 3231 5885 γι,
3276 5816 3328 5887 7,
3351 5819 3403 5874 8.
