4044 6224
432 323 541 386 Ωδίδ

1616 316 1907 376 IlESYCll
1920 315 1973 374 ll
2016 310 2485 374 PRESBYTER!

3578 304 3686 368 969

434 435 560 509 agni
592 433 915 491 sacriﬁcium
946 432 1095 490 omni
1124 430 1361 487 carentis
1383 428 1616 489 macula.
1643 434 1805 496 atque
1839 441 2004 494 prop-
2036 436 2080 487 Α
2180 419 2475 488 Quijuvari
2505 416 2793 482 desiderat,
2832 423 3015 470 saneta
3047 410 3308 483 spiritalia
3346 413 3684 485 negligenter

437 537 585 581 terea
617 525 988 578 innocentiam
1031 525 1274 596 signans.
1305 519 1407 576 Sed
1429 521 1484 573 in
1513 517 1624 587 lege
1667 515 1879 570 Domini
1907 515 2006 584 fuit

435 610 679 664 uoluntas
708 610 822 681 ejus
837 611 913 664 ⁸¹τ
951 610 1094 666 illius
1138 608 1393 664 videlicet
1418 607 1509 676 qui
1541 603 1797 659 mundam
1844 600 2009 654 habet

432 701 743 764 scientiam,
784 717 880 772 per
911 700 1428 770 contemplationem
1460 693 1828 750 innocentium
1860 691 2010 760 cogi-

436 789 702 845 tationum
737 791 926 860 quales
948 793 1211 859 quosdam
1248 787 1447 841 Paulus
1489 784 1658 839 dicit:
1690 780 1881 852 Legem
1907 794 2009 832 non

435 876 704 942 habentes,
728 886 776 931 et
803 892 960 946 opera
981 876 1107 946 legis
1132 876 1329 943 scripta
1357 874 1412 926 in
1429 871 1667 925 cordibus
1684 869 1794 923 suis
1811 868 1885 932 ⁵³;
1911 881 2010 937 per

437 970 811 1039 disciplinatas
860 978 1148 1036 castasque
1177 965 1530 1035 cogitationes
1551 963 2009 1025 demonstrantes,

438 1060 614 1132 qualis
673 1058 1075 1130 quodammodo
1145 1065 1231 1111 est
1280 1053 1505 1109 turturis
1571 1051 1793 1107 oblatio.
1857 1049 2011 1105 Unde

438 1151 808 1224 cognitionem
833 1151 1052 1207 animali
1076 1149 1191 1218 ipse
1222 1147 1318 1202 Dei
1347 1146 1571 1217 spiritus
1597 1159 1694 1214 per
1720 1142 2011 1198 Jeremiam

437 1241 766 1313 prophetam
796 1240 975 1296 inesse
1000 1249 1233 1295 testatus
1261 1247 1346 1294 est
1377 1255 1390 1292 :
1424 1237 1619 1292 Turtur
1639 1278 1654 1305 ,
1683 1244 1733 1290 et
1763 1236 2010 1299 hirundo,

441 1343 493 1387 et
524 1333 750 1394 ciconia,
790 1333 1142 1386 custodierunt
1193 1340 1394 1400 tempus
1421 1330 1672 1383 adventus
1721 1328 1825 1391 sui;
1855 1342 2016 1397 popu-

443 1420 526 1474 lus
549 1430 726 1473 autem
746 1437 888 1474 meus
906 1436 1007 1473 non
1034 1421 1273 1491 cognovit
1288 1419 1551 1488 judicium
1580 1417 1790 1472 Domini
1804 1418 1849 1451 ⁵³
1867 1457 1881 1471 .
1907 1415 2013 1471 Sed

443 1513 577 1582 quid
607 1512 770 1566 David
823 1511 1148 1580 supradictis
1172 1508 1415 1565 addidit?
1463 1508 1530 1562 Et
1562 1509 1616 1561 in
1663 1509 1771 1578 lege
1804 1506 2016 1561 Domini

444 1600 548 1666 fuit
581 1598 823 1652 voluntas
850 1598 988 1667 ejus,
1019 1607 1067 1652 et
1097 1599 1152 1651 in
1193 1599 1302 1667 lege
1324 1597 1438 1666 ejus
1468 1596 1805 1650 meditabitur
1846 1596 1931 1649 die
1952 1611 2016 1648 ac

443 1701 594 1745 nocte
609 1691 691 1744 ".
725 1688 864 1744 Huic
898 1703 1278 1759 comparamus
1306 1687 1635 1751 columbam,
1667 1702 1825 1757 quam
1858 1685 2014 1756 quasi

447 1782 748 1838 meditandi
798 1781 906 1835 vim
961 1782 1165 1836 habere
1212 1779 1383 1834 Isaias
1435 1780 1698 1848 propheta
1750 1778 1906 1842 dicit,
1936 1777 2013 1831 ait
2047 1762 2089 1816 Β

442 1869 623 1924 enim:
653 1869 799 1925 Sicut
819 1869 994 1939 pullus
1021 1869 1339 1934 hirundinis,
1385 1869 1461 1921 sic
1488 1866 1756 1931 clamabo;
1786 1866 2012 1920 medita-

444 1960 540 2015 bor
558 1971 614 2015 ut
635 1961 872 2016 columba
890 1962 967 2013 ⁸⁸.
1000 1959 1214 2015 Invenit
1239 1975 1366 2030 ergo
1417 1959 1689 2029 legislator
1716 1958 1879 2023 viam,
1917 1973 2015 2027 per

443 2066 609 2121 quam
640 2060 697 2106 et
724 2051 1000 2105 inﬁrmum
1029 2051 1292 2105 mundare
1314 2048 1427 2104 Deo
1445 2064 1567 2118 quae
1590 2048 1762 2119 possit
1791 2048 2011 2104 oll'erre.

445 2141 516 2198 Et
541 2152 828 2211 propterea
861 2142 997 2212 legis
1039 2143 1203 2212 hujus
1239 2141 1626 2210 subsequentia
1674 2155 1783 2194 non
1816 2140 2014 2194 immu-

446 2233 602 2300 tavit,
633 2232 928 2288 ostendens
965 2232 1112 2298 quia,
1167 2231 1272 2287 etsi
1308 2244 1503 2284 manus
1535 2231 1855 2301 cujusquam
1902 2245 2014 2284 non

447 2322 694 2379 inveniat
730 2322 835 2378 hoc
873 2322 1017 2391 quod
1057 2321 1387 2390 poenitentia:
1432 2320 1663 2375 intentio
1715 2322 2016 2376 secundum

444 2414 677 2486 primam
712 2414 974 2469 rationem
997 2413 1182 2482 exigit,
1211 2411 1509 2481 ignoscitur
1535 2412 1752 2481 quidem
1773 2413 1846 2475 ei,
1877 2412 2018 2466 sicut

445 2520 515 2559 ex
563 2505 880 2559 infirmitate
936 2502 1196 2573 patienti:
1260 2503 1518 2575 praecepit
1562 2511 1740 2557 tamen
1780 2519 1902 2572 quae
1941 2503 2017 2558 illi

445 2595 694 2650 eamdem
717 2594 1183 2656 emundationem.
1209 2597 1566 2666 eamdemque
1599 2595 1926 2653 oblationem
1950 2594 2019 2650 ad

449 2685 620 2740 Deum
653 2684 944 2755 proﬂigare
993 2685 1224 2754 possint.
1280 2685 1408 2740 Post
1444 2688 1560 2742 haec
1599 2689 1664 2743 ad
1694 2688 1856 2743 aliam
1907 2688 2019 2744 dis-

449 2775 852 2844 pensationem,
889 2774 1066 2829 eidem
1098 2773 1339 2828 materiae
1369 2777 1755 2843 cohaerentem,
1803 2777 2015 2831 transit.

528 2860 688 2916 Vens.
717 2862 910 2917 55-47.
960 2880 978 2914 ι
1017 2861 1257 2917 Locutus
1285 2870 1370 2917 est
1406 2863 1667 2919 Dominus
1696 2868 1762 2921 ad
1801 2867 2019 2938 Moysen

446 2962 504 3009 et
536 2956 714 3009 Aaron
743 2953 966 3009 dicens:
1007 2954 1144 3008 Cum
1188 2953 1415 3024 ingressi
1475 2953 1687 3009 fueritis
1717 2957 1769 3010 in
1819 2966 2019 3013 terram

447 3043 733 3110 Chanaan,
752 3061 916 3114 quam
941 3061 1043 3116 ego
1063 3046 1205 3100 dabo
1224 3046 1379 3100 vobis
1409 3045 1464 3099 in
1501 3048 1939 3115 possessionem:
1975 3050 2020 3104 si

447 3138 615 3194 fuerit
644 3140 796 3210 plaga
837 3140 1000 3211 leprae
1028 3141 1087 3194 in
1110 3140 1336 3205 sedibus,
1371 3140 1471 3195 ibit
1500 3141 1656 3210 cujus
1684 3151 1767 3197 est
1799 3143 2013 3209 domus,

449 3231 711 3285 nuntians
752 3231 1044 3303 sacerdoti.
1097 3242 1154 3287 et
1203 3231 1349 3287 dicet
1386 3248 1400 3284 :
1435 3229 1601 3295 Quasi
1645 3231 1801 3304 plaga
1856 3233 2022 3304 lepra!

449 3320 666 3375 videtur
693 3321 824 3375 mihi
855 3337 979 3377 esse
1008 3323 1063 3376 in
1087 3323 1251 3378 domo
1277 3338 1420 3378 mea.
1444 3324 1515 3377 At
1545 3322 1637 3378 ille
1661 3324 1939 3394 precipiet
1963 3335 2023 3381 ut

450 3411 684 3468 ell'craut
729 3414 979 3469 universa
1004 3416 1072 3470 de
1117 3415 1281 3470 domo
1325 3415 1643 3485 priusquam
1689 3414 2024 3487 ingrediatur

451 3520 601 3568 eam,
640 3514 701 3560 ut
729 3506 910 3561 videat
944 3516 1126 3565 utrum
1164 3508 1313 3577 lepra
1346 3508 1437 3572 sit,
1455 3522 1531 3562 ne
1561 3507 1841 3563 immunda
1893 3508 2025 3563 ﬁant

451 3596 634 3650 omnia
673 3612 796 3666 quae
835 3597 889 3650 in
940 3598 1105 3652 domo
1144 3608 1290 3653 sunt.
1333 3596 1670 3669 lntrabitque
1715 3607 1929 3670 postea,
1963 3610 2026 3657 ut

440 3685 761 3741 consideret
799 3687 1017 3742 domum
1043 3688 1225 3757 leprm.
1261 3689 1331 3744 Et
1370 3705 1495 3745 cum
1539 3690 1735 3747 viderit
1762 3692 1818 3747 in
1845 3695 2025 3763 parie-

450 3776 600 3832 tibus
654 3777 800 3832 illius
828 3780 982 3848 quasi
1040 3780 1338 3844 valliculas,
1397 3781 1625 3851 pallore,
1665 3783 1781 3839 sive
1827 3786 2026 3842 rubore

452 3869 745 3932 deformes,
766 3876 823 3922 et
847 3868 1167 3923 humiliores
1204 3870 1491 3939 superﬁcie
1513 3866 1757 3942 reliqua,
1777 3875 2025 3945 egredie-

450 3970 543 4013 tur
571 3961 771 4015 ostium
805 3961 1020 4026 domus,
1076 3969 1132 4016 et
1177 3962 1357 4016 statim
1403 3963 1621 4020 claudet
1651 3980 1773 4020 eam
1816 3977 2026 4038 septem

453 4050 664 4106 diebus.
698 4051 1081 4123 Reversusque
1107 4054 1194 4109 die
1213 4055 1467 4125 septimo,
1493 4057 1861 4115 considerabit
1882 4074 2023 4115 eam:

453 4141 500 4196 si
542 4143 816 4199 invenerit
838 4145 1083 4199 crevisse
1138 4145 1369 4214 lepram,
1397 4146 1611 4215 jubebit
1647 4149 1765 4203 erui
1795 4149 2026 4219 lapides,

454 4231 512 4287 in
544 4234 745 4303 quibus
767 4234 917 4303 lepra
949 4245 1052 4301 est,
1082 4246 1138 4290 et
1166 4237 1357 4307 projici
1384 4252 1482 4293 eos
1537 4247 1691 4295 extra
1722 4240 2024 4307 civitatem,

455 4323 655 4380 inloco
681 4325 982 4391 immundo,
1011 4327 1230 4382 domum
1267 4336 1448 4383 autem
1479 4330 1653 4400 ipsam
1682 4332 1799 4388 radi
1828 4332 2028 4388 intrin-

2110 512 2361 567 meditari
2384 527 2490 564 non
2523 509 2705 572 debet,
2737 524 2800 561 ea
2823 523 2945 577 quae
2991 507 3222 561 maxime
3263 505 3686 576 circumspicere

2108 605 2157 660 ei
2188 617 2416 658 necesse
2440 611 2543 665 est,
2580 602 2634 654 in
2662 600 2860 669 quibus
2900 598 3104 652 inimici
3165 597 3474 667 indoctique
3504 598 3685 652 olIen-

2109 695 2266 750 dunt.
2305 693 2445 747 Nam
2476 707 2604 746 ecce
2635 690 2854 761 quidam
2902 690 2957 742 iu
3013 703 3187 758 nuper
3208 688 3348 743 lecta
3400 688 3520 758 lege
3579 689 3685 742 hoc

2111 784 2543 854 reprehendunt,
2566 781 2713 850 quia,
2746 780 3045 836 secundum
3072 778 3215 848 quod
3244 776 3385 832 LXX
3409 786 3682 840 asserunt.

2110 876 2281 931 Deum
2313 875 2585 929 dicentem
2627 872 2835 943 Moyses
2860 870 3192 925 introduxit:
3222 869 3374 923 Dabo
3417 868 3687 923 maculam

2113 962 2274 1031 leprte
2296 963 2354 1016 in
2373 962 2608 1016 domibus
2627 962 2829 1025 vestris,
2861 962 2916 1013 in
2942 970 3081 1013 terra
3105 960 3462 1030 promissionis
3482 968 3683 1013 vestr-te.

2112 1054 2374 1120 Putasne,
2397 1053 2559 1118 Deus,
2592 1054 2865 1123 inquiunt,
2896 1052 3104 1106 inducit
3132 1051 3312 1104 mala?
3339 1050 3553 1116 Quibus
3597 1066 3688 1104 re-

2115 1146 2472 1218 spondemus,
2497 1146 2673 1201 Etiam
2700 1163 2715 1199 :
2739 1146 2833 1198 scd
2856 1160 2958 1199 nec
2983 1144 3159 1214 turpia
3177 1152 3307 1198 sunt
3322 1158 3425 1197 nec
3444 1143 3605 1207 mala,
3623 1157 3687 1196 ea

2114 1253 2237 1308 quae
2254 1237 2498 1308 allliguut
2530 1237 2596 1291 ad
2643 1237 3028 1291 eruditionem.
3060 1249 3159 1290 seu
3200 1249 3360 1303 poena
3389 1247 3490 1302 pro
3531 1233 3689 1302 juva-

2115 1330 2263 1385 mine
2291 1330 2603 1394 constituta,
2641 1329 2806 1383 veluti
2846 1328 3037 1393 fames,
3070 1336 3229 1382 terrae
3252 1335 3453 1389 motus,
3503 1325 3689 1380 hiatus

2116 1429 2295 1487 terrae,
2337 1428 2633 1489 tempestas
2673 1410 2860 1480 maris,
2880 1419 3079 1473 bellum
3105 1427 3269 1486 atque
3297 1416 3512 1479 similia,
3546 1417 3691 1470 sicut

2114 1520 2173 1567 et
2206 1512 2322 1582 ipse
2353 1527 2450 1582 per
2470 1511 2789 1580 prephetam
2840 1510 3005 1564 dicit:
3040 1508 3150 1580 Ego
3183 1507 3460 1571 Dominus,
3493 1514 3543 1559 et
3583 1520 3687 1558 non

2116 1610 2191 1655 est
2209 1601 2369 1667 alius,
2401 1602 2634 1671 formans
2674 1601 2863 1663 lucem,
2886 1608 2934 1652 et
2965 1615 3147 1652 creans
3185 1597 3442 1659 tenebras,
3490 1595 3690 1664 faciens

2117 1709 2321 1761 pacem,
2348 1703 2397 1746 et
2422 1707 2604 1746 creans
2639 1691 2871 1745 mala”.
2930 1689 3140 1755 Quibus
3192 1687 3387 1741 similia
3440 1694 3500 1739 et
3551 1684 3690 1739 alter

2117 1783 2381 1853 propheta
2406 1783 2570 1836 dicit:
2619 1780 2755 1846 Quia
2807 1780 3180 1835 descenderunt
3202 1777 3347 1832 mala
3382 1794 3415 1831 a
3461 1776 3690 1830 Domino

2116 1870 2172 1922 in
2194 1879 2407 1939 portam
2450 1856 2766 1933 Jerusalem,
2801 1866 3078 1932 tumultus,
3122 1865 3393 1936 quadriga:
3436 1863 3687 1931 stuporis,

2116 1958 2380 2012 habitanti
2408 1958 2688 2013 Lachis”.
2741 1956 2850 2012 Sed
2875 1966 2932 2012 et
2967 1958 3233 2027 propheta
3281 1956 3449 2010 Amos
3486 1954 3594 2008 ait:
3629 1952 3690 2009 Si

2117 2060 2193 2105 est
2216 2049 2417 2104 malum
2433 2049 2489 2103 in
2515 2050 2741 2114 civitate,
2768 2050 2903 2119 quod
2928 2048 3180 2102 Dominus
3206 2063 3309 2101 non
3330 2044 3691 2117 fecit"?Que

2117 2142 2337 2212 quidem
2370 2141 2533 2205 Deus,
2561 2156 2670 2195 non
2696 2151 2754 2195 ut
2790 2150 3005 2205 noceat,
3038 2139 3254 2211 ingerit,
3313 2138 3408 2192 sed
3441 2146 3503 2192 ut
3533 2136 3691 2191 valde

2113 2233 2268 2303 juvet
2296 2232 2609 2290 hominem:
2635 2232 2866 2286 aillictus
2892 2232 3092 2301 quippe
3138 2230 3475 2295 humiliatur,
3506 2227 3692 2282 Immi-

2118 2326 2282 2381 liatus
2323 2334 2508 2380 autem
2565 2326 2737 2380 currit
2789 2325 2857 2379 ad
2901 2339 3025 2377 eum
3076 2323 3166 2392 qui
3214 2322 3421 2393 erigere
3476 2328 3688 2389 potest,

2120 2416 2362 2487 dicitque
2392 2431 2517 2471 cum
2551 2415 2751 2469 David:
2796 2413 3001 2467 Bonum
3028 2413 3176 2477 mihi,
3214 2413 3351 2482 quod
3400 2410 3693 2464 humiliasti

2121 2527 2224 2573 me,
2271 2517 2329 2563 ut
2355 2508 2603 2562 discerem
2622 2505 3022 2575 justifcolioncs
3053 2513 3171 2557 tuas
3185 2503 3262 2567 σθ,
3293 2511 3349 2556 et
3376 2500 3593 2557 l'cSIiuat
3623 2502 3693 2554 ad

2121 2600 2420 2662 medicum,
2448 2597 2537 2667 qui
2565 2612 2690 2651 eum
2720 2596 2914 2650 liieret
2950 2612 2979 2649 a
3010 2595 3256 2650 vulnere.
3297 2593 3368 2648 Et
3408 2594 3525 2648 haec
3567 2592 3692 2661 qui-

2125 2693 2249 2749 dem
2271 2691 2346 2745 ita
2365 2706 2426 2746 se
2469 2689 2693 2744 habent.
2755 2687 2863 2742 Sed
2896 2702 2998 2756 nos
3040 2687 3110 2740 ad
3157 2684 3693 2754 contemplationem,

2127 2797 2248 2855 qua;
2268 2781 2539 2844 imminet,
2587 2775 2960 2845 r'ecurramus,
2993 2793 3060 2832 ne
3090 2777 3272 2832 forsan
3328 2777 3694 2847 legislatorem

2124 2874 2280 2945 quasi
2307 2874 2376 2929 de
2407 2872 2591 2944 lignis,
2611 2882 2665 2927 et
2692 2871 2980 2941 lapidibus,
3011 2880 3065 2924 et
3088 2870 3385 2938 parietibus
3406 2869 3697 2923 iuseusatis

2126 2964 2490 3028 sancientem,
2547 2961 2766 3032 quidam
2806 2976 2994 3016 eorum
3040 2960 3132 3029 qui
3181 2960 3323 3014 circa
3368 2959 3694 3014 exteriorem

2047 3084 2094 3143 ε
2127 3053 2450 3124 sapientiam
2481 3061 2685 3118 errant,
2727 3051 3129 3120 reprehendere
3152 3050 3416 3113 nitantur,
3447 3065 3478 3103 a
3501 3049 3697 3118 quibus

2126 3147 2254 3217 quia
2274 3145 2400 3200 mali
2423 3153 2574 3208 sunt,
2606 3144 2745 3198 mala
2775 3143 2936 3198 etiam
2987 3143 3126 3197 bona
3149 3143 3484 3211 iudicantur.
3543 3140 3697 3195 Nunc

2126 3238 2276 3292 enim
2304 3235 2633 3308 legislatoris
2687 3234 2920 3299 intentio
2973 3242 3078 3297 est,
3131 3233 3199 3287 de
3241 3234 3385 3287 veris
3446 3233 3698 3308 domibus

2128 3304 2385 3381 videlicet
2424 3341 2489 3380 ea
2524 3325 2668 3380 laesis
2708 3324 2941 3388 sancire,
2977 3322 3031 3377 id
3058 3330 3141 3376 est
3175 3337 3296 3391 quae
3341 3321 3395 3374 in
3423 3304 3529 3374 illis
3571 3336 3697 3390 pas-

2127 3416 2312 3472 siones
2339 3416 2629 3481 curabiles,
2658 3414 2910 3470 facilesve
2932 3414 2997 3469 ad
3019 3412 3482 3475 emundationem,
3512 3427 3697 3483 quaeve

2129 3509 2237 3564 sint
2294 3508 2662 3571 incurabiles,
2716 3506 3252 3574 destructionemque
3316 3504 3685 3573 plenissimam

2129 3600 2462 3672 ingerentes.
2513 3599 2621 3654 Sed
2655 3599 2848 3654 horum
2892 3598 3111 3652 modum
3153 3597 3434 3661 discimus,
3464 3611 3584 3649 cum
3629 3595 3695 3649 ad

2129 3707 2195 3747 ea
2216 3708 2337 3762 quae
2373 3691 2520 3746 dicta
2547 3699 2697 3757 sunt,
2735 3691 3065 3745 venerimus.
3104 3687 3480 3744 Possessionis
3500 3692 3694 3739 nostra:

2132 3792 2279 3838 terra
2334 3791 2438 3849 est,
2478 3798 2642 3854 quam
2672 3798 2775 3838 nos
2825 3781 3193 3852 possidemus,
3236 3780 3523 3834 haereditas
3570 3790 3697 3845 gen-

2134 3875 2291 3930 tium.
2355 3875 2475 3944 Ipsa
2522 3882 2607 3929 est
2638 3874 2800 3929 “enim
2847 3882 3034 3929 nostra
3095 3870 3386 3942 possessio,
3438 3868 3538 3924 etsi
3574 3877 3699 3921 tunc

2131 3967 2372 4024 hostium
2414 3977 2725 4023 nostrorum
2770 3966 2877 4021 fuit
2910 3984 2923 4021 :
2957 3966 3013 4020 in
3057 3966 3160 4019 hac
3214 3964 3361 4019 enim
3408 3977 3510 4016 nos
3556 3961 3697 4015 Deus

2131 4059 2437 4130 acquisivit,
2465 4068 2523 4114 et
2553 4074 2648 4114 eos
2673 4058 2764 4127 qui
2792 4057 3065 4127 quondam
3094 4071 3204 4110 non
3238 4062 3398 4109 erant
3442 4053 3691 4124 populus.

2132 4166 2281 4204 nunc
2310 4150 2568 4220 populum
2610 4149 2772 4204 habet
2802 4147 2920 4214 Dei,
2973 4156 3195 4218 propter
3242 4146 3389 4215 quod
3433 4143 3702 4215 possessio

2136 4249 2281 4291 recte
2308 4236 2699 4291 nominabitur.
2735 4234 2810 4290 De
2830 4236 2934 4290 hac
2966 4246 3109 4290 terra
3142 4235 3405 4289 Dominus
3455 4234 3702 4288 dicebat:

2134 4331 2236 4396 Qui
2263 4345 2383 4384 uero
2415 4330 2470 4382 in
2502 4338 2697 4382 terram
2717 4329 2907 4383 bonum
2937 4329 3227 4381 seminata:
3252 4335 3350 4390 est,
3378 4325 3461 4378 hic
3494 4334 3567 4378 est
3612 4325 3699 4394 qui

454 4431 616 4472 secus
642 4432 741 4486 per
776 4418 1091 4486 circuitum,
1142 4429 1197 4474 et
1243 4419 1423 4491 spargi
1483 4421 1763 4491 pulverem
1825 4438 2026 4480 rasura:
2055 4433 2102 4490 Β
2129 4423 2279 4482 audit
2300 4420 2507 4475 uerbum
2523 4429 2572 4474 et
2593 4417 3137 4489 intelligit“.Domus
3153 4416 3297 4472 enim
3316 4424 3517 4471 nostra:
3534 4415 3708 4471 Eccle-

451 4517 607 4563 extra
634 4510 846 4577 urbem,
890 4511 943 4565 in
974 4512 1094 4566 loco
1115 4511 1417 4578 immundo,
1447 4511 1760 4583 lapidesque
1792 4515 1927 4570 alios
1944 4531 2032 4571 re-

455 4601 586 4670 poni
613 4617 710 4670 pro
738 4602 824 4657 his
846 4604 935 4672 qui
986 4604 1152 4658 ablati
1190 4603 1416 4670 fuerint,
1448 4610 1505 4658 et
1555 4604 1670 4658 luto
1721 4605 1832 4659 alio
1882 4606 2031 4660 liniri

455 4689 698 4746 domum.
725 4693 822 4746 Sin
846 4704 1027 4749 autem
1053 4704 1338 4766 postquam
1382 4697 1523 4751 eruti
1557 4707 1686 4752 sunt
1725 4697 1954 4768 lapides,
1978 4706 2034 4754 et

457 4780 637 4851 pulvis
677 4782 870 4847 elatus,
903 4795 959 4836 et
983 4785 1087 4838 alia
1124 4795 1265 4840 terra
1299 4787 1415 4853 lita,
1453 4786 1728 4859 ingressus
1779 4790 2035 4846 sacerdos

458 4871 653 4928 viderit
683 4890 954 4930 reversam
978 4874 1294 4946 lepram,'et
1322 4879 1559 4948 parietes
1574 4895 1828 4951 aspersos
1852 4896 2033 4939 macu-

458 4966 544 5033 lis,
582 4966 728 5036 lepra
759 4976 844 5023 est
868 4982 1243 5039 perseverans,
1276 4978 1330 5025 et
1353 4971 1632 5026 immunda
1654 4971 1850 5027 domus
1872 4984 2037 5043 quam

457 5058 643 5114 statim
687 5060 1006 5116 destruent:
1066 5070 1123 5115 et
1151 5061 1363 5131 lapides
1413 5063 1531 5131 ejus
1560 5078 1625 5117 ac
1674 5063 1838 5136 ligna,
1875 5074 2038 5135 atque

460 5150 773 5207 universum
818 5152 1097 5223 pulverem
1140 5153 1427 5223 projicient
1468 5163 1616 5209 extra
1645 5155 1922 5225 oppidum,
1984 5157 2038 5210 in

457 5241 579 5299 loco
598 5243 902 5301 immundo.
927 5245 1031 5313 Qui
1051 5246 1333 5300 intraverit
1348 5246 1592 5313 domum,
1612 5248 1832 5319 quando
1854 5249 2037 5305 clausa

459 5342 562 5399 est,
606 5336 939 5413 immundus
969 5340 1073 5394 erit
1106 5354 1278 5408 usque
1332 5341 1398 5393 ad
1452 5356 1764 5411 vespermn.
1826 5343 1893 5396 Et
1943 5344 2036 5413 qui

460 5422 824 5482 dormieritin
888 5444 974 5493 ea,
1022 5439 1077 5485 et
1125 5430 1424 5485 comederit
1471 5432 1767 5503 quidpiam,
1836 5434 2038 5490 levabit

462 5512 782 5570 vestimenta
821 5532 939 5571 sua.
980 5537 998 5567 ι

536 5645 583 5716 ff
610 5645 751 5699 Psal.
787 5664 826 5706 ι.
849 5647 905 5700 ‘2.
981 5652 1024 5683 ⁸³
1054 5652 1209 5708 Rom.
1243 5672 1303 5716 ll,
1335 5656 1421 5710 lii.

2134 4520 2230 4575 sia;
2256 4526 2403 4582 sunt,
2433 4516 2502 4570 de
2528 4514 2724 4584 quibus
2751 4511 2951 4565 Paulus
2979 4507 3301 4566 dicebat:Si
3331 4509 3633 4574 tardauero,
3651 4519 3707 4560 ut

2133 4610 2273 4664 scias
2293 4607 2546 4679 quomodo
2568 4619 2616 4660 te
2635 4615 2871 4675 oporteat
2891 4606 2944 4659 in
2965 4605 3118 4659 domo
3133 4604 3230 4658 Dei
3256 4602 3574 4665 conversari,
3595 4616 3709 4670 qua:

2134 4711 2208 4756 est
2240 4700 2457 4755 ecclesia
2489 4699 2584 4753 Dei
2610 4700 2711 4753 vivi
2738 4700 2805 4753 ".
2835 4699 2893 4752 In
2917 4698 3021 4762 his,
3054 4694 3356 4751 secundum
3386 4691 3551 4756 LXX,
3582 4692 3710 4746 dare

2134 4809 2195 4848 se
2226 4792 2490 4847 maculam
2516 4792 2679 4860 lepra:
2708 4789 2846 4844 Deus
2861 4788 3149 4859 promittit.
3176 4785 3331 4852 Quod
3363 4783 3711 4839 manifestant

2137 4884 2255 4955 ipsa
2276 4882 2597 4953 legislatoris
2638 4882 2831 4946 verba;
2855 4895 2978 4935 cum
3005 4879 3151 4933 enim
3187 4877 3417 4932 dixisset
3444 4894 3457 4930 :
3483 4874 3551 4928 Et
3579 4874 3711 4927 dabo

2138 4976 2402 5030 maculam
2429 4975 2586 5043 leprw
2607 4974 2661 5026 in
2686 4971 2943 5035 domibus,
2977 4980 3116 5023 terra
3142 4968 3479 5039 possessionis
3511 4977 3707 5019 vestrm.

2139 5069 2209 5123 Et
2241 5070 2407 5122 veniet
2436 5069 2586 5138 cujus
2632 5077 2705 5121 est
2736 5068 2922 5121 domus
2946 5106 2960 5131 ,
3000 5066 3143 5120 illico
3189 5063 3473 5133 subjunttit
3502 5079 3517 5115 :
3564 5060 3716 5115 Nun-

2142 5157 2282 5210 tians
2303 5157 2587 5220 sacerdoti,
2620 5165 2669 5210 et
2708 5156 2882 5209 dicet:
2931 5153 3097 5219 Quasi
3145 5152 3357 5207 macula
3388 5152 3550 5221 lepra:
3571 5150 3714 5205 vide-

2142 5255 2227 5299 tur
2257 5246 2385 5299 mihi
2408 5247 2594 5300 essein
2649 5246 2802 5300 domo
2839 5261 2979 5299 mea.
3031 5244 3146 5299 lloc
3196 5252 3381 5297 autem
3434 5238 3714 5298 sentientis

2146 5338 2450 5408 passionem
2477 5347 2579 5404 est,
2613 5337 2755 5406 quod
2794 5352 2903 5391 non
2928 5345 3014 5391 est
3034 5336 3269 5406 cujuslib
3305 5334 3500 5401 tdoui,
3528 5343 3583 5387 et
3615 5331 3714 5387 tale

2143 5428 2301 5499 quale
2332 5429 2497 5483 Deum
2526 5430 2791 5484 condecet
2814 5427 3099 5499 impertiri.
3140 5426 3194 5481 Si
3236 5427 3380 5482 enim
3407 5427 3567 5480 decet
3601 5439 3713 5477 me-

2144 5523 2345 5587 dicum,
2382 5534 2443 5576 ut
2473 5537 2581 5575 non
2605 5521 2869 5575 concedat
2894 5532 3155 5589 aegrotum
3179 5519 3422 5589 quaedam
3445 5515 3716 5571 mortifera

1520 5657 1567 5688 ’δ
1594 5656 1796 5711 lerem.
1836 5673 1958 5720 Vill,
1993 5656 2022 5706 7

2123 5658 2165 5688 ⁵⁸
2194 5654 2333 5709 Psal.
2368 5672 2405 5717 ι,
2439 5654 2495 5707 2.
2572 5654 2617 5685 ⁸⁸
2647 5654 2750 5708 lsa.
2790 5669 3018 5718 xxxviii,
3054 5650 3138 5705 14.
3216 5651 3260 5682 ⁸⁷
3292 5650 3392 5703 lsa.
3429 5665 3552 5714 xm,
3583 5644 3636 5712 6,
3661 5643 3713 5699 7.

464 5713 511 5746 “
541 5713 704 5770 Mich.
729 5730 767 5784 I,
800 5718 882 5783 l2,
922 5719 1002 5773 l5.
1080 5724 1123 5755 “
1160 5713 1325 5779 Amos
1354 5744 1437 5791 ιιι,
1470 5724 1521 5779 6.
1599 5728 1807 5783 “Psal.
1843 5713 2031 5795 cavi",
2066 5726 2153 5789 'il.
2232 5727 2273 5757 “
2308 5713 2497 5779 Matth.
2544 5740 2662 5782 xm.
2694 5726 2782 5778 ‘25.
2861 5725 2903 5756 "
2945 5713 3124 5777 I'l'itu.
3165 5738 3245 5787 Ill,
3282 5720 3364 5774 l5.
