4044 6224
266 355 366 418 961

1406 349 1490 409 ΙΝ
1531 347 1975 409 LEVITICUM.
2006 371 2069 378 -
2107 345 2251 404 LIB.
2290 347 2386 406 IV.

3423 343 3526 409 era

266 477 450 534 agere,
475 465 634 518 decet
661 474 713 518 et
736 463 904 516 Deum
933 477 1041 516 non
1095 458 1395 515 concedere
1425 455 1720 527 peccatori,
1765 455 1848 508 in-
1878 462 1920 516 Α
1953 467 2116 523 super
2167 468 2288 517 nos,
2315 453 2551 509 liberans
2580 468 2681 507 nos
2706 454 2776 509 ab
2829 453 2913 508 his
2963 454 3162 524 quibus
3186 450 3391 523 dudum
3418 468 3532 508 ser-

267 556 644 611 sensibilitatis
673 555 862 609 morbo
905 553 1111 606 diutius
1160 548 1410 613 detineri,
1439 563 1510 602 ne
1539 547 1596 601 in
1623 544 1847 617 profun—

267 649 398 701 dum
421 647 618 701 inferni
655 662 886 715 peccans
924 645 979 698 in
1012 653 1277 698 internum
1327 648 1470 704 ruat,
1503 639 1653 710 quod
1677 637 1848 693 David

263 755 431 794 orans
453 738 666 793 dicebat
705 757 717 790 :
758 737 834 790 Ne
860 745 1067 791 avertas
1092 735 1282 806 {aciem
1310 745 1456 788 tuam
1485 751 1517 788 a
1542 749 1643 799 me,
1671 741 1720 786 et
1761 747 1848 787 ero

264 829 459 883 similis
490 829 917 882 descendentibus
942 828 997 879 in
1025 825 1202 878 lacum
1250 824 1318 877 ⁸³.
1342 822 1458 878 Hoc
1487 823 1694 877 donum
1723 835 1851 875 selt-

264 936 360 975 sus
388 921 643 975 Ecclesiae
665 921 854 974 datur:
885 917 1178 988 Synagogae
1199 927 1381 972 autem
1411 917 1721 972 Iudaeorum
1737 929 1848 970 non

263 1015 447 1077 datur,
476 1011 621 1080 (piod
647 1011 994 1064 manifestum
1016 1017 1099 1062 est
1130 1024 1195 1062 ex
1223 1023 1290 1063 eo
1333 1006 1479 1077 quod
1540 1006 1655 1076 ipse
1704 1004 1850 1058 Deus

265 1121 364 1174 per
395 1103 536 1158 Osee
568 1103 888 1172 prophetam
918 1103 1024 1155 ait:
1061 1099 1326 1166 Quoniam
1375 1099 1477 1152 nisi
1517 1114 1637 1152 cum
1683 1113 1850 1152 mere-

266 1195 483 1249 tricibus
516 1195 880 1258 versabantur,
901 1210 943 1247 et
971 1183 1414 1262 came/[eminulis
1450 1189 1846 1260 sacrificabant.

265 1287 333 1340 Et
364 1287 586 1355 populus
607 1302 711 1339 non
742 1285 1035 1355 intelligens
1084 1283 1360 1354 vapulabit
1386 1283 1452 1335 “.
1484 1283 1553 1337 Et
1598 1296 1791 1336 rursus
1830 1295 1845 1334 :

263 1381 421 1434 Dedit
453 1381 528 1432 eis
553 1378 692 1431 Deus
719 1379 963 1446 spiritum
995 1375 1424 1445 compunctionis,
1457 1373 1632 1428 oculos
1662 1383 1719 1427 ut
1749 1389 1849 1426 non

263 1473 498 1539 videant,
525 1482 570 1525 et
601 1487 756 1525 aures
786 1481 840 1523 ut
865 1487 965 1522 non
983 1471 1206 1523 audiant
1233 1470 1300 1522 ⁸⁵.
1322 1467 1502 1522 Alium
1529 1467 1693 1522 etiam
1723 1480 1851 1536 pro-

269 1567 490 1635 phetam
565 1564 893 1626 audivimus,
969 1562 1240 1616 dicentem
1276 1577 1289 1613 :
1327 1559 1643 1615 Clauserunt
1676 1557 1850 1612 oculos

269 1673 413 1718 suos,
441 1665 497 1708 ut
532 1671 634 1708 non
661 1655 915 1716 viderent,
940 1661 988 1706 et
1015 1669 1168 1705 aures
1195 1669 1320 1705 suas
1347 1659 1727 1721 aggravarunt,
1788 1665 1852 1703 ne

267 1746 514 1798 audirent
536 1745 624 1794 θοι
689 1751 878 1814 utpote
928 1759 958 1797 a
1003 1742 1350 1812 justojudice
1384 1756 1450 1796 ex
1474 1756 1574 1795 suo
1626 1747 1852 1810 peccato

267 1836 593 1906 puniuntur.
641 1834 886 1890 Ecclesia
928 1844 1110 1889 autem
1153 1849 1263 1889 non
1320 1834 1396 1888 ita
1425 1873 1440 1898 ,
1491 1834 1588 1888 sed
1636 1833 1850 1904 quoties

267 1938 479 1999 peccat,
511 1929 639 1983 facit
664 1945 782 1983 eam
811 1929 950 1982 Deus
994 1926 1196 1982 sentire
1243 1936 1546 1997 peccatum.
1593 1927 1752 1983 Unde
1795 1934 1851 1982 et

263 2035 392 2072 eum
409 2019 498 2087 qui
523 2018 575 2070 in
605 2017 868 2071 Corintho
907 2016 1206 2072 fornicatus
1237 2025 1339 2080 est,
1373 2015 1575 2072 Paulus
1634 2018 1850 2071 Satante

265 2109 511 2170 tradidit,
540 2118 599 2163 ut
623 2108 856 2162 atllictus
884 2110 952 2162 ab
979 2124 1067 2175 eo,
1108 2118 1392 2177 peccatum
1418 2108 1683 2163 sentiret:
1718 2107 1848 2162 Tra-

263 2202 397 2264 didi,
421 2201 696 2269 inquiens,
732 2216 852 2254 eum
895 2201 985 2270 qui
1018 2200 1321 2269 Itujusmodi
1381 2209 1478 2267 est,
1505 2199 1692 2270 angelo
1744 2198 1847 2254 Sa-

264 2305 408 2346 rano:
451 2293 508 2344 in
548 2293 821 2345 interitum
867 2293 1043 2345 carnis
1069 2292 1113 2322 ⁸⁷
1164 2308 1177 2343 :
1242 2291 1441 2345 similia
1482 2291 1846 2361 praesentibus

263 2383 594 2454 legislatoris
618 2383 796 2438 verbis
818 2383 1027 2438 dicens.
1060 2381 1127 2436 Et
1148 2382 1240 2436 hic
1260 2381 1502 2450 quidem,
1539 2383 1843 2437 secundum

264 2475 409 2530 LXX
431 2517 446 2541 ,
480 2475 648 2540 Dabo,
678 2476 872 2545 inquit,
898 2475 1163 2529 maculam
1202 2477 1379 2544 leprte,
1411 2491 1522 2531 non
1555 2477 1712 2546 quasi
1757 2477 1845 2531 in-

263 2579 490 2640 gerente
512 2569 624 2623 Deo
655 2569 883 2638 lepram,
919 2568 1012 2623 sed
1052 2569 1202 2624 velut
1253 2578 1542 2624 exercente
1572 2579 1734 2640 atque
1755 2585 1844 2624 ar-

262 2671 486 2731 guente.
517 2661 613 2714 Ille
645 2672 826 2714 autem
875 2660 950 2714 ait
985 2677 1000 2718 :
1057 2660 1274 2714 Tradidi
1321 2661 1623 2730 hujusntodi
1659 2662 1846 2733 angelo

261 2755 517 2818 Satanae;
540 2755 688 2823 atqui
715 2764 998 2823 acceperat
1029 2768 1154 2808 eum
1191 2754 1322 2808 olim
1342 2769 1442 2825 per
1462 2753 1708 2810 illicitam
1734 2754 1846 2810 for-

265 2850 618 2915 nicationem,
640 2849 736 2904 sed
777 2859 833 2902 ut
863 2848 1055 2919 majori
1113 2857 1385 2919 potestate
1417 2849 1484 2905 ab
1510 2865 1577 2906 eo
1613 2851 1846 2922 castiga-

265 2955 376 3006 tus,
409 2942 485 2994 ait
515 2942 660 2995 enim
697 2961 708 2994 :
736 2942 796 2994 In
826 2943 1102 2996 interitum
1156 2944 1353 3008 carnis,
1392 2952 1450 2996 ut
1487 2944 1706 3013 spiritus
1731 2943 1845 2997 sal-

260 3050 357 3086 rus
386 3033 502 3100 ﬂat,
528 3048 746 3086 sensum
771 3033 981 3101 peccati
1011 3034 1338 3103 perciperet,
1360 3033 1619 3104 ﬁeretque
1654 3050 1842 3090 emen-

263 3127 491 3178 datior:
525 3125 686 3178 simul
715 3127 878 3180 etiam
919 3135 980 3180 ut
1027 3126 1474 3182 manifestaretur
1523 3127 1666 3194 aliis,
1705 3144 1844 3198 qua-
1874 3145 1917 3204 ε

272 3229 432 3270 trtius
460 3234 582 3270 cum
612 3216 836 3272 minime
865 3219 1104 3274 debeant
1139 3219 1366 3274 imitari.
1401 3218 1509 3274 Sed
1538 3229 1621 3274 est
1652 3220 1847 3274 domus

264 3313 383 3362 lucc
425 3318 580 3362 teme
613 3309 999 3377 possessionis,
1041 3309 1097 3364 id
1120 3319 1203 3364 est
1234 3309 1847 3366 Ecclesiishaareditatis

265 3402 535 3467 gentium.
564 3401 692 3456 Cum
717 3403 937 3472 ingressi
962 3403 1190 3474 fueritis,
1234 3401 1435 3472 Moyses
1458 3413 1506 3456 et
1528 3404 1710 3456 Aaron
1739 3446 1754 3468 ,
1789 3403 1848 3456 in

263 3507 462 3546 terram
493 3493 935 3549 Chananteorum.
966 3494 1227 3560 Quaenam
1263 3504 1348 3550 est
1375 3495 1534 3549 haec?
1567 3493 1740 3559 Quam
1755 3511 1848 3565 ego

262 3586 402 3638 dabo
429 3587 570 3640 vobis
605 3588 660 3639 in
700 3588 1100 3656 possessionem.
1149 3588 1287 3654 Quia
1309 3602 1441 3658 ergo
1483 3596 1693 3658 septem
1743 3603 1847 3641 nu-

265 3693 421 3731 mero
439 3687 650 3747 gentes,
680 3679 732 3733 id
764 3688 847 3733 est
871 3679 1186 3747 Chanantei,
1211 3679 1508 3744 Pherezaei,
1553 3678 1844 3749 Gergeszei,

263 3769 592 3836 Amorrha‘i,
649 3769 920 3839 Gebusazi,
970 3770 1200 3836 Cetbtei,
1247 3780 1304 3826 et
1329 3770 1593 3836 Haradaai,
1645 3780 1846 3826 terram

269 3861 595 3930 promissam
636 3861 868 3918 Abraha:
901 3863 1276 3934 possidebant.
1323 3864 1618 3933 Imaginem
1665 3872 1845 3918 autem

265 3953 531 4020 gerebant
559 3953 638 4007 hac
669 3963 881 4024 septem
930 3954 1243 4024 iniquorum
1268 3955 1578 4024 spirituum,
1613 3956 1680 4011 de
1722 3957 1844 4026 qni-

265 4046 371 4099 bns
400 4038 666 4099 Dominus
692 4047 748 4099 in
774 4048 1084 4119 Evangeliis
1105 4048 1238 4103 dicit
1262 4064 1274 4100 :
1331 4047 1462 4103 Cum
1499 4051 1718 4118 spiritus
1741 4051 1845 4104 im-

266 4139 493 4191 mundus
537 4139 720 4192 exierit
748 4139 814 4193 ab
839 4141 1067 4206 homine,
1102 4150 1331 4194 assumet
1355 4141 1486 4195 alios
1515 4151 1710 4211 septem
1734 4145 1834 4212 spi-

267 4229 424 4294 ritus,
455 4231 727 4299 nequiores
747 4247 822 4296 se,
851 4239 900 4284 et
923 4229 1133 4283 habitat
1157 4233 1213 4284 in
1241 4232 1466 4298 homine,
1501 4234 1650 4302 cujus
1677 4235 1848 4288 novis-

263 4322 403 4375 sima
460 4331 583 4375 sunt
621 4323 882 4376 deteriora
929 4323 1190 4393 prioribus
1217 4323 1281 4378 ⁸⁸.
1323 4323 1386 4378 Hi
1420 4333 1598 4379 autent
1623 4325 1847 4394 spiritus

264 4427 452 4468 veram
511 4422 713 4470 terram
739 4414 1067 4484 promissam
1118 4415 1220 4483 ipsi
1251 4417 1504 4483 Abrahae,
1534 4417 1588 4472 id
1615 4428 1697 4472 est
1716 4434 1847 4488 gen-

265 4506 406 4559 tium
456 4506 828 4561 baneditatem
887 4507 1256 4576 possidebant,
1309 4509 1408 4578 ipsi
1459 4511 1602 4564 enim
1640 4510 1844 4565 dictum

263 4607 353 4650 est
404 4613 420 4649 :
475 4597 614 4663 Quia
669 4609 875 4666 patrem
926 4598 1217 4652 multarum
1266 4601 1498 4672 gentium
1525 4603 1676 4670 posui
1703 4611 1751 4656 te
1776 4603 1844 4655 “.

263 4688 498 4754 Quando
516 4689 725 4761 Moyses
748 4700 803 4746 et
829 4691 1030 4756 Aaron,
1057 4692 1139 4745 lex
1166 4691 1420 4746 videlicet
1463 4701 1518 4747 et
1544 4693 1845 4762 prophetae,

227 4851 229 4853 ι
268 4782 466 4834 horum
495 4781 640 4834 enim
670 4782 894 4853 figuram
943 4785 996 4838 hi
1049 4793 1264 4855 gerunt,
1317 4785 1441 4855 quia
1467 4786 1646 4839 Aaron
1702 4785 1849 4858 Moy-

266 4887 414 4937 seos,
451 4873 546 4940 qui
596 4873 822 4944 ﬁguram
876 4875 1008 4946 legis
1031 4877 1168 4946 gerit
1216 4879 1481 4947 propheta
1503 4892 1623 4932 esse
1670 4877 1848 4932 dictus

265 4973 372 5029 est,
405 4964 632 5035 ingressi
663 4966 865 5020 fuerint
890 4966 1033 5021 inter
1071 4977 1282 5039 gentes,
1310 4978 1442 5022 tunc
1469 4984 1568 5039 per
1592 4983 1688 5024 eos
1703 4969 1852 5023 Deus

267 5055 613 5123 tyrannidem
641 5057 949 5112 obtinentes
977 5059 1032 5111 in
1058 5059 1333 5128 gentibus,
1362 5059 1454 5127 qui
1484 5067 1616 5113 sunt
1649 5058 1852 5112 intelli-

266 5144 481 5214 gibiles,
510 5144 848 5201 Cliananaaos
873 5148 1162 5218 prmdictos
1184 5148 1400 5218 expellit
1431 5149 1658 5218 spiritus
1686 5165 1698 5200 :
1728 5164 1854 5218 pos-

265 5236 572 5291 sessionem
596 5240 941 5308 autem'legis
964 5250 1020 5294 et
1045 5242 1458 5311 prophetarum,
1487 5250 1542 5296 et
1571 5241 1689 5295 haec
1713 5257 1855 5310 pra:-

264 5327 570 5381 dicantium
598 5329 715 5398 ipse
735 5345 855 5385 esse
882 5332 1130 5385 concedit
1154 5342 1362 5402 gentes,
1397 5331 1489 5401 qui
1515 5347 1606 5386 eas
1634 5332 1854 5403 proprio

266 5417 557 5488 sanguine,
588 5427 697 5473 tam
730 5435 828 5491 per
854 5423 1182 5477 oblationem
1212 5423 1662 5494 regenerationis,
1686 5440 1848 5494 quam

267 5510 690 5565 renovationem
719 5514 890 5567 sancti
929 5513 1184 5582 Spiritus,
1210 5531 1370 5584 quem
1408 5513 1602 5568 etIndit
1634 5515 1850 5569 abunde
1893 5528 1896 5532 λ

343 5706 387 5735 ⁸³
421 5703 562 5759 Psul.
595 5722 756 5771 exui,
787 5709 837 5760 7.
935 5706 980 5738 ⁸⁸
1007 5706 1143 5760 Osee
1167 5723 1239 5771 tv,
1265 5708 1349 5761 M.

272 5773 367 5839 43,
397 5777 484 5828 ii.
563 5777 607 5806 δ’
640 5778 777 5830 Gen.
814 5793 946 5840 xm,
981 5780 1028 5830 t.
1109 5778 1153 5807 7°
1185 5777 1285 5831 lsa.
1330 5794 1474 5842 xxvi,
1509 5777 1593 5830 15.

1449 5707 1492 5738 ⁸⁵
1533 5706 1689 5761 Rom.
1731 5721 1804 5762 xi.
1843 5706 1896 5758 8.

1672 5778 1712 5807 τι
1745 5776 1904 5828 llom.
1939 5791 2048 5840 xvi,
2088 5775 2169 5828 l9.

1948 545 2250 609 viebamus,
2278 554 2336 600 ut
2366 555 2419 600 et
2449 545 2503 599 hi
2530 545 2622 614 qui
2665 560 2730 599 ex
2781 545 3075 615 generibus
3126 555 3273 610 sunt,
3323 544 3534 614 possint

1950 635 2103 691 Isaiae
2130 636 2415 691 Canticum
2433 636 2615 690 dicere
2646 652 2660 688 :
2689 635 2914 689 Damine
2940 637 3079 692 Deus
3117 646 3310 701 noster,
3357 651 3533 705 posse—

1949 730 2134 782 derunt
2164 744 2254 782 nos
2280 729 2481 780 domini
2513 728 2705 797 absque
2723 736 2793 790 te,
2821 737 3031 783 tantum
3053 729 3107 781 in
3131 738 3177 782 te
3197 728 3532 781 recordemur

1950 821 2174 874 nominis
2200 822 2276 873 tui
2302 821 2366 871 7°.
2391 818 2741 890 Quaacunque
2773 829 2954 874 autem
2985 820 3103 890 ejus
3129 821 3407 890 possessio
3423 829 3528 885 est,

1949 911 2113 965 etiam
2139 927 2418 966 servorum
2467 912 2950 981 ministrorumque
2978 913 3098 981 ejus
3127 912 3317 981 procul
3360 911 3532 966 dubio

1949 1011 2052 1054 est.
2081 1001 2220 1072 Ergo
2247 1003 2462 1072 quando
2487 1003 2770 1073 propheta:
2817 1013 2869 1056 et
2891 1001 2975 1056 lex
3004 1002 3057 1056 in
3087 1002 3330 1073 gentium
3354 1001 3527 1055 haere-

1949 1091 2174 1148 ditatem
2224 1093 2455 1163 ingressi
2509 1093 2732 1156 fuerint,
2783 1093 3156 1147 ministrantes
3207 1092 3530 1162 evangelicae

1948 1185 2345 1256 praedicationi,
2397 1195 2454 1240 et
2504 1201 2568 1240 ea
2619 1202 2740 1255 qua:
2785 1201 2933 1239 nunc
2982 1186 3050 1239 de
3101 1183 3533 1254 intelligibilibus

1949 1277 2205 1334 domibus
2231 1279 2374 1334 dicta
2403 1287 2551 1345 sunt,
2581 1293 2844 1349 apparere
2870 1277 3174 1346 potuerint.

2022 1392 2126 1447 Ibit
2154 1393 2304 1463 cujus
2329 1403 2404 1446 est
2432 1394 2636 1455 domus,
2673 1391 2922 1445 nitntians
2940 1390 3227 1455 sacerdoti,
3263 1399 3314 1443 et
3344 1390 3482 1445 dicet
3509 1406 3532 1446 :

1951 1484 2116 1549 Quasi
2143 1484 2302 1556 plaga
2341 1485 2498 1554 lepra:
2522 1486 2726 1538 videtur
2793 1483 2919 1535 mihi
2972 1499 3078 1535 esse
3096 1482 3149 1534 in
3187 1483 3342 1534 domo
3388 1496 3530 1535 mea.

1950 1578 2083 1644 Quae
2108 1578 2254 1634 enim
2283 1588 2411 1634 sunt
2436 1576 2747 1632 domestica:
2787 1575 3065 1639 Ecclesitc,
3127 1582 3187 1628 ut
3244 1582 3533 1644 propterea

1951 1669 2093 1725 dicat
2125 1685 2140 1723 :

2026 1800 2133 1856 Ibit
2173 1803 2325 1871 cujus
2353 1803 2664 1856 estdomus.
2713 1800 3012 1862 Audiamus
3059 1797 3288 1852 Paulum
3340 1795 3534 1850 dicen-

1955 1901 2060 1948 tem
2093 1909 2105 1944 :
2157 1891 2400 1947 Salutate
2429 1891 2693 1957 Priscum,
2723 1902 2772 1946 et
2818 1892 3089 1962 Aquilam,
3117 1899 3164 1942 et
3191 1888 3535 1948 domesticam

1952 2001 2132 2038 eorum
2183 1985 2455 2039 ecclesiam
2477 1986 2542 2038 τί.
2573 1984 2674 2050 Qui
2729 1999 2858 2054 ergo
2886 1983 3014 2038 huic
3053 1990 3270 2052 praeest,
3293 1980 3340 2034 si
3368 1979 3536 2040 sentit

1951 2073 2156 2144 lepram
2179 2074 2594 2146 intelligibilcm,
2650 2075 2702 2128 id
2740 2081 2842 2132 est.
2872 2074 2913 2127 si
2944 2071 3096 2125 mala:
3123 2081 3177 2125 et
3203 2070 3384 2141 impia:
3435 2069 3533 2126 d0-

1950 2169 2138 2224 ctrinae
2191 2183 2415 2224 sensum
2451 2167 2762 2237 quempiam
2801 2163 3312 2235 comprehenderit:
3335 2161 3534 2216 timens

1948 2279 2018 2319 ne
2045 2263 2147 2318 hoc
2173 2263 2317 2334 quod
2338 2263 2547 2318 studuit
2572 2263 2639 2316 ad
2659 2260 2947 2331 justitiam,
2969 2258 3058 2314 ﬁat
3084 2259 3131 2312 ei
3155 2257 3220 2312 ad
3241 2255 3531 2326 judiciumv

1947 2357 2132 2413 veniat
2150 2357 2219 2411 ad
2247 2356 2607 2420 sacerdotem,
2661 2353 2753 2422 qui
2805 2352 3116 2406 discernere
3169 2356 3366 2419 potest,
3414 2346 3534 2416 ipse

1947 2449 2095 2503 enim
2120 2463 2234 2502 non
2262 2447 2510 2502 absolute
2549 2444 2803 2500 sacerdos
2844 2451 2948 2508 est,
2982 2441 3128 2510 quod
3178 2437 3532 2494 manifestum

1947 2549 2032 2596 est
2058 2557 2127 2596 ex
2152 2539 2240 2594 his
2259 2555 2388 2609 quae
2424 2554 2617 2596 rursus
2643 2539 2843 2592 Paulus
2881 2535 2948 2590 ad
2974 2535 3326 2590 Colosseuses
3357 2531 3535 2601 scrip-

1947 2633 2020 2690 sit
2047 2649 2062 2686 :
2091 2632 2333 2689 Salutate
2356 2631 2691 2700 Nympham,
2733 2639 2780 2683 et
2827 2629 3164 2688 domesticam
3208 2626 3324 2696 ejus
3372 2624 3537 2685 eccle-
3593 2688 3595 2690 η

1946 2725 2179 2779 siam".
2241 2722 2380 2789 Quia
2434 2721 2590 2776 multi
2655 2731 2880 2790 propter
2929 2721 3103 2774 zelum
3172 2727 3228 2773 et
3276 2717 3535 2786 pietatem

1948 2818 2211 2874 ecclesias
2239 2815 2567 2872 domesticas
2595 2814 3014 2876 constituentes,
3064 2811 3119 2865 in
3149 2811 3230 2865 eis
3280 2809 3535 2868 doctores

1947 2910 2280 2975 divinorum,
2309 2908 2716 2976 ministrosque,
2743 2920 2956 2960 necnon
2987 2904 3052 2958 ad
3087 2901 3535 2960 communionem

1949 3011 2117 3072 atque
2146 3001 2566 3058 exsultationem
2608 3014 2795 3057 eorum
2824 2999 3238 3059 convenientes,
3267 2993 3535 3063 suscipie-

1949 3093 2102 3149 bant.
2143 3094 2194 3148 Is
2238 3108 2368 3164 ergo
2418 3092 2511 3162 qui
2540 3089 2983 3160 hujusmodiest,
3030 3087 3130 3158 ibit
3157 3086 3226 3140 ad
3282 3099 3408 3142 eum
3435 3085 3530 3155 qui

1951 3186 2066 3240 veri
2093 3184 2382 3242 sacerdotii
2409 3185 2633 3253 ﬁguram
2659 3181 2816 3252 gerit,
2845 3180 3035 3251 quales
3061 3180 3284 3234 fuerunt
3308 3177 3532 3243 Petrus,

1949 3281 2036 3336 vel
2077 3280 2300 3344 Paulus,
2331 3277 2418 3331 vel
2459 3275 2800 3339 Timotheus,
2862 3273 3158 3342 canorique
3206 3272 3300 3342 qui
3341 3287 3534 3330 eorum

1950 3372 2256 3427 doctrinam
2301 3370 2645 3436 virtutesque
2675 3366 3078 3428 custodierunt,
3133 3362 3536 3434 irreprebensio

1949 3465 2087 3519 biles
2116 3469 2524 3533 permanentes.
2547 3458 2762 3530 Oportet
2794 3458 2932 3511 enim
2979 3458 3281 3527 episcopum
3307 3457 3540 3524 irrepre-

1949 3553 2245 3609 hensibilem
2279 3570 2386 3630 esse
2412 3553 2480 3616 ⁷³,
2516 3560 2576 3606 ut
2611 3561 2901 3621 propterea
2929 3548 3104 3620 possit
3153 3548 3335 3602 aliena
3387 3544 3538 3615 judi-

1950 3663 2076 3703 care
2097 3655 2342 3717 peccata.
2393 3645 2459 3700 Et
2487 3646 2680 3700 dicet:
2716 3643 2881 3708 Quasi
2927 3642 3086 3710 plaga
3121 3641 3282 3709 lepra:
3328 3640 3536 3693 videtur

1949 3738 2078 3793 mihi
2102 3753 2213 3792 esse
2238 3738 2293 3789 in
2318 3738 2493 3800 domo,
2531 3735 2583 3788 id
2611 3740 2715 3797 est,
2741 3747 2934 3786 sensus
2964 3729 3144 3798 impia:
3168 3729 3430 3783 doctrinae
3475 3724 3530 3779 in

1949 3845 2070 3885 mea
2101 3829 2400 3884 domestica
2435 3834 2661 3895 apparet
2707 3822 2972 3878 Ecclesia.
3016 3821 3082 3874 At
3119 3819 3206 3875 ille
3235 3816 3532 3886 prwcipiet,

1948 3931 2005 3977 ut
2025 3920 2536 3992 anferantuniversn
2571 3918 2636 3970 de
2668 3917 2860 3979 domo;
2893 3913 3007 3967 sive
3053 3920 3114 3967 ut
3167 3909 3309 3965 LXX
3337 3909 3532 3975 edunt,

1949 4013 2020 4067 Et
2044 4012 2313 4082 prazcipiet
2341 4009 2587 4064 sacerdos
2613 4009 2845 4076 detegere
2865 4006 3100 4064 domum,
3131 4011 3181 4056 et
3202 4018 3306 4054 non
3328 3999 3533 4070 ﬂorebit

1949 4108 2000 4160 in
2035 4121 2241 4160 onmem
2297 4105 2544 4165 domum;
2596 4099 2652 4154 id
2706 4106 2847 4153 est:
2911 4094 3193 4164 Praecipiet
3275 4093 3534 4148 recedere

1947 4209 2168 4251 omnem
2202 4191 2462 4263 populum
2486 4189 2578 4260 qui
2622 4189 2675 4242 in
2711 4203 2776 4242 ea
2805 4185 3178 4256 colligebatur.
3208 4181 3307 4238 Hie
3335 4192 3419 4237 est
3453 4192 3534 4236 te-

1949 4297 2097 4342 ctum
2129 4285 2342 4348 domus,
2375 4283 2491 4337 sive
2521 4281 2876 4342 instructura,
2911 4277 3212 4332 secundum
3242 4274 3386 4345 quod
3418 4275 3530 4328 fre-

1949 4388 2179 4449 quenter
2207 4375 2565 4431 ostendimus.
2599 4371 2888 4428 Discedere
2917 4378 3098 4424 autem
3133 4382 3228 4424 eos
3253 4365 3528 4436 praecepit,

1877 4478 1921 4534 ι)
1952 4471 2003 4525 id
2055 4478 2140 4525 est
2205 4483 2372 4538 opere
2413 4465 2727 4530 ostendere,
2783 4462 2927 4533 quod
2985 4460 3151 4516 alieni
3183 4457 3529 4519 sintamalo,

1955 4563 2100 4634 quod
2132 4560 2382 4632 apparuit
2422 4559 2478 4613 in
2513 4556 2776 4620 Ecclesia,
2845 4562 2901 4608 et
2955 4567 3065 4607 non
3129 4550 3536 4606 communicent

1955 4670 2154 4726 paenae,
2184 4669 2306 4724 quae
2336 4661 2422 4706 est
2444 4649 2625 4719 impiis
2673 4645 2990 4717 ingerenda.
3029 4642 3261 4714 Propter
3284 4643 3428 4713 quod
3479 4651 3535 4696 et

1954 4749 2184 4818 Moyses,
2213 4744 2431 4815 quando
2479 4742 2686 4798 Datban
2715 4749 2771 4795 et
2827 4740 3033 4794 Abiron
3077 4737 3145 4792 ad
3200 4738 3535 4806 puniendum

1957 4850 2120 4910 atque
2143 4836 2564 4894 discernendum
2587 4834 2924 4889 deducturus
2953 4840 3090 4895 erat,
3115 4831 3372 4885 recedere
3411 4829 3538 4884 reli-

1956 4947 2118 5002 quam
2149 4928 2575 4990 multitudinem,
2612 4934 2673 4980 ut
2717 4940 2823 4979 non
2857 4923 3153 4994 participes
3190 4920 3540 4976 edicerentur

1953 5038 2148 5093 poenae,
2191 5021 2452 5090 praecepit
2483 5035 2495 5070 :
2531 5019 2634 5073 hoc
2661 5025 2746 5072 est
2773 5017 2919 5071 enim
2955 5016 3100 5086 quod
3134 5016 3212 5069 ait
3253 5030 3267 5065 :

2025 5136 2105 5190 Ne
2124 5133 2396 5188 immunda
2432 5132 2567 5202 ﬁant
2595 5131 2772 5184 omnia
2837 5146 2953 5200 qua:
2986 5130 3038 5182 in
3062 5129 3214 5181 domo
3244 5134 3385 5180 sunt.
3443 5124 3539 5179 In-

1957 5229 2222 5298 trabitque
2253 5235 2430 5295 postea
2467 5225 2605 5278 idem
2626 5224 2890 5287 sacerdos,
2923 5231 2980 5274 ut
3029 5221 3318 5274 consideret
3352 5218 3539 5270 domus

1962 5322 2185 5392 lepram.
2219 5320 2421 5374 Etcum
2442 5318 2630 5371 viderit
2663 5319 2719 5370 in
2741 5316 3030 5387 parietibus
3059 5313 3224 5377 illius,
3248 5311 3401 5381 quasi
3424 5308 3540 5362 val-

1962 5415 2170 5478 liculas,
2201 5413 2407 5483 pallore
2428 5415 2531 5467 sive
2550 5412 2740 5465 rubore
2757 5410 3036 5478 deformes.
3068 5405 3310 5459 Parietes
3345 5402 3542 5458 domus

1962 5514 2110 5561 recte
2141 5506 2397 5560 dicuntur
2423 5505 2477 5559 hi
2503 5503 2592 5574 qui
2622 5519 2740 5557 eam
2777 5500 3082 5562 continent,
3108 5497 3158 5551 id
3193 5505 3298 5560 est,
3320 5494 3542 5548 ordines

2641 5700 2684 5731 "
2714 5699 2729 5751 I
2763 5697 2890 5751 Cor.
2929 5713 2979 5761 ν,
3009 5695 3060 5749 5.
3139 5695 3184 5727 ⁸⁸
3217 5694 3404 5749 Matth.
3440 5709 3538 5762 stt,

2005 5705 2048 5735 “
2085 5704 2312 5757 Zachar.
2343 5719 2438 5765 vn,
2475 5701 2560 5754 11.
2641 5701 2684 5731 ⁸⁷
2714 5701 2729 5751 1
2763 5701 2890 5751 Cor.
2929 5713 2979 5761 v,
3009 5701 3060 5749 5.
3139 5701 3184 5727 ⁸⁸
3217 5701 3375 5749 Matth

2013 5791 2047 5822 ι-
2088 5775 2169 5822 19.
2283 5774 2328 5805 ⁷¹
2363 5773 2566 5822 (Iuloss.
2609 5787 2682 5822 Iv.
2727 5769 2811 5822 15.
2928 5767 3010 5819 ⁷³1
3054 5765 3190 5820 Tim.
3226 5767 3375 5822 nu?

3101 5781 3190 5820 ιω.
3226 5781 3318 5824 III.
3341 5781 3398 5822 ‘Z.

2283 5774 2328 5805 ⁷¹
2363 5773 2566 5827 Coloss.
2609 5787 2682 5832 Iv,
2727 5769 2811 5823 15.
