3988 6222
519 317 624 382 963

1718 316 2083 378 HESYCIIII
2123 305 2597 378 PRESBYTERI

3678 313 3775 379 965

521 423 702 478 divina
731 419 1030 476 dicentium
1048 429 1212 490 atque
1241 417 1574 475 docentium.
1645 417 1723 473 Ex
1762 419 1847 475 his
1897 419 2100 490 quippe
2129 423 2173 480 Α
2202 420 2399 489 quibus
2427 419 2647 490 quando
2685 433 2854 476 sacrae
2875 420 3138 476 doctrinae
3156 433 3304 488 sunt,
3346 437 3457 478 non
3490 422 3774 494 incongrue

521 528 648 568 vere
677 511 928 567 consistit
992 510 1258 576 Ecclesia,
1301 521 1356 566 et
1405 527 1513 566 non
1550 511 1694 567 sicut
1727 511 1948 581 quidam
1996 526 2100 580 pu-

522 613 656 668 tant,
691 619 758 658 ex
798 603 956 671 lignis
996 613 1160 674 atque
1191 604 1483 674 lapidibus.
1538 605 1692 660 Unde
1756 612 1812 658 et
1866 603 2098 674 Moyses,

517 695 737 764 quando
765 695 1020 764 colligere
1076 696 1374 765 jubebatur
1427 696 1751 760 Ecclesiam,
1793 712 1904 750 non
1934 697 2100 766 ligna,

517 795 571 840 et
608 785 834 855 lapides,
860 794 1166 855 czeteraque
1197 786 1416 848 similia,
1445 787 1540 842 sed
1569 787 1805 856 plebem,
1835 786 2099 850 seniores,

519 876 846 946 Levitasque
873 878 1232 932 convocabat.
1264 878 1576 932 Secundum
1613 894 1775 947 quam
1814 878 1978 933 etiam
2015 893 2104 930 ra-

521 968 748 1030 tionem,
777 966 1041 1032 Jacobus,
1089 977 1144 1022 et
1177 969 1410 1037 Ceplias,
1442 979 1496 1023 et
1548 967 1790 1024 Joannes
1839 969 2104 1024 columnae

520 1061 778 1115 Ecclesiae
809 1061 1161 1115 dicebantur.
1214 1061 1355 1131 Ergo
1386 1063 1626 1131 parietes
1667 1070 1816 1116 recte
1870 1061 2102 1115 ministri

519 1168 823 1216 sacrorum,
852 1153 1264 1223 doctoresque:
1333 1163 1524 1224 utpote
1593 1155 1695 1224 ipsi
1751 1155 2104 1209 stabilitatem

522 1245 781 1299 Ecclesiae
804 1244 1096 1300 lulcientes
1154 1255 1213 1299 ut
1245 1245 1458 1315 plebem
1511 1247 1913 1314 quodammodo
1965 1246 2107 1300 intra

522 1339 849 1408 semetipsos
885 1339 1222 1409 colligentes.
1253 1339 1469 1393 Pallens
1484 1348 1688 1409 autem,
1725 1354 1821 1394 seu
1857 1348 1914 1393 ut
1943 1337 2103 1402 LXX,

521 1429 786 1492 viridans,
811 1438 865 1484 et
891 1429 1198 1484 rubicunda
1225 1430 1437 1484 macula
1463 1423 1639 1500 qualis
1660 1445 1848 1500 quteve
1868 1431 1957 1495 sit,
1978 1429 2108 1484 satis

524 1520 915 1590 interpretatio
950 1521 1313 1590 praecedentis
1335 1520 1634 1575 sanctionis
1665 1521 1927 1575 ostendit.
1974 1520 2108 1573 Esse

519 1612 667 1666 enim
709 1613 852 1666 illam
885 1629 1076 1666 vanam
1131 1615 1358 1682 gloriam
1422 1622 1586 1683 atque
1643 1613 1957 1684 superbiam
2015 1612 2109 1667 de—

521 1704 870 1755 monstravit.
905 1702 978 1755 Ex
1007 1702 1206 1770 quibus
1274 1704 1509 1757 maxime
1576 1703 1818 1772 parietes
1852 1702 2110 1757 Ecclesiae

521 1808 825 1863 corpusque
880 1809 1037 1858 sacra
1106 1795 1534 1849 ministrantium
1590 1796 1985 1864 doctorumque
2041 1793 2110 1847 ad

521 1886 692 1939 malas
753 1901 817 1939 ac
870 1885 1126 1951 nefarias,
1158 1885 1464 1956 impiasque
1516 1886 1796 1940 doctrinas
1860 1900 2112 1954 prorum-

521 1987 680 2048 punt.
736 1978 789 2032 Si
820 1994 951 2048 ergo
1011 1988 1292 2049 aspectum
1336 1979 1625 2048 parietum,
1687 1979 1966 2032 vallieulas
2015 1992 2112 2032 seu

521 2071 694 2125 fossas
727 2071 1040 2137 habentem,
1076 2073 1130 2126 id
1160 2083 1262 2138 est,
1297 2073 1342 2126 si
1403 2072 1693 2126 humiliora
1753 2086 1906 2126 sacra
1948 2070 2110 2122 mini-

519 2164 834 2229 strantium,
863 2164 944 2216 vel
984 2164 1366 2235 magistrorum
1422 2164 1764 2234 opinionem,
1820 2163 2111 2219 valescen-

523 2260 742 2320 temque
775 2252 1176 2320 quodammodo
1204 2268 1268 2306 ex
1304 2254 1705 2323 comprehenso
1731 2263 1956 2322 peccato
1981 2267 2108 2321 per-

520 2345 784 2412 spexerit,
821 2344 1141 2414 Egredietur
1167 2346 1358 2398 ostium
1415 2346 1621 2410 domus,
1662 2353 1710 2398 et
1745 2345 1928 2397 statim
1959 2343 2112 2397 clau-

521 2436 608 2490 det
637 2454 754 2490 eam
775 2447 972 2502 septem
997 2437 1198 2492 diebus.
1253 2439 1515 2492 Ecclesiae
1563 2439 1902 2492 moderatam
1961 2437 2114 2507 inge-

523 2545 650 2582 rens
675 2530 1138 2598 inerepationem,
1173 2547 1278 2600 qua
1339 2531 1677 2600 paenitentiae
1733 2531 1963 2600 percipit
2023 2546 2116 2586 ve-

523 2618 690 2683 niam,
727 2629 780 2673 et
806 2620 1130 2674 absolvitur.
1158 2622 1516 2690 Septenarius
1547 2637 1678 2692 ergo
1718 2637 1979 2676 numerus
1997 2636 2118 2692 pec-

523 2709 630 2762 cati
672 2711 886 2762 veniam
929 2711 1221 2780 significat.

597 2800 952 2870 Reversusque
978 2803 1061 2854 die
1101 2803 1321 2870 septima
1351 2803 1704 2856 considerabit
1738 2823 1855 2859 eant
1903 2807 1987 2859 :si
2036 2807 2118 2859 in-

525 2893 720 2945 venerit
739 2895 960 2946 crevisse
986 2893 1208 2961 lepram,
1230 2894 1432 2963 jubelrit
1461 2897 1574 2948 erui
1594 2896 1819 2964 lapides,
1851 2899 1905 2950 in
1929 2897 2116 2967 quibus

524 2981 672 3054 lepra
693 2994 791 3050 est,
815 2994 862 3038 et
885 2985 1077 3054 projici
1099 3002 1185 3038 eos
1215 2997 1364 3039 extra
1391 2987 1654 3040 civitatem
1685 2989 1738 3040 in
1755 2988 1867 3042 loco
1885 2988 2117 3041 immun-

2204 510 2404 564 dicitur
2448 530 2458 564 :
2502 509 2726 581 Lapides
2751 515 2922 566 sancti
2958 513 3236 568 volvuntur
3284 531 3442 584 super
3497 524 3689 571 terram
3710 518 3774 573 ⁷⁸.

2207 601 2270 655 Et
2297 619 2486 657 rursus
2523 620 2537 655 :
2567 602 2873 674 Quicunque
2907 606 3245 674 aediﬁcaverit
3275 623 3434 676 super
3471 608 3774 678 fundante».

2207 702 2316 747 tum
2342 697 2436 748 hoc
2464 713 2680 760 aurum,
2703 707 3002 767 argentum,
3039 697 3240 766 lapides
3269 700 3596 768 pretiosos."
3618 703 3633 720 '
3655 700 3775 756 Pul-

2206 803 2389 840 verem
2411 803 2542 842 vero
2567 803 2686 842 eam
2720 802 2840 858 quae
2882 789 3214 859 participalis
3243 802 3350 856 est,
3382 792 3774 862 interpretatio-

2206 893 2330 932 nem
2371 888 2532 948 atque
2566 880 2893 945 doctrinam,
2923 881 3040 950 ipse
3071 881 3280 952 Moyses
3312 883 3588 953 legislator
3617 883 3777 953 signi-

2210 971 2353 1036 ficat,
2385 972 2682 1026 secundum
2701 971 2861 1026 LXX.
2892 973 3122 1038 Quando
3151 990 3279 1044 ergo
3311 975 3776 1030 Deutcronomium

2208 1063 2332 1116 filiis
2365 1063 2533 1118 Israel
2563 1064 2778 1127 edebat,
2817 1065 2934 1120 haec
2965 1065 3032 1119 ad
3079 1081 3180 1119 nos
3227 1067 3444 1121 dicebat
3492 1082 3506 1117 :
3561 1067 3628 1120 Et
3690 1069 3776 1121 erit

2209 1168 2519 1222 quacunque
2564 1154 2648 1206 die
2673 1155 2993 1224 transgressi
3029 1156 3237 1226 fueritis
3294 1157 3542 1210 Jordanis
3571 1167 3776 1223 terram,

2209 1260 2369 1312 quam
2397 1241 2653 1298 Dominus
2683 1244 2818 1299 Deus
2849 1255 2968 1299 tuus
2988 1248 3154 1314 dabit,
3179 1257 3380 1301 statues
3409 1249 3780 1317 lapides-uran-

2209 1338 2295 1389 des
2317 1378 2330 1400 ,
2369 1346 2417 1390 et
2451 1336 2600 1391 linies
2637 1354 2721 1391 eos
2755 1337 3002 1407 pulvere,
3043 1349 3091 1392 et
3142 1340 3335 1394 scribes
3382 1357 3540 1408 super
3595 1341 3780 1411 lapides

2211 1443 2387 1480 omnes
2409 1443 2670 1481 sermones
2693 1427 2822 1498 legis
2866 1429 3023 1498 hujus
3053 1430 3116 1481 ⁷⁸.
3155 1428 3360 1484 Deinde
3407 1429 3650 1499 lapidum
3683 1431 3779 1484 vim

2213 1520 2454 1583 tradens,
2495 1520 2738 1589 apertius
2761 1519 2972 1574 addidit
3013 1538 3026 1573 :
3085 1519 3154 1572 Et
3177 1521 3368 1574 scribes
3396 1537 3553 1588 super
3597 1521 3782 1590 lapides

2210 1625 2414 1662 omnem
2447 1609 2609 1680 legem
2646 1611 2780 1664 lianc
2811 1623 2936 1680 apte
2995 1613 3170 1665 nimis.
3208 1611 3372 1682 Lapis
3397 1623 3580 1667 autem
3625 1615 3782 1683 legem

2212 1717 2322 1756 non
2351 1702 2624 1771 explanat,
2649 1703 2742 1757 sed
2771 1703 3068 1772 explanant
3100 1719 3220 1758 eam
3248 1705 3642 1774 exponendum
3661 1707 3780 1774 dog-

2212 1805 2355 1850 mata
2389 1806 2554 1867 atque
2599 1807 2998 1867 syngrammata
3049 1812 3114 1852 ac
3155 1798 3490 1866 participalis
3521 1797 3781 1867 interpre-

2212 1888 2382 1942 tatio:
2411 1904 2643 1958 quorum
2681 1890 2782 1944 boc
2807 1890 3027 1959 quidem
3060 1907 3156 1960 per
3182 1891 3410 1960 lapides,
3439 1891 3586 1944 aliud
3619 1901 3781 1944 autem

2211 1994 2309 2048 per
2331 1979 2608 2048 pulverem
2641 1980 2983 2051 signiﬁcavit.
3015 1981 3168 2036 Unde
3193 1991 3249 2036 et
3280 1981 3542 2036 Dominus
3577 1993 3782 2050 aposto-

2217 2070 2286 2123 lis
2313 2071 2592 2140 praecepit,
2626 2080 2686 2125 ut
2713 2080 2903 2126 contra
2927 2087 3022 2128 eos
3051 2074 3142 2142 qui
3168 2088 3277 2126 non
3311 2073 3657 2142 susciperent
3678 2090 3783 2127 ver-

2212 2161 2342 2216 bum
2367 2179 2554 2216 eorum
2587 2173 2749 2234 atque
2775 2165 3102 2230 doctrinam,
3126 2166 3289 2220 etiam
3323 2166 3607 2236 pulverem
3637 2181 3786 2220 excu-

2217 2262 2392 2308 terent
2423 2256 2621 2324 pedum
2655 2274 2669 2309 ε
2706 2254 3012 2327 Quicunque
3035 2273 3139 2310 non
3194 2257 3482 2327 receperint
3537 2272 3649 2321 vos,
3707 2271 3785 2310 nec

2214 2347 2501 2413 audierint,
2535 2357 2778 2401 exeuntes
2807 2349 2925 2402 inde
2945 2349 3171 2403 excutite
3192 2348 3454 2417 pulverem
3492 2349 3555 2401 de
3585 2348 3787 2417 pedibus

2214 2440 2420 2504 vestris,
2457 2441 2514 2493 in
2548 2441 2902 2494 testimonium
2933 2440 3040 2494 illis
3067 2442 3135 2495 ⁷⁷.
3200 2440 3356 2514 Quod
3388 2441 3445 2494 in
3493 2439 3583 2494 his
3624 2441 3786 2510 verbis

2215 2532 2625 2602 praecipientem
2654 2531 2946 2587 Dominum
2974 2532 3188 2587 Marcus
3224 2531 3412 2599 rel‘crt,
3460 2533 3592 2603 quia
3657 2533 3787 2588 enim

2215 2625 2404 2693 pedes,
2446 2626 2794 2696 evangelicos
2832 2625 2999 2679 libros
3025 2640 3143 2692 eos,
3189 2626 3336 2694 quod
3394 2626 3450 2680 in
3509 2627 3645 2696 ipsis
3699 2627 3787 2680 iter

2217 2713 2468 2768 doctores
2491 2724 2676 2784 agant,
2699 2715 2882 2769 divina
2907 2715 3156 2786 intelligit
3186 2715 3489 2786 Scriptura,
3524 2718 3674 2771 unde
3695 2718 3785 2771 ait:

2217 2805 2387 2870 Quam
2413 2808 2632 2876 speciosi
2664 2810 2816 2878 pedes
2843 2808 3319 2879 euangelizandum
3349 2811 3788 2878 pacein75.ltecle

2219 2900 2502 2970 pulverem
2528 2902 2630 2956 sub
2657 2901 2824 2971 pedes
2838 2917 3052 2970 eorum,
3072 2903 3513 2973 evangelicorum
3536 2903 3789 2958 librorum

2220 2992 2470 3046 videlicet
2509 2993 3037 3062 interpretationem,
3070 3004 3294 3064 propter
3324 2994 3548 3048 nimiam
3579 2995 3789 3062 accepit

525 3075 612 3127 do.
682 3075 750 3128 Et
786 3074 909 3138 hoc,
967 3075 1092 3143 quia
1122 3074 1373 3129 diﬂusam
1407 3075 1676 3130 maculam
1725 3093 1836 3132 non
1890 3077 2116 3142 invenit.
2146 3092 2188 3150 c
2222 3086 2597 3141 subtilitatem.
2624 3086 2856 3157 Lapides
2884 3103 3016 3158 ergo
3042 3080 3211 3152 eradi,
3245 3096 3301 3148 et
3326 3087 3608 3156 pulverem
3640 3086 3790 3140 alium

527 3181 631 3220 nec
659 3165 1053 3220 exuberantem
1126 3166 1489 3237 impietatem,
1527 3168 1580 3223 id
1626 3177 1734 3236 est,
1769 3169 1856 3224 bis
1892 3170 2112 3238 quidem

527 3257 619 3327 qui
645 3265 1034 3326 peccaverunt,
1052 3267 1240 3327 utpote
1274 3259 1694 3328 paenitentibus,
1718 3261 1950 3332 ignoscit
1976 3271 2030 3318 et
2059 3272 2116 3318 ut

527 3364 594 3402 ex
622 3348 936 3403 infirmitate
965 3351 1342 3420 peccantibus.
1407 3354 1661 3422 Dogmata
1707 3364 1889 3407 autem
1917 3361 1972 3408 et
1999 3370 2117 3424 syn-

529 3449 850 3509 grammata,
885 3441 941 3493 in
970 3441 1166 3510 quibus
1195 3451 1279 3496 est
1318 3442 1674 3513 intelligibilis
1725 3445 1906 3515 leprte,
1926 3445 2117 3500 videli-

529 3539 618 3584 cet
646 3531 944 3599 impietatis
975 3533 1208 3598 macula,
1262 3534 1379 3589 haac
1425 3550 1537 3588 non
1588 3535 1764 3590 solum
1821 3547 1975 3591 extra
2017 3538 2116 3591 do-

527 3637 701 3688 mum,
743 3625 836 3676 sed
868 3632 1018 3676 extra
1055 3624 1329 3679 civitatem
1356 3636 1500 3680 recte
1525 3628 1840 3696 projiciunt,
1876 3644 1989 3683 non
2025 3644 2116 3683 so-

529 3713 640 3767 lum
668 3714 734 3766 de
759 3731 865 3767 una
899 3713 1162 3780 Ecclesia,
1191 3717 1286 3771 sed
1323 3718 1391 3772 de
1451 3718 1747 3774 universali
1811 3721 2112 3790 ejicientes.

534 3803 877 3860 Universalis
921 3807 1067 3860 enim
1114 3807 1355 3862 Ecclesia
1404 3809 1710 3865 Jerusalem
1766 3821 1869 3874 est,
1927 3813 2118 3868 civitas

531 3897 624 3951 Dei
651 3898 779 3962 vivi,
821 3914 943 3967 quae
969 3901 1216 3954 continet
1243 3902 1539 3956 Ecclesiam
1570 3903 1968 3973 primitivorum
1982 3923 2117 3960 con-

529 3987 787 4055 scriptam
815 3989 867 4040 in
902 3987 1146 4044 caelis“.
1200 3988 1568 4054 Quamobrem
1618 3995 1783 4047 etiam
1833 3995 1886 4048 in
1938 3997 2115 4051 lovum

531 4079 872 4134 immundum
900 4081 1218 4152 projiciunt,
1242 4083 1386 4138 inter
1441 4085 1831 4141 haereticorum
1861 4089 2120 4144 videlicet

529 4171 1070 4226 conventicula:bic
1094 4183 1178 4252 est
1199 4175 1346 4227 enim
1404 4174 1576 4242 locus,
1599 4177 1934 4245 immundus,
1993 4180 2118 4250 quia

530 4261 715 4314 omnia
761 4260 956 4329 recipit
1024 4263 1276 4334 dogmata
1341 4264 1658 4334 impietatis.
1707 4267 1772 4322 Et
1806 4269 1935 4338 quid
1995 4281 2118 4341 post

532 4350 648 4406 haec
661 4352 684 4404 ?

602 4445 829 4499 Domum
860 4455 1039 4500 autent
1070 4448 1239 4518 ipsam
1288 4450 1409 4502 radi
1436 4451 1757 4507 intrinsecus
1791 4471 1884 4522 per
1917 4457 2116 4510 circui-
2148 4432 2193 4487 Β

533 4544 666 4599 tum,
698 4551 745 4588 et
771 4539 953 4607 spargi
976 4539 1242 4606 pulverem
1276 4556 1480 4594 rasura:
1513 4553 1664 4596 extra
1701 4545 1904 4611 urbem,
1927 4548 1984 4599 in
2005 4547 2117 4602 loco

532 4628 821 4682 immundo.
859 4631 1074 4684 ltaduut
1107 4633 1348 4698 domum,
1400 4635 1494 4704 qui
1528 4635 1697 4691 libros
1716 4639 2120 4697 ecclesiasticos

535 4719 845 4790 intelligere
880 4729 1046 4790 atque
1073 4724 1390 4780 discernere
1433 4727 1708 4784 subtiliter
1751 4732 1992 4801 student,
2058 4745 2121 4791 ut

533 4810 636 4879 ipsi
667 4826 885 4864 omnem
914 4814 1179 4868 malitiam
1225 4817 1518 4887 diligenter
1543 4833 1975 4892 perscrutantes,
2033 4830 2118 4882 in-

534 4901 878 4972 sidentesque
907 4905 1158 4960 doctores
1177 4907 1232 4961 in
1270 4909 1455 4977 pravis
1477 4911 1650 4980 libris,
1691 4918 1899 4971 rosario
1919 4920 2118 4988 dijudi-

531 4994 766 5048 cationis
791 4996 1150 5064 excutientes,
1185 5000 1367 5055 nullas
1400 5001 1453 5054 in
1481 5017 1544 5057 ea
1585 5004 1885 5075 impietatis
1937 5012 2120 5066 sinant

533 5103 818 5140 remanere
846 5089 1104 5158 reliquias
1137 5108 1149 5144 :
1179 5092 1274 5146 sed
1312 5100 1366 5146 et
1395 5109 1516 5161 quae
1545 5095 1871 5164 abraserint,
1902 5101 2019 5157 haec
2063 5103 2120 5156 in

506 5179 854 5247 .prmdietum
891 5181 1234 5237 immundum
1266 5183 1468 5248 locum,
1499 5187 1642 5241 sicut
1673 5189 1951 5246 immunda
1983 5203 2038 5248 et
2063 5195 2120 5249 in

531 5266 829 5323 immundis
855 5271 1072 5325 inventa
1107 5283 1255 5326 recte
1301 5273 1613 5343 deportant,
1640 5278 1959 5351 lapidesque
1984 5285 2120 5340 alios

535 5363 724 5430 reponi
762 5380 858 5432 pro
890 5365 975 5419 his
1003 5367 1094 5436 qui
1131 5367 1293 5420 ablati
1326 5367 1564 5435 fuerant,
1605 5373 1792 5428 etluto
1829 5376 1935 5430 alio
1970 5378 2117 5434 liniri

535 5452 954 5524 domum.Quod
1005 5461 1214 5531 lapides
1275 5473 1526 5533 oporteat
1590 5467 1816 5539 intelligi
1865 5471 2117 5542 dogmata

538 5549 929 5612 exponentinm
957 5551 1200 5608 divinam
1255 5555 1431 5626 legem
1467 5566 1521 5609 et
1574 5570 1998 5629 syngrammata,
2050 5564 2118 5618 de

645 5683 690 5713 ’δ
721 5683 887 5738 Hebr.
946 5706 1042 5751 χιι,
1071 5690 1162 5755 Ξῖ,
1203 5692 1294 5744 23.

549 5691 690 5773 "'1‘
723 5691 898 5773 I‘lcbr;
946 5706 1042 5773 itii,
1071 5691 1162 5755 22,
1203 5692 1310 5773 Ti:
1392 5691 1689 5773 "_Za_char.
1727 5698 1918 5773 “3‘16.

610 5751 714 5806 lsa.
745 5769 838 5818 LII,
869 5757 930 5822 7;
966 5760 1119 5813 ltom.
1149 5751 1222 5828 'x,
1254 5763 1343 5815 15.

1453 5767 1638 5820 "Act.
1668 5783 1756 5833 xv,
1795 5768 1816 5820 1
1855 5785 2006 5839 seqq.

2023 5705 2084 5735 ⁷⁵·
2125 5701 2138 5754 l
2174 5704 2296 5757 Cor.
2336 5718 2422 5764 Ill,
2459 5703 2546 5758 12.

2219 3178 2409 3232 inferri
2444 3178 2652 3246 dicens,
2682 3188 2909 3250 purgata
2931 3180 3000 3234 ab
3033 3179 3181 3235 omni
3210 3179 3353 3234 malo
3383 3180 3660 3250 dogmata,
3717 3186 3791 3231 at-

2217 3287 2324 3340 que
2355 3271 2661 3327 doctrinam
2703 3289 2801 3342 pro
2849 3274 3007 3328 malis
3038 3273 3143 3328 illis
3171 3272 3384 3338 inferri,
3419 3283 3473 3326 et
3503 3272 3789 3327 Ecclesiam

2217 3350 2370 3418 liniri.
2385 3365 2503 3418 sine
2522 3364 2632 3421 ulla
2659 3364 2941 3420 dubietate
2969 3383 2982 3419 :
3037 3366 3141 3420 hoc
3161 3365 3309 3419 enim
3363 3365 3523 3419 nobis
3547 3365 3792 3420 conside—

2219 3457 2356 3510 ratio
2379 3455 2514 3526 legis
2545 3456 2826 3511 evidenter
2858 3457 3118 3512 ostendit.
3159 3457 3357 3511 Annon
3409 3467 3464 3512 et
3493 3456 3698 3512 Paulus
3725 3456 3792 3509 le-

2219 3565 2368 3619 pram
2393 3549 2705 3619 dogmatum
2730 3550 2787 3603 in
2827 3550 3143 3605 doctoribus
3174 3549 3531 3604 Antiocliente
3547 3564 3791 3612 cernens,

2216 3641 2420 3696 Jacobo
2460 3651 2648 3712 utpote
2682 3643 2956 3696 sacerdoti
3005 3658 3202 3713 magno
3249 3642 3522 3697 nuntiavit
3538 3644 3586 3674 ⁷³
3619 3641 3792 3707 ?Quia

2217 3735 2385 3788 erasis
2407 3751 2698 3803 pravorum
2733 3735 3018 3789 doctorum
3054 3735 3198 3789 notis
3237 3736 3610 3806 dogmatibus,
3643 3735 3789 3789 aufe-

2219 3841 2345 3879 rens
2386 3825 2591 3896 lapides
2619 3826 2671 3879 in
2702 3826 2819 3880 loco
2845 3842 3035 3880 eorum
3070 3841 3082 3877 :
3113 3827 3448 3881 rectissimas
3492 3825 3790 3894 Hierosoly-

2220 3917 2438 3972 niitanze
2478 3917 2722 3972 ecclesia:
2749 3918 2977 3981 litteras,
3005 3926 3060 3971 et
3094 3919 3374 3987 pulverem
3411 3935 3425 3970 :
3466 3933 3624 3972 suam
3654 3918 3791 3970 vide-

2220 4007 2343 4061 licet
2369 4007 2674 4062 doctrinam
2697 4009 2924 4073 addens,
2969 4010 3126 4062 unxit
3154 4008 3454 4064 Ecclesiam
3480 4011 3792 4077 curavitque

2219 4100 2360 4168 quod
2387 4100 2680 4154 acciderat.
2723 4099 2834 4154 Sed
2864 4117 2966 4156 nec
3009 4102 3089 4156 sic
3111 4117 3229 4156 eam
3263 4102 3498 4172 relinqui
3527 4102 3794 4157 indiscus-

2221 4206 2333 4245 sam
2359 4191 2412 4244 in
2432 4193 2888 4262 subsequentibus
2904 4194 3135 4247 saneivit
3167 4211 3180 4248 :
3214 4194 3340 4264 quia
3365 4194 3511 4249 enim
3544 4195 3794 4265 iniquitas

2221 4283 2275 4337 in
2302 4299 2416 4350 eos,
2443 4286 2535 4354 qui
2567 4300 2859 4355 pravorum
2895 4287 3206 4356 dogmatum
3238 4287 3430 4342 morbo
3466 4287 3791 4352 afﬁciuntur,

2221 4377 2328 4432 cito
2365 4378 2680 4443 revertitur,
2717 4387 3079 4448 etproplerea
3097 4380 3212 4433 ait:

2295 4469 2390 4525 Sin
2416 4483 2594 4523 autem
2629 4480 2906 4542 postquam
2962 4473 3099 4524 eruti
3133 4480 3254 4525 sunt
3287 4470 3510 4539 lapides,
3541 4480 3589 4523 et
3641 4469 3794 4538 pulvis

2222 4563 2416 4628 elatus,
2455 4571 2502 4616 ct
2534 4563 2645 4614 alia
2693 4572 2834 4614 terra
2880 4562 2974 4615 lita
2996 4605 3010 4628 ,
3043 4564 3304 4632 ingressus
3337 4564 3579 4616 sacerdos
3625 4563 3792 4616 viderit

2222 4670 2487 4708 reversam
2514 4653 2714 4721 lepram
2740 4664 2788 4707 et
2824 4655 3051 4724 parietes
3109 4671 3349 4723 aspersas
3379 4655 3627 4721 maculis,
3659 4655 3791 4723 lepra

2223 4755 2299 4799 est
2332 4762 2686 4814 perseverans,
2723 4755 2771 4800 et
2799 4746 3070 4799 immunda
3102 4747 3303 4799 domus.
3432 4747 3576 4800 enim
3618 4744 3792 4816 ejectis

2223 4836 2380 4892 malis
2406 4837 2772 4906 dogmatibus,
2797 4844 2852 4891 et
2866 4837 2989 4891 aliis
3008 4852 3153 4891 sana:
3171 4835 3432 4891 doctrinm
3456 4835 3790 4897 introductis,

2217 4928 2332 4998 ipsa
2365 4945 2554 4982 rursus
2582 4929 2877 4997 impietatis
2906 4929 3154 4984 doctrina
3206 4931 3518 4984 inveniatur
3562 4943 3789 4998 aspersa.

2220 5019 2272 5073 id
2303 5027 2387 5072 est
2421 5019 2640 5084 diffusa,
2669 5021 2784 5073 sive
2807 5021 3138 5084 exuberans,
3170 5030 3300 5075 tunc
3325 5021 3582 5075 sacerdos
3608 5034 3716 5072 non
3737 5031 3792 5069 es

2220 5108 2520 5177 longinquo
2557 5108 2764 5171 auditu,
2813 5109 2910 5162 sed
2968 5110 3307 5178 inspectione
3361 5125 3459 5163 sua
3506 5106 3789 5178 c0gnoscit,

2221 5198 2368 5265 quod
2398 5212 2728 5266 permanens
2744 5206 2828 5251 est
2854 5197 3154 5267 impietatis
3181 5199 3383 5268 passio,
3418 5207 3474 5252 et
3506 5195 3794 5251 immundat

2227 5291 2386 5343 aliam
2429 5290 2806 5344 ministrorum
2850 5291 3244 5360 doctorumque
3283 5289 3581 5346 Ecclesiam
3612 5289 3667 5342 in
3701 5300 3793 5355 qua

2230 5380 2396 5434 fuerit
2415 5395 2637 5450 aspersa
2656 5396 2753 5435 seu
2770 5380 2989 5435 diffusa.
3010 5383 3266 5451 impietas
3291 5391 3438 5436 recte
3457 5381 3792 5439 discernitur,

2227 5473 2372 5542 quod
2393 5474 2687 5528 ostendent
2708 5473 3024 5543 sequentia:
3061 5474 3136 5527 ait
3161 5475 3310 5528 enim
3339 5493 3350 5527 :

2299 5565 2472 5630 Quum
2490 5567 2674 5620 statim
2704 5567 2995 5632 destruent,
3033 5576 3081 5620 et
3131 5567 3330 5636 lapides
3383 5567 3498 5637 ejus
3547 5583 3606 5620 ac
3639 5566 3793 5636 ligna.

2644 5704 2689 5736 ⁷⁸
2722 5703 2881 5758 Deut.
2927 5701 3097 5772 xxvii,
3142 5709 3260 5763 4-8.
3340 5710 3382 5740 ⁷⁷
3406 5707 3574 5763 Marc.
3603 5722 3680 5771 vi,
3717 5704 3796 5758 il.
