3988 6222
259 365 366 428 965
431 341 440 349 ’

1431 361 1514 424 ΙΝ
1556 361 1996 425 LEVITICUM.
2028 391 2097 401 --
2133 369 2281 427 LIB.
2313 363 2379 427 ν.

3411 363 3519 428 966

261 492 418 549 atque
448 478 746 531 universum
779 475 1046 544 pulverem
1083 475 1361 544 projicient
1392 485 1543 530 extra
1575 478 1839 544 oppidum,
1873 484 1912 539 Α
1947 497 2042 544 pro
2067 481 2222 534 nobis
2253 491 2329 533 est
2355 481 2693 555 incarnatus,
2734 476 3116 533 committitur.
3144 476 3521 553 Etpropterea

263 573 319 622 in
353 570 520 623 locum
547 569 898 622 immundum.
920 568 979 623 Id
1013 576 1116 632 est,
1151 582 1261 621 non
1296 568 1477 621 solum
1540 568 1645 637 jam
1705 585 1835 621 con-

263 658 810 728 demnantdogmata,
836 657 931 711 sed
967 665 1023 710 et
1062 657 1208 725 ipsos
1260 656 1314 709 in
1365 657 1564 726 quibus
1616 657 1835 710 inventa

268 747 490 812 iuerint,
517 749 694 802 ethos
723 763 787 802 ex
816 763 1049 817 quorum
1093 747 1368 802 locutione
1412 748 1574 817 impia
1610 747 1837 802 ecclesia

266 840 609 901 constiterat,
627 854 954 908 omnemque
972 840 1145 907 ipsam
1199 839 1489 892 destruunt
1521 837 1836 892 Ecclesiam.

267 932 419 986 0divi
448 931 619 995 enim,
646 931 841 999 inquit,
880 931 1334 1000 congregationem
1359 928 1735 998 malignorum,
1791 935 1839 980 et

271 1039 392 1076 cum
421 1023 596 1091 impiis
625 1038 728 1075 non
760 1023 964 1086 sedebo,
995 1023 1136 1076 sicut
1174 1020 1341 1073 David
1373 1019 1588 1073 dicebat
1609 1019 1677 1071 ⁸ο.
1702 1018 1842 1087 Ergo

265 1121 325 1166 et
343 1119 493 1165 extra
518 1126 657 1174 eam,
685 1126 805 1179 quae
836 1110 887 1162 in
919 1110 1069 1164 caelis
1097 1118 1180 1162 est
1207 1108 1520 1172 constituta,
1552 1107 1671 1160 viva
1690 1108 1843 1160 vide—

269 1200 399 1255 licet
423 1215 486 1254 ac
517 1215 639 1254 vera
673 1199 979 1254 excluditur
1020 1200 1234 1254 civitate
1255 1207 1310 1252 et
1364 1212 1486 1252 cum
1552 1196 1844 1251 immundis

270 1301 554 1362 reputatur
585 1291 874 1345 haereticis.

343 1381 444 1446 Qui
470 1383 739 1434 intraverit
772 1381 828 1434 in
848 1381 1062 1434 domum
1096 1381 1276 1445 istam,
1309 1379 1518 1450 quando
1549 1378 1732 1432 clausa
1749 1385 1842 1432 est.

272 1474 332 1528 Id
359 1485 462 1536 est,
490 1488 612 1542 quas
641 1473 822 1526 multae
851 1488 948 1526 seu
981 1485 1155 1541 preme
1188 1471 1433 1540 subjecta
1463 1479 1566 1524 est.

344 1565 442 1630 Qui
467 1568 725 1635 ingressus
749 1565 926 1636 fuerit.
986 1563 1043 1618 ln
1071 1563 1315 1633 quolibet
1337 1563 1390 1617 ei
1439 1561 1850 1617 communicans

272 1657 658 1729 conventiculo
695 1655 1010 1710 immundus
1041 1655 1146 1708 erit
1187 1669 1362 1723 usque
1385 1653 1516 1708 dum
1564 1652 1845 1722 poeniteat.

276 1749 343 1803 Et
373 1748 543 1803 multo
571 1747 742 1818 magis
762 1747 855 1816 qui
879 1747 936 1800 in
971 1761 1037 1800 ea
1072 1747 1294 1811 dormit,
1320 1746 1410 1800 hic
1443 1746 1708 1815 siquidem
1741 1759 1850 1798 non

1939 572 1991 623 in
2023 572 2242 625 domum
2275 571 2641 625 inundandam
2677 571 2793 625 haec
2824 571 3071 640 accipere
3094 569 3352 623 sacriﬁcia
3379 584 3521 639 prae-

1939 662 2087 731 cipit,
2145 677 2266 731 qua:
2322 661 2634 730 mysterium
2684 662 2803 729 ejus
2864 660 3238 728 passionisque
3260 657 3517 728 ﬁgurant,

1941 760 2131 819 utpote
2161 766 2281 819 qua!
2305 750 2638 805 sullicienter
2660 766 2754 818 per
2789 751 2909 814 has,
2943 765 3063 818 qute
3115 749 3182 802 de
3244 748 3329 802 his
3369 758 3518 813 sunt,

1967 842 2236 911 heologias
2257 845 2428 911 possit
2459 858 2648 896 sanare
2682 844 3021 912 peccantium
3053 843 3280 912 linguas,
3309 842 3524 896 omnia-

1941 948 2046 1001 que
2073 948 2261 986 eorum
2290 934 2557 987 mundare
2599 942 2841 1002 peccata.
2915 971 2919 974 -

2016 1025 2174 1078 Vens.
2198 1023 2389 1078 54-57.
2421 1044 2439 1074 ‹
2478 1023 2582 1077 Ista
2616 1033 2700 1077 est
2734 1024 2912 1077 omnis
2963 1023 3046 1077 lex
3076 1025 3260 1094 lepraz,
3299 1032 3354 1078 et
3392 1040 3522 1094 per-

1944 1129 2186 1170 cussurte
2215 1116 2401 1186 leprm,
2441 1117 2696 1179 vestium,
2741 1125 2795 1169 et
2825 1117 3108 1170 domorum
3141 1117 3427 1181 cicatricis,
3471 1126 3527 1171 et

1946 1209 2353 1277 erumpentium
2383 1209 2706 1278 papularum
2745 1207 2982 1261 lucentis
3037 1207 3287 1273 maculae,
3356 1217 3410 1262 et
3471 1209 3526 1261 in

1947 1299 2128 1354 varias
2159 1300 2372 1368 species
2407 1299 2680 1353 coloribus
2740 1297 3062 1362 immutatis,
3088 1305 3148 1351 ut
3176 1297 3347 1367 possit
3402 1297 3526 1353 sciri

1949 1404 2059 1458 quo
2099 1398 2346 1459 tempore
2385 1389 2515 1458 quid
2561 1388 2828 1442 mundum
2884 1387 2968 1440 vel
3010 1387 3349 1440 immundum
3382 1388 3471 1441 sit.
3505 1406 3522 1438 ι

2021 1480 2124 1534 Ista
2157 1488 2240 1533 est
2267 1478 2447 1533 omnis
2476 1477 2559 1531 lex
2600 1479 2801 1546 leprzB:
2839 1477 2964 1546 quia
2996 1475 3156 1529 latius
3187 1477 3528 1530 sanctionem

1949 1571 2115 1640 lepra:
2146 1570 2420 1640 exposuit,
2452 1568 2818 1622 necessarium
2839 1567 3100 1636 judicavit
3125 1567 3244 1635 ejus
3270 1567 3529 1620 reiterare

1951 1660 2226 1730 capitula,
2291 1669 2345 1713 et
2412 1659 2564 1727 prius
2627 1657 2844 1724 quidem
2917 1657 3253 1724 complexive
3317 1672 3522 1725 genus,

1953 1758 2074 1821 post
2124 1751 2240 1804 haec
2285 1754 2468 1803 autem
2517 1747 2725 1818 species
2759 1762 2856 1816 per
2903 1753 3087 1815 partes
3117 1747 3372 1816 exponit;
3405 1765 3528 1802 cum

278 1841 435 1895 aliter
464 1811 904 1910 suscipitur,—nisi
951 1837 1199 1909 lacrymis
1227 1838 1423 1891 laverit
1451 1811 1847 1908 intelligibilem
1883 1811 1927 1868 Β
1955 1811 2101 1897 enim
2133 1831 2269 1896 dixit
2304 1858 2323 1895 :

277 1933 494 1986 stolam.
523 1930 766 1984 Dormire
795 1938 978 1984 autem
1007 1929 1064 1982 in
1111 1943 1174 1982 ea
1229 1928 1579 1998 intelligimus
1633 1926 1849 1995 requie-

281 2031 524 2076 scentem
542 2021 593 2072 in
617 2019 800 2074 verbis
820 2019 958 2088 ejus,
977 2027 1033 2072 et
1056 2031 1167 2070 non
1183 2015 1604 2072 consuetudinis
1621 2014 1852 2084 alicujus

280 2127 443 2166 causa
467 2112 522 2165 in
553 2109 671 2180 ejus
686 2109 925 2164 consiliis
948 2109 1331 2163 divertentem.

353 2201 455 2256 Sed
481 2210 529 2254 et
557 2201 646 2271 qui
673 2200 952 2253 comederit
983 2200 1038 2252 in
1069 2215 1153 2252 ea.
1189 2198 1385 2253 Cibum
1408 2195 1618 2252 scilicet
1664 2193 1852 2266 mysti-

185 2298 187 2300 '
279 2303 408 2342 eum
438 2286 671 2342 similem
701 2286 854 2356 legis,
887 2294 941 2340 et
977 2285 1230 2340 eumdem
1265 2285 1404 2356 juris
1433 2285 1624 2339 sortita
1649 2294 1732 2338 est
1769 2283 1853 2336 ef-

284 2379 486 2430 fectum
509 2391 522 2428 :
546 2376 671 2445 quia
701 2374 848 2428 illius
900 2373 1156 2444 mysteria
1184 2373 1463 2442 percipere
1509 2371 1856 2442 praesumpsit

285 2465 560 2533 Ecclesiae,
589 2480 750 2534 quam
786 2464 1055 2519 destruxit
1083 2464 1354 2530 sacerdos,
1387 2463 1666 2532 reperiens
1690 2463 1856 2532 impie

283 2565 556 2627 agentern,
579 2564 634 2610 et
660 2556 937 2610 doctrinas
957 2554 1148 2620 malas,
1204 2553 1258 2608 id
1305 2562 1408 2619 est,
1446 2553 1613 2623 ligna,
1642 2552 1852 2618 fenum,

284 2646 541 2716 stipulam
561 2647 875 2700 habentem.
900 2645 1054 2701 Unde
1096 2659 1204 2700 non
1245 2645 1420 2698 solum
1461 2643 1671 2712 lapides
1713 2643 1852 2712 ejus,

286 2750 467 2804 neque
500 2736 645 2789 enim
675 2743 832 2790 erant
867 2734 1112 2806 pretiosi,
1145 2735 1244 2789 sed
1267 2743 1323 2788 et
1343 2735 1490 2804 ligna
1517 2742 1706 2803 utpote
1723 2748 1857 2787 con-

282 2829 474 2898 juncta
504 2827 630 2883 l‘eno
669 2843 732 2884 ae
757 2829 968 2899 stipulae
993 2827 1242 2898 projecit.

365 2943 524 3002 Vens.
550 2944 740 3000 48-55.
773 2963 791 2996 ι
817 2942 974 3010 Quod
1010 2945 1055 2999 si
1079 2942 1350 2998 introierit
1377 2942 1631 2997 sacerdos
1653 2941 1708 2994 in
1759 2941 1858 2996 do-

289 3053 463 3104 mum,
491 3046 546 3093 et
573 3037 769 3093 viderit
797 3037 999 3106 lepram
1050 3050 1159 3089 non
1191 3034 1426 3090 crevisse
1457 3043 1736 3104 postquam
1763 3034 1861 3088 de-

289 3143 402 3182 nuo
429 3128 594 3183 lenita
611 3136 714 3195 est,
749 3126 1062 3197 puriﬁcabit
1100 3141 1220 3181 eam
1259 3126 1470 3180 reddita
1493 3126 1741 3180 sanitate.
1794 3125 1859 3178 Et

291 3219 347 3272 in
377 3219 753 3288 puriﬁcatione
775 3219 894 3288 ejus
916 3217 1080 3272 sumit
1101 3217 1240 3272 duos
1265 3231 1510 3286 passeres
1540 3216 1857 3287 lignumque

291 3312 595 3378 cedrinum,
619 3319 673 3366 et
701 3310 1078 3373 vermiculum,
1101 3319 1262 3379 atque
1283 3311 1596 3380 hyssopum.
1644 3307 1711 3361 Et
1766 3309 1861 3361 im-

293 3402 495 3457 molato
520 3418 630 3456 uno
659 3417 880 3472 passere
910 3402 964 3455 in
983 3416 1110 3456 vase
1145 3400 1293 3455 ﬁctili
1311 3414 1476 3470 super
1502 3414 1671 3468 aquas
1686 3398 1858 3464 vivas,

296 3494 435 3547 tollit
453 3493 658 3564 lignum
684 3493 966 3548 cedrinum
1005 3502 1060 3547 et
1086 3493 1410 3564 bysSOpum,
1442 3498 1496 3546 et
1523 3506 1771 3557 coccum,
1806 3499 1862 3546 et

293 3599 570 3654 passerem
609 3585 816 3650 vivum,
847 3593 902 3639 et
953 3584 1186 3655 intinget
1243 3583 1425 3638 omnia
1485 3584 1542 3637 in
1600 3583 1864 3653 sanguine

295 3676 528 3748 passeris
543 3677 824 3742 immolati,
843 3676 1076 3747 atquein
1093 3675 1248 3745 aquis
1259 3673 1588 3739 viventibus,
1612 3683 1666 3728 et
1681 3689 1865 3744 asper-

292 3775 386 3837 get
405 3767 625 3821 domum
658 3769 878 3838 septies,
907 3766 1326 3838 puriﬁcabitque
1351 3772 1618 3829 eam,tam
1647 3763 1700 3816 in
1738 3779 1864 3817 san-

296 3859 462 3929 guine
477 3860 733 3928 passeris,
755 3875 915 3929 quam
944 3859 1000 3912 in
1025 3857 1178 3927 aquis
1204 3856 1536 3921 viventibus,
1573 3862 1629 3909 et
1660 3854 1714 3907 in
1741 3869 1866 3923 pas-

297 3965 420 4004 sere
447 3951 591 4016 vivo,
616 3951 872 4022 lignoque
905 3949 1151 4011 cedrino,
1178 3955 1233 4003 et
1263 3948 1521 4018 hyssopo,
1551 3953 1715 4015 atque
1744 3961 1867 3999 ver-

297 4041 523 4096 miculo.
561 4044 807 4111 Cumque
871 4041 1143 4098 dimiserit
1194 4055 1480 4110 passerem
1534 4038 1750 4093 avolare
1813 4037 1865 4090 in

297 4146 488 4200 agrum
520 4133 686 4188 libere
706 4177 720 4201 ,
747 4133 924 4188 orabit
944 4148 1043 4203 pro
1073 4132 1261 4194 domo,
1285 4140 1341 4186 et
1358 4132 1478 4200 jure
1495 4128 1865 4183 mundabitur.

376 4223 544 4292 Cujus
581 4223 872 4293 imaginem
915 4222 1028 4276 haec
1057 4220 1340 4286 sacriﬁcia,
1374 4220 1440 4274 de
1465 4219 1663 4288 quibus
1691 4217 1870 4288 loqui-

302 4322 394 4366 tur
436 4312 731 4382 legislator,
758 4322 969 4384 gerant,
1017 4326 1116 4381 per
1162 4309 1552 4380 subsequentia
1601 4308 1873 4364 subtiliter

300 4417 641 4470 exponemus
679 4419 692 4456 :
725 4403 945 4472 quando
997 4417 1060 4456 ea
1090 4410 1146 4456 et
1183 4401 1238 4454 in
1287 4414 1617 4470 unoquoque
1660 4400 1873 4469 leproso

2025 1934 2109 1988 Ita
2145 1943 2221 1987 est
2261 1933 2428 1987 omnis
2451 1932 2532 1986 lea:
2565 1931 2721 2000 lepra:
2743 1973 2756 1992 ,
2793 1931 3128 2001 complexive
3155 1947 3324 2001 genus
3350 1941 3518 1986 osten-

1958 2022 2055 2076 dit.
2091 2023 2316 2092 Species
2347 2030 2530 2076 autem
2571 2030 2700 2075 sunt
2728 2023 3104 2091 apertissimze,
3137 2037 3273 2090 quas
3310 2023 3362 2075 in
3399 2023 3529 2076 sub-

1958 2115 2311 2184 sequentibus
2364 2115 2589 2178 addidit,
2635 2129 2958 2184 praeponens
2985 2124 3130 2168 recte
3173 2129 3529 2183 percussum,

1959 2207 2104 2276 quod
2159 2222 2269 2260 non
2319 2214 2404 2260 est
2454 2205 2832 2276 qualecunque
2895 2215 3178 2275 peccatum
3220 2223 3234 2259 :
3288 2208 3532 2261 omnium

1960 2299 2158 2367 quippe
2189 2312 2310 2352 esse
2341 2298 2445 2352 hoc
2486 2296 2726 2352 deterius
2752 2297 3006 2352 diximus.
3048 2297 3144 2351 Est
3183 2307 3363 2352 autem
3401 2299 3535 2367 dog-

1961 2371 2164 2443 malum
2211 2391 2481 2459 impietas,
2512 2404 2634 2458 qua:
2677 2388 2946 2460 contingit
2970 2390 3293 2458 quibusdam
3322 2391 3390 2444 de
3435 2405 3536 2460 po-

1964 2482 2110 2552 pulo,
2170 2482 2236 2536 de
2287 2481 2486 2551 quibus
2546 2490 2600 2535 et
2664 2480 2940 2550 legislator
2981 2481 3234 2536 diccbat:
3299 2481 3408 2547 Vir,
3442 2493 3535 2536 aut

1965 2571 2173 2635 mulier,
2221 2571 2278 2623 in
2319 2587 2420 2640 quo
2470 2571 2626 2639 fuerit
2669 2570 2827 2639 plaga
2877 2570 3052 2639 lepraz.
3100 2569 3159 2623 Si
3208 2579 3386 2624 autem
3417 2579 3540 2625 tan-

1963 2662 2239 2716 tummodo
2283 2662 2625 2716 sacerdotum
2666 2661 2984 2715 memoriam
3041 2661 3261 2716 fecisset
3291 2704 3305 2728 ,
3343 2663 3538 2716 mulie-

1964 2770 2078 2807 rem
2103 2753 2324 2807 minime
2355 2754 2710 2808 nominasset.
2740 2754 2871 2808 Post
2899 2755 3012 2807 hinc
3040 2753 3269 2822 lepram,
3305 2769 3426 2823 quae
3454 2763 3538 2809 est

1965 2844 2020 2897 in
2054 2844 2367 2907 virtutibus,
2402 2843 2621 2914 posuit;
2657 2844 2774 2898 haec
2817 2853 2944 2897 sunt
2967 2844 3114 2898 enim
3145 2845 3339 2898 animae
3370 2847 3539 2901 vesti—

1966 2945 2168 3001 menta,
2213 2936 2265 2990 id
2313 2946 2396 2990 est
2438 2951 2501 2990 ea
2528 2950 2647 3006 quae
2682 2945 2812 2989 sunt
2856 2936 2909 2989 in
2946 2937 3311 2990 Ecclesiarum
3345 2937 3538 2992 docto-

1965 3027 2118 3081 ribus
2145 3041 2210 3080 ac
2238 3027 2635 3080 sacerdotibus.
2687 3025 2753 3080 lli
2787 3027 2932 3080 enim
2965 3027 3160 3082 domus
3201 3037 3256 3083 ct
3300 3030 3539 3098 parietes

1967 3127 2127 3172 terrae
2165 3118 2528 3188 possessionis
2578 3118 2784 3172 ostensi
2827 3126 2972 3171 sunt.
3015 3118 3220 3173 Deinde
3267 3119 3539 3175 cicatricis
3583 3175 3593 3182 ,

1960 3218 2014 3264 et
2039 3209 2440 3279 erumpentium
2469 3208 2789 3279 papularum
2812 3209 3123 3263 memoriam
3151 3209 3302 3273 facit,
3332 3210 3538 3280 leprani

1960 3315 2142 3354 veram
2185 3299 2517 3363 describens,
2563 3314 2681 3353 eam
2712 3314 2832 3368 quae
2871 3300 2927 3352 in
2981 3300 3242 3369 peccatis,
3277 3300 3394 3355 sive
3433 3301 3538 3357 du-

1959 3391 2086 3455 biis,
2114 3392 2227 3445 sive
2250 3391 2488 3460 probatis
2517 3391 2788 3452 omnibus,
2825 3393 2909 3445 his
2939 3392 3176 3447 subdidit
3203 3409 3217 3446 :

2038 3483 2100 3538 Ut
2126 3483 2285 3552 possit
2309 3483 2432 3536 sciri
2461 3499 2561 3553 quo
2592 3491 2820 3551 tempore
2871 3484 2996 3554 quid
3040 3486 3294 3538 mundum
3345 3485 3424 3539 vel
3446 3486 3541 3539 im-

1963 3575 2215 3627 mundum
2248 3574 2336 3627 sit.
2381 3572 2709 3638 Ostendens,
2761 3573 2886 3641 quia
2919 3582 3047 3628 tunc
3088 3574 3410 3642 delinquens
3435 3575 3540 3627 ini—

1965 3664 2199 3719 mundus
2251 3671 2336 3718 est
2390 3663 2606 3732 quando
2679 3663 2859 3718 sciens
2918 3665 3264 3733 peccaverit;
3324 3667 3542 3734 quando

1965 3765 2145 3810 autem
2197 3755 2473 3827 ignorans,
2518 3756 2732 3810 veniam
2784 3764 3004 3824 propter
3035 3757 3393 3825 ignorantiam
3431 3773 3544 3811 me-

1967 3855 2148 3910 retur,
2183 3848 2322 3900 sicut
2357 3855 2413 3900 et
2441 3860 2618 3899 circus
2645 3845 2947 3905 offendens,
2981 3846 3054 3899 ita
3085 3855 3141 3899 ut
3180 3845 3444 3900 Dominus
3475 3847 3541 3902 de

1967 3938 2168 3993 Judaeis
2193 3939 2399 3991 diceret
2445 3953 2459 3989 :
2491 3935 2549 3990 Si
2579 3938 2702 3991 αινεὶ
2723 3938 2916 3999 essetis,
2954 3953 3054 3989 non
3081 3938 3336 3991 haberetis
3358 3955 3545 4008 pecca-

1970 4040 2110 4094 tum;
2154 4045 2290 4082 nunc
2327 4037 2506 4082 autem
2568 4029 2761 4093 dicitis,
2795 4030 2922 4098 quia
2964 4029 3220 4096 videmus,
3272 4041 3545 4101 peccatum

1969 4133 2196 4176 vestrum
2261 4129 2434 4173 manet
2453 4121 2518 4174 ⁸⁸.
2570 4121 2674 4174 Sed
2731 4136 2833 4176 nos
2877 4122 3050 4177 oculis
3087 4123 3329 4178 scientiae
3381 4124 3447 4178 ad
3482 4139 3547 4179 ea

1970 4229 2090 4283 quae
2119 4212 2413 4282 expediunt
2444 4220 2680 4279 utamur,
2725 4221 2786 4268 ut
2818 4230 2915 4284 per
2948 4215 3096 4284 ipsos
3125 4215 3394 4271 evitemus
3416 4232 3546 4286 pec-

1972 4314 2114 4370 cata,
2159 4305 2650 4375 conquiramusque
2703 4305 3049 4361 munditiam.
3105 4307 3354 4362 Sciamus
3401 4308 3549 4362 diem

1973 4399 2030 4452 in
2054 4411 2159 4467 qua
2180 4397 2568 4451 mundabimur
2606 4396 2951 4468 scientesque
2974 4413 3348 4466 occurramus,
3376 4407 3430 4454 et
3466 4409 3550 4454 to-

301 4491 474 4560 accipi
500 4493 778 4561 praecepit.
819 4491 936 4547 Hoc
951 4499 1134 4546 autem
1168 4491 1479 4546 necessarie
1504 4490 1722 4554 dicitur,
1741 4489 1870 4559 quia
1903 4507 1946 4562 D
1977 4495 2087 4541 tam
2137 4486 2310 4556 legem
2356 4485 2521 4554 lepra:
2555 4486 2944 4541 custodiamus.
3006 4487 3190 4542 Mundi
3240 4487 3384 4542 enim
3445 4488 3552 4542 hoc

299 4580 587 4635 manifeste
613 4590 834 4652 apparet
861 4581 1007 4651 quod
1068 4581 1339 4652 legislator
1401 4579 1547 4634 illam
1587 4579 1760 4651 magis
1817 4579 1875 4634 in

1977 4578 2137 4632 modo
2156 4578 2210 4631 in
2226 4577 2514 4632 dominicis
2537 4578 2903 4633 tabernaculis
2919 4578 3302 4644 habitabimus,
3323 4579 3380 4632 in
3390 4579 3550 4633 Chri-

300 4666 601 4724 Ecclesiam
623 4670 933 4726 docentium
962 4670 1326 4740 iniquitatem,
1359 4685 1480 4739 quae
1523 4675 1608 4723 est
1643 4669 1701 4722 in
1745 4669 1879 4740 dog-
1977 4676 2060 4723 sto
2117 4667 2247 4724 Jesu
2274 4709 2289 4735 ,
2344 4683 2688 4739 per-quem'
2735 4675 2791 4722 et
2851 4683 2975 4722 cum
3009 4684 3117 4738 quo
3164 4669 3331 4740 gloria
3383 4668 3549 4736 Patri,

304 4766 454 4811 matc
481 4762 876 4829 reprehendat,
909 4770 963 4815 et
993 4761 1047 4816 in
1089 4761 1556 4830 dispensationem
1592 4761 1737 4830 ejus,
1785 4760 1875 4830 qni

1978 4775 2104 4814 cuni
2155 4767 2346 4814 sancto
2393 4758 2620 4829 Spiritu,
2647 4758 2700 4812 in
2751 4758 2945 4812 saecula
2976 4759 3322 4813 szeculornm.
3355 4759 3552 4813 Amen.

1431 5095 1782 5183 LIBER
1840 5097 2411 5201 QUINTUS.

884 5438 1292 5500 PRIEFATIO.

385 5533 489 5600 Qui
513 5533 646 5604 legis
663 5532 998 5587 meditationi
1016 5549 1231 5602 operam
1253 5535 1383 5590 dant
1408 5535 1476 5590 ad
1496 5551 1656 5605 quem
1685 5535 1871 5604 ﬁnem,

312 5632 648 5697 quantumve
707 5622 1104 5687 conscendant,
1169 5639 1436 5695 quamque
1481 5626 1872 5683 beatitudinem

424 5759 471 5791 ιο
499 5718 640 5814 Psal.
673 5775 760 5824 xv,
784 5757 836 5811 5.
945 5757 986 5789 ιτ
1011 5755 1165 5812 Joan.
1199 5774 1270 5824 lx,
1299 5759 1383 5814 si.

1982 5445 2205 5513 spiritus
2236 5453 2446 5517 gerant,
2486 5445 2648 5500 David
2674 5448 2933 5516 propheta
2960 5447 3118 5516 plane
3147 5447 3383 5518 exponit.
3417 5447 3554 5502 Enni

1981 5536 2125 5588 enim
2161 5537 2251 5605 qui
2283 5537 2448 5591 habet
2471 5537 2808 5592 voluntatem
2841 5539 2892 5590 in
2926 5539 3040 5609 lege
3071 5539 3302 5603 Domini,
3350 5549 3404 5595 et
3435 5541 3552 5595 die-

1981 5626 2081 5681 bus
2128 5635 2182 5681 ct
2233 5627 2485 5683 noctibus
2529 5628 2583 5682 in
2637 5642 2699 5682 ea
2753 5629 3041 5685 meditator
3068 5639 3168 5698 est,
3199 5630 3365 5687 dicit:
3403 5629 3551 5687 Sicut
