4030 6240
477 259 582 324 967

1668 258 2029 319 HESYCHII
2086 256 2560 322 PRESBYTERI

3701 263 3838 328 968

471 375 674 445 lignum
703 373 837 441 quod
869 371 1168 440 plautatum
1209 382 1282 426 est
1310 388 1454 426 secus
1479 372 1727 426 decursus
1762 388 2046 441 aquarum,
2080 375 2122 430 Α
2152 379 2258 425 tem
2287 371 2472 437 habet,
2511 372 2658 427 hunc
2684 385 2808 428 esse
2837 373 2962 444 jure
3006 374 3148 431 dixit
3175 374 3541 432 immundum
3582 384 3830 446 utpote

472 465 611 527 quod
641 474 689 516 et
719 464 863 516 dabit
908 466 1134 534 fructum
1184 482 1342 518 suum
1375 467 1430 518 in
1458 475 1689 536 tempore
1739 481 1853 528 suo,
1886 473 1935 516 et
1971 464 2051 532 fo-

474 555 601 608 (ium
632 556 745 622 eius
778 572 876 608 non
907 559 1098 610 decidit
1114 559 1180 611 θ’.
1207 557 1349 623 Quid
1392 566 1578 617 autem
1598 557 1909 612 faciendum
1936 571 2053 608 crc-

429 661 432 665 ·
470 645 650 698 dimus
687 655 747 698 ut
792 646 963 714 possit
995 647 1192 717 aliquis
1232 648 1436 718 lignum
1468 647 1702 702 inveniri
1731 647 1902 700 vitae?
1944 646 2048 699 nisi

472 735 525 788 id
588 738 733 805 quod
783 738 1042 792 Dominus
1070 740 1286 793 dicebat
1322 757 1334 792 :
1369 738 1696 793 Scrutamini
1724 737 2047 806 Scriptores,

471 829 596 896 quia
657 831 712 882 in
753 830 878 898 ipsis
924 847 1010 883 vos
1038 832 1238 899 putatis
1265 831 1430 884 vitam
1473 840 1727 885 aeternam
1750 831 1959 883 habere.
1983 829 2051 882 Et

471 923 596 988 ipsa’
621 931 742 972 sunt
775 937 891 990 qua:
943 923 1298 974 testimonium
1337 922 1607 990 perhibent
1654 922 1718 974 de
1746 921 1907 975 me”.
1941 919 2050 973 Sed

470 1023 523 1063 γι
545 1014 634 1064 illo
654 1015 772 1066 loco
791 1014 1121 1081 prophetica;
1135 1013 1482 1082 psalmodiaa:
1508 1012 1703 1066 Beatus
1725 1013 1878 1065 homo
1896 1027 2050 1080 quem

476 1119 536 1158 tu
587 1107 864 1170 erudieris,
922 1106 1159 1168 Domine,
1190 1115 1237 1159 et
1268 1107 1332 1158 de
1360 1105 1469 1176 lege
1505 1114 1596 1158 tua
1627 1105 1867 1158 docueris
1907 1119 2046 1168 eum,

471 1207 527 1248 ut
569 1199 771 1266 mitiges
799 1214 964 1252 euma
988 1198 1167 1252 diebus
1207 1198 1440 1254 malis”.
1469 1197 1866 1268 Cognoscimus
1897 1196 2046 1251 enim

471 1297 525 1339 ot
563 1288 936 1342 liberationem
971 1289 1130 1343 nobis
1163 1299 1534 1358 peccatorum,
1568 1298 1624 1344 et
1652 1288 2048 1361 latvigationem

471 1380 538 1431 ab
566 1377 649 1430 his
703 1393 824 1446 qtae
864 1393 964 1432 nos
991 1386 1196 1432 terrent
1218 1378 1272 1431 in
1302 1378 1390 1433 die
1407 1378 1893 1441 mala,doetrinam
1920 1392 2048 1432 san-

470 1481 677 1523 ctarum
713 1469 871 1522 nobis
899 1469 1185 1538 providere
1213 1468 1646 1540 Scripturarum.
1692 1470 1800 1525 Sed
1837 1477 1894 1527 et
1919 1485 2050 1539 pro-

472 1560 670 1614 fectum
719 1563 912 1613 animze
961 1575 1068 1614 non
1099 1561 1372 1616 modicum
1403 1577 1472 1616 ex
1496 1577 1561 1617 ea
1591 1561 1894 1632 carpimus,
1919 1576 2049 1631 pro-

469 1663 590 1718 pter
616 1652 758 1718 quod
813 1661 866 1704 et
906 1652 1102 1707 Paulus
1139 1652 1328 1707 scribit
1356 1653 1424 1707 ad
1489 1651 1836 1708 Timotheum
1873 1670 1887 1708 :
1919 1649 2048 1705 Ha'c

468 1741 722 1792 uteditare
753 1743 803 1793 in
829 1743 928 1802 his,
963 1751 1020 1794 ut
1059 1743 1319 1811 profectus
1351 1753 1472 1797 tuus
1505 1745 1816 1814 manifestus
1836 1745 1908 1798 sit
1938 1760 2047 1797 om-

467 1833 632 1886 nibus.
682 1831 897 1888 lntende
951 1834 1253 1902 tibimetipsi
1289 1844 1336 1888 et
1388 1836 1662 1902 doctrinm,
1695 1851 1947 1904 permane
1987 1835 2044 1887 in

466 1924 560 1977 eis.
647 1923 754 1978 Hoc
807 1926 944 1977 enim
1009 1927 1226 1994 faciens,
1260 1936 1310 1980 et
1350 1928 1678 1996 temetipsum
1736 1926 1965 1982 salvabis
1995 1936 2044 1980 et

466 2027 550 2064 eos
577 2013 666 2079 qui
689 2020 736 2064 te
768 2013 1072 2070 audiunt”.
1127 2014 1260 2068 Cum
1315 2016 1594 2084 praedictis
1625 2015 1900 2080 omnibus,
1933 2024 2042 2070 tam

466 2111 708 2156 nostram
740 2102 978 2171 ipsorum
1010 2105 1237 2158 salutem
1269 2121 1432 2174 quam
1469 2105 1704 2160 aliorum
1739 2105 2043 2175 peritorum

467 2194 739 2248 lucremur
771 2195 1029 2257 studium,
1062 2205 1116 2250 et
1139 2206 1425 2266 prepterea
1453 2197 1638 2252 nullus
1668 2198 1842 2261 labor,
1869 2210 2045 2267 neque

465 2289 652 2351 sudor,
695 2287 780 2344 vel
823 2303 917 2341 eos
957 2289 1050 2356 qui
1087 2303 1180 2343 eas
1208 2296 1508 2357 exponunt,
1556 2291 1642 2344 vel
1673 2288 1922 2344 indoctos
1967 2289 2046 2342 le-

464 2387 652 2444 gentes
680 2393 710 2431 a
759 2393 1038 2431 sacrarum
1095 2376 1500 2449 Scripturarum
1557 2393 1840 2434 removere
1881 2378 2045 2433 debet

465 2473 918 2540 perscrutatione,
969 2473 1269 2540 praesertim
1341 2487 1468 2526 cum
1497 2486 1692 2542 magna
1715 2470 1921 2526 utilitas
1941 2469 2042 2525 sub

461 2564 660 2632 spiritu
721 2563 855 2631 legis
913 2563 1074 2630 hujus
1131 2564 1240 2616 sit:
1287 2563 1365 2617 illi
1404 2579 1472 2618 ex
1497 2563 1578 2619 eis
1607 2572 1787 2618 autem
1819 2563 2044 2632 capiunt

464 2653 802 2722 margaritas,
831 2653 920 2720 qui
960 2652 1230 2720 frequenti
1257 2667 1348 2709 eas
1374 2653 1728 2709 meditatione
1748 2661 2043 2722 operantes

463 2743 748 2798 cﬂodiunt.
780 2740 886 2800 Sed
913 2759 974 2796 ea
1003 2758 1124 2811 quae
1150 2754 1451 2813 sequuntur
1480 2745 1645 2814 hujus
1662 2744 1884 2799 Levitici
1916 2743 2041 2799 libri

464 2851 827 2905 exsequamur
860 2851 962 2905 per
999 2836 1266 2898 ordinem,
1307 2837 1804 2906 supermdiﬂcantes
1847 2835 2042 2892 funda-

465 2936 730 2991 mentum,
763 2927 906 2996 quod
931 2929 1043 2997 jam
1075 2929 1346 2990 Christus.
1387 2929 1531 2984 sicut
1571 2929 1792 2998 quidam
1823 2929 2042 2998 sapiens

2155 463 2247 530 qui
2296 462 2598 517 doctrinam
2635 479 2743 518 non
2781 475 2948 530 caste,
2998 467 3093 522 sed
3136 476 3329 522 contra
3375 477 3713 532 naturam,
3753 468 3820 524 id

2155 563 2238 608 est
2267 563 2455 609 contra
2486 556 2606 625 ejus
2629 556 2756 626 jara
2802 567 2858 612 et
2891 559 3063 629 legem
3108 559 3422 615 inordinate
3450 567 3816 628 corrupte-

2153 657 2260 710 que
2308 643 2584 709 diﬂ‘unslit,
2649 655 2708 700 ut
2749 662 2812 702 ex
2855 663 2919 701 ea
2946 649 3112 703 etiam
3153 664 3337 702 mores
3359 656 3808 716 corrumperet

2154 735 2511 803 populorum:
2549 752 2670 806 qua:
2703 740 3081 810 cognoscimus
3105 757 3202 810 per
3230 749 3443 810 partes,
3475 748 3546 793 ut
3583 748 3804 793 textus

2155 824 2352 878 seriem
2383 826 2630 880 disseren
2641 837 2744 882 tes.

2223 915 2550 986 Locutusque
2565 927 2639 972 est
2660 918 2912 974 Dominus
2925 923 2997 976 ad
3016 922 3230 992 Moysen
3248 933 3297 978 et
3317 927 3507 979 Aaron
3529 924 3752 977 dicens
3773 939 3796 976 :

2156 1005 2457 1077 Loquimini
2508 1011 2633 1080 ﬁliis
2672 1012 2858 1078 Israel,
2903 1027 2952 1068 et
2983 1017 3168 1070 dicetis
3218 1019 3313 1071 eis.
3364 1017 3547 1072 Recte
3584 1015 3790 1087 Moysi

2152 1097 2368 1165 quidem
2397 1108 2452 1154 et
2480 1101 2656 1156 Aaron
2696 1103 2909 1159 locutus
2939 1115 3045 1171 est,
3073 1106 3171 1161 sed
3202 1108 3345 1163 tradi
3383 1107 3515 1162 (iliis
3551 1109 3780 1173 Israel,

2152 1190 2207 1242 id
2243 1198 2326 1244 est
2350 1192 2495 1244 onmi
2538 1195 2757 1263 pupulo,
2795 1198 3110 1251 mandatum
3152 1199 3312 1269 jubet
3340 1217 3360 1256 :-
3403 1201 3543 1270 quia
3607 1217 3784 1272 qua-

2150 1293 2364 1349 cunque
2409 1297 2504 1350 per
2540 1283 2843 1339 doctrinam
2873 1287 3113 1341 divinam
3154 1289 3365 1345 scilicet
3409 1292 3778 1346 sanciantur

2151 1384 2244 1423 seu
2277 1370 2607 1438 scribuntur,
2648 1374 2884 1442 primum
2915 1377 3141 1446 quidem
3189 1379 3540 1449 principibus
3579 1390 3776 1450 egent

2149 1460 2353 1530 populi,
2387 1463 2512 1530 quia
2545 1464 2678 1533 ipsis
2708 1466 2937 1522 maxime
2963 1469 3146 1524 divina
3175 1478 3260 1524 est
3285 1470 3496 1524 credita
3519 1471 3772 1524 ἀθειι-ἰέ

2149 1567 2240 1616 na,
2301 1552 2513 1624 ipsique
2560 1557 3001 1624 demonstratur,
3065 1574 3194 1616 eum
3239 1562 3672 1631 quodammodo
3728 1578 3771 1619 ε

2148 1642 2436 1706 ministris,
2473 1653 2565 1698 aut
2590 1646 2676 1700 his
2700 1647 2899 1715 quibus
2922 1650 3146 1704 omnino
3170 1652 3379 1705 credita
3405 1659 3494 1706 est
3531 1652 3766 1708 debeat

2147 1733 2386 1788 studere.
2419 1734 2557 1800 Quia
2584 1746 2768 1792 autem
2797 1738 3051 1794 eﬂ'ectum
3080 1741 3200 1810 ejus
3243 1742 3484 1811 populus
3507 1743 3765 1812 respicit

2145 1824 2480 1886 audientem,
2511 1825 2636 1882 vide
2675 1827 2989 1881 mandatum
3015 1829 3136 1898 ejus
3162 1829 3216 1882 in
3244 1830 3493 1886 secundo
3528 1831 3760 1886 ordine

2145 1915 2269 1969 ﬁliis
2302 1915 2468 1970 lsracl
2499 1917 2659 1982 tradi,
2690 1918 2835 1986 quod
2882 1918 3021 1972 bene
3078 1919 3354 1989 legislator
3403 1932 3760 1991 competat-

2146 2014 2334 2076 terque
2365 2009 2677 2068 custodivit,
2704 2018 2760 2063 et
2795 2019 2916 2079 post
2945 2011 3047 2064 hoc
3076 2011 3210 2066 dixit
3239 2030 3253 2064 :
3289 2012 3380 2068 Vir
3400 2015 3496 2083 qui
3524 2016 3762 2083 patitur

2143 2097 2348 2166 ﬂuxum
2377 2100 2610 2164 seminis,
2648 2101 2946 2155 immundus
2980 2104 3101 2157 erit.
3129 2103 3272 2158 LXX
3301 2114 3489 2159 autem
3531 2105 3628 2159 sic
3663 2106 3757 2160 di-

2144 2198 2314 2244 cunt:
2349 2189 2602 2244 Viro'viro
2625 2192 2710 2244 cui
2755 2195 2926 2262 factus
2949 2195 3126 2264 fuerit,
3172 2205 3279 2250 etc.
3312 2194 3546 2260 Quoties
3585 2197 3751 2250 enim

2144 2281 2384 2351 duplicat
2414 2282 2534 2348 hoc,
2573 2283 2717 2338 unde
2770 2286 3087 2341 mandatum
3139 2289 3317 2351 datur,
3355 2289 3750 2344 intentionem

2143 2372 2277 2441 legis
2306 2374 2458 2443 cupit
2497 2375 2784 2430 ostendere
2824 2378 3124 2432 secundum
3157 2378 3292 2431 LXX
3321 2397 3335 2441 ;
3381 2389 3434 2434 et
3463 2391 3746 2450 quantam

2142 2466 2559 2522 sollicitudinem
2589 2467 2786 2521 habeat
2836 2468 3132 2538 legislator.
3185 2480 3242 2522 ut
3275 2469 3418 2523 nihil
3465 2471 3594 2539 ejus
3640 2487 3745 2541 pc-

2141 2555 2288 2610 nitus
2333 2564 2620 2625 praetereat
2654 2573 2667 2608 :
2714 2556 2857 2610 sicut
2884 2559 3100 2625 quando
3151 2558 3328 2612 dicit:
3364 2558 3539 2612 Homo
3573 2562 3744 2614 homo

2142 2648 2205 2701 de
2245 2646 2370 2714 ﬁliis
2411 2646 2602 2712 Israel,
2645 2656 2694 2700 et
2736 2649 2800 2700 de
2829 2646 3068 2708 advenis,
3103 2657 3155 2700 et
3184 2649 3274 2718 qui
3305 2649 3583 2717 conjuncti
3610 2662 3740 2704 sunt

2141 2738 2235 2802 eis,
2285 2739 2374 2802 qui
2423 2739 2602 2808 fecerit
2653 2738 3035 2801 holocaustum,
3083 2748 3177 2790 aut
3206 2739 3550 2807 sacriﬁcium,
3577 2751 3635 2794 et
3665 2745 3738 2794 ad

2142 2827 2334 2881 ostium
2383 2828 2714 2880 tabernaculi
2765 2827 3051 2880 testimonii
3092 2841 3194 2880 non
3221 2828 3509 2882 adduxerit
3537 2831 3613 2882 ad
3643 2832 3734 2900 fa-

2143 2924 2384 2978 ciendum
2433 2924 2528 2976 hoc
2573 2923 2816 2988 Domino,
2867 2925 3307 2982 exterminabitur
3355 2925 3513 2980 homo
3541 2926 3640 2980 ille
3667 2929 3732 2983 de

461 3019 830 3078 architectus,
877 3035 973 3088 per
1026 3028 1269 3074 nostram
1322 3019 1504 3088 posuit
1559 3019 1801 3090 linguam
1831 3037 1845 3074 :
1889 3019 2032 3077 sicut
2061 3030 2104 3088 ο
2140 3015 2331 3084 populo
2355 3014 2548 3084 ejus“.
2579 3015 2647 3070 Et
2687 3015 2772 3069 bis
2806 3015 2909 3069 alia
2932 3015 3155 3082 similia,
3187 3016 3259 3080 de
3293 3031 3530 3089 quomm
3581 3034 3726 3074 con-

461 3109 678 3177 quidam
720 3108 1012 3163 instructor
1057 3109 1277 3178 sapiens
1322 3125 1421 3180 per
1463 3110 1568 3165 vile
1610 3110 2035 3166 instrumentum

462 3198 696 3266 lapidem
747 3198 951 3266 policns
994 3200 1328 3268 angularem,
1367 3209 1427 3252 ut
1473 3199 1906 3270 magnitudinem
1935 3200 2036 3254 do-

464 3305 583 3340 mus
633 3288 904 3352 ostendat,
960 3299 1014 3350 et
1051 3299 1108 3343 ut
1163 3290 1539 3348 instrumentis
1588 3291 1789 3346 vilibus
1840 3305 2037 3362 magna

464 3377 724 3444 perﬁciat.

1066 3465 1292 3520 CAPUT
1326 3465 1443 3520 XV.

532 3554 694 3614 Vens.
730 3555 844 3611 1-5.
882 3575 897 3608 α
929 3556 1275 3627 Locutusque
1305 3566 1390 3614 est
1426 3557 1686 3616 Dominus
1723 3559 1792 3617 ad
1821 3560 2034 3633 Moysen

459 3659 515 3704 et
538 3651 718 3703 Aaron
754 3651 977 3704 dicens:
1028 3650 1336 3718 Loquimini
1390 3648 1514 3708 tiliis
1542 3651 1726 3721 Israel,
1759 3665 1815 3709 et
1841 3653 2036 3710 dicetis

458 3742 574 3795 eis:
608 3741 701 3795 Vir
755 3741 846 3810 qui
899 3742 1100 3810 patitur
1150 3742 1353 3796 ﬂuxum
1393 3742 1660 3808 seminis,
1717 3744 2036 3802 immundus

456 3833 580 3898 erit,
624 3842 680 3886 et
720 3844 850 3899 tunc
876 3833 1212 3902 judicabitur
1247 3834 1376 3889 huic
1407 3833 1538 3890 vitio
1567 3835 1874 3905 subiacere,
1907 3851 2032 3892 eum

455 3939 553 3991 per
597 3932 870 3976 momenta
904 3923 1116 3994 singula
1161 3924 1456 3979 adhaeserit
1482 3923 1634 3980 carni
1665 3927 1830 3992 illius,
1871 3937 2034 3998 atque

454 4015 792 4070 concreverit
828 4013 1003 4069 fmdus
1033 4016 1246 4068 humor.
1287 4034 1306 4067 ι

524 4103 714 4158 Omnis
754 4104 974 4173 quidem
1020 4104 1287 4173 propinata
1317 4104 1414 4159 Dei
1443 4105 1778 4162 admirabilis
1806 4117 1910 4174 est,
1953 4118 2035 4164 ut-

454 4207 580 4266 pote
615 4198 700 4250 cui
742 4205 870 4252 sunt
902 4196 1108 4265 credita
1155 4195 1442 4266 spiritalia.
1498 4197 1607 4253 Sed
1657 4199 2034 4255 admirabilior

456 4288 678 4356 Moyses,
727 4286 868 4339 sicut
902 4285 990 4339 cui
1035 4287 1238 4354 majora
1285 4293 1415 4348 sunt
1458 4286 1685 4353 credita,
1741 4293 1905 4343 tantae
1943 4303 2032 4343 sa-

2139 3105 2446 3161 servatione
2493 3106 2786 3167 maximam
2829 3106 3105 3176 legislator
3147 3123 3332 3164 curam
3383 3109 3576 3180 gessit.
3621 3110 3726 3166 Hie

2137 3204 2322 3250 autem
2373 3196 2676 3254 secundum
2747 3197 3060 3266 praedictam
3122 3199 3538 3260 meditationem
3605 3217 3721 3258 non

2135 3286 2272 3340 dixit
2301 3285 2464 3341 homo
2487 3286 2669 3351 homo,
2699 3286 2794 3343 sed
2831 3287 2948 3342 viro
2978 3288 3118 3354 viro,
3150 3289 3438 3358 duplicans
3466 3290 3717 3360 quidem,

2136 3377 2596 3447 quemadmodum
2637 3385 2693 3431 et
2729 3377 2819 3431 ubi
2862 3393 3175 3447 personam.
3215 3378 3444 3450 Pr0pter
3490 3381 3715 3442 fortitu-

2137 3468 2319 3523 dinem
2346 3483 2476 3523 vero
2502 3469 2583 3522 sic
2611 3466 2914 3538 appellatur
2939 3483 2970 3523 a
2998 3467 3168 3524 latore
3207 3470 3364 3541 legis,
3394 3471 3522 3541 quia
3555 3487 3719 3528 voca-

2136 3558 2326 3616 bulum
2375 3560 2481 3616 hoc
2501 3574 2620 3616 mos
2656 3569 2741 3616 est
2789 3561 3062 3630 geminam
3091 3560 3321 3628 innuero
3356 3562 3715 3633 signiﬁcatio-

2136 3667 2282 3708 nem.
2335 3652 2389 3706 ιιι
2447 3653 2593 3722 quod
2642 3653 2882 3716 ostendit
2931 3653 3187 3714 Salomon
3235 3654 3475 3710 dicens:
3532 3643 3713 3708 Virum

2135 3753 2311 3798 autem
2337 3744 2544 3813 ﬁdelem
2569 3745 2684 3816 quis
2711 3745 2935 3799 inveniet
2956 3743 3164 3800 "tSed
3183 3752 3241 3800 et
3272 3744 3507 3802 Paulus:
3537 3746 3714 3800 Donec

2135 3851 2472 3890 occurramus
2492 3851 2669 3889 omnes
2690 3837 2746 3890 in
2772 3837 2944 3890 virum
2980 3838 3287 3907 perfectum,
3322 3837 3379 3889 in
3411 3853 3711 3890 mensuram

2134 3925 2309 3978 «etatis
2331 3925 2670 3994 plenitudinis
2699 3924 2892 3980 Christi
2911 3925 2979 3980 ⁸⁸.
3014 3925 3154 3998 Ergo
3183 3927 3482 3996 duplicatio
3518 3927 3710 3996 appel-

2136 4015 2354 4070 lationis
2387 4026 2650 4086 quantum
2692 4017 2741 4071 ei
2790 4018 3081 4087 pertineat,
3126 4017 3197 4073 de
3245 4019 3501 4086 mandato
3535 4019 3708 4072 mani-

2135 4105 2372 4162 festavit.
2407 4106 2560 4172 Quod
2596 4116 2776 4163 autem
2818 4109 2936 4165 viro
2969 4108 3126 4173 dixit,
3161 4120 3219 4164 et
3243 4125 3352 4164 non
3387 4109 3706 4178 simpliciter

2134 4197 2363 4265 homini,
2394 4199 2789 4254 demonstravit
2824 4200 2972 4269 quod
3004 4200 3248 4256 doctoris
3284 4201 3541 4254 innueret
3578 4215 3705 4269 per-

2137 4304 2364 4345 sonam:
2411 4290 2464 4342 in
2506 4289 2610 4344 hoc
2661 4290 2808 4344 enim
2869 4290 3180 4348 necessarie
3212 4291 3552 4347 demonstrat
3578 4306 3703 4360 per-

455 4379 667 4445 υἱυιιιίνυ
696 4377 953 4448 praecepit
977 4376 1395 4446 celsitudinem:
1449 4394 1578 4434 nam
1624 4379 1750 4448 quia
1781 4378 2028 4436 inﬁrmus
2065 4359 2108 4413 θ
2135 4380 2263 4438 fecti
2313 4382 2562 4435 formam.
2618 4381 2725 4444 Sed
2785 4382 2914 4440 huic
2975 4383 3024 4437 si
3071 4383 3248 4446 factus
3290 4359 3700 4439 fueritsetninis

451 4479 567 4523 erat
604 4471 694 4539 qui
729 4470 797 4524 ab
839 4485 904 4525 eo
949 4470 1124 4540 legem
1160 4470 1499 4540 percipiebat
1545 4471 1803 4540 populus,
1840 4480 1898 4527 et
1933 4473 2029 4541 qui

455 4563 772 4628 perfectiora
811 4563 1060 4634 dogmata
1091 4563 1281 4622 audire
1310 4578 1423 4618 non
1452 4569 1686 4632 poterat,
1727 4571 1835 4629 tam
1874 4561 2026 4616 inﬁr-

453 4654 624 4705 mitati
653 4653 1091 4709 condescendere
1119 4654 1310 4710 volens
1337 4653 1545 4724 populi,
1585 4667 1748 4722 quam
1773 4652 2023 4723 dignitati

452 4757 558 4794 non
593 4742 872 4809 injuriare,
897 4742 1030 4811 legis
1065 4742 1279 4799 invenit
1303 4745 1447 4798 viam
1483 4757 1580 4812 per
1605 4758 1768 4812 quam
1795 4751 1850 4798 et
1875 4743 2023 4797 cela-

450 4841 534 4885 ret
563 4831 834 4894 sublimia,
864 4847 966 4886 nec
989 4847 1054 4886 ea
1071 4843 1294 4902 propter
1320 4834 1632 4888 auditorum
1652 4834 2022 4890 infirmitatem

445 4925 653 4980 directe
705 4921 952 4992 proferre
1002 4925 1292 4993 potuisset.
1346 4924 1484 4980 Nam
1536 4941 1664 4980 ecce
1689 4925 2024 4980 etiamnunc

445 5033 569 5073 cum
607 5032 705 5088 per
756 5015 931 5087 legem
972 5016 1172 5086 leprosi
1227 5017 1425 5071 multas
1476 5025 1823 5087 peccatorum
1853 5031 2024 5087 expo-

443 5111 643 5165 suisset
671 5110 900 5181 species,
933 5125 1060 5164 eum
1093 5109 1186 5179 qui
1226 5107 1430 5163 ﬂuxum
1467 5109 1694 5164 seminis
1722 5117 2019 5178 pateretur,

442 5202 662 5271 adjecit.
712 5202 812 5256 Per
846 5217 1011 5270 quam
1041 5200 1267 5255 alteram
1304 5200 1540 5268 speciem
1577 5201 1786 5270 peccati
1836 5215 2024 5254 rursus

440 5290 687 5358 exponit,
735 5302 790 5345 et
833 5307 961 5346 eum
1000 5289 1093 5361 qui
1133 5288 1456 5360 proﬂuvium
1488 5289 1693 5358 patitur
1737 5289 2020 5354 doctrinae,

441 5397 509 5436 ex
538 5398 640 5450 qua
688 5398 884 5452 corpus
923 5383 1093 5454 ipsius
1128 5383 1394 5444 subsistit,
1430 5383 1479 5437 id
1521 5390 1603 5437 est
1641 5399 1703 5437 ex
1739 5401 1844 5453 qua
1878 5384 2022 5439 salu-

549 5600 594 5628 ἰ’
624 5597 762 5653 Psal.
789 5618 826 5664 ι,
849 5604 904 5664 ‘2,
933 5603 988 5657 5.

455 5665 499 5696 ετ
519 5666 677 5722 Prov.
712 5686 800 5736 xx,
837 5672 888 5726 6.

1106 5601 1152 5632 ⁸³
1173 5601 1331 5656 Joan.
1363 5620 1439 5662 ιιι,
1478 5603 1565 5656 59.

1002 5669 1047 5702 ⁸⁸
1078 5673 1275 5742 Epltcs.
1323 5690 1395 5735 tv,
1432 5674 1512 5727 15.

1678 5599 1895 5653 MPsal.
1957 5616 2124 5665 xcm,
2182 5602 2268 5656 η.

1625 5672 1668 5702 θ’
1698 5671 1716 5724 ι
1743 5671 1872 5724 Cor.
1897 5685 1972 5735 lx,
2007 5670 2095 5724 Η.

2132 4473 2334 4538 ﬂuxus,
2373 4472 2687 4534 immundus
2717 4473 2843 4528 erit.
2882 4472 3000 4540 Quo
3026 4483 3210 4540 autem
3240 4473 3424 4532 modo.
3458 4474 3581 4530 audi
3609 4489 3699 4529 se-

2131 4565 2351 4636 quentia
2377 4585 2389 4618 :

2201 4660 2269 4714 Et
2325 4669 2448 4714 tunc
2481 4658 2812 4728 judicabitur
2853 4657 2974 4711 huic
3014 4657 3360 4714 immunditiis
3409 4656 3690 4726 subiacere.

2130 4753 2186 4806 Id
2243 4761 2348 4817 est,
2390 4752 2508 4806 haec
2545 4750 2795 4820 probatio
2838 4749 3198 4803 immunditite
3248 4749 3401 4818 ejus;
3436 4747 3688 4816 judicium

2123 4851 2305 4895 autem
2347 4839 2704 4895 immnnditiae
2741 4839 2882 4907 ejus,
2915 4839 2970 4890 in
3002 4839 3104 4892 hoc
3127 4838 3245 4892 loco
3260 4837 3393 4891 dixit
3429 4838 3593 4906 legem
3621 4837 3688 4890 il-

2122 4949 2249 5006 lam,
2268 4949 2388 5002 quae
2407 4930 2805 4999 immunditiam
2825 4929 2942 4998 ejus
2964 4930 3175 4998 probat.
3195 4928 3392 4998 thuis
3407 4927 3584 4982 esthic
3598 4931 3681 4996 qui

2120 5021 2324 5076 ﬂuxum
2363 5022 2568 5089 patitur
2599 5019 2866 5072 seminis?
2901 5019 3099 5072 Semen
3145 5018 3462 5086 intelligitur
3491 5017 3682 5072 doctri-

2121 5129 2212 5178 na,
2235 5115 2308 5167 ait
2331 5113 2563 5167 Paulus:
2591 5110 2647 5165 Si
2677 5127 2769 5163 nos
2795 5110 2930 5163 vobis
2958 5109 3221 5178 spiritalia
3246 5107 3676 5164 seminavimus".

2126 5204 2232 5257 Sed
2295 5211 2350 5256 et
2389 5203 2650 5256 Dominus
2681 5201 2792 5255 ait:
2853 5199 3034 5255 Omnis
3087 5199 3175 5270 qui
3203 5200 3354 5251 audit
3379 5200 3602 5266 verbum,
3632 5211 3677 5254 et

2126 5307 2226 5345 non
2254 5291 2536 5361 intelligit:
2568 5293 2707 5345 venit
2739 5289 3017 5361 malignus,
3055 5298 3102 5342 et
3131 5288 3271 5356 rapit
3295 5302 3411 5356 qua:
3435 5288 3677 5342 seminata

2122 5394 2242 5437 sunt
2263 5385 2314 5437 in
2339 5384 2490 5438 corde
2513 5385 2627 5452 ejus
2644 5385 2713 5438 ".
2744 5383 2878 5449 Quia
2913 5391 3094 5435 autem
3123 5380 3312 5434 dicunt
3342 5377 3524 5442 LXX:
3567 5379 3676 5444 Viro

2381 5604 2427 5636 ⁸⁵
2451 5605 2470 5658 ι
2498 5605 2636 5658 Tim.
2673 5620 2746 5668 IV,
2781 5604 2865 5668 15,
2896 5603 2981 5658 16.
3091 5603 3135 5635 ⁸⁸
3163 5601 3336 5656 Levit.
3385 5613 3517 5666 xvn,
3548 5601 3598 5668 3,
3620 5602 3668 5658 4.

2205 5671 2252 5706 ⁹⁶
2275 5671 2468 5727 Matth.
2497 5691 2615 5740 xm,
2647 5672 2728 5728 i9.
