4030 6240
298 322 416 389 969

1492 310 1566 370 ΙΝ
1606 308 2042 371 LEVITICUM.
2074 334 2142 342 --
2179 309 2323 368 LIB.
2351 311 2419 368 γ.

3469 305 3575 371 970

300 435 352 489 si
401 432 558 505 fuerit
597 428 913 498 proﬂuvium
939 424 1151 480 seminis
1179 438 1241 477 ex
1271 437 1488 492 corpore
1537 423 1672 490 ejus,
1707 437 1769 476 ea
1800 435 1900 490 quo
1931 426 1975 482 Α
2006 435 2233 490 corpus,
2265 435 2328 474 ex
2365 435 2473 489 quo
2508 434 2708 490 corpus
2739 418 2993 475 consistit
3031 419 3238 490 populi,
3261 420 3575 476 immundus

303 523 552 578 consistit
594 537 781 588 corpus
815 518 930 587 ejus
973 514 1353 586 segregandam
1397 522 1494 576 est,
1524 512 1668 582 quod
1701 524 1900 580 corpus

303 613 513 682 duplex
548 611 639 667 hic
672 610 859 674 tradit,
891 608 944 662 id
976 617 1082 672 est,
1117 607 1222 660 hoc
1243 605 1460 674 quidem
1481 619 1546 658 cx
1585 618 1692 673 quo
1713 616 1898 656 semen

304 706 454 764 ﬂuit.
512 706 658 760 aliud
709 715 914 768 autem,
945 705 1090 773 quod
1143 717 1240 773 per
1270 702 1478 756 ﬂuxum
1515 698 1742 755 seminis
1771 698 1902 752 sub-

306 799 479 854 sistit.
524 797 659 864 Quia
694 812 824 867 ergo
851 811 917 853 ex
961 796 1273 850 inordinate.
1317 793 1652 864 procedente
1695 790 1902 846 semine

309 890 688 960 generandum
720 889 897 942 fuerat
922 887 1193 956 quoddam
1233 899 1456 956 corpus,
1488 883 1903 951 subsistereque

311 989 554 1051 poterat,
615 982 924 1034 necessario
975 979 1212 1049 primum
1244 992 1468 1048 corpus,
1493 991 1560 1031 ex
1589 990 1698 1045 quo
1725 972 1903 1029 ﬂuxus

312 1080 408 1126 est
449 1072 589 1139 ejus,
629 1071 721 1139 qui
761 1069 985 1124 seminis
1029 1068 1232 1123 ﬂuxum
1267 1068 1490 1138 patitur,
1527 1067 1705 1122 modis
1733 1065 1906 1120 omni-

318 1164 426 1218 bus
467 1162 808 1232 intelligitur.
839 1161 996 1216 Aliud
1019 1169 1201 1214 autem
1229 1160 1555 1224 consistere,
1588 1156 1786 1226 inquit,
1810 1172 1907 1225 per

318 1251 558 1317 ﬂuxum,
598 1253 652 1306 id
678 1262 783 1315 est,
823 1253 927 1308 hoc
970 1252 1115 1322 quod
1140 1267 1204 1306 ex
1236 1265 1302 1306 eo
1335 1249 1586 1321 generari
1620 1248 1905 1309 debuerat,

317 1355 485 1414 atque
508 1345 826 1409 subsistere,
862 1345 990 1398 licet
1016 1359 1125 1398 non
1167 1350 1480 1412 generetur,
1516 1349 1742 1411 propter
1761 1339 1907 1410 quod

317 1445 381 1490 ct
421 1437 734 1490 immundus
792 1445 895 1490 est.
965 1435 1179 1505 Corpus
1205 1442 1391 1489 autem
1418 1435 1542 1502 ejus
1576 1433 1743 1487 etiam
1777 1429 1906 1498 illud

319 1525 625 1580 secundum
681 1525 939 1595 appellat,
987 1525 1114 1594 quia
1168 1539 1358 1578 revera
1425 1537 1628 1593 corpus
1674 1521 1794 1591 ejus
1817 1519 1908 1590 qui

320 1625 569 1688 generat,
616 1625 700 1672 est
746 1616 852 1671 hoc
908 1616 1054 1686 quod
1108 1630 1171 1670 ex
1228 1631 1294 1670 co
1329 1625 1646 1686 generetur.
1677 1611 1803 1668 llaec
1829 1621 1912 1667 cst

321 1718 506 1762 autem
539 1709 672 1779 legis
703 1710 756 1760 in
790 1707 1063 1777 principio
1108 1715 1259 1770 uota,
1289 1705 1417 1774 quia
1448 1703 1909 1775 quemadmodum

2003 519 2087 566 est
2114 510 2167 564 in
2217 511 2531 580 semetipso,
2580 512 2724 564 sicut
2761 512 2858 575 ait,
2903 512 3300 569 immunditiam
3343 513 3574 576 habens,

2006 599 2261 656 videlicet
2308 615 2616 654 sermonem
2657 617 2818 671 quem
2855 603 3064 670 profert
3124 603 3406 658 sordidum
3429 643 3444 664 ,
3473 603 3579 658 im-

2005 692 2260 762 pudicum
2308 698 2363 744 et
2397 692 2758 748 itnmundum.
2805 692 3034 764 Propter
3061 696 3207 764 quod
3233 704 3290 751 ct
3334 696 3498 751 nimis
3527 697 3578 751 ei

2003 784 2360 847 conveniunt,
2387 799 2507 852 qua:
2537 795 2856 852 sequuntur.

2075 873 2320 961 Vens},
2355 873 2408 928 5,
2455 892 2474 924 ‹
2532 875 2706 928 Omne
2740 883 2970 930 stratum
3019 877 3078 932 in
3122 893 3232 947 quo
3275 879 3580 944 dormierit,

2008 963 2348 1020 immundum
2389 965 2514 1029 erit,
2546 973 2603 1020 et
2635 965 2951 1035 ubicunque
2979 968 3205 1024 sederit.
3241 969 3300 1024 Si
3327 971 3451 1039 quis
3485 972 3585 1025 hu-

2009 1056 2215 1111 niinum
2261 1057 2500 1128 tetigerit
2557 1058 2813 1113 lectulum
2866 1060 3006 1128 ejus,
3037 1061 3238 1116 Iavabit
3263 1061 3586 1118 vestimenta
3626 1112 3644 1127 ,

2011 1161 2132 1208 sua,
2170 1157 2228 1200 et
2285 1147 2402 1216 ipse
2453 1147 2597 1202 lotus
2649 1163 2786 1216 aqua
2844 1148 3158 1204 immundus
3178 1151 3284 1205 erit
3315 1165 3486 1219 usque
3520 1151 3586 1204 ad

2011 1251 2320 1305 \esperunt.
2364 1254 2384 1288 ο

2085 1327 2265 1381 Multa:
2310 1327 2483 1382 aliena
2513 1327 2823 1381 docentium
2879 1326 3091 1396 species
3137 1333 3302 1389 sunt;
3362 1325 3589 1390 Quidam

2012 1420 2170 1480 enim,
2207 1420 2344 1474 sicut
2369 1419 2440 1473 ait
2471 1419 2694 1484 Paulus,
2715 1436 2806 1489 per
2833 1419 3086 1474 inuidiam
3112 1435 3129 1481 ;
3159 1417 3377 1490 quidam
3415 1425 3593 1470 autem

2013 1525 2105 1577 per
2149 1511 2528 1564 contentionem
2565 1525 2583 1572 ;
2626 1511 2839 1578 quidam
2883 1527 3002 1564 vero
3047 1526 3140 1579 per
3201 1509 3592 1578 ignorantiam;

2013 1600 2227 1668 quidam
2256 1617 2374 1653 vero
2407 1617 2469 1654 ea:
2499 1602 2778 1655 temerario
2810 1601 3141 1670 ntultiloquio
3176 1601 3280 1670 (de
3325 1614 3434 1669 quo
3463 1600 3598 1654 dixit

2017 1693 2106 1747 ille
2156 1692 2436 1762 Sapiens:
2486 1693 2550 1747 In
2597 1693 2928 1762 multiloquia
2984 1708 3089 1745 non
3140 1693 3350 1762 eﬂugies
3408 1709 3596 1761 pecca-

323 1799 522 1853 litteraa
559 1801 874 1853 mandatum
907 1814 1107 1867 corpus
1143 1813 1330 1852 semen
1375 1795 1718 1851 eﬂ‘undcntis
1749 1794 1916 1849 intel-

2028 1792 2129 1836 lum
2146 1783 2214 1850 Μ)
2237 1801 2250 1836 :
2272 1784 2488 1853 quidam
2513 1793 2686 1838 autem
2709 1801 2773 1838 ea:
2796 1800 2856 1838 eo
2881 1784 3018 1853 quod
3044 1782 3369 1836 delectantur
3395 1783 3450 1834 in
3469 1800 3599 1852 qua-

326 1889 479 1952 lexit,
505 1897 560 1942 et
585 1902 872 1958 propterea
924 1888 1094 1942 dicit:
1154 1885 1352 1940 Fluens
1399 1901 1576 1941 semen
1604 1902 1668 1939 ea:
1703 1900 1917 1953 corpore

324 1981 482 2050 ejus;
530 1981 772 2034 secundo
818 1988 1004 2034 autem
1047 1980 1148 2034 hoc
1186 1978 1332 2047 quod
1382 1992 1449 2032 ex
1504 1993 1571 2032 eo
1599 1985 1914 2048 generatur,

327 2081 480 2125 recte
517 2071 756 2125 subdens
785 2086 848 2124 ex
878 2069 1047 2134 ﬂuxu,
1079 2084 1188 2138 quo
1228 2068 1480 2124 consistit
1513 2082 1713 2137 corpus
1752 2066 1913 2136 ejus:

249 2192 258 2199 -
329 2160 412 2216 sic
463 2161 852 2231 contemplatio
901 2160 1160 2230 spiritalis
1191 2175 1390 2229 corpus
1448 2157 1709 2221 doctoris,
1735 2156 1915 2226 ipsum

328 2252 478 2321 quod
513 2253 561 2306 ei
593 2252 858 2307 creditum
914 2259 1002 2303 est
1030 2251 1278 2314 verbum,
1325 2259 1381 2304 et
1429 2247 1788 2303 doctrinalem
1835 2247 1920 2300 di-

333 2345 601 2412 gnitatem
672 2342 1068 2396 rationabiliter
1135 2339 1429 2396 intellexit.
1493 2339 1707 2408 Corpus
1771 2337 1919 2392 enim

334 2436 545 2490 Christi
582 2433 885 2489 doctrinale
933 2433 1157 2487 verbum
1194 2431 1395 2485 Paulus
1443 2430 1701 2499 appellat,
1733 2429 1812 2483 sic
1837 2428 1923 2482 di-

334 2541 471 2580 cens
495 2525 564 2578 de
596 2525 680 2578 eis
711 2522 808 2591 qui
839 2523 1062 2575 verbum
1095 2521 1397 2577 doetrinale
1421 2520 1726 2588 decerpunt
1755 2535 1768 2572 :
1798 2517 1925 2573 Cor-

336 2633 436 2687 pus
469 2627 648 2670 autem
679 2614 896 2669 Christi.
942 2613 1108 2668 Nemo
1138 2628 1226 2666 vos
1271 2612 1484 2664 seducat
1520 2614 1692 2664 volens
1725 2626 1778 2662 tn
1824 2610 1925 2663 hu-

338 2689 588 2773 utilitate,
642 2718 692 2760 et
734 2706 982 2776 religione
1013 2704 1342 2773 angelorum,
1371 2718 1488 2772 quae
1521 2718 1624 2755 non
1641 2701 1768 2754 uidit
1804 2717 1926 2753 ant-

334 2799 550 2861 bulans,
606 2799 822 2867 frustra-
857 2796 1075 2865 inﬂatus
1128 2809 1285 2847 sensu
1342 2793 1518 2846 carnis
1563 2805 1693 2856 suat,
1745 2800 1793 2845 et
1825 2807 1927 2844 non

337 2903 519 2948 tenens
548 2899 705 2960 caput
731 2907 794 2944 ea:
826 2905 928 2958 quo
976 2896 1143 2941 totum
1186 2901 1372 2954 corpus
1397 2901 1490 2952 per
1519 2901 1680 2939 nemus
1705 2893 1754 2938 et
1795 2883 1928 2952 jun-

340 2985 538 3038 ctiones
601 2982 1052 3040 subministratur,
1125 2987 1175 3032 et
1239 2986 1596 3032 constructum
1645 2977 1829 3031 crescit
1872 2979 1927 3030 in

339 3083 684 3145 augmentum
706 3073 885 3126 Dei“.
918 3071 1132 3139 Corpus
1161 3070 1376 3125 Domini
1398 3079 1584 3141 aperte
1624 3069 1927 3125 doctrinale

341 3181 598 3222 asserens
650 3165 920 3229 verbum;
972 3165 1118 3232 quod
1183 3172 1332 3217 recte
1390 3177 1588 3233 corpus
1638 3163 1924 3232 doctorum

339 3257 580 3313 dicitur:
610 3257 654 3312 si
677 3258 899 3327 quidem
925 3257 1046 3312 loco
1079 3257 1282 3311 Christi
1319 3257 1636 3313 sacerdotes
1656 3265 1711 3311 et
1735 3259 1927 3314 docto-

343 3364 434 3404 res
461 3357 588 3404 sunt
639 3348 692 3402 in
738 3348 1016 3406 Ecclesiis.
1059 3348 1215 3403 Unde
1259 3364 1452 3404 rursus
1475 3349 1774 3405 secundum
1803 3365 1926 3404 cor-

343 3458 448 3514 pus
477 3458 686 3502 eorum,
720 3441 866 3511 quod
915 3457 979 3496 ex
1009 3457 1200 3496 eorum
1231 3443 1486 3497 consistit
1523 3441 1694 3509 ﬂuxu,
1725 3443 1930 3498 audito-

345 3549 461 3588 rem
490 3535 750 3605 populum
774 3534 1146 3604 intelligimus,
1175 3536 1270 3604 qui
1315 3551 1382 3590 ει
1411 3536 1532 3604 ejus
1557 3536 1804 3590 doctrina
1833 3549 1929 3605 ge-

350 3637 602 3689 neratur,
632 3625 725 3694 qui
769 3640 914 3690 eam,
943 3641 1104 3693 quam
1159 3626 1408 3695 percepit
1453 3626 1692 3680 divinam
1725 3625 1931 3680 doctri-

348 3731 476 3769 nam
522 3717 659 3777 lloit,
691 3720 1090 3786 corrumpendo
1119 3734 1262 3782 eam,
1302 3718 1420 3772 sive
1463 3717 1928 3789 transgrediendo,

349 3807 419 3860 de
457 3822 564 3876 quo
594 3807 794 3861 Paulus
820 3809 1070 3862 dicebat:
1107 3807 1165 3862 Si
1194 3824 1306 3873 nos,
1346 3817 1438 3861 aut
1467 3808 1685 3878 angelus
1725 3809 1788 3861 de
1809 3808 1932 3860 coelo

351 3897 780 3966 evangelisavertt
837 3899 982 3952 uobis
1050 3908 1402 3966 pratterquam
1447 3905 1584 3968 quod
1639 3899 1932 3965 accepistis.

354 3992 637 4042 anathema
663 3990 729 4041 sit
748 3991 814 4042 ".
850 3989 1017 4043 [tecte
1052 3989 1366 4044 immundus
1391 3999 1476 4043 est
1503 3989 1594 4060 qui
1616 4004 1683 4043 ex
1716 3990 1934 4043 sordida

351 4083 793 4148 conversatione,
844 4082 1062 4152 vitaque
1104 4082 1400 4152 impudica,
1433 4082 1519 4136 vel
1542 4098 1610 4136 ex
1639 4082 1934 4136 ambitione

354 4173 622 4244 primatus
655 4173 758 4227 hoc
804 4173 1008 4241 patitur
1036 4188 1050 4238 ;
1074 4187 1138 4226 ac
1173 4181 1464 4242 prepterea
1512 4173 1781 4226 nefariam
1832 4173 1935 4228 do-

277 4300 291 4314 .
355 4253 584 4319 ctrinam
617 4264 874 4333 exquirit,
907 4279 1028 4333 qua:
1059 4264 1295 4318 delectet
1326 4279 1424 4319 eos
1455 4280 1592 4335 quos
1629 4265 1938 4334 prurientes

353 4359 581 4413 auribus
632 4356 832 4412 Paulus
878 4358 1102 4424 dixit”,
1140 4366 1194 4412 et
1244 4373 1428 4412 sanam
1476 4359 1777 4414 doctrinam
1827 4374 1934 4412 non

2019 1877 2260 1929 rumdam
2291 1877 2625 1945 corruptione
2655 1876 3215 1944 concupiscentiarum,
3253 1873 3601 1928 doctrinalem

2019 1978 2318 2022 convertunt
2363 1970 2735 2023 sermonem".
2774 1968 2942 2024 Recte
2986 1968 3283 2038 lcgislator,
3325 1983 3448 2023 cum
3500 1970 3601 2024 lto-

2021 2079 2139 2119 rum
2171 2064 2434 2134 quosdam
2474 2065 2530 2119 in
2567 2065 2850 2120 sanctione
2883 2065 3068 2136 lepra,
3112 2065 3252 2119 alios
3280 2079 3410 2118 vero
3435 2065 3487 2120 in
3518 2065 3600 2120 ci-

2024 2157 2215 2210 borum
2267 2156 2572 2212 diﬂ‘erentia
2603 2156 2984 2226 significasset,
3035 2171 3180 2212 nunc
3235 2171 3426 2211 rursus
3455 2153 3600 2208 aliud

2023 2265 2194 2320 genus
2211 2265 2424 2316 eorum,
2455 2250 2548 2320 qui
2581 2266 2647 2305 ex
2676 2249 3034 2318 impudicitia,
3063 2257 3119 2305 et
3147 2264 3210 2304 ex
3251 2248 3476 2304 libidine
3499 2249 3602 2302 alia

2026 2339 2245 2406 docent,
2273 2355 2369 2410 per
2399 2341 2504 2396 hoc
2539 2339 2879 2404 mandatum,
2906 2340 3051 2411 quod
3079 2349 3163 2395 est
3180 2339 3241 2395 in
3278 2339 3604 2410 proﬂuvium

2024 2433 2251 2486 seminis
2300 2433 2593 2501 patientem
2618 2473 2633 2497 ,
2671 2434 2941 2503 exposuit,
2971 2432 3113 2488 sicut
3143 2441 3198 2488 ct
3223 2433 3475 2502 superius
3513 2450 3607 2503 ap-

2025 2524 2398 2594 probavimus.
2427 2525 2532 2579 Sed
2562 2539 2709 2578 nunc
2732 2533 2788 2578 et
2807 2532 3040 2579 stratum
3077 2523 3131 2578 in
3161 2539 3270 2594 quo
3299 2523 3521 2588 dormit,
3552 2533 3608 2578 ct

2028 2616 2117 2670 ubi
2155 2617 2327 2680 sedet,
2355 2615 2696 2669 immundum
2723 2614 3002 2686 lcgislator
3028 2615 3178 2669 dicit.
3220 2614 3418 2669 Paulus
3445 2615 3610 2684 igitur

2027 2721 2149 2772 nos,
2181 2715 2236 2762 et
2265 2706 2441 2762 Lucas
2469 2707 2721 2771 doceant,
2751 2707 2880 2776 quid
2907 2707 2973 2761 de
2998 2707 3085 2762 his
3109 2706 3362 2761 arbitrari
3404 2707 3607 2762 debea-

2028 2815 2170 2854 mus.
2210 2799 2347 2868 Quia
2400 2799 2548 2854 enim
2609 2815 2704 2854 vas
2753 2808 2809 2854 et
2857 2808 3111 2865 stratum,
3168 2815 3278 2855 non
3339 2798 3611 2870 quoslibet

2027 2903 2222 2958 aegros,
2271 2889 2366 2943 sed
2423 2890 2524 2944 hos
2571 2889 2898 2958 signiﬁcant,
2929 2891 3022 2960 qui
3065 2890 3230 2944 nimis
3258 2899 3386 2945 sunt
3417 2890 3472 2944 in
3507 2889 3609 2944 do-

2029 2981 2204 3035 ctrina
2261 2982 2563 3047 sublimes,
2629 2997 2960 3052 omnemque
3021 2998 3140 3037 eam
3205 2984 3611 3054 quodammodo

2029 3071 2336 3141 capiebant,
2388 3073 2463 3128 ita
2510 3083 2570 3128 ut
2601 3075 2817 3129 sederet
2860 3074 2916 3128 in
2957 3073 3057 3139 eis,
3104 3089 3170 3130 ac
3198 3084 3513 3146 portaretur
3542 3078 3611 3130 ab

2028 3162 2108 3218 eis
2147 3164 2354 3230 doctor,
2391 3174 2579 3235 aperte
2621 3165 2795 3221 Lucas
2839 3166 3044 3232 docuit,
3089 3167 3308 3237 quando
3341 3167 3408 3222 de
3442 3165 3612 3221 Paulo

2028 3253 2174 3309 Deus
2205 3255 2272 3309 ad
2301 3255 2565 3310 Ananiam
2618 3256 2790 3311 dixit:
2831 3255 3001 3321 .l'ade,
3054 3258 3180 3327 quia
3219 3273 3312 3312 vas
3351 3256 3614 3312 electionis

2030 3347 2128 3400 erit
2178 3347 2308 3400 mihi
2349 3349 2464 3410 iste,
2498 3357 2554 3401 ut
2587 3357 2754 3415 portet
2785 3363 2970 3404 nomen
3001 3366 3173 3403 meum
3210 3352 3266 3404 in
3292 3351 3532 3420 gentibus
3563 3362 3613 3404 et

2031 3439 2239 3510 regibus
2257 3441 2348 3494 "'.
2379 3439 2660 3511 Tanquam
2693 3458 2792 3497 vas
2824 3442 3030 3498 Christi
3076 3442 3380 3498 doctrinam
3413 3440 3614 3497 Paulus

2031 3533 2303 3602 capiebat,
2356 3543 2417 3590 ut
2468 3534 2772 3589 imitaretur
2819 3550 2944 3590 eum
2985 3551 3174 3604 opere,
3227 3543 3284 3590 et
3338 3535 3526 3602 verbo,
3561 3544 3618 3590 et

2031 3627 2399 3696 passionibus.
2454 3626 2683 3698 Propter
2721 3630 2866 3698 quod
2917 3644 3063 3684 nunc
3092 3630 3314 3698 quidem
3360 3628 3611 3683 dicebat:

2033 3715 2115 3768 An
2163 3717 2576 3784 experimentum
2624 3719 2859 3788 quturitis
2893 3718 3028 3786 ejus,
3061 3719 3153 3788 qui
3195 3719 3250 3771 in
3278 3733 3359 3770 me
3387 3716 3620 3788 loquitur

2035 3805 2229 3859 Christi
2246 3807 2331 3858 9'?
2358 3836 2429 3846 —
2450 3806 2609 3863 Nunc
2630 3824 2758 3879 ergo
2786 3826 2798 3861 :
2822 3808 3125 3862 lmitatores
3156 3809 3256 3862 mei
3278 3817 3458 3872 estote,
3481 3807 3617 3862 sicut

2036 3907 2086 3950 et
2115 3914 2207 3968 ego
2238 3897 2433 3951 Christi
2453 3899 2519 3951 ⁸⁷.
2552 3899 2707 3954 Nunc
2745 3915 2874 3953 vero
2907 3915 3132 3953 rursus:
3175 3897 3376 3966 Impleo
3413 3916 3476 3953 ea
3502 3913 3620 3970 qua:

2037 3995 2224 4042 desunt
2263 3990 2569 4059 passionum
2612 3989 2807 4045 Christi
2847 3992 2903 4044 in
2942 4007 3102 4044 carne
3146 4007 3262 4044 mea
3277 3990 3342 4045 9⁸.
3374 3990 3616 4045 Stratum

2037 4090 2218 4136 autem
2252 4082 2516 4152 magistri,
2556 4083 2682 4153 quia
2731 4083 3009 4154 proprium
3053 4091 3138 4136 est
3168 4081 3346 4146 strati,
3377 4091 3439 4136 ut
3470 4083 3524 4134 in
3553 4097 3620 4136 eo

2038 4175 2342 4243 requiescat
2387 4190 2668 4244 possessor
2707 4177 2846 4242 ejus,
2883 4175 3057 4230 modis
3112 4174 3364 4230 omnibus
3391 4175 3480 4230 ille
3524 4190 3622 4244 per

2039 4267 2144 4320 hoc
2192 4266 2492 4336 discipulus
2541 4266 2863 4337 intelligitur
2905 4267 2961 4321 in
2995 4282 3106 4337 quo
3143 4277 3368 4338 prepter
3394 4265 3618 4320 nimiam

2039 4359 2428 4422 obedientiam,
2491 4359 2748 4431 magister
2788 4359 2944 4431 ipse,
2989 4369 3044 4414 et
3083 4360 3204 4430 ejus
3256 4359 3481 4429 spiritus
3531 4373 3620 4411 re-

355 4449 712 4504 sustinentes.
751 4447 844 4502 Vel
870 4449 982 4518 ipse
1026 4464 1150 4503 cum
1194 4449 1266 4503 sit
1295 4450 1626 4520 impudicus,
1659 4459 1712 4504 et
1739 4465 1936 4504 secun-
1971 4456 2012 4510 Ι)
2041 4451 2292 4519 quiescit.
2337 4452 2492 4516 Quod
2545 4451 2857 4506 manifestat
2898 4449 3100 4506 Paulus
3154 4466 3219 4506 ex
3269 4451 3357 4506 his
3401 4467 3521 4520 qua:
3552 4449 3617 4503 al

357 4541 485 4596 dum
508 4541 756 4610 proprias
784 4541 1066 4609 passiones
1094 4542 1209 4595 sive
1231 4541 1706 4610 concupiscentias
1735 4541 1940 4595 doctri-

360 4649 485 4687 nam
526 4633 691 4686 ﬂuat:
733 4641 790 4686 et
831 4633 980 4688 verbi
1026 4641 1196 4702 gratia
1232 4650 1358 4688 cum
1392 4635 1700 4688 sitamator
1729 4633 1940 4688 adulte-

363 4726 450 4790 rii,
485 4726 693 4794 respuit
719 4735 865 4794 quod
899 4735 984 4780 est
1014 4728 1081 4780 de
1109 4727 1362 4781 castitate
1388 4727 1704 4781 mandatum
1735 4745 1748 4780 :
1777 4726 1863 4781 vel
1896 4726 1940 4779 si

360 4827 696 4872 comessator
724 4828 780 4872 ct
802 4820 1070 4884 ebriosus,
1097 4819 1431 4888 jejuniorum
1453 4819 1660 4890 legem:
1683 4818 1770 4873 hic
1789 4833 1939 4888 ergo,

361 4910 487 4976 quia
520 4909 760 4978 magistri
796 4917 1053 4962 censetur
1094 4909 1337 4972 nomine,
1370 4917 1427 4962 et
1460 4923 1570 4961 non
1598 4923 1729 4961 sana
1759 4908 1938 4970 docet,

363 5003 457 5054 sed
486 5003 784 5070 corrumpit
813 5001 1144 5065 doctrinam,
1173 5015 1334 5070 quam
1365 4999 1593 5068 profert,
1625 5015 1734 5054 non
1761 5009 1943 5070 potest

363 5088 476 5141 Deo
509 5089 647 5144 ﬁlios
683 5105 992 5160 procreare,
1050 5090 1195 5144 unde
1247 5099 1299 5143 ct
1335 5088 1659 5158 proﬂuvium
1719 5089 1942 5143 seminis

368 5181 476 5247 pati
503 5182 717 5237 dicitur.
751 5184 922 5236 Nimis
946 5198 1076 5252 ergo
1111 5183 1506 5236 rationabiliter
1543 5181 1787 5235 subdidit
1821 5199 1833 5234 :

438 5270 626 5326 Omnes
667 5276 774 5328 dies
805 5277 1052 5344 proﬂuuii
1091 5275 1324 5344 corporis
1355 5275 1490 5344 ejus,
1527 5275 1581 5327 in
1611 5273 1796 5344 quibus
1813 5289 1940 5350 con-

366 5362 503 5415 sistit
536 5380 718 5433 corpus
739 5369 850 5434 ejus
877 5369 929 5422 in
957 5368 1298 5436 proﬂuvium,
1334 5367 1668 5420 immunditia
1703 5368 1817 5436 ejus
1841 5375 1936 5420 est.

369 5455 662 5528 Quousque
708 5461 855 5513 enim
903 5461 984 5515 sic
1032 5465 1213 5526 docet,
1254 5468 1312 5516 et
1340 5460 1615 5515 doctorale
1644 5460 1944 5528 corrumpit

2041 4540 2354 4596 Corinthios
2405 4541 2642 4611 scripsit,
2696 4541 2923 4595 laudans
2974 4557 3069 4596 eos
3111 4541 3256 4613 quod
3302 4541 3620 4596 obedientes

2043 4635 2368 4705 semetipsos
2416 4635 2538 4690 Tito
2583 4636 2972 4706 praebuerunt:
3028 4635 3393 4689 Abundantius
3442 4643 3620 4688 autem

2044 4729 2209 4796 gavisi
2238 4745 2417 4781 sumus
2456 4729 2511 4780 in
2558 4728 2751 4797 gaudio
2797 4723 2922 4791 Titi,
2959 4726 3084 4798 quia
3125 4726 3378 4796 requievit
3403 4727 3618 4796 spiritus

2043 4817 2160 4886 ejus
2195 4817 2249 4870 in
2289 4817 2528 4870 omnibus
2557 4816 2698 4869 vobis
2717 4816 2786 4868 θ’.
2819 4812 3021 4867 Eorum
3061 4828 3193 4885 ergo
3221 4813 3312 4884 qui
3346 4813 3620 4883 impudica

2045 4909 2259 4966 docent.
2297 4916 2352 4962 et
2391 4906 2625 4961 filiorum
2656 4904 3019 4976 procreationi
3055 4907 3458 4966 contradicunt,
3486 4905 3620 4970 legi-

2045 5001 2309 5068 timasque
2356 5007 2623 5067 respuunt
2671 4997 2912 5066 nuptias,
2942 5006 3004 5050 ut
3033 5011 3130 5066 per
3158 4997 3263 5050 hoc
3304 4994 3620 5048 fornicatio—

2044 5107 2168 5146 nem
2196 5091 2563 5154 introducant,
2601 5098 2826 5158 propter
2860 5087 3005 5157 quod
3047 5096 3101 5140 ct
3126 5085 3326 5139 ﬂuxum
3354 5084 3622 5154 patientes

2043 5183 2267 5237 seminis
2290 5182 2564 5246 dicuntur,
2596 5188 2783 5250 utpote
2821 5178 3054 5251 genitale
3085 5192 3294 5238 semen,
3323 5187 3374 5230 et
3405 5178 3623 5245 nuptia-

2049 5291 2166 5330 rum
2201 5275 2370 5345 Iegem
2399 5281 2831 5342 eorrumpentcs,
2867 5271 2934 5326 de
2993 5271 3192 5338 quibus
3223 5267 3418 5321 Paulus
3471 5269 3624 5322 dire-

2049 5367 2142 5420 bat
2171 5383 2184 5420 :
2219 5364 2356 5429 Quia
2391 5364 2446 5418 in
2480 5363 2773 5417 novissimis
2799 5359 3121 5430 temporibus
3146 5356 3384 5411 recedent
3408 5357 3624 5427 quidam

2049 5475 2081 5511 a
2115 5456 2240 5526 ﬁde,
2279 5457 2604 5509 attendentes
2625 5451 2897 5525 spiritibus
2930 5450 3143 5513 erroris,
3174 5457 3222 5502 et
3245 5448 3494 5501 doctrinis
3519 5449 3626 5500 dw-

441 5663 713 5719 "Coloss.
744 5681 805 5723 tt.
835 5665 900 5717 18
928 5706 941 5727 ,
979 5666 1068 5719 19.
1144 5667 1190 5699 θ’
1217 5665 1392 5721 Galat.
1427 5682 1464 5727 ι,
1493 5666 1543 5718 8.
1621 5666 1663 5696 ’³
1687 5664 1728 5718 ll
1761 5663 1914 5718 Timo

2035 5680 2104 5724 tv,
2131 5666 2181 5717 5.
2262 5663 2306 5697 ⁸⁵
2333 5661 2490 5715 Prov.
2522 5675 2573 5718 χ,
2607 5658 2690 5712 l9.
2763 5658 2806 5688 ’⁵
2829 5653 3064 5724 Philipp.
3089 5668 3125 5718 ι,
3158 5652 3333 5707 iii-l7.
3405 5651 3470 5685 ⁸³⁸
3500 5649 3624 5705 Act.

373 5749 450 5802 ιι,
486 5736 568 5789 15.
679 5736 724 5768 ’⁸
758 5735 798 5788 ll
831 5736 954 5788 Cor.
989 5753 1109 5798 sui,
1135 5737 1187 5790 5.

571 5829 839 5890 Parnm.
887 5831 1000 5888 Gn.
1051 5829 1252 5889 XCIII.

1298 5736 1601 5805 “Philipp.
1641 5751 1720 5800 ιιι,
1763 5737 1844 5788 l7.

1955 5734 2003 5768 ”'
2034 5736 2244 5788 Coloss.
2275 5749 2311 5798 ι,
2339 5734 2428 5787 Ἠ.

2545 5733 2590 5762 "
2623 5730 2667 5784 ιι
2707 5728 2832 5783 Cor.
2862 5741 2956 5789 vn,
2990 5727 3070 5780 t5.

3237 5816 3303 5878 31
