3988 6222
413 420 515 487 971

1604 400 1966 463 ιΙΕδΥΕΗΙΙ
2022 401 2490 459 l’liESlW'l‘EHl

3592 418 3703 482 972

411 544 702 601 ηιοηίυηιω
750 537 804 592 ίπ
846 533 1132 606 ἠυρθίήδὶο
1168 531 1520 584 “Metium”
1572 530 1817 586 ίιίιθεηιεε
1862 548 1988 587 εοη-
2020 536 2060 594 Α
2160 529 2502 591 Generaliter
2526 528 2704 585 sanxit
2728 544 2836 583 non
2879 530 3041 586 licere
3072 530 3209 603 tangi
3258 531 3493 588 fructum
3522 534 3703 590 labio-

410 634 704 694 scientiant,
750 628 1080 697 prohibentes
1133 628 1342 687 nubere,
1386 631 1432 676 et
1475 622 1742 674 abstinere
1788 638 1820 674 a
1850 621 2001 679 cibis,

410 742 527 799 qua:
559 726 694 778 Deus
743 721 941 775 creavit
985 724 1056 772 ad
1082 715 1477 786 percipiendum
1506 713 1544 778 ί,
1605 720 1835 766 stratum
1879 710 2000 779 qui-

409 823 554 884 dem,
596 827 652 872 et
694 832 787 871 vas
838 813 1139 869 secundum
1190 809 1513 880 praedictum
1544 808 1768 861 malum
1804 804 2000 859 ﬂuunt.

409 915 733 985 Quicunque
759 909 811 963 in
832 916 1043 963 tantum
1075 903 1341 958 immundi
1377 910 1525 965 sunt,
1556 910 1740 955 utnec
1769 898 2001 953 munda-

348 1052 362 1069 .
408 1012 613 1065 tionem
639 1016 829 1062 eorum
876 1003 1202 1074 praeciperet
1232 998 1548 1068 legislator:
1598 996 1703 1051 scit
1734 996 1879 1050 enim
1906 1009 2002 1050 eos

408 1104 479 1159 ita
510 1101 702 1157 morbo
747 1098 993 1159 aﬂ‘ectos,
1033 1104 1095 1151 ut
1126 1092 1510 1165 pmnitentiam
1557 1102 1718 1162 agere
1764 1089 1999 1142 nullate-

407 1213 514 1252 nus
540 1193 795 1267 possint:
855 1204 964 1245 non
993 1188 1142 1243 enim
1178 1203 1245 1240 ex
1295 1182 1601 1256 ignorantia
1651 1183 1710 1236 in
1771 1180 1862 1235 tali
1899 1182 2000 1235 do-'

408 1286 603 1349 ctrina,
646 1284 742 1338 sed
801 1296 967 1352 prava
1014 1277 1340 1334 habitudine
1372 1275 1590 1341 infecti,
1622 1274 1678 1328 in
1705 1273 2000 1344 impudicis

409 1377 676 1447 corrupti,
712 1390 807 1431 seu
856 1372 1103 1429 dissoluti
1132 1376 1260 1425 sunt
1303 1369 1483 1424 verbis
1512 1386 1526 1421 :
1572 1369 1718 1422 unde
1751 1367 1910 1421 etiam
1941 1367 1998 1422 in

413 1482 624 1527 tantum
650 1469 884 1523 libenter
912 1465 960 1520 ei
982 1464 1352 1518 adhaeserunt.
1373 1460 1431 1517 Si
1455 1470 1634 1515 autem
1661 1460 1779 1531 quis
1797 1460 1998 1529 ’tetigeo

413 1569 484 1620 rit
513 1562 757 1619 lectulum
790 1561 925 1630 ejus,
951 1559 1004 1612 id
1037 1568 1120 1612 est
1151 1556 1192 1611 si
1222 1555 1500 1625 particeps
1532 1553 1717 1617 fuerit,
1747 1562 1999 1620 sumpse-

407 1659 583 1727 ritque
615 1657 682 1711 de
725 1655 971 1709 doctrina
1004 1653 1145 1722 ejus,
1178 1660 1233 1704 et
1270 1660 1382 1701 non
1434 1646 1701 1701 insederit
1731 1643 1996 1715 dogmati-

405 1753 506 1806 bus
543 1751 663 1820 ejus
680 1748 770 1818 qui
794 1761 957 1817 prava
983 1746 1144 1800 ducet
1170 1756 1233 1796 ac
1265 1740 1506 1802 sordida,
1534 1740 1846 1807 iniquorum
1876 1736 1996 1805 ejus

404 1846 694 1900 verborum
721 1838 1020 1909 discipulus
1041 1837 1267 1891 exsistit.
1291 1832 1397 1888 Sed
1421 1830 1811 1901 discipulorum
1829 1828 1994 1893 illius,

404 1941 503 2010 ipsi
546 1937 813 2007 siquidem
874 1942 1002 1989 sunt
1052 1934 1174 2000 ejus
1241 1943 1367 1983 vasa
1437 1934 1492 1981 ct
1576 1934 1839 1987 strattttn,
1902 1924 1996 1992 qui

406 2030 559 2086 audit
583 2043 701 2093 eos,
730 2028 845 2097 ipse
886 2039 1103 2094 quoque
1131 2020 1450 2077 immundus
1481 2024 1582 2071 est.
1614 2016 1786 2069 Laval
1822 2026 2002 2067 tamen

405 2120 730 2176 vestimenta
760 2130 855 2170 sua
889 2129 986 2185 per
1032 2111 1433 2183 paenitentiam,
1481 2108 1621 2162 sicut
1661 2121 1806 2175 smpe
1858 2105 2001 2159 divi-

406 2226 551 2275 mus,
604 2220 659 2267 et
688 2213 806 2282 ipse
840 2209 987 2263 lotus
1030 2220 1171 2275 aqua
1196 2204 1560 2273 lacrymarum
1603 2201 1689 2253 vel
1719 2197 1997 2267 baptismi,

405 2303 722 2361 immundus
785 2302 890 2358 erit
940 2314 1114 2370 usque
1165 2297 1232 2351 ad
1305 2309 1635 2365 chperum;
1693 2291 1999 2361 usquedum

405 2411 623 2469 tempus
674 2396 943 2467 compleat
983 2391 1343 2465 paenitentiae.
1374 2387 1550 2459 Hujus
1589 2385 1735 2441 enim
1768 2385 1997 2456 ﬁguram

405 2506 695 2562 vesperum
741 2490 793 2543 in
825 2488 1011 2542 multis
1041 2486 1201 2555 gerit,
1244 2491 1299 2537 et
1329 2481 1589 2544 maxime,
1616 2479 1743 2548 quia
1770 2479 1823 2531 in
1855 2492 1995 2532 con-

404 2584 774 2640 summatione
823 2583 1170 2643 Str-culorum,
1205 2577 1259 2631 id
1317 2583 1422 2641 cst,
1481 2587 1679 2629 occasu
1715 2569 2001 2642 praasentis

404 2679 610 2743 szeculi,
644 2676 896 2731 Christus
928 2673 1085 2726 nobis
1111 2669 1429 2741 prmdicavit
1449 2663 1853 2737 pmnitcntiam.

473 2769 640 2823 Vens.
674 2769 726 2832 7,
764 2766 818 2821 8.
857 2785 873 2817 ι
919 2765 1024 2830 Qui
1076 2763 1316 2833 tetigerit
1342 2774 1563 2814 carnem
1611 2758 1754 2825 ejus,
1796 2752 2002 2809 lavabit

405 2864 731 2919 vestimenta
788 2875 907 2926 sua,
948 2866 1004 2912 ct
1035 2857 1151 2927 ipse
1195 2856 1340 2908 lotus
1392 2867 1529 2921 aqua
1555 2847 1870 2904 immundus
1895 2846 2000 2900 erit

403 2968 577 3027 usque
633 2954 697 3009 ad
755 2965 1065 3021 vesperum.
1099 2949 1153 3003 Si
1199 2947 1424 3001 salivam
1478 2940 1791 3012 bujusmodi
1836 2941 1999 2994 homo

397 3048 591 3121 jecerit
635 3061 799 3117 super
833 3059 957 3099 eum
994 3041 1087 3113 qui
1136 3039 1377 3095 mundus
1413 3045 1535 3099 est,
1582 3031 1787 3087 lavabit
1831 3030 1999 3084 vesti-

403 3117 585 3195 menta
615 3154 735 3201 sua,
769 3144 823 3191 et
856 3136 1001 3189 lotus
1039 3148 1200 3203 aqua,
1236 3127 1555 3184 immundus
1584 3128 1689 3178 erit
1734 3136 1903 3191 usque
1931 3117 1994 3172 ad

403 3247 715 3304 vesperum.
753 3250 770 3282 ›

475 3322 610 3379 Eum
641 3319 897 3376 videlicet
923 3316 1015 3386 qui
1047 3314 1104 3370 tit
1145 3313 1419 3384 particeps
1448 3307 1734 3373 doetrinm,
1766 3305 1995 3376 profana

402 3417 670 3480 docentis,
704 3410 1043 3467 immundum
1087 3422 1207 3462 esse
1249 3419 1422 3472 usque
1469 3404 1598 3456 dum
1636 3401 1994 3469 semetipsum

401 3506 571 3561 diluat
612 3518 708 3574 per
746 3499 1148 3572 paenitentiam,
1181 3511 1302 3550 eam
1347 3508 1508 3565 quam
1538 3492 1815 3561 lcgislator
1858 3505 1996 3561 prae-

402 3598 567 3668 cepit,
597 3597 713 3651 sive
742 3594 884 3649 ultro
912 3591 1183 3662 quispiam
1217 3587 1493 3658 particeps
1520 3586 1785 3640 efﬁciatur
1814 3600 1995 3653 pravae

402 3690 680 3756 doctrinm,
707 3687 813 3742 hoc
836 3693 919 3742 cst
949 3685 1097 3741 enim
1128 3695 1348 3737 carnem
1393 3689 1635 3749 tangere,
1671 3675 1875 3729 ﬂuxum
1907 3690 1994 3728 sc-

350 3812 354 3816 σ
403 3783 568 3839 minis
594 3779 874 3852 patientis,
905 3778 1020 3833 sive
1060 3772 1309 3830 docentis
1338 3787 1402 3826 ex
1432 3785 1598 3840 opere
1641 3769 1823 3822 initiat
1861 3783 1995 3836 quo-

403 3876 691 3933 dammodo
749 3872 1145 3943 semetipsum,
1200 3865 1612 3934 introducitque
1672 3877 1990 3918 sermonem

402 3968 665 4025 doctrinae
689 3983 822 4031 suae,
882 3965 990 4019 hoc
1013 3972 1096 4018 cst
1138 3961 1362 4016 salivam
1417 3958 1704 4028 projicere.
1768 3955 1995 4023 Propter

404 4060 546 4131 quod
574 4060 792 4130 Aquila,
819 4058 864 4111 si
885 4071 1040 4127 super
1069 4052 1329 4121 exspiret-it
1352 4067 1368 4103 :

476 4151 632 4206 Vsus.
666 4151 720 4205 9.
761 4170 779 4202 ‹
811 4149 1008 4220 Sagma
1037 4161 1203 4216 super
1234 4141 1380 4213 quod
1416 4140 1623 4195 scdcrit
1650 4136 1991 4193 immundum

404 4247 508 4301 erit
538 4258 711 4314 usque
742 4242 812 4296 ad
836 4253 1151 4311 vesperum.
1189 4255 1209 4289 ι

469 4337 621 4394 Sicut
652 4343 881 4391 stratum
919 4332 973 4386 in
998 4346 1106 4402 quo
1137 4332 1184 4385 is
1220 4330 1314 4398 qui
1346 4327 1548 4382 ﬂuxum
1595 4327 1820 4381 seminis
1849 4327 1992 4397 pati-

404 4441 510 4496 tur,
566 4426 881 4500 requiescit,
916 4436 970 4482 et
1014 4441 1109 4481 vas
1137 4430 1190 4477 in
1223 4439 1333 4493 quo
1364 4422 1517 4476 sedet
1571 4421 1756 4487 nimis,
1810 4420 1861 4474 id
1911 4426 1995 4473 est

401 4524 557 4580 valde
595 4539 722 4580 eum
765 4522 1114 4578 adhaerentes
1157 4516 1502 4587 disciplinas.
1551 4554 1564 4568 .
1611 4555 1624 4568 .
1671 4553 1683 4566 .
1730 4553 1744 4565 .
1790 4554 1803 4568 .
1858 4555 1868 4568 .
1915 4552 1928 4565 .
1973 4550 1989 4566 .

2111 634 2250 684 rum,
2269 636 2456 675 eorum
2477 621 2571 689 qui
2599 620 2828 690 subjecti
2846 629 2975 683 sunt
3006 620 3184 677 eﬂ'ecti
3200 622 3425 693 profana
3452 626 3701 681 docenti-

2108 710 2228 774 bus,
2252 712 2342 780 qui
2362 713 2723 768 subdiderunt
2738 714 3062 784 semetipsos
3077 714 3495 784 quodammodo,
3518 720 3702 774 verbis

2107 816 2267 874 atque
2284 807 2597 879 incongruis
2618 809 2881 864 doctrinis
2904 810 3319 866 substernentes
3338 812 3548 871 animus
3571 830 3701 871 suas

2108 907 2364 968 tanquam
2392 915 2542 967 vasa,
2570 902 2627 955 in
2656 917 2780 971 qua:
2795 901 3019 956 distillet
3059 903 3358 972 impietatis
3397 921 3698 963 venenum.

2105 987 2171 1043 Et
2206 990 2439 1061 tetigerit
2469 991 2694 1061 aliquid,
2728 992 3057 1050 immundus
3086 993 3212 1059 erit,
3239 1010 3337 1050 seu
3362 996 3406 1051 is
3436 1013 3537 1052 suo
3567 1013 3704 1069 pec.

2100 1090 2228 1137 cato
2261 1083 2585 1154 susceperit,
2607 1084 2722 1139 sive
2744 1085 3069 1156 imposuerit
3092 1087 3239 1156 quod
3266 1086 3446 1143 facere
3474 1091 3701 1158 quidam

2104 1181 2530 1241 consueverunt,
2584 1172 2700 1241 ipse
2730 1174 2890 1244 quasi
2916 1174 3097 1230 dicere
3131 1191 3191 1230 se
3227 1186 3375 1232 recta
3396 1188 3489 1233 aut
3514 1177 3701 1234 facere

2103 1263 2442 1327 simulantes,
2465 1278 2655 1319 eorum
2667 1274 2849 1320 autem
2865 1266 2958 1337 qui
2982 1282 3147 1337 prava
3159 1267 3379 1333 docent,
3400 1279 3491 1324 aut
3506 1282 3697 1340 agunt,

2101 1355 2426 1412 conﬁrmant
2438 1366 2686 1422 conatus,
2718 1366 2880 1429 atque
2904 1360 3024 1414 ideo
3048 1360 3283 1430 qualiter
3300 1376 3361 1417 se
3381 1378 3506 1433 erga
3535 1379 3699 1432 prava

2102 1446 2343 1501 habeant
2389 1447 2809 1504 convincuntur.
2839 1448 3208 1505 Nihilominus
3251 1451 3354 1520 ipsi
3390 1453 3699 1508 secundum

2103 1539 2418 1610 praedictum
2436 1539 2679 1602 modum,
2700 1540 2900 1617 habent
2914 1542 3275 1596 necessariam
3296 1543 3693 1613 paenitentiam.

2172 1631 2341 1686 Vens.
2375 1634 2462 1686 tl.
2504 1652 2523 1684 ί
2565 1632 2775 1696 Omnis,
2812 1649 2971 1702 quem
3020 1635 3256 1705 tetigerit
3302 1637 3392 1706 qui
3426 1637 3545 1691 talis
3587 1649 3695 1697 est.

2100 1739 2210 1779 non
2243 1725 2369 1780 lotis
2412 1735 2539 1781 ante
2573 1726 2845 1791 manibus,
2886 1726 3086 1782 lavabit
3122 1728 3445 1783 vestimenta
3493 1745 3611 1791 sua,
3644 1741 3698 1784 et

2103 1816 2246 1871 lotus
2274 1833 2412 1887 aqua
2443 1818 2759 1872 immundus
2791 1817 2895 1872 erit
2923 1832 3095 1887 usque
3121 1819 3188 1873 ad
3215 1835 3523 1889 vesperam.
3562 1839 3579 1870 ι

2175 1910 2491 1965 Necessario
2506 1910 2864 1982 praesentibus
2882 1911 3061 1966 verbis
3077 1927 3209 1966 usus
3228 1921 3313 1967 est
3333 1913 3609 1984 legislator
3628 1930 3698 1969 ne

2105 2003 2329 2057 omnino
2355 2002 2512 2057 nobis
2548 2002 2699 2057 ﬂeret
2738 2003 3045 2072 desperatio
3074 2003 3142 2058 de
3180 2003 3567 2074 conjunctione
3593 2006 3699 2060 do-

2105 2094 2282 2149 eentis
2330 2109 2514 2163 prava,
2545 2096 2639 2149 sed
2674 2094 2819 2148 illam
2865 2102 3096 2158 tantum,
3127 2110 3248 2166 qua:
3278 2104 3361 2149 est
3393 2099 3696 2166 usquedum

2104 2185 2360 2254 respiciat
2382 2186 2446 2239 ad
2482 2183 2883 2254 paenitentiam,
2916 2193 3077 2253 atque
3107 2185 3229 2239 ideo
3253 2193 3380 2239 sunt
3402 2185 3695 2248 immundi.

2104 2293 2460 2347 quoscunque
2482 2278 2684 2332 ﬂuxum
2734 2276 2958 2331 seminis
2983 2277 3195 2345 patiens
3234 2276 3489 2348 tetigerit,
3524 2279 3578 2332 id
3612 2288 3702 2334 est

2103 2369 2305 2438 quibus
2333 2369 2654 2423 commistus
2678 2368 2858 2422 fuerit.
2911 2369 3032 2422 Non
3069 2368 3196 2424 lotis
3230 2380 3413 2425 autem
3444 2372 3699 2428 manibus

2102 2476 2261 2529 aqua,
2287 2461 2521 2515 necdum
2548 2460 2801 2515 videlicet
2826 2474 2980 2514 suam
3001 2460 3164 2515 vitam
3192 2477 3287 2531 per
3314 2463 3699 2533 paenitentiam

2102 2554 2305 2608 abluit:
2338 2554 2520 2608 lavare
2549 2553 2815 2623 siquidem
2850 2568 3074 2620 manus,
3109 2555 3286 2610 sordis
3323 2555 3606 2624 cujusdam
3644 2567 3699 2611 ct

2102 2646 2326 2702 maculae
2348 2646 2742 2715 depositionem
2770 2630 3096 2700 manifestat.
3118 2646 3345 2716 Propter
3359 2649 3504 2718 quod
3522 2649 3693 2704 David

2099 2739 2313 2793 dicebat
2341 2755 2353 2792 :
2381 2738 2592 2791 Lavabo
2622 2738 2758 2790 inter
2777 2738 3073 2791 innocentes
3100 2755 3286 2792 manus
3309 2755 3472 2804 meas,
3506 2749 3556 2793 et
3581 2740 3692 2793 εἰν-«-

2103 2831 2249 2884 cnibo
2266 2831 2441 2884 altare
2461 2839 2626 2892 tuum,
2651 2827 2872 2882 Domine
2886 2831 2927 2882 ’.
2953 2829 3216 2884 Sardibus
3232 2830 3378 2884 enim
3397 2839 3502 2898 est,
3519 2832 3699 2900 turpia

2100 2930 2156 2975 et
2172 2935 2333 2991 prava
2351 2920 2573 2975 docens.
2593 2919 2669 2972 Ex
2686 2920 2811 2974 vitte
2830 2921 2976 2974 enim
3003 2920 3234 2987 fallacia,
3256 2932 3313 2977 et
3325 2923 3543 2979 sordida
3559 2940 3697 2978 con-

2100 3012 2328 3067 scientia
2358 3012 2425 3065 ad
2446 3012 2763 3081 bujusmodi
2789 3013 3034 3082 pervenit
3054 3013 3378 3069 doctrinam.
3413 3014 3521 3071 lste
3537 3031 3690 3087 ergo,

2100 3107 2188 3176 qui
2224 3107 2277 3160 in
2306 3106 2463 3160 malis
2501 3105 2763 3160 docendis
2814 3105 3137 3175 quibusdam
3169 3110 3527 3179 semetipsum
3558 3111 3695 3165 mis—

2102 3200 2296 3265 cuerit,
2327 3198 2565 3258 necdum
2607 3199 2676 3252 ad
2728 3199 3105 3269 paenitentiam
3152 3200 3469 3270 respiciens,
3503 3212 3555 3257 et
3584 3203 3694 3265 hic,

2104 3290 2438 3355 immundus,
2468 3292 2848 3362 paenitentiam
2887 3292 3053 3347 habet
3097 3295 3483 3349 necessariam.
3527 3296 3699 3351 Lavct

2100 3398 2232 3452 ergo
2262 3384 2587 3437 vestimenta
2615 3397 2733 3447 sua,
2761 3382 2813 3436 id
2847 3394 2929 3437 est
2965 3385 3233 3455 actiones,
3266 3400 3387 3455 quae
3430 3400 3532 3440 nos
3571 3388 3694 3456 opi-

2099 3476 2361 3530 nionibus
2386 3474 2622 3530 etsectis
2656 3474 3059 3540 ditferentibus,
3081 3475 3219 3530 sicut
3265 3478 3402 3531 stola
3436 3478 3691 3533 induunt.

2098 3569 2199 3633 Qui
2234 3581 2365 3638 ergo
2392 3566 2663 3636 patientes
2696 3567 2975 3621 sustinent
3005 3567 3195 3631 malos,
3223 3578 3278 3622 et
3302 3583 3369 3622 ex
3418 3569 3689 3638 conjunc-

2098 3661 2246 3714 tione
2292 3659 2417 3713 talia
2461 3657 2775 3713 docentium
2832 3660 2897 3713 ad
2947 3659 3189 3714 actiones
3243 3661 3411 3714 n.alas
3461 3676 3689 3715 convcr-

2099 3762 2304 3818 tuntur,
2338 3755 2500 3809 etiam
2536 3760 2759 3823 propter
2779 3752 2882 3807 hoc
2906 3751 3084 3806 lavent
3117 3766 3312 3822 corpus
3345 3768 3501 3807 suum
3527 3769 3691 3822 aqua,

2098 3858 2159 3902 ut
2191 3856 2246 3902 et
2278 3862 2436 3901 suum
2465 3846 2726 3916 templum
2758 3861 2788 3899 a
2815 3846 3190 3915 compassione
3238 3846 3529 3900 verborum
3569 3846 3695 3899 illu-

2098 3958 2216 3995 rum
2258 3940 2567 4010 puriﬂcent,
2621 3946 2675 3993 et
2708 3948 2837 3993 tunc
2883 3947 3096 3993 certum
3147 3939 3252 3993 erit
3289 3938 3415 4008 quia
3461 3938 3691 3993 munda-

2097 4034 2318 4088 buntur.
2336 4030 2470 4086 Nam
2491 4032 2590 4087 etsi
2630 4031 2945 4087 immundus
2981 4030 3147 4086 fuerit
3193 4046 3364 4100 usque
3396 4031 3464 4085 ad
3496 4045 3691 4097 vespe-

2102 4136 2240 4185 ram,
2279 4122 2423 4190 quod
2463 4128 2546 4175 est
2591 4136 2764 4189 usque
2812 4120 2879 4173 ad
2911 4129 3125 4191 tempus
3166 4118 3522 4187 prenitcntise,
3550 4117 3693 4172 sicut

2094 4215 2415 4286 praedictum
2436 4223 2539 4276 est,
2565 4215 2658 4284 qui
2678 4213 2840 4269 docet
2857 4212 3105 4283 profana,
3130 4212 3251 4266 sine
3272 4210 3440 4265 dubio
3455 4208 3690 4263 mundus

2097 4307 2202 4359 erit
2235 4315 2356 4375 post
2391 4305 2788 4375 paenitentiam.

2168 4413 2332 4468 Vens.
2372 4415 2456 4467 12.
2497 4433 2514 4465 ι
2558 4412 2623 4466 Et
2654 4428 2749 4467 vas
2793 4412 2956 4467 ﬁctile
2996 4411 3308 4483 quicunque
3338 4411 3685 4483 tetigeritqui

2098 4506 2302 4561 ﬂuxum
2353 4505 2578 4560 seminis
2624 4506 2850 4574 patitur,
2904 4504 3300 4574 confringatur.
3357 4502 3463 4558 Vas
3507 4513 3687 4558 autem

399 4629 522 4683 quae
567 4613 781 4681 ditiicile
810 4610 1009 4668 mutari
1050 4610 1133 4665 vel
1166 4581 1365 4664 muniri
1415 4604 1661 4677 poSsunt.
1692 4603 1781 4659 Sic
1822 4603 1986 4658 etiam
2025 4581 2063 4634 υ
2095 4598 2333 4669 ligneum
2373 4597 2645 4651 lavabitur
2666 4612 2827 4667 aqua,
2856 4604 2910 4650 et
2940 4596 3203 4649 mundum
3236 4595 3360 4650 erit.
3401 4615 3419 4647 ο

402 4707 491 4761 hic
511 4706 566 4759 in
593 4723 799 4777 sagina,
819 4705 931 4760 sive
957 4715 1013 4758 ut
1034 4701 1175 4757 LXX
1196 4701 1501 4765 ediderunt,
1528 4699 1583 4751 in
1615 4713 1799 4768 sagma
1825 4697 1984 4758 asini,

399 4795 844 4869 negligentiorem
874 4795 1094 4867 quidem
1128 4793 1475 4862 discipulum,
1507 4791 1601 4845 scd
1636 4800 1818 4844 tamen
1844 4787 1984 4841 mol-

400 4890 505 4944 lius
528 4890 816 4945 habentem
836 4904 930 4944 cor
951 4888 1016 4943 ad
1035 4887 1480 4943 commutandum
1503 4899 1560 4938 se
1590 4901 1601 4936 :
1635 4880 1816 4935 mollia
1838 4879 1985 4934 enim

397 4994 641 5059 Stigmata
656 4983 792 5038 asini
810 4981 1078 5054 legislator
1104 4979 1392 5036 intellexit.
1417 4977 1523 5030 Sed
1543 4975 1659 5029 etis
1680 4973 1804 5044 quia
1826 4973 1985 5027 bonis

397 5075 670 5149 magistris
698 5076 899 5140 excuti,
926 5074 1009 5129 vel
1031 5072 1160 5127 dilui
1193 5080 1354 5141 atque
1378 5082 1636 5137 respuere
1658 5064 1861 5119 malum
1887 5064 1993 5118 dis-

396 5170 691 5240 cipulatum
743 5177 921 5240 potest
953 5187 965 5221 :
1000 5166 1124 5237 quia
1158 5164 1263 5218 tale
1302 5170 1385 5215 est
1430 5160 1574 5230 quod
1613 5158 1773 5223 LXX,
1801 5158 1998 5211 ἐπισα-

395 5276 512 5327 γμα
545 5260 840 5330 appellant,
874 5258 928 5312 id
948 5266 1050 5318 est,
1078 5263 1314 5308 stratura
1342 5259 1435 5315 ;ct
1464 5250 1578 5320 ipse
1600 5247 1852 5304 videlicet
1894 5247 2000 5300 im-

397 5348 633 5403 mundus
655 5349 778 5414 erit,
799 5347 1103 5416 usquedum
1125 5344 1189 5397 ad
1210 5339 1585 5413 pmoitentiam
1602 5354 1660 5393 se
1687 5336 1926 5392 verterit.

473 5437 635 5494 Vitas.
667 5439 754 5494 lt).
796 5459 812 5491 ι
846 5439 912 5491 Et
935 5435 1114 5491 omnis
1137 5435 1229 5506 qui
1262 5431 1499 5502 tetigerit
1526 5429 1785 5500 quidquid
1811 5428 1912 5483 sub
1934 5442 1999 5481 co

401 5530 523 5591 erit,
549 5530 863 5585 immundus
881 5530 988 5585 erit
1020 5542 1194 5597 usque
1221 5525 1288 5580 ad
1312 5538 1621 5594 vesperum.
1657 5522 1721 5576 lit
1749 5519 1838 5590 qui
1870 5535 1995 5589 por-

404 5617 599 5670 taverit
620 5617 812 5670 horum
842 5618 1062 5687 aliquid,
1089 5614 1628 5670 lavabitvestimenta
1650 5627 1768 5676 sua,
1794 5621 1849 5665 et
1880 5611 1995 5679 ipse

402 5701 548 5753 lotus
574 5715 709 5771 aqua
742 5703 1053 5757 immundus
1081 5704 1184 5757 erit
1217 5718 1385 5773 usque
1415 5702 1479 5756 ad
1512 5715 1822 5771 vesperum.
1859 5717 1877 5749 ›

514 5903 535 5934 ⁸
562 5900 585 5957 ι
611 5900 731 5956 Tim
780 5919 857 5968 tv,
886 5902 941 5955 l.
1051 5907 1069 5934 ¹
1097 5902 1242 5957 Psal.
1276 5922 1401 5970 xxv,
1429 5902 1482 5955 0.

1595 5905 1613 5934 ³
1650 5901 1820 5956 Itlor.
1846 5879 1943 5965 vti,
1975 5899 2029 5955 6.

2166 4690 2225 4745 lu
2239 4689 2610 4761 superioribus
2627 4690 2788 4759 hujus
2805 4687 3016 4759 legis,in
3039 4702 3142 4757 qua
3155 4688 3504 4743 dixitﬂuxum
3527 4689 3690 4747 semi-

2096 4786 2184 4840 nis
2216 4783 2536 4855 patientem,
2568 4780 2841 4852 quoslibct
2888 4779 3144 4834 homines
3173 4786 3401 4851 tangere
3456 4780 3687 4834 diximus

2096 4896 2208 4943 eos,
2227 4879 2425 4949 quibus
2446 4879 2557 4948 ipsc
2572 4891 2629 4932 se
2645 4890 2806 4946 prava
2827 4875 3029 4930 docens
3045 4874 3360 4939 immiscuit,
3388 4883 3443 4929 et
3460 4873 3689 4944 sumpsit

2098 4974 2165 5028 ad
2190 4972 2478 5043 quamdam
2530 4969 2843 5025 societatem
2898 4969 3002 5034 sui,
3036 4969 3142 5024 hoc
3189 4969 3334 5022 enim
3368 4977 3453 5023 est
3508 4977 3688 5039 aperte

2102 5075 2342 5137 tangere,
2363 5064 2506 5119 unde
2519 5072 2575 5117 et
2589 5061 2788 5117 Paulus
2804 5070 3026 5132 propter
3036 5061 3350 5117 societatem
3372 5061 3685 5115 muliebrem

2101 5158 2397 5213 cavendam
2428 5154 2669 5210 :Bouu'm
2694 5164 2787 5215 est.
2811 5154 3006 5224 inquit,
3031 5153 3252 5219 homini,
3287 5152 3556 5207 mulierem
3585 5164 3685 5203 non

2106 5262 2336 5321 tangere.
2394 5246 2620 5318 Propter
2664 5245 3038 5318 fornicationes
3107 5256 3282 5297 autem
3333 5242 3686 5314 unusquisque

2105 5356 2257 5393 suam
2304 5355 2518 5392 uxorem
2561 5339 2771 5400 habeat,
2802 5346 2849 5390 et
2898 5351 3226 5406 unaque-que
3277 5351 3429 5388 suum
3455 5333 3667 5388 virum".

2103 5430 2168 5485 lli
2189 5446 2318 5502 ergo
2338 5444 2462 5483 vasa
2484 5429 2602 5499 ejus
2619 5426 2793 5482 effecti
2816 5434 2942 5480 sunt
2957 5424 3259 5479 doctrinam
3271 5422 3363 5493 qui
3382 5423 3449 5479 ab
3467 5437 3551 5487 eo,
3566 5420 3687 5475 licet

2104 5537 2348 5594 parvam,
2382 5528 2746 5591 susceperunt
2792 5537 2805 5572 :
2846 5533 3023 5588 neque
3051 5517 3197 5571 enim
3243 5514 3554 5587 supersedit
3587 5512 3685 5576 eis,

2098 5614 2151 5667 id
2180 5621 2263 5668 est
2284 5627 2390 5667 non
2414 5620 2582 5666 totam
2602 5611 2655 5665 in
2685 5610 2832 5679 ipsos
2851 5624 3004 5664 suam
3027 5606 3333 5665 doctrinam
3360 5602 3684 5665 exinanivit,

2008 5756 2032 5767 ,
2103 5700 2275 5773 tetigit
2306 5709 2508 5768 tamen,
2540 5709 2751 5772 partem
2773 5700 3055 5770 quamdam
3087 5697 3324 5754 tradens.
3354 5696 3687 5752 Permaucnt
