3988 6222
317 401 427 471 973

1484 404 1568 469 ΙΝ
1603 406 2038 473 LEVITICUM.
2070 435 2140 447 ·-·-
2178 411 2324 474 LIB-
2360 414 2431 475 ξ’.

3477 421 3586 495 θη

310 512 479 586 igitur
521 509 735 573 ﬁctiles.
786 513 839 569 id
893 526 976 569 est
1025 515 1242 589 fragiles
1270 525 1328 574 et
1385 506 1586 576 terreni
1634 520 1702 579 ad
1727 519 1899 577 lutum
1931 544 1973 600 Α
2004 524 2179 581 sancti
2227 526 2465 599 Spiritus
2508 528 2753 603 designat
2805 530 3128 605 imaginem;
3158 538 3377 607 oportet
3415 529 3561 588 enim

308 617 488 667 suum,
542 609 599 657 et
624 602 693 659 ad
755 605 1162 673 corruptionem
1205 605 1301 662 luti
1351 607 1716 675 intendentcs,
1767 611 1894 680 quia

306 702 733 767 corrumpuntur
765 697 928 754 etiam
961 712 990 753 a
1022 698 1295 768 paucitate
1344 702 1656 768 verborum,
1696 717 1894 758 neces-

305 786 448 843 sarie
472 794 848 847 conteruntur.
888 789 944 844 Si
973 799 1153 845 autem
1184 790 1366 863 lignei,
1403 793 1528 864 quia
1552 794 1731 865 lignea
1766 809 1892 849 vasa

303 876 467 933 luteis
517 886 573 931 et
613 877 867 934 ﬁctilibus
921 880 1070 936 vasis
1116 879 1338 937 fortiora
1385 892 1534 946 sunt.
1577 883 1891 954 diutiusque

301 968 636 1033 subsistunt,
683 986 820 1040 aqua
864 970 1023 1027 lavati
1096 974 1444 1031 mundantur.
1502 975 1689 1044 Neque
1740 975 1890 1032 enim

301 1054 505 1111 insedit
538 1056 592 1110 in
625 1057 728 1119 eis,
753 1073 855 1114 nec
881 1075 1099 1119 omnem
1132 1062 1272 1131 ejus,
1304 1062 1445 1120 sicut
1476 1062 1743 1130 diximus,
1775 1080 1890 1119 ma-

298 1146 407 1203 lam
465 1149 771 1205 doctrinam
817 1162 1210 1224 susceperunt,
1247 1156 1601 1228 quamobrem
1654 1173 1757 1214 nec
1807 1159 1887 1214 sic

297 1237 664 1306 inﬁrmantur,
708 1250 768 1299 ut
795 1257 894 1311 per
914 1244 1293 1313 paenitentiam
1316 1247 1495 1309 sanari
1519 1263 1627 1305 non
1649 1249 1881 1318 possint.

295 1327 438 1401 Ergo
472 1330 704 1386 intentio
741 1341 827 1389 est
862 1334 1207 1405 legislatoris,
1242 1339 1540 1395 ostendere
1573 1340 1665 1409 qui
1704 1341 1883 1410 ρωπί-

296 1422 521 1476 tentiam
550 1433 729 1494 agant,
774 1424 857 1481 vel
885 1426 1009 1497 quia
1037 1443 1145 1481 non
1182 1429 1567 1498 paenitentiam
1595 1432 1884 1502 agentibus

294 1515 442 1570 salus
464 1515 692 1575 oﬂ'ertur
717 1533 731 1572 :

365 1601 530 1660 Vens.
564 1606 672 1662 45.
713 1626 732 1660 ί
775 1605 832 1661 Si
868 1615 1087 1663 sanatus
1138 1608 1321 1675 fuerit,
1376 1610 1465 1680 qui
1505 1611 1880 1683 hujuscemodi

288 1699 521 1755 sustinet
580 1700 910 1771 passionem,
951 1703 1295 1760 enumerabit
1360 1713 1570 1774 septem
1630 1706 1748 1761 dies
1812 1707 1878 1761 ad

288 1792 730 1848 emundationem
759 1795 866 1860 sui,
893 1806 949 1851 et
968 1792 1093 1851 lotis
1127 1795 1370 1852 vestibus
1392 1811 1455 1851 ac
1487 1804 1602 1852 toto
1624 1813 1879 1870 corpore,

286 1880 345 1935 in
375 1884 529 1952 aquis
549 1884 856 1942 viventibus
885 1887 991 1941 erit
1020 1887 1277 1943 mundus.
1320 1907 1340 1939 ι

356 1972 633 2033 Mundatio
647 1986 730 2032 est
749 1979 887 2048 ejus,
912 1979 1002 2048 qui
1016 1978 1222 2035 [luxum
1240 1979 1462 2035 seminis
1479 1981 1703 2052 patitur,
1721 1996 1869 2039 eam-

284 2067 412 2123 dem
435 2070 844 2140 corruptionem
864 2071 1091 2129 seminis
1113 2089 1456 2145 nequaquam
1488 2074 1718 2131 ulterius
1746 2092 1870 2132 sus-

283 2159 481 2215 tinere.
526 2159 583 2215 Si
633 2176 762 2233 ergo
794 2162 1011 2219 sordida
1044 2178 1319 2235 pravaque
1371 2180 1433 2220 ac
1469 2164 1676 2221 nefaria
1715 2168 1868 2237 quis-

281 2251 434 2322 piam
460 2252 663 2310 docens
685 2255 1005 2320 cessaverit,
1029 2266 1219 2327 utpote
1254 2256 1346 2327 qui
1375 2258 1690 2325 cessaverit,
1719 2276 1750 2315 a
1779 2261 1869 2315 tali

281 2348 654 2420 impudicitia,
714 2352 954 2409 mundus
1002 2361 1151 2409 recte
1190 2354 1436 2410 dicitur:
1486 2355 1590 2413 Pro
1624 2358 1870 2415 sordidis

280 2442 629 2499 sermonibus
649 2452 854 2511 autem,
881 2460 1020 2514 quos
1044 2446 1239 2502 etIudit
1262 2446 1432 2518 prius,
1457 2464 1681 2507 necesse
1703 2449 1871 2506 habet

279 2544 490 2603 septem
515 2534 632 2591 dies
668 2536 1036 2602 dinumerare,
1091 2538 1159 2593 ad
1194 2535 1560 2596 emnimodam
1605 2543 1868 2599 cmunda-

278 2630 510 2695 tionem,
535 2646 654 2701 quas
683 2632 966 2701 perficitur
991 2648 1089 2703 per
1116 2633 1434 2700 adventum,
1482 2636 1862 2693 subministra-

278 2721 600 2792 tionemque
627 2722 877 2793 spiritus,
906 2724 1065 2795 cujus
1095 2726 1434 2799 septemplex
1468 2728 1672 2784 donum
1710 2730 1869 2786 nobis

276 2811 448 2869 Isaias
478 2815 894 2885 exposuit,cum
920 2817 996 2871 ait
1026 2833 1041 2871 :
1065 2815 1296 2887 Spiritus
1313 2807 1590 2888 sapientia:
1619 2830 1668 2875 et
1710 2823 1867 2877 intel-

274 2903 459 2968 lectus.
487 2907 705 2976 spiritus
721 2907 928 2961 concilii
951 2916 1000 2962 et
1022 2908 1373 2981 fortitudinis,
1393 2909 1612 2980 spiritus
1635 2912 1870 2968 scientiae

273 3006 327 3052 et
355 2998 584 3067 pietatis,
610 3000 828 3070 spiritus
849 3002 1055 3057 timoris
1084 3002 1294 3056 Domini
1317 3002 1575 3069 ‘.Quibus
1609 3006 1869 3061 omnibus

271 3099 457 3162 egent.
482 3091 573 3160 qui
609 3090 910 3163 perfectam
939 3093 1354 3149 mundationem
1376 3095 1481 3151 sibi
1520 3097 1804 3166 procurari
1834 3113 1866 3152 a

272 3183 503 3248 malitia,
531 3198 653 3254 quae
679 3193 764 3239 est
792 3185 846 3238 in
882 3185 1180 3247 locutione,
1213 3186 1328 3241 sive
1360 3186 1417 3242 in
1455 3190 1734 3260 operibus,
1759 3191 1856 3247 sed

271 3282 334 3329 et
362 3289 502 3347 aqua
542 3275 662 3331 viva
698 3276 887 3332 lavant
917 3277 1242 3332 vestimenta
1281 3287 1335 3333 ct
1367 3294 1584 3351 corpus.
1624 3280 1754 3348 Qua:
1784 3283 1854 3338 sit

269 3380 404 3422 vero
437 3366 520 3423 vis
568 3368 1034 3437 vestimentorum,
1088 3378 1143 3425 et
1184 3371 1452 3441 corporis,
1503 3373 1639 3429 satis
1663 3383 1747 3431 est
1801 3376 1856 3430 in

266 3456 642 3526 superioribus
661 3459 1110 3513 demonstratum.
1129 3461 1281 3529 Aqua
1306 3469 1491 3515 autem
1513 3462 1632 3517 viva
1652 3462 1855 3532 lavant,

268 3546 362 3601 illa
385 3546 636 3603 videlicet
663 3548 733 3603 de
757 3564 864 3618 qua
908 3548 1143 3619 Spiritus
1172 3550 1391 3606 dicebat
1418 3570 1434 3606 :
1465 3550 1568 3616 Qui
1601 3554 1762 3609 credit
1801 3554 1858 3609 in

267 3656 373 3705 me,
418 3641 552 3695 sicut
590 3641 720 3696 dicit
762 3639 1045 3716 Scriptura
1067 3682 1081 3707 ,
1116 3643 1344 3713 [Iuntina
1405 3644 1470 3701 de
1522 3654 1697 3700 ventre
1739 3646 1853 3716 ejus

268 3733 437 3804 ﬂuent
471 3749 627 3805 aqua
666 3735 794 3789 uiua
823 3736 866 3790 ⁸.
910 3734 981 3791 Et
1016 3750 1250 3791 rursus:
1279 3734 1588 3807 Quicunque
1634 3736 1764 3791 bibit
1788 3753 1855 3791 ea:

266 3841 409 3896 aqua
439 3842 598 3897 quam
630 3842 722 3896 ego
750 3828 817 3881 do
850 3827 919 3888 ei,
945 3826 1034 3896 [iet
1068 3828 1125 3881 in
1164 3843 1223 3881 eo
1250 3829 1366 3898 fons
1394 3843 1551 3899 aqum
1605 3829 1849 3885 salientis

266 3918 325 3971 in
350 3917 515 3971 vitam
542 3927 797 3973 internum
829 3919 869 3972 ⁸.
897 3919 1038 3989 Ergo
1066 3918 1347 3974 mundatio
1376 3934 1544 3989 prava
1573 3918 1848 3990 docentis,

263 4024 367 4080 per
391 4010 591 4065 bonam
634 4009 1039 4082 legitimamque
1071 4010 1373 4065 doctrinam
1407 4011 1677 4081 provenit.
1720 4012 1850 4068 Haec

263 4111 352 4159 est
401 4103 548 4158 enim
584 4102 704 4160 viva
750 4120 911 4177 aqua,
959 4103 1087 4174 quia
1130 4103 1298 4160 vitam
1329 4104 1398 4160 ad
1427 4119 1487 4160 se
1538 4106 1850 4163 accedentia

262 4206 505 4267 prastat.

335 4290 494 4346 Vens.
520 4291 609 4347 14.
629 4310 650 4343 ‹
681 4290 776 4346 Die
801 4299 983 4346 autem
1003 4298 1214 4356 octavo,
1239 4297 1419 4345 sumet
1447 4290 1582 4346 duos
1610 4297 1849 4347 turtures

254 4392 357 4439 aut
382 4385 520 4438 duos
562 4384 740 4454 pullos
782 4382 1066 4448 columbae,
1128 4391 1185 4437 et
1212 4383 1395 4438 veniet
1444 4383 1499 4438 in
1549 4393 1849 4455 conspectu

257 4477 475 4533 Domini
503 4478 569 4532 ad
602 4479 804 4534 ostium
835 4476 1169 4535 tabernaculi
1211 4477 1509 4533 testimonii
1545 4496 1560 4533 :
1589 4478 1847 4551 dabitque

1997 618 2276 675 dortorem
2296 620 2633 678 meditationi
2661 623 2888 694 spiritali
2915 640 3136 696 operam
3175 627 3325 683 dare.
3356 625 3583 705 Propter

1996 710 2142 781 quod
2174 719 2234 767 ut
2262 713 2599 769 sacerdotem
2648 723 2704 770 et
2736 718 3068 787 magistrum,
3124 718 3442 792 sibimetipsi
3486 738 3579 779 su-

1998 816 2148 856 mere
2185 802 2291 858 hoc
2324 804 2649 862 sacriﬁcium
2689 807 2966 877 praecepit,
3007 800 3249 879 quod'in
3280 812 3388 868 alio
3412 815 3582 870 sacri-

1996 897 2118 953 ﬁcio
2135 898 2236 954 nisi
2260 913 2450 956 rursus
2479 899 2779 963 sacerdotis
2794 900 3025 972 alicujus
3052 901 3215 960 fuerit
3235 921 3299 963 ac
3317 907 3579 979 magistri,

2002 987 2211 1045 dixisse
2242 990 2553 1048 nullatenus
2582 991 2875 1051 invenitur.

2085 1079 2371 1151 Ipsumque
2423 1083 2628 1152 deferre
2665 1082 2888 1139 hostiam
2934 1085 2990 1140 in
3015 1087 3204 1140 ostium
3249 1087 3581 1144 tabernaculi

1993 1174 2300 1229 testimonii.
2335 1174 2417 1231 Ad
2447 1176 2815 1246 apostolorum
2843 1177 3101 1235 videlicet
3121 1178 3396 1237 doctrinas
3431 1195 3447 1247 ;
3482 1182 3581 1237 bas

1989 1266 2138 1324 enim
2184 1282 2306 1323 esse
2340 1267 2620 1324 introitum
2643 1311 2658 1337 ,
2689 1278 2783 1327 aut
2829 1286 3017 1329 verum
3060 1272 3468 1331 tabernaculum
3502 1286 3581 1331 te-

1988 1358 2257 1422 stimonii,
2274 1359 2331 1414 id
2358 1369 2443 1415 est
2466 1361 2855 1417 habitationem
2875 1362 3102 1429 Christi,
3130 1372 3185 1421 et
3205 1366 3576 1421 conversatioa

1985 1466 2134 1515 nem,
2166 1452 2418 1521 superius
2463 1452 2521 1506 in
2560 1453 2840 1509 sacriﬁciis
2867 1455 3230 1523 ostendimus,
3261 1467 3317 1519 ut
3344 1459 3410 1514 ad
3442 1475 3576 1529 apo-

1984 1541 2231 1597 stolicam
2262 1542 2626 1599 intentionem
2654 1544 2709 1598 in
2756 1544 2942 1601 futuro
2968 1563 3121 1603 suam
3175 1550 3420 1619 perﬁciat
3472 1551 3578 1605 lin-

1983 1649 2162 1705 gnatm
2183 1632 2335 1692 Sicut
2356 1644 2536 1691 autem
2552 1636 2643 1706 qui
2666 1638 2929 1711 peccavit,
2951 1648 3007 1695 et
3022 1641 3308 1699 sacerdotii
3332 1643 3577 1700 habitum

1981 1739 2040 1793 in
2090 1745 2148 1785 se
2192 1730 2525 1789 inﬁrmavit:
2573 1739 2736 1802 atque
2763 1733 3011 1789 inefﬁcax
3049 1734 3306 1803 reddidit,
3332 1736 3463 1794 dare
3485 1753 3575 1793 sa-

1980 1823 2208 1885 cerdoti.
2240 1831 2297 1879 et
2318 1823 2605 1881 sacerdotii
2646 1824 3011 1881 ministerium
3036 1825 3127 1881 alii
3164 1827 3358 1885 cedere
3387 1829 3576 1899 jussus

1914 1900 1955 1956 Β
1989 1927 2097 1973 cst.
2136 1916 2244 1972 Sed
2294 1916 2574 1988 accipiens
2652 1918 2906 1974 sacerdos
2975 1919 3111 1975 duos
3168 1926 3429 1987 turtures,
3480 1929 3576 1978 aut

1972 2008 2109 2065 duos
2141 2009 2319 2079 pullos
2348 2009 2747 2075 columbarum,
2781 2009 2911 2079 quid
2942 2009 3116 2065 facit?

2045 2099 2214 2155 Unum
2258 2099 2387 2168 facit
2424 2115 2520 2168 pro
2549 2108 2781 2167 peccato,
2824 2108 2873 2153 et
2902 2101 3145 2157 unumin
3190 2102 3569 2172 holoraustum,

1973 2190 2046 2248 Ut
2081 2191 2187 2246 hoc
2223 2189 2445 2261 quidem
2478 2190 2730 2246 sacriﬁcii
2756 2192 2829 2251 ad
2845 2191 3181 2251 ablutionem
3206 2196 3349 2265 ejus,
3377 2211 3572 2251 eorum

1971 2298 2092 2354 quae
2108 2282 2356 2353 peccavit
2383 2282 2437 2337 in
2465 2277 2712 2339 doctrina
2735 2282 3143 2341 contradicente
3165 2284 3268 2358 legi
3290 2285 3568 2357 proﬁciat:

1976 2374 2108 2430 illud
2137 2385 2317 2431 autem
2347 2374 2416 2430 ad
2471 2375 2747 2446 sapienter
2773 2378 3206 2434 conversandum
3259 2379 3319 2435 iu
3345 2379 3566 2449 futuro;

1984 2467 2152 2535 hujus
2190 2466 2336 2525 enim
2369 2477 2453 2523 est
2480 2466 2694 2539 signum
2725 2467 2782 2523 in
2811 2468 3213 2527 holocaustum.

2029 2558 2094 2612 Et
2124 2559 2201 2614 sic
2224 2557 2596 2626 deprecabitur
2622 2575 2721 2628 pro
2752 2575 2810 2615 eo
2840 2561 3079 2617 sacerdos
3104 2578 3289 2615 coram
3317 2561 3568 2632 Domina,

1979 2659 2038 2705 ut
2079 2649 2394 2704 ciriundetur
2431 2667 2463 2702 a
2489 2651 2641 2719 [luxu
2697 2651 2911 2706 seminis
2957 2651 3059 2706 sui.
3097 2651 3207 2707 Nec
3229 2653 3374 2708 enim
3407 2653 3568 2709 aliter

1970 2741 2255 2814 quisquam
2278 2741 2688 2800 mundationem
2712 2757 2895 2798 coram
2920 2744 3147 2801 Domino
3168 2745 3347 2803 facere
3363 2757 3563 2817 potest,

1973 2834 2024 2889 id
2055 2844 2139 2889 est
2168 2832 2472 2891 secundum
2509 2832 2869 2900 voluntatem,
2896 2841 2951 2887 ct
2990 2834 3162 2905 legem
3198 2835 3317 2901 Dei,
3355 2836 3461 2891 nisi
3498 2838 3566 2892 de

1978 2927 2064 2983 his
2099 2942 2220 2996 quae
2258 2924 2511 2996 peccavit
2554 2926 2856 2996 paenitens,
2880 2935 2938 2981 et
2982 2942 3081 2997 per
3125 2929 3392 2985 sacriﬁcia
3422 2947 3554 2987 ora-

1972 3016 2183 3073 tionum
2226 3014 2590 3080 satisfaciens,
2647 3024 2945 3086 posteaque
2989 3027 3141 3074 recte
3198 3019 3448 3089 vivendo,
3499 3039 3564 3076 ac

1971 3107 2214 3179 perfecte
2258 3106 2546 3178 sapiendo.
2614 3105 2755 3179 Ergo
2805 3107 2899 3177 qui
2940 3125 3163 3165 suorum
3214 3124 3559 3184 peccatorum

1972 3197 2416 3255 emundationem
2456 3197 2563 3253 alio
2610 3198 2776 3254 modo
2818 3199 3050 3270 peragit,
3091 3217 3189 3271 pro
3229 3203 3333 3258 hoc
3375 3221 3557 3260 coram

1963 3289 2194 3347 Donnno
2222 3306 2334 3345 non
2362 3298 2580 3362 rogatur
2605 3307 2617 3343 :
2643 3305 2817 3360 neque
2844 3291 2988 3346 enim
3008 3293 3130 3364 ejus
3148 3295 3559 3353 mundationent

1960 3383 2190 3454 suscipit
2218 3384 2379 3449 Dens,
2413 3382 2509 3437 sed
2538 3397 2641 3437 nec
2666 3398 2761 3437 eos
2787 3382 2880 3453 qui
2914 3399 3012 3454 pro
3046 3401 3112 3440 co
3141 3386 3383 3442 oll‘crunt
3434 3406 3558 3461 prc-

1959 3485 2070 3526 ces.
2094 3469 2456 3544 Quamobrem
2479 3471 2594 3529 sive
2620 3472 2687 3527 ad
2707 3472 3010 3528 doctrinam
3031 3477 3153 3546 quis
3183 3477 3556 3553 incongruam,

1957 3562 2074 3620 sive
2104 3563 2172 3619 ad
2198 3563 2367 3619 vitam
2394 3562 2616 3619 deﬂuxit
2642 3564 2860 3631 malam,
2887 3564 3001 3622 sive
3051 3578 3362 3644 utrumque,
3395 3574 3554 3630 sintut

1955 3670 2149 3726 preces
2175 3656 2477 3723 effundere,
2495 3656 2795 3713 secundum
2846 3658 2990 3728 quod
3018 3660 3224 3717 dictum
3259 3672 3343 3719 cst
3371 3682 3555 3721 coram

1957 3745 2212 3813 Domino,
2235 3747 2329 3819 qui
2368 3748 2533 3804 habet
2571 3749 2627 3804 in
2670 3760 2942 3821 potestate
2984 3752 3267 3808 dimittere
3307 3767 3550 3827 peccata,

1956 3837 2198 3893 festinet.

2027 3928 2192 3986 Vsus.
2222 3931 2320 3987 16.
2369 3950 2388 3982 ι
2424 3932 2519 3988 Vir
2546 3932 2614 3989 de
2650 3948 2760 4004 quo
2788 3933 3096 4006 egredietur
3123 3949 3308 3991 semen
3353 3939 3549 4007 coitus,

1953 4020 2154 4077 lavabit
2198 4038 2338 4094 aqua
2364 4038 2528 4099 omne
2554 4040 2755 4095 corpus
2785 4041 2966 4091 suum,
3000 4035 3054 4082 et
3080 4026 3394 4087 immundus
3446 4034 3553 4089 erit

1951 4130 2125 4186 usque
2144 4116 2213 4171 ad
2227 4130 2532 4187 vesperam,
2555 4115 2774 4173 Vestem
2793 4126 2848 4172 et
2871 4118 3067 4188 pellem
3105 4136 3264 4191 quam
3297 4123 3551 4181 habuerit

1952 4198 2155 4255 lavabit
2195 4215 2358 4271 aqua,
2403 4208 2459 4255 et
2488 4200 2768 4256 immunda
2803 4201 2909 4257 erit
2935 4218 3107 4274 usque
3150 4204 3216 4259 ad
3242 4221 3547 4277 vesperam.

1952 4290 2143 4347 Mulier
2171 4307 2296 4348 cum
2320 4308 2432 4364 .qua
2460 4293 2672 4361 coierit,
2706 4293 2976 4350 lavabitur
2997 4310 3158 4366 aqua,
3182 4308 3237 4352 et
3266 4296 3546 4354 immunda

1949 4384 2054 4441 erit
2077 4400 2247 4456 usque
2273 4387 2342 4442 ad
2373 4400 2674 4457 vesperam.
2718 4405 2735 4439 ο

2019 4476 2395 4533 Necessariam
2440 4477 2642 4532 habere
2690 4477 3157 4548 regenerationem
3184 4477 3547 4557 baptismatis

251 4584 355 4625 eos
396 4570 686 4634 sacerdoti,
736 4569 830 4639 qui
859 4568 1022 4623 faciet
1066 4583 1237 4623 unum
1272 4584 1371 4638 pro
1402 4576 1652 4640 peccato,
1677 4578 1733 4625 et
1759 4571 1840 4624 al-
1880 4594 1920 4647 ι)
1953 4568 2252 4625 humanum
2289 4585 2480 4641 genus,
2529 4569 2644 4639 ipse
2693 4569 2957 4623 Dominus
3005 4569 3264 4637 ostendit,
3313 4571 3541 4627 dicens:

250 4670 437 4717 terum
467 4661 522 4719 in
594 4661 993 4726 holocaustum,
1029 4659 1352 4731 rogabitque
1406 4675 1508 4731 pro
1545 4675 1613 4716 eo
1663 4675 1848 4716 coram

250 4754 508 4820 Domino,
542 4764 602 4809 ut
615 4754 942 4808 emundetur
963 4767 997 4807 a
1015 4751 1162 4807 ﬂuxu
1190 4752 1417 4808 seminis
1443 4752 1549 4807 sui.
1595 4771 1616 4805 ι

327 4846 431 4913 Qui
459 4857 670 4917 septem
686 4846 803 4902 dies
822 4844 1133 4901 numerabit
1157 4845 1284 4909 sibi,
1306 4844 1360 4899 id
1391 4852 1478 4899 est
1498 4844 1853 4915 operationes
1897 4827 1901 4831 ’

246 4939 503 5009 spiritus,
546 4938 636 4993 hic
676 4946 869 4994 octava
910 4938 1019 5004 die,
1066 4937 1120 4992 id
1150 4945 1236 4993 est
1285 4937 1340 4991 in
1375 4937 1546 5009 gratia
1595 4936 1851 4992 videlicet

246 5029 480 5095 Christi,
519 5043 643 5098 quae
678 5035 867 5083 octava
910 5026 1000 5082 die
1027 5025 1444 5082 resurrectionis
1490 5025 1708 5091 enituit,
1739 5040 1841 5080 seu

248 5123 469 5188 claruit,
485 5119 1020 5176 sacriﬁciumoﬂ'erre
1041 5119 1231 5190 jussus
1247 5128 1348 5175 est.
1373 5118 1531 5189 Quod
1553 5129 1637 5175 est
1657 5128 1840 5174 autem

249 5217 364 5271 hoc
392 5214 742 5270 sacriﬁcium.

326 5303 396 5360 Id
427 5318 526 5371 est,
552 5306 682 5360 duos
713 5313 961 5369 turtures,
991 5311 1087 5359 aut
1107 5304 1237 5359 duos
1260 5302 1433 5374 pullos
1456 5301 1837 5358 columbarum.

247 5396 491 5468 Dignum
519 5396 726 5452 esthoc
748 5395 1061 5452 doctoribus
1111 5394 1473 5463 sacriﬁcium;
1513 5410 1577 5451 ex
1617 5396 1840 5450 alitibus

249 5488 406 5544 extim
452 5496 580 5542 sunt
623 5489 742 5544 haec
772 5488 1053 5544 animalia.
1085 5487 1154 5542 Et
1202 5488 1425 5560 quidem
1470 5495 1650 5543 turtur
1684 5489 1839 5558 quasi

252 5579 663 5637 meditatorium
701 5590 784 5636 est
822 5581 1023 5636 animal
1054 5599 1069 5648 ;
1098 5582 1349 5636 columba
1396 5590 1577 5635 autem
1619 5591 1844 5651 propter

251 5672 556 5743 generandi
613 5671 1002 5743 frequentiam,
1054 5683 1111 5727 et
1161 5683 1399 5755 propter
1436 5673 1843 5745 simplicitatem

1403 5874 1422 5905 ⁶
1453 5873 1612 5929 Joan.
1647 5890 1719 5942 tv,
1756 5873 1841 5929 ib.

364 5874 386 5904 ⁸
411 5870 518 5928 lsa.
549 5889 630 5941 ιι,
655 5874 710 5930 ‘2.
835 5872 1036 5929 ’Joan.
1069 5889 1165 5939 vn,
1199 5873 1287 5928 58.

1958 4661 2080 4717 Nisi
2109 4663 2225 4733 quis
2256 4672 2472 4717 renatus
2498 4662 2657 4734 fuerit
2688 4677 2826 4732 aqua
2864 4671 2912 4715 et
2946 4662 3156 4730 spiritu,
3190 4680 3292 4717 non
3321 4664 3545 4722 intrabit

1957 4754 2012 4808 in
2044 4770 2261 4826 regnum
2313 4755 2563 4809 caelorum
2584 4755 2623 4808 ⁷.
2658 4751 2828 4824 Cujus
2862 4754 3116 4826 equidem
3147 4757 3324 4813 sordis
3352 4758 3409 4813 in
3445 4774 3546 4813 no-

1955 4844 2040 4900 bis
2054 4861 2120 4899 ex
2145 4846 2315 4901 Adam
2343 4847 2710 4902 inobedicntia
2731 4856 2812 4902 est
2834 4848 3126 4915 transfusa,
3141 4850 3282 4905 unde
3301 4858 3356 4905 et
3375 4849 3542 4907 David

1952 4934 2009 4990 in
2060 4936 2440 5006 iniquitatibus
2485 4952 2544 4992 se
2587 4945 2798 5002 natum,
2847 4936 2987 4994 etin
3032 4939 3271 5008 peccatis
3309 4943 3544 4996 asseruit

1951 5044 2074 5087 esse
2103 5039 2451 5101 conceptum,
2483 5046 2594 5086 non
2624 5039 2857 5086 matrem
2895 5046 3052 5085 suam
3078 5047 3342 5087 accusans
3362 5033 3406 5098 ⁸,
3444 5032 3539 5088 sed

1948 5130 2236 5192 peccatum
2290 5122 2552 5187 innuens,
2594 5123 2741 5193 quod
2799 5123 3045 5180 decurrit
3096 5140 3161 5179 ex
3213 5138 3436 5196 genere.
3475 5126 3543 5181 Et

1948 5231 2099 5271 nunc
2131 5214 2408 5286 legislator
2441 5231 2591 5283 eum,
2643 5206 2852 5287 dequo
2903 5230 3089 5272 semen
3120 5216 3403 5289 egreditur
3424 5216 3542 5271 eoi-

1948 5316 2056 5376 tus,
2087 5308 2141 5363 id
2164 5316 2249 5362 est
2275 5323 2400 5362 eum
2422 5308 2514 5378 qui
2548 5323 2646 5374 pro
2668 5308 2791 5364 [iliis
2812 5307 3166 5379 procreandis
3192 5322 3377 5362 semen
3406 5308 3545 5362 effu-

1949 5401 2052 5467 dit,
2082 5401 2178 5456 sed
2209 5408 2265 5455 et
2307 5400 2594 5456 mulierem
2640 5417 2762 5472 quae
2800 5400 3088 5477 suscepit,
3129 5401 3309 5454 lavare
3340 5414 3542 5471 corpus

1952 5490 2220 5562 praecepit
2262 5489 2334 5546 ob
2389 5489 2517 5554 hoc,
2579 5491 2706 5560 quia
2756 5505 2946 5544 semen
2975 5488 3237 5560 suscepit,
3269 5502 3369 5560 per
3395 5488 3543 5559 quod

1952 5584 2058 5639 hoc
2091 5582 2355 5654 templum
2389 5591 2643 5638 nostrum
2688 5590 2882 5649 totum,
2931 5581 2985 5636 id
3013 5590 3115 5648 est,
3148 5581 3359 5654 integer
3380 5581 3544 5637 homo

1954 5672 2286 5730 describitur
2331 5687 2398 5727 ex
2432 5672 2612 5727 anima
2660 5679 2717 5726 et
2761 5685 3012 5752 corpore.
3075 5668 3542 5738 Quemadmodum

1956 5873 1975 5905 '
2005 5846 2159 5931 Idan.
2199 5891 2283 5941 nt,
2327 5875 2379 5930 '5.
2493 5874 2512 5904 ⁸
2543 5870 2687 5927 Psal.
2718 5885 2774 5935 ι,
2798 5869 2851 5924 5.
