4030 6240
506 335 621 433 ωδ

1711 366 2071 440 HESYCIIII
2109 370 2588 435 PRESBYTERI

3719 379 3838 446 σιε

498 500 627 555 ergo
681 481 922 537 animam
960 479 1141 536 divina
1179 476 1463 548 Scriptura
1520 477 1757 548 appellat
1800 493 1951 544 eum,
1999 482 2092 550 qui
2125 493 2165 542 Α
2195 495 2303 551 cm,
2361 496 2415 539 et
2471 488 2700 549 semine.
2759 504 2822 543 ex
2864 498 2994 559 ‘quo
3044 508 3215 561 genus
3268 504 3516 553 accusat.
3556 494 3700 550 Non
3740 506 3839 551 est

497 586 577 630 εει
611 591 676 631 ex
711 577 890 628 anima
949 583 1007 627 et
1034 587 1283 641 corpore,
1322 572 1636 624 hominem:
1679 570 1823 625 sicut
1858 573 2081 641 quando

494 666 660 720 dicit:
731 664 1005 720 Descendit
1058 660 1224 716 Jacob
1270 662 1328 714 in
1385 660 1614 732 zEgypto
1663 662 1718 714 in
1744 663 2081 734 septuaginta

494 760 720 827 quinque
749 757 1091 819 animabus";
1129 755 1207 809 sic
1240 769 1440 824 corpus
1480 769 1671 808 rursus
1696 763 1870 808 totum
1898 754 2085 823 appel-

495 854 606 904 lare
641 849 919 903 hominem
950 846 1253 901 consuevit.
1286 845 1440 910 Quod
1470 845 1711 900 ostendit
1741 845 1878 901 liber
1906 845 2085 900 Gene-

493 948 569 1000 sis
594 944 794 1013 Joscph
847 942 1121 995 frumenta
1155 941 1495 993 ministrasse
1528 938 1804 1002 fratribus,
1837 953 1933 1008 per
1959 952 2084 992 cor-

494 1051 625 1106 pora
675 1036 888 1089 dicens.
918 1031 1056 1098 Quia
1097 1044 1277 1084 autem
1315 1029 1566 1084 sordidus
1599 1029 1827 1083 cll'ectus
1864 1044 1956 1098 per
1998 1027 2085 1081 in-

493 1127 865 1182 obedieutiam
888 1126 1057 1177 Adam
1087 1122 1366 1177 sordidum
1386 1136 1505 1175 esse
1532 1121 1694 1175 etiam
1714 1134 1901 1174 semen
1924 1134 2082 1174 suum

494 1222 658 1277 fecit:
692 1219 1109 1288 necessarioque
1144 1230 1347 1286 corpus
1376 1214 1658 1269 sordidum
1691 1222 1796 1279 est,
1829 1227 1897 1266 eo
1937 1210 2083 1281 quod

493 1332 556 1368 ex
582 1313 790 1367 semine
818 1310 1063 1381 procedit
1101 1308 1153 1361 in
1180 1321 1288 1376 quo
1325 1305 1668 1359 immundum
1695 1312 1779 1358 est
1820 1317 1991 1372 usque
2014 1301 2085 1356 ad

494 1418 801 1475 vesperam,
834 1402 886 1456 id
924 1409 1009 1454 est
1038 1398 1223 1453 saeculi
1264 1395 1473 1451 linem:
1507 1396 1631 1465 quia
1677 1396 1732 1449 in
1762 1395 1868 1449 fine
1906 1409 2084 1449 saecu-

495 1501 668 1552 lorum
701 1494 954 1549 Christus
992 1491 1220 1544 veniens
1258 1489 1502 1543 ostendit
1530 1502 1747 1558 aquam,
1776 1503 1880 1556 qua
1912 1500 2084 1555 genus

493 1597 739 1643 nostrum
768 1580 1161 1638 mandaretur:
1207 1586 1261 1633 et
1299 1579 1425 1648 quia
1469 1572 1875 1648 permansimus
1908 1591 2084 1645 usque

493 1688 624 1732 tunc
652 1674 939 1737 immundi,
974 1672 1236 1741 probatur
1264 1685 1329 1724 ex
1353 1684 1421 1723 eo
1450 1669 1595 1738 quod
1631 1677 1686 1722 et
1705 1666 1760 1720 hi
1813 1667 1909 1737 qui
1947 1682 2083 1721 nec-

491 1769 621 1822 dum
680 1772 1063 1838 peccaverunt,
1108 1762 1158 1814 id
1202 1769 1307 1821 est,
1366 1760 1423 1813 in
1453 1769 1614 1813 mtate
1641 1758 1859 1811 inﬁrma
1884 1758 2085 1813 consti-

2187 587 2368 630 autem
2435 579 2777 645 admirabile,
2814 582 2858 636 si
2891 583 3167 648 mulieres,
3222 602 3347 656 quae
3404 602 3523 641 non
3557 589 3830 643 ﬁliorum

2186 670 2378 737 gratia,
2424 671 2516 724 sed
2580 681 2804 742 promer
2856 691 2987 729 usus
3024 677 3420 746 turpitudinem
3470 696 3616 734 cum
3682 681 3829 735 viris

2190 761 2458 827 habitant,
2496 776 2700 819 vestem
2731 775 2786 820 et
2815 767 3011 836 pellem
3064 768 3371 840 intelligere
3405 772 3822 843 legislatorum

2185 850 2459 906 diximus:
2491 856 2802 911 vestimenti
2834 858 3003 926 enim,
3034 870 3091 914 ct
3118 861 3173 914 in
3203 862 3347 917 malo
3376 864 3600 935 aliquo,
3636 874 3827 935 atque

2183 950 2374 995 contra
2430 941 2626 1012 legem,
2666 961 2825 1000 usum
2855 947 2910 1001 in
2947 948 3136 1003 divina
3170 949 3457 1023 Scriptura
3495 966 3821 1025 acceptum

2187 1033 2427 1097 iuvenis,
2462 1037 2605 1089 sicut
2638 1038 2803 1092 David
2831 1040 3006 1096 dicit:
3053 1041 3121 1095 Et
3156 1044 3330 1097 induit
3360 1062 3421 1099 se
3451 1046 3822 1103 maledictio-

2184 1139 2303 1177 nem
2330 1126 2465 1179 sicut
2498 1131 2860 1184 vestimentum
2882 1134 2945 1184 η.
2989 1134 3057 1188 Et
3089 1151 3315 1190 rursus:
3354 1135 3693 1192 luduanlur
3720 1144 3821 1212 qui

2184 1214 2468 1269 detrahunt
2508 1219 2634 1272 mihi
2668 1223 3047 1278 reverentia".
3100 1223 3264 1280 Pellis
3315 1236 3506 1282 autem
3560 1235 3814 1299 quando

2182 1305 2387 1374 aliquid
2437 1308 2565 1363 boni
2612 1311 2901 1383 signiﬁcat,
2944 1322 3075 1370 tunc
3119 1332 3232 1370 non
3280 1318 3621 1387 simpliciter
3680 1323 3807 1393 ipsa

2188 1399 2366 1468 pellis,
2394 1400 2488 1455 sed
2524 1403 2722 1472 pellem
2753 1405 2818 1459 ad
2855 1421 2994 1476 opus
3023 1416 3206 1477 aptam
3247 1410 3535 1481 legislator
3563 1414 3717 1480 edit,
3746 1427 3810 1470 et

2186 1491 2293 1545 hoc
2320 1493 2465 1561 quod
2496 1492 2699 1548 factum
2752 1496 2921 1551 fuerit
2950 1514 3090 1569 opus
3122 1516 3189 1555 ex
3218 1517 3306 1563 ea,
3338 1482 3622 1573 autquod
3652 1506 3804 1562 ﬁen-

2182 1582 2315 1637 dum
2344 1594 2427 1640 est
2455 1602 2521 1640 ex
2556 1586 2692 1657 ipsa,
2727 1604 2827 1659 per
2855 1606 2973 1645 eam
2992 1593 3350 1650 demonstrat.
3378 1596 3545 1651 Nunc
3568 1608 3800 1661 autem.

2184 1676 2312 1743 quia
2365 1676 2468 1730 hoc
2519 1694 2629 1733 nou
2664 1680 2818 1745 dixit,
2861 1698 3042 1753 neque
3092 1686 3148 1739 in
3183 1689 3454 1744 sacrificio
3495 1692 3673 1760 pellis
3703 1709 3798 1747 as-

2185 1777 2404 1837 sumpta
2457 1779 2561 1834 est,
2596 1771 2738 1827 sicut
2785 1787 2911 1828 cum
2958 1776 3272 1832 decoriatus
3303 1778 3708 1837 halm-austum
3742 1787 3797 1838 in

492 1861 615 1923 tuti,
662 1857 1002 1930 signaculum
1049 1852 1307 1925 baptismi
1341 1851 1716 1906 necessarium
1747 1852 1976 1916 habent,
2013 1866 2084 1905 ne
2116 1856 2543 1930 “incongruam
2591 1865 3029 1921 commistionem
3066 1870 3301 1938 positum
3343 1882 3446 1927 est.
3500 1873 3632 1929 Non
3663 1892 3800 1948 ergo

491 1960 631 2012 forte
678 1964 852 2010 morte
897 1949 1320 2023 superveniente
1351 1947 1557 2002 sordidi
1591 1956 1874 2002 transeant
1909 1964 1924 2000 :
1960 1962 2080 2003 sor—

490 2054 611 2106 dem
640 2065 759 2121 quae
803 2064 869 2103 ex
908 2048 1076 2100 Adam
1102 2042 1405 2106 descendit,
1438 2041 1492 2095 in
1520 2040 1832 2110 semetipsis
1868 2041 2079 2095 haben-

491 2154 594 2206 tes,
629 2154 681 2198 et
723 2150 1009 2211 propterea
1052 2153 1163 2192 non
1222 2135 1470 2190 valentes
1510 2133 1563 2186 in
1612 2147 1839 2203 regnum
1875 2133 2081 2186 intrare

488 2237 773 2292 cculorum.
837 2232 1077 2295 Vestem,
1123 2237 1178 2284 et
1242 2228 1439 2298 pellem
1486 2243 1650 2297 quam
1698 2228 1903 2282 habent
1951 2243 2079 2282 cum

491 2337 720 2394 coeunt,
759 2325 1015 2380 videlicet
1044 2321 1327 2377 immunda
1369 2334 1509 2383 esse,
1545 2329 1601 2374 et
1634 2319 1800 2374 lavari
1854 2319 2075 2383 debere,

488 2423 719 2477 duarum
749 2434 933 2475 rerum
968 2414 1228 2487 praecepit
1277 2413 1449 2485 gratia
1486 2431 1499 2466 :
1536 2427 1662 2468 nam
1707 2412 1956 2467 extendit
1998 2412 2078 2467 le-

488 2532 608 2583 gem
662 2523 826 2583 atque
875 2509 1209 2571 manifestat,
1236 2516 1499 2578 quantum
1536 2521 1739 2576 corpus
1775 2507 2078 2560 humanum

490 2616 712 2677 propter
762 2600 1414 2680 unamiuobedicntian‘i
1471 2597 1755 2653 sordidqu
1820 2598 1894 2652 sit
1930 2597 2076 2653 effe-

489 2710 671 2764 ctum,
733 2707 794 2752 ut
848 2697 1012 2751 etiam
1075 2694 1417 2749 insensibilia
1475 2708 1542 2748 ex
1600 2694 1682 2747 eis
1733 2692 2074 2762 polluantur.

489 2793 695 2848 Deinde
722 2806 820 2863 per
863 2790 980 2845 haec
1019 2787 1339 2843 manifestas
1370 2785 1501 2840 facit
1528 2784 1809 2849 mulieres,
1849 2800 1971 2855 quas
2009 2784 2071 2837 li-

488 2885 690 2941 bidinis
727 2896 914 2945 causa,
955 2880 1088 2935 viris
1119 2878 1185 2933 ad
1220 2876 1511 2948 quemdam
1541 2874 1896 2945 temporalem
1926 2889 2079 2930 com-

485 2977 788 3032 miscentur
841 2987 1024 3036 usum,
1079 2969 1295 3042 qualem
1356 2966 1535 3021 solent
1584 2966 1907 3020 vestimenta
1938 2981 2076 3036 pra:-

485 3076 617 3124 ticre
671 3066 1007 3132 hominibus,
1069 3064 1212 3118 sicut
1263 3069 1318 3117 et
1352 3059 1546 3114 abusio
1584 3059 1805 3129 pellium
1845 3076 1968 3130 quae
1993 3060 2078 3114 in-

483 3171 742 3216 t'eteratze
767 3159 958 3232 projici
992 3157 1189 3213 solent.
1221 3154 1359 3208 Nam
1396 3162 1452 3208 ct
1491 3152 1705 3207 illarum
1736 3152 2076 3207 consuetudo

2185 1965 2285 2021 per
2308 1960 2539 2007 stratum
2567 1956 2812 2017 seminis,
2846 1957 2897 2012 id
2929 1966 3013 2011 est
3040 1975 3138 2029 per
3173 1966 3379 2017 coitum
3424 1965 3696 2035 legalem.
3727 1986 3796 2025 ex

2183 2058 2292 2112 quo
2344 2058 2533 2099 semen
2577 2046 2830 2115 clIicitur,
2873 2051 3071 2119 pellem
3111 2055 3331 2123 polluit,
3384 2067 3483 2111 aut
3519 2059 3793 2128 perfundi

2180 2132 2351 2187 dixit:
2403 2136 2713 2191 necessarie
2747 2151 2876 2208 ergo
2920 2155 3039 2195 eam
3077 2158 3183 2212 qua
3210 2145 3335 2213 quis
3366 2147 3628 2202 abutitur
3665 2167 3794 2204 mu-

2180 2224 2393 2292 lierem,
2426 2227 2620 2297 pellem
2656 2230 2940 2287 intellexit.
2969 2234 3104 2289 Illud
3137 2245 3319 2291 tamen
3346 2236 3557 2309 ubique
3592 2254 3797 2298 custo-

2180 2317 2283 2384 dis,
2324 2321 2451 2390 quia
2481 2320 2548 2375 ad
2581 2324 3069 2380 sanctilicationem
3099 2336 3154 2382 et
3182 2331 3515 2394 castitatem,
3551 2330 3795 2388 Judaeo~

2182 2427 2303 2466 rum
2343 2428 2515 2484 genus
2558 2414 2835 2486 legislator
2888 2419 3134 2483 trahens,
3166 2421 3333 2475 nimis
3362 2424 3513 2477 enim
3549 2426 3792 2493 quidam

2181 2520 2369 2561 eorum
2401 2507 2631 2563 luxuriae
2664 2511 2999 2575 serviebant,
3027 2513 3143 2567 inec
3173 2524 3364 2569 contra
3395 2530 3492 2570 eos
3525 2520 3624 2586 qui
3659 2536 3793 2587 qua-

2181 2597 2530 2669 litereunque
2573 2601 2866 2658 eﬂ'undunt
2896 2619 3104 2673 semen,
3153 2617 3207 2662 et
3246 2624 3341 2663 eos
3367 2612 3459 2679 qui
3504 2613 3633 2668 haec
3669 2627 3793 2668 tan-

2180 2698 2316 2761 gunt
2342 2692 2410 2746 ad
2438 2693 2907 2755 emundatiouem.
2938 2698 2986 2752 ei
3014 2700 3339 2770 praecipiens
3373 2713 3434 2758 ut
3465 2706 3675 2762 saltem
3710 2708 3790 2763 sic

2179 2783 2313 2838 casti
2355 2783 2724 2848 efﬁcerentur,
2773 2797 2829 2843 et
2880 2789 3174 2846 luxuriosis
3223 2794 3571 2853 abstinerent
3625 2817 3789 2856 com-

2179 2875 2548 2943 mistionibus,
2586 2877 2806 2934 fastidio
2837 2881 3040 2939 laboris
3092 2883 3466 2957 frequentiora
3522 2894 3790 2961 puritica-

2178 2969 2410 3024 tionum.
2442 2972 2590 3026 llanc
2612 2972 2758 3026 enim
2784 2975 3148 3031 intentionem
3173 2981 3477 3034 secundum
3506 2982 3783 3050 litteram,

2179 3069 2235 3115 et
2260 3062 2315 3114 in
2357 3062 2820 3132 subsequentibus
2866 3064 2953 3120 lex
2986 3067 3170 3133 habet,
3204 3068 3334 3124 licet
3372 3071 3583 3142 aliquid
3626 3075 3783 3129 aliud

2181 3152 2481 3207 secundum
2518 3148 2783 3223 Spiritum
2826 3155 3023 3227 signet,
3061 3157 3208 3212 sicut
3252 3160 3370 3230 ipse
3414 3166 3785 3232 expositurus

485 3260 861 3309 veterasceulc
889 3249 1128 3305 armcitia
1182 3247 1480 3316 respu'tur,
1516 3254 1678 3313 atque
1710 3244 1763 3298 in
1807 3259 1960 3299 more
1982 3259 2074 3299 ve-
2102 3242 2143 3298 C
2178 3259 2322 3310 sum,
2381 3245 2508 3314 quia
2538 3261 2641 3300 nec
2688 3247 2888 3315 ipsum,
2931 3248 3024 3317 qui
3060 3249 3149 3304 hic
3191 3259 3296 3315 est,
3346 3253 3659 3323 spiritalem
3691 3257 3783 3312 in-

485 3349 889 3410 slimx-ntorum,
915 3359 1013 3399 seu
1046 3342 1266 3413 pellium
1298 3347 1687 3404 commutatur,
1719 3352 1898 3406 neque
1927 3338 2073 3391 enim

488 3454 702 3508 semper
733 3453 855 3491 cum
912 3436 993 3490 eis
1046 3435 1259 3495 vivunt,
1328 3446 1451 3485 cum
1510 3429 1708 3495 quibus
1766 3428 2075 3483 inordinate

484 3530 879 3585 cmicumbunt.
919 3525 1031 3581 lloc
1061 3540 1190 3597 ergo
1222 3523 1385 3579 modo
1428 3522 1797 3591 intclligentes
1828 3522 2076 3577 Μοδειίοω

486 3621 620 3692 legis
645 3621 832 3683 verba,
861 3618 1158 3673 maximum
1185 3632 1251 3670 ex
1277 3615 1356 3669 eis
1378 3614 1639 3684 juvamcn
1664 3612 1931 3682 capimus,
1970 3622 2025 3666 ct
2045 3629 2074 3666 a

487 3719 620 3789 legis
645 3716 947 3787 quaestione
987 3712 1342 3785 quiescimus.
1385 3709 1496 3765 Nec
1521 3709 1926 3780 reprehendere
1952 3716 2072 3764 eam

485 3826 800 3882 possumus,
858 3818 917 3864 ut
952 3806 1230 3878 superflue
1264 3804 1603 3874 punientem,
1654 3812 1711 3856 et
1746 3803 1812 3856 de
1844 3800 1930 3856 his
1960 3803 2077 3857 exi-

485 3914 703 3975 gentem
729 3916 971 3972 pcnnam,
1000 3914 1121 3969 quae
1149 3900 1208 3953 in
1235 3904 1425 3950 nostra
1466 3894 1746 3948 voluntate
1779 3909 1888 3947 non
1915 3901 2072 3947 sunt:

484 3998 661 4051 ﬂuxus
688 3996 832 4050 enim
860 3992 1086 4047 seminis
1111 4007 1223 4045 non
1251 4006 1315 4045 ex
1348 3999 1533 4044 nostra
1564 3987 1750 4045 evenit
1770 3987 2072 4047 voluntate,

484 4089 577 4144 sed
623 4096 680 4143 et
711 4102 777 4140 ex
806 4084 1121 4139 infirmitate
1169 4080 1458 4150 contingit.
1495 4077 1708 4131 Rursus
1740 4077 1916 4130 virum
1960 4093 2076 4131 mu-

483 4177 604 4233 lieri
634 4176 932 4239 coita-rere,
988 4181 1046 4227 et
1086 4171 1319 4226 muliere
1344 4170 1485 4235 viro,
1516 4166 1797 4237 compellit
1828 4167 2075 4220 naturale

483 4271 844 4333 consortium,
867 4275 922 4321 et
951 4265 1048 4322 Dei
1074 4263 1320 4320 definitio
1341 4278 1463 4332 qure
1484 4262 1559 4315 ait
1588 4280 1602 4314 :
1632 4259 1905 4329 Relinquat
1921 4260 2074 4313 homo

481 4373 687 4434 patrem
712 4370 759 4415 et
790 4368 1035 4424 matrem,
1086 4365 1137 4409 et
1189 4353 1477 4409 adhwrebit
1503 4353 1657 4408 uxori
1687 4367 1818 4415 sum,
1850 4358 1898 4404 et
1921 4359 2074 4404 erunt

480 4458 585 4510 riuo
609 4456 665 4509 in
680 4469 840 4508 carne
870 4450 1060 4506 una“.
1088 4446 1225 4502 Nam
1268 4446 1369 4502 etsi
1408 4446 1539 4500 Adae
1572 4446 1690 4500 haec
1719 4444 1888 4499 verba
1923 4452 2071 4506 sunt,

481 4562 662 4603 tmnen
683 4565 751 4602 ex
775 4546 961 4602 divino
984 4544 1104 4600 iure
1132 4540 1268 4597 dixit
1294 4540 1523 4611 Spiritu.
1551 4538 1707 4594 Unde
1731 4546 1787 4592 et
1820 4535 2073 4591 Christus

2180 3335 2456 3390 tcllectum
2523 3345 2813 3407 praetereo.
2884 3338 3357 3405 Quemadmodum
3427 3361 3561 3418 ergo
3618 3349 3780 3403 illum

2176 3429 2268 3498 qui
2311 3428 2516 3484 ﬂuxum
2577 3432 2806 3486 seminis
2849 3433 3092 3502 patitur,
3139 3450 3265 3489 eum
3322 3436 3416 3505 qui
3465 3441 3783 3509 corrumpit

2176 3516 2504 3584 doctrinam,
2556 3519 2943 3585 intelleximus,
2996 3520 3077 3575 sic
3124 3522 3192 3576 de
3227 3539 3338 3593 quo
3370 3539 3562 3579 semen
3590 3528 3781 3582 coitus

2177 3609 2474 3679 egreditur,
2507 3624 2639 3664 eum
2673 3612 2765 3680 qui
2793 3612 2862 3666 ad
2887 3610 3108 3667 Iudaeos
3149 3614 3520 3683 pertinentem
3555 3617 3776 3673 doctri-

2175 3717 2301 3756 nam
2327 3712 2566 3757 sectatur
2591 3702 2962 3774 intelligimus.
3004 3703 3138 3758 Nam
3170 3705 3311 3761 sicut
3345 3707 3646 3763 effundens
3674 3725 3779 3763 na-

2178 3794 2351 3846 turale
2407 3802 2463 3847 et
2520 3808 2717 3848 sanum
2766 3809 2977 3860 semen,
3039 3806 3267 3866 propter
3310 3799 3528 3853 sordem
3584 3808 3777 3855 tamen

2176 3888 2347 3942 Adam
2395 3888 2711 3943 immundus
2756 3896 2859 3954 est,
2911 3890 2989 3943 sic
3033 3899 3087 3943 et
3127 3904 3318 3945 eorum
3353 3906 3504 3956 sana,
3540 3902 3777 3964 propter

2177 3980 2348 4050 legem
2393 3996 2514 4049 quae
2558 3989 2785 4051 putatur
2819 3982 3089 4048 doctrina,
3125 3984 3227 4036 sub
3271 3984 3428 4053 culpa
3462 3994 3550 4039 est
3595 3995 3658 4039 et
3686 4003 3777 4042 re-

2174 4073 2584 4142 prehensibilis,
2627 4074 2756 4143 quia
2792 4074 3028 4128 litteram
3062 4074 3244 4138 docet,
3271 4091 3393 4145 qua:
3418 4076 3774 4134 maledictio-

2176 4181 2301 4220 nem
2328 4166 2493 4220 infert
2519 4168 2800 4237 discipulis
2827 4169 2942 4221 suis
2967 4184 2981 4233 ;
3007 4183 3186 4237 neque
3210 4172 3357 4223 enim
3393 4171 3660 4237 possibile
3688 4181 3774 4226 est

2174 4258 2485 4328 quempiam
2518 4275 2614 4328 per
2651 4260 2801 4314 illam
2834 4260 3078 4329 perfecte
3110 4261 3332 4332 corrigi.
3372 4261 3528 4316 Unde
3565 4264 3772 4329 Mosai—

2174 4365 2251 4404 (ξω
2293 4346 2659 4405 malediétioni
2702 4351 3000 4420 discipulos
3040 4366 3171 4406 suos
3223 4352 3447 4408 subdit:
3502 4354 3771 4425 ipsosque

2174 4443 2411 4509 Judaaos,
2464 4445 2556 4514 qui
2611 4444 2667 4497 in
2716 4444 3009 4499 mulierum
3059 4446 3377 4500 coeuntium
3420 4449 3770 4519 accipientur

2178 4533 2370 4604 figura,
2391 4543 2581 4603 utpote
2598 4534 2692 4603 qui
2719 4548 2936 4604 seraper
2955 4534 3258 4600 adhaerent,
3282 4545 3343 4599 et,
3361 4539 3768 4607 conquiescunt

475 4597 1021 4707 q‘iia—ndOV—‘I’barismo
1074 4650 1182 4689 non
1228 4597 1585 4689 dimittendas
1634 4629 1893 4685 mulieres
1921 4628 2071 4684 dice-
2106 4597 2148 4650 ῃ
2177 4626 2496 4681 doctoribus
2525 4625 2930 4680 institutionum
2949 4642 3193 4680 suarum.
3224 4626 3341 4683 Hoc
3367 4640 3553 4684 autem
3581 4632 3763 4700 ipsum

476 4733 590 4792 bat,
617 4730 821 4784 horum
864 4743 985 4798 qua:
1022 4743 1168 4781 nunc
1197 4726 1436 4782 diximus
1470 4723 1792 4780 memoriam
1835 4720 2064 4786 faciens,

473 4824 541 4879 ad
594 4823 763 4877 Deum
790 4837 875 4886 ea,
920 4820 1062 4875 sicut
1100 4820 1167 4875 ab
1200 4836 1267 4873 eo
1297 4818 1463 4880 dicta,
1520 4815 1727 4880 retulit,
1774 4814 1850 4868 ait
1874 4815 2016 4869 enim
2051 4831 2063 4867 :

473 4918 574 4982 Qui
604 4917 667 4970 ab
694 4915 849 4969 initio
875 4915 1006 4986 fecit
1039 4911 1335 4966 masculum
1382 4919 1429 4962 et
1456 4909 1716 4980 feminam
1764 4908 1886 4978 fecit
1922 4906 2060 4971 illos,

470 5022 519 5062 et
548 5009 717 5062 dixit:
757 5006 1041 5076 Propterea
1084 5002 1340 5073 relinquet
1399 5001 1552 5053 homo
1582 5008 1810 5068 patrem.
1854 5007 1901 5052 et
1946 5014 2063 5051 ma-

470 5114 624 5162 trem,
653 5109 701 5154 et
731 5097 1013 5154 adhmebit
1060 5094 1213 5149 uxori
1281 5093 1468 5146 sitae“.
1524 5091 1667 5163 Ergo
1700 5108 1807 5145 non
1841 5106 2057 5160 pmnam

469 5209 657 5247 eorum
713 5208 835 5260 qua:
888 5197 1081 5243 contra
1124 5185 1460 5241 voluntatem
1489 5185 1834 5255 contingunt,
1870 5183 2056 5251 exigit,

468 5300 570 5339 nec
598 5284 751 5353 quasi
782 5298 813 5337 a
853 5279 1089 5335 sordidis
1140 5277 1246 5337 his,
1285 5277 1374 5346 qui
1418 5278 1720 5331 secundum
1770 5278 1889 5345 ejus
1924 5290 2058 5329 con-

463 5378 636 5445 juncti
671 5386 801 5431 sunt
848 5375 1045 5442 legem,
1096 5369 1192 5423 sed
1251 5368 1304 5420 in
1368 5368 1454 5421 his
1481 5369 1700 5436 quidem
1728 5370 1818 5439 qui
1851 5367 2055 5420 fluxum

470 5468 696 5522 seminis
743 5465 1044 5533 patiuntur.
1096 5472 1380 5530 corruptos
1415 5462 1686 5521 doctores.
1714 5461 1804 5531 qui
1860 5457 2055 5528 ingrali

470 5567 597 5612 sunt
624 5557 857 5611 filiorum
888 5553 1311 5626 procreationis.
1350 5551 1448 5608 llic
1489 5563 1669 5606 autem
1699 5555 1828 5606 Aine
1866 5551 2057 5605 inobo-

469 5648 755 5710 uicutiam,
780 5658 966 5717 utpote
994 5662 1059 5700 ex
1093 5661 1153 5700 ea
1182 5661 1381 5715 genere
1413 5647 1652 5700 humano
1683 5646 1903 5699 sordido
1931 5637 2059 5692 Cm!-

2174 4729 2229 4773 ct
2261 4721 2316 4773 in
2356 4734 2451 4775 eos
2496 4719 2591 4787 qui
2632 4719 2686 4772 in
2725 4718 2996 4789 pratputio
3026 4728 3158 4773 sunt
3185 4729 3505 4790 cperantur,
3539 4726 3767 4792 quando

2171 4797 2437 4865 doctrina:
2480 4826 2674 4865 eorum
2705 4825 2894 4864 semen
2927 4810 3256 4881 suscipiunt,
3286 4827 3426 4882 quos
3454 4819 3763 4871 vestimen-

2171 4910 2286 4955 tum
2316 4910 2370 4955 et
2396 4901 2592 4970 pellem
2619 4915 2740 4955 esse
2762 4900 3017 4966 dicimus,
3054 4910 3244 4971 utpote
3288 4905 3667 4971 temporaliter
3707 4915 3764 4961 et

2172 4994 2483 5048 transitoric
2508 4993 2786 5047 doctrinas
2829 5008 3041 5058 eorum,
3096 5008 3208 5047 non
3262 5004 3322 5050 ut
3372 5003 3428 5050 et
3476 4996 3579 5065 ipsi
3628 5013 3759 5066 pro-

2170 5092 2358 5139 creent
2399 5084 2634 5153 aliquam
2687 5084 2916 5152 legalem
2940 5085 3236 5153 justitiam,
3260 5088 3600 5156 suscipiunt:
3629 5105 3753 5144 nam

2166 5176 2440 5244 quoumdo
2476 5174 2734 5245 possibile
2765 5177 2999 5237 esthoc,
3033 5176 3087 5228 in
3123 5177 3394 5247 praeputio
3423 5192 3755 5247 permanen-

2168 5268 2333 5331 tibus,
2366 5267 2460 5322 scd
2500 5275 2560 5321 ut
2588 5282 2686 5337 per
2713 5281 3000 5321 sermones
3025 5283 3217 5322 eorum
3249 5270 3430 5341 etipsi
3465 5273 3752 5327 maledicta

2165 5360 2296 5429 legis
2326 5360 2512 5428 pollui,
2548 5360 2908 5429 accipiantur.

2238 5451 2400 5505 Vens.
2436 5452 2619 5507 lii-23.
2655 5471 2674 5503 ‹
2708 5451 2897 5506 Mulier
2927 5468 3047 5522 quae
3071 5464 3337 5510 redeunte
3383 5470 3572 5510 mense
3613 5460 3757 5525 pati-

2169 5557 2259 5600 tur
2305 5547 2511 5599 ﬂuxum
2559 5547 2863 5613 sanguinis,
2896 5555 3107 5616 septem
3152 5546 3349 5603 diebus
3379 5548 3756 5617 scparabitur.

2165 5636 2358 5691 (lmuis
2379 5640 2468 5707 qui
2504 5638 2743 5709 tetigerit
2793 5653 2935 5701 eam,
2962 5639 3277 5693 immundus
3311 5639 3419 5692 erit
3457 5654 3634 5708 usque
3688 5642 3761 5697 ad

565 5847 592 5880 ¹
623 5845 783 5900 Deut.
819 5862 871 5913 ι,
897 5846 990 5902 92.
1107 5850 1149 5883 ¹⁰
1178 5848 1316 5906 Gen.
1352 5866 1411 5914 ιι,
1444 5846 1536 5901 24.
1652 5845 1688 5876 ¹¹
1720 5843 1907 5896 Matth.
1944 5858 2054 5908 xrx,

2179 5843 2216 5896 5.
2332 5844 2375 5875 ¹²
2410 5843 2551 5899 Psal.
2580 5857 2730 5907 cvm,
2770 5842 2853 5896 l8.
2968 5842 3010 5873 ³³
3038 5838 3175 5895 Psal.
3209 5854 3353 5905 xxxv,
3383 5833 3471 5893 26.
