3988 6222
336 279 440 347 9‘77

1487 270 1566 333 ΙΝ
1610 271 2048 333 LEVITICUM.
2077 299 2148 310 —
2184 273 2332 341 LIB.
2365 281 2433 343 Υ.

3495 293 3598 356 978

338 411 641 469 vesperam.
676 393 739 450 Et
778 393 834 450 in
883 408 991 465 quo
1018 388 1318 454 dormierit,
1356 391 1440 446 vel
1475 391 1680 445 sederit
1712 390 1908 445 diebus
1941 397 1981 451 Α
2013 393 2169 449 aliter
2196 376 2507 466 inundatur,
2544 404 2648 459 nisi
2685 406 2898 464 Iuratus
2934 425 3093 480 aqua.
3139 410 3280 479 Quid
3313 411 3386 469 sit
3411 424 3603 470 autem

336 487 697 560 separationis
732 501 844 542 suae
883 486 1162 556 polluitur.
1210 482 1314 550 Qui
1366 482 1606 554 tetigerit
1651 482 1912 537 lectulum

336 580 478 649 ejus,
535 576 739 631 Iavahit
794 575 1118 630 vestimenta
1166 588 1284 637 sua,
1328 584 1383 627 et
1425 572 1542 640 ipse
1591 571 1733 630 lotus
1751 587 1910 641 aqua,

342 669 583 741 pollutus
628 667 735 722 erit
759 681 931 736 usque
966 667 1032 721 ad
1073 680 1377 734 vesperam.
1416 664 1590 720 Omne
1625 680 1718 719 vas
1750 679 1915 733 super

334 765 480 833 quod
532 760 620 814 illa
668 758 888 819 sederit,
923 756 1175 826 quisquis
1206 756 1466 826 attigerit,
1505 755 1702 809 lavahit
1742 756 1913 810 vesti-

335 863 518 910 menta
572 869 693 916 sua,
748 858 803 907 et
857 849 1000 904 lotus
1049 863 1188 917 aqua
1219 848 1459 918 pollutus
1497 848 1604 901 erit
1636 860 1807 915 usque
1844 848 1911 900 ad

335 966 354 1003 \
369 964 638 1019 eSperam.
681 965 700 999 ι

403 1039 641 1095 Intentio
663 1035 987 1107 legislatoris
1021 1042 1103 1088 est
1133 1047 1162 1086 a
1193 1030 1445 1086 muliebri
1481 1029 1704 1085 libidine
1738 1029 1914 1083 abdu-

330 1147 456 1187 cere
486 1130 788 1193 hominem,
820 1126 1088 1195 simulque
1114 1138 1235 1178 cum
1268 1123 1400 1176 viris
1427 1131 1482 1176 et
1509 1121 1766 1176 mulieres
1788 1135 1913 1189 pro-

335 1224 522 1279 hibere
556 1238 585 1275 a
623 1220 796 1289 turpis
817 1216 1224 1275 commistionis
1258 1230 1443 1271 causa.
1478 1213 1593 1269 Non
1625 1213 1771 1268 enim
1811 1214 1914 1268 hoc

332 1331 431 1388 pro
462 1314 693 1368 ﬁliorum
718 1308 1094 1381 procreatione
1119 1308 1225 1379 agi,
1251 1308 1484 1361 maxime
1514 1321 1578 1360 ea
1609 1321 1728 1374 qua:
1762 1319 1912 1358 nunc

332 1410 609 1469 dicuntur,
646 1404 935 1459 alIirmant.
984 1398 1197 1456 Invenit
1237 1401 1385 1454 enim
1419 1402 1640 1453 modum
1677 1414 1786 1469 quo
1815 1414 1913 1468 per

332 1502 478 1555 varia
511 1507 838 1568 temporum,
871 1511 936 1551 ac
966 1494 1198 1565 plurima
1227 1492 1531 1556 intervalla,
1564 1492 1633 1546 ab
1663 1492 1911 1561 ingressu

332 1588 584 1647 muliebri
634 1596 850 1656 separet
893 1587 1086 1640 viros:
1144 1601 1271 1639 nam
1334 1584 1610 1638 mensibus
1680 1584 1912 1652 singulis

332 1686 537 1738 ﬂuxum
565 1682 843 1754 sanguinis
881 1679 1183 1751 patiuntur.
1219 1676 1439 1747 Septem
1490 1686 1672 1731 autem
1715 1677 1911 1731 diebus

331 1775 642 1832 imxnundas
663 1789 756 1829 eas
788 1788 928 1837 esse,
961 1785 1163 1841 eosque
1190 1770 1353 1823 etiam
1388 1768 1479 1838 qui
1503 1767 1738 1837 simplici
1763 1776 1911 1822 tactu

331 1883 424 1923 eas
448 1867 793 1938 contingunt,
830 1865 1141 1919 immundos
1166 1878 1289 1917 esse
1320 1877 1491 1927 usque
1528 1863 1593 1916 ad
1624 1876 1911 1931 veSperam

332 1960 612 2032 pneeepit.
640 1959 743 2027 Qui
772 1973 903 2014 vero
926 1973 1049 2011 cum
1088 1957 1173 2012 his
1210 1958 1508 2017 dormiunt.
1546 1971 1656 2011 non
1693 1971 1800 2011 una
1825 1957 1912 2011 die

331 2053 660 2119 immundos,
712 2051 809 2107 sed
864 2060 1072 2120 septem
1118 2049 1234 2106 dies
1287 2064 1408 2105 esse
1441 2049 1592 2105 dicit.
1626 2049 1769 2121 Ergo
1809 2050 1914 2105 sub

332 2147 546 2202 dierum
580 2146 875 2201 multorum
910 2142 1272 2206 continentia,
1303 2149 1414 2196 tam
1459 2142 1718 2198 mulieres
1755 2158 1785 2196 a
1836 2143 1914 2198 vi-

331 2239 427 2300 ris,
455 2252 619 2309 quam
636 2237 749 2292 viri
783 2252 812 2291 a
846 2237 1165 2291 mulieribus
1192 2236 1520 2292 necessitate
1562 2235 1908 2291 cohibentur.

332 2329 402 2387 Et
429 2330 514 2385 his
545 2330 766 2400 quidem
798 2329 1075 2384 sensibilis
1098 2328 1339 2392 Iudaeus,
1375 2336 1431 2383 et
1458 2330 1759 2383 secundum
1792 2345 1913 2383 car-

332 2439 457 2479 nem
494 2423 738 2480 Israelita
789 2424 969 2493 juvari
1008 2440 1106 2493 per
1135 2423 1369 2478 litteram
1397 2432 1650 2494 p0terat;
1694 2423 1797 2478 hoc
1830 2433 1914 2479 est

331 2525 513 2572 autem
567 2518 913 2572 verissimum
954 2517 1216 2587 juvamen
1273 2517 1531 2587 spiritalis
1590 2519 1911 2573 considera»

332 2610 517 2677 tionis,
560 2611 704 2682 quod
739 2619 823 2665 est
860 2610 1006 2664 intus
1036 2611 1327 2665 inclusum.
1372 2611 1571 2669 Fluxus
1608 2614 1753 2668 enim
1787 2628 1912 2668 san-

330 2700 512 2773 guinis
539 2705 755 2765 animm,
781 2704 938 2772 cujus
966 2719 1276 2773 personam,
1302 2713 1487 2773 utpote
1517 2704 1908 2767 clieminatam,

240 2794 243 2795 ⁷
333 2800 391 2848 et
440 2791 811 2847 fortitudinem
878 2796 1099 2865 pietatis
1160 2797 1517 2867 prodentem,
1574 2799 1627 2850 in
1684 2797 1914 2867 muliere

332 2901 480 2942 nunc
528 2887 804 2959 legislator
862 2890 1178 2953 insinuavit,
1225 2890 1529 2945 idololatria
1582 2901 1694 2946 est.
1741 2865 1914 2961 Hujus

332 2980 631 3035 sccundum
678 2980 824 3049 quod
853 2977 992 3034 LXX
1024 2982 1195 3036 edunt
1239 2983 1415 3052 ﬂuxus
1442 2983 1494 3035 in
1524 2999 1737 3052 corpore
1763 2982 1914 3053 ejus:

2015 502 2150 557 aqua
2195 491 2248 545 in
2295 495 2733 559 praeceleutibus
2776 500 3033 565 diximus,
3082 503 3597 576 inta‘ntmn‘oportet

2013 580 2081 635 ab
2114 584 2261 637 omni
2314 585 2632 642 idololatria:
2674 591 2883 647 malitia
2925 594 3226 661 abstinere,
3275 605 3329 652 et
3369 612 3474 652 nec
3502 612 3597 652 cos

2013 675 2105 743 qui
2140 675 2301 731 idolis
2337 679 2607 746 serviunt,
2650 698 2752 738 nec
2783 685 2885 740 hos
2908 687 3113 756 quibus
3149 689 3222 743 illi
3250 691 3407 759 quasi
3436 704 3596 759 orga-

2012 766 2121 831 nis,
2147 767 2229 822 vel
2258 770 2413 838 quasi
2447 771 2623 837 lectis,
2654 783 2749 828 aut
2779 776 2924 830 vasis
2945 785 3199 844 utuntur,
3236 781 3552 851 cimtingere
3579 798 3592 833 :

2012 856 2068 911 id
2091 868 2175 915 est
2226 860 2276 915 in
2305 863 2455 916 nullo
2517 880 2640 919 cum
2687 867 2767 921 eis
2806 871 3251 925 communionem
3282 872 3505 933 habere,
3540 880 3598 925 ut

2014 947 2217 1005 Paulus
2274 955 2593 1021 prohiberet
2653 958 2815 1012 etiam
2879 961 2933 1015 in
2994 961 3162 1016 idolio
3241 962 3587 1023 recumbere.

2014 1056 2076 1095 ac
2105 1043 2277 1097 multo
2307 1046 2475 1115 magis
2507 1048 2796 1103 comedere
2828 1049 3188 1119 idolothvtum
3214 1052 3278 1104 ⁸³.
3322 1050 3429 1104 Sed
3481 1050 3599 1105 Iure

2013 1133 2233 1202 quidem
2261 1151 2451 1205 parum
2476 1150 2697 1199 nocent.
2722 1155 2827 1195 nec
2855 1141 3210 1210 pollutionem
3236 1143 3460 1201 habent.
3489 1142 3597 1197 Sed

2014 1225 2105 1279 illo
2130 1226 2217 1281 die
2247 1228 2588 1284 immundum
2623 1246 2745 1285 esse
2778 1231 2908 1286 dicit
2933 1233 3243 1303 Iegislalor:

2022 1344 2031 1354 -
2085 1316 2247 1374 Vens.
2295 1319 2387 1374 24.
2432 1341 2451 1373 ι
2522 1321 2577 1375 Si
2600 1332 2780 1377 autem
2829 1323 3026 1393 aliquis
3092 1323 3285 1378 coierit
3322 1337 3445 1377 cum
3510 1335 3596 1384 ea,

2015 1419 2259 1481 tempore
2290 1415 2568 1485 sanguinis
2608 1415 2979 1479 menstrualis,
3027 1414 3340 1470 immundus
3369 1413 3471 1469 erit
3504 1427 3594 1467 se—

2015 1513 2163 1573 ptem
2193 1506 2327 1561 dies.
2359 1527 2377 1557 ι

2012 1593 2021 1602 ’
2086 1596 2142 1651 Id
2172 1606 2275 1662 est,
2306 1598 2349 1653 si
2384 1599 2506 1667 quis
2535 1597 2696 1662 malo,
2731 1606 2785 1651 et
2812 1596 3015 1651 actioni
3042 1596 3239 1652 animae
3292 1595 3452 1653 idolis
3481 1611 3600 1650 ser-

2016 1689 2213 1745 vientis
2242 1688 3060 1753 communicaverit,immolans
3102 1688 3334 1743 forsitan
3387 1699 3443 1743 et
3485 1688 3601 1758 ipse

2015 1783 2191 1848 idolis,
2212 1784 2326 1838 sive
2357 1783 2553 1850 libans,
2578 1792 2670 1837 aut
2698 1782 2898 1852 aliquid
2926 1797 3093 1853 agens
3120 1781 3389 1837 idolorum
3422 1781 3602 1838 servi-

2019 1877 2125 1933 tuti
2161 1876 2469 1947 proximum
2505 1895 2518 1932 :
2552 1875 2657 1930 hoc
2679 1884 2761 1930 est
2788 1873 2934 1929 enim
2977 1890 3101 1929 cum
3132 1874 3336 1928 ﬂuxum
3382 1873 3602 1945 sangui-

2015 1964 2100 2020 nis
2135 1964 2376 2035 patiente
2409 1956 2667 2029 dormire,
2698 1959 3072 2031 multipliciter
3135 1968 3364 2031 peccato
3395 1960 3598 2031 pollui-

2017 2067 2122 2113 tur.
2148 2056 2378 2128 Propter
2407 2056 2552 2127 quod
2583 2071 2683 2127 pro
2711 2070 2821 2110 una
2849 2053 2938 2109 die
2985 2061 3194 2124 septem
3227 2052 3426 2107 diebus
3470 2068 3594 2110 eum

2015 2153 2358 2209 immundum
2387 2167 2511 2208 esse
2537 2151 2819 2222 praecepit,
2848 2150 2990 2206 sicut
3029 2149 3121 2219 qui
3174 2164 3393 2204 omnem
3442 2164 3597 2205 suam

2015 2246 2203 2312 vitam,
2236 2253 2290 2299 et
2313 2259 2535 2301 omnem
2586 2259 2739 2301 suam
2779 2241 3254 2298 conversationem
3295 2239 3429 2296 fecit
3445 2241 3600 2296 idolis

2015 2339 2302 2395 serviendo
2324 2338 2662 2394 sordescere.

2087 2433 2252 2488 Vens.
2286 2431 2470 2488 95.27.
2507 2448 2526 2482 ι
2564 2429 2757 2486 Mulier
2783 2444 2903 2500 quae
2948 2428 3153 2500 patitur
3179 2426 3367 2483 multis
3410 2425 3603 2481 diebus

2015 2523 2217 2578 ﬂuxum
2237 2521 2537 2593 sanguinis,
2570 2536 2682 2575 non
2711 2528 2958 2589 tempore
3003 2518 3344 2582 menstruali,
3375 2516 3602 2587 velquze

2014 2626 2135 2687 post
2160 2626 2502 2671 menstruum
2533 2615 2849 2685 sanguinem
2878 2612 3046 2668 ﬂuere
3066 2629 3176 2667 non
3210 2619 3410 2675 cessat,
3429 2628 3605 2682 quan-

2015 2711 2108 2763 diu
2140 2709 2268 2763 huic
2296 2707 2541 2777 subjacet
2575 2704 2834 2776 pasSioni,
2878 2703 3162 2758 immunda
3186 2702 3314 2767 erit,
3349 2701 3510 2771 quasi
3530 2703 3601 2756 sit

2018 2801 2073 2855 in
2105 2810 2349 2870 tempore
2370 2805 2675 2853 menstruo.
2719 2795 2891 2851 Omne
2925 2803 3156 2876 stratum
3198 2793 3255 2848 in
3311 2808 3421 2862 quo
3475 2792 3605 2848 dor-

2016 2894 2215 2958 mierit,
2238 2901 2294 2948 et
2324 2907 2419 2946 vas
2440 2893 2494 2946 in
2526 2906 2635 2961 quo
2658 2889 2865 2945 sederit
2913 2887 3182 2958 pollutum
3206 2885 3330 2941 erit.
3362 2885 3606 2951 Quicun-

2016 3002 2124 3056 que
2160 2984 2404 3057 tetigerit
2454 2999 2538 3050 ea,
2582 2984 2787 3039 lavabit
2837 2981 3163 3037 vestimenta
3217 2996 3334 3046 sua,
3391 2989 3449 3034 et
3492 2979 3608 3049 ipse

334 3073 617 3143 corruptio
645 3073 814 3140 enim,
861 3087 955 3128 seu
1006 3074 1238 3145 perditio
1282 3084 1367 3129 est
1397 3074 1623 3129 humani
1674 3077 1912 3146 generis,
1942 3081 1985 3139 C
2020 3078 2163 3134 lotus
2197 3094 2353 3149 aqua,
2404 3078 2723 3132 immundus
2777 3062 2882 3130 erit
2938 3087 3111 3142 usque
3139 3073 3208 3129 ad
3233 3085 3539 3143 vesperam.
3584 3088 3603 3122 υ

335 3162 662 3218 idololatrici
710 3165 993 3236 sanguinis
1053 3166 1271 3221 ell'usio.
1312 3166 1543 3237 Propter
1599 3167 1745 3238 quod
1803 3184 1914 3223 non

337 3254 475 3310 dixit
499 3256 563 3310 de:
588 3271 817 3328 corpore
851 3258 990 3327 ejus,
1032 3274 1210 3325 neque
1245 3258 1391 3313 enim
1426 3278 1454 3312 a
1498 3260 1657 3316 nobis
1683 3270 1767 3315 est
1799 3260 1918 3316 ido-

335 3348 549 3403 lolatria
589 3349 902 3414 adiuventa,
939 3352 1036 3408 sed
1088 3368 1116 3407 a
1157 3354 1497 3409 daemonibus
1532 3372 1544 3407 :
1580 3354 1635 3409 in
1691 3371 1920 3425 corpore

341 3443 593 3499 videlicet
616 3445 799 3514 generi
830 3455 1018 3500 nostro
1048 3446 1250 3501 inﬂicta
1278 3456 1381 3510 est,
1418 3457 1473 3501 et
1499 3448 1779 3517 curruptio
1819 3448 1923 3503 hu-

338 3550 516 3590 manas
563 3545 647 3590 est
685 3536 881 3591 aﬂ'ecta
931 3546 1159 3592 naturae.
1191 3538 1299 3593 Sed
1344 3545 1398 3593 et
1429 3548 1672 3609 tempora
1710 3538 1924 3593 denuno

340 3628 504 3693 tians,
567 3629 621 3683 in
671 3630 870 3701 quibus
922 3631 1226 3686 idololatria
1279 3631 1540 3696 obtinuit,
1595 3632 1664 3687 tle
1721 3632 1923 3703 quibus

342 3720 544 3776 Paulus
581 3722 831 3777 diccbat:
866 3723 933 3777 Et
962 3724 1174 3794 quidem
1216 3733 1452 3792 tempora
1492 3726 1810 3794 ignorantia:
1833 3727 1924 3779 de-

335 3810 563 3876 spiciens
584 3810 740 3875 Deus,
772 3828 910 3866 nunc
936 3815 1222 3866 annuntiat
1251 3829 1428 3867 omnes
1454 3814 1647 3886 ubique
1670 3815 1926 3882 pceniten-

341 3903 477 3958 tiam
505 3920 663 3973 agere
686 3906 749 3961 ’⁸.
802 3905 940 3971 Quid
968 3906 1141 3961 dixit:
1170 3904 1378 3978 Septem
1421 3907 1606 3962 diebus
1653 3908 1924 3976 separabb

270 4070 276 4075 η
343 3996 465 4050 tur?
520 3996 675 4062 Quod
718 3998 804 4053 alii
840 4017 853 4054 :
913 3999 1033 4054 Erit
1086 4000 1142 4054 in
1172 4002 1485 4070 purgatione
1509 4018 1629 4058 sua.
1655 4003 1761 4056 Alii
1794 4018 1926 4058 vero

342 4087 722 4156 Interpretes:
774 4089 836 4144 In
889 4093 1225 4159 separatione
1282 4092 1580 4162 iniquitatis
1633 4109 1761 4147 suaa.
1821 4093 1925 4148 Alii

339 4185 522 4233 autem
549 4180 776 4235 miseria:
810 4182 1121 4249 ediderunt,
1156 4191 1216 4237 ut
1263 4198 1362 4253 per
1394 4184 1762 4253 septenarium
1807 4185 1925 4240 die-

338 4285 464 4325 rum
511 4276 1106 4346 numerum,’tempora
1151 4274 1507 4347 signiﬁcaret.
1560 4277 1799 4347 Spiritus
1832 4277 1926 4347 qui

340 4376 512 4431 usque
559 4364 628 4420 ad
693 4367 1115 4436 eornpletionem
1160 4376 1463 4437 temporum
1516 4380 1666 4435 sunt,
1716 4369 1774 4424 in
1818 4385 1923 4440 qua

2092 3169 2366 3235 Quantum
2391 3167 2628 3223 vindicet
2662 3166 2885 3237 spiritus
2908 3165 2999 3219 Dei
3028 3165 3161 3237 legis
3188 3156 3609 3233 contemplatio-

2022 3276 2169 3325 nem,
2203 3269 2260 3315 ct
2284 3259 2573 3314 lectionem
2603 3258 2802 3313 litterze
2854 3258 2943 3312 bis
2973 3271 3094 3327 quae
3122 3270 3221 3327 per
3277 3263 3460 3328 partes
3480 3269 3608 3309 san-

2025 3354 2270 3419 ciuntur,
2303 3351 2547 3407 ostendit
2584 3350 2758 3422 :_qnia
2814 3349 2961 3404 enim
3001 3346 3205 3403 ﬂuxum
3238 3345 3464 3403 seminis
3512 3359 3610 3415 pa-

2025 3448 2275 3508 tientem,
2297 3444 2388 3515 qui
2413 3444 2579 3499 habet
2611 3442 2665 3497 in
2715 3443 2833 3514 lege
2876 3441 3174 3497 obscenam
3202 3448 3257 3496 et
3298 3445 3610 3511 corruptam

2029 3539 2364 3603 doctrinam,
2396 3537 2525 3592 olim
2562 3536 2822 3601 diximus,
2858 3543 2914 3591 et
2951 3534 3020 3591 de
3069 3548 3178 3604 quo
3207 3532 3381 3590 coitus
3424 3544 3610 3586 semen

2026 3633 2330 3704 egreditur,
2367 3630 2595 3688 Iudaica
2646 3640 2837 3685 utente
2890 3627 3163 3684 doctrina.
3213 3623 3517 3680 Restabant
3555 3621 3611 3675 hi

2029 3723 2119 3794 qui
2147 3739 2484 3794 paganorum
2512 3722 2817 3777 doctrinam
2846 3719 3047 3777 docent
3079 3736 3091 3773 :
3125 3731 3253 3773 ecce
3280 3713 3613 3783 etiamipsos

2028 3832 2178 3871 nunc
2202 3824 2507 3887 opportune
2533 3813 2809 3869 subinfert
2844 3829 2989 3868 esse.
3038 3811 3178 3880 Ergo
3213 3808 3418 3863 ﬂuxum
3480 3820 3612 3861 san-

2029 3909 2228 3981 guinis,
2252 3908 2517 3966 idolorum
2550 3905 2943 3968 seductionem,
2966 3910 3023 3957 et
3053 3914 3293 3957 errarent
3347 3897 3611 3960 diximus,

2029 4009 2218 4072 utpote
2243 4014 2445 4071 genere
2464 3996 2858 4052 daemoniorum
2896 3994 3159 4065 sanguine
3209 3989 3501 4062 gaudente,
3561 3996 3616 4041 et

2029 4113 2141 4152 non
2170 4095 2344 4151 solum
2376 4105 2657 4164 pecorum.
2690 4090 3029 4159 aliorumque
3047 4086 3359 4141 animalium
3394 4081 3611 4136 irratio-

2030 4189 2316 4255 nabilium,
2349 4189 2446 4244 sed
2474 4187 2639 4242 etiam
2666 4182 2949 4240 hominum
2978 4177 3243 4236 sacrificia
3277 4173 3599 4255 praecipien-

2032 4284 2126 4349 tia,
2147 4283 2219 4338 ita
2246 4254 2309 4337 ut
2329 4282 2380 4335 in
2407 4280 2598 4335 multis
2619 4278 2755 4333 locis
2781 4274 2923 4345 apud
2960 4289 3055 4329 eos
3086 4269 3212 4326 talia
3264 4254 3616 4324 celebraren-

2032 4386 2121 4431 tur
2150 4373 2429 4448 mysteria,
2458 4371 2623 4428 veluti
2652 4367 2891 4440 Dionysii
2925 4374 2983 4421 et
3015 4364 3220 4427 Dianae,
3270 4360 3614 4426 aliorumque

338 4455 707 4524 completione
733 4457 1044 4527 evangelica
1084 4462 1336 4528 provenit
1365 4461 1702 4531 praedicatio,
1743 4462 1799 4516 in
1836 4439 1923 4518 his
1958 4439 2000 4494 θ
2029 4439 2361 4530 daemonum,
2386 4464 2441 4518 in
2485 4471 2693 4517 tantum
2746 4439 2927 4514 ﬂuxus
2983 4453 3267 4527 sanguinis
3322 4449 3466 4521 apud
3519 4460 3615 4502 eos

338 4532 574 4617 sepzi‘rati
605 4565 634 4605 a
666 4551 775 4606 Deo
802 4568 899 4622 per
932 4552 1294 4608 idololatriam
1320 4554 1576 4611 homines
1622 4556 1676 4609 in
1704 4571 1925 4626 separa-

338 4640 491 4694 tione
521 4642 837 4713 iniquitatis,
865 4654 921 4701 et
943 4647 1171 4701 miseria:
1211 4649 1519 4722 necessario
1546 4658 1721 4715 erant,
1754 4664 1925 4719 usque

339 4731 473 4786 dum
524 4732 634 4789 Deo
690 4752 789 4805 per
839 4738 1207 4809 evangelicam
1262 4741 1739 4796 conversationem
1793 4757 1927 4797 con-

334 4824 711 4896 iungeremur,
742 4844 860 4898 qua:
893 4830 946 4885 in
988 4838 1234 4885 octavam
1264 4831 1406 4886 diem
1456 4833 1766 4903 accipitur:
1797 4834 1924 4904 quia

340 4922 580 4991 signum,
610 4932 664 4977 et
692 4923 1045 4994 principium,
1079 4935 1133 4980 et
1171 4941 1266 4980 ara
1296 4927 1705 4996 quodammodo
1735 4926 1922 4984 saeculi

340 5022 428 5068 cst
468 5014 655 5081 futuri,
703 5024 927 5086 propter
956 5018 1123 5086 quod,
1169 5027 1222 5074 et
1263 5028 1451 5073 octava
1502 5018 1590 5073 die
1626 5018 1925 5075 Salvatoris

341 5110 610 5178 processit
644 5110 995 5165 resurrectio.
1036 5105 1154 5165 Non
1189 5112 1363 5167 solum
1396 5123 1580 5171 autem
1615 5112 1774 5167 idolis
1804 5128 1924 5168 scr-

340 5200 502 5254 vieos
540 5202 743 5268 anima,
777 5204 871 5259 sed
910 5212 965 5258 et
997 5203 1042 5258 is
1071 5204 1162 5273 qui
1199 5219 1319 5258 eam
1354 5205 1547 5275 tangit,
1586 5205 1637 5258 id
1679 5214 1782 5268 est,
1830 5207 1922 5275 qui

339 5292 616 5363 particeps
636 5295 757 5363 ejus
781 5295 1012 5351 eilia-itur
1046 5316 1058 5350 :
1093 5306 1143 5350 et
1193 5299 1363 5351 multo
1394 5298 1565 5365 magis
1603 5298 1711 5363 hic,
1745 5299 1846 5366 qui
1869 5296 1925 5350 in

260 5384 275 5396 ’
340 5399 454 5454 quo
499 5388 719 5450 dormit,
768 5389 851 5443 vel
886 5388 938 5441 in
968 5404 1077 5458 quo
1117 5388 1289 5455 sedet,
1330 5397 1516 5459 utpote
1540 5390 1631 5458 qui
1660 5389 1925 5444 doctrina:

343 5476 485 5544 ejus,
518 5487 573 5532 et
608 5479 912 5533 traditionis
933 5479 1202 5547 particeps
1234 5480 1316 5531 vel
1347 5480 1438 5548 qui
1468 5479 1662 5533 coierit
1684 5495 1808 5534 cum
1838 5494 1923 5540 ea,

342 5566 663 5625 immundus
719 5571 839 5636 erit,
874 5579 926 5624 et
985 5570 1354 5625 inundationis
1390 5585 1525 5639 opus
1588 5570 1769 5635 halat,
1826 5587 1927 5623 nec

458 5746 500 5781 ⁸⁸
529 5745 652 5803 Act.
686 5764 819 5815 XVII,
856 5749 942 5803 ὅθ.
1059 5752 1099 5784 ’³
1131 5750 1151 5803 l
1180 5750 1302 5805 Cor.
1336 5765 1480 5814 xvm,
1518 5747 1672 5802 8-H.

2030 4555 2331 4611 inoleverat
2361 4573 2374 4609 :
2406 4551 2644 4607 Attende
2670 4557 2853 4605 autem
2900 4562 3066 4611 nunc,
3097 4544 3296 4617 quibus
3324 4538 3505 4597 verbis
3534 4538 3615 4592 le-

2031 4648 2251 4722 gislator
2286 4663 2416 4704 usus
2445 4655 2552 4701 est.

2107 4738 2303 4796 Mulier
2338 4756 2453 4812 quo:
2474 4740 2678 4807 patitur
2706 4734 2888 4790 multis
2955 4729 3135 4786 diebus
3160 4731 3363 4801 ﬂuxum
3389 4726 3617 4799 sangui-

2035 4836 2116 4890 nis
2145 4850 2247 4888 non
2294 4841 2525 4902 tempore
2549 4827 2879 4883 menstmali.
2907 4824 3062 4892 Quod
3108 4819 3249 4877 LXX
3290 4822 3369 4877 sic
3420 4819 3613 4875 edide-

2029 4937 2158 4983 runt
2201 4945 2214 4981 :
2245 4927 2439 4993 Mulier
2465 4924 2511 4978 si
2528 4925 2661 4992 ﬂuat
2684 4920 3001 4990 proﬂuvium
3031 4915 3307 4987 sanguinis
3337 4913 3445 4968 dies
3469 4928 3613 4967 com-

2029 5021 2225 5093 plures.
2258 5018 2374 5074 Non
2404 5017 2561 5078 dixit,
2589 5016 2633 5071 si
2665 5013 2784 5070 ﬂuit
2814 5011 3165 5082 sanguinem,
3186 5008 3331 5078 quod
3360 5002 3615 5060 estidolis

2030 5112 2259 5173 servire,
2304 5103 2877 5165 sireimmolarezsed
2907 5103 2964 5156 Si
2985 5101 3200 5173 ﬂuxerit
3234 5099 3435 5169 ﬂuxum
3484 5110 3613 5148 san-

2030 5205 2223 5278 guinis,
2264 5204 2316 5256 id
2338 5212 2441 5265 est,
2471 5200 2515 5253 si
2549 5198 2667 5253 ﬂuit
2690 5182 2959 5252 maculam
2998 5201 3054 5247 et
3106 5204 3347 5246 errorem
3381 5184 3612 5239 idololao

2035 5275 2182 5351 tri-.e:
2218 5293 2345 5349 facit
2369 5300 2551 5346 autem
2578 5292 2681 5344 hoc
2721 5304 2831 5343 non
2880 5287 2933 5340 in
2965 5293 3211 5353 tempore
3266 5275 3610 5335 menstruali.

2038 5389 2086 5440 id
2124 5396 2227 5445 est,
2248 5402 2353 5440 non
2384 5384 2435 5438 in
2471 5382 2809 5453 temporibus
2832 5377 3031 5450 quibus
3072 5374 3342 5428 idolorum
3374 5368 3614 5424 servitus

2036 5477 2336 5536 obtinebat,
2379 5475 2496 5528 haec
2524 5488 2648 5528 esse
2676 5465 3035 5525 menstrualia
3092 5472 3362 5530 tempora,
3413 5456 3466 5512 in
3508 5455 3615 5510 illis

2036 5569 2237 5633 verbis,
2278 5568 2333 5623 in
2366 5565 2564 5636 quibus
2590 5566 2656 5617 de
2686 5578 2748 5616 ea
2778 5558 3152 5629 loquebamur,
3187 5562 3469 5608 ostensum
3507 5557 3611 5604 est.
