4030 6240
463 323 565 384 9ἶ⁹9

1584 326 1593 341 ‘
1643 320 2007 386 HESYCHII
2047 320 2518 382 PRESBYTER!

3656 317 3790 381 θεο

464 428 589 495 Sed”
608 449 664 495 et
692 446 973 510 postquam
996 436 1427 509 cmpitscientia,
1465 447 1518 493 et
1538 453 1636 508 per
1665 437 2037 510 evangelicam
2070 440 2113 496 Α
2140 418 2483 511 praeciperet,
2514 439 2642 509 quia
2672 438 2934 494 divinitas
2965 438 3131 493 debet
3194 436 3427 508 intelligi
3478 435 3532 489 in
3596 440 3785 488 ante-

463 532 762 588 doctrinam
785 531 971 586 lumen
998 530 1213 601 pietatis
1271 530 1467 594 illuxit,
1521 529 1637 599 ipse
1681 538 1864 583 tamen
1920 529 2027 582 im-

462 619 664 675 munda
722 618 860 687 ﬂuit,
910 629 966 674 et
986 619 1145 675 docet
1208 619 1456 689 quaedam
1524 619 1699 674 errori
1765 619 2037 674 idolorum

462 709 730 776 proxima,
762 710 1077 765 immundus
1106 719 1208 773 est,
1243 710 1384 763 sicut
1437 709 1513 763 illi
1563 710 1780 763 illorum
1826 718 2040 779 tempo-

463 817 603 864 rum,
638 802 696 857 in
728 802 927 878 quibus
956 803 1108 857 furor
1159 802 1427 856 idolorum
1489 801 1790 865 obtinebat,
1810 801 1899 856 illa
1943 801 2041 857 do-

460 900 650 947 centes
673 908 1015 963 quaecunque
1041 892 1107 947 ad
1140 892 1361 947 illorum
1392 891 1742 962 pertinebant
1762 907 2037 947 errorem:

461 993 618 1039 erant
644 986 792 1040 enim
819 986 986 1039 etiam
1013 994 1145 1039 tune
1184 985 1471 1049 immundi,
1498 984 1594 1039 sed
1624 994 1680 1039 et
1704 1000 1852 1040 nunc
1868 985 2040 1039 multo

463 1075 658 1146 magis,
717 1075 845 1146 quia
893 1077 1005 1147 jam
1053 1076 1260 1132 nudata
1301 1086 1388 1132 est
1425 1075 1769 1130 immunditia
1824 1091 2039 1142 eorum,

465 1176 521 1219 et
552 1180 710 1220 error
760 1167 1068 1222 convictus.
1123 1167 1295 1233 Quam
1327 1170 1455 1238 quia
1514 1166 1811 1223 noluerunt
1842 1166 2040 1221 oculos

462 1271 593 1311 suos
627 1257 873 1326 prmbere
904 1258 1009 1312 luci
1039 1276 1178 1315 verae
1219 1260 1617 1341 intelligentiae,
1651 1270 1875 1331 propter
1895 1261 2039 1329 quod
2086 1310 2093 1317 .

463 1347 600 1402 dixit
634 1365 648 1401 ζ

533 1435 662 1502 θυαε
687 1440 891 1508 patitur
938 1441 1142 1509 ﬂuxum
1190 1443 1486 1510 sanguinis,
1549 1458 1652 1495 non
1712 1443 1767 1496 iu
1814 1452 2041 1511 tempore

462 1541 751 1596 menstruo,
779 1531 859 1585 vel
897 1548 1012 1603 qua
1036 1542 1150 1600 post
1181 1543 1504 1587 menstruum
1526 1536 1842 1603 sanguinem
1875 1537 2042 1604 ﬂuere

461 1635 566 1673 non
587 1629 773 1683 cessat,
804 1621 1040 1689 quandiu
1070 1621 1190 1674 lmic
1219 1623 1455 1690 subjacet
1482 1623 1736 1691 passioni,
1763 1625 2039 1678 immunda

460 1713 579 1765 erit.
615 1709 750 1766 Nam
786 1712 891 1767 etsi
926 1727 1033 1766 non
1066 1713 1332 1783 integram
1392 1714 1774 1780 idololatriam,
1813 1719 2037 1787 auguria

2141 530 2397 596 rioribus,
2424 540 2570 586 retro
2595 531 2990 586 humanitatem
3011 529 3384 600 intelligimus,
3418 527 3583 582 hanc
3612 540 3782 597 gen-

2143 630 2245 687 tes,
2280 637 2401 692 qua;
2427 622 2483 675 in
2512 620 2659 676 ﬂuxu
2686 621 2995 677 constitutae
3033 629 3193 675 erant
3216 618 3528 690 sanguinis,
3554 616 3780 672 idolo-

2141 729 2262 767 rum
2290 713 2568 782 proposito
2597 712 2839 783 tetigisse
2870 712 3121 766 dicimus.
3154 709 3310 777 Quod
3345 709 3389 763 si
3416 724 3532 764 non
3552 707 3777 763 solum

2142 820 2257 867 eos,
2285 804 2381 873 qui
2409 804 2476 858 ad
2505 802 2902 859 eﬂundendum
2924 802 3246 857 idololatriae
3270 800 3621 872 sanguinem
3654 813 3771 851 va-

2141 907 2288 962 cant,
2320 895 2416 950 sed
2443 895 2606 949 etiam
2636 910 2734 950 eos
2752 894 2845 965 qui
2866 894 3065 949 docent
3092 908 3177 959 ea,
3225 908 3348 963 qua:
3403 892 3474 946 ad
3523 890 3767 945 doctri.

2141 998 2266 1040 nam
2300 986 2577 1055 pertinent
2610 998 2969 1055 paganorum,
3004 983 3211 1041 ﬂuxum
3239 983 3528 1054 sanguinis
3559 998 3767 1052 expo-

2142 1078 2371 1141 suimus,
2403 1092 2515 1133 non
2542 1087 2627 1134 est
2655 1076 2974 1132 admirabile
3014 1092 3028 1128 :
3064 1090 3184 1130 mos
3213 1077 3414 1145 quippe
3445 1083 3534 1130 est
3586 1075 3765 1145 apud

2141 1171 2458 1234 exteriores,
2500 1168 2734 1225 afﬂuens
2769 1169 3066 1239 eloquium,
3116 1168 3531 1239 largissimeque
3559 1181 3634 1221 se
3684 1181 3767 1222 ae

2140 1261 2295 1315 facile
2323 1262 2387 1316 ad
2413 1262 2718 1316 doctrinam
2747 1260 3036 1317 effundens
3061 1260 3269 1317 ﬂuxum
3284 1260 3370 1315 vel
3390 1260 3761 1315 rhetoricam

2140 1350 2429 1420 appellare.

2217 1442 2376 1495 Vsus.
2403 1440 2595 1496 28-51.
2634 1459 2657 1491 ε
2690 1437 2746 1493 Si
2775 1437 2990 1493 steterit
3017 1438 3240 1507 sanguis
3262 1445 3317 1491 et
3338 1436 3514 1490 ﬂuere
3542 1450 3759 1491 cessa-

2142 1533 2304 1597 verit,
2331 1530 2641 1585 numerabit
2670 1538 2881 1599 septem
2911 1528 3030 1584 dies
3051 1527 3455 1599 purificationis
3486 1542 3637 1592 sua,
3691 1537 3757 1581 et

2141 1634 2337 1679 octavo
2366 1623 2457 1678 die
2491 1622 2686 1677 offeret
2714 1636 2813 1690 pro
2842 1635 2902 1675 se
2954 1618 3224 1675 sacerdoti
3266 1619 3407 1674 duos
3460 1627 3751 1679 turtures,

2142 1718 2225 1772 vel
2258 1696 2397 1771 duos
2428 1716 2607 1785 pullos
2645 1714 2912 1770 columba:
2944 1713 3012 1768 ad
3044 1713 3245 1767 ostium
3275 1711 3627 1768 tabernaculi
3655 1719 3747 1764 te-

460 1811 643 1857 tamen
672 1810 727 1856 et
755 1801 1121 1861 divinationes
1140 1814 1235 1859 aut
1257 1811 1625 1875 purgationes,
1644 1817 1737 1863 aut
1764 1809 2037 1865 venefieo-
2072 1782 2111 1836 Β
2142 1809 2408 1863 stimouii.
2453 1807 2554 1873 Qui
2583 1824 2751 1863 unum
2794 1807 2956 1862 faciet
3000 1820 3096 1875 pro
3123 1811 3369 1874 peccato,
3393 1802 3644 1855 alterum
3687 1800 3750 1854 in

458 1909 578 1947 rum
629 1903 777 1949 artes
804 1895 1016 1959 doceat,
1047 1897 1403 1954 nihilominus
1445 1909 1500 1954 et
1552 1900 1641 1955 hic
1704 1901 2033 1965 immundus,

456 1985 915 2054 quemadmodum
949 1996 1006 2043 et
1060 1987 1138 2042 illi
1181 1992 1277 2059 qui
1324 1991 1484 2062 plene
1534 1992 1895 2048 idololatriam
1955 1995 2039 2048 his

455 2077 654 2146 quibus
680 2076 860 2133 ﬂoruit
906 2081 1267 2151 temporibus,
1329 2085 1617 2139 tradebant
1649 2093 1705 2138 et
1736 2086 2033 2141 docebant.

456 2168 565 2222 Sed
585 2177 640 2226 et
664 2168 980 2242 quicunque
1013 2171 1100 2226 his
1131 2187 1199 2227 ex
1234 2189 1401 2244 opere
1429 2175 1817 2244 discipulatum
1878 2193 2037 2232 suum

455 2260 717 2330 praebent,
753 2261 809 2315 in
828 2277 1062 2331 persona
1096 2262 1293 2316 horum
1313 2264 1649 2337 intelligitur.

524 2351 763 2408 Stratum
794 2355 848 2408 in
874 2371 978 2426 quo
1006 2356 1305 2422 dormierit,
1342 2366 1390 2409 ct
1409 2373 1500 2414 ras
1521 2359 1577 2411 in
1596 2374 1698 2429 quo
1724 2360 1937 2413 sederit.
1982 2360 2036 2414 ld

454 2453 539 2498 est
567 2445 621 2501 bi
650 2446 743 2519 qui
770 2447 1014 2503 studiose
1035 2447 1133 2503 has
1165 2449 1447 2504 doctrinas
1514 2451 1842 2520 suscipiunt,
1897 2452 2038 2506 sicut

454 2538 755 2606 przedictus
779 2555 962 2595 sermo
991 2543 1335 2607 monstravit,
1371 2543 1641 2598 immundi
1667 2554 1829 2599 erunt
1849 2559 2039 2614 quem-

453 2630 747 2684 admodum
776 2639 832 2685 et
870 2632 921 2685 hi
950 2633 1046 2702 qui
1091 2648 1187 2688 eos
1249 2633 1470 2689 docent.
1504 2634 1621 2689 lloc
1667 2636 1813 2689 ettim
1854 2645 2040 2691 osten-

454 2723 593 2777 dens
619 2723 897 2795 legislator
932 2725 1001 2782 de
1040 2737 1212 2782 strato
1238 2736 1293 2782 et
1344 2743 1470 2782 vase
1520 2729 1679 2794 dixit,
1734 2730 2038 2784 secundum

456 2811 620 2876 LXX,
652 2816 982 2871 immundum
1008 2819 1106 2871 erit
1128 2819 1411 2872 secundum
1455 2818 1565 2871 dies
1618 2818 1865 2889 proﬂuvii
1900 2819 2035 2889 ejus,

455 2917 550 2959 eos
578 2904 671 2975 qui
694 2920 763 2960 ex
783 2920 945 2976 opere
973 2908 1100 2963 talia
1136 2910 1352 2965 discunt
1375 2910 1700 2968 docentibus
1732 2915 2037 2984 comparari

455 2997 701 3067 cupiens.
735 2998 795 3054 lu
826 3009 1039 3057 tantum
1065 3012 1248 3057 autem
1276 2992 1391 3058 haec
1423 3018 1549 3058 vera
1579 3014 1725 3070 sunt,
1753 3015 1808 3059 et
1834 3007 1908 3060 ita
1942 3005 2036 3061 Dei

2142 1901 2538 1965 holocaustum,
2572 1900 2892 1971 rogabitque
2939 1913 3039 1967 pro
3067 1911 3131 1950 ea
3161 1911 3345 1949 coram
3371 1892 3639 1959 Domino,
3687 1903 3748 1948 et

2138 1994 2239 2063 pro
2268 1993 2534 2063 proﬂuvio
2556 1992 2917 2047 immunditiae
2947 1990 3087 2060 ejus.
3108 1987 3387 2043 Docebitis
3418 2001 3552 2056 ergo
3588 1985 3747 2040 ﬁlios

2141 2084 2325 2150 lsrael,
2353 2094 2413 2138 ut
2453 2092 2679 2138 caveant
2719 2082 2773 2136 in
2803 2080 3168 2143 immunditia,
3193 2088 3248 2133 et
3280 2094 3390 2132 non
3413 2079 3742 2132 moriantur

2141 2174 2191 2226 in
2212 2172 2463 2228 sordibus
2476 2172 2608 2235 suis,
2630 2186 2753 2226 cum
2777 2171 3087 2242 polluerunt
3109 2166 3522 2223 tabernaculum
3540 2184 3745 2223 nicum

2138 2265 2281 2334 quod
2314 2271 2398 2318 est
2429 2264 2570 2318 inter
2596 2279 2710 2319 eos.
2760 2282 2779 2315 ι
3730 2246 3749 2255 ’

2213 2358 2345 2423 Qua:
2378 2357 2553 2411 virtus
2599 2356 2763 2423 hujus
2788 2354 3040 2409 sacrificii
3073 2354 3164 2418 sit,
3197 2363 3253 2407 et
3306 2353 3483 2424 qualis
3522 2353 3581 2406 in
3648 2353 3736 2407 his

2139 2450 2232 2518 qui
2259 2449 2461 2502 ﬂuxum
2486 2444 2712 2500 seminis
2734 2443 3035 2513 patiuntur,
3080 2443 3132 2495 in
3168 2455 3437 2511 quantum
3492 2457 3736 2496 necesse

2141 2554 2260 2599 erat
2290 2542 2573 2597 diximus:
2612 2538 2811 2595 similia
2852 2539 2999 2593 enim
3055 2547 3111 2592 et
3156 2537 3266 2592 illic
3314 2538 3397 2590 lex
3440 2535 3736 2605 pracepit.

2142 2634 2297 2686 Sicut
2325 2631 2472 2686 enim
2506 2629 2577 2683 ibi
2609 2628 3009 2696 sibimetipsqu
3052 2639 3266 2679 sumere
3306 2632 3573 2683 turtures,
3640 2628 3739 2677 aut

2140 2722 2419 2777 columbas
2446 2722 2501 2776 in
2531 2719 2862 2775 sacritlcium
2902 2715 3107 2771 ﬂuxum
3157 2713 3383 2770 seminis
3424 2713 3743 2783 patientem

2139 2816 2414 2888 legislator
2457 2812 2735 2885 praecepit,
2779 2811 2906 2881 quia
2958 2809 3202 2879 magistri
3261 2807 3440 2861 locum
3503 2806 3735 2860 tenebat

2140 2918 2300 2977 atque
2341 2919 2650 2974 personam,
2677 2902 2757 2957 sic
2781 2912 2834 2956 et
2859 2916 3005 2955 nunc
3036 2901 3179 2955 hanc
3208 2914 3329 2967 qua:
3362 2897 3479 2950 ﬂuit
3518 2896 3733 2951 fluxum

2141 2998 2443 3070 sanguinis,
2478 2996 2713 3067 figurare
2757 2994 2904 3049 enim
2970 3008 3091 3047 eam
3134 2991 3393 3053 diximus,
3462 2988 3735 3043 docentes

454 3086 539 3142 lex
563 3087 904 3147 immundum
936 3090 1069 3148 dicit
1097 3109 1246 3160 eutn,
1279 3094 1371 3165 qui
1400 3095 1480 3149 vel
1506 3109 1674 3165 pauca
1690 3093 1882 3150 horum
1910 3096 2038 3154 atti-
2066 3115 2107 3170 ε
2143 3105 2264 3158 quze
2288 3087 2354 3142 ad
2376 3101 2617 3142 errorem
2642 3082 2965 3139 idololatriiﬁ
3008 3080 3308 3150 νθτιὶιιειιι-
3352 3079 3732 3170 Quam“)???

455 3181 553 3247 git,
579 3181 706 3251 quia
740 3183 808 3238 ad
838 3182 982 3239 idola
1006 3186 1337 3255 pertinentia
1381 3188 1701 3258 loquuntur,
1732 3197 2031 3259 autagunt,

458 3285 517 3326 ut
543 3283 599 3329 et
620 3289 746 3331 eum
780 3275 874 3347 qui
906 3277 991 3332 vel
1012 3278 1265 3334 comedet
1292 3295 1418 3334 cum
1448 3282 1548 3345 eis,
1580 3291 1675 3336 aut
1707 3297 1899 3337 mensa
1932 3298 2031 3352 po-

459 3375 627 3434 tuque
655 3370 1143 3427 communicaverit
1175 3372 1581 3441 mysteriorum,
1641 3375 1785 3429 sicut
1844 3388 2033 3427 revera

456 3455 796 3517 immundum
819 3455 1081 3514 societate
1119 3471 1420 3517 removeat.
1456 3461 1613 3517 Unde
1647 3474 1704 3517 et
1736 3462 2035 3519 Corinthiis

455 3548 734 3609 scribebat
761 3545 1001 3606 Paulus:
1032 3553 1151 3606 Non
1184 3555 1398 3622 potestis
1444 3554 1661 3607 calicem
1696 3554 1905 3609 Domini
1955 3557 2033 3610 bi-

454 3640 591 3705 bere,
634 3652 681 3696 et
706 3632 922 3695 calicem
945 3643 1325 3698 dwmoniorum
1355 3647 1414 3698 “.
1448 3645 1532 3699 An
1578 3642 1896 3700 aemulantur
1929 3646 2033 3701 Do-

453 3734 662 3791 minum
678 3733 711 3786 ?-
738 3736 985 3806 nunquid
1012 3736 1268 3794 fortiores
1296 3738 1385 3792 illo
1417 3740 1644 3793 sumus?
1703 3738 1770 3792 Et
1796 3746 1984 3795 rur‘sus
2017 3760 2029 3796 :

452 3823 693 3887 Nolanos
709 3827 875 3883 socios
903 3827 1281 3883 dtemoniorum
1332 3846 1441 3883 esse
1464 3828 1525 3881 ‘7.
1561 3820 1672 3882 Cur
1692 3838 1876 3884 autem
1908 3845 2032 3884 mu-

451 3917 605 3972 lieris
630 3918 931 3976 introduxit
956 3935 1271 3990 personam,
1306 3921 1448 3976 bene
1479 3914 1752 3975 novimus.
1789 3912 2033 3975 Diximus

450 4009 626 4076 cnim,
659 4009 787 4080 quia
823 4025 922 4082 pro
954 4026 1021 4067 eo
1045 4013 1193 4083 quod
1220 4011 1614 4084 cogitationum
1647 4012 1958 4070 virilitatem
1980 4023 2035 4069 et

449 4101 653 4159 divina
682 4103 928 4159 scientiae
953 4101 1358 4167 fortitudinem.
1396 4098 1452 4160 hi
1482 4106 1575 4174 qui
1625 4103 1681 4158 in
1712 4101 2033 4159 idololatriae

449 4192 779 4252 deciderunt
801 4207 1071 4259 errorem,
1105 4192 1483 4266 prodiderunt,
1519 4197 1841 4267 animasque
1899 4213 2027 4252 suas

451 4284 926 4352 eﬂeminaverunt,
956 4295 1105 4341 tecte
1136 4285 1300 4343 inhis
1354 4287 1444 4358 qui
1493 4297 1663 4360 agunt
1691 4298 1745 4343 et
1809 4288 2029 4354 docent,

448 4393 789 4451 quaecunque
820 4378 989 4435 cultui
1029 4378 1299 4435 idolorum
1346 4380 1768 4451 impenduntur,
1803 4382 2029 4453 figuram

2137 3179 2501 3251 eloquentiam
2523 3175 2748 3241 docens,
2784 3182 2838 3227 et
2860 3171 3185 3242 eloquentia:
3208 3170 3562 3241 participans,
3589 3167 3741 3221 sibi-_

2137 3273 2352 3343 metipsi
2372 3286 2591 3326 sumere
2630 3284 2753 3337 qua:
2792 3267 2857 3320 ad
2886 3266 3261 3337 purgationem
3297 3259 3589 3334 proficiunt
3624 3275 3732 3330 pou

2139 3374 2281 3421 test:
2310 3359 2565 3418 facillime
2588 3360 2793 3430 quippe
2845 3358 3086 3413 exterior
3148 3354 3417 3424 sapientia
3466 3350 3729 3406 interiori

2136 3457 2428 3528 subjicitur
2450 3465 2505 3509 et
2536 3455 2603 3507 ab
2630 3468 2694 3508 ea
2734 3452 2901 3507 sumit
2938 3448 3113 3512 utilia,
3160 3446 3375 3516 sibique
3430 3442 3729 3507 proﬁcien-

2138 3554 2228 3607 tia.
2256 3550 2390 3605 Nam
2417 3546 2618 3602 ﬂuxum
2664 3544 2947 3616 sanguinis
2999 3541 3235 3610 patiens,
3294 3538 3452 3607 cujus
3519 3534 3735 3589 habere

2138 3645 2365 3714 figuram
2424 3655 2635 3709 eaquae
2698 3637 2962 3705 sanguine
2991 3630 3313 3687 idololatria:
3331 3638 3556 3699 aSpersa
3614 3633 3729 3688 est,

2135 3745 2417 3790 ostensqu
2442 3741 2545 3797 est,
2573 3729 2897 3799 sibimetipsi
2939 3724 3268 3781 medicinam
3296 3720 3552 3791 sumpsit,
3582 3727 3728 3773 tacta

2137 3826 2349 3881 fimbria
2385 3820 2697 3880 vestimenti
2731 3817 3025 3881 Dominici,
3055 3822 3110 3870 et
3141 3823 3435 3883 antequam
3460 3808 3728 3865 extende-

2136 3926 2220 3972 ret
2250 3933 2493 3981 manum,
2522 3913 2739 3969 liberari
2763 3927 2792 3966 a
2814 3910 3064 3981 passione
3097 3905 3418 3977 promeruit.
3442 3900 3576 3968 Qua:
3590 3914 3725 3971 ergo

2134 4011 2203 4065 ad
2228 4007 2740 4080 interpretationem
2758 4005 2983 4068 desunt,
3031 3999 3150 4053 haec
3172 3999 3227 4051 in
3257 3991 3723 4064 subsequentibus

2136 4118 2235 4177 per
2259 4102 2511 4158 ordinem
2534 4098 2804 4155 dicemus.

2208 4193 2370 4248 Vens.
2399 4192 2488 4247 51.
2524 4211 2543 4243 ε
2584 4189 2857 4245 Docebitis
2908 4204 3039 4258 ergo
3079 4185 3219 4239 filios
3261 4180 3448 4245 Israel,
3509 4188 3570 4233 ut
3622 4194 3721 4231 οτι-ι

2133 4292 2297 4341 veant
2319 4280 2743 4345 immunditiam,
2767 4286 2822 4331 et
2866 4284 2978 4331 non
3030 4275 3334 4330 moriantur
3370 4270 3427 4323 in
3466 4268 3723 4325 sordibus

2135 4375 2270 4443 suis,
2301 4391 2425 4430 cum
2456 4373 2766 4442 polluerunt
2807 4367 3215 4424 tabernaculum
3239 4378 3421 4419 meum
3444 4362 3591 4433 quod
3632 4369 3723 4423 est

447 4470 698 4528 mulieris
729 4472 1058 4529 insinuasse.
1081 4472 1257 4543 llujus
1282 4473 1441 4533 enim.
1491 4474 1787 4544 imaginem
1838 4490 2029 4544 gerere
2067 4455 2109 4509 θ
2139 4471 2282 4528 inter
2305 4482 2420 4522 eos.
2467 4485 2486 4517 ι

451 4563 804 4634 intelligimus
827 4580 968 4630 eam,
1002 4580 1124 4636 qua:
1155 4566 1212 4625 in
1243 4564 1556 4637 Evangeliis
1584 4562 1794 4619 ﬂuxum
1821 4566 2030 4636 patitur

452 4654 754 4723 sanguinis,
809 4671 930 4724 quae
976 4671 1195 4711 omnem
1253 4657 1637 4722 substantiam.
1697 4657 1814 4712 sive
1862 4659 2027 4713 vitam

451 4757 604 4798 suam
642 4743 697 4796 in
726 4745 953 4800 medicis
977 4747 1259 4816 expendit,
1284 4747 1338 4802 in
1372 4748 1461 4803 his
1479 4749 1581 4824 qui
1599 4749 1742 4820 apud
1767 4740 2031 4805 eoserant

455 4834 816 4905 philosophis.
875 4835 996 4891 Non
1051 4848 1241 4895 tamen
1287 4849 1474 4898 sanata
1538 4849 1623 4895 est
1697 4857 1793 4912 per
1840 4856 1936 4895 eos
1962 4841 2030 4897 ab

449 4925 684 4998 ATgypto
712 4926 981 4983 decedere
1000 4929 1201 4986 erroris
1231 4931 1334 4992 sui,
1364 4932 1493 5002 quia
1545 4933 1773 4988 dicentes
1812 4950 1866 4991 se
1920 4950 2030 4986 esse

449 5020 728 5089 sapientes,
759 5020 910 5074 stulti
937 5020 1068 5090 facti
1092 5032 1211 5075 sunt
1233 5021 1297 5075 ¹¹.
1347 5023 1491 5079 Cum
1514 5024 1662 5078 enim
1713 5024 2033 5085 viderentur

451 5112 864 5171 simulacrorum
922 5112 1070 5169 cultu
1122 5123 1178 5169 et
1228 5112 1412 5171 furore
1454 5116 1917 5183 alienati,terram
1954 5126 2031 5171 ta-

451 5220 578 5259 men
634 5204 1021 5270 metiebantur,
1056 5222 1239 5262 aercm
1282 5216 1337 5260 ct
1366 5207 1584 5273 malum,
1612 5222 1842 5278 quorum
1893 5209 2031 5267 scire

450 5296 618 5353 solius
643 5297 738 5352 Dei
769 5306 854 5354 est
888 5296 1132 5363 exordia,
1196 5298 1479 5353 terminos.
1550 5296 1684 5365 Quae
1742 5300 1857 5354 hate
1901 5315 2032 5371 ergo

453 5386 724 5443 fimbriam
747 5384 880 5445 Jesu
913 5401 1063 5446 retro
1119 5401 1370 5461 tangens,
1414 5385 1639 5446 liberata
1670 5399 1754 5446 est
1787 5407 1816 5444 a
1860 5389 2029 5446 fluxu.

454 5480 694 5537 Dicimus
717 5474 899 5538 autem
925 5482 1192 5545 fimbriam
1221 5485 1359 5555 ejus,
1395 5483 1552 5540 fidem
1584 5485 1704 5555 ejus
1729 5505 1744 5554 ;
1777 5503 1903 5541 nam
1934 5503 2032 5541 cu-

452 5573 542 5643 jus
564 5572 642 5628 rei
672 5574 843 5644 gratia
865 5590 994 5641 curn
1022 5576 1291 5642 fimbriam
1348 5576 1530 5633 facere
1553 5577 1798 5634 vestibus
1824 5577 2035 5651 Moyses

565 5754 610 5791 ³⁸
635 5753 811 5815 I'Cor.
842 5772 897 5816 ι.
924 5756 1014 5811 20.

1128 5759 1165 5788 ιτ
1195 5758 1338 5827 ibid.
1441 5757 1485 5803 ¹ν⁸
1514 5756 1679 5822 Rom.
1708 5774 1750 5826 1,
1771 5755 1863 5815 ΕΞ.

2207 4559 2468 4625 Quamvis
2497 4572 2659 4613 otnne
2676 4563 2959 4625 peccatum
2987 4550 3334 4607 immunditia
3378 4549 3451 4605 sit
3500 4547 3717 4621 animm,

2138 4653 2374 4716 maxime
2398 4659 2579 4705 tamen
2606 4646 2931 4712 idololatria,
2955 4654 3011 4701 et
3038 4656 3162 4716 qua:
3182 4643 3251 4698 ad
3276 4656 3399 4696 eam
3420 4642 3715 4710 pertinent.

2142 4748 2265 4801 llzee
2297 4745 2497 4799 habere
2530 4751 2589 4797 et
2612 4742 2668 4796 in
2698 4741 2783 4794 his
2822 4739 3105 4795 timoratos
3138 4735 3276 4790 ﬂlios
3304 4731 3471 4788 lsrael
3500 4727 3715 4800 legisla-

2140 4846 2226 4891 tor
2267 4836 2568 4900 desiderat,
2590 4841 2653 4890 ut
2682 4844 2792 4886 non
2822 4812 3202 4884 Crudelissima
3223 4821 3523 4895 impietatis
3535 4829 3713 4874 morte

2140 4929 2441 4983 moriantur
2469 4942 2482 4978 :
2517 4923 2766 4995 polluant
2791 4923 2942 4978 enim
2971 4920 3122 4991 impii
3162 4904 3574 4975 tabernaculum
3597 4909 3712 4976 Dei,

2136 5020 2279 5101 quod
2305 5020 2360 5073 in
2390 5016 2523 5096 ipsis
2552 5024 2656 5078 est,
2681 5014 2833 5084 atqui
2863 5027 3070 5082 corpus.
3083 5019 3185 5074 est,
3218 5022 3330 5101 quo
3365 5005 3570 5101 ﬂuxum
3586 5016 3712 5058 san-

2137 5096 2317 5185 guinis
2343 5121 2437 5166 aut
2475 5110 2701 5166 seminis
2726 5108 3064 5190 inquinatur.
3099 5100 3353 5172 Sedquia
3380 5096 3712 5167 impietdem

2139 5214 2320 5256 sermo
2352 5202 2548 5268 innuit,
2575 5212 2697 5269 qua:
2714 5198 2988 5251 hominem
3013 5204 3188 5248 totum
3215 5190 3457 5261 polluere
3483 5198 3713 5240 consue-

2138 5296 2217 5351 vit
2258 5311 2271 5344 :
2304 5304 2617 5363 propterea.
2653 5302 2867 5356 cautos,
2905 5291 3020 5344 sive
3071 5294 3133 5348 ut
3183 5282 3349 5345 LXX,
3412 5280 3711 5334 timentes.

2139 5385 2337 5455 inquit,
2381 5385 2590 5442 facietis
2647 5384 2787 5439 filios
2818 5381 2986 5436 Israel
3042 5378 3113 5433 ab
3171 5371 3517 5431 immunditla
3570 5375 3707 5423 sua:

2139 5478 2286 5549 quod
2337 5491 2518 5548 neque
2565 5476 2816 5548 leprosis,
2864 5487 3047 5542 neque
3081 5470 3149 5524 de
3186 5468 3271 5523 his
3296 5464 3386 5535 qui
3419 5463 3717 5534 tetigerunt

2144 5569 2430 5626 morticina
2466 5569 2719 5625 sancivit.
2763 5565 2867 5621 Sed
2906 5575 2964 5618 et
3017 5558 3351 5618 tabernaculi
3390 5554 3508 5623 Dei,
3570 5550 3718 5623 M
