3988 6222
278 866 302 921 \

292 1022 305 1033 ο

298 1152 307 1177 l

336 300 432 365 981

1506 272 1589 369 iN
1638 310 2078 399 LEYITICUM.
2110 338 2174 350 -ι
2206 316 2353 377 LIB.
2380 317 2448 377 v.

3504 316 3609 386 932

338 421 393 476 in
434 419 589 476 BObiS
620 430 725 485 εει.
758 421 1090 477 mentionem
1123 419 1252 476 Γεεὶι
1279 440 1290 473 ε
1323 424 1733 479 tabernaculum
1771 427 1917 479 enim
1951 431 1995 484 Α
2026 436 2211 496 plcrea
2238 431 2292 484 in
2334 431 2633 485 immundis
2660 431 2944 485 ordinatus
2966 438 3071 495 est‘,
3114 440 3167 485 et
3198 432 3359 501 hujus
3389 433 3607 502 quidem

341 510 434 566 Dei
471 512 751 567 estomnis
788 520 974 568 noster
1005 513 1189 578 homo,
1222 514 1277 566 in
1310 529 1419 583 quo
1470 514 1614 570 Deus
1671 517 1917 570 habitare

337 604 577 660 creditur
608 604 883 674 :primum
908 605 1126 675 quidem
1152 606 1581 678 perimaginem,
1620 624 1781 678 quam
1814 625 1915 662 no-

337 699 419 753 bis
467 699 707 764 douavit,
767 698 964 752 deinde
1014 712 1112 768 per
1152 698 1439 766 primitias,
1478 714 1613 769 quas
1671 715 1699 753 a
1753 700 1915 755 nobis

336 791 583 860 sumpsit.
614 790 852 845 Verbum
888 790 1037 844 enim
1078 804 1204 845 caro
1252 790 1456 845 factum
1503 800 1608 856 est,
1631 793 1775 861 quod
1818 808 1917 862 per

335 883 478 936 illam
508 881 862 936 munitionem
896 881 1058 936 etiam
1092 880 1146 935 in
1189 882 1416 952 reliquis
1463 882 1710 937 habitare
1743 883 1917 937 homi-

338 974 496 1028 nibus
523 974 744 1040 dicitur,
777 973 921 1043 quod
967 974 1161 1043 probat
1214 972 1454 1028 Joannes
1499 972 1689 1029 dicens
1733 991 1744 1025 :
1789 972 1916 1027 Γεν-

332 1068 453 1119 bum
480 1081 604 1118 caro
635 1064 834 1135 factum
861 1048 957 1125 est,
984 1072 1030 1116 et
1055 1062 1309 1117 habitavit
1337 1063 1389 1117 in
1422 1064 1569 1116 nobis
1596 1062 1659 1118 ".

409 1157 567 1212 Vens.
594 1156 683 1222 '52,
702 1157 788 1211 55.
815 1176 832 1208 ι
863 1155 971 1211 lsta
992 1164 1072 1210 cst
1097 1155 1183 1212 lex
1205 1155 1324 1225 ejus
1363 1155 1456 1225 qui
1480 1156 1688 1225 patitur
1708 1155 1913 1212 ﬂuxum

334 1250 574 1314 seminis,
596 1259 649 1305 et
674 1250 764 1319 qui
785 1250 1042 1319 polluitur
1064 1250 1209 1303 coitu
1234 1256 1289 1302 et
1312 1248 1404 1317 qui
1444 1250 1743 1304 menstruis
1774 1259 1880 1304 tem
1896 1282 1914 1290 -

335 1344 560 1414 poribus
589 1352 897 1412 separatur,
930 1342 1016 1398 vel
1037 1357 1158 1413 quae
1204 1342 1319 1414 jugi
1361 1342 1482 1397 ﬂuit
1511 1343 1796 1415 sanguine,
1861 1353 1916 1399 et

334 1436 568 1491 hominis
591 1435 682 1506 qui
715 1435 1133 1491 dormieriteum
1165 1450 1248 1489 ea.
1289 1451 1309 1488 δ

403 1527 753 1597 Qumcuuque
773 1527 1017 1597 ejusdem
1046 1525 1344 1581 sanctiouis
1384 1526 1488 1583 sibi
1520 1527 1817 1593 cohaerent,
1860 1538 1916 1583 et

331 1642 564 1694 quorum
600 1625 665 1679 ad
696 1640 859 1678 uuam
896 1623 1257 1679 intentionem
1282 1623 1338 1677 in
1374 1624 1574 1679 cﬂ'ec’tu
1606 1624 1775 1679 tradit
1801 1627 1911 1679 uti-

332 1718 477 1785 litas,
508 1720 620 1772 haec
649 1718 867 1772 sibimet
890 1717 1162 1788 legislator
1181 1726 1509 1771 connectere
1528 1716 1834 1782 consuevit,
1856 1725 1914 1772 ut

2025 536 2186 590 poma
2222 522 2515 577 manifesta
2541 531 2643 577 est.
2677 523 3018 579 Manifestum
3044 526 3308 579 estctiam
3337 525 3611 594 quomodo

2025 611 2282 667 mundata
2312 629 2341 668 a
2365 616 2545 683 pinnis
2576 616 2793 670 liberari
2824 616 3061 686 possint.
3112 616 3218 670 Sed
3282 615 3462 672 adhuc
3522 618 3610 673 his

2025 704 2466 773 superaediﬂcans
2496 706 2795 777 legislator,
2839 717 3031 779 utpote
3057 719 3455 766 consonantem
3481 726 3610 765 san-

2025 793 2261 849 etiouem
2286 811 2406 864 quae
2433 796 2786 867 subsequitur
2809 800 3008 868 posuit.

2606 953 2838 1011 CAPUT
2877 955 3016 1012 XVI.

2095 1060 2256 1116 Vens.
2295 1065 2341 1117 ί.
2367 1082 2388 1114 ‹
2426 1064 2667 1120 Locutus
2699 1074 2786 1121 est
2814 1066 3075 1123 Dominus
3110 1071 3178 1125 ad
3223 1070 3463 1142 Moysen,
3525 1074 3609 1126 di-

2023 1168 2153 1207 cens
2186 1171 2199 1206 :
2233 1154 2610 1213 Postmortem
2639 1161 2873 1215 duorum
2907 1161 3138 1216 filiorum
3160 1165 3361 1230 Aaron,
3388 1168 3608 1234 quando

2022 1242 2316 1301 offerentes
2347 1248 2524 1317 ignem
2542 1250 2779 1305 alienum
2811 1251 3083 1306 interfecti
3108 1261 3255 1309 sunt.
3301 1273 3319 1304 ι

2092 1336 2232 1391 Ecce
2248 1347 2303 1392 et
2330 1354 2476 1394 nunc
2499 1340 2588 1395 Dei
2613 1343 2837 1412 spiritus
2860 1358 3030 1397 unum
3067 1359 3268 1414 corpus
3293 1345 3425 1415 legis
3453 1345 3603 1405 facit.

2021 1435 2076 1480 et
2101 1428 2169 1483 ad
2211 1446 2378 1484 unum
2406 1432 2601 1502 redigit
2624 1433 2855 1488 invicem
2881 1434 2981 1488 sibi
3016 1435 3367 1499 cohaerentia,
3410 1445 3605 1492 etcum

2020 1522 2223 1577 dudum
2254 1524 2893 1596 manifestasseteaquaa
2932 1526 3002 1580 ad
3051 1527 3357 1581 doctrinam
3422 1544 3436 1578 :
3484 1544 3607 1597 qua:

2021 1623 2215 1670 contra
2244 1616 2419 1687 legem
2444 1626 2548 1679 est,
2573 1620 2874 1687 pertinent,
2912 1620 3213 1689 modosque
3262 1622 3383 1690 ejus
3415 1621 3608 1675 multi-

2023 1708 2190 1775 plices
2220 1708 2505 1778 quosdam,
2541 1720 2705 1781 atque
2741 1713 3061 1767 differentes
3090 1715 3454 1783 exposuisset,
3496 1729 3605 1769 una

330 1808 493 1879 eiqui
526 1806 865 1862 meditationi
889 1806 1024 1876 legis
1069 1805 1310 1867 studium
1343 1806 1570 1876 praebet,
1602 1806 1906 1861 manifestat

2019 1814 2167 1854 nunc
2199 1815 2319 1854 eam
2348 1802 2630 1873 redarguit
2664 1804 2805 1874 lege,
2866 1812 2923 1857 et
2988 1819 3281 1859 commune
3332 1804 3603 1873 quodam-

331 1899 602 1969 quoinodo
634 1905 883 1968 oporteat
906 1898 1023 1951 haec
1048 1896 1301 1968 intelligi,
1344 1906 1397 1952 et
1421 1914 1543 1967 quin
1565 1914 1689 1953 cum
1715 1900 1915 1969 quibus

331 1991 710 2063 cognationem
773 1989 1074 2045 secundum
1129 1990 1541 2045 similitudinem
1609 1991 1919 2047 intellectus

333 2083 585 2139 habeant.
611 2079 748 2148 Quia
780 2097 900 2137 esse
931 2081 1135 2137 ﬂuxum
1191 2084 1420 2137 seminis
1455 2084 1693 2154 patiens,
1722 2085 1914 2140 docto-

329 2192 451 2231 rum
498 2190 858 2245 corrumpens
892 2190 1102 2240 semen,
1135 2184 1189 2229 et
1219 2176 1401 2246 turpia
1455 2185 1619 2247 atque
1670 2193 1915 2233 corrum-

326 2269 508 2339 pentia
532 2268 831 2323 admonens
855 2277 939 2323 est
964 2268 1222 2337 probatus
1257 2286 1270 2323 :
1305 2268 1370 2322 Et
1412 2270 1476 2323 de
1504 2287 1606 2341 quo
1646 2272 1913 2342 egreditur

323 2379 499 2416 semen
523 2363 711 2416 coitus.
739 2360 809 2416 Ut
841 2361 1131 2431 polluatur,
1162 2361 1227 2429 is,
1258 2362 1352 2433 qui
1380 2360 1606 2417 Judaica
1636 2374 1909 2435 praecepta

322 2453 502 2519 docet,
536 2455 588 2508 in
618 2453 817 2523 quibus
843 2453 959 2522 ipse
988 2461 1047 2506 ut
1091 2453 1232 2507 mala
1276 2453 1424 2508 bona
1457 2454 1667 2510 docens
1696 2467 1751 2510 et
1774 2457 1911 2527 legis

324 2546 686 2619 intentionem
718 2544 1123 2615 transgrediens
1179 2543 1463 2614 polluitur,
1506 2546 1634 2600 dum
1668 2562 1732 2601 ea
1788 2563 1910 2617 quae

322 2640 389 2695 ad
439 2640 678 2694 litteram
723 2636 1024 2709 pertinent.
1071 2646 1223 2692 extra
1256 2648 1472 2707 tempus
1533 2638 1795 2707 proferet,
1857 2651 1910 2697 ct

323 2731 487 2788 modo
521 2731 757 2801 quodam
788 2729 1006 2783 mundis
1058 2729 1200 2784 sicut
1246 2729 1543 2783 immundis
1590 2729 1784 2796 utitur,
1842 2733 1909 2786 de

321 2824 521 2894 quibus
541 2824 747 2877 dictum
791 2828 875 2875 est
911 2837 925 2873 :
959 2820 1143 2875 Omnia
1199 2821 1397 2898 munda
1466 2821 1693 2883 mundis,
1763 2824 1908 2875 coin-

322 2915 556 2986 quinatis
578 2922 757 2968 autem
804 2921 850 2967 et
882 2912 1174 2982 inﬁdelibus
1203 2912 1337 2965 nihil
1380 2913 1653 2978 mundum,
1685 2916 1776 2967 sed
1798 2916 1908 2983 pol-

323 3006 436 3061 luta
464 3015 582 3060 sunt
604 3022 783 3059 eorum
806 3020 951 3059 mens
978 3014 1025 3058 et
1044 3004 1444 3058 conscientia".
1479 3003 1770 3077 Sanguinis
1808 3022 1906 3060 au-

326 3105 437 3152 tem
468 3096 667 3151 ﬂuxum
693 3096 964 3167 patientes
982 3097 1035 3151 in
1072 3098 1368 3152 menstruis
1400 3097 1537 3163 suis,
1576 3099 1631 3154 hi
1660 3114 1779 3155 esse
1806 3099 1903 3153 de-

322 3191 606 3245 monstrati
637 3200 783 3253 sunt,
821 3191 908 3260 qui
932 3207 992 3245 ea
1023 3207 1145 3264 qua:
1178 3191 1245 3248 ad
1284 3191 1621 3263 impietatem
1651 3194 1902 3259 tendunt,

322 3282 415 3338 illo
434 3282 696 3340 doctrina:
739 3291 1006 3355 tempore,
1064 3285 1118 3339 in
1144 3299 1254 3354 quo
1301 3300 1474 3354 genus
1519 3284 1803 3341 hominum
1852 3287 1908 3342 in

322 3374 473 3428 cultu
497 3374 762 3429 idolorum
802 3375 1085 3430 detentum
1142 3375 1195 3429 in
1228 3376 1524 3430 menstruis
1543 3375 1677 3442 suis,
1709 3376 1765 3430 in
1818 3391 1907 3431 se-

321 3467 603 3537 paratione
628 3467 866 3529 malitiae,
894 3484 923 3521 a
957 3468 1099 3521 malo
1129 3468 1275 3522 enim
1308 3468 1544 3538 separati
1573 3484 1683 3523 non
1717 3479 1902 3533 erant;

323 3567 385 3612 ut
408 3561 723 3615 ostenderet
752 3560 879 3628 quia
905 3560 1096 3614 eadem
1126 3560 1194 3614 de
1231 3559 1318 3615 his
1349 3560 1443 3630 qui
1477 3576 1645 3630 prava
1684 3561 1904 3628 docent,

323 3651 409 3706 lex
437 3654 695 3723 loquitur.
722 3653 947 3708 Addidit
974 3653 1276 3708 secundum
1298 3652 1442 3707 LXX
1475 3673 1487 3708 :
1529 3653 1762 3708 Fluxum
1822 3671 1906 3709 se-

320 3746 479 3799 minis
515 3746 735 3815 patienti
756 3745 989 3798 masculo
1028 3753 1077 3798 et
1105 3744 1337 3813 fencinw.
1372 3744 1538 3815 Atqui
1591 3745 1645 3798 in
1691 3760 1903 3813 praece-

320 3836 474 3890 denti
503 3835 784 3889 sanctione
821 3834 889 3889 de
913 3834 1030 3889 solo
1054 3833 1201 3888 ﬂuxu
1229 3834 1457 3888 seminis
1502 3834 1746 3903 patiente
1773 3849 1905 3888 ma-

320 3926 474 3981 sculo
510 3925 676 3992 dicit;
708 3926 927 3982 femina:
954 3938 1135 3981 autem
1175 3925 1380 3980 ﬂuxum
1423 3924 1649 3979 seminis
1687 3926 1903 3995 patien.

320 4017 389 4072 tis
436 4017 751 4071 memoriam
782 4018 1081 4072 secundum
1118 4016 1356 4071 litteram
1392 4016 1617 4085 penitus
1670 4032 1781 4070 non
1820 4017 1903 4071 fe-

318 4111 396 4166 cit
434 4127 450 4164 :
478 4110 572 4165 sed
604 4125 701 4181 per
738 4112 1022 4166 mulierem
1051 4110 1305 4181 quaeﬂuit
1334 4109 1540 4165 ﬂuxum
1595 4111 1903 4180 sanguinis,

317 4217 440 4257 cum
473 4203 566 4273 qui
598 4203 831 4259 eﬂ‘undit
884 4204 1187 4259 doctrinam
1243 4203 1561 4259 idololatriae
1612 4204 1897 4260 intellexit.

316 4297 614 4366 Propterea
641 4313 786 4352 nunc
814 4312 934 4351 eam
963 4297 1169 4351 ﬂuxum
1202 4297 1431 4352 seminis
1461 4297 1766 4368 patientem
1800 4313 1900 4367 ap-

318 4389 560 4460 pellavit.
598 4399 658 4444 ut
687 4406 787 4446 nos
823 4390 1164 4445 disceremus
1210 4389 1331 4461 quia
1378 4406 1503 4445 eum
1527 4391 1618 4461 qui
1647 4406 1899 4446 corrum‘

2020 1890 2183 1946 modo
2212 1902 2401 1946 contra
2422 1908 2539 1948 eam
2573 1895 2819 1949 subdidit
2878 1907 3232 1965 praeceptum,
3289 1903 3346 1950 et
3378 1910 3601 1950 causam

2020 1985 2192 2039 morbi
2216 1986 2386 2057 ipsius
2421 1988 2764 2042 manifestam
2802 1990 2955 2054 fecit,
2986 1990 3037 2042 id
3066 1999 3171 2054 est,
3200 1990 3344 2043 unde
3380 1990 3601 2043 coutin-

2017 2079 2094 2147 git
2128 2087 2182 2133 et
2206 2081 2351 2135 unde
2382 2082 2722 2150 supervenit.
2777 2083 2992 2137 Audisti
3022 2084 3189 2144 enim.
3211 2083 3431 2153 quando
3460 2082 3601 2137 filio-

2015 2186 2137 2224 rum
2166 2172 2374 2238 Aaron,
2401 2190 2592 2229 eorum
2613 2176 2703 2245 qui
2750 2175 2940 2231 divino
2976 2178 3098 2248 igne
3119 2176 3430 2247 consumpti
3468 2186 3599 2231 sunt

2013 2264 2396 2331 quaerebamus
2436 2276 2693 2331 mortem,
2725 2269 2874 2336 quia,
2914 2283 3042 2322 cum
3079 2267 3305 2322 verbum
3330 2267 3437 2321 illic
3461 2268 3601 2336 lega-

2013 2355 2081 2410 lis
2117 2357 2426 2414 traditionis
2456 2368 2512 2414 et
2564 2360 2811 2416 historiae
2866 2361 3192 2427 faceremus,
3244 2363 3424 2433 ignem
3461 2362 3596 2416 atie-

2014 2432 2169 2507 num'.
2202 2448 2437 2503 alienam
2473 2466 2503 2503 a
2536 2450 2649 2505 Deo
2707 2450 3018 2508 doctrinam
3073 2453 3337 2515 diximus.
3384 2464 3440 2508 ct
3465 2469 3594 2524 pro~

2011 2547 2200 2611 pterea
2257 2557 2286 2595 a
2333 2542 2523 2597 divino
2571 2544 2697 2615 igne
2737 2545 2996 2601 videlicet
3042 2545 3292 2616 spiritus,
3347 2562 3446 2601 eos
3499 2549 3593 2617 qui

2013 2631 2190 2700 ignem
2214 2635 2363 2689 illum
2382 2636 2824 2693 oﬂerehautesse
2847 2648 3236 2710 consumptos:
3264 2641 3391 2709 quia
3410 2642 3596 2696 divino

2010 2724 2119 2791 igni
2150 2735 2333 2794 aperte
2363 2728 2768 2791 contradicunt,
2807 2738 2863 2784 et
2891 2737 3082 2785 contra
3151 2730 3419 2801 Spiritum
3469 2748 3594 2787 Sun-

2010 2826 2159 2871 ctum
2212 2827 2381 2889 agunt
2444 2820 2517 2883 hi.
2550 2821 2645 2890 qui
2678 2838 2743 2876 ea
2790 2837 2911 2891 quae
2943 2823 3081 2877 mala
3143 2833 3197 2877 et
3230 2824 3415 2893 iniqua
3464 2838 3598 2879 sunt

2010 2910 2227 2964 docent.
2261 2910 2390 2965 Sive
2420 2928 2551 2983 ergo
2572 2928 2634 2967 ea
2661 2928 2782 2982 quae
2808 2913 3124 2968 idololatria!
3150 2916 3449 2976 cohaerent.
3469 2918 3599 2986 quis

2011 3000 2209 3064 tradat,
2237 3002 2353 3055 sive
2381 3011 2696 3071 corrumpat
2725 3018 3009 3073 exponens
3074 3006 3257 3060 (livina
3313 3008 3591 3072 mandata,

2011 3090 2219 3145 nefaria
2249 3092 2302 3146 in
2324 3093 2404 3148 eis
2433 3094 2788 3151 subiuferens
2839 3097 3001 3149 verba
3047 3100 3163 3153 sive
3202 3099 3430 3154 Judaica
3489 3101 3594 3156 do-

2014 3183 2185 3237 ctrina
2214 3187 2292 3239 sic
2322 3195 2528 3252 utatur,
2554 3196 2614 3242 ut
2650 3202 2716 3241 ex
2740 3202 2814 3242 ea
2870 3190 3168 3259 polluatur,
3212 3202 3404 3246 contra
3451 3203 3594 3248 tem-

2015 3289 2115 3342 pus
2132 3273 2385 3328 videlicet
2420 3283 2474 3327 et
2508 3276 2870 3331 intentionem
2896 3278 3052 3348 legis,
3085 3279 3257 3349 ipsius
3281 3281 3413 3350 legis
3440 3273 3593 3334 title-'-

2014 3379 2127 3417 rain
2159 3364 2464 3433 proferens.
2506 3366 2684 3435 ignem
2714 3368 2954 3422 alienum
2992 3368 3101 3423 Deo
3127 3369 3344 3435 offeret,
3376 3380 3433 3425 et
3468 3388 3595 3439 pru-

2013 3468 2199 3525 pterea
2248 3458 2385 3513 inuri
2443 3459 2721 3526 dicuntur,
2772 3476 2839 3515 ex
2903 3463 3020 3532 lege
3053 3465 3289 3517 celerem
3326 3463 3595 3546 habentes

2014 3554 2472 3623 transgressionis
2500 3569 2740 3625 pinnam.
2773 3553 2976 3609 Verum
3016 3558 3240 3627 quando
3288 3557 3339 3611 lii
3392 3559 3593 3613 mortui

2014 3639 2236 3705 fuerint,
2264 3639 2316 3695 id
2346 3651 2450 3706 est,
2482 3643 2701 3712 quando
2725 3643 2995 3713 dispertiti
3068 3645 3291 3711 fuerint,
3346 3658 3403 3702 et
3451 3663 3592 3716 quo-

2010 3731 2301 3785 dammodo
2321 3731 2647 3799 defecerint,
2687 3744 2820 3789 tunc
2869 3736 3082 3791 sanctio
3134 3754 3257 3806 quae
3322 3740 3590 3807 sequitur,

2011 3822 2303 3876 obtinebit.
2344 3824 2408 3877 Et
2440 3834 2733 3894 prOpterea
2764 3836 2889 3895 post
2939 3838 3170 3880 mortem
3230 3828 3462 3881 filiorum
3497 3832 3593 3882 Aa-

2010 3929 2132 3977 ron,
2165 3915 2259 3984 qui
2290 3916 2469 3984 ignem
2505 3918 2746 3971 alienum
2796 3920 3135 3983 obtulerunt,
3198 3920 3401 3974 dixisse
3448 3921 3592 3975 Deus

2007 4006 2075 4058 ad
2108 4005 2324 4076 Moysen
2348 4022 2409 4061 ea
2435 4025 2556 4077 qua:
2587 4018 2913 4079 sequuntur,
2935 4010 3134 4065 dicitur
3169 4028 3182 4063 :

2081 4096 2246 4153 Vens.
2281 4100 2336 4152 2.
2375 4121 2391 4150 ι
2436 4099 2501 4155 Ει
2533 4102 2794 4173 praecepit
2845 4104 2895 4157 ei
2943 4103 3134 4158 dicens
3169 4121 3182 4158 :
3222 4104 3470 4175 Loquere
3521 4107 3592 4161 ad

2007 4189 2188 4245 Aaron
2229 4190 2454 4247 fratrem
2478 4202 2656 4257 tuum,
2693 4210 2763 4250 ne
2794 4196 2942 4281 omni
2972 4204 3223 4267 tempore
3254 4198 3594 4269 ingrediatur

2008 4285 2403 4351 sanctuarium,
2432 4287 2577 4357 quod
2606 4296 2690 4343 est
2724 4290 2863 4343 intra
2907 4290 3114 4355 velum,
3164 4296 3348 4346 coram
3405 4292 3593 4364 propi-

2007 4377 2229 4433 tiatorio
2261 4395 2371 4449 quo
2417 4380 2618 4452 tegitur
2644 4397 2791 4451 area,
2860 4392 2918 4439 ut
2962 4400 3071 4439 non
3125 4386 3408 4452 moriatur,
3463 4387 3594 4457 quia

316 4484 400 4555 pit
425 4484 622 4538 bonam
646 4484 972 4546 doctrinam,
1019 4483 1255 4553 turpiter
1313 4498 1433 4539 eam
1463 4494 1519 4540 et
1549 4485 1687 4539 male
1714 4484 1900 4555 profe-
1938 4514 1983 4572 υ
2010 4470 2065 4524 in
2083 4471 2229 4572 [ξυδθ
2262 4475 2559 4544 apparebo:
2593 4488 2760 4572 ξυΡθτ
2787 4476 3089 4572 οῖδίξυιυηὶ·
3129 4496 3148 4529 ⁸

316 4589 465 4641 rens,
491 4574 650 4629 talem
684 4575 860 4644 qualis
893 4583 977 4630 est
999 4575 1045 4630 is
1076 4576 1169 4646 qui
1213 4576 1549 4646 impietatem
1584 4578 1764 4644 docet,
1819 4578 1903 4632 lex

315 4680 555 4739 reputet,
592 4679 947 4740 utrorumque
977 4672 1124 4727 enim
1173 4674 1338 4727 verba
1369 4674 1723 4743 corruptione
1740 4675 1901 4745 plena

315 4772 465 4817 sunt.
502 4762 595 4817 llis
640 4763 815 4817 virum
869 4765 1158 4833 conjunxit
1216 4778 1338 4821 cum
1392 4775 1732 4823 menstruata
1771 4769 1900 4823 dor-

317 4854 597 4908 niieutem.
624 4854 765 4910 Dicit
794 4864 976 4910 autem
998 4871 1123 4911 eum
1141 4857 1233 4926 qui
1265 4872 1327 4912 ex
1360 4857 1503 4912 ﬂdcli
1528 4859 1746 4928 populo,
1776 4860 1899 4914 ido-

317 4943 545 4999 lulalrim
581 4945 775 5001 mistus
809 4960 893 5003 est
928 4948 1109 5003 :sieut
1137 4949 1387 5018 superius
1415 4948 1675 5006 diximus.
1739 4950 1896 5006 Unde

314 5052 426 5090 non
450 5036 789 5106 simpliciter.
813 5040 908 5095 sed
932 5040 1233 5095 masculum
1274 5043 1586 5112 perfectiori
1608 5044 1896 5108 vocabulo,

314 5128 459 5182 sicut
487 5145 689 5184 nomen
721 5131 897 5186 fidelis
941 5132 1333 5201 possidentem,
1362 5133 1517 5187 dixit.
1559 5133 1616 5189 Si
1639 5137 1900 5204 praevari-

314 5224 467 5270 cator
499 5219 746 5285 effectus,
771 5222 873 5276 hoc
894 5222 1216 5277 vocabulum
1268 5232 1428 5294 negat
1477 5223 1784 5294 falsumque
1840 5227 1896 5279 in

279 5319 375 5360 ne
423 5324 542 5362 esse
568 5311 931 5377 demonstrat,
978 5314 1208 5383 adeptus
1250 5314 1395 5368 enim
1454 5313 1547 5369 Dei
1622 5316 1893 5379 militiam,

315 5397 476 5453 idolis
507 5415 563 5454 se
595 5402 835 5469 tradidit,
869 5419 991 5457 eum
1041 5405 1323 5460 dormiens
1354 5404 1610 5459 videlicet
1642 5417 1695 5461 et
1719 5407 1891 5460 errori

313 5507 376 5546 se
403 5494 758 5561 permiscens,
781 5496 1016 5566 primum
1067 5497 1287 5567 quidem
1321 5504 1380 5551 ut
1410 5498 1661 5561 sordens,
1695 5498 1897 5552 deinde

320 5592 382 5635 ut
419 5582 505 5635 eui
549 5582 690 5638 inest
720 5586 876 5655 longe
903 5603 930 5638 a
965 5584 1074 5641 Deo
1110 5589 1324 5653 sedere,
1354 5597 1408 5642 et
1430 5589 1645 5659 degere.
1680 5583 1744 5643 Et
1768 5604 1895 5659 pro~

432 5745 474 5777 "
505 5744 660 5802 Joan.
692 5764 729 5815 ι,
767 5747 847 5804 14.
945 5750 987 5781 ’θ
1017 5751 1121 5806 Tit.
1157 5770 1195 5819 ι,
1236 5756 1316 5811 15.

1432 5758 1470 5788 "
1511 5756 1701 5814 Matth.
1744 5773 1855 5823 art,
1900 5758 1988 5812 “26.

2081 4560 2358 4628 Quantum
2384 4577 2571 4635 parcat
2591 4566 2734 4621 Deus
2756 4568 2917 4622 saluti
2940 4580 3163 4634 nostrae,
3178 4586 3245 4625 ex
3270 4572 3592 4643 multisque:

2010 4655 2064 4707 in
2101 4655 2217 4726 lege
2246 4657 2391 4712 dicta
2419 4666 2551 4713 sunt
2593 4674 2606 4711 :
2649 4660 2990 4716 considerari
3025 4671 3082 4717 et
3109 4663 3244 4719 disci
3281 4673 3483 4736 potest,
3520 4667 3590 4721 de

2006 4746 2208 4815 quibus
2226 4747 2359 4802 nihil
2393 4746 2751 4819 negligentes,
2790 4751 2981 4807 oculos
3028 4754 3229 4808 mentis
3255 4771 3352 4825 per
3375 4757 3588 4828 singula

2005 4838 2374 4894 intendamus.
2393 4840 2532 4906 Quid
2557 4843 2697 4897 enim
2727 4845 2957 4911 prodest,
2984 4844 3138 4901 homo
3165 4850 3211 4901 si
3235 4858 3403 4904 totum
3430 4867 3591 4904 mun-

2004 4932 2129 4985 dum
2154 4931 2403 4998 lucretur,
2432 4935 2625 4990 anima!
2642 4945 2820 4989 autem
2846 4952 2956 4992 sua
2983 4938 3355 4996 detrimentum
3386 4943 3589 5013 faciat?

2004 5026 2108 5080 Aut
2160 5044 2318 5096 quam
2382 5028 2528 5082 dabit
2590 5030 2742 5084 homo
2767 5037 3230 5089 commutationem
3253 5052 3349 5104 pro
3402 5038 3586 5092 anima
3650 5106 3655 5111 1

2001 5137 2098 5174 sua
2126 5122 2197 5174 “i
2219 5118 2359 5185 Quia
2378 5136 2511 5192 ergo
2533 5136 2769 5186 summa,
2796 5124 2911 5179 sive
2948 5126 3245 5195 capitulum
3269 5128 3463 5182 salutis
3490 5144 3586 5182 uo-

2006 5224 2151 5277 strte,
2188 5212 2352 5268 Verbi
2376 5215 2622 5269 doctrina
2648 5226 2751 5279 est,
2776 5216 2890 5287 ipsa
2926 5218 3087 5273 nobis
3135 5218 3253 5272 vias
3304 5218 3501 5279 bonas,
3543 5221 3585 5273 si

2003 5305 2143 5359 bona
2175 5304 2338 5359 fuerit
2370 5322 2382 5357 :
2413 5306 2458 5359 si
2490 5315 2673 5360 autem
2707 5308 2866 5372 mala,
2886 5306 3245 5376 malasdigito
3278 5317 3598 5362 monstrum

2005 5398 2312 5453 consuevit.
2351 5397 2521 5454 Recte
2574 5401 2865 5453 maximam
2910 5400 3246 5469 diligentiam
3308 5401 3589 5471 legislatur-

2011 5493 2230 5547 exhibet
2253 5507 2314 5547 ut
2341 5507 2451 5547 non
2474 5493 2650 5548 solum
2687 5492 2740 5545 in
2768 5492 2949 5547 verbis
2980 5492 3265 5563 turpibus,
3298 5502 3391 5549 aut
3423 5494 3478 5549 in
3507 5492 3587 5549 fa-

2007 5584 2148 5638 bulis
2169 5583 2410 5639 Judaieis
2438 5593 2531 5638 aut
2558 5584 2615 5637 in
2649 5583 2832 5653 aliquo
2858 5583 3176 5639 idololatriae
3205 5584 3588 5655 phantasmata
