3988 6222
476 356 586 421 983

1672 354 1998 418 HESYCHI
2009 360 2032 419 Ι

2158 362 2548 424 lESBYTERI
3306 368 3316 377 ’
3619 367 3712 432 988

475 473 732 533 doctores
755 484 863 526 non
890 467 1174 535 excedant,
1205 469 1296 524 sed
1329 485 1432 525 nec
1460 471 1747 526 occasione
1778 472 2065 544 theologiae
2092 478 2138 534 Α
2165 474 2394 541 Quando
2423 493 2553 549 ergo
2589 492 2622 531 a
2664 476 2865 549 populo
2893 477 3125 535 Iudaico
3162 477 3217 531 in
3251 478 3406 548 cuius
3432 494 3570 535 nunc
3594 478 3711 554 ligu-

478 568 533 621 in
557 565 894 635 impietatem
916 562 1137 629 cadant,
1169 562 1314 633 quod
1340 578 1460 618 mos
1497 572 1583 618 est
1608 564 1887 620 luereticis
1916 565 2049 636 pati.

475 658 851 717 Suhsuntiam
884 672 1016 713 vero
1036 656 1395 712 discutientcs
1453 657 1569 720 Dei,
1603 667 1712 713 tam
1762 655 1938 712 Patris
1990 658 2059 713 ad

476 751 697 818 Filium,
730 764 896 822 quam
935 748 1057 804 Filii
1080 748 1147 803 ad
1173 747 1435 819 Spiritum
1479 759 1752 815 sanctum,
1798 748 2059 804 differen-

476 848 604 899 tiam
632 842 1009 907 introducunt,
1045 852 1101 897 et
1128 839 1233 896 alia
1264 840 1459 895 similia
1480 856 1602 911 qua!
1626 851 1868 897 nostram
1899 855 2059 895 exce-

473 938 613 991 dunt
639 932 952 999 scientiam,
976 931 1285 987 absconsa:
1346 946 1467 1001 quae
1523 939 1653 986 sunt
1708 930 1869 986 nobis
1916 930 2060 994 sicut

475 1028 639 1085 nimis
673 1028 780 1084 alta
819 1035 986 1098 atque
1011 1025 1289 1090 sublimia,
1324 1039 1439 1079 non
1473 1039 1538 1079 ex
1589 1023 1790 1082 divinis
1827 1023 2055 1095 dogma-

476 1122 639 1187 tibus,
669 1120 764 1176 sed
791 1134 856 1175 ex
881 1118 998 1174 suis
1015 1115 1437 1189 cogitationibus
1467 1117 1755 1187 exquirere
1788 1116 2052 1181 volentes,

473 1234 503 1269 ιι
528 1194 922 1269 moderationis
968 1210 1353 1274 ecclesiasticas
1398 1210 1571 1267 excisi
1620 1217 1751 1265 sunt
1802 1223 2052 1278 corpore.

475 1306 591 1361 lloc
611 1321 741 1369 ergo
770 1320 841 1361 ne
870 1305 1158 1375 patiamur,
1191 1304 1279 1359 lex
1307 1302 1669 1375 praesentibus
1699 1315 1802 1357 nos
1825 1314 2057 1372 praemo-

473 1407 570 1454 net
593 1396 776 1453 verbis
804 1413 819 1463 ;
850 1397 928 1451 ait
964 1396 1113 1451 enim
1149 1395 1229 1451 sic
1265 1411 1278 1447 :
1332 1417 1338 1423 ο

544 1490 615 1547 Et
646 1492 779 1546 dixit
811 1489 1067 1545 Dominus
1105 1489 1176 1544 ad
1201 1489 1411 1561 Moysen
1444 1505 1462 1543 :
1493 1487 1729 1559 Loquere
1762 1490 1845 1543 ad
1878 1489 2058 1543 Aaron

473 1587 698 1657 fratrem
746 1593 915 1637 tuum.
957 1581 1016 1637 1d
1059 1588 1165 1648 est,
1208 1588 1268 1635 ut
1318 1581 1631 1637 sacerdotes
1676 1580 1778 1635 sibi
1819 1580 2056 1635 invicem

473 1679 590 1732 haec
638 1674 1021 1746 pmciperent,
1062 1682 1119 1729 et
1167 1674 1544 1743 unusquisque
1592 1672 1878 1728 doctorum
1931 1671 2058 1726 talia

472 1766 726 1838 proximo
752 1762 1016 1826 sanciret,
1043 1762 1224 1833 qualia
1253 1778 1404 1818 nunc
1428 1761 1571 1817 Deus
1597 1761 1745 1833 loqui
1773 1760 1841 1817 ad
1873 1763 2054 1817 Aaron

470 1858 637 1929 Moysi
670 1856 947 1928 praecepit,
976 1871 1096 1926 qua:
1129 1865 1255 1910 sunt
1287 1855 1404 1910 htec
1444 1874 1458 1909 :

542 1947 661 2004 Non
715 1948 859 2002 omni
916 1957 1145 2016 tempore
1194 1946 1527 2017 ingrediatur
1576 1947 1631 2000 in
1689 1946 2056 2001 sanctuarium

468 2042 607 2113 quod
642 2050 716 2095 est
750 2039 892 2097 intra
922 2037 1094 2093 uelum
1127 2053 1305 2092 coram
1343 2040 1713 2109 propitiatorio
1741 2055 1761 2093 :
1790 2054 1892 2109 quo
1922 2038 2057 2108 tegi-

471 2146 560 2191 tur
597 2150 750 2189 arca.
782 2131 1087 2188 Commune
1135 2130 1394 2187 omnibus
1434 2134 1774 2197 mandatum,
1814 2142 1870 2187 et
1902 2146 2059 2187 come

471 2243 693 2284 munem
742 2226 835 2283 hic
870 2224 1159 2297 proposuit
1190 2223 1386 2297 legem,
1419 2227 1655 2297 primum
1698 2228 1918 2299 quidem
1964 2245 2055 2286 sa-

468 2319 783 2378 cerdotibus
820 2330 1028 2393 aptam,
1062 2317 1263 2375 deinde
1305 2320 1456 2375 omni
1490 2323 1588 2391 qui
1621 2321 1739 2377 vult
1776 2320 2059 2380 discutere

467 2417 650 2472 divina
684 2418 964 2490 mysteria.
994 2417 1385 2486 Quamobrem,
1418 2416 1721 2473 secundum
1753 2414 1918 2484 LXX,
1950 2419 2057 2476 im-

470 2510 831 2579 personaliter
880 2512 1178 2583 praecepit,
1232 2510 1423 2566 dicens
1468 2529 1481 2565 :
1526 2508 1648 2565 Non
1686 2512 2058 2583 ingrediantur

428 2602 431 2605 ’
468 2603 613 2659 omni
646 2603 703 2658 in
741 2612 972 2674 tempore
1003 2605 1059 2658 in
1095 2614 1338 2658 sanctum
1373 2604 1594 2659 interius
1628 2603 1924 2659 velaminis.
1951 2603 2055 2671 Qui

470 2711 581 2750 non
608 2694 837 2758 addidit,
872 2709 1066 2750 omnes
1090 2694 1385 2764 prohibere
1413 2694 1481 2748 ah
1507 2694 1611 2749 hoc
1636 2693 1927 2751 manifeste
1956 2710 2055 2749 cu-

470 2788 650 2858 piens,
678 2787 806 2856 quia
850 2786 1098 2842 velamen
1142 2801 1344 2857 corpus
1384 2784 1683 2841 Salvatoris
1711 2786 2055 2859 intelligitur,

471 2881 614 2935 sicut
652 2878 852 2936 Paulus
883 2878 1167 2935 evidenter
1209 2879 1328 2935 ait:
1364 2877 1627 2934 Habentes
1669 2888 1849 2934 autem
1892 2879 2056 2949 con/i-

469 2971 705 3029 dentiant
744 2970 802 3026 in
837 2972 1059 3026 introitu
1098 2981 1402 3029 sanctorum
1440 2986 1601 3042 quam
1639 2970 1871 3025 initiavit
1906 2970 2054 3025 nobis

470 3063 611 3117 siam
665 3078 877 3126 nouam,
920 3073 970 3118 et
1016 3064 1271 3118 uiuentem
1305 3079 1399 3133 per
1442 3062 1698 3127 uelamen,
1749 3064 1805 3118 id
1848 3072 1923 3118 est
1960 3079 2054 3131 per

469 3173 681 3213 comem
715 3173 868 3211 suam
903 3159 968 3211 ".
1001 3156 1122 3226 ipse
1162 3166 1250 3213 est
1291 3155 1436 3211 enim
1476 3171 1665 3215 verum
1706 3166 1763 3212 et
1795 3154 2052 3228 intelligi-

468 3238 580 3303 liile
606 3245 1071 3317 propitiatorium,
1096 3253 1285 3315 utpote
1316 3244 1409 3315 qui
1455 3244 1571 3314 ipse
1608 3244 1766 3303 nobis
1795 3251 2052 3313 peccato-

470 3356 592 3395 rum
622 3339 1066 3411 propitiationem
1096 3345 1320 3408 praestat
1351 3355 1366 3402 ;
1401 3337 1478 3391 ait
1504 3336 1708 3394 etenim
1735 3335 1879 3392 idem
1909 3334 2053 3390 Pan.

467 3439 555 3491 lus
582 3455 594 3491 :
626 3433 816 3491 Omnes
849 3440 1215 3502 peccaverunt.
1251 3440 1301 3484 et
1336 3438 1484 3500 egent
1526 3428 1697 3500 gloria
1740 3426 1860 3493 Dei,
1885 3428 2052 3497 justi—

464 3528 616 3596 ﬁcati
679 3527 848 3596 gratis
902 3540 995 3594 per
1042 3523 1277 3594 gratiam
1330 3521 1467 3590 ejus,
1499 3520 1890 3585 liberationem,
1936 3534 2054 3590 quae

469 3627 543 3672 est
574 3618 629 3671 in
656 3614 861 3672 Christo
892 3614 1016 3670 Iesu
1043 3655 1058 3683 ,
1092 3629 1247 3685 quem
1294 3612 1563 3681 proposuit
1606 3608 1744 3664 Deus
1790 3611 2053 3679 propitia-

470 3718 634 3765 terem
663 3723 757 3777 per
790 3705 1101 3777 sanguinem
1130 3703 1295 3773 ipsius
1325 3701 1391 3756 ³³.
1420 3700 1577 3767 Quod
1602 3710 1783 3754 autem
1817 3715 1917 3755 nos
1941 3699 2053 3754 ha-

469 3802 681 3866 bemus,
718 3796 911 3855 Coram
949 3795 1340 3866 propitiatorio,
1382 3792 1524 3848 LXX
1559 3793 1850 3848 ediderunt
1894 3810 1909 3846 :
1946 3792 2054 3846 Co-

469 3909 587 3946 ram
635 3892 772 3963 faeie
817 3888 1195 3961 propitiatorii.
1252 3885 1390 3943 lluic
1440 3895 1626 3941 autem
1678 3883 2055 3956 propitiatorio

468 3982 673 4045 facies,
726 3979 986 4035 divinitas
1045 3977 1165 4048 ejus
1225 3976 1346 4033 fuit.
1409 3974 1775 4041 Quamobrem
1833 3973 2054 4044 quando

468 4073 681 4146 Moyses
707 4072 892 4131 videre
921 4071 1092 4131 Deum
1120 4070 1441 4127 desiderans
1470 4068 1685 4125 dicebat
1726 4085 1739 4121 :
1775 4065 1834 4122 Si
1879 4068 2054 4120 inueni

460 4169 700 4238 gratiam
740 4167 800 4221 in
827 4174 1099 4233 conspectu
1147 4173 1257 4221 tuo.
1289 4163 1502 4219 ostende
1560 4160 1688 4215 nti/ii
1724 4161 1949 4230 teipsum
1983 4160 2051 4220 “.

470 4259 539 4313 Et
567 4255 847 4327 respondit
872 4276 885 4309 :
907 4252 1027 4315 Non
1053 4254 1247 4323 poteris
1266 4253 1443 4307 uidere
1465 4250 1657 4319 {aciem
1684 4266 1879 4319 meum;
1903 4266 2054 4307 nemo

468 4351 738 4406 hominum
759 4349 890 4403 vidit
911 4347 1101 4420 faciem
1124 4363 1297 4408 meam
1315 4355 1364 4400 et
1391 4346 1511 4400 vivit
1535 4347 1581 4377 "
1607 4370 1618 4401 ;
1646 4346 1774 4416 quia
1804 4346 2056 4402 substan-

471 4446 600 4499 tiam
643 4440 741 4497 Dei
784 4454 951 4501 nemo
997 4437 1467 4511 comprehendere
1507 4448 1706 4509 potest,
1748 4440 1855 4496 hoc
1895 4439 2051 4504 dixit.

2080 3181 2122 3236 ε
2158 3153 2358 3208 Paulus
2421 3149 2489 3207 ad
2544 3149 2894 3207 Timotheum
2948 3150 3225 3234 scribebat
3284 3169 3299 3206 :

2167 584 2305 636 ram,
2336 574 2526 641 utpote
2558 571 2862 642 principem
2898 572 3084 643 populi
3113 572 3329 645 Moysen
3358 572 3575 643 accepit,
3602 589 3710 643 pro-

2166 660 2447 714 tectricem
2483 657 2626 716 Deus
2652 661 2878 717 abstulit
2911 677 3156 729 manum,
3187 673 3243 719 et
3266 679 3364 719 sua
3391 678 3509 718 eum
3536 664 3710 719 virtute

2162 748 2389 805 nudavit
2423 749 2479 805 in
2512 760 2726 807 tantum
2767 763 2827 808 ut
2869 752 3133 811 Romanis
3171 755 3371 811 tributa
3406 765 3709 825 praestarent,

2164 851 2224 896 ut
2253 844 2357 898 sub
2388 844 2535 915 leges
2563 859 2754 900 eorum
2789 855 2846 900 et
2884 846 3164 917 principes
3193 847 3470 919 degerent,
3500 857 3618 906 tunc
3642 851 3708 906 vi-

2163 934 2363 990 derunt
2418 935 2724 1006 posteriora
2770 934 2893 1005 Dei,
2935 937 2988 992 id
3027 944 3113 993 est
3156 936 3251 992 Dei
3291 938 3707 995 incarnationem.

2162 1026 2472 1084 Posteriora
2517 1036 2703 1085 autem
2740 1029 2881 1101 ejus,
2911 1030 3039 1100 quia
3065 1028 3319 1087 videlicet
3349 1030 3618 1089 in_ultimis
3642 1041 3711 1088 est

2164 1121 2503 1190 temporibus
2531 1120 2870 1176 incarnatus.
2908 1119 3121 1176 Faciem
3151 1132 3329 1177 autem
3359 1138 3459 1176 non
3485 1122 3706 1182 videbitis.

2160 1212 2258 1277 ait,
2295 1212 2659 1268 substantiam
2708 1212 2965 1272 videlicet
3006 1212 3340 1269 Divinitatis.
3377 1213 3567 1285 Aperte
3602 1228 3710 1286 ergo

2161 1304 2414 1359 doctores
2459 1304 2652 1370 vetuit,
2700 1314 2755 1359 et
2807 1306 3121 1361 sacerdotes
3158 1304 3456 1375 prohibuit,
3492 1315 3543 1364 et
3570 1319 3686 1375 quos

2159 1412 2378 1466 cunque
2406 1396 2475 1451 de
2506 1397 2618 1452 Deo
2649 1397 2799 1468 loqui
2831 1398 2913 1453 fas
2938 1407 3043 1463 est,
3072 1399 3362 1468 exquirere
3389 1398 3711 1456 substantiam

2161 1489 2280 1553 Dei,
2307 1500 2362 1544 et
2388 1489 2662 1545 discutere
2690 1489 2893 1546 Christi
2927 1490 3293 1557 divinitatem,
3331 1499 3387 1545 et
3421 1490 3612 1561 ingredi
3638 1491 3712 1544 in-

2161 1579 2361 1634 teriora
2392 1579 2680 1637 velaminis
2706 1581 3082 1652 intelligibilis.
3116 1578 3379 1636 Velanten
3410 1581 3546 1634 enim
3573 1578 3710 1635 Chri-

2160 1678 2279 1723 stus
2332 1669 2496 1725 habet
2524 1685 2769 1736 carnem,
2826 1680 3202 1742 tegumentum
3267 1670 3555 1727 divinitatis
3597 1686 3708 1735 sua,

2162 1762 2618 1831 quemadmodum
2649 1770 2706 1818 et
2737 1763 2842 1819 hoc
2878 1764 3024 1834 quod
3058 1772 3176 1818 erat
3206 1762 3466 1819 sensibile
3496 1762 3709 1818 velamen

2090 1831 2132 1884 Β
2167 1862 2542 1924 tegumentum
2595 1852 2810 1909 Sanctis
2858 1831 3176 1911 sanctorum
3223 1854 3349 1910 fuit.
3401 1854 3514 1909 Non
3563 1854 3710 1908 solum

2160 1958 2343 1999 autem
2384 1945 2656 2012 velamen,
2693 1945 2790 2017 sed
2834 1955 2889 2001 et
2932 1946 3231 2001 testimonii
3281 1962 3483 2012 art-am,
3523 1960 3710 1999 carnem

2162 2037 2374 2092 Domini
2419 2036 2734 2109 appellavit,
2775 2036 2963 2093 multis
3012 2037 3158 2093 illam
3204 2037 3514 2094 necessario
3552 2036 3714 2107 appel-

2158 2130 2279 2184 lans
2318 2128 2657 2195 nominibus,
2689 2128 2819 2199 quia
2866 2128 3050 2184 multa:
3089 2145 3155 2184 ex
3183 2144 3249 2184 ea
3280 2140 3437 2185 erant
3471 2127 3711 2199 operatio.

2158 2237 2296 2287 nes;
2326 2220 2395 2276 de
2448 2220 2553 2276 hac
2579 2222 2724 2277 enim
2758 2219 2925 2276 David
2974 2223 3028 2276 in
3073 2219 3311 2278 Psalmis
3352 2223 3710 2294 prophetarit:

2160 2314 2418 2385 Exsurge,
2442 2312 2683 2381 Domine,
2706 2315 2764 2367 in
2791 2315 3019 2383 requiem
3044 2324 3212 2380 tuam,
3235 2325 3298 2368 tu
3323 2324 3371 2369 et
3396 2331 3518 2368 arca
3542 2316 3710 2367 sancti-

2156 2408 2419 2477 ﬁcationis
2454 2417 2558 2463 tute
2586 2406 2652 2461 ⁸⁸.
2691 2405 2819 2464 Haec
2856 2421 2983 2467 arca
3024 2405 3386 2479 intelligibilis
3424 2406 3708 2471 testimonii,

2156 2509 2346 2571 utpote
2390 2501 2680 2559 continens
2709 2501 3151 2571 compassionem
3183 2501 3481 2557 salutarem
3517 2499 3707 2561 dicitur,

2156 2594 2225 2649 de
2251 2607 2357 2663 qua
2379 2591 2516 2648 dixit
2540 2591 2740 2652 Paulus
2764 2611 2779 2649 :
2813 2592 3079 2663 Testificor
3103 2608 3289 2655 coram
3324 2592 3448 2658 Deo,
3469 2601 3516 2647 et
3538 2590 3710 2647 Christo

2154 2686 2301 2750 Iesu,
2341 2687 2433 2757 qui
2486 2687 2846 2742 testimonium
2902 2685 3133 2741 reddidit
3174 2687 3273 2748 sub
3327 2684 3514 2741 Pontio
3561 2681 3709 2738 Pilato

2156 2782 2344 2835 bonam
2374 2778 2751 2849 confessionem
2780 2777 2847 2833 ".
2882 2778 3096 2834 Rursus
3124 2787 3180 2834 et
3212 2777 3561 2850 Evangeliunt
3595 2773 3709 2835 dici-

2158 2888 2281 2929 mus
2322 2888 2444 2929 esse
2489 2871 2887 2939 testimonium,
2920 2880 3031 2928 tam
3062 2872 3189 2944 quia
3225 2871 3549 2943 intelligibili
3575 2882 3708 2931 arcae.

2156 2968 2211 3021 id
2260 2976 2345 3021 est
2393 2964 2568 3032 carni,
2602 2963 2808 3020 Christi
2858 2964 3118 3031 cohaeret,
3161 2979 3331 3036 quam
3363 2964 3487 3036 quia
3524 2978 3585 3018 ex
3613 2961 3715 3031 ipsa

2155 3057 2428 3130 passionis
2463 3056 2840 3113 testimonium
2879 3057 3169 3114 habemus.
3214 3056 3296 3114 De
3340 3057 3456 3128 ipso
3499 3053 3629 3111 enim
3665 3061 3712 3113 et

3378 3146 3711 3205 Testimonium

2158 3248 2473 3320 temporibus
2502 3247 2633 3311 suis,
2666 3247 2723 3300 in
2762 3262 2864 3316 quo
2900 3245 3097 3315 positus
3125 3261 3242 3299 sum
3286 3260 3379 3316 ego
3412 3242 3713 3313 pradicator,

2154 3353 2203 3398 et
2235 3341 2501 3412 apostolus
2531 3340 2600 3393 “.
2642 3336 2770 3395 Hmc
2829 3353 2953 3393 arca
2989 3353 3119 3409 ergo
3157 3348 3247 3393 est
3289 3332 3710 3409 propitiatorium,

2156 3435 2283 3504 quia
2328 3434 2381 3487 in
2429 3446 2594 3488 carne
2646 3445 2744 3486 sus
2791 3428 3047 3484 Christus
3092 3428 3257 3483 nobis
3305 3425 3710 3499 propitiationem

2155 3527 2427 3599 praestitit.
2476 3525 2559 3581 Ad
2607 3540 2772 3595 quam
2830 3522 2982 3577 omni
3037 3530 3288 3592 tempore
3342 3535 3451 3575 non
3502 3512 3713 3589 praecipit

2156 3621 2412 3677 doctores
2449 3618 2683 3689 ingredi,
2716 3626 2775 3672 ut
2814 3616 3029 3671 curiose
3066 3614 3260 3683 utique
3298 3628 3409 3668 non
3446 3607 3711 3680 inquirant.

2156 3709 2617 3781 quemadmodum
2671 3709 2885 3763 verbum
2941 3723 3063 3760 caro
3113 3704 3319 3776 factum
3375 3714 3450 3758 est
3474 3703 3516 3735 ³³
3548 3718 3559 3754 :
3596 3709 3711 3768 quo-

2158 3804 2341 3869 modo,
2369 3804 2463 3873 qui
2495 3805 2550 3857 in
2582 3803 2757 3857 forma
2790 3799 2887 3855 Dei
2921 3806 3061 3863 erat,
3094 3798 3150 3853 in
3183 3798 3360 3853 forma
3399 3793 3533 3852 servi
3564 3792 3711 3847 factus

2156 3906 2262 3963 est,
2302 3894 2579 3966 quomodo
2620 3891 2922 3949 exinauivit
2968 3890 3352 3960 semetipsum,
3394 3897 3449 3944 et
3495 3885 3545 3940 in
3586 3878 3712 3937 caelis

2157 3989 2360 4044 mansit
2393 3988 2458 4042 “.
2502 3985 2709 4042 llorum
2746 3986 2895 4040 enim
2936 3983 3072 4040 fides
3114 3983 3350 4038 salutem
3389 3979 3561 4044 all‘ert,
3588 3970 3711 4045 peri-

2156 4081 2339 4137 culum
2374 4078 2675 4150 inquisitio.
2710 4074 2824 4130 Hoc
2865 4090 2993 4146 ergo
3033 4073 3127 4144 qui
3167 4073 3369 4138 credit,
3405 4084 3514 4125 non
3544 4060 3714 4121 morie-

2158 4185 2267 4230 tur.
2299 4173 2436 4240 Quia
2467 4173 2523 4226 in
2553 4170 2707 4235 nube,
2752 4167 2951 4239 inquit,
2983 4165 3247 4237 apparebo
3287 4179 3446 4235 super
3476 4153 3713 4240 oraculum

2156 4270 2263 4322 sive
2322 4265 2790 4335 propitiatorium,
2871 4260 3074 4316 nubem
3148 4272 3345 4313 rursus
3412 4248 3713 4308 Dominicam

2157 4373 2378 4417 carnem
2424 4366 2481 4413 et
2528 4354 2897 4427 evangelicam
2952 4350 3190 4423 appellat
3238 4348 3501 4405 Verbum.
3542 4340 3714 4398 Eadem

2157 4449 2307 4507 cnim
2341 4447 2526 4503 multis
2561 4454 2720 4502 vocat
2762 4443 3102 4507 nominibus,
3138 4454 3240 4495 nec
3283 4448 3370 4495 est
3405 4427 3713 4499 ταυτολογίας

467 4537 610 4603 lQuid
641 4546 829 4596 autem
862 4537 985 4606 ejus
1012 4534 1186 4605 possit
1219 4531 1413 4598 videri.
1445 4534 1561 4604 ipse
1592 4542 1780 4604 aperte
1808 4533 2054 4589 subdidit
2087 4526 2129 4580 θ
2160 4540 2257 4596 sed
2298 4537 2711 4610 Operatienibus
2761 4549 2946 4590 rerum
2995 4547 3118 4604 qua:
3173 4529 3567 4601 signiﬁcantur,
3613 4529 3716 4589 »ραι

466 4632 657 4686 dicens
690 4649 703 4684 :
736 4628 869 4687 Ecce
910 4639 985 4684 est
1033 4631 1177 4687 locus
1221 4628 1370 4698 apud
1406 4644 1508 4690 me,
1553 4628 1718 4689 stabis
1759 4644 1920 4698 super
1960 4644 2054 4698 pe-

471 4735 611 4778 tram
640 4724 707 4790 ",
738 4722 795 4777 id
833 4731 917 4778 est
951 4722 1269 4785 Ecclesium,
1306 4731 1362 4782 et
1394 4722 1797 4778 confessionem
1836 4738 1959 4794 quae
1996 4723 2052 4776 in

468 4830 536 4870 eo
563 4823 668 4879 est,
701 4829 827 4871 cum
878 4813 986 4869 ﬁde
1034 4814 1225 4870 dicens
1266 4832 1277 4867 :
1311 4814 1545 4885 Cumque
1592 4815 1836 4869 transibit
1881 4816 2053 4886 gloria

469 4924 610 4971 mea,
643 4905 962 4979 signiﬁcans
984 4904 1189 4963 Christi
1231 4905 1298 4960 ad
1347 4907 1600 4961 homines
1634 4906 1925 4969 transitum
1957 4924 1970 4960 :
2003 4916 2053 4963 et

467 5015 661 5070 ponam
694 5008 744 5054 te
773 4998 830 5058 in
862 4999 1104 5070 foramen
1138 5008 1302 5069 petrw
1331 4999 1483 5066 "Lid
1515 5009 1622 5065 est,
1657 5000 1711 5057 in
1745 5000 1882 5071 tege,
1914 5000 2055 5057 sicut

469 5107 569 5161 per
597 5089 844 5146 foramen
872 5099 1188 5162 angustum,
1222 5088 1288 5154 ad
1332 5088 1735 5151 confessionem
1765 5088 1970 5146 Christi
2001 5099 2057 5152 et

469 5184 655 5249 ﬁdem,
686 5196 786 5253 per
816 5198 938 5239 eam
972 5182 1294 5243 transimus,
1337 5181 1482 5240 unde
1510 5190 1567 5236 et
1594 5181 1922 5252 paedagttgus
1954 5198 2058 5237 no—

468 5286 585 5331 ster
612 5275 681 5336 ad
713 5274 1019 5342 Christum,
1062 5274 1148 5330 lex
1187 5288 1309 5329 esse
1352 5287 1449 5343 per
1498 5272 1726 5329 Paulum
1763 5274 1962 5330 dicitur
1987 5274 2056 5329 "t.

468 5364 538 5422 Et
569 5381 766 5435 ponam
805 5382 963 5437 super
1001 5377 1053 5421 te
1083 5379 1299 5419 manum
1342 5381 1537 5431 meam,
1571 5363 1742 5437 signis
1780 5364 2055 5432 videlicet,

471 5457 749 5518 miraculis
786 5473 908 5530 quas
957 5473 1082 5516 cum
1128 5456 1210 5513 eis
1258 5456 1511 5522 faciebat,
1548 5459 1714 5523 donec
1761 5468 2054 5522 transeam,

471 5550 758 5624 sellamque
778 5569 997 5611 manum
1022 5567 1216 5615 meam,
1240 5561 1288 5606 et
1311 5550 1503 5615 ridebis
1527 5552 1815 5620 posteriora
1846 5570 1961 5608 mea
1991 5555 2057 5611 ³⁵.

586 5709 631 5741 ’⁸
656 5708 816 5764 Hebr.
857 5727 911 5777 x,
939 5710 1025 5775 19,
1050 5712 1142 5768 20.

472 5779 565 5838 εξ.
676 5779 1032 5839 "Caluum.
1081 5782 1171 5834 Ἠ.

477 5851 523 5887 ⁸³
547 5846 707 5914 loan.
732 5865 771 5913 ι,
804 5850 868 5905 14

1254 5712 1299 5744 ’⁸
1326 5711 1483 5777 llam.
1518 5729 1597 5775 ut,
1628 5712 1718 5777 ‘23,
1750 5714 1840 5767 2i.

1283 5784 1329 5815 ”
1366 5784 1537 5837 Exod.
1574 5800 1763 5841 xum.
1806 5785 1894 5837 :25.

986 5850 1032 5882 “
1062 5849 1296 5934 Philipp.
1324 5868 1384 5920 tt,
1419 5853 1472 5919 6,
1500 5853 1552 5908 7.

1955 5714 1995 5745 ’ί
2022 5711 2192 5766 lixod.
2218 5726 2405 5771 χχχιιι,
2435 5711 2520 5765 15.

2008 5783 2053 5814 ³⁸
2076 5783 2215 5836 l‘sal.
2256 5797 2435 5842 cum,
2471 5783 2523 5832 8.

1667 5857 1707 5883 ³⁵
1731 5855 1885 5910 Joan.
1909 5871 1967 5919 tl,
2006 5853 2093 5908 l9.

2163 4629 2395 4701 imponit
2423 4636 2479 4683 et
2505 4626 2785 4689 distribuit
2826 4622 3070 4689 nomina.
3112 4618 3423 4691 Aliquando
3462 4614 3598 4671 enim
3636 4620 3716 4661 ve-

2162 4725 2342 4794 lamen
2373 4738 2594 4779 carnem
2627 4721 2778 4787 dicit,
2810 4727 3186 4792 tegumentum
3219 4717 3365 4772 hanc
3394 4728 3516 4781 esse
3542 4701 3715 4764 divini-

2163 4820 2291 4873 tatis
2327 4816 2531 4875 Christi
2591 4813 2891 4885 signiﬂcat;
2948 4810 3243 4882 aliquando
3302 4818 3484 4863 autem
3540 4808 3714 4856 arcam.
3770 4859 3777 4869 ,

2163 4911 2440 4965 hominem
2478 4908 2735 4967 videlicet
2784 4922 2949 4977 quem
2997 4905 3112 4976 ipse
3163 4901 3430 4958 Dominus
3467 4898 3716 4965 expone"s

2157 5003 2362 5059 Judaeis
2420 5000 2555 5060 dixit
2605 5019 2619 5056 :
2670 4997 2867 5059 Solvite
2922 4998 3175 5067 templum
3224 4995 3342 5058 hoc,
3394 5001 3442 5045 et
3488 4990 3539 5043 in
3579 4981 3717 5038 tribus

2160 5098 2341 5153 diebus
2386 5095 2621 5149 excitabo
2640 5091 2776 5153 illud
2806 5092 2875 5146 ³³.
2915 5089 3094 5156 Quod,
3126 5087 3330 5144 ludatis
3354 5075 3714 5155 ignorantibus,

2160 5198 2213 5242 ct
2233 5185 2563 5256 dicentibus
2595 5205 2609 5240 :
2644 5183 3018 5255 Quadraginta
3046 5192 3094 5234 et
3124 5196 3214 5234 scrc
3241 5177 3396 5231 annis
3430 5168 3716 5256 adi/iratum

2160 5254 2239 5336 est
2274 5280 2525 5349 templum
2565 5279 2681 5341 hoc,
2710 5286 2764 5341 et
2792 5286 2848 5329 tu
2878 5254 2949 5332 in
2984 5274 3149 5339 tribus
3186 5270 3368 5349 diebus
3406 5260 3640 5323 excitabit
3664 5254 3715 5308 il-

2166 5374 2258 5427 lud
2287 5346 2752 5441 “tEvangelista
2789 5366 3123 5437 explanavit,
3157 5346 3347 5422 dicens
3385 5378 3398 5414 :
3436 5356 3531 5423 Ille
3568 5358 3715 5405 autem

2164 5461 2367 5516 dicebat
2407 5460 2470 5515 de
2508 5458 2700 5528 templo
2738 5474 2831 5523 suo
2869 5457 2937 5525 ".
2984 5452 3292 5525 Aliquando
3340 5463 3473 5504 vero
3521 5442 3715 5499 nubem.

2166 5552 2292 5623 quia
2325 5552 2498 5611 nubes
2527 5566 2727 5621 corpus
2758 5558 2866 5619 est,
2903 5548 2997 5615 sed
3042 5546 3305 5615 mundum
3346 5552 3401 5598 et
3446 5534 3716 5595 subsisten-

3088 5708 3133 5739 ’⁸
3161 5704 3295 5761 illiti.
3319 5745 3337 5764 ,
3362 5703 3454 5759 9|.
3544 5698 3582 5729 ²⁷
3606 5688 3714 5764 ibid.

2629 5712 2675 5741 ’⁵
2704 5710 2857 5772 iltitl.,
2885 5709 2973 5763 ‘20.
3088 5709 3133 5739 "
3161 5709 3295 5761 ibid.
3319 5745 3337 5764 .
3362 5709 3454 5759 2|.
3544 5709 3580 5729 "
3606 5709 3714 5749 tltltl-

2636 5782 2673 5811 ³³
2708 5782 2722 5831 I
2752 5779 2894 5831 'l‘im.
2924 5768 2997 5831 vt.
3036 5777 3118 5831 l3.
3229 5775 3325 5828 "vi
3354 5772 3495 5829 Tim.
3532 5784 3589 5831 tt,
3625 5758 3719 5817 ὕπο

2636 5782 2673 5811 ἰ
2708 5782 2722 5833 I
2752 5768 2894 5833 vim.
2924 5768 2997 5846 u‘,
3036 5777 3118 5838 ιδ,

2209 5852 2271 5883 ³⁸·
2299 5851 2569 5927 “utiuti”.
2711 5853 2729 5881 ⁷
2760 5850 2899 5904 ῑιιὶιι.
