3988 6222
405 336 511 402 985

1574 319 1652 380 ΙΝ
1684 319 2120 381 LEVITICUM.
2152 346 2220 358 --
2248 321 2395 383 LIB.
2426 322 2494 383 ν.

3564 318 3668 379 986

391 441 534 498 .tiam
553 453 624 494 ex
647 435 849 509 Spiritu
871 441 1061 492 saneto
1078 434 1399 494 habentem:
1426 447 1491 489 ex
1512 432 1789 504 spiritibus
1810 431 1981 494 enim,
2010 418 2056 491 Ἀ
2087 432 2362 500 quomodo
2392 431 2546 501 jubet
2596 431 2674 485 uti
2718 429 2933 500 quando
2978 430 3345 500 nosmetipsos
3373 427 3668 498 perfeceri-

399 531 455 589 id
501 539 588 588 est
627 530 805 587 ventis
845 529 1023 586 nubes
1063 528 1389 584 subsistunt.
1425 526 1651 596 Propter
1681 523 1824 594 quod
1863 523 1983 593 eius

401 622 704 694 subtilitate
729 621 891 677 simul
920 629 976 677 et
1004 620 1228 677 levitate
1252 617 1574 674 munditiam
1603 617 1774 681 Isaias
1795 624 1984 669 οειεῐι-

397 715 534 770 dens
550 712 764 769 dicebat
786 734 799 768 :
825 710 1242 767 Ecce’Dominus
1269 711 1503 766 ascendit
1525 726 1680 779 super
1701 707 1887 761 nubem
1906 705 1983 759 le-

396 823 530 871 vem,
558 814 605 859 et
641 806 963 877 ingredietur
998 804 1307 874 Egi/ptum,
1341 811 1389 857 et
1418 800 1876 855 commovebuntur
1911 798 1985 853 si-

401 898 643 953 mulacra
687 897 992 969 Afgypti”,
1025 897 1170 953 nube
1227 894 1479 951 similiter
1515 909 1626 950 non
1685 895 1982 964 incongrue

395 988 768 1060 evangelicum
790 989 1123 1059 appellamus
1140 985 1386 1058 verbum,
1407 985 1535 1056 quia
1553 999 1670 1039 mos
1685 993 1769 1039 est
1783 983 1980 1039 divinte

401 1080 699 1150 Scripturae
727 1081 899 1135 sancti
931 1079 1166 1149 Spiritus
1204 1075 1530 1142 doctrinam,
1561 1075 1765 1130 nubem
1795 1073 1980 1144 appel-

397 1173 529 1228 lare.
572 1172 731 1228 Unde
778 1180 834 1228 et
882 1172 1100 1228 vineam
1138 1170 1455 1226 Iudaeorum
1495 1168 1636 1223 sicut
1676 1168 1982 1222 infructuo-

397 1279 536 1329 sam,
564 1263 823 1318 auferens
851 1263 1066 1319 dicebat
1097 1280 1110 1317 :
1141 1262 1403 1317 Mandabo
1434 1261 1675 1321 nubibus,
1706 1276 1769 1313 ne
1793 1259 1980 1329 pluant

396 1370 556 1423 super
585 1370 703 1408 eam
735 1355 955 1409 imbrem
984 1355 1050 1408 ³⁸.
1082 1354 1289 1409 Deinde
1318 1369 1439 1424 quae
1477 1354 1548 1409 sit
1586 1352 1768 1417 vinea,
1809 1365 1978 1421 expo-

397 1460 538 1500 nens
566 1444 751 1500 subdit
784 1462 798 1499 :
832 1444 991 1500 Vinea
1019 1445 1157 1499 enim
1183 1442 1439 1510 Sabaoth,
1467 1445 1651 1498 domus
1683 1442 1853 1497 Israel
1880 1452 1976 1509 est,

394 1548 444 1593 et
474 1538 658 1592 domus
702 1537 866 1602 Iuda,
901 1538 1162 1593 novellum
1210 1538 1458 1592 deiictum
1488 1537 1554 1591 ‘°.
1597 1536 1658 1591 In
1707 1537 1809 1590 hac
1851 1550 1979 1607 ergo

394 1629 561 1695 nube,
596 1627 742 1683 Deus
785 1637 895 1683 tam
926 1627 982 1682 in
1008 1628 1288 1685 Dominica
1322 1643 1505 1695 carne,
1534 1643 1694 1696 quam
1726 1627 1780 1681 in
1812 1641 1979 1681 evan—

394 1720 568 1790 gelica
623 1719 1014 1789 pradicatione
1068 1720 1398 1787 insinuatur,
1449 1729 1504 1776 et
1551 1719 1689 1774 nihil
1744 1719 1977 1789 amplius

2086 538 2211 577 mus
2248 523 2364 577 sive
2407 523 2992 588 consummaverimus,
3028 537 3176 576 nunc
3216 520 3458 582 tradidit,
3493 518 3546 573 id
3587 523 3671 573 est

2087 631 2198 669 non
2228 614 2564 685 ingrediatur
2598 613 2780 668 Aaron
2820 615 2873 669 in
2915 623 3123 676 sancta,
3160 613 3266 666 nisi
3305 613 3421 666 haec
3454 610 3664 665 fecerit.

2086 705 2189 760 Hic
2231 705 2493 767 ostendit.
2526 705 2653 775 quia
2686 720 2798 758 non
2840 704 3015 758 solum
3050 718 3160 758 non
3203 702 3534 770 frequenter.
3571 698 3665 753 sed

2084 811 2189 851 nec
2230 795 2456 850 omnino
2502 810 2615 849 non
2658 794 2869 865 ingredi
2910 795 2965 847 in
3015 792 3389 848 sublimiorem
3429 791 3664 845 divinam

2084 889 2606 958 contemplationem
2636 888 2916 958 przecepit,
2949 903 3110 956 quam
3138 896 3193 941 et
3216 886 3512 955 appellavit
3541 900 3662 937 san-

2083 979 2378 1041 ctuarium.
2409 988 2594 1048 utpote
2622 994 2744 1048 quae.
2774 978 2842 1033 de
2872 979 2984 1032 Deo
3014 986 3118 1041 est,
3148 977 3241 1046 qui
3274 979 3504 1030 Sanctus
3534 991 3661 1029 san-

2082 1079 2295 1123 ctorum
2325 1077 2426 1134 est,
2463 1080 2519 1124 et
2549 1084 2672 1123 cum
2712 1069 2804 1138 qui
2851 1069 2993 1123 bene
3022 1085 3086 1122 ea
3121 1070 3311 1132 utitur,
3343 1067 3663 1127 sanctiﬁcat,

2083 1148 2178 1217 sed
2226 1163 2319 1232 qui
2364 1163 2552 1232 utique
2590 1165 2772 1215 Aaron
2821 1169 2924 1225 est,
2957 1160 3010 1214 id
3045 1171 3146 1224 est,
3179 1161 3341 1213 altam
3372 1155 3663 1212 conserva-

2082 1256 2288 1310 tionem
2339 1255 2570 1318 habens,
2605 1261 2662 1308 et
2714 1253 2806 1322 qui
2857 1253 2913 1306 in
2962 1244 3174 1306 tantum
3225 1259 3517 1321 provectus
3560 1259 3663 1314 est,

2080 1346 2385 1400 ascendens
2417 1346 2484 1400 ad
2526 1345 2621 1399 Dei
2667 1344 3179 1405 sanctiﬁcationem,
3214 1350 3275 1396 ut
3309 1340 3450 1394 sicut
3480 1339 3661 1392 divina

2080 1453 2206 1492 arca
2249 1437 2584 1507 respondere
2618 1437 2811 1507 possit,
2844 1436 2947 1489 hoc
2987 1434 3133 1489 enim
3173 1434 3352 1486 Aaron
3393 1430 3664 1496 interpre-

2084 1539 2245 1594 tatur,
2276 1531 2367 1585 hic
2401 1530 2740 1601 irgrediens,
2772 1528 3001 1583 vitulum
3037 1527 3228 1580 olTeret
3276 1540 3374 1594 pro
3416 1532 3662 1592 peccato,

2081 1623 2337 1679 videlicet
2382 1622 2435 1676 in
2485 1622 2755 1677 sacriﬁcio
2804 1621 3103 1690 ingreditur
3134 1617 3357 1674 Christi.
3394 1616 3495 1682 Qui
3536 1614 3663 1684 quia

2081 1733 2191 1772 non
2223 1716 2399 1772 solum
2443 1731 2543 1785 pro
2583 1715 2823 1784 peccatis
2852 1713 3054 1768 nostris
3088 1712 3397 1766 immolatus
3428 1718 3532 1770 est,
3566 1706 3664 1762 sed

392 1788 703 1879 quaeramus
728 1824 831 1864 nos
855 1811 947 1881 qui
969 1810 1178 1881 aliquid
1202 1813 1269 1867 de
1297 1812 1408 1866 Deo
1434 1811 1666 1866 scrutari
1697 1788 1969 1875 volumus,
2011 1788 2051 1840 Β
2078 1818 2135 1866 ει
2167 1810 2332 1865 vitam
2374 1808 2533 1863 nobis
2566 1814 2788 1878 praestat
2821 1804 3142 1876 perfectam,
3178 1812 3361 1857 tamen
3405 1807 3662 1870 peccato-

374 1900 489 1954 sed
516 1909 781 1969 quantum
804 1900 965 1955 nobis
991 1900 1335 1972 evangelicus
1358 1916 1540 1957 sermo
1562 1901 1745 1964 tradit,
1769 1907 1971 1970 quanta

391 2006 457 2046 ex
488 1990 767 2047 Dominica
793 2006 956 2047 carne
983 1994 1316 2063 percipimus
1345 2012 1358 2048 :
1384 2008 1564 2064 neque
1592 1994 1737 2047 enim
1771 1993 1974 2047 frustra

392 2097 504 2136 uno
532 2082 756 2136 nomine
782 2097 1003 2137 carnem
1034 2082 1268 2149 Domini,
1295 2092 1351 2138 et
1376 2083 1727 2155 Evangelium
1758 2082 1974 2153 legisla-

395 2182 480 2229 tor
510 2173 856 2244 signiﬁcavit,
889 2174 984 2230 sed
1031 2176 1159 2244 quia
1208 2175 1522 2247 Evangelio,
1553 2185 1609 2230 et
1655 2191 1819 2231 carne
1865 2176 1973 2229 Do-

394 2263 619 2330 miniea,
643 2263 859 2319 occasio
881 2272 1045 2334 atque
1068 2266 1424 2320 subsistentia
1454 2277 1558 2321 est.
1585 2265 1969 2321 Verumtamen

389 2363 444 2410 et
474 2354 561 2409 illa
599 2369 748 2410 nunc
775 2355 994 2410 iteratio
1023 2355 1331 2422 conﬁrmat,
1366 2356 1492 2426 quia
1521 2371 1632 2410 non
1662 2356 1836 2411 solum
1869 2357 1974 2411 hoc

390 2448 570 2517 ipsum
601 2447 983 2504 diﬁ'erentibus
1010 2448 1325 2503 nominibus
1354 2448 1541 2504 divina
1569 2448 1793 2505 nomina
1826 2449 1972 2504 Scri-

388 2549 551 2612 ptura
590 2546 650 2593 ut
682 2538 1001 2595 differentes
1035 2539 1387 2609 operationes
1416 2539 1615 2610 signet,
1657 2539 1749 2594 sed
1783 2539 1837 2593 in
1868 2555 1971 2594 no-

386 2632 628 2687 minibus
648 2631 1013 2687 diﬁerentiam
1030 2632 1290 2695 ostendit,
1314 2632 1636 2703 plerumque
1662 2633 1829 2687 etiam
1847 2647 1973 2687 con-

387 2726 611 2780 trariam
640 2744 655 2779 :
687 2740 813 2779 nam
858 2724 1151 2795 aliquando
1192 2725 1413 2796 quidem
1448 2726 1675 2796 sagittas
1698 2724 1887 2789 malas,
1918 2732 1973 2780 et

386 2814 594 2885 igneas,
612 2815 731 2870 illas
748 2831 869 2886 quae
891 2826 1019 2871 sunt
1035 2815 1621 2887 concupiscentiarum,
1637 2826 1729 2870 aut
1746 2816 1971 2872 alterius

383 2905 644 2975 nequitiae
674 2921 902 2977 organa,
925 2915 978 2961 et
999 2910 1348 2977 operationes
1376 2906 1537 2963 vocat
1558 2907 1666 2980 igni
1696 2908 1970 2964 diabolum

383 2996 715 3060 assiutilans,
733 2997 860 3066 quia
876 2998 1175 3066 corrumpit
1189 3013 1285 3054 eos
1299 2998 1391 3068 qui
1406 2998 1453 3051 ei
1469 3015 1527 3053 se
1544 2999 1902 3071 coniungunt,
1916 3008 1973 3054 et

2075 1920 2196 1958 rum
2229 1903 2390 1958 nobis
2420 1901 2845 1965 absolutionem,
2872 1914 3034 1968 quam
3073 1897 3337 1950 virtutum
3372 1891 3664 1962 perfectio-

2075 2008 2202 2046 nem
2249 1993 2340 2047 Dei
2390 1990 2719 2046 sacrificium
2752 1984 3048 2057 canuirit,
3085 1996 3141 2040 ct
3174 1984 3420 2056 apponit,
3456 1980 3663 2037 addidit

2074 2085 2371 2155 legislator.

2148 2177 2214 2231 Et
2267 2178 2486 2231 arietem
2540 2176 2594 2229 in
2636 2158 3017 2229 holocaustum.
3063 2171 3207 2226 LXX
3253 2177 3433 2225 autem
3476 2169 3661 2224 edide-

2075 2279 2224 2332 runt.
2256 2271 2319 2326 de
2344 2269 2526 2324 vitulo.
2561 2269 2636 2322 Ex
2668 2252 2844 2322 bobus
2876 2266 2981 2320 illis
3007 2263 3387 2334 operatoribus
3413 2261 3658 2331 iustitiae.

2073 2363 2375 2421 secundum
2424 2377 2647 2417 carnem
2695 2360 2874 2414 factus
2925 2366 3028 2420 est,
3066 2356 3214 2410 verbi
3251 2356 3441 2424 gratia,
3484 2354 3659 2409 Abra-

2073 2457 2220 2522 ham,
2262 2456 2431 2519 Isaac,
2464 2453 2654 2515 Jacob,
2688 2451 2857 2507 David
2894 2470 2908 2513 ;
2941 2466 3064 2504 nam
3104 2450 3274 2503 boves
3316 2449 3423 2511 lex,
3444 2462 3539 2502 eos
3569 2446 3662 2516 qui

2069 2551 2340 2621 justitiam
2381 2556 2663 2619 operatur,
2694 2545 2849 2599 novit
2881 2544 3023 2599 sicut
3055 2542 3215 2597 nobis
3249 2541 3448 2595 Paulus
3492 2540 3661 2593 tradi-

2073 2643 2171 2708 dit,
2207 2642 2340 2697 illud
2385 2641 2756 2709 interpretans
2782 2637 3101 2691 mandatum
3141 2654 3152 2689 :
3188 2634 3307 2688 Non
3335 2634 3579 2703 alligabis
3605 2648 3661 2686 os

2071 2731 2187 2788 bovi
2218 2730 2493 2785 trituranti
2524 2729 2608 2794 δίς
2644 2726 2843 2781 deinde
2882 2724 3116 2792 subjecit
3152 2740 3166 2777 :
3198 2722 3452 2793 Nunquid
3477 2722 3540 2775 de
3567 2721 3663 2775 bo-

2073 2827 2166 2881 bus
2193 2841 2320 2879 cura
2352 2832 2431 2877 est
2470 2820 2581 2874 Deo
2613 2819 2694 2873 ιιι
2733 2835 2802 2872 an
2856 2829 3078 2887 propter
3120 2831 3222 2871 nos
3267 2815 3450 2884 utique
3482 2814 3612 2868 dicit
3644 2831 3657 2867 :

2074 2917 2210 2983 Quia
2241 2916 2389 2971 debet
2430 2915 2487 2968 in
2527 2929 2616 2980 spe
2651 2912 2741 2982 qui
2768 2921 2851 2964 rat
2882 2927 3097 2974 aarare,
3128 2920 3175 2963 et
3214 2909 3303 2980 qui
3336 2909 3574 2971 triturat,
3606 2907 3661 2960 in

2074 3027 2162 3079 spe
2198 3011 2397 3078 fructus
2452 3004 2774 3075 percipiendi
2801 3003 2884 3055 M?
2934 3002 3068 3068 Quia
3112 3009 3295 3055 autem
3332 3007 3385 3054 et
3436 2998 3658 3063 vitulus,

384 3090 441 3143 in
469 3104 534 3143 eo
562 3104 620 3144 se
646 3088 1051 3158 quodammodo
1083 3089 1328 3144 mittunt.
1366 3090 1674 3161 Aliquando
1699 3099 1882 3146 autem
1914 3091 1968 3145 in
2000 3135 2042 3192 ϐ
2076 3109 2224 3155 recte
2272 3105 2498 3171 propter
2544 3095 2897 3159 sacriﬁcium,
2930 3102 2984 3148 et
3021 3094 3278 3148 virtutem
3329 3090 3657 3161 appellatur,

382 3180 567 3250 specie
592 3181 752 3251 ignis,
784 3188 895 3235 tam
925 3180 1076 3245 alibi,
1095 3196 1259 3252 quam
1286 3182 1339 3236 in
1363 3183 1502 3237 rubo
1517 3183 1687 3237 Deum
1709 3183 1971 3249 insinuat,

381 3274 509 3343 quia
542 3273 631 3328 lux
654 3282 737 3329 est
756 3289 946 3329 eorum
968 3275 1060 3344 qui
1100 3274 1169 3329 ad
1202 3290 1325 3329 eum
1346 3291 1443 3345 per
1473 3275 1683 3346 singula
1708 3277 1975 3331 accedunt

381 3375 648 3436 tempora,
679 3367 937 3436 calorque
982 3367 1169 3422 vitalis
1199 3377 1363 3438 atque
1394 3370 1660 3439 purgatio.
1696 3367 1813 3424 Non
1844 3385 1973 3440 ergo

379 3455 616 3510 aestimes
662 3454 936 3525 superﬂua
969 3455 1084 3511 sive
1130 3471 1273 3511 nova
1325 3458 1509 3512 induci
1542 3473 1640 3527 per
1671 3459 1970 3528 expositio-

380 3562 529 3612 nem,
570 3547 792 3620 quando
847 3547 1053 3602 eisdem
1106 3548 1423 3604 nominibus
1473 3549 1530 3603 in
1587 3549 1972 3606 diﬁ‘erentibus

382 3637 554 3691 utitur
605 3637 808 3703 causis,
864 3648 961 3693 aut
1007 3640 1231 3694 nomina
1288 3641 1596 3696 differentia
1654 3642 1710 3696 in
1759 3643 1967 3700 eisdem

379 3730 582 3800 accipit
606 3732 791 3785 rebus.
822 3731 930 3787 Sed
955 3732 1090 3786 illud
1121 3732 1346 3788 intende
1374 3743 1582 3789 tantum
1611 3735 1656 3789 si
1692 3751 1805 3790 non
1838 3753 1967 3806 pro-

380 3821 520 3895 prie,
570 3832 628 3877 et
677 3824 977 3879 secundum
1029 3832 1268 3894 tempus,
1320 3825 1748 3897 signiﬁcationes
1789 3831 1969 3885 nomi-

378 3930 512 3969 num
571 3915 624 3968 in
683 3901 1062 3986 adiacentibus
1099 3918 1430 3988 expositioni
1481 3919 1646 3974 rebus
1694 3921 1968 3992 interpres

379 4003 613 4073 accepit.
649 4001 756 4059 Sed
782 4005 893 4075 jam
924 4022 1044 4076 quae
1077 4015 1382 4077 sequuntur
1408 4008 1711 4064 videamus.
1742 4010 1852 4067 Sed
1889 4013 1968 4067 sic

380 4096 724 4165 ingrediatur
756 4099 938 4153 Aaron
973 4102 1367 4156 sanctuarium.

449 4185 618 4242 Vens.
654 4188 708 4253 '5,
755 4188 811 4243 4.
858 4207 877 4241 ι
918 4189 1161 4245 Vitulum
1215 4191 1410 4273 offeret
1463 4209 1563 4264 pro
1612 4203 1860 4264 peccato,
1911 4204 1966 4251 et

379 4276 609 4331 arietem
647 4278 703 4332 in
738 4278 1141 4336 holocaustum.
1171 4281 1378 4338 Tunica
1412 4283 1556 4339 linea
1592 4285 1876 4353 vestietur,
1911 4293 1967 4340 et

379 4368 733 4428 feminalibus
786 4372 947 4429 lineis
994 4376 1303 4431 verecunda
1360 4377 1580 4432 celabit.
1633 4379 1966 4451 Accingetur

2076 3193 2388 3265 evangelica
2418 3191 2676 3260 explanat
2706 3188 2960 3258 parabola
2982 3187 3049 3247 ν’,
3082 3187 3135 3240 in
3160 3202 3263 3256 qua
3296 3185 3523 3255 prodigo
3550 3181 3661 3235 ﬁlio

2075 3288 2229 3349 pater
2268 3276 2589 3339 revertenti,
2622 3273 2854 3344 primam
2904 3273 3097 3326 stolam
3138 3272 3274 3325 dans
3320 3267 3661 3338 baptismatis

2074 3379 2129 3426 et
2163 3369 2448 3433 annulum,
2491 3368 2543 3422 id
2576 3376 2661 3421 εει
2692 3365 3029 3437 sigttacultim
3064 3362 3309 3432 Spiritus,
3340 3361 3571 3415 vitulum
3607 3358 3657 3411 ei

2074 3461 2404 3517 sacriﬁcium
2466 3458 2728 3530 unigeniti
2778 3456 3097 3520 immolavit,
3147 3456 3262 3524 ipse
3318 3463 3373 3507 ct
3414 3453 3558 3506 aries
3604 3452 3658 3505 in

2074 3551 2456 3606 holocaustum
2508 3556 2609 3604 est.
2669 3546 2781 3600 lloc
2824 3547 2972 3601 enim
3019 3561 3084 3600 ea
3127 3562 3246 3614 qua:
3288 3552 3372 3597 est
3410 3544 3476 3597 de
3512 3540 3659 3595 Isaac

2074 3648 2301 3703 historia
2335 3647 2669 3717 explanavit,
2691 3645 2912 3714 quando
2946 3658 3046 3713 pro
3090 3643 3315 3695 arietem
3353 3638 3656 3694 secundum

2073 3740 2235 3805 LXX,
2278 3741 2335 3793 in
2366 3738 2594 3808 virgulto
2639 3736 2857 3799 Sabech,
2892 3735 2943 3788 id
2982 3742 3066 3788 est
3106 3733 3158 3786 in
3195 3731 3429 3801 virgulto
3456 3729 3655 3791 venia),

2070 3845 2170 3899 per
2199 3828 2345 3898 quod
2376 3828 2625 3881 absolute
2655 3841 2874 3881 crucem
2914 3821 3293 3892 intelligimus,
3332 3821 3386 3874 in
3417 3836 3522 3889 qua
3552 3834 3655 3872 no-

2070 3930 2312 3975 strorum
2346 3928 2695 3989 peccatorum
2730 3924 2946 3987 peracta
2982 3924 3065 3968 est
3091 3913 3271 3979 venia,
3300 3928 3363 3966 ex
3394 3912 3656 3966 cornibus

2069 4012 2385 4083 colligatum
2431 4012 2625 4066 videns
2655 4010 2927 4064 Abraham
2965 4007 3267 4061 immolavit
3297 4022 3445 4071 eum,
3477 4013 3532 4059 ct
3566 4020 3654 4058 sa-

2069 4105 2259 4162 criﬁcii
2287 4103 2491 4158 Christi
2535 4101 2830 4173 complevit
2877 4101 3188 4172 imaginem.
3223 4099 3379 4154 Unde
3409 4107 3465 4152 et
3493 4098 3560 4153 de
3588 4112 3656 4152 eo

2070 4198 2332 4254 Dominus
2368 4196 2584 4252 dicebat
2617 4179 2645 4249 ι’
2671 4181 2942 4249 Abraham
2988 4194 3301 4256 exsultavit,
3353 4200 3409 4245 ut
3460 4191 3656 4244 videret

2066 4291 2206 4345 diem
2228 4305 2424 4355 meum,
2451 4298 2499 4342 et
2519 4287 2668 4351 vidit,
2699 4295 2744 4339 et
2775 4286 2986 4356 gavisus
3012 4294 3086 4337 est
3108 4284 3175 4338 ⁸⁵,
3205 4284 3343 4349 Quia
3358 4297 3486 4352 ergo
3516 4280 3657 4334 aries

2067 4399 2135 4439 ex
2169 4397 2365 4455 genere
2396 4382 2577 4436 ovium
2627 4388 2729 4445 est,
2769 4388 3145 4434 verumtamen
3193 4387 3278 4432 est
3323 4377 3652 4447 praecipuus,

380 4476 517 4515 zona
558 4462 725 4529 linea,
761 4464 998 4536 cydarim
1054 4466 1255 4521 lineam
1306 4467 1554 4537 imponet
1603 4470 1789 4540 capiti.
1835 4469 1961 4526 llaec
1995 4473 2119 4532 Det
2167 4475 2345 4547 gregis
2397 4473 2529 4536 dux,
2563 4483 2711 4530 recte
2759 4472 3030 4543 signiﬁcat
3076 4470 3382 4534 Christum,
3423 4468 3513 4537 qui
3571 4473 3656 4521 est

378 4554 528 4608 enim
559 4556 885 4612 vestimenta
920 4565 1049 4613 sunt
1087 4567 1295 4627 sancta,
1334 4561 1535 4630 quibus
1567 4564 1801 4630 cunctis,
1832 4580 1956 4621 cum

378 4643 526 4699 lotus
556 4646 740 4711 fuerit,
775 4649 1051 4704 induetur.
1079 4669 1098 4702 ι

453 4739 771 4795 Admirabili
819 4742 1013 4798 ordine
1059 4745 1224 4799 etiam
1278 4761 1433 4814 nunc,
1474 4746 1751 4818 legislator
1785 4755 1853 4804 ad
1894 4767 1959 4807 ea

377 4845 501 4899 quae
526 4830 719 4899 juvare
756 4841 1007 4901 possunt.
1043 4841 1098 4889 et
1135 4835 1287 4889 utilia
1340 4851 1464 4891 esse
1517 4838 1825 4909 legentibus
1878 4843 1960 4897 le-

378 4936 524 4991 gem,
550 4929 606 4976 ει
653 4923 744 4991 qui
778 4923 1094 4979 thesaurum
1147 4928 1486 4983 reconditum
1517 4931 1573 4984 in
1608 4946 1672 4986 ea
1702 4948 1959 5002 perscru-

379 5021 587 5080 tantur,
616 5016 806 5071 utitur.
843 5016 980 5072 Cum
1009 5018 1153 5072 enim
1186 5019 1411 5075 dixisset
1451 5037 1560 5079 non
1604 5022 1772 5079 licere
1809 5027 1958 5080 omni

381 5104 541 5167 hora,
564 5105 616 5160 id
641 5119 727 5162 est
747 5123 855 5162 non
884 5111 1163 5177 continue,
1191 5112 1241 5165 id
1265 5121 1369 5179 est,
1404 5115 1524 5169 sine
1552 5117 1960 5174 intermissione

381 5196 591 5267 ingredi
628 5199 685 5253 in
712 5199 911 5255 Sam-ta
956 5214 1290 5270 sanctorum,
1329 5222 1398 5260 ne
1443 5208 1582 5263 forte
1626 5210 1747 5265 sine
1790 5220 1959 5275 metu,

378 5300 435 5343 et
461 5290 953 5361 circumspectione
991 5295 1058 5349 ad
1093 5311 1157 5350 ea
1188 5312 1310 5365 quae
1344 5298 1524 5353 divina
1569 5310 1718 5365 sunt,
1753 5298 1961 5372 priesu-

380 5384 594 5437 mamus
635 5392 729 5438 aut
775 5386 1116 5453 accedamus,
1151 5403 1219 5444 ne
1260 5392 1522 5461 maiorem
1570 5396 1962 5464 perscrutatio-

379 5489 505 5528 nem
547 5476 772 5530 omnino
812 5479 1112 5547 prohibuit,
1158 5485 1252 5536 sed
1302 5486 1523 5553 quando
1566 5502 1666 5541 nos
1714 5489 1832 5551 hac,
1870 5497 1961 5541 aut

489 5684 533 5715 ³⁸
561 5682 660 5735 Isti.
694 5697 802 5737 xxx.
846 5682 890 5733 I.
955 5663 971 5678 .
1003 5685 1046 5716 ³³
1072 5686 1172 5738 Isa.
1200 5688 1319 5737 καὶ.

379 5751 425 5789 θ’
456 5750 614 5812 Joalt.
657 5769 769 5815 vui,
796 5753 939 5807 iiii.”
964 5754 1092 5809 Luc.
1135 5772 1183 5822 χ,
1221 5759 1305 5809 2'1.

1436 5691 1477 5719 ⁸⁰
1498 5689 1633 5746 ibid.
1662 5691 1710 5744 7.

1791 5691 1827 5723 "'
1868 5692 2041 5750 ltlor.
2080 5710 2153 5759 Ix,
2187 5695 2269 5749 9..

2067 4587 2135 4627 ex
2163 4587 2343 4628 massa
2386 4581 2594 4635 nostra,
2624 4571 2717 4625 sed
2761 4571 3089 4639 praecipuus,
3127 4576 3183 4623 et
3221 4567 3500 4621 excellens
3531 4579 3654 4628 nos,

2067 4669 2124 4717 et
2150 4663 2260 4717 dux
2287 4662 2502 4732 generis
2541 4661 2763 4715 humani
2793 4670 2953 4731 atque
2982 4675 3076 4714 rex
3104 4668 3209 4714 est.
3243 4659 3303 4715 In
3334 4660 3459 4723 hoc,
3488 4657 3540 4711 id
3573 4664 3654 4709 est

2068 4756 2125 4809 in
2149 4755 2389 4818 Christo,
2414 4754 2529 4808 vult
2554 4770 2656 4807 nos
2678 4753 2887 4823 ingredi
2917 4753 2970 4806 in
2999 4759 3189 4805 sancta
3219 4769 3232 4805 :
3261 4750 3475 4805 initium
3505 4748 3652 4802 enim

2068 4849 2137 4903 de
2164 4849 2276 4903 Deo
2301 4848 2579 4917 loquendi,
2605 4846 2858 4901 Christus
2897 4854 2999 4909 est,
3042 4854 3098 4899 et
3135 4844 3255 4913 ejus
3284 4841 3488 4912 passio.
3521 4840 3653 4905 Quae

2070 4940 2113 4994 si
2148 4954 2254 4992 non
2283 4946 2441 4993 aucta
2467 4937 2657 4992 fuisset
2686 4947 2742 4991 et
2781 4947 2890 4992 tam
2930 4950 3268 5007 paganorum
3306 4948 3408 4989 nos
3440 4944 3651 4991 errore,

2069 5047 2231 5100 quam
2274 5031 2343 5086 ab
2382 5031 2573 5085 umbra
2605 5030 2738 5100 legis
2764 5038 2818 5084 et
2845 5028 3078 5100 caligine
3106 5027 3414 5088 liberasset,
3446 5038 3549 5077 nos
3586 5022 3652 5076 de

2071 5122 2248 5177 Patris
2276 5123 2563 5178 divinitate
2599 5122 2744 5192 loqui
2788 5122 3013 5175 minime
3049 5119 3454 5190 potuissemus:
3486 5116 3652 5168 Nemo

2069 5216 2203 5266 enim
2241 5215 2338 5267 scit
2382 5213 2613 5278 Patrem,
2646 5215 2745 5268 nisi
2784 5213 2971 5276 Filius,
3005 5222 3053 5265 et
3096 5211 3183 5264 cui
3223 5208 3442 5263 voluerit
3480 5205 3651 5260 Filius

2070 5307 2305 5360 revelare
2328 5305 2396 5359 ³⁸.
2440 5305 2545 5360 Sed
2581 5306 2705 5375 quia
2741 5306 2844 5376 his,
2874 5304 2966 5373 qui
2996 5304 3066 5357 de
3095 5302 3206 5355 Deo
3232 5303 3516 5355 locuturus
3545 5309 3649 5361 est,

2069 5409 2124 5453 et
2166 5400 2361 5453 intueri
2399 5399 2592 5465 Deum,
2622 5400 2676 5453 in
2712 5408 2978 5469 quantum
3005 5396 3277 5465 .possibile
3307 5404 3393 5450 est
3422 5395 3648 5448 hornini-

2068 5491 2190 5553 bus,
2227 5490 2360 5554 vult,
2392 5506 2621 5545 necesse
2650 5499 2731 5544 est
2764 5498 2821 5543 ut
2854 5489 3108 5543 omnibus
3145 5487 3447 5543 virtutibus-
3472 5502 3649 5541 arme-

2319 5693 2518 5749 “ibid.
2601 5693 2811 5767 "ibid:
2869 5691 2952 5745 to.
3034 5690 3442 5753 “Lutum.”
3496 5702 3644 5758 δειιτις
