3988 6222
377 334 478 396 987

1562 312 1925 375 HESYCI-III
1980 310 2418 371 PRESBYTER
2436 349 2457 368 ι

3527 316 3634 377 9‘88

377 440 486 491 tur.
513 435 747 491 Attende
763 444 818 488 et
841 435 945 487 hoc
970 429 1427 501 quemadmodum
1458 426 1812 497 approbavit:
1846 424 1956 478 vir-
1987 426 2031 481 Α
2062 423 2439 478 holocaustum
2463 463 2479 487 ,
2544 422 2805 477 virtutum
2876 421 3126 475 videlicet
3204 422 3593 490 perfectionem
3620 439 3638 487 ;

377 535 525 581 tutes
547 527 692 581 enim
714 533 949 593 quatuor
971 520 1251 592 generales
1266 522 1423 582 ‘sunt,
1448 518 1681 587 iustitia,
1709 515 1948 579 castitas,

348 617 656 683 glortitudo,
693 614 989 685 sapientia;
1019 621 1305 683 propterea
1340 610 1553 680 inquit:

445 711 641 765 Tunica
687 709 827 762 littea
868 708 1133 760 induatur.
1183 705 1242 759 Id
1283 713 1366 759 est
1405 702 1775 773 justitia,htec
1805 698 1952 754 enim

372 804 595 873 proprie
644 802 1030 855 vestimentum
1079 799 1319 852 hominis
1359 808 1470 862 est,
1522 798 1734 855 tunica,
1788 808 1951 862 quam

373 894 517 950 LXX
545 894 930 963 sanctiﬁcatum
974 892 1162 953 edunt,
1195 890 1319 958 quia
1364 887 1732 941 sanetiﬁcatur
1775 901 1805 939 a
1841 884 1951 938 Deo

375 988 463 1057 qui
484 986 753 1054 justitiam
787 984 980 1054 diligit,
1014 993 1068 1036 et
1094 981 1463 1051 principaliter
1489 995 1551 1032 ea
1592 978 1813 1032 indutus
1844 984 1947 1031 est.

374 1076 529 1131 Umle
560 1078 627 1131 de
667 1092 732 1131 eo
769 1076 905 1129 dixit
945 1074 1113 1128 David
1144 1091 1157 1126 :
1195 1073 1374 1127 Justus
1409 1071 1681 1130 Dominus,
1714 1080 1761 1124 et
1787 1071 1951 1138 justi-

376 1169 475 1220 tias
510 1167 691 1221 dilexit
736 1167 806 1220 ".
853 1166 955 1219 Per
1002 1165 1275 1219 feminalia
1327 1165 1547 1217 castitas
1594 1152 1946 1232 signiﬁcantur,

372 1261 515 1328 quod
557 1258 909 1313 manifestum
958 1269 1041 1313 est
1086 1276 1149 1312 ex
1195 1274 1260 1311 eo
1304 1258 1448 1327 quod
1483 1273 1592 1310 non
1624 1257 1950 1326 permittunt

374 1358 542 1411 videri
575 1358 758 1410 carnis
796 1366 997 1413 nostra:
1029 1357 1426 1410 inbonestiora.
1465 1357 1599 1421 Quia
1635 1372 1764 1428 ergo
1804 1367 1949 1412 totus

373 1450 620 1519 corporis
672 1451 837 1505 decor
889 1450 1108 1504 castitas
1160 1459 1263 1514 est,
1312 1450 1621 1504 necessarie
1673 1451 1948 1521 legislator

372 1540 447 1594 ait
486 1559 499 1594 :

442 1632 800 1687 Femina/ibus
834 1632 985 1687 lineis
1018 1635 1303 1688 verecunda
1336 1634 1546 1688 celabit.
1589 1636 1749 1705 Atqui
1782 1652 1947 1705 super

370 1722 599 1787 femora,
638 1737 695 1779 et
739 1727 881 1780 circa
927 1727 1106 1780 vicina
1154 1728 1233 1781 eis
1286 1730 1549 1791 membra,
1592 1730 1766 1783 Solum
1817 1740 1946 1785 sunt

2062 516 2239 585 ipsum
2270 517 2417 569 enim
2450 515 2626 569 virum
2659 513 2981 585 perfectura,
3023 524 3077 568 et
3115 530 3428 569 mensuram
3462 517 3645 571 aetatis

2059 606 2372 676 appellavit,
2410 605 2687 674 suscipere
2725 621 2845 671 nos,
2880 615 2934 659 et
2974 605 3122 659 indui
3166 605 3373 665 volens,
3411 616 3638 674 propter

2058 699 2202 768 quod
2237 708 2288 752 et
2315 699 2657 767 baptismatis
2698 698 2924 767 gratiam
2975 697 3277 752 introduxit
3311 715 3322 750 :
3364 697 3488 765 quia
3538 714 3639 768 per

2058 790 2230 859 ipsam
2268 791 2506 843 maxime
2538 789 2813 843 Christum
2846 789 3144 843 induimur.
3180 788 3409 854 Quando
3453 800 3634 842 autem

2059 884 2174 938 lucc
2216 883 2395 953 adepti
2439 883 2724 949 fuerimus,
2758 885 2812 937 in
2855 883 3052 937 Sancta
3096 893 3406 936 sanctorum
3452 882 3634 953 ingre—

2059 974 2291 1039 diemur,
2338 991 2448 1029 non
2501 975 2861 1029 substantiam
2912 984 3316 1045 perscrutantes
3370 974 3496 1036 Dei,
3546 975 3633 1027 vel

2058 1065 2435 1130 discutientes,
2468 1066 2570 1119 hoc
2604 1065 2747 1118 enim
2791 1065 3128 1134 prohibitum
3176 1074 3278 1125 est,
3315 1064 3408 1118 sed
3453 1065 3518 1118 ad
3565 1082 3632 1118 ea

2057 1172 2177 1225 qua:
2228 1166 2355 1210 sunt
2404 1156 2473 1211 de
2529 1157 2934 1226 dispensatione
2987 1157 3190 1211 Christi
3255 1157 3634 1228 sacrificioque

2057 1249 2175 1318 ejus
2206 1264 2305 1318 pro
2337 1251 2513 1311 nobis,
2553 1261 2607 1304 et
2638 1251 2799 1304 bonis
2840 1267 2960 1319 quae
3000 1266 3099 1320 per
3138 1267 3204 1304 ea
3253 1250 3503 1314 fruimur,
3541 1268 3631 1304 sa-

2056 1344 2274 1412 pientiae
2304 1345 2647 1414 dogmatibus
2678 1346 2915 1400 studium
2944 1345 3137 1399 dantes
3169 1363 3181 1397 :
3212 1346 3316 1398 hoc
3345 1344 3490 1398 enim
3518 1363 3633 1399 tua-

2057 1438 2314 1492 nifestum
2354 1438 2562 1492 faciunt
2592 1439 2825 1492 maxime
2856 1455 2978 1508 qum
3001 1449 3306 1508 sequuntur
3334 1456 3349 1492 :

2128 1530 2288 1586 Vens.
2323 1533 2374 1593 5,
2408 1532 2460 1585 6.
2503 1552 2521 1583 ‹
2561 1532 2831 1600 Suscipiet
2876 1532 2943 1586 ab
2982 1532 3237 1586 universa
3281 1531 3629 1585 [uultitudiue

2056 1623 2284 1677 ﬁliorum
2330 1625 2491 1677 Israel
2540 1624 2677 1678 duos
2719 1625 2897 1678 hircos
2942 1640 3042 1694 pro
3088 1631 3334 1694 peccato,
3369 1634 3424 1676 et
3460 1639 3629 1677 unum

2054 1717 2275 1770 arietem
2308 1717 2360 1769 in
2389 1717 2787 1771 holocaustum.
2814 1718 3059 1785 Cumque
3087 1717 3347 1771 obtulerit
3376 1717 3625 1773 vitulum.

372 1814 672 1871 femiualia.
713 1818 818 1871 Sed
857 1819 1148 1871 ostendere
1179 1820 1310 1882 vult,
1349 1820 1472 1888 quia
1512 1820 1820 1875 feminalcm
1856 1823 1948 1876 hic
1981 1788 2019 1840 Β
2049 1817 2105 1861 ει
2134 1809 2372 1862 Orﬁti?”
2395 1826 2494 1877 PT“
2521 1824 2579 1863 Se
2606 1822 2660 1864 οι
2685 1825 2783 1879 pro
2813 1809 2973 1863 (Ῑοιηο
2998 1826 3115 1864 51m-
3150 1829 3169 1861 ³

371 1912 697 1973 castitatem,
746 1919 919 1964 totum
964 1926 1165 1979 corpus
1210 1912 1606 1966 custodientem
1641 1913 1949 1971 carnisno-

370 2011 495 2054 strre
547 2003 745 2070 signat.
803 2000 921 2071 Per
955 2016 1180 2061 zonam,
1241 2001 1615 2055 fortitudinem
1674 2003 1944 2070 intelligit,

369 2094 516 2145 unde
554 2091 694 2143 Deus
723 2092 824 2144 ,ιε-ι)
871 2091 1163 2145 sublevans
1204 2094 1545 2159 passionihus
1585 2109 1648 2146 ac
1690 2094 1947 2163 periculis

367 2201 689 2254 oppressu'u
737 2183 951 2237 dicebat
985 2202 996 2236 :
1033 2183 1254 2254 Accinge
1291 2194 1347 2237 ut
1387 2187 1468 2238 vir
1498 2186 1697 2239 lumbos
1731 2197 1847 2239 tuos
1876 2186 1943 2243 ‘8.

366 2274 472 2327 Per
508 2274 772 2345 eydarim,
808 2274 935 2343 quia
984 2275 1365 2329 indumentum
1413 2277 1604 2345 capitis
1640 2286 1743 2342 est,
1783 2278 1945 2331 intel-

364 2366 549 2437 ligitur
581 2368 759 2421 modis
786 2367 1042 2421 omnibus
1074 2368 1339 2436 sapientia
1374 2385 1384 2420 :
1419 2369 1544 2437 quia
1576 2373 1721 2422 enim
1755 2371 1809 2423 in
1851 2388 1945 2424 ca-

363 2461 475 2527 pite
511 2461 795 2529 sapientia:
831 2469 915 2514 est
957 2476 1241 2531 organum,
1274 2477 1384 2515 non
1434 2463 1764 2533 ignoramus,
1801 2465 1945 2533 quod

364 2563 420 2607 et
466 2556 756 2607 cerebrum
798 2554 1017 2618 dicitur,
1057 2562 1111 2605 et
1163 2554 1309 2607 unde
1354 2563 1408 2606 et
1457 2564 1619 2623 caput
1667 2555 1812 2608 omni
1862 2565 1947 2609 est

365 2645 743 2698 honorabilius
801 2645 1035 2713 corpori.
1101 2645 1207 2697 Sed
1268 2644 1386 2699 inec
1442 2646 1585 2699 linea
1650 2655 1942 2716 propterea

366 2750 487 2785 esse
533 2733 811 2802 praecepit,
845 2742 903 2786 ut
946 2734 1261 2787 ostenderet
1302 2736 1557 2789 virtutum
1604 2736 1940 2799 facilitatem,

365 2833 417 2876 et
469 2825 698 2878 celerem
751 2824 1233 2894 conquisitionem,
1269 2827 1354 2881 vel
1411 2828 1668 2893 habilem,
1707 2839 1943 2899 gratam-

364 2931 470 2983 que
517 2917 839 2986 ailipiscenti
892 2933 1037 2982 esse,
1073 2919 1214 2972 sicut
1260 2926 1314 2972 et
1359 2934 1423 2974 ea
1464 2936 1585 2991 qua:
1627 2922 1770 2977 iinea
1814 2934 1944 2981 sunt

362 3010 600 3078 corpori,
641 3026 807 3080 super
838 3011 982 3079 quod
1018 3019 1162 3065 sunt.

2121 1897 2288 1952 Multa
2334 1898 2421 1952 hic
2467 1898 2719 1963 intentio,
2767 1898 3001 1952 dicentis
3040 1898 3223 1963 simul,
3258 1908 3312 1952 et
3356 1898 3630 1951 audientis

2049 2000 2131 2047 est
2163 1991 2492 2051 necessaria,
2529 1999 2586 2044 ut
2617 2006 2723 2044 non
2758 1991 3015 2045 recedant
3041 1991 3110 2045 ab
3146 2006 3211 2045 co
3238 1991 3383 2061 quod
3416 2001 3623 2045 rectum

2048 2090 2151 2146 est,
2183 2080 2311 2151 quia
2351 2081 2583 2134 maxima
2615 2088 2743 2135 sunt
2774 2082 3049 2152 mysteria,
3092 2096 3155 2134 ea
3190 2097 3310 2150 quae
3345 2097 3492 2135 nunc
3530 2096 3627 2135 ex-

2047 2171 2202 2241 ponit
2231 2172 2340 2235 lex,
2378 2180 2431 2225 et
2472 2171 2691 2240 quidam
2732 2173 2785 2225 in
2826 2170 2960 2240 ipsis
2998 2170 3286 2225 oﬁ'endunt
3314 2171 3628 2241 ignorantes

2049 2263 2241 2317 borum
2296 2262 2554 2316 virtutem
2606 2263 2896 2317 dictorum.
2950 2263 3058 2317 Sed
3114 2261 3233 2317 haec
3284 2263 3526 2331 quidem,
3568 2262 3624 2315 in

2046 2357 2244 2424 quibus
2292 2358 2599 2421 olTendunt,
2638 2357 2893 2412 subtilius
2935 2356 2989 2411 iu
3029 2356 3491 2425 subsequentibus
3538 2355 3625 2410 di-

2047 2460 2260 2504 centur.
2297 2450 2434 2517 Quia
2466 2461 2645 2505 autem
2677 2451 2743 2504 ad
2776 2452 2953 2519 ipsum
2984 2448 3263 2504 Christum
3292 2464 3355 2503 ea
3396 2448 3465 2502 de
3504 2447 3625 2516 qui-

2045 2544 2146 2597 bus
2197 2544 2411 2598 loculus
2462 2554 2546 2598 est
2594 2544 2891 2613 legislator,
2930 2542 2986 2596 in
3038 2544 3293 2612 prtcsenti
3346 2541 3626 2595 evidenter

2046 2636 2357 2689 referuntur
2404 2654 2416 2688 :
2468 2635 2819 2688 manifestam
2870 2634 3082 2703 species
3126 2632 3536 2691 sacriﬁciorum,
3568 2640 3624 2686 et

2044 2726 2294 2791 etii-ctus,
2324 2727 2418 2781 sed
2454 2736 2507 2780 et
2543 2726 2594 2780 hi
2639 2741 2669 2778 a
2713 2725 2913 2793 quibus
2949 2723 3215 2777 sacriﬁcia
3260 2721 3621 2790 accipiuntur.

2046 2821 2085 2874 A
2112 2834 2378 2889 synagoga
2406 2819 2573 2880 enim,
2606 2819 2689 2872 vel
2723 2818 2972 2872 universa
3004 2815 3355 2871 multitudine
3389 2813 3620 2867 ﬁliorum

2044 2914 2206 2968 Israel
2251 2914 2417 2981 accipi
2464 2912 2729 2966 sacrilicia
2763 2911 3058 2980 praecepit:
3091 2911 3216 2980 quia
3243 2908 3497 2963 Christus
3525 2904 3620 2975 qui

2043 3023 2144 3077 pro
2184 3007 2344 3060 nobis
2374 3005 2687 3059 immolatus
2723 3013 2826 3071 est,
2858 3020 2923 3058 ex
2958 3003 3082 3058 ﬁliis
3122 3003 3288 3057 Israel
3321 3000 3619 3055 secundant

433 3101 549 3154 Nisi
602 3104 657 3155 in
706 3105 832 3172 ipsis
881 3105 1090 3159 macula
1145 3107 1323 3175 eﬂ'ccla
1366 3108 1542 3177 fuerit.
1594 3107 1731 3173 Quia
1779 3110 1940 3164 etiam
1968 3118 2012 3174 ο
2048 3118 2267 3157 carnem
2295 3101 2415 3160 fuit.
2444 3102 2515 3156 ita
2539 3108 2599 3155 ut
2629 3099 2828 3154 Paulus
2856 3099 3063 3153 diceret
3096 3115 3110 3152 :
3142 3100 3225 3151 Ea;
3253 3095 3439 3166 quibus
3466 3094 3619 3148 Chri-

363 3213 484 3252 eum
519 3199 782 3254 sublimes
813 3202 942 3267 sint,
978 3205 1321 3258 conversatio
1366 3222 1556 3259 eorum
1604 3213 1782 3275 potest
1820 3222 1942 3261 esse

365 3288 419 3342 in
473 3292 655 3344 terris.
701 3291 944 3356 Quorum
1000 3294 1208 3365 singula
1266 3297 1319 3349 in
1369 3297 1539 3350 linum
1588 3299 1939 3367 proveniunt,

363 3381 506 3449 quod
544 3382 712 3434 altum
744 3384 963 3451 quidem
996 3388 1262 3440 calamum
1299 3388 1484 3454 habet,
1518 3391 1611 3444 sed
1654 3390 1882 3443 multttm
1912 3406 1940 3444 a

364 3478 508 3524 terra
543 3475 808 3533 ascendit,
843 3476 1105 3546 facileque
1141 3481 1387 3548 conquiri
1437 3490 1616 3550 potest
1668 3498 1698 3536 a
1740 3498 1943 3553 paupe-

364 3561 535 3625 ribus,
581 3573 636 3616 et
683 3565 731 3616 ei
778 3565 869 3633 qui
918 3567 1019 3621 hoc
1068 3569 1344 3631 induetur,
1375 3581 1656 3639 acceptum
1702 3580 1943 3642 gratum-

362 3668 465 3721 que
512 3664 615 3715 est,
658 3657 801 3711 sicut
857 3674 1018 3729 supra
1072 3660 1329 3715 (lix'mus.
1379 3662 1723 3718 Aistuantem
1777 3667 1942 3719 etiam

363 3742 665 3813 refrigerat,
703 3746 798 3799 sed
848 3756 902 3801 et
948 3742 1004 3801 in
1053 3750 1177 3820 gelu
1225 3749 1393 3813 fovet,
1422 3754 1565 3821 quod
1606 3762 1689 3808 est
1726 3753 1944 3808 virtutis

362 3838 672 3907 proprium,
707 3854 826 3907 quae
873 3840 1156 3911 refrigerat
1199 3843 1419 3911 quidem
1467 3844 1520 3897 in
1560 3855 1695 3899 testu
1734 3861 1941 3901 concu-

362 3927 784 3997 piscentiarnm,
823 3931 874 3984 in
925 3932 1122 4003 frigore
1173 3944 1352 3988 autem
1399 3936 1759 3990 tentatiouum
1796 3937 1943 3991 eale-

362 4019 510 4079 faeit,
544 4031 707 4091 atque
740 4025 805 4078 ad
844 4027 1018 4079 zelum
1069 4025 1312 4099 [cmlum]
1348 4029 1527 4099 erigit,
1563 4040 1619 4085 et
1663 4046 1772 4084 non
1816 4046 1945 4100 per-

363 4113 529 4166 mittit
576 4114 765 4168 seutiri
809 4128 1205 4183 persecutores.
1243 4119 1351 4174 Sed
1401 4130 1460 4174 ut
1505 4137 1614 4175 non
1653 4122 1815 4176 etiam
1851 4138 1940 4175 sa-

361 4201 487 4254 lutis
544 4204 737 4270 perdas
787 4205 1109 4272 capitulum,
1154 4208 1299 4274 quod
1358 4217 1441 4263 est
1494 4209 1787 4277 baptisma.
1837 4224 1943 4265 nec

360 4294 595 4347 aestimes
647 4296 741 4347 tibi
797 4296 1043 4351 snliiccre
1088 4299 1357 4363 virtutes,
1397 4300 1515 4354 sine
1564 4301 1708 4355 dono
1764 4302 1942 4371 bapti-

359 4386 569 4444 Sntatis.
605 4388 814 4441 addidit
851 4407 865 4442 :

2041 3202 2153 3247 stus
2189 3200 2472 3247 secundum
2522 3208 2757 3256 carnem,
2788 3190 2877 3256 qui
2921 3200 2996 3243 est
3055 3188 3189 3241 Deus
3232 3187 3527 3241 benedictus
3561 3185 3620 3239 in

2040 3288 2256 3342 swcula.
2297 3289 2461 3339 Amen
2509 3284 2575 3339 ι’,
2624 3284 2755 3338 Dein
2812 3282 3200 3338 sacrificiorum
3248 3281 3350 3334 alia
3402 3280 3620 3350 quidem

2044 3396 2144 3450 pro
2197 3378 2435 3447 peccatis
2481 3395 2495 3430 :
2545 3377 2649 3431 alia
2707 3385 2888 3429 autem
2945 3374 2999 3428 in
3048 3372 3426 3428 holocaustum
3466 3373 3622 3441 jubet

2042 3471 2249 3532 olTerri,
2289 3469 2546 3539 ﬁgurans,
2586 3467 2729 3521 sicut
2767 3465 3072 3535 oportebat,
3109 3464 3309 3519 Christi
3354 3461 3621 3516 sacrificio

2043 3563 2320 3621 virtutem,
2366 3560 2456 3629 qui
2510 3574 2611 3628 pro
2656 3557 2861 3612 nostris
2914 3554 3155 3633 peccatis
3197 3554 3460 3618 oﬁertur;
3496 3553 3618 3606 audi

2041 3670 2170 3725 ergo
2210 3654 2436 3708 Paulum
2482 3653 2756 3707 dicentem
2787 3669 2800 3704 :
2832 3650 3070 3705 Christus
3108 3647 3268 3701 semet
3314 3641 3519 3700 oblatus
3551 3646 3622 3698 ad

2043 3744 2329 3798 multarum
2365 3743 2725 3797 exhauriendo
2770 3749 3006 3810 peccata,
3042 3738 3319 3792 novissime
3354 3738 3465 3791 sine
3506 3753 3619 3805 pec-

2043 3846 2163 3889 cato
2190 3834 2464 3906 apparebit
2503 3834 2920 3903 exspectantibus
2949 3849 3003 3886 se
3035 3834 3102 3886 ⁸ο.
3153 3832 3289 3898 Quia
3324 3841 3504 3886 autem
3552 3830 3618 3882 ad

2044 3930 2418 3983 holocaustum
2464 3933 2521 3981 et
2569 3927 2635 3980 ad
2690 3924 3082 3995 perfectionem
3134 3924 3407 3986 videlicet,
3454 3932 3508 3977 ct
3551 3924 3617 3975 ad

2042 4018 2343 4090 profectum
2387 4019 2534 4080 vitae,
2569 4025 2734 4087 atque
2775 4018 3037 4072 virtutum
3086 4014 3360 4086 Unigeniti
3408 4013 3617 4069 sacrifi-

2041 4111 2185 4164 cium
2236 4109 2440 4164 factum
2498 4118 2602 4174 est,
2646 4108 2918 4179 quomodo
2965 4107 3219 4163 dubitare
3263 4106 3391 4162 licet
3435 4112 3617 4176 aperte

2043 4202 2209 4256 Paulo
2236 4202 2453 4256 dicente
2488 4222 2503 4257 :
2538 4202 2677 4273 Ergo
2712 4203 2922 4273 fratres,
2958 4211 3004 4256 et
3038 4200 3461 4269 vosmortificati
3499 4199 3616 4253 estis

2042 4296 2161 4365 legi,
2192 4311 2285 4363 per
2312 4311 2497 4364 corpus
2529 4293 2740 4359 Christi,
2769 4303 2824 4347 ut
2865 4294 2982 4347 sitis
3016 4293 3232 4347 alterius
3262 4293 3350 4363 qui
3378 4308 3443 4346 ea:
3478 4307 3613 4345 mor-

2042 4391 2146 4441 tuis
2195 4388 2502 4450 resurrexit,
2540 4395 2597 4440 ut
2633 4386 3006 4456 fructiﬁcemur
3050 4385 3158 4439 Deo
3196 4386 3264 4439 ".
3316 4384 3383 4438 Et
3431 4398 3613 4439 rursus

428 4477 551 4530 Hart:
593 4479 729 4531 enim
772 4488 893 4532 sunt
936 4480 1241 4533 vestimenta
1280 4489 1485 4544 sancta,
1520 4482 1705 4552 quibus
1738 4483 1936 4536 cunctis
1968 4458 2013 4514 θ
2043 4480 2111 4533 de
2140 4494 2206 4532 eo
2235 4478 2408 4533 dixit:
2456 4479 2598 4535 Unde
2633 4488 2683 4532 et
2733 4479 2940 4533 salvare
2982 4480 3034 4532 in
3070 4488 3379 4547 perpetuum
3430 4488 3609 4548 potest.

360 4586 475 4622 cum
507 4570 642 4624 lotus
671 4573 829 4643 fuerit
856 4573 1123 4626 induatur.
1156 4573 1394 4626 Lavatur
1418 4589 1581 4626 omne
1610 4589 1809 4643 corpus
1839 4585 1965 4644 per

359 4677 551 4729 aquam
589 4664 952 4732 baptismatis,
985 4666 1111 4733 quia
1159 4674 1336 4718 torum
1381 4675 1633 4719 nostrum
1682 4666 1845 4731 lavat,
1884 4677 1938 4722 et

358 4760 587 4806 renovat
620 4754 917 4807 hominem.
952 4756 1092 4826 Ergo
1124 4757 1386 4826 baptizari
1420 4767 1637 4827 oportet
1676 4759 1849 4828 prius,
1881 4770 1937 4815 et

358 4860 427 4899 ex
480 4859 616 4913 aqua
674 4848 1006 4916 regenerari,
1043 4864 1104 4902 ac
1155 4849 1381 4918 Spiritu.
1423 4866 1486 4905 ac
1529 4852 1609 4905 sic
1661 4852 1933 4920 praedictis

356 4937 651 4993 virtutibus
703 4938 876 5002 indui,
907 4947 965 4993 et
1009 4955 1103 5008 per
1151 4956 1245 4995 eas
1279 4941 1556 4997 Christum
1592 4961 1605 4997 :
1640 4943 1745 4997 hoc
1785 4943 1930 4997 enim

357 5038 409 5085 et
442 5030 558 5100 ipse
588 5039 879 5086 contextus
920 5032 1172 5102 legalium
1211 5034 1386 5104 signat
1427 5036 1740 5090 verborum.
1778 5035 1932 5091 Post-

355 5140 513 5193 quam
558 5122 704 5178 enim
754 5123 892 5179 dixit
934 5124 1230 5194 legislator,
1272 5143 1340 5181 ne
1370 5128 1520 5181 omni
1556 5135 1803 5197 tempore
1844 5127 1931 5181 in-

354 5217 632 5288 grediatur
659 5217 1056 5283 sanctuarium,
1084 5218 1188 5272 nisi
1222 5219 1338 5273 haec
1366 5228 1493 5273 ante
1526 5219 1717 5274 fecerit
1750 5237 1762 5272 :

426 5306 654 5359 Vitulum
695 5323 792 5376 pro
830 5318 1063 5375 peccato,
1092 5308 1339 5362 subdidit
1371 5326 1383 5360 :
1416 5318 1462 5361 et
1502 5311 1720 5363 arietem
1756 5311 1809 5363 in
1839 5312 1933 5363 Ito-

355 5401 665 5452 tocaustnm.
719 5398 914 5454 Tunica
956 5399 1094 5452 linea
1147 5401 1414 5464 vestietur,
1447 5408 1501 5454 et
1550 5402 1777 5471 reliqua.
1814 5402 1931 5455 Non

356 5488 528 5542 solum
576 5490 854 5545 Christum
908 5492 1299 5564 intelligibilem
1354 5495 1602 5559 arietem,
1643 5504 1697 5548 et
1745 5511 1932 5548 verum

458 5686 677 5757 vetat.
726 5708 779 5757 κ,
830 5692 886 5745 8.

1004 5694 1045 5719 l“
1072 5693 1174 5748 Job
1227 5709 1430 5761 xxxvii,
1477 5695 1528 5749 5.

364 5770 454 5822 tu,
479 5756 570 5811 25.

1641 5692 1685 5727 ⁸⁹
1720 5691 1879 5747 Rom.
1932 5708 2005 5758 ιχ,

2037 4571 2338 4626 accedentes
2395 4586 2487 4641 per
2530 4586 2585 4624 se
2633 4571 2703 4623 ad
2748 4570 3030 4639 Deum)“.
3095 4570 3186 4624 Sic
3234 4569 3519 4639 perfectio,
3559 4577 3611 4622 et

2035 4665 2347 4719 omnimoda
2373 4672 2561 4718 nostra
2593 4664 2758 4727 salus,
2793 4663 2935 4718 ﬁlius
2965 4680 3062 4734 per
3095 4662 3426 4718 sacriﬁcium
3458 4677 3611 4717 suum

2033 4754 2211 4808 factus
2240 4763 2344 4809 est.
2395 4753 2621 4824 Proprie
2661 4763 2842 4808 autem
2892 4753 2946 4808 in
2992 4754 3276 4808 effectibus
3321 4752 3610 4809 sacriﬁcio-

2037 4865 2179 4911 rum,
2209 4848 2421 4916 accepit
2451 4847 2723 4918 legislator
2753 4862 2816 4901 ea
2844 4863 2967 4915 quia:
2996 4847 3424 4902 immolabantur
3450 4864 3463 4901 :
3490 4861 3607 4902 eum

2036 4943 2184 4997 enim
2231 4940 2457 4996 dixisset
2489 4940 2670 4995 hircos
2707 4956 2805 5010 pro
2846 4950 3074 5016 peccato
3109 4939 3322 4999 offerri.
3356 4939 3606 5009 quoniam

2039 5034 2144 5088 hoe
2178 5032 2380 5087 animal
2424 5031 2477 5085 in
2506 5039 2855 5101 peccatorum
2899 5046 3071 5100 genus
3113 5028 3300 5085 divina
3332 5027 3601 5098 Scriptura

2038 5127 2285 5195 accipere
2334 5124 2653 5186 consuevit,
2705 5123 3016 5178 nullatenus
3067 5122 3438 5183 immemores,
3466 5119 3600 5188 quiai

2032 5219 2255 5288 quando
2315 5216 2708 5271 sacriﬁciorum
2768 5215 2885 5269 haec
2942 5214 3277 5283 poenitentia:
3344 5214 3601 5268 rationem

2033 5310 2435 5377 signiﬁcabant,
2467 5308 2813 5364 occasionem
2854 5323 2921 5360 ex
2956 5306 3110 5375 legali
3154 5305 3257 5360 hoc
3290 5306 3478 5361 codice
3518 5320 3600 5357 su-

2034 5411 2246 5456 mentes
2274 5400 2627 5470 exposuimus
2657 5418 2668 5452 :
2698 5399 2932 5461 hmdum,
2960 5400 3050 5466 qui
3097 5396 3284 5450 Crtece
3336 5397 3598 5450 Chimarus

2035 5494 2233 5546 dicitur
2273 5500 2419 5547 recte
2452 5488 2717 5545 immolari
2751 5490 2820 5543 ab
2847 5504 2911 5543 eo
2942 5488 3031 5557 qui
3069 5486 3444 5558 paenitentiam
3478 5484 3595 5555 agit.

3366 5688 3410 5722 ⁸³
3435 5683 3589 5741 “nisi.

2056 5693 2107 5747 5.
2222 5694 2266 5723 ¹⁰
2293 5693 2460 5748 llehr.
2498 5708 2570 5755 Ix,
2597 5689 2686 5743 28.
2800 5690 2841 5721 ⁸¹
2879 5687 3037 5744 Rom.
3075 5705 3167 5754 vn,
3197 5689 3248 5743 4.
