3988 6222
352 383 460 450 989

356 492 694 554 ostendimus
733 504 749 544 :
779 490 969 557 utpote
997 483 1051 537 in
1086 483 1430 548 tempestate,
1460 480 1515 526 et
1540 464 1704 524 ﬂuctu
1732 457 1938 517 consti—

356 588 483 652 tuti,
521 597 694 653 usque
723 579 851 636 dum
881 571 1218 648 poenitentiae
1253 570 1373 638 ejus
1411 561 1738 631 suscipiatur
1764 550 1937 607 sacri-

357 684 565 743 ﬁcium.
593 675 751 733 Aries
774 681 958 726 autem
993 674 1183 738 utpote
1209 663 1464 718 ducatum
1492 653 1636 726 gregi
1668 647 1938 721 praebens,

358 776 650 845 deputatus
696 775 845 822 recte
890 764 944 818 in
989 760 1390 815 holocaustum,
1423 749 1475 804 id
1510 756 1595 801 est
1631 745 1684 796 in
1741 740 1942 792 virtute

360 877 416 924 et
442 861 782 937 perfectione
812 857 935 911 vita:
967 851 1251 921 accipitur,
1276 857 1509 915 quorum
1539 845 1621 892 est
1650 833 1794 889 enim
1838 827 1942 883 nisi

360 923 780 1033 praepositorum
821 950 1020 1005 docere
1064 937 1339 1014 perfecta?
1379 936 1474 991 llis
1504 933 1576 988 ita
1607 946 1663 985 se
1692 923 1944 982 habenti-

360 1056 483 1113 bus,
511 1044 828 1104 omnimodo
868 1039 1020 1095 dicis.
1052 1036 1164 1090 Cur
1194 1032 1237 1087 si
1269 1031 1452 1086 hircos
1484 1041 1580 1096 pro
1608 1028 1833 1091 peccato
1860 1016 1945 1068 lex

364 1141 619 1216 praecepit
645 1134 855 1194 oli'erri.
882 1146 1031 1186 nunc
1062 1129 1225 1183 etiam
1256 1123 1484 1179 vitulum
1512 1114 1697 1172 offerri
1741 1123 1948 1182 pra-ee-

362 1237 472 1308 pit?
506 1235 626 1291 Una
655 1238 839 1286 autem
880 1222 1114 1281 ratione,
1136 1216 1395 1285 brevique
1417 1209 1551 1266 solvi
1579 1217 1740 1276 atque
1764 1199 1951 1271 expla-

364 1329 482 1383 nari
514 1330 716 1396 potest,
742 1318 870 1389 quia
896 1330 1006 1370 non
1048 1311 1210 1366 unius
1241 1304 1475 1379 generis,
1498 1301 1591 1356 sed
1606 1308 1730 1353 “tam
1757 1307 1951 1365 pecca-

364 1432 567 1481 torum,
618 1429 780 1483 quam
829 1410 1102 1479 justorum
1148 1411 1232 1459 est
1274 1394 1549 1469 Unigeniti
1600 1387 1948 1446 sacrificium.

320 1494 326 1501 O
363 1512 432 1568 Et
467 1518 757 1580 propterea
791 1505 952 1567 hirci,
977 1519 1076 1574 pro
1104 1514 1302 1572 genere
1330 1488 1732 1566 quodammodo
1758 1497 1954 1555 pecca-

366 1611 545 1657 torum
574 1599 758 1654 offerri
786 1594 1200 1667 praecipiuntur,
1226 1590 1381 1643 vivus
1419 1593 1602 1639 autem
1641 1594 1738 1647 pro
1767 1576 1952 1644 justis,

365 1692 491 1764 quia
529 1691 792 1755 bos,cum
842 1689 915 1741 sit
947 1685 1011 1739 ad
1052 1680 1389 1753 operandum
1419 1685 1605 1745 aptum
1642 1666 1863 1730 animal,
1901 1664 1954 1718 in

373 1800 609 1858 persona
641 1782 773 1852 justi
811 1779 1111 1835 secundum
1142 1775 1314 1844 legem
1345 1768 1631 1837 accipitur.

1521 357 1603 417 IN
1639 345 2078 415 LEVlTlCUM.
2114 369 2176 380 -
2209 341 2358 402 ΠΒ.
2389 339 2456 398 ν.

1968 458 2015 516 Α
2047 469 2142 522 per
2172 450 2612 523 ipsttttiMoysen,
2646 453 2700 499 et
2740 443 2979 505 fratrem,
3025 449 3079 496 ct
3145 432 3315 491 (sintut
3341 437 3396 483 et
3428 428 3619 495 filiam,

3586 160 3615 186 κ

3518 314 3629 381 990

2042 555 2097 601 et
2125 545 2402 599 civitatem
2434 542 2726 610 integram,
2744 553 2862 607 quae
2888 535 2955 588 ad
2980 532 3119 587 idola
3144 523 3628 590 cunvcrtitur,dis-

2045 636 2200 709 perdi
2257 632 2537 705 praecepit,
2568 638 2623 686 et
2654 631 2852 684 clamat
2891 625 3053 680 :Non
3089 630 3239 677 erunt
3280 616 3372 672 tibi
3403 616 3478 670 dii
3509 613 3637 695 alii,

2046 708 2242 801 absque
2263 743 2344 782 me
2372 728 2437 781 '9.
2478 724 2579 779 Per
2607 722 2773 777 David
2800 728 2980 774 autem
3015 715 3146 771 dicit
3174 730 3186 765 :
3214 712 3332 766 Non
3369 708 3469 762 erit
3499 708 3556 760 in
3581 714 3629 758 te

2047 825 2186 879 Deus
2212 836 2407 880 recens.
2445 835 2609 889 neque
2666 815 2914 870 adorabis
2958 812 3124 866 Deum
3162 808 3398 861 alienum
3433 801 3500 855 ³⁷.
3532 799 3633 853 llic

2048 932 2177 988 ergo
2204 915 2294 985 qui
2318 915 2433 967 haec
2467 909 2749 981 praecepit,
2772 922 2873 978 pro
2909 920 2975 959 eo
3030 901 3173 973 quod
3206 912 3358 953 suam
3383 895 3631 966 gloriam,

2049 1025 2112 1064 ac
2137 1005 2517 1069 sacerdotium,
2537 1012 2591 1057 et
2616 1002 2822 1056 cultum
2849 994 3133 1067 :equaturi,
3168 997 3222 1046 et
3244 1004 3365 1045 cum
3397 1002 3464 1043 eo
3493 983 3632 1040 divi-

2053 1101 2363 1163 suricrant,
2442 1097 2546 1150 hoc
2588 1094 2763 1164 iubet,
2824 1099 2884 1145 ut
2937 1088 3152 1143 duobus
3206 1082 3374 1138 hircis
3435 1077 3632 1133 oblatis

2053 1210 2222 1250 unum
2261 1189 2582 1263 praeciperet
2611 1186 2711 1240 sibi
2752 1182 3034 1254 applicari,
3074 1179 3238 1234 alium
3303 1184 3485 1229 autem
3535 1172 3634 1226 ad-

2054 1285 2295 1341 versario
2325 1298 2444 1348 suo,
2470 1294 2632 1351 quem
2659 1274 3003 1332 emissarium
3037 1268 3373 1342 putaatdici.
3396 1264 3499 1318 Sed
3526 1279 3634 1316 non

2056 1382 2449 1450 cognoverunt,
2491 1389 2669 1442 neque
2694 1368 3105 1429 intellexerunt,
3163 1362 3216 1414 in
3254 1355 3495 1413 tenebris
3524 1370 3637 1408 am-

2059 1469 2264 1525 bulant.
2295 1464 2647 1520 Emissarium
2681 1460 2849 1528 enim,
2899 1470 3024 1511 cum
3076 1451 3314 1515 hircum,
3346 1448 3438 1517 qui
3468 1445 3638 1499 mitti-

2060 1570 2150 1615 tur
2180 1560 2233 1612 in
2258 1559 2557 1621 desertum,
2615 1551 2893 1622 lcgislatcr
2950 1543 3259 1615 appellavit.
3313 1540 3425 1591 Nos
3459 1546 3639 1589 autem

2061 1666 2125 1704 ex
2154 1649 2238 1703 his
2270 1663 2389 1718 qua:
2427 1645 2492 1699 ad
2518 1645 2711 1697 littera:
2747 1637 2931 1711 legalis
2957 1635 3302 1689 traditionem
3337 1626 3637 1697 pertinent,

2063 1739 2521 1813 quemadmodum
2563 1751 2672 1790 non
2707 1727 3166 1788 essetvcrisimile
3201 1726 3303 1779 hoc
3343 1719 3640 1791 pra'cipcre

449 1816 609 1840 ιδυιηι
641 1816 773 1852 Juau
811 1816 1111 1835 ﬂcvuuuulu
1144 1816 1241 1844 ιιδ-
1265 1816 1314 1826 ..ι
1346 1816 1627 1837 -V--l._-._,,

444 1876 587 1934 Unde
625 1875 747 1928 etin
772 1872 956 1934 vitulo,
1007 1868 1106 1932 ait,
1152 1865 1323 1920 orabit
1377 1877 1470 1929 pro
1495 1874 1567 1917 se,
1598 1865 1645 1909 et
1674 1870 1767 1921 pro
1796 1852 1950 1905 domo
1981 1831 2022 1886 Β
2061 1839 2422 1911 lcgislatorcm
2484 1831 2946 1890 demonstremus,
3018 1822 3217 1879 deinde
3278 1816 3639 1872 intentionem

371 1987 491 2025 sua.
522 1968 752 2022 Domum
786 1963 1076 2031 Deijustos
1099 1956 1401 2030 appellans,
1442 1951 1655 2007 habitat
1709 1947 1854 2001 enim
1897 1945 1951 1997 in

369 2063 470 2123 eis,
499 2070 556 2114 et
586 2054 908 2114 inambulat,
943 2054 1061 2122 Ipse
1091 2059 1177 2105 est.
1218 2060 1409 2103 eorum
1442 2043 1604 2107 Deus,
1644 2048 1697 2094 et
1727 2037 1801 2092 illi
1836 2036 1955 2105 eius

371 2149 624 2223 pepulus.
654 2143 1048 2216 Deprecabitur
1076 2149 1133 2195 et
1165 2154 1265 2209 pro
1322 2150 1409 2199 eo,
1437 2133 1491 2187 id
1522 2138 1606 2186 est
1644 2143 1743 2199 pro
1793 2126 1956 2181 domo

372 2241 606 2314 propriae
637 2239 842 2300 carnis,
879 2249 1005 2291 nam
1038 2232 1139 2287 etsi
1171 2237 1444 2301 peccatum
1504 2239 1607 2276 non
1664 2220 1810 2290 fecit,
1855 2231 1959 2271 nec

374 2334 522 2389 dolus
550 2333 788 2386 iuventus
814 2339 885 2382 est
915 2327 969 2380 in
998 2341 1087 2380 ore
1116 2323 1230 2392 ejus
1258 2321 1326 2385 ⁵³,
1374 2322 1753 2372 verumtamen
1787 2303 1971 2364 Adam’

375 2424 596 2480 indutus
630 2431 733 2489 est,
753 2421 848 2493 qui
885 2417 1590 2491 pr0pitiationem,propter
1611 2405 1958 2461 maledictmn

377 2516 521 2586 quod
576 2515 748 2570 semel
803 2514 1045 2569 humano
1101 2506 1554 2577 superinductum
1607 2508 1693 2554 est
1750 2496 1958 2569 generi,

379 2624 516 2678 opus
537 2607 782 2661 haberet.
821 2603 963 2659 Audi
993 2617 1123 2672 ergo
1154 2598 1384 2653 Paulum
1440 2594 1507 2649 ad
1576 2590 1835 2646 Hebraeos
1893 2589 1962 2644 de

378 2700 598 2755 Christo
625 2698 748 2753 talia
782 2695 1155 2751 scribentem:
1205 2688 1307 2755 Qui
1357 2703 1461 2742 non
1514 2684 1665 2739 habet
1733 2682 1965 2753 quotidie

381 2792 758 2851 necessitatem,
800 2768 1239 2858 quemadmodum
1266 2781 1581 2840 sacerdotes,
1617 2776 1847 2845 primum
1871 2788 1965 2842 pro

381 2882 492 2942 suis
520 2880 722 2935 delictis
738 2878 938 2931 hostias
961 2876 1164 2945 oﬂerre,
1204 2872 1390 2926 deinde
1433 2884 1528 2940 pro
1559 2866 1768 2938 papulis
1802 2880 1820 2917 :
1873 2864 1968 2916 hoc

380 2971 519 3025 enim
550 2965 668 3039 fecit
700 2965 862 3020 semel
883 2981 935 3018 se
960 2963 1218 3035 offerendo
1246 2961 1312 3015 “.

457 3060 619 3116 Vsus.
648 3059 794 3114 6-10.
833 3077 850 3108 ι
889 3056 1137 3125 Cumque
1181 3051 1444 3108 obtulerit
1476 3050 1731 3114 vitulum,
1755 3056 1807 3102 et
1841 3061 1965 3102 ora-

381 3154 522 3210 verit
554 3167 652 3221 pro
687 3167 765 3215 se,
795 3159 850 3204 et
878 3164 980 3219 pro
1009 3148 1173 3203 domo
1197 3161 1317 3207 sua,
1344 3144 1483 3199 duos
1504 3143 1689 3198 hircos
1712 3152 1861 3197 stare
1895 3139 1967 3193 fa-
1995 3170 2039 3228 C

382 3245 490 3321 ciet
518 3258 702 3297 coram
730 3240 981 3303 Domino,
1007 3238 1062 3292 in
1100 3235 1243 3292 ostio
1274 3233 1610 3289 tabernaculi
1644 3230 1963 3297 testimonii,

384 3336 671 3405 mittetque
693 3349 860 3405 super
889 3339 1181 3399 utrumque
1204 3337 1404 3393 sortes,
1438 3341 1605 3380 unam
1631 3324 1883 3389 Domino,
1910 3332 1964 3378 et

383 3431 542 3486 aliam
567 3444 733 3498 capro
759 3425 1042 3482 emissario
1070 3441 1082 3476 :
1116 3423 1274 3493 cujus
1305 3435 1426 3476 sors
1483 3420 1702 3484 exierit,
1736 3416 1967 3472 Domino

382 3524 581 3581 offeret
609 3522 756 3575 illum
791 3534 891 3590 pro
917 3524 1165 3589 peccato;
1195 3514 1353 3585 cujus
1404 3527 1587 3569 autem
1639 3512 1696 3567 in
1741 3526 1966 3581 caprum

384 3613 751 3678 emissarium,
775 3619 978 3667 statuet
1006 3624 1133 3664 eum
1167 3610 1349 3663 vivum
1396 3622 1577 3660 coram
1616 3603 1866 3669 Domino,
1910 3611 1970 3657 ut

386 3707 579 3762 fundat
598 3720 798 3775 preces
825 3720 989 3773 super
1009 3717 1134 3757 eum
1157 3710 1212 3755 et
1245 3700 1428 3754 mittat
1448 3699 1601 3752 illum
1636 3696 1692 3751 in
1724 3695 1973 3751 solitudi-

385 3814 534 3856 nem.
566 3797 663 3880 His
692 3797 797 3851 rite
814 3794 1127 3858 celebratis,
1162 3791 1358 3846 oﬂ‘eret
1404 3789 1655 3853 vitulum,
1685 3796 1741 3849 et
1772 3802 1971 3859 rogans

386 3906 486 3962 pro
518 3902 578 3945 se
607 3896 662 3945 et
688 3905 787 3960 pro
807 3889 970 3947 domo
999 3901 1117 3941 sua.
1152 3902 1171 3937 ι

458 3979 650 4034 Solent
676 3979 803 4033 caeci
830 3978 886 4031 in
918 3976 1127 4030 lumine
1158 3973 1389 4036 otl'endi,
1419 3970 1743 4028 etinlideles
1763 3969 1971 4038 hLlege

389 4073 482 4130 Dei
519 4071 899 4136 scandalizari,
929 4068 1077 4140 quod
1120 4066 1317 4122 Petrus
1352 4066 1556 4128 sciens,
1594 4072 1701 4118 tam
1724 4062 1792 4116 de
1822 4060 1970 4114 Pauli

386 4167 535 4222 vasis
556 4163 836 4219 electionis
864 4159 1129 4231 epistolis,
1152 4173 1316 4228 quam
1343 4156 1411 4211 de
1434 4154 1582 4210 omni
1607 4153 1792 4208 divina
1820 4148 1971 4204 Scri-

388 4273 550 4334 ptura
579 4258 716 4314 dixit
746 4273 758 4309 :
788 4256 854 4311 In
884 4254 1072 4318 quibus
1100 4262 1220 4306 sunt
1270 4249 1517 4321 quantum
1552 4245 1787 4318 diﬂicilia
1820 4243 1976 4299 intel-

388 4355 525 4408 lectu
554 4367 671 4423 qum
716 4347 915 4402 indocti
962 4354 1011 4398 et
1050 4341 1323 4398 instabiles
1375 4346 1689 4409 depravavit,
1746 4339 1881 4391 sicut
1925 4345 1977 4390 et

388 4454 609 4501 cetera:
644 4440 973 4507 Scripturas,
1010 4435 1081 4488 ad
1100 4449 1255 4488 suam
1278 4432 1513 4500 ipsorum
1539 4428 1889 4499 perditionem
1902 4428 1970 4480 ⁵⁵.

2056 1930 2361 1988 sanctionis
2399 1944 2465 1982 ex
2496 1925 2723 1996 Spiritus
2774 1919 3217 1977 consideratione
3263 1921 3638 1965 exerceamus.

2059 2026 2201 2078 Duos
2232 2037 2361 2089 ergo
2395 2020 2573 2073 hircos
2601 2025 2842 2070 statuere
2858 2026 3040 2066 coram
3062 2006 3292 2061 Domino
3314 2003 3366 2056 in
3388 2002 3529 2055 ostio
3558 2007 3641 2052 ta-

2059 2115 2339 2173 bernaculi
2372 2110 2664 2167 testimonii
2694 2105 2971 2177 prazcepit,
3011 2118 3120 2156 non
3152 2109 3333 2153 autem
3363 2110 3457 2149 eos
3500 2092 3644 2146 abla-

2062 2222 2213 2264 turos
2249 2222 2370 2262 esse
2401 2205 2534 2269 Deo,
2568 2204 2670 2256 hoc
2695 2208 2778 2253 est
2803 2197 2947 2252 enim
2982 2209 3162 2248 coram
3206 2188 3453 2251 Domino,
3486 2198 3555 2236 ne
3576 2183 3642 2235 ad

2061 2302 2259 2355 ostium
2288 2295 2462 2351 Deiea
2486 2310 2606 2363 qum.
2627 2289 2843 2346 diabolo
2886 2284 3263 2346 mittebantur,
3283 2278 3377 2333 sed
3409 2288 3465 2330 et
3523 2289 3643 2327 sor-

2064 2401 2171 2446 tem
2200 2389 2440 2450 mittere,
2477 2398 2638 2438 unam
2687 2378 2935 2440 Domino,
2961 2382 3016 2428 et
3073 2387 3232 2427 uuam
3304 2363 3647 2421 lustrationis

2064 2482 2341 2556 praecepit.
2373 2479 2429 2533 Si
2472 2484 2652 2530 autem
2695 2473 2749 2527 in
2799 2468 3031 2537 alicujus
3078 2461 3297 2533 maligni
3357 2470 3646 2531 personam

2066 2576 2408 2635 emissarium
2449 2570 2769 2640 accepisset,
2822 2575 3165 2632 nequaquam
3191 2557 3258 2611 de
3282 2568 3515 2619 eo,cu|n
3582 2564 3649 2604 eo

2065 2672 2153 2742 qui
2191 2669 2283 2723 Dei
2304 2676 2441 2731 erat,
2475 2680 2594 2718 sors
2623 2661 2950 2720 mitteretur,
2979 2653 3104 2724 quia
3125 2668 3227 2706 nec
3256 2665 3377 2703 cum
3409 2644 3650 2716 quolibet

2068 2766 2209 2821 malo
2238 2756 2536 2832 quemlibet
2564 2757 2767 2812 bonum
2825 2760 3028 2806 sortem
3086 2745 3286 2801 habere
3339 2742 3393 2794 in
3453 2737 3651 2792 divinis

2070 2856 2369 2928 Scripturis
2409 2850 2679 2906 invenies.
2717 2845 2822 2900 Sed
2862 2842 3077 2913 quoties
3131 2854 3250 2894 sors
3313 2834 3649 2891 mittebatur,

2067 2927 2303 3020 tequales
2330 2961 2455 3001 cum
2485 2940 2786 3012 aequalibus
2827 2936 3118 2991 mittebant
3168 2938 3365 2992 sortes,
3410 2927 3551 2979 sicut
3600 2931 3655 2976 ct

2072 3016 2245 3099 tri-bus
2278 3039 2463 3102 Israel,
2490 3035 2840 3095 dividebant;
2866 3043 2994 3084 nam
3020 3025 3240 3096 quando
3264 3038 3362 3092 pro
3398 3019 3535 3075 Juda
3587 3016 3655 3071 ad

2071 3134 2433 3208 apostolatum
2466 3130 2631 3184 alium
2660 3127 2860 3196 eligere
2897 3134 3121 3176 necesse
3158 3116 3452 3175 habebant,
3491 3124 3656 3178 super

2073 3202 2212 3284 duos
2240 3226 2388 3282 viros
2404 3222 2639 3293 aequales
2664 3216 2981 3280 virtutibus,
3013 3208 3351 3271 etdoctrina,
3377 3202 3654 3258 Matthiam

2076 3319 2349 3377 videlicet.
2386 3324 2441 3371 et
2467 3312 2667 3380 Joseph
2690 3310 2920 3379 justum,
2966 3310 3142 3357 sortes
3175 3301 3355 3352 missae
3383 3302 3532 3359 sunt,
3583 3293 3655 3344 ita

2076 3423 2137 3468 ut
2198 3413 2393 3466 Petrus
2444 3401 2820 3461 concionando
2877 3397 3133 3451 diceret:
3179 3391 3274 3455 Tu,
3299 3387 3541 3450 Domine,
3568 3383 3661 3454 qui

2076 3504 2233 3558 corda
2258 3499 2394 3554 nosti
2440 3496 2696 3557 omnium,
2756 3489 2966 3545 ostende
3012 3500 3164 3556 quem
3205 3480 3418 3553 elegeris
3460 3492 3524 3530 ex
3579 3474 3665 3527 his

2076 3593 2298 3658 duobus,
2329 3591 2565 3659 accipere
2595 3585 2765 3639 locum
2795 3577 3075 3635 ministerii
3104 3574 3286 3643 hujus,
3315 3580 3363 3624 et
3387 3565 3659 3638 apostola-

2080 3698 2161 3742 tus
2183 3686 2248 3738 ⁸³.
2281 3684 2399 3739 Non
2432 3681 2606 3735 solum
2628 3686 2810 3732 autem
2849 3681 3141 3740 antequam
3201 3679 3323 3718 sors
3351 3662 3672 3716 mitteretur

2079 3778 2132 3831 in
2159 3779 2295 3830 duos
2327 3773 2528 3838 hircos,
2551 3783 2732 3824 coram
2758 3764 3102 3818 Dominoeos
3123 3757 3239 3812 sisti
3265 3751 3543 3824 praecepit,
3565 3748 3662 3803 sed

2079 3880 2133 3924 et
2169 3868 2319 3921 illum
2349 3865 2406 3920 in
2437 3877 2547 3932 quo
2598 3873 2718 3914 sors
2775 3852 3087 3911 emissionis
3143 3847 3312 3911 venit,
3374 3850 3662 3913 postquam

2080 3959 2271 4016 eadem
2315 3971 2435 4013 sors
2482 3967 2646 4022 super
2675 3963 2803 4004 eum
2857 3942 3140 4004 ceciderit,
3203 3946 3257 3992 et
3309 3933 3663 3989 manifestum

2080 4051 2247 4108 fuerit
2277 4047 2441 4104 statui
2473 4059 2658 4101 coram
2690 4039 2921 4095 Domino
2961 4033 3218 4105 praecepit
3248 4039 3303 4085 et
3333 4025 3543 4082 clIundi
3566 4039 3661 4083 su-

2080 4161 2180 4217 per
2208 4159 2276 4199 eo
2308 4155 2521 4213 preces.
2552 4133 2839 4204 Quomodo
2878 4145 3009 4200 ergo
3049 4125 3294 4196 quiante
3326 4120 3525 4174 faciem
3560 4114 3662 4173 Del

2082 4210 2325 4297 statutus
2341 4243 2445 4301 est,
2468 4233 2629 4301 eique
2661 4226 2899 4299 quodam
2951 4221 3112 4277 modo
3142 4222 3515 4274 consecratus,
3547 4210 3666 4278 ipse

2083 4347 2276 4389 rursus
2308 4327 2529 4385 diabolo
2563 4320 2832 4380 mittitur?
2864 4317 2964 4372 Vel
3006 4330 3114 4386 quo
3179 4311 3343 4366 modo
3398 4302 3668 4377 propitia-

2086 4427 2288 4483 tionem
2325 4428 2695 4494 peccatorum,
2731 4416 2835 4469 hoc
2867 4410 3013 4482 quod
3041 4407 3230 4476 iniquo
3249 4396 3666 4459 transmittitur,

393 4534 506 4589 Iloc
546 4541 604 4587 et
625 4544 772 4585 nunc
800 4526 1105 4598 patiuntur,
1127 4523 1219 4592 qui
1241 4523 1309 4576 ad
1336 4535 1492 4576 suam
1530 4520 1890 4583 voluntatem,
1915 4527 1974 4572 et
2010 4529 2053 4584 υ
2085 4487 2412 4573 sacrificium
2445 4508 2687 4582 peragit?
2726 4504 2781 4559 Si
2810 4504 2955 4558 enim
2983 4500 3103 4571 ejus
3133 4493 3366 4550 intentio
3389 4498 3475 4544 est
3497 4487 3673 4541 etiam

392 4641 503 4680 non
532 4624 600 4678 ad
640 4636 823 4677 veram
859 4616 1221 4673 intentionem
1282 4613 1595 4683 intelligunt
1646 4613 1822 4682 legem
1856 4612 1972 4676 Dei,

393 4726 450 4771 et
475 4715 694 4773 noxium
726 4711 921 4769 anima:
962 4724 1028 4765 ac
1063 4706 1411 4779 pestilentem
1439 4703 1709 4759 idolorum
1760 4703 1974 4759 cultum

393 4807 728 4867 constituere
778 4820 846 4860 ex
896 4801 1005 4867 his,
1051 4815 1172 4871 quae
1203 4800 1346 4855 dicta
1405 4808 1537 4853 sunt
1575 4813 1606 4852 a
1644 4795 1973 4866 legislature,

393 4895 631 4955 inaniter
662 4893 924 4964 Cogitant.
952 4889 1088 4946 Nam
1147 4889 1340 4944 dicunt
1367 4904 1380 4939 :
1414 4888 1591 4957 Super
1613 4886 1751 4941 duos
1793 4887 1978 4941 hircos

396 4992 483 5046 lex
512 5001 714 5045 sortem
741 4988 883 5043 mitti
914 4986 1192 5058 prmeepit,
1250 4999 1418 5039 tilium
1461 4983 1712 5050 Domino,
1745 4983 1976 5038 alterum

396 5090 581 5141 autem
598 5083 665 5138 ad
681 5081 1030 5137 emissionem
1060 5079 1301 5149 separari
1329 5079 1604 5149 praecepit.
1629 5076 1979 5131 Emissarium

399 5185 582 5232 autem
611 5172 1200 5244 appellantdiabolum,
1251 5180 1312 5224 ut
1350 5186 1414 5225 ex
1482 5171 1586 5224 hoc
1636 5168 1980 5224 occasionem

400 5267 678 5342 praebeant
702 5266 767 5319 ad
797 5263 1086 5319 colendum
1140 5262 1435 5333 malignum
1469 5261 1523 5314 in
1556 5268 1767 5315 tantum
1820 5274 1981 5314 aures

398 5360 739 5423 obturantes,
781 5356 924 5412 etin
979 5362 1189 5409 tantum
1255 5364 1438 5408 mente
1488 5352 1637 5408 oeci.
1696 5352 1981 5418 Quomodo

400 5466 530 5523 ergo
564 5451 760 5504 habeat
824 5448 1113 5511 rationem,
1169 5447 1313 5500 haud
1368 5445 1630 5500 credibile
1676 5454 1782 5511 est,
1837 5446 1980 5515 quod

405 5544 548 5597 Deus
578 5542 691 5612 ipse
712 5539 1041 5596 sacrificium
1069 5538 1286 5594 diabolo
1317 5536 1501 5591 oﬂcrri
1531 5536 1833 5608 principiat,
1888 5536 1979 5606 qui

471 5748 554 5800 ³³1
589 5748 733 5803 Pctr.
778 5764 838 5810 ιι,
878 5746 968 5799 99..

408 5834 468 5879 ιι.
500 5820 590 5873 24.

1081 5744 1128 5778 ⁸⁵
1157 5744 1321 5802 Hebr.
1362 5762 1452 5806 vlt,
1478 5746 1568 5798 ‘27.

702 5819 747 5850 ⁵⁵
778 5816 919 5875 Psal.
956 5831 1106 5883 cvm,
1149 5816 1203 5869 5.
1314 5816 1358 5848 '°
1401 5816 1541 5872 l’sal.
1577 5831 1721 5881 XXIV,
1758 5816 1843 5874 ιι.

1682 5743 1726 5774 ⁵⁵
1763 5743 1799 5797 ll
1828 5744 1973 5799 Petr.
2006 5759 2082 5807 tu,
2118 5741 2197 5794 ιθ.

2079 4610 2257 4681 justos
2288 4578 2605 4678 peccatores
2653 4586 2894 4660 eﬂiccre,
2957 4587 3232 4662 quomodo
3286 4578 3671 4653 peccatoribus

2085 4674 2529 4774 propitiationem
2555 4697 2772 4764 poterat
2800 4680 3134 4758 proﬂigare?
3168 4674 3453 4744 Quomodo
3481 4679 3670 4724 autent

2084 4768 2131 4850 is
2165 4768 2280 4864 ipse
2306 4798 2577 4863 peccator,
2607 4786 2676 4840 de
2706 4796 2815 4853 quo
2843 4780 2917 4834 ait
2945 4773 3115 4831 David
3146 4791 3160 4825 :
3189 4768 3672 4833 Comtituemecca-

2087 4897 2252 4943 torem
2271 4857 2519 4938 adversus
2543 4895 2683 4943 eum,
2706 4885 2755 4931 et
2781 4872 3024 4928 diabolus
3052 4878 3152 4924 stet
3176 4884 3208 4921 a
3244 4864 3444 4943 dextris
3468 4860 3581 4941 ejus
3600 4857 3666 4917 ⁸³,

2089 4976 2536 5049 propitiationem
2567 4976 2749 5042 potest
2778 4964 3107 5034 conquirere
3154 4937 3553 5030 peccatorum?
3584 4962 3671 5001 so-

2091 5037 2429 5137 lius.quippe
2454 5037 2674 5118 hoc—Dei
2699 5066 2802 5121 est,
2835 5056 2904 5111 ad
2933 5068 3099 5137 quem
3135 5048 3302 5104 David
3330 5043 3570 5103 dicebat,
3605 5037 3673 5092 Et

2091 5150 2614 5232 propitiare‘peccato
2647 5168 2781 5216 meo,
2848 5126 3115 5217 copiosum
3169 5151 3243 5195 est
3295 5138 3433 5192 enim
3455 5133 3522 5185 “°.
3578 5129 3673 5183 llis

2091 5268 2220 5323 ergo
2260 5251 2330 5305 ita
2349 5264 2409 5303 se
2440 5244 2787 5307 habentibus,
2844 5248 2900 5294 et
2930 5237 3174 5303 undique
3205 5232 3509 5297 incongruo
3572 5222 3674 5275 hoc

2090 5354 2314 5403 ostenso
2334 5341 2610 5397 intellectu
2635 5352 2745 5391 non
2776 5335 3090 5405 ignoremus
3116 5339 3235 5384 nos,
3265 5319 3392 5389 quia
3424 5316 3491 5371 de
3514 5312 3675 5368 Chri-

2091 5441 2157 5496 sti
2191 5436 2458 5492 saeriiicio
2518 5430 2704 5506 procul
2737 5426 2903 5483 dubio
2936 5419 3169 5475 maxime
3230 5415 3347 5467 inec
3398 5406 3677 5479 legislalor

2032 5518 2044 5529 ’
2091 5530 2301 5589 diverit.
2377 5526 2529 5581 Unde
2572 5522 2782 5577 :estimo
2837 5515 2962 5570 mali
3012 5508 3324 5565 intellectus
3408 5497 3672 5554 zizaniam

2311 5738 2355 5769 “
2387 5733 2559 5792 Evol.
2597 5728 2765 5796 xx,5.
2844 5718 3039 5776 "l‘sal
3091 5731 3246 5781 ωαχ,
3290 5710 3375 5766 l0.
3459 5708 3504 5740 "
3545 5708 3665 5767 Act.
