3988 6222
333 273 433 344 991

1530 278 1858 341 HESYCIII
1867 279 1894 338 Ι
1927 278 2398 339 PRESBYTERI

3488 279 3601 342 992

336 398 697 456 disseminare
718 398 924 454 inimici
950 398 1195 454 veritatis
1221 398 1431 463 volunt,
1464 398 1646 469 gloria:
1664 396 1907 468 mysterii
1942 398 1986 452 A
2083 393 2314 464 Caprum
2330 410 2451 450 vero
2478 411 2636 466 super
2662 413 2814 468 quem
2863 398 3058 451 venerit
3122 395 3416 450 emissianis
3454 413 3594 462 sors,

336 491 664 556 invidentes,
693 492 1012 561 clarumque
1064 492 1183 561 ejus
1246 491 1621 546 testimonium
1670 506 1736 545 ex
1792 490 1913 561 lege

335 585 745 637 considerantes
777 583 939 651 :quia
971 583 1116 636 enim
1168 582 1333 646 Deus,
1367 591 1422 637 et
1456 583 1620 635 homo
1648 590 1785 643 erat,
1817 581 1911 650 qui

335 690 434 743 pro
451 674 945 729 nobisincarnatus
968 685 1051 728 est
1075 675 1325 730 Christus
1368 674 1549 735 Jesus.
1604 672 1915 743 impassibi-

336 764 1147 826 lemdivinitatemcustodiens,
1201 768 1370 820 solam
1400 767 1755 837 passionibus
1812 766 1914 821 hu-

330 856 655 910 manitatem
686 859 934 926 praebuit.
969 857 1197 912 effectus
1260 868 1441 912 autem
1470 858 1740 928 passionis
1771 858 1912 925 ejus,

337 945 390 1000 id
418 956 501 1000 est
529 955 710 1001 nostra
741 948 1076 1015 prepitiatio.
1105 963 1211 1001 non
1242 948 1416 999 solum
1483 964 1656 1015 passm
1705 949 1913 1012 carnis,

337 1037 433 1091 sed
470 1038 641 1090 multo
670 1038 843 1108 magis
878 1038 1228 1106 impaSsibilis
1250 1038 1551 1093 divinitatis
1584 1039 1705 1100 fuit.
1770 1040 1917 1108 quod

339 1136 573 1185 testatur
600 1129 822 1187 Paulus.
857 1129 1090 1183 dicens:
1140 1130 1240 1194 Qui
1290 1147 1408 1183 cum
1470 1140 1601 1184 esset
1674 1130 1921 1199 splendor

339 1220 541 1293 gloriae,
571 1231 619 1274 et
642 1223 815 1291 ﬁgura
848 1224 1154 1276 substantia:
1197 1223 1332 1292 ejus.
1393 1233 1708 1293 portumque
1742 1226 1921 1278 omnia

341 1311 492 1365 rerbo
523 1313 731 1365 virtutis
756 1329 865 1365 sua?
898 1313 964 1365 ".
1004 1313 1392 1367 Demonstrans
1424 1323 1605 1369 autem
1637 1318 1779 1384 quod
1809 1317 1923 1370 hsce

342 1401 525 1455 omnia
554 1403 620 1453 de
652 1400 927 1471 Unigeniti
990 1402 1274 1455 divinitate
1320 1402 1590 1466 dicantur,
1625 1403 1870 1457 subdidit
1905 1418 1919 1454 :

344 1490 721 1558 Purgationem
753 1501 1082 1560 peccatorum
1137 1491 1352 1561 faciens.
1377 1492 1516 1545 sedet
1545 1492 1615 1545 ad
1655 1493 1925 1545 dexteram

348 1583 647 1652 majestatis
676 1584 730 1636 in
756 1584 974 1637 ea’celsis
1018 1586 1086 1648 θ’,
1121 1583 1220 1652 ipsi
1262 1585 1393 1650 Deo,
1444 1586 1610 1639 verbo
1652 1585 1812 1638 etiam
1862 1600 1925 1638 ea

346 1692 469 1745 qua:
500 1676 714 1744 preprie
744 1677 862 1741 eius
884 1686 1040 1730 erant
1072 1679 1274 1739 carnis,
1310 1680 1672 1749 conjungens.
1702 1680 1760 1734 Si
1794 1696 1924 1747 ergo

349 1767 465 1827 haec
496 1778 621 1833 apte
659 1766 800 1819 dicta
827 1776 974 1830 sunt,
1000 1777 1287 1836 propterea
1328 1770 1437 1823 duo
1460 1771 1923 1834 sumunturhirci,

347 1864 407 1910 et
441 1865 757 1909 statuuntur
785 1873 969 1911 coram
1008 1859 1258 1922 Domino,
1294 1860 1345 1912 in
1401 1861 1544 1914 ostio
1588 1861 1927 1914 tabernaculi

349 1947 669 2009 testimonii,
707 1957 768 2001 ut
792 1948 856 2000 ad
886 1948 1174 2018 imaginem
1228 1949 1432 2003 Christi
1470 1950 1587 2003 lucc
1620 1950 1672 2002 in
1701 1950 1777 2002 eis
1801 1966 1929 2019 age-

350 2049 557 2092 rentur.
597 2038 715 2105 lpse
746 2047 827 2091 est
856 2040 999 2091 enim
1031 2041 1232 2094 ostium
1252 2057 1460 2104 verum,
1481 2042 1625 2109 quod
1647 2043 1711 2094 ad
1733 2043 1931 2095 ostium

314 2130 686 2185 ~tabernaculi
721 2130 1039 2191 testimonii,
1073 2133 1218 2201 quod
1259 2143 1342 2186 est
1371 2134 1422 2185 in
1451 2134 1624 2195 caelis,
1662 2134 1829 2188 ducit.
1869 2133 1934 2187 Et

353 2224 515 2278 mittit
535 2226 711 2278 Aaron
746 2242 912 2293 super
942 2235 1233 2294 utrumque
1266 2228 1478 2280 hircum
1504 2237 1730 2291 sortem,
1761 2245 1930 2281 unum

351 2316 589 2384 quidem.
626 2326 686 2370 ut
715 2319 914 2371 virtute
952 2328 1006 2370 ct
1054 2317 1449 2386 signiﬁcatione
1498 2319 1727 2372 sortium
1767 2319 1933 2372 didei

353 2406 820 2476 dispensationem
876 2407 1179 2461 divinitatis
1235 2408 1436 2462 Christi
1474 2417 1531 2461 et
1584 2409 1936 2462 humanitatis

353 2498 742 2567 intelligamus.
778 2498 950 2553 Divili
987 2515 1133 2565 vero,
1168 2510 1275 2553 tam
1328 2501 1454 2554 huic
1485 2516 1647 2569 quam
1686 2502 1762 2554 illi
1808 2508 1939 2554 sunt

356 2591 595 2660 propria,
638 2602 697 2644 ut
729 2591 844 2644 haec
861 2592 1078 2660 quidem
1111 2594 1469 2661 patiatur,illa
1502 2604 1684 2647 autem
1719 2594 1939 2645 ctmlor-

358 2689 439 2735 tet
472 2681 789 2749 patientem.
818 2693 873 2735 et
903 2698 999 2751 per
1017 2684 1296 2752 passiones
1329 2700 1449 2753 quae
1493 2684 1547 2737 in
1621 2700 1683 2737 ea
1745 2700 1940 2754 opera-

357 2769 591 2836 bantur;
615 2780 720 2825 tam
754 2772 1043 2826 contraria:
1071 2773 1227 2828 nobis
1285 2774 1702 2829 moderarentur
1734 2777 1943 2844 passio-

360 2873 483 2922 nes,
527 2875 689 2928 quam
760 2878 912 2914 suam
976 2862 1354 2916 manifestaret
1429 2865 1939 2934 impassibilitatem.

362 2950 569 3004 Deinde
597 2962 799 3006 sortem
823 2968 1007 3017 unam,
1051 2953 1144 3015 ait,
1192 2954 1440 3015 Domino,
1475 2965 1531 3009 et
1559 2956 1722 3009 aliam
1778 2972 1944 3025 capro

2014 495 2211 541 statuet
2239 489 2410 542 vivum
2428 499 2549 543 ante
2571 489 2842 543 dominum
2868 530 2883 554 ,
2922 501 2978 543 ut
3034 491 3223 560 fundat
3239 505 3415 557 preces
3439 504 3600 558 super

2014 596 2093 633 eo.
2125 579 2260 646 Quia
2290 582 2432 635 enim
2451 591 2652 636 sortem
2685 582 2957 636 emissarii
2987 582 3223 637 diximus
3253 581 3480 652 ﬁgurate
3506 595 3601 637 re-

2018 671 2143 726 ferri
2169 673 2235 726 ad
2266 656 2469 727 Cliristi
2500 672 2864 737 divinitatem,
2925 680 3126 727 statuet
3183 674 3327 727 hanc
3388 674 3599 738 vivam,

2017 764 2409 834 impassibilcm
2452 767 2792 829 custodiens,
2846 774 2906 819 ut
2937 780 3035 834 per
3075 780 3197 818 eam
3246 765 3597 834 deprecetur.

2018 854 2189 910 Nemo
2232 856 2376 909 enim
2425 865 2605 925 potest
2651 857 2926 911 dimittere
2983 865 3226 923 peccata,
3281 854 3390 909 nisi
3451 855 3605 909 solus

2026 947 2184 1000 Deus.
2230 946 2666 1000 Dimittitautem
2695 962 2821 1001 eum
2872 947 2924 999 in
2958 945 3273 1009 solitudine,
3325 953 3401 1009 et,
3459 945 3607 998 sicut

2022 1038 2172 1092 aiunt
2204 1036 2367 1101 L\'X,
2398 1037 2625 1106 portabit
2657 1037 2832 1090 hircus
2867 1052 3023 1104 super
3053 1052 3108 1088 se
3132 1035 3346 1087 nomina
3397 1048 3605 1097 eorum,

2022 1133 2077 1184 in
2111 1140 2304 1184 terram
2328 1128 2654 1190 solitariam,
2685 1129 2800 1183 sive
2824 1128 3043 1181 inuimn.
3079 1127 3357 1181 Desertam
3380 1138 3607 1189 terrain,

2024 1231 2079 1277 et
2111 1222 2428 1285 solitariam,
2463 1222 2578 1274 sive
2611 1220 2809 1274 inviam
2876 1220 3189 1273 nullatenus
3226 1216 3609 1270 existimemus

2024 1331 2173 1369 nunc
2206 1314 2258 1367 in
2287 1315 2529 1383 quolibet
2559 1312 2701 1367 maio
2737 1320 2994 1380 Oportcre
3034 1302 3234 1379 accipi,
3298 1324 3480 1378 neque
3506 1322 3612 1376 per

2029 1408 2130 1459 hoc
2165 1407 2376 1475 piorum
2403 1420 2583 1470 aures,
2614 1404 2666 1458 hi
2693 1404 2881 1473 quioad
2927 1402 3263 1472 impietatem
3291 1403 3463 1471 legem
3494 1408 3612 1454 tra-

2026 1498 2185 1563 hunt,
2226 1498 2572 1552 conturbent.
2613 1497 2891 1550 Desertam
2939 1495 3085 1549 enim
3128 1510 3158 1547 a
3192 1493 3333 1546 man
3356 1490 3506 1555 dicit,
3556 1500 3613 1545 et

2028 1588 2350 1651 solitariam,
2383 1586 2499 1639 sive
2529 1587 2755 1649 inviam,
2791 1601 2912 1655 quae
2938 1585 3007 1639 ab
3051 1584 3484 1654 intelligihilihus
3510 1582 3617 1636 ho-

2030 1680 2205 1735 stibus
2226 1678 2490 1733 ambulari
2520 1693 2629 1730 non
2665 1685 2867 1746 petest,
2899 1677 2952 1729 in
2976 1692 3082 1745 qua
3107 1675 3250 1729 Deus
3279 1675 3506 1737 habitat,
3559 1681 3615 1725 et

2030 1780 2275 1842 apparet,
2298 1772 2440 1841 quod
2465 1770 2776 1823 manifestat
2811 1768 2973 1822 David
2996 1768 3190 1821 dicens
3222 1784 3237 1820 :
3299 1766 3439 1820 Deus
3473 1765 3616 1818 Deus

2034 1881 2197 1922 meus.
2232 1868 2303 1916 ad
2342 1873 2389 1915 te
2410 1863 2472 1915 de
2491 1863 2604 1915 luce
2633 1860 2812 1931 vigilo.
2858 1859 3107 1914 Sitiritin
3161 1869 3210 1910 te
3240 1858 3424 1910 anima
3473 1872 3617 1918 mea,

2033 1973 2191 2025 quam
2240 1954 2604 2019 nmltipliciter
2629 1954 2721 2005 tibi
2753 1969 2878 2006 caro
2914 1968 3052 2005 mea.
3106 1948 3167 2003 In
3210 1950 3435 2012 deserto,
3474 1957 3523 2002 et
3563 1949 3621 2001 in

2033 2048 2191 2109 invio,
2217 2058 2264 2100 et
2296 2049 2569 2116 inuquoso,
2600 2047 2674 2098 sic
2708 2046 2764 2098 in
2803 2054 2983 2099 sancto
3008 2042 3238 2111 apparui
3260 2042 3373 2101 tibi.
3398 2050 3453 2093 ut
3474 2040 3620 2095 vide-

2036 2155 2144 2190 rcm
2168 2139 2411 2191 virtutem
2440 2147 2606 2190 luant.
2633 2147 2680 2191 et
2708 2137 2931 2207 gloriam
2966 2146 3113 2188 tuam
3155 2135 3223 2187 ⁸⁸.
3266 2136 3404 2203 Ergo
3431 2133 3623 2187 deser-

2038 2237 2151 2285 tum
2173 2239 2228 2281 et
2248 2228 2474 2292 invium,
2496 2236 2743 2281 sanetum
2779 2236 2882 2289 est,
2905 2235 2960 2279 et
2990 2225 3172 2278 Sancti
3198 2235 3507 2279 sanctorum
3531 2224 3635 2276 ha-
3700 2246 3707 2250 -

2039 2322 2354 2384 bitaculum,
2384 2320 2471 2372 ubi
2507 2321 2559 2372 in
2593 2321 2761 2373 ccelos
2794 2319 3046 2373 divinitas
3074 2328 3317 2387 tempore
3356 2316 3629 2387 passionis

2040 2414 2240 2467 abiisse
2275 2412 2498 2477 dicitur,
2530 2427 2641 2465 non
2672 2412 2739 2463 de
2771 2411 2888 2464 loco
2926 2411 2991 2463 ad
3021 2410 3198 2463 locum
3237 2408 3497 2478 migrans,
3529 2407 3627 2461 sed

2041 2506 2307 2561 colnhens
2342 2503 2615 2572 propriam
2647 2503 2906 2555 virtutem
2947 2517 3012 2556 ex
3048 2501 3414 2558 humanitate.
3440 2508 3499 2552 ut
3527 2498 3628 2552 da-

2047 2606 2135 2650 ret
2164 2597 2400 2664 spatium
2430 2593 2693 2662 passioni.
2725 2594 2780 2646 in
2832 2594 2950 2647 loco
2999 2593 3165 2661 digno
3219 2590 3343 2653 sibi,
3404 2589 3458 2643 in
3501 2590 3629 2643 sinu

2044 2689 2221 2742 Patris
2255 2686 2508 2739 videlicet
2534 2699 2784 2739 manens.
2816 2684 2896 2737 Ad
2925 2699 3047 2752 quae
3073 2683 3254 2737 nullus
3272 2680 3629 2742 accedit.nisi

2047 2780 2163 2850 ipse
2198 2791 2251 2834 et
2284 2788 2508 2833 sanctus
2540 2777 2796 2847 Spiritus,
2822 2786 2877 2829 et
2904 2775 3030 2844 quia
3065 2775 3181 2843 ipse
3229 2775 3282 2827 in
3330 2773 3492 2827 Patre
3520 2781 3627 2834 est,

2047 2882 2102 2925 et.
2132 2856 2368 2941 Spiritus
2388 2878 2632 2933 sanctus,
2654 2868 2796 2922 sicut
2825 2867 3153 2937 evangelicis
3179 2865 3470 2920 didicimus
3505 2862 3629 2916 Lit-

2050 2966 2200 3029 teris,
2232 2977 2360 3033 ergo
2393 2963 2563 3026 abire,
2601 2961 2861 3014 cohibere
2905 2959 3165 3029 intellige.
3197 2956 3290 3011 Sic
3323 2958 3468 3011 enim
3490 2953 3632 3009 Deus

360 3042 668 3109 emissario,
701 3060 808 3096 non
840 3044 932 3097 alii
971 3045 1073 3099 nisi
1097 3046 1329 3107 Christo,
1357 3048 1498 3100 sicut
1528 3049 1781 3117 superius
1804 3050 1945 3103 dixi-
1975 3066 2018 3123 (ς
2053 3056 2224 3120 abire,
2249 3055 2337 3122 qui
2371 3055 2573 3123 ubique
2605 3068 2846 3122 prazsens
2893 3059 2997 3114 est,
3035 3066 3159 3104 cum
3220 3064 3372 3101 suam
3415 3046 3633 3100 (‘Ollibet

362 3147 505 3187 mus.
533 3135 587 3187 Si
614 3136 835 3189 inimico
852 3137 1065 3191 cuidam
1115 3147 1170 3191 et
1222 3139 1457 3208 maligno
1498 3155 1616 3192 sors
1642 3150 1735 3194 aut
1766 3141 1950 3197 hircus

363 3226 608 3280 daretur.
634 3243 739 3279 non
773 3233 1061 3281 sortiretur
1094 3246 1216 3282 cum
1247 3229 1377 3286 Deo.
1413 3232 1506 3285 sed
1531 3247 1632 3285 nec
1655 3233 1721 3286 ad
1746 3233 1945 3287 ostiun

366 3321 701 3371 tabernaculi
723 3322 1017 3374 testimonii
1047 3322 1429 3387 deduceretur,
1459 3342 1560 3378 nec
1579 3343 1766 3394 preces
1787 3342 1954 3395 super

367 3424 493 3463 eum
519 3408 902 3475 funderentur,
948 3412 1034 3464 vel
1083 3414 1396 3481 propitiatio
1448 3414 1501 3467 in
1560 3432 1624 3469 eo
1676 3429 1959 3486 agt-retur.

368 3500 546 3570 Caper
584 3517 710 3572 ergo
741 3504 1076 3565 emissarius,
1135 3513 1323 3573 utpote
1374 3508 1464 3575 qui
1493 3508 1728 3562 emissus
1756 3520 1837 3563 est
1899 3520 1954 3565 et

368 3593 827 3651 noniimnolatur.
855 3595 1071 3649 dicitur.
1108 3595 1278 3664 Cujus
1318 3607 1496 3651 autem
1535 3600 1608 3652 rei
1634 3604 1802 3669 gratia
1842 3616 1952 3654 non

368 3684 705 3748 immolatur,
726 3687 815 3753 qui
843 3686 906 3738 ad
941 3685 1311 3753 conﬁrmatum
1347 3686 1642 3756 deputatus
1672 3699 1777 3752 est,
1810 3690 1954 3753 sicut

369 3777 562 3845 Aquila
589 3778 791 3831 edidit?
812 3778 933 3847 quis
959 3791 1144 3834 autem
1171 3780 1240 3834 sit
1268 3780 1620 3835 conﬁrmatus
1644 3781 1755 3835 sive
1774 3781 1949 3847 fortis,

371 3869 496 3923 audi
534 3868 635 3924 Job
670 3870 938 3924 dicentem
974 3888 987 3922 :
1014 3870 1152 3937 Scio,
1188 3873 1312 3941 quia
1340 3883 1519 3941 potens
1547 3889 1620 3935 es,
1647 3882 1697 3927 et
1728 3874 1874 3928 nulla
1905 3884 1952 3929 te

374 3964 502 4016 latet
541 3964 787 4032 cogitatio
822 3964 887 4018 ⁸³.
933 3965 1071 4019 Audi
1119 3973 1174 4019 et
1236 3965 1401 4019 David
1441 3982 1454 4018 :
1525 3959 1952 4023 Firmamentum

374 4063 448 4107 est
475 4053 728 4106 Dominus
760 4055 1060 4109 timentibus
1090 4072 1207 4108 eum
1238 4056 1301 4110 τι.
1339 4056 1497 4127 Ergo,
1555 4072 1662 4110 una
1732 4038 1951 4126 quidem

375 4156 494 4194 sors
547 4141 838 4195 immolatae
893 4143 1044 4195 carni
1103 4141 1330 4209 Christi,
1380 4160 1500 4212 qua:
1527 4159 1650 4198 cum
1685 4144 1835 4199 unita
1885 4145 1956 4199 sit

378 4233 488 4287 Deo
516 4233 714 4298 Verbo,
746 4246 892 4289 recte
924 4235 1185 4288 Dominus
1213 4237 1545 4290 nominatur.
1570 4236 1797 4306 Propter
1815 4238 1959 4307 quod

378 4325 575 4380 Paulus
599 4327 704 4380 ait:
738 4325 796 4381 Si
826 4343 946 4397 ergo
976 4328 1351 4397 cognovissent,
1385 4346 1655 4399 nunquam
1681 4329 1960 4383 Dominum

379 4418 558 4489 gloria:
639 4419 1017 4488 cruciﬁxicsent
1046 4421 1109 4474 ⁸⁸.

380 4512 561 4565 Deitas
589 4513 876 4581 accipitur.

452 4602 874 4674 Sortisnbjiciet.
939 4606 1069 4661 Sors
1116 4607 1218 4661 ista
1249 4606 1303 4661 in
1356 4607 1458 4659 hac
1487 4606 1791 4675 accipitur:
1844 4608 1961 4663 lucc

384 4693 528 4746 enim
555 4697 736 4748 omnia
754 4697 1029 4759 obtinens,
1061 4700 1224 4753 etiam
1270 4698 1544 4769 pmpriam
1582 4714 1804 4752 carnem
1833 4716 1960 4768 pas-

385 4784 538 4840 sione
587 4795 735 4841 recte
789 4790 1150 4844 conﬁrmavit.
1201 4790 1493 4860 Pr0pterea
1545 4791 1738 4846 oli'eret
1780 4792 1962 4847 Aaron

386 4895 630 4947 caprum,
665 4879 720 4933 in
746 4896 853 4950 quo
887 4882 1100 4936 venerit
1141 4883 1190 4936 ei
1216 4899 1335 4937 sors
1382 4884 1632 4947 Domino,
1672 4892 1726 4938 et
1773 4886 1968 4940 oll'cret

386 4988 510 5025 cum
538 4987 635 5041 pro
662 4956 1292 5043 peccato.-lntc|ligihilis
1348 4977 1494 5031 enim
1558 4977 1761 5038 Aaron,
1798 4977 1843 5030 is
1874 4977 1967 5047 qui

386 5063 691 5118 sacerdotio
720 5074 911 5119 nostro
953 5075 1169 5135 prreest.
1232 5066 1301 5122 de
1348 5083 1459 5136 quo
1525 5067 1723 5138 Paulus
1789 5068 1962 5122 dicit:

387 5156 851 5215 Sicut.~1aron,sic
881 5169 928 5211 et
969 5157 1204 5214 Christus
1244 5160 1580 5227 semetipsum
1630 5158 1962 5229 gloriﬁcarit,

390 5257 443 5298 ut
476 5249 717 5301 sacerdos
747 5249 893 5317 ﬁeret
928 5250 992 5302 ⁸⁸.
1027 5249 1124 5305 llic
1151 5266 1302 5304 suam
1332 5265 1551 5304 carnem
1584 5250 1777 5304 oﬁ‘eret
1803 5251 1964 5316 l‘atri,

392 5347 445 5391 et
476 5338 529 5390 in
552 5338 669 5407 ipsa
698 5342 891 5394 oll‘cret
916 5359 1013 5410 pro
1038 5349 1287 5412 peccato,
1328 5341 1395 5395 de
1445 5357 1555 5410 quo
1616 5342 1817 5397 Paulus
1864 5343 1969 5396 lle-

393 5430 554 5483 lmeis
593 5433 813 5500 scripsit
847 5451 858 5487 :
894 5434 991 5487 llic
1024 5451 1183 5487 unam
1208 5450 1302 5503 pro
1346 5443 1558 5501 peccato
1610 5436 1825 5504 o/ferens
1878 5437 1991 5507 lto-_

397 5523 577 5583 stiam,
611 5522 665 5573 in
697 5537 999 5592 perpetuum
1035 5528 1171 5580 sedet
1212 5528 1262 5578 in
1294 5526 1478 5579 dextra
1505 5526 1595 5579 Dei
1627 5529 1689 5581 ⁸⁷.

470 5661 513 5692 θλ
548 5660 709 5713 llehr.
743 5680 778 5723 ι,
814 5667 863 5717 5.

405 5729 492 5787 12.

978 5670 1020 5697 (⁵³
1056 5668 1187 5721 ihitl.

1305 5669 1347 5698 “
1370 5667 1471 5721 Joh
1506 5686 1631 5726 χιιι.
1661 5671 1707 5721 5.

568 5730 612 5761 ⁸⁸
644 5731 782 5785 ι’ς..ι.
815 5750 943 5799 Lm,
985 5736 1096 5792 1-5.

1173 5739 1215 5769 δί’
1296 5737 1449 5793 Deut.
1494 5756 1563 5804 tv,
1585 5741 1673 5794 Eli.

1201 4419 1260 4473 ln
1341 4421 1722 4477 conﬁrmatum
1777 4433 1958 4476 autem
1996 4408 2036 4460 ι)

2052 3148 2449 3217 operationem,
2488 3146 2706 3199 dicitur.
2744 3143 2931 3197 Portat
2973 3142 3140 3197 etiam
3180 3140 3502 3208 iniquitates
3528 3152 3633 3191 no-

2052 3250 2213 3301 stras,
2245 3239 2370 3307 quia
2408 3239 2547 3308 ignis
2577 3236 2854 3307 proprium
2889 3242 2974 3288 est
3012 3233 3198 3288 fenum
3220 3243 3561 3293 consumere,
3578 3238 3634 3283 et

2052 3329 2352 3382 divinitatis
2384 3338 2665 3396 peccatum
2701 3325 2992 3394 perimere,
3042 3323 3186 3377 unde
3217 3329 3285 3376 et
3324 3319 3463 3390 ignis
3499 3333 3633 3374 con-

2053 3437 2276 3477 sum-us
2304 3422 2445 3473 Deus
2477 3419 2679 3473 dicitur
2711 3418 2777 3471 θ’.

2124 3511 2286 3563 VERE.
2315 3508 2501 3562 11-15.
2543 3524 2562 3557 ‹
2598 3506 2661 3560 Et
2683 3504 2876 3559 oﬂ‘eret
2900 3506 3082 3557 Aaron
3122 3501 3354 3556 vitulum
3390 3514 3490 3570 pro
3507 3512 3625 3568 pce

2054 3611 2197 3659 cato.
2232 3610 2287 3653 et
2314 3615 2506 3669 rogans
2535 3614 2633 3667 pro
2667 3612 2749 3654 se.
2793 3605 2848 3651 et
2886 3611 2984 3666 pro
3022 3596 3186 3649 domo
3218 3609 3337 3658 sua,
3375 3591 3623 3646 immola-

2058 3695 2138 3749 hit
2166 3710 2312 3747 eum.
2338 3693 2742 3759 Assumptoque
2778 3689 3081 3754 thuribulo,
3113 3687 3261 3757 quod
3308 3686 3378 3741 de
3442 3684 3634 3755 prunis

2059 3785 2245 3837 altaris
2272 3783 2595 3851 impleverit,
2626 3788 2680 3833 et
2713 3780 2976 3834 hauriens
3037 3794 3204 3832 manu
3270 3776 3631 3845 compositum

2063 3876 2353 3947 thymiama
2386 3876 2440 3928 in
2474 3874 2779 3938 incensum,
2813 3872 2952 3926 ultra
2978 3871 3159 3926 velum
3186 3869 3413 3923 intrabit
3438 3868 3492 3923 in
3508 3880 3632 3920 san-

2061 3977 2169 4029 cta.
2227 3975 2288 4021 ut
2344 3967 2538 4036 positis
2591 3980 2757 4034 super
2806 3964 2986 4034 ignem
3044 3963 3402 4023 aromatibus.
3435 3959 3631 4019 nebula

2060 4074 2248 4113 eorum
2278 4064 2331 4111 et
2379 4072 2550 4124 vapor
2579 4056 2787 4124 operiat
2835 4054 3142 4114 oraculum.
3184 4053 3334 4123 quod
3362 4060 3451 4107 est
3477 4064 3634 4121 super

2065 4150 2456 4208 testimonium.
2487 4155 2541 4202 et
2569 4163 2679 4201 non
2709 4147 2993 4201 moriatur.
3029 4165 3049 4197 ι
3335 4220 3359 4225 η
3382 4217 3481 4224 ____
3515 4216 3618 4228 η..

2134 4244 2269 4309 Quia
2288 4243 2451 4297 multa
2474 4244 2787 4312 frequenter
2829 4250 2947 4295 acta
2979 4240 3218 4296 diximus
3270 4254 3371 4309 per
3437 4235 3637 4294 sacriﬁ-

2066 4334 2207 4391 cium
2242 4332 2555 4391 Salvatoris.
2586 4333 2898 4409 necessarie
2935 4331 3082 4383 ineo
3134 4328 3323 4384 multa:
3354 4326 3636 4396 exquisitae

2067 4436 2194 4482 sunt
2219 4428 2270 4480 in
2299 4426 2413 4497 lege
2431 4425 2776 4479 dili'erentiie.
2800 4414 3189 4493 Principalit'er
3217 4436 3350 4491 ergo
3412 4435 3513 4489 per
3571 4417 3636 4470 il-

2067 4521 2180 4583 lud,
2208 4519 2307 4588 ipsi
2334 4517 2495 4571 lst‘ael
2526 4517 2914 4588 proﬁigabatur
2942 4514 3219 4570 absolutio
3253 4522 3479 4583 propter
3500 4509 3637 4582 quod

2067 4612 2318 4666 dicebat:
2357 4608 2477 4663 Non
2508 4610 2618 4662 veni
2652 4608 2752 4661 nisi
2785 4608 2855 4661 ad
2890 4623 3005 4660 oves
3033 4620 3150 4676 qua:
3177 4603 3639 4674 perieruntdomtu

2066 4702 2234 4758 Israel
2256 4704 2299 4733 ⁷⁰
2355 4701 2477 4755 Non
2506 4702 2679 4755 solum
2712 4708 2894 4753 autem
2942 4698 3113 4753 Israel
3146 4694 3418 4760 liberatio,
3445 4693 3542 4749 sed
3587 4696 3641 4743 et

2069 4793 2312 4864 gentium
2343 4792 2593 4845 ineratin
2628 4788 2899 4844 sacriﬁcio
2948 4786 3146 4840 Christi
3186 4783 3479 4839 correctio.
3535 4779 3642 4833 Hoc

2070 4892 2252 4937 autem
2284 4891 2471 4951 aperte
2500 4880 2698 4934 Paulus
2719 4892 3017 4948 exponens,
3046 4877 3109 4929 ad
3141 4874 3410 4944 Ephesios
3439 4871 3641 4927 scribe-

2070 4974 2194 5029 bat:
2226 4974 2285 5029 Ut
2316 4975 2443 5026 duos
2468 4971 2654 5024 condat
2689 4971 2742 5022 in
2788 4967 3084 5036 semetipso,
3136 4965 3188 5016 in
3252 4978 3418 5016 unum
3461 4974 3639 5016 novum

2069 5067 2325 5120 hominem
2346 5065 2542 5135 [acirns
2569 5078 2747 5130 pacem
2776 5069 2822 5114 et
2851 5057 3148 5113 reconciliet
3194 5056 3379 5109 ambos
3438 5055 3495 5107 in
3542 5067 3642 5106 uno

2071 5174 2283 5228 corpore
2326 5157 2449 5221 Deo,
2493 5172 2583 5225 per
2616 5171 2821 5208 crucem
2869 5151 3186 5219 interﬁciens
3235 5148 3546 5201 inimicitias
3592 5147 3643 5198 in

2074 5251 2370 5317 semetipso.
2400 5258 2446 5300 et
2486 5247 2692 5301 veniens
2741 5242 3116 5313 euangelizavit
3166 5255 3345 5308 pacem
3370 5238 3511 5291 vobis
3557 5233 3643 5304 qui

2079 5341 2228 5412 longe
2259 5339 2453 5409 fuistis,
2477 5347 2523 5391 et
2565 5352 2746 5405 pacem
2776 5335 2854 5387 his
2893 5334 2981 5404 qui
3012 5346 3171 5400 prope
3200 5331 3266 5381 ".
3299 5329 3486 5397 Longe
3519 5337 3639 5396 gem

2083 5444 2163 5487 tes
2195 5432 2477 5502 appellans
2502 5431 2629 5498 quia
2654 5429 2813 5497 longe
2866 5427 2934 5479 ab
2965 5424 3111 5477 omni
3172 5421 3354 5476 divina
3423 5413 3641 5473 scientia

2079 5535 2256 5584 erant,
2290 5525 2437 5591 juxta
2473 5520 2637 5576 Israel
2671 5533 2831 5587 quem
2866 5516 3234 5585 propinquare
3268 5511 3565 5580 prophetat,
3589 5510 3642 5557 et

1828 5668 1935 5719 esp

2075 5682 2215 5720 xxrv.
2259 5664 2338 5716 ll.
2416 5664 2456 5690 "
2484 5662 2502 5714 l
2531 5664 2649 5715 l'or.
2688 5676 2745 5717 ιι.
2784 5657 2833 5710 8.
2913 5658 2959 5692 6‘
2992 5653 3151 5709 Hebr.
3191 5671 3242 5715 ν.
3277 5651 3327 5703 4.
3408 5651 3453 5679 ⁸⁷
3485 5646 3638 5713 Hebr.

1752 5741 1793 5770 το
1826 5739 1941 5792 Mat‘

2060 5754 2145 5800 xv,
2180 5735 2269 5789 Ἡ.
2344 5735 2383 5761 τ’
2425 5735 2621 5798 Ιίρὶιρε.
2654 5735 2924 5797 11,1547.
3536 5736 3547 5747 '

2344 5734 2383 5761 τ’
2425 5732 2621 5798 Ιίρὶιρε.
2654 5728 2924 5797 11,1547.
