3988 6222
379 373 485 438 993

1542 379 1622 440 IN
1666 380 2105 442 LEVITICUM.
2136 407 2202 416 ’-
2244 383 2390 443 LIB.
2426 385 2493 444 V.

3541 392 3641 458 θρα

379 486 465 541 lett
496 486 747 541 facit-but.
787 488 995 547 Dehine
1024 492 1357 547 sobnettens
1384 490 1586 546 Paulus
1616 493 1781 546 dixit:
1816 490 1954 557 Quia
1988 505 2027 558 Α
2058 493 2321 548 Adeamus
2353 512 2471 550 cum
2496 498 2814 567 conﬁdentia
2852 499 2922 554 ad
2954 502 3198 557 thronum
3221 502 3406 574 gloria
3438 505 3551 574 ejus
3574 508 3645 558 ι’.

379 595 470 647 per
490 580 661 648 ipsum
678 578 928 635 habemus
947 598 1234 647 accessum,
1257 584 1468 653 utrique
1491 584 1545 637 in
1570 599 1672 636 uno
1686 584 1873 653 spiritu
1897 586 1968 639 ad

326 740 329 745 _
384 669 601 724 Patrem
629 671 695 724 ⁷⁸.
723 670 973 725 lntmolat
998 689 1130 744 ergo
1192 674 1557 743 intelligibilis
1587 677 1772 728 Aaron
1819 676 1958 730 vitu-

379 760 513 826 lum,
542 764 592 820 id
624 772 709 819 est
733 767 1011 835 propriam
1069 774 1320 833 carnem,
1351 769 1510 837 cujus
1549 770 1727 823 hostia
1750 769 1968 837 quando

379 852 687 908 ithtdnicu:
712 856 888 924 plebis
906 857 1292 913 liberationem
1320 862 1606 935 accipitur,
1633 862 1965 916 Sacriﬁcium

382 946 533 1023 tituli
560 950 868 1003 necessarie
896 955 1197 1006 assumitur
1224 969 1240 1017 ;
1276 953 1515 1007 habebat
1542 954 1689 1007 enim
1721 955 1840 1023 ipse
1898 956 1970 1010 le-

380 1012 552 1108 galem
583 1041 1056 1108 justiﬁcationem,
1097 1046 1339 1099 maxime
1399 1051 1460 1099 ut
1490 1054 1679 1115 aperte
1707 1047 1967 1115 praedica-

380 1140 464 1186 ret
489 1148 503 1184 :
538 1133 660 1186 Non
690 1138 809 1187 veni
839 1135 1040 1189 soluere
1066 1136 1255 1207 legem,
1287 1138 1378 1191 sed
1432 1137 1654 1207 implere
1677 1138 1745 1190 ’⁸.
1768 1140 1967 1194 Paulus

382 1234 564 1279 autem
586 1229 653 1280 de
685 1227 805 1297 ipso
838 1228 1056 1283 dicebat
1094 1248 1105 1281 :
1162 1230 1308 1284 Misit
1358 1230 1501 1285 Deus
1541 1230 1740 1285 Filium
1789 1248 1962 1294 suum,

382 1314 582 1382 factum
604 1333 669 1372 ea:
706 1318 949 1384 muliere,
972 1321 1173 1390 factum
1195 1323 1288 1375 sub
1311 1322 1443 1392 lege,
1497 1333 1554 1376 ut
1605 1340 1694 1379 eos
1741 1326 1833 1389 qui
1872 1324 1965 1377 sub

383 1405 493 1477 lege
514 1418 686 1469 erant,
721 1411 1005 1465 redimeret
1031 1412 1101 1466 ⁷⁸.
1129 1412 1255 1467 llaec
1306 1425 1491 1468 autem
1515 1415 1720 1470 vitulus
1744 1424 1966 1485 propter

372 1499 564 1571 iugum
600 1507 990 1562 mandatorum
1015 1519 1141 1578 apte
1176 1510 1517 1581 intelligitur.

442 1593 655 1666 Rogaus
686 1615 781 1664 pro
801 1617 876 1654 se.
902 1602 1174 1658 Videlicet
1235 1619 1334 1669 pro
1378 1606 1763 1673 humanitate;
1800 1607 1964 1676 huius

372 1688 518 1741 enim
554 1691 608 1743 in
636 1693 935 1763 semetipso
954 1695 1181 1765 ﬁguram
1225 1697 1467 1767 gerebat.

442 1778 547 1835 Sed
573 1792 622 1836 et
655 1800 752 1854 pro
783 1786 937 1839 domo
953 1804 1074 1842 sua.
1130 1786 1513 1861 Proprieeum
1551 1789 1643 1858 qui
1683 1790 1787 1844 sub
1846 1790 1964 1862 lege

2071 584 2185 640 lloc
2209 602 2341 657 ergo
2367 587 2711 660 intellig‘bilc
2734 591 2947 647 dicebat
2970 593 3162 657 altare,
3212 598 3358 664 quod
3412 597 3642 653 manife-

2070 685 2355 744 stantqute
2381 687 2689 748 sequuntur
2716 697 2731 746 ;
2765 683 2842 736 ait
2865 684 3012 737 enim
3047 701 3060 735 :
3101 686 3164 741 Ut
3193 689 3519 757 accipiamus
3551 692 3642 743 mi-

2066 766 2431 834 sericordiam,
2458 779 2507 822 et
2537 772 2767 839 gratiam
2803 773 3132 829 inveniamus
3161 779 3216 830 in
3238 781 3440 833 auxilio
3466 798 3644 850 oppor-

2069 866 2194 911 tuno
2222 859 2288 914 3'.
2322 859 2528 917 Horum
2563 865 2712 919 enim
2743 875 3033 936 utrumque
3049 870 3118 925 ab
3144 872 3298 926 altari
3331 874 3447 929 sine
3470 878 3647 947 aliqua

2067 947 2348 1006 dubietate
2385 953 2739 1023 percipimus.
2777 956 2881 1013 Sed
2908 960 3039 1028 quid
3061 960 3115 1014 in
3147 962 3234 1014 his
3255 978 3377 1032 quae
3403 980 3646 1034 sequun-

2070 1049 2180 1102 tur,
2210 1042 2494 1113 legislator
2528 1048 2808 1104 subdidit?

2138 1134 2208 1188 Et
2233 1136 2487 1191 hauriens
2513 1156 2674 1194 manu
2708 1143 2999 1213 thymiama
3022 1150 3362 1217 compositum
3380 1152 3436 1204 in
3462 1152 3646 1205 incen-

2066 1241 2202 1288 sum,
2227 1227 2367 1281 ultra
2393 1229 2565 1284 velum
2595 1234 2816 1287 intrabit
2846 1237 2901 1288 in
2930 1249 3135 1292 sancta.
3178 1238 3269 1293 Vel
3296 1244 3434 1296 sicut
3466 1245 3638 1299 LXX:

2067 1315 2135 1369 Et
2161 1318 2398 1387 implebit
2456 1338 2646 1376 manus
2698 1341 2824 1378 suas
2865 1328 3210 1396 thymiamate
3258 1335 3647 1400 compositionis

2066 1408 2290 1476 subtilis,
2360 1421 2407 1465 et
2448 1414 2624 1483 offeret
2680 1417 2900 1471 interius
2941 1420 2995 1471 in
3047 1421 3297 1475 interiora
3351 1426 3644 1483 velaminis.

2069 1496 2210 1552 Dicit
2235 1511 2417 1554 autem
2447 1506 2753 1560 orationem
2781 1508 2848 1562 de
2881 1520 2984 1572 qua
3018 1511 3154 1564 dixit
3181 1513 3350 1568 David
3381 1531 3395 1566 :
3424 1516 3636 1588 Dirigu-

2070 1598 2160 1643 tur
2194 1594 2368 1645 oratio
2396 1612 2532 1656 mea,
2562 1597 2697 1650 sicut
2721 1599 2990 1654 incensum
3037 1604 3093 1655 in
3140 1620 3411 1674 conspectu
3468 1619 3556 1661 tuo
3576 1607 3643 1663 ”.

2068 1683 2195 1737 llaec
2221 1700 2350 1755 ergo
2384 1690 2605 1757 quando
2631 1692 2913 1746 saecularia
2975 1710 3216 1762 oramus,
3279 1714 3461 1754 crassa
3508 1717 3648 1770 quo-

2067 1776 2384 1840 dammodo,
2417 1788 2603 1836 etnon
2637 1784 2856 1837 subtilis
2894 1793 2996 1840 est.
3062 1787 3290 1852 Quando
3314 1800 3495 1845 autem
3533 1794 3645 1862 spi-

374 1872 591 1928 Viveba,
620 1877 903 1947 popu‘um.
946 1879 1037 1948 qui
1078 1882 1278 1935 domus
1311 1858 1482 1949 ipsius
1511 1892 1735 1950 propter
1761 1859 1960 1952 ροεηή-
1995 1848 2036 1903 Β
2068 1868 2245 1922 ritalia
2278 1872 2533 1939 petimus,
2579 1874 2629 1927 id
2655 1886 2738 1929 est
2760 1876 3045 1932 scientiam
3083 1880 3350 1942 divinam.
3415 1899 3645 1954 regnum

373 1964 578 2018 tionem
612 1967 733 2030 fuit,
763 1969 911 2022 venit
957 1968 1213 2023 liberare.
1265 1970 1491 2039 Propter
1519 1972 1662 2039 quod
1693 1970 1963 2040 Cleophas

370 2055 586 2111 dicebat
616 2073 628 2107 :
658 2057 769 2113 Nos
798 2069 975 2114 autem
998 2064 1367 2132 sperabamus,
1402 2062 1525 2133 quia
1556 2065 1665 2132 ipse
1704 2073 1837 2117 esset
1877 2080 1960 2117 re-

369 2145 676 2217 dempturus
703 2147 873 2202 Israel
898 2151 961 2205 ⁷⁵.

439 2236 999 2310 lmmolabitqueeum.
1062 2242 1183 2313 ipse
1230 2244 1378 2298 enim
1406 2244 1685 2315 propriam
1737 2262 1957 2301 carnem

370 2325 708 2393 immolavit;
743 2330 862 2399 ipse
901 2330 985 2384 sui
1011 2332 1265 2385 sacriﬁcii
1298 2335 1540 2401 pontifex
1597 2336 1649 2387 in
1717 2336 1847 2412 Sion
1874 2339 1958 2391 la-

369 2428 493 2474 ctus
516 2430 622 2487 est,
663 2422 883 2491 quando
908 2424 1190 2494 sanguinis
1245 2427 1374 2480 novi
1427 2429 1746 2482 testamenti
1795 2431 1958 2485 dabat

368 2511 615 2568 calicem.

436 2602 814 2675 Assumptoque
842 2603 1130 2672 thuribulo,
1184 2608 1325 2678 quod
1350 2609 1414 2662 de
1439 2611 1621 2677 prunis
1647 2611 1836 2665 altaris
1856 2612 1956 2665 im-

367 2696 605 2765 pleverit.
639 2699 1027 2766 'l'huribulum,
1050 2702 1290 2771 linguam
1319 2704 1660 2758 Dominieam
1692 2706 1780 2759 hic
1801 2707 1952 2771 dicit,

370 2790 426 2844 in
453 2792 567 2860 ipsa
599 2792 746 2845 enim
776 2802 892 2846 erat
932 2792 1183 2863 Spiritus.
1224 2794 1401 2849 Sumit
1437 2812 1565 2865 ergo
1589 2799 1807 2866 plenum
1829 2801 1956 2852 thu-

369 2881 603 2935 ribulum
632 2883 983 2947 carbonibus,
1034 2884 1161 2952 quia
1198 2886 1467 2939 sacriﬁcio
1523 2902 1623 2939 suo
1659 2888 1952 2942 doctor-alia

368 2974 558 3039 verba,
592 2990 712 3044 que
741 2984 901 3028 erant
930 2976 1117 3029 divina
1145 2985 1201 3029 et
1231 2977 1497 3042 ccclestia,
1527 2979 1776 3046 protinus
1801 2981 1955 3034 addi-

369 3068 469 3131 dit,
504 3070 571 3124 de
610 3069 807 3138 quibus
853 3071 1015 3124 David
1085 3071 1302 3125 diccbat
1340 3089 1354 3124 :
1404 3072 1670 3128 Carboncs
1720 3079 1953 3131 succensi

2069 1959 2357 2026 caelorum,
2399 1965 2780 2021 remissionem
2829 1977 3201 2037 pt'ccatorum,
3235 1975 3451 2030 subtilis
3497 1993 3648 2047 qtae-

2067 2048 2193 2104 dam
2226 2061 2330 2118 est,
2369 2063 2559 2124 utpote
2583 2059 2843 2125 spiritalis
2890 2071 2944 2114 et
2970 2062 3344 2134 intelligibilis,
3364 2083 3524 2137 quam
3561 2070 3647 2124 in-

2064 2143 2362 2214 telligibilis
2380 2150 2637 2204 sacerdos
2660 2166 2758 2221 pro
2787 2153 2945 2207 nobis
2975 2155 3156 2209 oﬂ‘ert.
3181 2157 3527 2215 Manifestum
3546 2178 3648 2215 au-

2068 2245 2174 2291 tem
2209 2249 2291 2293 est
2325 2256 2390 2295 ex
2418 2256 2485 2294 eo
2514 2244 2661 2310 quod
2714 2259 2812 2313 pro
2843 2245 3129 2314 discipulis
3176 2248 3428 2305 Christus
3458 2269 3646 2321 orans,

2060 2329 2556 2385 sanctiﬁcationem
2588 2332 2668 2387 eis
2695 2344 2753 2388 et
2780 2336 3049 2390 unitatem
3072 2353 3280 2405 secum,
3312 2341 3648 2397 libertatem-

2058 2435 2165 2488 que
2205 2421 2259 2474 in
2286 2424 2521 2488 'rnuudo,
2547 2435 2602 2478 et
2638 2426 2743 2480 alia
2788 2428 2915 2481 talia
2963 2430 3313 2499 deposcebat.
3342 2434 3569 2488 Intrabit
3595 2438 3650 2488 in

2058 2524 2276 2578 sancta;
2303 2514 2438 2579 sive,
2472 2519 2769 2571 secundum
2807 2519 3038 2586 LXX,et
3068 2523 3241 2591 offeret
3285 2524 3340 2576 in
3392 2526 3648 2579 interiora

2061 2604 2371 2662 voluminis.
2402 2610 2586 2662 carnis
2614 2609 2871 2664 videlicet
2905 2627 3037 2666 swc.
3062 2612 3264 2667 Olim-et
3302 2627 3506 2677 autem,
3528 2619 3651 2670 cui?

2056 2695 2201 2750 Patri
2237 2699 2507 2766 videlicet,
2537 2703 2661 2771 quia
2695 2704 2808 2756 lucc
2837 2704 3054 2773 quidem
3089 2706 3374 2773 manili-sta
3401 2711 3651 2777 aspectui

2057 2789 2298 2842 omnium
2333 2790 2746 2858 praeferebatur,
2773 2793 2889 2862 ipse
2906 2805 3086 2847 autem
3109 2806 3225 2849 erat
3251 2796 3544 2853 invisibilis
3574 2817 3588 2852 :

2135 2879 2198 2935 Ut
2228 2882 2414 2948 positis
2448 2899 2606 2952 super
2633 2886 2805 2954 ignem
2854 2888 3205 2951 aromatibus,
3245 2890 3436 2943 nebula
3471 2908 3655 2949 eorum,

2056 2979 2104 3024 et
2136 2989 2301 3041 vapor
2335 2975 2539 3042 aperiat
2569 2977 2866 3040 oraculum,
2905 2984 3043 3048 quod
3084 2990 3158 3033 est
3204 2998 3365 3050 super
3413 2985 3649 3037 testimo-

2063 3065 2231 3129 nium,
2266 3076 2315 3119 et
2346 3082 2450 3119 non
2478 3069 3106 3137 moriatur._Dupliciter
3151 3072 3239 3127 hic
3266 3074 3409 3142 quod
3446 3076 3652 3129 dicitur

366 3171 488 3213 sunt
515 3162 659 3215 abeo
683 3163 745 3213 ⁷⁸.
786 3161 900 3217 Hoc
932 3163 1172 3219 Joanzes
1201 3164 1257 3218 in
1310 3180 1465 3219 (tceaa
1496 3176 1614 3220 acta
1664 3178 1949 3239 postquam

2075 3155 2340 3229 intelligo.
2394 3157 2531 3223 Quia
2556 3175 2684 3228 ergo
2717 3160 2896 3215 Aaron
2948 3161 3123 3230 ipsius
3163 3163 3367 3219 Christi
3422 3166 3648 3237 ﬁguram

367 3252 537 3311 Judas
556 3267 640 3310 est
657 3271 912 3326 egressus
934 3257 1148 3326 scripsit
1168 3261 1236 3323 ⁷⁷,
1261 3258 1312 3311 in
1330 3257 1551 3326 quibus,
1566 3263 1840 3329 quomodo
1855 3263 1971 3332 qui_

368 3349 494 3403 dem
524 3347 686 3404 Pater
723 3352 776 3402 in
807 3353 947 3419 ipso,
982 3352 1258 3420 quomodo
1304 3360 1486 3406 autem
1522 3352 1637 3422 ipse
1656 3369 1780 3408 cum
1812 3359 1881 3408 sit
1913 3356 1969 3410 in

368 3437 556 3505 Patre,
586 3440 770 3495 mittat
795 3443 1002 3495 donum
1036 3444 1278 3512 Spiritus
1304 3458 1319 3509 ;
1345 3446 1621 3512 quomodo
1664 3443 1827 3499 Pater
1887 3455 1971 3502 est

366 3532 625 3601 agricola,
681 3532 797 3602 ipse
829 3533 974 3599 vitis,
1003 3535 1235 3605 apostoli
1262 3551 1394 3588 vero
1418 3528 1666 3603 palmites
1692 3555 1706 3602 ;
1734 3552 1967 3606 quomo-

367 3624 439 3677 do
483 3623 738 3693 princeps
778 3626 969 3679 mundi
1010 3627 1177 3695 hujus
1228 3627 1531 3696 iudicetur,
1572 3629 1782 3697 aliaque
1804 3645 1970 3700 espo-

368 3714 452 3769 nit
482 3716 758 3780 miracula,
783 3732 903 3786 quae
939 3728 1070 3773 sunt
1123 3722 1398 3772 carbones
1424 3721 1581 3789 ignis,
1608 3730 1794 3789 utpote
1823 3722 1968 3774 cale-

367 3806 623 3862 facientia
650 3825 749 3863 nos
780 3810 847 3862 ad
877 3809 1157 3879 pietatem,
1205 3827 1330 3863 cum
1362 3814 1474 3864 sint
1506 3814 1833 3881 generaliter
1856 3813 1966 3885 spi-

368 3899 546 3953 ritalia
587 3902 718 3955 :setl
750 3905 1018 3967 etaltare,
1051 3903 1196 3973 quod
1245 3903 1552 3957 secundum
1610 3902 1776 3970 LXX,
1838 3915 1989 3960 ante-

367 3991 676 4047 Dominum.
709 3994 821 4048 lloc
846 4004 1030 4049 autem
1075 4010 1194 4049 esse
1225 4012 1320 4049 sex
1366 3996 1686 4058 Cherubin),
1735 3999 1787 4050 in
1828 3998 1962 4067 ipsis

368 4085 656 4153 prowmiis
686 4086 807 4140 libri
838 4087 1007 4156 hujus
1053 4088 1420 4142 ostendimus.
1448 4088 1559 4140 lllic
1591 4088 1738 4141 enim
1774 4092 1964 4143 carbo-

368 4192 470 4231 nes
535 4177 891 4248 intelligibilis
932 4179 1072 4249 ignis
1130 4181 1459 4233 constitutos
1506 4194 1649 4242 esse,
1709 4179 1963 4236 Ezechiel

366 4270 1094 4339 prophetademonstravit;
1164 4270 1456 4325 Dominum
1506 4271 1710 4340 quippe
1757 4275 1959 4340 ipsum,

366 4363 461 4430 qui
494 4371 611 4417 erat
639 4364 862 4417 indutus
897 4363 1121 4432 podere,
1156 4372 1213 4418 ct
1238 4365 1520 4418 accinctos
1556 4365 1790 4418 habebat
1823 4364 1961 4418 lum-

368 4454 490 4516 bos,
533 4456 792 4525 proponit
818 4457 1096 4510 dicentem
1131 4471 1145 4509 :
1200 4456 1481 4525 Ingredere
1518 4457 1574 4509 in
1619 4456 1847 4509 medium
1868 4473 1958 4509 ro-

2075 3250 2235 3320 gerit,
2268 3260 2490 3319 pl'OplCl‘
2516 3252 2803 3306 sacerdotii
2847 3252 3187 3323 dignitatem,
3228 3255 3453 3327 ﬁguram
3485 3260 3649 3314 ctiam

2071 3342 2210 3411 gerit
2256 3343 2500 3412 corporis
2552 3346 2917 3399 sacerdotum.
2964 3346 3375 3418 Superimponit
3430 3353 3650 3421 quidem

2075 3432 2536 3505 Christusiguem
2575 3446 2840 3501 aromata,
2893 3437 2946 3491 id
3003 3446 3087 3492 est
3128 3439 3430 3495 orazioncm
3487 3459 3653 3514 super

2070 3528 2472 3593 doctrinam,ct
2502 3529 2681 3598 operit
2727 3546 2890 3599 vapor
2926 3546 3114 3585 eorum
3170 3534 3404 3599 nebulae,
3457 3534 3508 3589 id
3568 3545 3653 3589 est

2070 3622 2336 3675 orationis
2370 3621 2564 3675 virtus.
2601 3620 2890 3676 Oraeulum
2953 3624 3091 3693 quod
3123 3634 3195 3676 est
3221 3640 3378 3693 super
3417 3627 3650 3677 testimo-

2069 3717 2240 3779 nium;
2304 3716 2354 3768 id
2387 3723 2491 3780 est,
2523 3731 2743 3770 carnem
2783 3732 2958 3780 suam,
2989 3731 3052 3769 ex
3083 3732 3187 3785 qua
3220 3717 3649 3785 propitiationo-

2066 3807 2151 3861 bis
2179 3808 2486 3877 conquisita
2517 3816 2604 3861 est
2634 3818 3000 3876 peccatorum,
3025 3817 3080 3860 ct
3106 3808 3161 3860 in
3199 3809 3422 3861 salutari
3452 3819 3534 3863 cst
3565 3810 3647 3863 vi-

2066 3899 2267 3953 delicet
2290 3902 2561 3968 passione.
2595 3898 2708 3953 lloc
2731 3910 2913 3953 autem
2945 3916 3065 3954 esse
3098 3901 3469 3957 testimonium
3490 3904 3650 3974 paulo

2067 3992 2320 4060 superius
2342 3990 2704 4044 ostendimus.
2733 3990 2800 4043 Et
2854 4006 2954 4043 non
2982 3993 3238 4045 morietur
3282 3997 3650 4063 corruptionis

2066 4092 2263 4145 morte,
2298 4096 2484 4151 nequc
2510 4080 2657 4135 enim
2712 4096 2837 4135 caro
2872 4081 2991 4150 eius
3034 4082 3172 4136 vidit
3216 4085 3647 4153 corruptionem,

2064 4175 2189 4245 quia
2208 4190 2408 4243 vapore
2435 4184 2739 4227 aromatum
2765 4173 2963 4227 virtute
2991 4174 3174 4243 utique
3200 4176 3464 4230 orationis
3486 4177 3647 4241 illius,

2065 4267 2435 4336 operiebatur,
2470 4266 2538 4319 de
2587 4281 2691 4335 qua
2756 4265 2923 4319 David
2976 4265 3070 4329 ait,
3107 4266 3385 4319 Christum
3433 4267 3649 4322 Patrem

2063 4360 2403 4428 deprecans:
2438 4356 2577 4422 Quia
2642 4372 2745 4409 non
2774 4356 3100 4425 derelinquas
3133 4357 3370 4410 animam
3404 4372 3575 4410 meam
3597 4359 3652 4412 in

2062 4450 2290 4520 inferno,
2316 4464 2481 4519 neque
2511 4446 2662 4500 dabis
2690 4456 2933 4499 sanctum
2970 4456 3119 4498 tuum
3156 4447 3328 4499 uidere
3353 4448 3652 4516 corruptio-

371 4556 544 4599 tarum
570 4547 750 4601 subter
782 4546 1093 4612 Cherubim,
1124 4559 1173 4601 et
1204 4547 1366 4618 imple
1387 4564 1577 4601 manus
1604 4558 1724 4601 tuas
1756 4548 1820 4601 de
1848 4564 1959 4601 me-
1993 4545 2034 4598 D
2066 4558 2184 4596 nem
2206 4540 2275 4597 ⁸³.
2306 4540 2468 4594 Ponit
2495 4546 2676 4592 autem
2708 4537 3081 4606 unusquisque
3108 4538 3364 4592 sacerdos
3392 4539 3461 4592 de
3491 4539 3651 4592 Chri-

369 4641 458 4693 dio
482 4641 850 4695 Cherubim".
876 4639 1014 4705 Quia
1042 4655 1170 4710 ergo
1197 4640 1369 4694 altare
1393 4639 1752 4708 intelligibile,
1782 4640 1836 4693 in
1856 4655 1967 4709 quo

372 4734 639 4788 carbones
658 4734 809 4805 ignis
835 4742 987 4798 sunt,
1031 4736 1220 4787 sedem
1245 4732 1544 4787 Cherubim
1573 4741 1791 4802 oportet
1811 4732 1970 4787 intel-

373 4826 484 4897 ligi,
519 4828 645 4882 audi
680 4828 875 4881 lsaiam
899 4828 1217 4881 dicentem:
1249 4825 1318 4877 Et
1361 4826 1496 4879 venit
1540 4825 1612 4878 ad
1638 4841 1718 4877 me
1749 4842 1883 4879 unus
1903 4827 1967 4880 de

369 4917 671 4987 Seraphim,
699 4927 746 4972 et
774 4920 830 4971 in
855 4934 1018 4971 manu
1048 4919 1164 4988 ejus
1200 4917 1452 4980 calculus,
1475 4933 1626 4986 quem
1655 4919 1851 4988 forcipe
1882 4930 1965 4972 tu-

371 5010 505 5064 lerat
532 5013 593 5064 de
620 5011 807 5077 altari,
845 5020 894 5064 et
932 5012 1102 5081 tetigit
1150 5028 1205 5065 os
1231 5028 1402 5066 meum
1433 5011 1498 5066 ⁷³.
1549 5010 1704 5076 Quod
1728 5028 1858 5084 ergo
1906 5014 1960 5067 in

370 5105 510 5158 cmlo
544 5113 627 5158 est
659 5105 829 5159 altare
864 5105 1031 5168 aliud,
1063 5105 1167 5159 nisi
1209 5103 1513 5160 Cherubim
1541 5104 1564 5157 ?
1600 5104 1706 5158 Sed
1740 5105 1848 5171 his,
1886 5107 1961 5160 si-

370 5198 628 5251 cutenim
660 5207 765 5252 tam
794 5198 1065 5269 pontifex,
1099 5215 1265 5268 quam
1314 5213 1433 5260 rex,
1486 5197 1627 5250 idem
1667 5207 1722 5251 ct
1773 5201 1959 5254 sedem

372 5290 556 5356 habet,
591 5302 646 5345 et
674 5291 845 5346 altare
873 5309 884 5345 :
923 5291 1028 5349 hoc
1053 5309 1185 5364 ergo
1210 5292 1413 5346 Paulus
1463 5293 1704 5347 Hebrmis
1751 5293 1959 5363 signiﬁ-

370 5396 504 5435 cans
533 5382 787 5437 diccbat:
836 5382 955 5436 Non
1015 5385 1152 5435 enim
1201 5384 1451 5436 habemus
1506 5381 1821 5453 pontiﬁcem,
1872 5383 1961 5451 qui

373 5491 479 5528 non
500 5485 667 5543 potest
705 5477 935 5545 compati
983 5476 1378 5544 inﬁrmitatibus
1428 5476 1641 5535 nostris,
1707 5483 1961 5526 tentatum

372 5574 554 5620 autem
588 5583 683 5636 per
735 5567 913 5620 omnia
943 5584 1037 5635 pro
1093 5568 1459 5627 similitudine,
1490 5568 1680 5635 absque
1729 5574 1959 5632 peccato.

444 5758 491 5788 "'
518 5757 719 5825 Ephes.
778 5770 841 5815 lt,
876 5753 965 5825 l8.
1043 5753 1088 5825 ’ᾖ
1124 5749 1316 5825 Matth.
1344 5768 1396 5814 v,
1438 5750 1526 5825 l7.

378 5831 399 5884 l
433 5822 583 5890 seqq.
658 5826 703 5856 ’⁸
737 5823 939 5882 Ezccb.
974 5840 1027 5890 Χ,
1064 5822 1111 5876 1.

1190 5749 1316 5803 itth.
1344 5768 1396 5814 v,
1438 5750 1526 5803 l7.
1603 5746 1840 5799 "Galat.
1892 5760 1966 5805 ιν,
2002 5744 2054 5797 4.
2133 5744 2178 5774 ⁷⁸
2207 5744 2336 5797 Luc.
2385 5758 2528 5805 xxxv,
2562 5744 2651 5795 21.
2729 5744 2773 5771 ⁷⁸
2804 5744 2941 5791 l’sal.
2985 5744 3210 5801 ινιιίθ.
3286 5744 3330 5766 ⁷⁷
3368 5744 3523 5788 toan.

1190 5823 1234 5852 7°
1261 5820 1359 5874 lsa.
1394 5838 1467 5886 si,
1504 5823 1555 5886 ﬁ,
1580 5821 1629 5873 '.’.
1708 5815 1755 5847 ⁸ο
1779 5816 1944 5870 llebr.
1982 5831 2055 5883 tv,
2100 5814 2180 5879 15,
2217 5814 2303 5868 l6.
2382 5814 2420 5844 "
2457 5813 2590 5867 ibid.
2668 5812 2712 5842 θ’
2751 5809 2895 5895 Psal.
2927 5824 3042 5878 CXL,
3072 5815 3124 5865 2.
3201 5808 3246 5839 "
3274 5805 3420 5861 Psal.
3447 5818 3528 5860 xv.

2071 4641 2155 4687 sto
2181 4633 2426 4701 loquens,
2449 4630 2506 4683 in
2536 4631 2713 4700 ignem
2755 4636 3016 4692 aromata,
3080 4628 3336 4708 spiritalis
3389 4629 3653 4685 doctrinae

2070 4724 2399 4789 orationem,
2456 4729 2513 4777 et
2562 4720 2825 4775 oratioms
2873 4720 3044 4774 virtus
3104 4722 3280 4790 operit
3345 4727 3648 4787 oraculum,

2075 4816 2220 4884 quod
2247 4824 2330 4868 est
2357 4829 2522 4883 super
2543 4811 2943 4866 testimonium.
3004 4809 3122 4865 Non
3150 4811 3417 4880 permittit
3468 4820 3649 4868 autem

2071 4926 2196 4964 eum
2233 4922 2478 4978 qua'rere
2503 4907 2569 4960 de
2599 4905 2950 4975 passionibus
3001 4903 3296 4958 Dominicte
3333 4904 3540 4968 Carnis,
3587 4918 3648 4956 ca

2070 5017 2191 5072 qua:
2251 5015 2419 5070 super
2482 4998 2738 5054 virtutem
2813 4997 3111 5066 quaerentis
3181 5003 3362 5059 sunt;
3425 5004 3482 5047 et
3537 5010 3645 5047 non

2022 5088 2037 5096 ’
2065 5095 2366 5173 ms‘rientur
2391 5109 2452 5148 ea
2485 5109 2606 5162 quae
2642 5092 2862 5146 deﬁnita
2909 5096 2994 5144 est
3043 5087 3420 5141 immoderatis
3467 5086 3647 5154 inqui-

2066 5189 2344 5250 sitoribus,
2372 5189 2464 5257 qui
2526 5202 2589 5241 ca
2652 5192 2908 5255 quatrunt
2972 5198 3093 5250 qua:
3162 5177 3478 5233 hominibus
3534 5194 3643 5231 non

2064 5283 2196 5337 libet
2233 5297 2498 5351 quzerere,
2534 5289 2728 5335 morte.

2138 5374 2300 5429 Vens.
2330 5374 2418 5427 lli.
2449 5394 2466 5424 σ
2496 5374 2671 5427 'l'ollct
2692 5385 2908 5441 quoque
2938 5368 3002 5423 de
3021 5364 3287 5435 sanguine
3308 5362 3457 5418 vituli
3487 5370 3538 5416 et
3559 5378 3648 5418 as~

2073 5477 2262 5539 pri-get
2294 5467 2459 5538 digito
2484 5469 2687 5536 septies
2711 5473 2899 5519 contra
2913 5459 3348 5531 propitiatoriurn
3371 5457 3439 5512 ad
3460 5458 3645 5511 orien-

2070 5570 2196 5614 tem.
2242 5581 2260 5612 ι

2133 5744 2178 5774 ⁷⁸
2207 5743 2336 5797 Luc.
2385 5758 2528 5805 xxiv,
2562 5742 2651 5795 21.
2729 5739 2773 5771 ⁷⁸
2804 5738 2941 5791 l’sal.
2985 5754 3131 5801 xvn,
3157 5738 3210 5792 9.
3286 5736 3332 5766 ⁷⁷
3368 5734 3523 5788 Joan.
3555 5747 3644 5802 xv,
