3988 6222
410 349 520 415 995
1413 336 1418 341 ’
1607 336 1967 402 HESYCHII
2006 334 2479 402 PRESBYTER!
3561 330 3650 396 996

480 465 610 524 Sive
638 471 697 519 ut
724 459 886 527 LXX,
926 463 1178 528 asperget
1228 453 1394 527 digito
1443 470 1543 512 suo
1577 470 1744 525 super
1801 456 1991 525 propi-
2020 460 2067 516 Α
2094 455 2217 509 dam
2252 470 2361 509 non
2400 467 2654 523 popuius,
2687 463 2838 506 nunc
2861 458 3043 506 autem
3081 449 3342 520 populus,
3380 463 3446 504 ex
3473 451 3651 520 quode

413 554 687 611 tiatorium
736 551 804 606 ad
856 550 1125 605 orientem
1186 555 1316 602 ante
1375 545 1571 601 faciem
1631 546 1991 616 propitiatorii
2096 545 2256 599 nobis
2284 544 2552 614 primitias
2572 542 2732 599 Jcsus
2762 542 3019 612 suscepit.
3058 541 3203 612 Ergo
3245 549 3305 595 ut
3334 539 3652 601 demonstra-

412 647 660 711 asperget
680 638 885 707 septies
917 638 1084 708 digito
1112 652 1234 692 suo.
1294 635 1632 693 Sacriﬁcium
1690 634 1992 706 Unigeniti,
2097 643 2202 700 ret,
2257 634 2326 689 de
2381 633 2586 690 Judaeis
2630 634 3006 705 principaliter
3061 634 3384 698 Christum,
3446 645 3654 708 propter

412 746 535 786 esse
560 729 781 800 quidem
819 729 940 797 ejus
965 728 1147 782 carnis
1183 742 1281 797 per
1300 728 1556 782 virtutem
1606 741 1794 780 rursus
1854 724 1993 780 divi.
2097 726 2395 787 Abraham,
2423 726 2800 796 cognationem
2828 740 2973 792 esse,
3000 726 3094 782 sed
3121 733 3311 781 tamen
3342 728 3518 783 omnis
3567 743 3654 784 no-

413 822 600 878 nitatis
619 823 758 891 ejus,
782 831 839 877 et
871 836 970 891 per
1000 819 1411 889 beneplacitum
1457 817 1657 880 Patris,
1694 818 1761 872 ad
1802 818 1997 873 remis-
2102 824 2237 873 strte
2263 824 2497 878 naturas,
2527 831 2647 884 qua:
2677 817 2732 870 in
2773 825 2997 886 peccato
3018 824 3101 871 est
3134 817 3407 886 primitias
3439 827 3654 887 portare,

415 916 627 971 sionem
695 921 1043 984 peccatorum
1111 920 1444 973 nostrorum,
1519 918 1573 964 et
1634 910 1996 978 erept'ouem,
2099 915 2324 976 propter
2351 904 2498 984 quod
2547 903 2717 959 Adam
2761 903 3065 975 appellatus
3097 911 3202 966 est,
3259 904 3490 959 vitulum
3516 905 3657 959 simul

414 980 787 1073 simulque-ad
818 1003 1020 1056 donum
1051 999 1572 1056 subministrationis
1616 999 1841 1069 spiritus
1870 1015 1997 1068 pcr-
2100 1006 2157 1051 et
2186 997 2397 1051 hircum
2429 980 2513 1049 lex
2557 995 2624 1049 ad
2654 997 2877 1064 ﬁguram
2923 994 3171 1049 sacriﬁcii
3209 994 3334 1064 ejus
3364 994 3653 1065 assumpsit.

416 1095 542 1166 agi,
593 1102 778 1163 aperte
834 1108 902 1149 ex
963 1094 1048 1148 his
1081 1131 1097 1157 ,
1148 1108 1270 1161 quae
1324 1106 1473 1145 nunc
1521 1091 1654 1145 dicit
1702 1092 1995 1160 legislator,
2099 1088 2238 1144 Cum
2278 1096 2460 1142 autem
2520 1100 2691 1143 unum
2760 1087 2831 1141 sit
2884 1086 3240 1150 sacriﬁcium,
3287 1086 3405 1141 sive
3454 1086 3654 1153 vitulus,

417 1187 820 1241 manifestatur.
853 1184 1064 1255 Digitus
1092 1184 1237 1238 enim
1270 1183 1538 1255 signiﬁcat
1576 1183 1832 1238 virtutem
1861 1183 2000 1237 divi-
2102 1181 2219 1236 sive
2252 1179 2443 1235 hircus
2468 1178 2810 1242 nominetur,
2833 1176 3175 1247 eﬁcctusque
3191 1168 3339 1231 uﬁus
3372 1176 3425 1230 in
3449 1185 3656 1244 utroque

418 1275 635 1342 nitatis;
669 1275 816 1329 unde
866 1275 1039 1328 David
1095 1274 1268 1329 dixit:
1327 1274 1589 1338 Quoniam
1617 1272 1800 1327 videbo
1848 1274 1999 1328 caelos
2095 1272 2190 1335 sit,
2218 1277 2570 1340 peccatorum
2601 1265 2751 1320 enim
2797 1279 2866 1321 ex
2911 1278 2978 1320 eo
3011 1263 3334 1334 proﬁigatur
3381 1263 3650 1330 absolutio,

421 1384 580 1437 opera
612 1370 899 1437 digitorum
940 1376 1169 1434 tuorum,
1202 1367 1404 1431 tunam,
1454 1377 1502 1420 et
1553 1365 1734 1419 stellas
1761 1383 1891 1437 quas
1943 1374 2002 1419 tu
2096 1359 2410 1417 necessarie
2438 1356 2752 1414 communia
2799 1364 2928 1410 sunt
2960 1370 3045 1420 ea,
3076 1370 3200 1425 quae
3233 1354 3291 1408 in
3327 1352 3651 1422 hirco:sgun-

421 1459 747 1529 fundasti“.
780 1458 1238 1528 Utrumque-ergo
1264 1457 1331 1512 ad
1365 1456 1666 1511 divinitatis
1702 1457 2003 1526 accipimus
2098 1463 2207 1518 tur,
2258 1460 2314 1505 et
2371 1449 2565 1505 vitulo.
2615 1447 2809 1503 Cernis
2851 1447 3019 1511 enim,
3068 1447 3199 1516 quia
3244 1446 3410 1501 etilm
3463 1444 3652 1499 hircum

419 1550 706 1616 virtutem,
735 1549 957 1618 ipseque
988 1547 1210 1617 sanguis
1251 1546 1408 1601 vituli
1459 1560 1628 1614 super
1679 1545 2003 1615 propitiato-
2097 1545 2380 1608 occidens,
2417 1551 2544 1597 ante
2580 1540 2869 1595 Dominum
2914 1538 3167 1593 videlicet
3200 1549 3439 1606 patrem,
3470 1544 3524 1590 et
3548 1550 3654 1589 san-

420 1639 564 1692 rium
617 1638 686 1691 ad
733 1637 1000 1690 orientem
1046 1635 1374 1705 aspergitur.
1429 1632 1512 1688 Ad
1561 1632 2003 1704 propitiationem
2098 1637 2316 1709 guinem
2354 1635 2601 1689 inferens
2629 1632 2682 1686 in
2726 1632 2989 1689 interiora
3041 1629 3353 1690 velatninis,
3419 1626 3470 1681 id
3502 1624 3656 1681 estad

422 1731 569 1785 enim
630 1738 896 1795 nostram,
967 1728 1238 1797 simulque
1292 1727 1769 1793 illuminationem,
1824 1724 2003 1795 passio
2101 1740 2334 1801 patrem.
2376 1727 2588 1781 Rursus
2641 1739 2773 1794 ergo
2827 1722 2976 1779 hunc
3026 1720 3264 1777 interius
3323 1717 3654 1788 intelligibilis

422 1816 676 1872 salutaris
727 1826 949 1885 veracia
1003 1824 1127 1868 est:
1187 1814 1332 1868 unde
1362 1814 1501 1883 ipsa
1563 1813 1748 1884 passio
1806 1812 2006 1867 dicitur
2036 1806 2408 1886 Bvclaminis,
2442 1817 2673 1873 visibilis
2698 1815 2955 1871 videlicet
2994 1814 3206 1871 Domini
3241 1812 3425 1869 carnis
3473 1808 3655 1864 intelli-

422 1911 886 1980 propitiatorium,
935 1909 1078 1962 sicut
1115 1906 1430 1977 frequenter
1462 1905 1820 1960 ostendimus.
1855 1904 2001 1959 Dici—
2100 1913 2204 1983 gis,
2230 1920 2413 1982 utpote
2437 1909 2769 1965 invisibilem
2792 1907 3032 1962 inferens
3049 1906 3375 1976 sanguinem
3401 1902 3515 1973 ejus
3531 1903 3653 1956 intra

423 2011 509 2057 tur
542 2012 722 2057 autem
754 2013 809 2056 et
828 2000 1051 2069 Oriens;
1081 1999 1158 2053 ait
1190 2002 1333 2053 enim
1363 1998 1431 2053 de
1466 2013 1531 2052 eo
1562 1998 1854 2052 Zacharias
1875 1996 2003 2051 Pro-
2107 2006 2310 2069 velum,
2346 2003 2496 2059 sicut,
2534 2011 2865 2072 praeceptum
2907 2008 3015 2054 est,

423 2095 620 2162 pheta:
660 2092 791 2144 Ecce
818 2092 919 2154 vir,
966 2091 1155 2145 Oriens
1202 2104 1391 2142 nomen
1443 2087 1578 2157 ejus,
1627 2095 1675 2139 et
1721 2087 1897 2141 subter
1943 2101 1998 2140 eo

2174 2096 2242 2151 Et
2268 2096 2330 2149 de
2357 2096 2611 2162 sanguine
2643 2091 2797 2146 rituti
2822 2097 3062 2160 asperget
3088 2087 3261 2157 digito
3280 2087 3470 2156 septies
3494 2088 3653 2137 contra

425 2186 712 2242 orietur".
755 2186 844 2238 Ait
870 2192 1052 2238 autem
1080 2191 1135 2238 et
1178 2181 1471 2236 Zacharias
1520 2180 1792 2245 sacerdos,
1851 2187 2001 2250 pater
2103 2177 2544 2248 propitiatorium
2597 2177 2668 2231 ad
2720 2177 2992 2232 orientem.
3026 2175 3126 2232 Vel
3166 2177 3314 2234 sicut
3350 2176 3489 2232 LXX
3525 2191 3657 2244 super

421 2274 683 2329 Joannis:
715 2273 779 2326 In
824 2272 1010 2342 quibus
1057 2287 1150 2323 nos
1197 2269 1454 2334 uisitauit,
1494 2268 1701 2334 Oriens,
1753 2283 1817 2321 ea:
1871 2266 2001 2331 alto,
2104 2270 2536 2341 propitiatorium
2594 2277 2719 2323 ante
2795 2269 2983 2339 {aciem
3036 2270 3422 2341 propitiatorii.
3478 2266 3655 2323 Deinde

422 2364 736 2420 Iliuminare
771 2365 852 2416 his
875 2363 965 2432 qui
992 2363 1047 2416 in
1102 2361 1322 2415 tenebris
1370 2361 1566 2426 sedent,
1622 2369 1671 2414 et
1712 2360 1766 2413 in
1818 2357 2006 2412 umbra
2104 2362 2235 2432 quid
2264 2360 2549 2431 sequitur?
2961 2352 2975 2365 ’

424 2455 699 2511 mortis".
727 2455 829 2507 Sed
855 2463 909 2508 et
950 2462 1139 2508 contra
1191 2452 1645 2522 pt'opitiatorium,
1697 2451 1753 2506 id
1807 2458 1891 2505 est
1950 2450 2005 2503 in
2178 2452 2342 2507 Vens.
2386 2452 2471 2507 16.
2514 2472 2533 2505 ι
2592 2453 2661 2508 Ει
2690 2453 2876 2523 expiet
2923 2454 3300 2509 sanctuarium
3332 2453 3402 2508 ab
3443 2451 3655 2506 immun-
3751 2439 3755 2442 ’

423 2553 723 2614 conspectu
762 2546 953 2614 patris,
984 2552 1236 2613 asperget
1280 2544 1502 2612 septies,
1548 2552 1606 2597 ut
1651 2551 1763 2596 tam
1814 2541 2005 2595 remis-
2107 2544 2256 2598 ditiis
2283 2545 2519 2599 ﬁliorum
2549 2544 2740 2617 Israel,
2769 2552 2880 2599 eta
2909 2543 3452 2616 praevaricationibus
3471 2554 3651 2601 eorum.

424 2639 637 2693 sionem
680 2643 1051 2705 peccatorum,
1085 2650 1248 2703 quam
1280 2634 1519 2703 Spiritus
1547 2635 1720 2688 sancti
1777 2634 2002 2697 donum,
2107 2637 2429 2706 cunctisque
2455 2638 2713 2707 peccatis.
2763 2656 2783 2689 ›

427 2734 496 2787 de
554 2732 843 2786 Dominico
878 2730 1143 2801 sanguine
1178 2746 1346 2799 gntus
1368 2729 1651 2783 hominum
1685 2728 2004 2799 susciperet.
2179 2728 2411 2783 Videtur
2469 2729 2691 2798 quidem
2742 2729 2810 2784 de
2875 2729 3230 2785 tabernaculo
3285 2730 3497 2792 dicere,
3542 2723 3655 2780 dicit

426 2825 732 2893 Utrumque
786 2822 936 2876 enim
991 2822 1338 2892 septenarius
1397 2836 1662 2874 numerus
1696 2819 2005 2889 ~signiﬁcat,
2108 2831 2290 2875 autem
2316 2836 2426 2875 non
2453 2820 2521 2876 de
2559 2836 2625 2875 eo
2648 2820 2793 2889 quod
2836 2820 3023 2876 sensui
3055 2821 3326 2893 subjacet.
3353 2819 3487 2886 Quid
3530 2815 3651 2871 enim

425 2920 551 2984 quia
579 2914 838 2969 videlicet
867 2922 1075 2979 septem
1106 2921 1235 2965 sunt
1261 2911 1404 2965 dona
1459 2908 1716 2979 Spiritus,
1762 2916 1818 2962 et
1865 2907 2006 2960 idem
2109 2912 2436 2983 expiationis
2468 2928 2565 2968 seu
2600 2913 3012 2983 propitiationis
3041 2913 3187 2984 ligna
3218 2906 3653 2986 egerint‘iquidvo

425 3023 690 3061 numerus
719 3012 1071 3075 peccatorum
1109 3002 1380 3074 signiﬁcat
1424 3001 1821 3056 remissionem.
1873 2998 2008 3053 Nam
2118 3007 2289 3075 pelles
2307 3006 2390 3060 vel
2409 3006 2708 3076 reliqua,ex
2727 3007 2925 3077 quibus
2941 3008 3356 3062 tabernaculum
3374 3003 3650 3060 Iudaeorum

366 3143 371 3147 .
424 3098 588 3151 l‘etro
639 3098 917 3150 Christum
969 3095 1362 3164 interrogante,
1398 3092 1459 3147 Si
1499 3091 1785 3162 peccaverit
1831 3092 1887 3143 in
1928 3105 2007 3144 me
2034 3146 2073 3169 η
2110 3100 2255 3169 (μιοά
2286 3099 2469 3153 sensui
2501 3100 2838 3169 subiacebat,
2871 3099 3184 3159 chfecuun
3215 3096 3486 3156 eransed
3521 3107 3653 3165 gene-

426 3191 593 3261 {rater
608 3204 772 3250 meus,
799 3188 997 3257 quoties
1025 3186 1292 3239 dimittant
1320 3187 1386 3250 ei,
1409 3200 1570 3254 usque
1583 3184 1769 3252 septies
1786 3184 1811 3236 Ξ)
1857 3182 2005 3238 Chti-
2033 3146 2075 3200 Ο
2111 3146 2402 3252 rlalitatetn,
2422 3191 2538 3246 sive
2563 3146 2730 3248 totam
2752 3146 2886 3249 dion
2907 3195 3187 3251 hominum
3208 3195 3465 3267 speciem.
3484 3146 3651 3247 sagum

424 3291 534 3336 εειιε
564 3282 673 3334 ait:
708 3280 828 3334 Νοη
851 3281 988 3345 άὶεο,
1021 3280 1232 3348 “Pii”,
1265 3278 1355 3330 δεά
1385 3293 1545 3347 usque
1572 3277 1865 3346 δθρίααθῖεδ
1888 3291 2008 3359 “Pf-
2109 3283 2256 3338 enim
2288 3284 2390 3339 fuit
2413 3286 2482 3340 ab
2507 3286 2668 3341 initio
2704 3303 2883 3370 massa
2924 3298 3133 3355 nostra,
3176 3291 3253 3345 ita
3302 3298 3361 3345 ut
3392 3286 3482 3342 Dei
3521 3285 3573 3339 in
3598 3296 3650 3336 ea

427 3373 602 3428 lies".
643 3372 1006 3441 ilultiplicans
1035 3385 1328 3424 numerum
1372 3369 1766 3438 septenarium.

2111 3380 2382 3436 habitaret
2411 3381 2658 3451 spiritus.
2695 3369 2854 3447 QuOd
2889 3382 3299 3440 demonstratur
3330 3398 3394 3439 ex
3421 3396 3504 3445 eo,
3530 3374 3649 3446 quod

497 3461 660 3517 Vens.
709 3462 796 3514 15.
860 3481 879 3512 r
935 3462 1185 3530 Cumque
1242 3459 1562 3513 mactaverit
1636 3458 1848 3513 hircum
1908 3474 2007 3529 pro

2109 3471 2326 3526 auferre
2357 3472 2491 3527 illud
2518 3471 2762 3527 irascens
2786 3472 3025 3528 minatus
3057 3483 3141 3529 est
3181 3474 3347 3538 Deus,
3384 3468 3583 3542 quando
3603 3463 3648 3520 hi

424 3562 654 3625 peccato
682 3554 890 3624 populi,
927 3553 1123 3608 inferet
1147 3552 1467 3622 sanguinem
1491 3552 1611 3620 ejus
1631 3552 1771 3605 intra
1804 3551 2004 3616 velum,
2108 3562 2199 3631 qui
2255 3576 2320 3616 ex
2353 3560 2489 3616 seut
2551 3562 2982 3628 descendebant,
3027 3546 3152 3618 cum
3206 3573 3388 3620 essent
3425 3558 3564 3633 justi,
3606 3562 3651 3609 et

426 3648 572 3700 sicut
607 3652 941 3715 praeceptum
974 3644 1152 3698 estde
1177 3642 1443 3714 sanguine
1460 3642 1639 3707 vituli,
1676 3650 1734 3696 ut
1757 3649 2007 3711 aspergat
2109 3653 2204 3707 ﬁm
2234 3653 2324 3709 θεῖ
2355 3654 2785 3724 appellarentur,
2827 3655 3288 3725 concupisoonws
3321 3670 3410 3710 eos
3455 3665 3562 3723 quo,
3594 3661 3648 3701 ες

425 3756 457 3791 C
490 3737 710 3808 regione
740 3736 964 3803 oraculi,
990 3745 1045 3790 ΕΙ.
1066 3736 1248 3804 expiet
1281 3733 1651 3789 sanctuarium
1680 3733 1749 3787 ab
1771 3734 2007 3787 ἰηιιιιυιι-
2109 3760 2172 3798 ea
2210 3744 2267 3799 in
2323 3756 2683 3816 posterosque
2715 3747 2835 3817 eius
2884 3762 2985 3817 per
3028 3748 3429 3803 successionem
3483 3739 3649 3813 genita:

425 3830 572 3883 ditiis
604 3829 836 3883 ﬁliorum
856 3828 1019 3882 lsrael
1046 3835 1118 3903 'et
1146 3844 1176 3882 a
1206 3827 1745 3899 praevaricationibus
1776 3842 1962 3882 eorum
1985 3865 2003 3893 ,
2108 3844 2256 3901 sunt,
2280 3852 2401 3907 qua;
2436 3845 2491 3891 ει
2512 3837 2635 3893 (ma,
2661 3838 2945 3893 hominum
2967 3839 3312 3904 dicebantur,
3343 3836 3497 3894 unius
3516 3842 3648 3904 sene.

426 3920 744 3988 οιιιιυιίδηυε
785 3920 1042 3989 Ρθευίιῑίεο
1087 3939 1106 3983 ν
2107 3930 2184 3985 ris
2225 3946 2350 3985 cum
2390 3929 2546 3985 malis
2590 3939 2648 3985 et
2690 3930 2889 3999 iniquis
2943 3929 3126 3985 eﬁ‘ecti
3153 3938 3303 3997 sunt,
3352 3927 3482 3983 dixit
3524 3919 3646 3977 enim

497 4012 869 4066 Admirandus
896 4022 981 4066 est
1007 4012 1308 4083 legislator,
1351 4010 1625 4066 sufﬁciens
1653 4011 1721 4066 ad
1778 4010 2004 4083 ﬁguram
2108 4022 2187 4076 sic
2223 4039 2238 4074 ε
2284 4022 2520 4077 Vident“
2549 4022 2649 4092 ﬁlii
2681 4021 2778 4076 Dei
2818 4022 2958 4092 ﬁlias
3003 4023 3295 4088 hominum,
3344 4018 3474 4092 quod
3507 4015 3645 4068 essent

428 4104 693 4181 mysterii,
716 4104 1138 4172 nullatenusque
1168 4105 1651 4174 reprehendendus
1672 4116 1756 4160 est
1775 4105 1828 4158 in
1863 4107 2005 4159 mul-
2106 4112 2358 4183 pulchris,
2391 4122 2699 4182 acceperunt
2725 4113 2825 4167 sibi
2846 4130 3033 4169 uxores
3058 4131 3121 4169 ea:
3142 4114 3379 4168 cornibus
3415 4124 3535 4181 quas
3558 4103 3644 4157 ειε-

429 4194 499 4245 tis
520 4192 710 4246 formis
736 4193 1096 4262 multiplicem
1145 4194 1641 4262 prwﬁgurationem
1693 4195 2004 4250 necessarie
2111 4216 2317 4276 gerunt,
2351 4217 2399 4260 et
2424 4207 2560 4260 dixit
2599 4205 2851 4260 Dominus
2886 4205 3199 4260 Deus:Non
3225 4199 3531 4276 permanebit
3554 4192 3642 4259 spi-

425 4284 693 4339 dividens.
740 4283 875 4350 Quia
905 4285 1053 4338 enim
1086 4285 1335 4339 Christus
1364 4286 1432 4341 de
1471 4285 1673 4341 Judaeis
1703 4288 2002 4342 secundum
2109 4301 2242 4353 τξιιισ
2267 4316 2411 4354 meus
2442 4300 2495 4352 in
2522 4299 2729 4352 nomine
2774 4299 2830 4351 in
2873 4307 3152 4363 attentum,
3204 4299 3329 4370 quia
3361 4307 3477 4347 caro
3513 4280 3640 4343 est”.

425 4390 670 4439 carnem,
705 4376 797 4445 qui
832 4377 932 4430 sub
954 4376 1083 4447 jugo
1115 4376 1246 4447 legis
1275 4377 1527 4431 vivebant
1561 4386 1712 4431 ortus
1734 4385 1834 4440 est,
1857 4386 2002 4432 recte
2113 4391 2253 4464 Ergo
2277 4394 2324 4448 si
2356 4392 2637 4448 habitabat
2663 4392 2888 4462 spiritus
2925 4392 3017 4447 υεί
3049 4385 3119 4447 io‘
3142 4390 3361 4446 nomine
3385 4387 3641 4449 antequam

425 4467 577 4521 vituli
612 4469 941 4523 sacriﬁcium
973 4469 1310 4525 nominatur.
1350 4470 1533 4541 Legati
1573 4473 1719 4526 enim
1773 4472 1919 4541 iugo,
1948 4480 2003 4526 et
2034 4502 2080 4558 ο
2107 4500 2300 4540 omnes
2319 4485 2471 4555 sequi
2501 4485 2785 4555 passiones
2822 4485 3008 4539 carnis
3045 4484 3330 4556 inciperet,
3364 4483 3533 4534 sancta
3548 4483 3642 4525 mc-

423 4565 721 4632 pertineuti
762 4567 830 4622 ad
855 4582 980 4620 eum
1038 4567 1363 4637 operationi,
1428 4574 1483 4621 et
1526 4568 1751 4637 iustitiae
1803 4567 2003 4621 vitulus
2108 4576 2213 4630 rito
2246 4584 2366 4630 erat
2401 4576 2684 4629 hominum
2714 4590 2927 4629 massa:
2955 4590 3081 4629 nam
3102 4590 3203 4630 nec
3240 4569 3492 4646 primitias
3514 4577 3569 4616 et
3588 4571 3641 4610 ea

424 4665 793 4723 comparatur,
848 4658 1039 4726 jugum
1083 4669 1381 4714 consuetus
1434 4660 1676 4722 trahere,
1718 4666 1881 4728 atque
1927 4659 2002 4713 ita
2108 4669 2341 4723 sanctus
2362 4676 2673 4721 sanctorum
2695 4676 3019 4722 assumeret,
3048 4667 3185 4732 Quia
3210 4675 3386 4721 autem
3404 4653 3643 4715 sordidata.

425 4755 626 4799 “3mm
649 4750 885 4817 οβθτίιτίο
927 4749 1064 4815 Ωιιίό
1102 4759 1282 4805 ειη-ειη
1314 4753 1615 4806 secundum
1645 4754 1788 4820 (tu0d
1816 4755 2000 4805 ωιτη·
2104 4770 2208 4824 est,
2242 4758 2479 4829 expiavit
2507 4773 2633 4813 cum
2678 4758 2748 4812 ab
2792 4758 3158 4813 immunditiis
3211 4758 3435 4812 ﬁliorum
3480 4739 3636 4802 Israel-

421 4848 585 4894 natus
611 4848 749 4906 erat,
784 4841 850 4896 de
873 4845 1147 4897 communi
1167 4860 1345 4900 massa
1372 4847 1651 4901 hominum
1688 4846 1860 4901 factus
1885 4855 1988 4911 cst,
2104 4849 2350 4905 Primum
2379 4850 2598 4921 quidem
2629 4851 2908 4905 sensibilis
2957 4851 3090 4920 ipsis
3119 4852 3242 4905 data
3272 4856 3353 4904 est
3384 4845 3483 4906 lex.
3532 4829 3636 4921 (ιιιίέ

364 4972 367 4975 ·
419 4942 711 5001 νιόυιετειι
744 4948 934 4987 ιίιτευε
956 4935 1142 4989 hircus
1187 4939 1509 5006 appellatur.
1556 4939 1825 5008 Asperum
1868 4955 1997 5009 ergo
2106 4916 2431 5012 transgressi
2495 4950 2641 5007 sunt,
2710 4956 2834 4995 reos
2892 4916 3014 4996 illo—s
3058 4941 3364 5001 maledicto,
3401 4939 3452 4986 et
3499 4916 3634 4980 metti

421 5021 524 5077 hoc
546 5022 749 5077 animal
785 5023 1018 5093 pilorum
1076 5024 1455 5082 indumentum
1508 5031 1696 5098 gerit:
1743 5045 1997 5099 asperum
2104 5035 2414 5098 constituit,
2485 5043 2547 5088 ut
2614 5045 2903 5104 propterea
2986 5036 3349 5089 necessariam
3408 5016 3635 5078 habere.le

419 5123 607 5170 autem
648 5124 838 5187 utpote
892 5126 1122 5188 peccato
1157 5118 1442 5185 refertum,
1484 5137 1646 5176 omne
1698 5122 1997 5176 viventiom
2105 5127 2496 5198 expiationem,
2529 5134 2583 5180 et
2618 5141 2718 5196 pro
2746 5126 2829 5180 eis
2879 5126 3101 5196 quidem
3131 5118 3487 5197 principaliter
3532 5116 3631 5159 utu-

418 5222 614 5275 genus,
648 5211 775 5278 quia
828 5210 968 5265 nihil
1002 5220 1089 5266 est
1124 5221 1352 5281 peccato
1385 5214 1654 5283 asperius.
1698 5213 1851 5269 Unde
1894 5216 1997 5269 hoc
2023 5213 2059 5281 μ
2107 5218 2273 5289 geniti
2312 5218 2627 5272 immolatur
2657 5216 3015 5273 sacriﬁcium:
3068 5217 3374 5272 immolatur
3406 5211 3562 5262 autem
3589 5198 3631 5244 τι

417 5300 718 5368 approbare
745 5310 931 5373 aperte
962 5303 1237 5375 legislator
1270 5303 1459 5362 volens
1501 5303 1708 5373 inquit:
2095 5324 2197 5380 pro
2247 5309 2506 5363 omnibus
2535 5307 2872 5375 hominibus,
2922 5310 2994 5364 ita
3051 5320 3110 5363 ut
3165 5306 3388 5378 Caiphos
3427 5293 3626 5352 dicere“

488 5386 726 5459 Cumque
796 5395 1110 5448 mactaverit
1146 5395 1352 5448 hircum
1386 5411 1481 5464 pro
1535 5406 1747 5466 peccato
1789 5397 1990 5467 populi.
2096 5402 2310 5472 Oportet
2353 5412 2410 5455 ut
2441 5419 2577 5456 unus
2617 5404 2772 5457 homo
2803 5405 3068 5456 moriatur
3124 5418 3220 5471 pro
3255 5393 3449 5471 rapula,
3478 5391 3519 5439 ει
3545 5387 3625 5472 ’[θπ

418 5470 618 5529 Totum
641 5476 728 5533 hic
750 5479 1060 5554 intelligens
1090 5484 1393 5540 humanum
1418 5501 1608 5558 genus,
1636 5489 1782 5558 quod
1816 5466 1965 5559 quon
2094 5466 2204 5547 tota
2246 5509 2367 5564 gens
2416 5503 2597 5562 pereat
2616 5494 2685 5552 ⁸⁸.
2725 5493 2991 5564 Quodque
3036 5466 3413 5551 dictumverat,
3464 5466 3626 5532 conﬁt”

420 5667 708 5797 tbtiit‘:sal.
740 5691 857 5741 vm,
888 5679 954 5737 4.,
1016 5683 1061 5716 ³⁵
1088 5682 1255 5740 Zacb.
1293 5703 1365 5748 vt,
1403 5687 1489 5741 12.
1569 5690 1614 5720 ⁸⁸
1637 5688 1769 5745 Luc.
1797 5706 1836 5757 ι,
1861 5691 1951 5745 78.

2044 5693 2071 5723 ιτ
2095 5691 2286 5748 Matth.
2320 5710 2472 5759 xviii,
2505 5694 2593 5761 2|,
2631 5694 2721 5752 22.
2799 5694 3002 5753 “Gen.
3042 5710 3114 5764 vr,
3160 5697 3263 5750 1-3.
3332 5689 3532 5744 "Joan.
3566 5685 3619 5725 ιι-
