3988 6222
293 425 402 494 997

1468 422 1548 484 ΙΝ
1589 419 2030 481 LEVl'l‘lCUM.
2068 445 2134 454 --
2175 419 2320 481 LIB.
2364 423 2428 483 V.

3458 425 3562 492 998

298 550 450 591 rans
487 532 758 604 simulque
797 543 855 589 et
905 535 1183 608 corrigens
1235 531 1562 606 evangelista
1623 531 1884 596 Joannes,
1914 527 2269 588 Abonum".
2324 529 2495 586 Nemo
2555 531 2832 589 cmlestem
2893 533 3370 591 conversationem
3431 543 3564 590 tune

293 626 536 682 addidit:
573 624 689 680 Hoc
722 635 896 680 autem
920 643 952 681 α
979 627 1254 697 semetipso
1283 643 1384 680 non
1447 625 1599 689 dixit,
1621 625 1712 678 sed
1755 639 1872 676 cum

294 728 426 773 esset
451 719 686 790 pontifex
717 719 846 773 anni
873 719 1038 784 illius,
1091 718 1438 790 prophetavit,
1472 719 1595 787 quia
1653 716 1876 770 moritu-

299 825 386 863 rus
419 812 558 865 esset
581 809 732 864 Iesus
761 827 856 881 pro
885 820 1056 882 gente,
1087 819 1136 865 et
1160 827 1262 864 non
1283 810 1451 864 solum
1473 825 1568 880 pro
1597 817 1764 879 gente,
1783 807 1874 861 sed

303 912 350 954 ct
381 903 517 971 ﬁlios
551 903 670 968 Dei,
704 905 793 973 qui
823 903 1046 972 dispersi
1076 911 1226 956 erant
1257 903 1312 956 in
1339 918 1504 954 unum
1567 899 1829 969 colligeret
1857 915 1870 952 :

305 1003 490 1064 gentes
533 994 808 1061 videlicet,
855 995 925 1048 de
971 994 1102 1065 ipsis
1133 993 1276 1049 enim
1329 993 1594 1048 Dominus
1625 991 1870 1046 dicebat:

304 1087 482 1144 Habeo
510 1087 647 1140 enim
683 1086 818 1140 alias
843 1101 978 1150 oves,
1011 1102 1128 1158 quae
1159 1101 1261 1138 non
1289 1095 1408 1138 sunt
1439 1084 1502 1137 de
1529 1083 1623 1136 hoc
1654 1081 1794 1146 ouili,
1827 1089 1874 1135 et

305 1176 426 1230 illas
468 1183 668 1244 oportet
697 1191 779 1228 me
799 1174 1042 1246 colliger’e
1063 1174 1131 1228 ⁹⁰.
1173 1172 1374 1244 Aperte
1406 1181 1588 1226 autem
1627 1171 1718 1224 lilii
1756 1168 1874 1236 Dei,

299 1269 472 1326 multo
502 1267 672 1339 magis
699 1277 825 1322 sunt
862 1265 1135 1333 lsraelitae,
1163 1265 1286 1336 quia
1305 1265 1470 1320 Israel
1497 1264 1687 1320 videns
1706 1263 1875 1317 Deum

299 1361 709 1428 interpretatur,
741 1366 797 1412 et
845 1357 1147 1413 secundum
1183 1355 1447 1413 rationem
1495 1369 1594 1426 pro
1633 1353 1875 1409 sensibili

298 1449 462 1504 Israel
504 1447 658 1506 lesus
689 1449 1018 1515 immolatus,
1071 1448 1120 1503 id
1157 1457 1240 1504 cst
1287 1447 1632 1511 sacriﬁcium,
1681 1455 1735 1501 ct
1778 1461 1876 1517 pro

299 1543 447 1598 omni
497 1542 740 1599 humano
777 1559 999 1616 genere,
1047 1544 1114 1598 ad
1168 1543 1537 1614 expiationem
1578 1542 1876 1596 immundi-

299 1637 494 1692 tiarum
523 1647 836 1692 nostrarum
867 1637 1083 1692 obtulit.
1105 1635 1343 1702 Quarum
1376 1632 1880 1690 innnnnditiarnm?

298 1730 355 1784 ιιι
385 1738 469 1785 est
497 1744 527 1784 a
550 1728 1098 1800 praevaricationibus
1129 1743 1342 1794 eorum,
1384 1728 1580 1798 inquit,
1637 1727 1878 1782 cunctis-

297 1838 402 1894 que
437 1822 698 1892 peccatis.
729 1821 944 1878 Animae
971 1821 1556 1892 quippeimmunditia,
1590 1835 1698 1874 non
1729 1835 1877 1872 mor-

299 1914 376 1969 tui
418 1913 668 1984 pollutio,
724 1930 833 1970 non
887 1915 1148 1986 porcinus
1203 1914 1378 1980 cibus,
1433 1929 1542 1968 non
1599 1911 1874 1982 quippiam

299 2007 445 2062 aliud
471 2007 670 2073 simile,
702 2009 800 2063 sed
837 2024 1038 2066 nocere
1068 2008 1316 2078 proximo
1345 2015 1448 2072 est,
1481 2015 1536 2060 et
1572 2021 1800 2075 peccare
1824 2005 1878 2058 in

299 2099 496 2163 Deum,
527 2099 613 2154 vel
645 2099 900 2153 mandata
923 2099 1037 2154 Dei.

367 2192 531 2248 Juxta
567 2193 704 2246 hunc
738 2193 900 2247 ritum
953 2193 1110 2264 faciet
1162 2189 1566 2244 tabernaculum
1597 2189 1880 2244 testimonii

299 2287 438 2354 quod
474 2283 637 2353 ﬁxum
671 2293 744 2340 est
766 2284 902 2337 inter
933 2299 1038 2349 eos,
1067 2283 1122 2336 in
1157 2283 1326 2336 medio
1343 2282 1564 2334 sortium
1595 2280 1880 2334 habitatio-
1917 2335 1922 2340 _

301 2378 383 2431 nis
411 2393 614 2439 eorum.
642 2375 840 2432 Nullus
868 2377 1138 2430 [taurinum
1173 2376 1239 2428 sit
1262 2377 1313 2428 in
1338 2373 1696 2440 tabernaculo,
1719 2389 1882 2443 quan-

299 2469 367 2521 do
398 2469 634 2538 pontifex
671 2469 964 2540 ingreditur
989 2469 1040 2521 in
1078 2467 1464 2531 sanetuarium,
1509 2476 1564 2520 ut
1595 2475 1735 2536 roget
1786 2482 1881 2535 pro

300 2579 355 2616 se
385 2572 433 2616 et
483 2578 580 2631 pro
609 2562 762 2616 domo
809 2577 925 2622 sua,
959 2570 1006 2614 et
1059 2576 1154 2628 pro
1208 2560 1448 2613 universo
1505 2569 1636 2612 cwtu
1687 2557 1877 2613 lsrael.

302 2653 460 2722 Quod
512 2654 598 2709 lex
657 2653 912 2725 superius
951 2651 1246 2723 appellavit
1303 2661 1509 2718 sancta,
1557 2668 1684 2708 ecce
1731 2669 1882 2708 nunc

302 2743 715 2798 tabernaculum
773 2741 1073 2797 testimonii
1109 2742 1370 2811 appellat,
1403 2742 1549 2812 quod
1591 2740 1758 2795 ﬁxum
1797 2751 1882 2796 est

302 2836 448 2890 inter
484 2849 600 2900 eos,
665 2835 721 2888 in
781 2833 963 2889 medio
995 2834 1224 2888 sortium
1273 2832 1630 2887 habitationis
1667 2847 1876 2887 eorum.

305 2925 432 2981 Sive
468 2926 770 2981 secundum
802 2925 942 2980 LXX
983 2924 1310 2980 tediﬁeatum
1363 2925 1418 2978 in
1447 2925 1547 2985 eis,
1589 2925 1642 2977 in
1699 2923 1882 2978 medio

301 3017 776 3074 immunditiarum
827 3035 1038 3074 eorum.
1073 3015 1272 3072 Eadem
1326 3017 1530 3087 quippe
1570 3018 1797 3081 ratione,
1829 3025 1883 3070 ct

301 3117 489 3164 sancta
518 3126 664 3174 esse,
727 3121 784 3166 et
820 3111 1115 3166 testimonii
1147 3108 1407 3180 appellari
1447 3108 1877 3172 tabernaculum,

1977 620 2327 690 sequebatur,
2355 637 2460 677 nec
2483 623 2701 695 dignam
2729 625 2937 680 calesti
2957 626 3182 682 homine
3208 624 3560 696 sapientiam,

1979 713 2282 782 usquedum
2320 714 2374 767 in
2411 723 2600 770 sancto
2626 718 2860 786 propriae
2879 720 3064 774 carnis
3081 730 3290 789 rogaret
3321 732 3420 788 per
3432 731 3564 772 cru-

1977 818 2119 870 cem,
2150 812 2206 859 et
2235 819 2488 876 egressus
2508 816 2594 862 est
2617 823 2684 862 ex
2721 823 2786 864 ea
2835 809 2953 881 lege
2985 810 3294 865 communis
3337 807 3555 873 mortis,

1976 895 2234 950 cmittens
2257 897 2534 965 spiritum,
2557 907 2612 953 et
2632 914 2853 956 carnem
2893 903 3216 973 relinquens
3262 903 3317 956 in
3375 902 3565 972 sepul-

1977 999 2110 1048 cro,
2148 985 2293 1054 quod
2335 987 2456 1056 ejus
2505 988 2796 1044 evidenter
2845 993 3024 1046 exitus
3062 993 3394 1047 nominatur.
3457 991 3565 1046 Sed

1977 1091 2088 1132 non
2140 1081 2480 1149 generalitati
2535 1083 2780 1137 omnium
2833 1083 3119 1140 hominum
3178 1085 3383 1156 profuit
3449 1085 3561 1139 hoc

1978 1170 2122 1239 quod
2146 1187 2294 1226 nunc
2328 1181 2412 1226 est
2446 1176 2755 1245 expositum
2787 1177 3132 1232 sacriﬁcium.
3161 1177 3353 1232 Nullus
3387 1178 3570 1232 homi-

1978 1277 2111 1316 num
2146 1263 2235 1328 sit,
2274 1263 2469 1334 inquit,
2528 1267 2582 1320 in
2615 1267 2991 1334 tabernaculo,
3043 1275 3262 1340 quando
3311 1268 3564 1323 Pontifex

1977 1354 2287 1424 ingreditur
2321 1359 2374 1410 in
2404 1361 2782 1414 sanctuarium
2803 1369 2864 1415 ut
2894 1371 3064 1430 roget.
3101 1362 3264 1432 Atqui
3303 1361 3356 1414 in
3393 1361 3568 1415 sacri-

1979 1445 2106 1500 ﬁcio
2140 1449 2286 1517 quod
2331 1459 2418 1504 est
2467 1452 2768 1506 secundum
2806 1452 3062 1519 litteram,
3119 1454 3267 1508 solus
3322 1465 3569 1524 praesens

1980 1549 2126 1593 esset
2155 1541 2388 1610 populus
2425 1539 2761 1598 Iudaeorum.
2791 1541 2908 1597 Non
2933 1554 3114 1598 autem
3175 1545 3352 1597 omnis
3403 1541 3568 1596 homo

1981 1631 2049 1686 de
2083 1632 2440 1688 tabernaculo
2491 1635 2791 1688 secundum
2839 1643 3054 1705 tempus
3097 1635 3370 1698 sacriﬁcii,
3419 1633 3568 1703 quod

1982 1738 2130 1779 nunc
2156 1723 2362 1778 dictum
2393 1731 2496 1787 est,
2520 1725 2947 1780 excluderetur:
2975 1726 3071 1780 sed
3086 1726 3372 1798 signiﬁcat,
3402 1739 3568 1779 ornne

1984 1814 2271 1870 hominum
2298 1831 2490 1886 genus,
2523 1825 2740 1872 terrena
2767 1833 2916 1872 nunc
2954 1833 3164 1888 sapere,
3217 1824 3273 1872 ct
3324 1818 3378 1871 in
3436 1832 3570 1887 pec-

1985 1907 2122 1961 catis
2147 1922 2289 1972 esse,
2318 1922 2381 1961 ac
2417 1915 2709 1978 propterea
2753 1909 2809 1962 in
2842 1908 3168 1980 intelligibili
3212 1907 3568 1962 tabernaculo

1983 2001 2284 2055 testimonii
2320 2011 2468 2056 recte
2499 2017 2608 2056 non
2635 2001 2892 2057 inveniri.

2053 2091 2217 2148 Vrsas.
2254 2092 2460 2155 18,19.
2499 2113 2518 2145 ς
2555 2094 2696 2148 Cum
2755 2103 2940 2148 autem
3011 2091 3206 2148 exierit
3253 2091 3322 2146 ad
3371 2090 3568 2156 altare,

1982 2185 2130 2254 quod
2164 2201 2348 2240 coram
2401 2184 2636 2240 Domino
2663 2193 2748 2240 est
2780 2177 2901 2240 oret
2937 2200 3038 2255 pro
3082 2199 3142 2240 se
3180 2191 3233 2238 et
3287 2190 3565 2251 sumptum

1981 2279 2308 2350 sanguinem
2363 2279 2520 2334 vituli
2555 2289 2720 2349 atque
2766 2278 2901 2334 hirci
2929 2278 3124 2333 fundat
3163 2292 3328 2347 super
3358 2290 3564 2330 cornua

1980 2369 2102 2437 ejus
2125 2386 2224 2438 per
2251 2385 2464 2440 gyrum,
2500 2385 2874 2440 spargensque
2898 2369 3067 2440 digito
3097 2369 3320 2438 septies,
3353 2367 3561 2437 expiet,
3641 2427 3644 2430 ,

1983 2455 2402 2526 sanetiﬁcetquc
2500 2455 2634 2512 illud
2725 2456 2795 2511 ab
2886 2456 3250 2511 immunditiis
3333 2454 3566 2508 ﬁliorum

1982 2549 2172 2604 lsrael.
2221 2567 2240 2601 ι

2051 2640 2189 2707 Quia
2227 2656 2350 2712 qum
2388 2641 2568 2708 vituli,
2591 2649 2648 2697 et
2678 2641 2816 2696 hirci
2845 2649 3052 2706 essent,
3087 2639 3219 2694 satis
3253 2640 3307 2694 in
3335 2638 3422 2693 bis
3447 2653 3570 2709 quae

1983 2733 2128 2788 dicta
2168 2743 2318 2798 sunt,
2345 2735 2696 2803 explanatum
2729 2741 2832 2786 est.
2883 2731 3061 2786 Simul
3108 2732 3254 2786 enim
3284 2734 3572 2800 utriusque

1984 2844 2210 2884 sumens
2259 2830 2606 2900 sanguinem,
2665 2843 2946 2898 unumque
3006 2827 3138 2882 illud
3194 2825 3572 2898 conjunctioni

1983 2921 2390 2985 demonstrans,
2436 2934 2602 2990 super
2635 2935 2842 2975 cornua
2868 2919 3058 2973 altaris
3093 2920 3268 2989 ponit,
3297 2935 3394 2972 seu
3441 2919 3573 2972 fun-

1983 3013 2083 3066 dit.
2137 3011 2248 3067 Sed
2305 3011 2435 3081 quid
2491 3011 2644 3082 agit?
2717 3010 3069 3080 Quweunque
3127 3010 3369 3080 mysterii
3431 3009 3569 3064 ordo

1986 3103 2173 3175 exigit,
2201 3111 2258 3157 et
2283 3103 2690 3172 consequentiae
2714 3102 2830 3156 vult
2865 3102 3054 3172 ﬁgura,
3079 3117 3240 3172 quam
3271 3117 3396 3154 cum
3419 3101 3570 3155 otnni

301 3192 481 3258 massa
518 3212 700 3257 nostra
725 3211 924 3272 potest.
987 3201 1042 3257 Si
1071 3203 1218 3256 enim
1275 3202 1685 3256 tabernaculum
1723 3203 1876 3257 testi»
1904 3211 1948 3270 ο
1985 3195 2294 3250 subtilitate
2323 3194 2602 3263 legislator
2625 3195 2842 3264 scripsit
2866 3203 3054 3263 postea
3078 3201 3330 3246 nostrum
3381 3208 3574 3263 egres-

301 3293 472 3348 Inonii
531 3295 728 3349 caelum
789 3295 1055 3360 diximus,
1115 3305 1264 3348 recte
1321 3304 1508 3348 sancta
1565 3297 1882 3371 nominatur
1927 3349 1930 3352 ί

301 3386 542 3442 caelestis
567 3394 756 3441 noster
779 3386 962 3450 homo,
991 3387 1059 3441 de
1089 3401 1198 3457 quo
1225 3385 1302 3452 ait
1325 3384 1555 3440 Paulus:
1594 3384 1738 3441 Sicut
1762 3404 1885 3456 por-

302 3482 532 3536 lauimus
587 3480 870 3550 imaginem
915 3480 1128 3544 terreni,
1177 3488 1443 3548 portemus
1495 3487 1543 3532 et
1597 3479 1883 3550 imaginem

303 3572 520 3627 cmlestis
537 3573 604 3626 ⁹¹.
643 3571 886 3626 Rursus:
922 3569 979 3625 Si
1012 3571 1272 3624 terrestris
1297 3571 1482 3624 domus
1511 3581 1688 3625 nostra
1727 3571 1882 3642 ltnjus

302 3665 643 3718 habitationis
667 3663 1004 3728 dissolvatur,
1038 3665 1289 3717 habemus
1315 3665 1719 3732 mdiﬁcationem
1767 3682 1882 3734 qua:

303 3770 370 3808 ea:
406 3753 510 3808 Deo
543 3763 639 3820 est,
687 3755 900 3808 domum
951 3771 1053 3807 non
1082 3771 1244 3807 manu
1287 3756 1504 3826 factum,
1553 3765 1803 3808 a’ternam
1829 3755 1885 3807 in

305 3846 445 3901 malis
461 3847 528 3901 θ’.
556 3845 723 3900 Recte
747 3861 876 3918 ergo
911 3854 1162 3900 sanctum
1198 3847 1535 3909 nominatur,
1565 3849 1689 3916 quia
1717 3847 1886 3902 aediﬁ-

303 3952 460 3994 catus
492 3947 576 3994 est
602 3939 656 3992 in
685 3938 863 3994 nobis.
899 3937 1138 3990 Primum
1174 3938 1311 3991 enim
1343 3939 1588 4009 formavit
1632 3939 1886 3993 Dominus

303 4031 449 4086 Deus
472 4033 536 4086 de
563 4031 774 4101 pulvere
805 4042 960 4086 terra:
989 4031 1274 4096 hominem,
1299 4042 1347 4086 et
1378 4043 1500 4086 tunc
1525 4033 1808 4102 insuﬂiavit
1833 4034 1885 4086 in

305 4123 494 4195 faciem
515 4106 629 4192 ejus
649 4111 896 4194 spiritum
927 4123 1042 4176 vitta
1055 4120 1125 4176 θ’.
1161 4119 1259 4176 llic
1286 4130 1520 4189 estergo
1547 4131 1737 4176 noster
1773 4136 1888 4175 c0:-

306 4215 460 4270 lestis
500 4215 684 4280 homo,
722 4215 814 4284 qui
851 4217 906 4269 in
943 4215 1126 4270 medio
1166 4213 1633 4268 immunditiarmn
1668 4221 1888 4267 nostra-

307 4323 431 4361 rum
463 4314 566 4374 est,
597 4307 689 4377 qui
723 4307 884 4361 etiam
918 4297 1273 4377 passionibus
1294 4307 1476 4361 carnis
1519 4313 1884 4377 oppugnatur,

307 4397 611 4452 secundum
653 4399 798 4468 quod
849 4399 1048 4452 Paulus
1101 4399 1270 4453 dixit:
1323 4399 1476 4452 Video
1531 4399 1669 4452 enim
1721 4397 1890 4451 aliam

307 4489 474 4562 legem
491 4491 547 4543 in
565 4491 806 4544 membris
828 4492 976 4554 meis,
1001 4500 1376 4562 repugnantem
1403 4491 1504 4561 legi
1530 4492 1716 4544 mentis
1736 4505 1885 4556 mew,

1983 3303 2105 3344 sum
2161 3289 2232 3344 ad
2288 3289 2480 3353 altare,
2551 3288 2698 3357 quod
2755 3295 2840 3341 est
2891 3302 3076 3340 eorum
3122 3285 3372 3340 Domino.
3434 3283 3577 3338 Dicit

1983 3390 2166 3436 autem
2197 3396 2346 3447 eum,
2375 3380 2470 3450 qui
2501 3385 2584 3434 est
2615 3378 3008 3451 thymiamatis,
3035 3379 3180 3448 quod
3231 3392 3353 3431 esse
3385 3377 3573 3430 sedem

1983 3475 2668 3535 Cberubimostcndimus.
2728 3489 2856 3529 cum
2917 3488 3082 3528 carne
3133 3471 3460 3535 ascendens,
3518 3479 3576 3525 et

1985 3573 2228 3618 nostram
2266 3563 2322 3616 in
2376 3577 2442 3618 eo
2473 3562 2846 3632 captivitatem
2893 3561 3219 3626 sublevavit,
3265 3559 3427 3614 simul
3472 3573 3576 3612 nos

1984 3657 2278 3720 suscitans,
2302 3665 2356 3710 et
2385 3656 2580 3710 sedere
2603 3655 2814 3710 faciens
2851 3654 2903 3707 in
2929 3653 3118 3707 dextra
3145 3653 3200 3706 in
3232 3651 3572 3706 cmlestibus.

1985 3749 2052 3806 Et
2079 3759 2357 3819 sumptum
2399 3749 2723 3820 sanguinem
2767 3747 3190 3814 cll‘unditsupcr
3215 3755 3420 3797 cornua
3455 3741 3576 3811 ejus

1985 3857 2086 3912 per
2111 3855 2319 3911 gyrum,
2349 3853 2756 3910 aspcrgensque
2793 3837 2964 3907 digito
3021 3835 3244 3905 septies,
3283 3835 3466 3903 expiet
3521 3841 3579 3911 et

1987 3931 2292 3988 sanctitieet
2358 3930 2491 3985 illud
2550 3931 2619 3984 ab
2677 3927 3048 3983 immunditiis
3097 3926 3332 3980 ﬁliorum
3386 3923 3574 3978 lsrael.

1987 4025 2124 4092 Quia
2161 4023 2380 4094 propria
2421 4022 2678 4092 passione
2707 4036 2816 4075 non
2862 4019 3038 4074 solum
3073 4031 3278 4073 cornua
3309 4017 3448 4086 ejus,
3485 4016 3578 4086 qui

1988 4117 2152 4193 estin
2189 4115 2328 4171 caelo
2355 4115 2564 4176 altaris.
2599 4115 2834 4170 virtutes
2885 4113 3099 4169 scilicet
3150 4113 3476 4184 praecipuas,
3525 4120 3580 4164 et

1990 4210 2292 4282 generales,
2324 4209 2672 4278 sapientiam,
2707 4208 3080 4264 fortitudinem
3103 4247 3117 4272 ,
3147 4205 3411 4275 justitiam
3438 4245 3453 4270 ,
3483 4219 3580 4257 ea-

1992 4300 2236 4354 stitatem
2273 4299 2659 4354 sanctiﬁeavit:
2692 4315 2814 4370 qua:
2858 4313 3065 4354 cornua
3102 4296 3400 4350 Cberubim
3435 4303 3579 4348 recte

1991 4401 2144 4459 sunt,
2209 4392 2410 4464 ﬁguras
2465 4395 2613 4447 enim
2673 4409 2862 4448 eorum
2921 4391 3147 4446 cmleste
3203 4390 3306 4444 huc
3373 4387 3578 4441 animal

1995 4487 2179 4552 habet,
2213 4485 2270 4541 in
2311 4503 2659 4557 personaque
2693 4486 2934 4541 hominis
2963 4497 3020 4538 et
3049 4481 3222 4538 leonis
3251 4490 3304 4536 et
3336 4479 3491 4534 vituli
3526 4487 3576 4533 ct

307 4590 358 4636 et
385 4582 648 4650 captivum
679 4598 760 4635 me
787 4582 1055 4635 ducentem
1086 4581 1142 4634 in
1177 4581 1286 4650 lege
1329 4581 1548 4650 peccati,
1583 4595 1700 4644 qua:
1729 4587 1801 4632 est
1833 4581 1890 4633 in
1923 4583 1966 4641 D
1993 4581 2190 4650 aquilas
2226 4581 2384 4652 gerit,
2432 4579 2715 4650 sapientiae
2741 4568 2966 4648 quidem
2991 4575 3046 4630 in
3087 4588 3324 4645 persona
3380 4571 3578 4634 leonis,

307 4671 556 4727 membris
580 4673 709 4728 meis
724 4673 792 4727 “.
825 4671 1054 4744 Propter
1076 4673 1224 4744 quod
1247 4671 1412 4727 nimis
1440 4673 1527 4728 lex
1559 4687 1893 4744 consequen-

307 4778 392 4820 ter
411 4763 655 4820 subdidit
682 4781 698 4820 :

383 4853 542 4910 Vens.
578 4855 663 4908 Π.
699 4873 716 4905 ι
755 4853 946 4908 Nullus
978 4853 1141 4908 homo
1167 4852 1236 4909 sit
1273 4853 1326 4908 in
1355 4853 1708 4909 tabernaculo
1740 4855 1892 4910 testi-

305 4945 502 5011 monii,
523 4946 744 5017 quando
770 4947 1015 5016 pontifex
1046 4946 1356 5016 ingreditur
1385 4954 1446 5001 ut
1486 4959 1638 5019 roget
1670 4963 1771 5019 pro
1812 4964 1892 5017 se,

307 5049 362 5093 et
393 5054 490 5108 pro
525 5039 690 5094 domo
711 5053 829 5105 sua,
850 5048 906 5095 et
925 5055 1022 5110 pro
1051 5039 1310 5095 universo
1333 5049 1478 5096 coetu
1503 5039 1687 5095 Israel.
1727 5059 1746 5092 ι

381 5133 612 5199 Quando
638 5135 785 5190 enim
805 5132 1059 5190 Christus
1107 5133 1414 5206 ingreditur
1443 5135 1498 5189 in
1531 5143 1802 5200 sanctum,
1839 5135 1892 5191 id

307 5235 414 5292 est,
449 5227 668 5297 quando
686 5227 1096 5300 incarnabatur,
1118 5227 1395 5282 cmlestem
1424 5227 1702 5283 hominem
1733 5236 1895 5298 atque

306 5332 378 5372 ex
411 5317 570 5373 nobis
599 5317 870 5389 primitias
897 5317 1172 5384 sumebat,
1207 5333 1368 5372 nemo
1387 5325 1506 5372 erat
1534 5319 1590 5372 in
1638 5317 1896 5389 intelligi-

308 5409 407 5466 bili
439 5409 795 5466 tabernaculo
819 5409 1140 5474 testimonii,
1166 5425 1270 5466 nec
1290 5410 1508 5482 gentilis
1530 5425 1634 5465 nec
1657 5409 1892 5464 circum-

308 5501 477 5565 cisus,
513 5517 614 5557 nec
646 5502 832 5566 levita,
867 5517 972 5559 nec
993 5503 1264 5565 sacerdos,
1299 5502 1424 5572 quia
1459 5518 1634 5556 omnes
1653 5501 1889 5556 declina-

313 5603 518 5656 verunt,
549 5596 716 5649 simul.
757 5593 972 5652 inutiles
1004 5595 1134 5664 facti
1172 5603 1315 5661 sunt,
1353 5610 1454 5656 non
1478 5602 1557 5648 est
1609 5595 1696 5662 qui
1725 5593 1889 5664 faciat

385 5795 432 5822 "
455 5793 612 5848 Joan.
637 5807 690 5857 ιι,
729 5795 815 5857 is.

315 5853 362 5887 ’⁵
394 5863 557 5922 Hebr.
592 5853 781 5935 15725;

1987 4673 2218 4744 iustitiae
2277 4674 2334 4727 in
2398 4687 2634 4743 persona
2691 4670 2870 4736 vituli,
2913 4666 3182 4724 castitatis
3229 4665 3283 4719 in
3346 4674 3582 4734 persona

1989 4768 2216 4838 aquilas:
2246 4766 2312 4821 de
2350 4767 2550 4836 quibus
2590 4764 2806 4836 plenius
2853 4763 2905 4817 in
2949 4761 3234 4832 propheta:
3277 4753 3580 4812 Ezechielis

1991 4859 2445 4930 interpretatione
2476 4859 2604 4913 olim
2633 4857 3008 4926 exposuimus.

2064 4951 2254 5020 Expiet
2285 4958 2333 5004 et
2354 4949 2645 5017 sanctiﬁcat
2677 4947 2812 5001 illud
2846 4947 2912 5000 ab
2947 4943 3304 4998 immunditiis
3347 4939 3578 5009 filiorum

1993 5043 2185 5099 Israel.
2208 5043 2416 5098 Christi
2457 5042 2604 5096 enim
2646 5039 2918 5096 sacriﬁcio
2962 5041 3255 5109 expiantur
3307 5047 3363 5088 et
3415 5030 3579 5086 ecule—

1995 5137 2099 5191 stia
2121 5137 2190 5200 ",
2217 5135 2290 5190 ita
2322 5145 2381 5189 ut
2411 5134 2614 5190 Paulus
2647 5133 2889 5188 diceret:
2917 5131 3280 5186 diﬂ‘erentiam
3327 5122 3578 5194 legalium

1993 5225 2410 5288 sacriﬁciorum,
2455 5235 2514 5279 et
2559 5221 2829 5294 unigeniti
2889 5219 3180 5276 ostendere
3215 5214 3404 5269 volens
3441 5223 3573 5264 :ne-

1995 5332 2152 5371 cesse
2181 5325 2267 5371 est
2303 5329 2434 5386 ergo
2475 5312 2806 5383 exemplaria
2842 5309 3142 5366 caelestium
3180 5307 3266 5360 bis
3305 5299 3577 5360 mundari.

1998 5409 2115 5479 ipsa
2155 5417 2336 5482 autem
2367 5407 2616 5462 cmlestia
2667 5404 2972 5476 majoribus
3019 5397 3212 5456 hostiis
3245 5409 3405 5467 quam
3437 5393 3577 5482 istis.

1999 5498 2106 5552 Sed
2169 5496 2327 5567 cujus
2387 5495 2466 5550 rei
2523 5493 2695 5566 gratia
2751 5491 3061 5561 expiatione
3117 5501 3258 5558 opus
3305 5481 3578 5540 habebant

1999 5590 2244 5645 etelestia
2278 5587 2552 5659 lcgislator
2583 5585 2844 5652 ostendit,
2874 5585 3093 5639 dicens:

891 5793 937 5828 "
971 5793 988 5847 l
1019 5792 1146 5848 Cor.
1207 5810 1297 5862 xv,
1330 5795 1418 5849 49.
1498 5795 1542 5826 ⁸³
1578 5791 1618 5846 ll
1657 5792 1782 5848 Cor.
1817 5807 1871 5856 v,
1901 5793 1949 5844 l.
2033 5790 2232 5844 “Gen.
2303 5804 2363 5852 ιι,
2397 5790 2448 5842 7.
2525 5787 2570 5819 ”
2596 5784 2758 5842 Rom.
2811 5801 2908 5852 vn,
2943 5785 3032 5838 E3.
3107 5775 3323 5836 "Psal.
3372 5799 3492 5844 χιιι,
3519 5776 3575 5832 5.
