4030 6240
497 370 605 437 999

1687 361 2050 422 HESYCHII
2085 360 2557 421 PRESBYTERI

3642 351 3802 421 10m

561 480 753 551 Expiet
791 477 1186 547 sanctiﬁcetque
1214 476 1347 530 illud
1373 473 1808 529 abimmtttulitiis
1840 473 2075 543 ﬁliorum
2106 480 2148 537 Α
2181 475 2377 528 emittit
2416 488 2539 527 eum
2595 487 2692 542 per
2722 468 2997 526 hominem
3052 478 3303 543 paratum
3335 468 3393 524 in
3455 467 3801 524 desertum.

489 570 679 627 Israei.
710 567 985 634 Quantum
1003 568 1225 638 quidem
1269 566 1337 621 ad
1367 565 1630 620 caelorum
1663 566 1914 630 virtutes,
1956 580 2067 618 non

488 673 710 714 necesse
739 667 858 711 erat
884 658 1141 727 quaelibet
1184 657 1445 726 expiatio,
1478 655 1606 725 quia
1659 656 1713 709 in
1759 654 2068 711 sanctiﬁca-

488 752 636 806 tione
661 751 921 806 continua
951 757 1377 805 conversantur:
1423 749 1518 802 sed
1560 748 1689 818 quia
1715 747 1973 817 frequens
2000 747 2069 802 ad

486 846 655 900 ewlos
700 851 1019 899 nostrorum
1054 850 1407 912 peccatorum
1452 839 1703 895 ascendit
1748 838 1952 904 fumus,
2002 840 2070 895 de

486 953 593 1007 quo
623 936 981 992 dixitDavid:
1017 935 1262 988 Ascendit
1297 935 1470 1005 fumus
1491 934 1550 985 in
1574 933 1659 985 ira
1698 933 1834 1003 ejus,
1864 944 1910 987 et
1933 933 2069 1002 ignis

486 1030 623 1100 facie
649 1029 763 1098 ejus
794 1027 1184 1082 exardescit":
1221 1026 1294 1080 ita
1328 1035 1386 1080 ut
1418 1027 1565 1082 Deus
1593 1026 1662 1082 ad
1699 1026 1896 1082 Jonam
1925 1026 2069 1081 dice-

487 1130 605 1173 ret:
650 1120 790 1173 Vade
820 1124 891 1173 ad
930 1119 1160 1173 Niniven
1190 1119 1460 1173 civitatem
1512 1136 1783 1190 magnam,
1835 1128 1886 1172 et
1929 1135 2063 1187 pra:-

486 1211 606 1263 dica
637 1211 775 1262 inca
817 1211 1251 1279 prcedicationem
1306 1226 1463 1280 quam
1503 1226 1596 1281 ego
1656 1210 1840 1280 loquor
1880 1211 1950 1264 ad
1997 1220 2065 1273 te,

484 1302 613 1369 quia
673 1300 883 1354 malitia
906 1300 1020 1370 ejus
1060 1302 1293 1355 ascendit
1346 1317 1525 1355 coram
1575 1302 1734 1355 me".
1764 1302 1832 1355 Et
1880 1315 2070 1356 rursus

487 1391 558 1445 ad
618 1391 893 1444 Abraham
946 1392 1015 1446 de
1063 1391 1347 1447 Sodomis:
1407 1393 1755 1457 Descendam,
1789 1402 1839 1447 et
1887 1392 2069 1446 videbo

448 1510 449 1513 η
486 1491 665 1534 utrum
698 1481 1006 1542 clamorem.
1034 1482 1123 1552 qui
1164 1484 1300 1536 venit
1326 1483 1397 1536 ad
1453 1499 1553 1547 me,
1588 1499 1742 1552 opere
1781 1483 2069 1554 compleve-

486 1574 614 1638 rint,
639 1588 711 1624 an
749 1573 930 1625 non”.
958 1572 1128 1628 Recte
1176 1573 1245 1627 de
1290 1573 1493 1627 nostris
1526 1573 1888 1629 immunditiis
1944 1590 2070 1630 san-

486 1662 707 1726 ctiﬁcat,
741 1673 796 1717 et
824 1663 1005 1733 expiat
1051 1680 1214 1734 super
1249 1680 1365 1718 nos
1389 1668 1606 1730 choros,
1639 1673 1700 1720 ut
1742 1664 1958 1720 auferat
2003 1682 2069 1720 ex

485 1755 566 1809 eis
617 1756 1064 1810 circumstantem
1120 1756 1652 1826 abominabilemque
1718 1759 1966 1824 odorem,
2013 1768 2070 1813 et

484 1845 863 1917 gloriationem
899 1847 1110 1921 falsam,
1141 1863 1303 1918 quam
1333 1857 1523 1904 contra
1552 1864 1648 1905 eos
1687 1850 2065 1920 deposuimus.

482 1940 778 2010 Propterea
804 1956 915 1995 non
946 1940 1269 2011 simpliciter
1302 1950 1575 2014 asperget,
1599 1943 1696 1998 sed
1741 1944 1967 2013 septies.
2007 1953 2069 1998 ut

483 2030 757 2100 intelligas
812 2030 1033 2086 veniam
1092 2040 1445 2101 peccatorum
1508 2043 1862 2100 nostrorum,
1924 2035 2067 2090 hanc

482 2121 631 2175 enim
663 2124 1011 2193 septenarius
1054 2140 1320 2179 numerus
1370 2124 1587 2196 ﬁgurat.
1636 2126 1778 2185 Loca
1824 2127 2067 2184 caelestia

482 2211 820 2265 mundantur
848 2213 1203 2267 abominabili
1234 2214 1424 2281 odore,
1456 2224 1512 2269 et
1542 2215 1867 2286 gloriatione
1901 2234 2066 2288 quam

480 2297 865 2366 deposuimus:
897 2299 1061 2369 hujus
1092 2301 1238 2355 enim
1273 2303 1354 2357 rei
1376 2318 1561 2364 causa,
1593 2304 1745 2372 prius
1781 2305 2065 2361 inimicitia

478 2405 507 2442 a
538 2391 717 2457 nobis,
743 2402 933 2448 contra
959 2408 1022 2449 ea
1063 2410 1184 2465 qua:
1213 2403 1340 2449 sunt
1389 2395 1447 2450 in
1486 2396 1823 2460 coelestibus,
1877 2411 2064 2455 exorta

476 2488 580 2536 est.

548 2591 709 2647 Vens.
732 2594 823 2648 20.
859 2615 876 2647 ‹
904 2595 1200 2665 Postquam
1228 2601 1610 2656 emundaverit
1658 2603 2028 2658 sanctuarium
2047 2644 2060 2657 .

477 2691 531 2735 ct
567 2687 994 2751 tabernaculum,
1022 2696 1078 2742 et
1103 2689 1290 2744 altare.
1333 2708 1351 2741 ι

553 2771 647 2826 Vel
673 2774 814 2828 sicut
845 2775 1007 2831 LXX.
1062 2777 1392 2850 Deﬁnietque
1425 2798 1651 2838 exorans
1696 2794 1960 2850 sanctum,
2010 2796 2061 2839 et

426 2908 432 2914 .
479 2862 879 2919 tabernaculum
902 2869 1206 2932 testimonii,
1245 2880 1292 2951 et
1317 2870 1593 2938 altarium,
1624 2884 1671 2927 et
1690 2891 1784 2944 pro
1813 2878 2061 2930 sacerdo-

477 2953 615 3008 tibus
638 2958 905 3026 purgavit.
945 2958 1261 3016 Secundum
1289 2978 1527 3032 quorum
1559 2966 1881 3032 editionem,
1913 2978 2061 3025 recte

481 3048 565 3100 lex
598 3048 873 3117 praecipue
913 3052 1230 3106 memoriam
1285 3049 1630 3109 sacerdotum
1686 3058 1837 3118 fecit.
1888 3067 1948 3114 ut
2002 3060 2059 3115 in

2102 1818 2140 1870 Β

478 3135 940 3232 omnibus-ﬁgura
965 3141 1218 3197 sacriﬁcii
1248 3143 1516 3214 unigeniti
1564 3146 1886 3203 salvaretur.
1920 3148 2058 3215 Quia
2089 3172 2135 3232 α

475 3224 625 3279 enim
660 3242 690 3280 a
742 3226 963 3283 Christo
1011 3231 1378 3287 sacerdotium
1423 3234 1626 3289 chorus
1676 3237 2065 3306 Apostolorum

477 3316 709 3373 sortitus
740 3329 843 3383 est,
877 3320 969 3389 qui
1018 3330 1073 3376 et
1100 3338 1226 3392 pars
1259 3332 1380 3379 erat
1410 3326 1637 3381 humani
1687 3329 1927 3398 generis,
1963 3346 2065 3401 pro

475 3423 587 3477 quo
617 3409 882 3467 Dominus
909 3415 1265 3485 semetipsum
1308 3418 1529 3486 obtulit,
1580 3421 1677 3476 sed
1725 3430 1907 3477 tamen
1936 3438 2065 3493 spe-

477 3500 635 3565 ciale,
691 3505 1152 3571 quemadmodum
1200 3519 1566 3578 unguentum,
1616 3521 1672 3566 et
1719 3517 2063 3585 praecipuum

477 3588 829 3656 sacriﬁcium,
899 3592 1113 3647 Domini
1161 3597 1491 3666 appellavit:
1524 3601 1669 3666 quod
1721 3602 2065 3660 demonstrat

476 3678 763 3746 Dominus,
788 3683 856 3737 ad
887 3683 1106 3739 Patrem
1138 3686 1365 3741 dicens:
1400 3686 1512 3759 Ego
1562 3693 1834 3762 sancti/ica
1895 3696 2062 3765 meip-

474 3788 614 3838 sum,
647 3782 703 3826 ut
724 3774 828 3828 sint
854 3785 901 3828 et
938 3776 1040 3844 ipsi
1080 3778 1404 3846 sanctiﬁcati
1432 3781 1488 3833 in
1516 3782 1793 3836 ueritate‘.
1835 3784 1902 3838 Et
1938 3801 2063 3841 rur-

473 3878 568 3918 sus
596 3863 665 3917 ad
695 3879 826 3919 eos:
865 3865 1132 3935 Jlajorem
1180 3870 1279 3922 hac
1308 3871 1640 3927 dilectionem
1692 3890 1842 3929 nemo
1884 3878 2058 3943 habet,

472 3969 631 4023 quam
663 3964 719 4007 ut
743 3957 983 4011 animam
1008 3976 1162 4014 suam
1212 3963 1330 4032 quis
1369 3973 1529 4032 ponat
1562 3982 1656 4034 pro
1686 3968 1875 4022 amicis
1907 3971 2060 4036 suis;

472 4061 561 4097 vos
615 4049 775 4101 amici
815 4050 917 4102 mei
962 4053 1107 4117 estis,
1155 4055 1202 4106 si
1237 4057 1463 4124 feceritis
1516 4072 1633 4127 quae
1672 4075 1765 4130 ego
1811 4064 2059 4131 pracipio

472 4137 669 4190 uobis’.
705 4139 937 4209 liespice
985 4149 1169 4197 autem
1219 4153 1277 4198 et
1319 4147 1506 4216 legalis
1542 4148 1728 4218 ﬁgura:
1781 4153 2055 4221 ordinein,

472 4229 746 4296 quomodo
783 4232 849 4286 ad
880 4232 1052 4302 ipsam
1105 4234 1328 4292 deducit
1372 4239 1692 4308 veritatem;
1754 4245 2058 4300 secundum

475 4320 635 4387 LXX,
669 4323 817 4377 enim
839 4324 944 4379 ait:
980 4326 1203 4395 Deﬁniet
1242 4345 1466 4385 exorans
1491 4343 1756 4400 sanctum,
1789 4345 1841 4390 et
1884 4337 2059 4391 taber-

472 4419 722 4470 naculum
751 4418 1053 4482 testimonii,
1079 4430 1126 4474 et
1165 4420 1383 4486 altare;
1433 4423 1485 4476 id
1515 4434 1589 4479 est
1616 4426 1764 4494 ﬁniet
1795 4436 1844 4481 et
1873 4432 2058 4483 termi-

2172 565 2419 636 Cumque
2477 565 2778 636 portaverit
2799 564 2982 620 hircus
3002 579 3197 620 omnes
3231 562 3556 634 iniquitates
3578 577 3803 617 eorum

2173 659 2229 713 in
2265 667 2465 713 terram
2487 657 2806 725 solitariam,
2825 656 3153 712 etdimissus
3182 656 3349 711 fuerit
3382 657 3437 709 in
3461 655 3737 709 deserto.
3772 672 3798 705 ι

2243 748 2446 802 Eadem
2479 747 2645 801 etiam
2677 763 2827 802 nunc
2879 747 3101 814 iterare,
3145 754 3370 817 propter
3418 761 3523 800 eos
3560 745 3676 813 qui
3736 744 3801 797 in

2170 838 2295 893 luce
2328 838 2635 900 oﬁ‘endunt,
2667 853 2807 908 opus
2836 838 3123 892 habemus.
3150 837 3418 892 Probatur
3453 837 3617 889 enim
3654 836 3803 904 quia

2176 930 2311 983 nulli
2349 929 2555 998 iniquo,
2589 929 2675 982 vel
2706 928 2965 997 maligno,
3011 930 3104 982 sed
3138 929 3239 999 ipsi
3302 928 3413 982 Deo
3440 926 3805 982 eﬁiciuntur

2172 1031 2236 1070 ca
2261 1032 2382 1084 qua:
2414 1032 2563 1072 nunc
2586 1016 2637 1069 in
2668 1012 2772 1069 hoc
2807 1015 2962 1070 hirco
2978 1015 3105 1069 vivo
3129 1016 3473 1071 sanciantur.
3515 1014 3799 1069 l'rimum

2173 1107 2559 1175 quidem,quia
2596 1104 2886 1175 utramque
2940 1120 3164 1171 manum
3194 1104 3359 1174 capiti
3390 1105 3532 1159 hirci
3582 1120 3800 1159 sacer-

2172 1198 2272 1252 dos
2330 1198 2585 1268 imponit.
2660 1199 2922 1252 Manuum
2986 1197 3285 1267 impositio,
3359 1199 3416 1251 in
3486 1201 3798 1254 sacriﬁcio

2171 1290 2516 1344 ministrabat
2550 1290 3008 1359 benedictionem,
3033 1299 3128 1343 aut
3158 1298 3508 1360 peccatorum
3569 1293 3797 1345 remis—

2172 1383 2405 1447 sionem,
2439 1391 2534 1435 aut
2592 1382 2765 1438 sancti
2807 1382 3044 1453 Spiritus
3073 1382 3391 1444 adventum,
3438 1391 3539 1435 aut
3590 1383 3799 1452 expia.

2175 1476 2351 1529 tiones
2371 1473 2757 1546 intelligihiles.
2784 1472 3071 1540 Quomodo
3104 1490 3231 1546 ergo
3267 1474 3321 1527 in
3354 1474 3530 1538 hunc,
3570 1474 3638 1528 in
3675 1491 3795 1544 quo

2171 1580 2293 1621 sors
2327 1566 2559 1630 inimici,
2590 1577 2647 1621 et
2672 1567 2791 1637 ejus
2814 1567 2906 1637 qui
2931 1576 3124 1621 contra
3163 1565 3338 1621 Deum
3364 1566 3598 1632 militat,
3634 1568 3796 1623 sicut

2170 1659 2327 1714 aiunt
2357 1659 2409 1712 hi
2433 1659 2526 1729 qui
2553 1652 2697 1713 illius
2719 1659 2889 1728 partis
2919 1666 3068 1724 sunt,
3096 1659 3211 1713 haec
3243 1675 3366 1728 quae
3404 1659 3559 1714 dicta
3621 1669 3791 1725 sunt,

2172 1753 2427 1807 sacerdos
2455 1760 2682 1807 acturus
2716 1752 2869 1807 erat?
2896 1750 2994 1806 Vel
3043 1753 3319 1822 quomodo
3352 1753 3409 1806 in
3470 1753 3608 1823 ipso
3641 1754 3791 1809 ﬁlio-

2173 1860 2294 1898 rum
2349 1843 2515 1898 lsrael
2550 1844 2886 1914 iniquitates,
2935 1850 2991 1897 et
3052 1844 3367 1912 injustitias,
3421 1855 3480 1898 et
3534 1855 3792 1913 peccata

2173 1935 2439 1991 redemit?
2482 1935 2750 1991 Conﬁteri
2805 1937 3009 2006 quippe
3050 1936 3305 1990 inimicus
3361 1947 3601 2005 peccata
3668 1953 3789 1991 non

2173 2018 2325 2092 sinit,
2359 2028 2455 2082 sed
2492 2028 2603 2083 imo
2624 2029 2887 2099 suggerit,
2915 2036 2975 2082 ut
3003 2029 3343 2083 occultemus
3380 2027 3593 2082 anima:
3656 2028 3790 2083 vul-

2171 2131 2324 2182 nera,
2355 2126 2415 2172 ut
2438 2132 2548 2171 non
2567 2118 2916 2172 inveniamus
2945 2118 3242 2181 medicum,
3266 2120 3357 2187 qui
3383 2119 3788 2173 medicamen—

2174 2214 2289 2259 tum
2328 2207 2503 2277 possit
2530 2207 2835 2276 imponere,
2867 2208 3211 2277 salutemque
3252 2216 3539 2278 praestare.
3588 2207 3787 2279 Pmp—

2172 2307 2324 2353 terea
2363 2316 2488 2354 mox
2533 2309 2594 2354 ut
2626 2300 2942 2371 increpatus
2971 2308 3056 2355 est
3090 2300 3254 2355 David
3290 2317 3320 2353 a
3352 2299 3613 2365 Nathan,
3648 2301 3786 2355 Pec—

2171 2392 2289 2445 cavi
2360 2376 2623 2459 Domino,
2703 2395 3081 2450 exclamavit:
3153 2403 3210 2449 et
3273 2395 3419 2450 illico
3486 2396 3781 2467 propheta

2171 2482 2446 2536 subdidit:
2500 2483 2568 2537 Et
2605 2482 2864 2539 Dominus
2921 2486 3196 2540 transtulit
3245 2496 3523 2555 peccatum
3590 2498 3778 2553 tuum,

2170 2585 2531 2629 uerumtamen
2563 2593 2666 2631 non
2707 2579 2967 2643 morieris,
3007 2582 3133 2649 quia
3176 2578 3538 2648 blaspltemare
3593 2583 3778 2650 fecisti

2170 2667 2409 2721 inimicos
2431 2665 2646 2723 Domini
2668 2670 2708 2725 ³.
2762 2670 2916 2725 Unde
2942 2682 2998 2725 et
3026 2688 3126 2742 per
3144 2673 3430 2743 hominem
3478 2684 3775 2743 paratum,

2171 2758 2349 2813 emitti
2375 2759 2648 2830 legislator
2678 2763 2892 2820 hircum
2924 2764 2982 2819 in
3011 2765 3362 2820 solitudinem
3392 2765 3550 2820 dixit.
3613 2766 3774 2820 Prae-

2169 2857 2420 2921 paratum
2457 2863 2662 2917 autem,
2693 2856 2748 2910 id
2790 2864 2877 2910 est
2919 2842 3319 2925 accedentem,
3366 2859 3485 2914 sive
3538 2860 3775 2914 adeun-

2169 2952 2300 2998 tem.
2334 2943 2402 2998 Et
2436 2961 2539 3002 nec
2558 2947 2881 3019 dignitatem
2914 2949 3081 3020 hujus
3112 2951 3266 3015 dicit,
3312 2960 3494 3005 utrum
3536 2951 3772 3018 Levita,

2168 3053 2239 3092 an
2273 3040 2551 3106 sacerdos,
2609 3050 2705 3096 aut
2737 3042 3010 3111 quiSpiam
3063 3044 3133 3099 de
3179 3045 3384 3114 populo
3431 3052 3608 3111 esset,
3670 3047 3774 3116 qui

2169 3131 2277 3187 hoc
2313 3140 2519 3204 ageret.
2546 3131 2690 3204 Ergo
2721 3148 2846 3187 cum
2885 3134 3144 3189 omnibus
3191 3134 3468 3192 Christum
3507 3151 3775 3206 praesen-

2170 3232 2281 3278 tem
2316 3239 2442 3279 esse
2483 3224 2757 3295 signiﬁcat
2790 3224 3016 3281 hircus:
3072 3225 3546 3292 Quemadmodum
3604 3230 3771 3287 enim

2168 3332 2268 3387 per
2302 3332 2524 3372 carnem
2557 3318 2617 3372 in
2642 3319 2821 3388 primo
2850 3318 3254 3379 immolabatur,
3277 3321 3357 3375 sic
3379 3336 3531 3376 nunc
3560 3323 3776 3379 vivens

2169 3419 2394 3481 propter
2455 3411 2802 3466 divinitatem
2858 3413 3086 3468 dicitur.
3142 3412 3253 3469 Sed
3310 3414 3437 3484 quia
3500 3429 3651 3469 unus
3707 3425 3775 3472 et

2170 3499 2546 3569 impassibilis,
2573 3511 2628 3557 et
2659 3502 2932 3572 passibilis
2959 3511 3064 3566 est,
3092 3504 3405 3559 necessarie
3437 3513 3495 3559 et
3545 3506 3772 3563 viventi

2168 3606 2364 3647 manus
2434 3593 2691 3648 sacerdos
2748 3594 2984 3664 imponit
3031 3603 3090 3648 ut
3139 3612 3335 3651 manus
3398 3598 3771 3667 impositione

2168 3686 2514 3752 ostendatur,
2551 3686 2680 3756 quia
2715 3688 2909 3743 vivens
2949 3690 3175 3745 verbum
3227 3690 3344 3753 Dei,
3391 3692 3765 3761 impassibile,

2167 3784 2500 3850 immortale,
2532 3784 2638 3840 hoc
2663 3800 2763 3855 pro
2791 3786 2951 3841 nobis
2989 3803 3155 3842 carne
3186 3788 3495 3858 suscipiens
3546 3789 3768 3843 sacriﬁ-

2163 3878 2310 3932 cium
2343 3879 2607 3950 suscepit.
2636 3880 2805 3936 Rccte
2832 3897 2983 3952 ergo,
3043 3882 3100 3937 in
3125 3883 3247 3953 ipso
3303 3884 3653 3954 iniquitates,
3705 3897 3767 3941 et

2166 3969 2487 4040 injustitias,
2522 3982 2576 4029 et
2627 3983 2857 4042 peccata
2902 3975 3163 4030 sacerdos
3210 3976 3613 4045 pronuntiabit.
3658 3976 3768 4032 Hic

2163 4064 2343 4117 estde
2372 4079 2483 4132 quo
2537 4064 2709 4119 Isaias
2764 4066 3037 4136 propheta
3078 4067 3330 4124 dicebat:
3365 4068 3610 4134 Domine,
3642 4070 3766 4140 quis

2162 4153 2389 4206 credidit
2441 4154 2907 4222 audituilnostro?
2959 4155 3028 4210 Et
3080 4156 3355 4212 brachium
3401 4157 3616 4211 Domini
3672 4162 3763 4214 cui

2161 4243 2452 4298 revelatum
2484 4245 2633 4299 est“!
2670 4245 2963 4301 Brachium
2996 4247 3213 4302 Domini
3243 4249 3413 4303 ﬁlium
3440 4248 3755 4318 appellans,

2160 4339 2300 4406 patri
2334 4339 2803 4394 consubstantiale
2827 4339 2897 4395 de
2923 4356 3033 4410 quo
3084 4352 3142 4394 ct
3178 4356 3244 4395 ea
3282 4333 3417 4411 quae'
3441 4351 3761 4411 sequuntur

2161 4429 2439 4483 subdidit:
2496 4429 2802 4500 Languores
2850 4442 3057 4487 nostros
3108 4434 3219 4503 ipse
3271 4433 3498 4497 tulit,'et
3541 4434 3756 4488 dolores

471 4506 620 4560 nubit
648 4508 1090 4578 deprecationem,
1121 4528 1242 4582 qua:
1269 4522 1387 4569 acta
1422 4524 1507 4570 est
1534 4532 1632 4587 per
1665 4534 1917 4586 crucem;
1953 4537 2054 4591 pro
2088 4508 2129 4562 Β
2162 4529 2368 4575 nostros
2398 4521 2508 4586 ipse
2533 4523 2789 4591 portavit.
2820 4522 2943 4592 Ipse
2976 4534 3155 4578 autem
3186 4524 3493 4579 uulneratus
3522 4535 3595 4579 est
3618 4542 3754 4595 pro-

470 4598 619 4650 omni
647 4614 847 4670 genere
876 4603 1184 4671 hominum,
1216 4615 1272 4660 et
1294 4622 1413 4661 eam
1442 4624 1564 4677 quae
1597 4608 1651 4662 in
1682 4609 1857 4666 altare
1886 4612 2053 4669 intel-

472 4686 689 4758 Iigibilis
716 4688 837 4751 fuit,
862 4703 1150 4761 postquam
1188 4706 1503 4767 assumptus
1545 4697 1713 4754 fuerit
1742 4701 1798 4754 in
1832 4702 2053 4770 ctelum,

469 4788 526 4832 et
551 4779 755 4833 sederit
778 4780 833 4834 in
869 4781 1092 4840 dextera
1123 4789 1314 4856 patris.
1336 4791 1515 4861 .Atqui
1556 4794 1625 4849 de
1678 4797 2056 4854 sacerdotibus

468 4884 579 4924 non
617 4871 820 4946 expiat,
849 4874 1019 4932 mittit
1047 4878 1193 4932 enim
1218 4880 1299 4935 eis
1317 4885 1761 4942 cmundationem
1782 4904 1882 4958 per
1905 4890 2060 4945 intel-

470 4960 728 5032 ligibilem
786 4965 990 5037 ignem,
1046 4979 1102 5025 et
1158 4987 1257 5040 per
1306 4974 1521 5045 linguas
1576 4978 1765 5047 igneas
1812 4982 2054 5051 spiritus,

469 5067 694 5127 propter
734 5061 879 5129 quod
921 5062 1139 5118 dicebat
1176 5066 1294 5120 eis:
1342 5067 1453 5123 Vos
1505 5080 1689 5126 autem
1748 5072 2055 5144 baptizabi-

467 5151 600 5204 mini
630 5151 839 5221 Spiritu
871 5163 1084 5221 sancto,
1118 5171 1232 5210 non
1255 5166 1381 5227 post
1410 5161 1611 5217 multos
1637 5164 1737 5218 hos
1770 5166 1912 5221 dies.

552 5241 702 5298 Vens.
758 5244 851 5301 21.
897 5266 915 5299 ‹
949 5245 1105 5303 Tunc
1144 5248 1343 5304 oﬁ‘eret
1398 5251 1611 5307 hircum
1655 5255 1953 5322 viventem,
1999 5268 2054 5315 et

468 5333 648 5402 posita
677 5344 909 5407 utraque
938 5355 1104 5396 manu
1137 5358 1302 5413 super
1348 5354 1513 5415 caput
1541 5346 1682 5417 ejus,
1728 5349 2054 5406 conﬁteatur

469 5440 661 5481 omnes
690 5426 1005 5497 iniquitates
1026 5432 1260 5488 ﬁliorum
1293 5435 1459 5491 Israel
1484 5477 1498 5503 ,
1527 5447 1582 5492 et
1619 5439 1874 5496 universa
1912 5442 2049 5495 deli-

468 5523 576 5580 cta,
596 5526 757 5586 atque
774 5531 996 5589 peccata
1018 5539 1232 5582 eorum.
1249 5526 1383 5593 Qua:
1404 5527 1691 5600 increpans
1712 5532 1876 5602 capiti
1907 5535 2046 5601 ejus,

525 5743 587 5824 _"
613 5744 763 5824 ΔΡειηι.
799 5742 929 5820 xvii,
961 5757 1015 5810 9.
1046 5742 1057 5751 ’
1092 5758 1135 5789 ’⁸
1164 5758 1319 5813 Jonte
1349 5777 1384 5824 I,
1424 5762 1476 5816 ‘2.

473 5823 495 5855 ι
525 5817 639 5874 lsai.
667 5834 781 5889 un,
824 5824 875 5877 1·
917 5817 972 5859 ’⁸
1004 5828 1138 5882 lbid.
1176 5830 1229 5895 4,
1267 5832 1317 5885 5.

1553 5765 1596 5797 9’
1632 5764 1768 5819 Gen.
1810 5779 1956 5833 xvttt,
1990 5765 2082 5820 2|.

2153 4623 2273 4682 pter
2306 4615 2619 4683 iniquitates
2659 4626 2886 4682 nostras,
2919 4618 3135 4672 attritus
3179 4629 3254 4672 est
3298 4628 3512 4689 propter
3546 4619 3751 4673 scelera

2153 4715 2355 4761 nostra.
2392 4706 2685 4778 Disciplina
2721 4709 2869 4776 pacis
2905 4718 3097 4763 nostris
3124 4725 3283 4778 super
3321 4726 3461 4776 cum,
3493 4721 3543 4763 et
3584 4709 3754 4763 liuore

2155 4798 2270 4868 ejus
2302 4800 2486 4853 sanati
2529 4801 2771 4854 sumus”.
2808 4798 2901 4855 Sic
2955 4810 3145 4871 aperte
3201 4816 3369 4872 super
3402 4816 3462 4856 se
3517 4810 3751 4871 peccata
3792 4846 3799 4855 .

2162 4900 2374 4959 nostra,
2425 4902 2483 4947 et
2524 4893 2847 4963 injustitias,
2899 4903 2955 4948 et
3002 4895 3327 4964 iniquitates
3370 4894 3631 4964 portavit.
3680 4894 3749 4948 Et

2162 4994 2455 5054 propterea
2490 4984 2794 5039 secundum
2843 4983 3010 5049 LXX,
3045 4987 3160 5041 ait:
3189 4986 3432 5056 lmponet
3472 5002 3562 5040 eas
3586 5003 3752 5054 super

2163 5086 2323 5147 caput
2357 5078 2498 5132 Itazdi
2527 5078 2654 5131 vivi:
2687 5077 2845 5148 hujus
2883 5064 3022 5132 enim
3071 5079 3244 5150 ﬁgura
3274 5089 3368 5144 est,
3401 5079 3546 5148 quod
3594 5089 3652 5134 et
3681 5094 3750 5133 ex

2161 5163 2334 5238 spinis
2357 5184 2618 5225 coronam
2644 5169 2853 5240 imponi
2882 5171 3045 5241 capiti
3074 5186 3174 5226 suo
3195 5170 3446 5226 Christus
3471 5172 3744 5241 permisit.

2162 5261 2290 5330 quia
2324 5261 2381 5315 in
2410 5261 2585 5331 spinis
2615 5272 2841 5332 peccata
2881 5262 3058 5317 solent
3083 5261 3277 5332 accipi.
3312 5263 3547 5333 Propter
3595 5264 3745 5332 quod

2162 5362 2219 5406 et
2246 5353 2418 5406 Adam
2442 5354 2633 5423 spinas
2661 5354 2971 5424 germinare
3002 5363 3148 5409 terra
3178 5355 3513 5426 praecipitur,
3563 5353 3736 5423 siqni-

2164 5445 2371 5499 demet
2408 5443 2524 5515 ipse
2571 5460 2637 5499 ex
2685 5446 3057 5501 inobedicntia
3101 5456 3328 5517 peccata
3388 5444 3736 5518 germinavit.

2161 5535 2268 5589 Sed
2317 5546 2369 5589 et
2423 5535 2677 5589 Salomon
2742 5536 2818 5590 ait
2851 5555 2866 5591 :
2896 5535 3075 5606 Spina:
3135 5547 3424 5593 nascuntur
3474 5537 3527 5590 in
3574 5550 3735 5590 manu

2162 5768 2176 5798 ¹
2209 5765 2366 5822 toan.
2412 5781 2542 5833 xvtt,
2577 5766 2663 5823 l9.
2745 5768 2762 5799 ²
2799 5768 2956 5824 Joan.
2994 5784 3079 5837 xv,
3120 5770 3202 5825 l5.
3312 5770 3486 5843 ’Reg.
3510 5784 3606 5838 tut,
3641 5767 3733 5839 13,

2182 5968 2226 5975 ρ.
