3988 6222
307 345 435 414 ιοῡι

1444 345 1526 404 ΙΝ
1561 342 1997 404 LEVITICUM.
2040 368 2105 378 -
2146 343 2290 402 LIB.
2329 344 2393 402 V.

3414 341 3549 404 10M

302 459 624 524 temulenti“,
647 458 887 528 peccatis
920 456 1108 526 plenas
1131 469 1252 508 esse
1278 452 1524 506 actiones
1555 452 1675 520 ejus
1694 451 1868 521 sigui-
1900 458 1944 511 Α
2043 449 2194 514 Quod
2238 450 2404 502 semel
2443 449 2642 502 factum
2684 461 2786 514 est,
2843 450 3172 520 unigenitum
3223 455 3548 511 sacriﬁcium

301 555 494 608 ﬁcans.
529 550 620 605 Sic
646 566 774 621 ergo
801 550 935 616 legis
957 547 1235 616 accipiens
1269 545 1457 606 verba,
1483 558 1593 597 non
1656 543 1872 612 ignora-

301 645 388 701 bis
417 644 778 698 intentionem
811 642 1133 709 ejus,atque
1165 637 1452 690 virtutem:
1495 633 1588 687 sed
1622 642 1676 687 et
1723 633 1874 685 inve-

302 738 422 791 nies
448 745 696 805 paratum
741 732 1040 793 hominem,
1087 745 1182 799 per
1211 729 1369 796 cujus
1401 741 1620 780 manum
1688 727 1876 778 hircus

304 831 495 883 vivens
545 827 599 879 in
644 839 887 879 eremum
947 822 1198 875 mittitur.
1254 821 1506 875 Christus
1559 818 1706 874 enim
1760 817 1876 885 ipse

305 936 467 974 omne
494 918 574 971 sui
609 915 857 970 sacriﬁcii
887 914 1065 968 factus
1095 920 1179 966 cst
1211 925 1264 965 et
1298 913 1572 973 sacerdos,
1624 919 1683 962 et.
1705 908 1879 961 sacri-

307 1013 511 1073 ficium,
537 1018 592 1062 et
612 1011 872 1068 cultrum,
903 1015 958 1059 et
988 1005 1178 1057 altare.
1205 1003 1322 1070 Ipse
1357 1011 1442 1055 cst
1466 1010 1520 1054 et
1542 1007 1879 1068 praeparatus

307 1102 495 1161 homo,
535 1107 756 1167 paratus
791 1113 887 1165 pro
917 1097 1075 1149 nobis
1106 1095 1172 1147 ad
1209 1093 1543 1162 passionem,
1582 1092 1652 1145 ita
1687 1091 1878 1158 utipse

307 1209 403 1262 per
439 1192 626 1246 Isaiam
660 1190 830 1242 dicat:
858 1187 970 1257 Ego
1000 1202 1119 1240 vero
1151 1202 1251 1237 non
1277 1185 1661 1246 contradicam,
1687 1192 1879 1234 retror-

303 1302 422 1339 sum
453 1301 555 1335 non
591 1282 716 1334 abii.
760 1279 957 1346 Corpus
997 1294 1164 1330 meum
1196 1277 1311 1328 dedi
1357 1275 1781 1345 percutientibus,
1833 1281 1880 1326 et

307 1392 467 1447 genus
494 1391 634 1427 meas
667 1372 988 1426 vellentibus.
1021 1369 1233 1422 Faciern
1268 1384 1436 1420 meam
1491 1382 1592 1418 non
1622 1368 1787 1419 averti
1816 1371 1882 1422 ab

311 1468 700 1536 increpantibus
726 1475 772 1517 et
801 1460 1258 1532 conspicantibus".
1296 1459 1373 1511 Ad
1407 1473 1564 1523 quem
1609 1466 1664 1510 et
1718 1458 1884 1512 David

298 1557 466 1622 dicit,
503 1555 898 1610 incarnationis
923 1554 1042 1620 ejus
1065 1553 1383 1622 mysteritnu
1416 1554 1748 1618 signiﬁcans,
1791 1566 1885 1618 per

311 1652 455 1722 quod
485 1660 730 1703 nostrum
752 1648 980 1715 adeptus
1003 1656 1085 1699 est
1117 1661 1340 1716 regnum
1368 1667 1379 1697 ι
1409 1646 1662 1698 Dominus
1695 1660 1887 1712 regna-

311 1746 403 1808 vit,
444 1745 678 1795 decorem
711 1739 901 1799 induit,
935 1738 1105 1789 induit
1142 1736 1390 1788 Dominus
1420 1736 1804 1806 fortitudinem,
1839 1744 1887 1788 et

312 1835 585 1904 praecinxit
615 1849 686 1884 se.
719 1831 926 1883 Etenim
971 1829 1199 1897 ﬁrmavit
1230 1828 1400 1880 orbem
1434 1838 1605 1892 terrte,
1667 1829 1755 1897 qui
1787 1844 1888 1879 non
1922 1832 1961 1887 Β
1995 1851 2174 1913 Israel,
2209 1861 2262 1905 et
2297 1828 2445 1906 ("1,05
2477 1855 2542 1906 ad
2570 1871 2663 1907 ms
2688 1873 2699 1906 ε
2729 1855 2827 1908 Isle
2857 1865 2938 1908 est

315 1925 738 1980 commovebitur.
767 1924 970 1975 Parata
997 1924 1140 1975 sedes
1173 1932 1263 1973 tua
1308 1935 1372 1972 ea:
1405 1929 1529 1973 tunc
1545 1920 1586 1973 ⁸.
1637 1921 1890 1990 Christus

314 2037 445 2090 ergo
483 2017 837 2086 intelligibilis
866 2017 1069 2075 Aaron,
1120 2017 1472 2083 semetipsum
1525 2015 1689 2068 etiam
1746 2028 1892 2066 nunc

318 2133 416 2186 per
450 2115 662 2168 Inedum
698 2111 1003 2171 immolans,
1039 2111 1152 2178 ipse
1183 2126 1280 2179 per
1305 2110 1582 2162 hominem
1617 2117 1889 2176 paratum,

318 2211 430 2263 sive
457 2210 509 2261 in
540 2224 705 2260 manu
741 2207 979 2260 hominis
1012 2204 1206 2272 parati,
1257 2203 1306 2255 id
1334 2214 1438 2265 est,
1490 2217 1585 2270 per
1619 2200 1892 2268 propriam

318 2303 620 2363 virtutem,
681 2299 796 2368 ipse
851 2299 997 2351 enim
1045 2312 1166 2349 cum
1225 2295 1293 2346 sit
1339 2303 1394 2346 ct
1449 2294 1630 2354 homo,
1676 2300 1895 2360 paratus

321 2404 574 2449 ostensus
600 2402 701 2446 est.
742 2393 808 2444 Et
844 2389 1046 2443 emittit
1085 2390 1295 2440 hircum
1323 2386 1594 2439 viventem
1624 2383 1677 2435 iu
1707 2383 1896 2436 Solitu-

321 2489 528 2549 dinem,
563 2489 700 2539 sive.
729 2484 781 2536 iu
828 2493 1027 2536 terram
1071 2481 1295 2540 inviam,
1333 2488 1388 2531 et
1445 2477 1716 2530 desertam
1753 2475 1894 2527 viam

323 2594 479 2633 suam
510 2587 566 2631 et
590 2576 975 2639 iu‘uuortalem,
1018 2585 1072 2626 et
1103 2570 1492 2640 impassibtlcm
1526 2568 1894 2632 divinitatem,

325 2673 394 2726 ad
430 2673 571 2724 invia
608 2671 768 2723 nobis
826 2671 963 2730 loca,
999 2675 1053 2719 et
1094 2667 1162 2718 ab
1214 2665 1360 2718 omni
1419 2663 1619 2716 malitia
1656 2662 1894 2723 deserta,

324 2763 625 2818 secundum
684 2761 825 2829 quod
856 2758 1094 2812 Joannes
1144 2758 1266 2809 ait:
1329 2756 1524 2808 Viden—8'
1561 2753 1709 2806 Jesus
1773 2752 1896 2820 quia

325 2857 500 2908 ainnia
526 2854 666 2906 dedit
693 2856 738 2906 ei
760 2852 925 2906 Pater
952 2852 1007 2904 in
1037 2867 1243 2912 manus,
1266 2859 1312 2902 et
1335 2849 1456 2918 quia
1481 2864 1512 2898 α
1542 2846 1648 2899 Deo
1671 2846 1825 2898 exivit
1851 2854 1898 2897 et

329 2948 398 3001 ad
427 2947 590 3000 Deum
615 2945 758 2998 vadit
773 2946 815 2994 '.
1070 3005 1092 3022 δ

383 3039 560 3091 ΑἘιιδ.
605 3037 689 3090 52.
738 3055 756 3085 ‹
789 3033 1032 3102 Εκμὶιὼίι
1078 3032 1224 3085 cnim
1264 3031 1517 3085 sacerdos
1566 3029 1656 3096 qui
1707 3037 1902 3080 unctus

332 3131 512 3192 fuerit,
550 3139 603 3181 et
630 3128 784 3195 cujus
812 3126 1037 3193 cxpttttte
1062 3138 1278 3187 manus,
1320 3130 1380 3175 ut
1426 3119 1729 3174 sacerdotio
1775 3120 1901 3169 I'uu-

331 3232 484 3292 gatur
514 3235 611 3288 pro
642 3227 792 3286 patre
819 3232 937 3269 suo.
969 3234 988 3264 ι

408 3312 554 3376 Sive,
579 3321 637 3366 ut
665 3308 837 3365 LXX:
865 3308 1261 3378 Deprecabitur,
1279 3305 1470 3374 inquit,
1491 3308 1733 3356 sacerdos
1758 3317 1903 3371 qua:-

333 3419 536 3474 cunque
580 3403 804 3463 auxerit,
860 3409 906 3453 et
966 3401 1255 3468 quicunque
1295 3404 1686 3449 consummatus
1749 3397 1906 3463 fuerit

338 3513 521 3550 manus
544 3512 666 3548 suas
687 3509 988 3546 consecrare
1012 3492 1078 3543 ad
1107 3500 1313 3558 patrem
1339 3505 1509 3540 suum.
1537 3487 1606 3541 Ut
1633 3486 1905 3539 Christum

331 3592 452 3645 sine
474 3592 652 3658 aliqua
685 3588 957 3641 dubietate
985 3585 1314 3643 ostenderet,
1349 3583 1473 3650 quia
1494 3582 1640 3633 enim
1663 3579 1908 3632 Christus

333 3693 517 3754 patres
569 3680 867 3734 secundum
916 3692 1160 3737 carnem,
1209 3674 1516 3727 Judocorum
1564 3671 1907 3724 sacerdotum

335 3777 611 3845 principes
650 3771 902 3834 habebat,
940 3768 1030 3821 lilii
1066 3767 1211 3820 enim
1255 3776 1310 3819 et
1339 3766 1436 3834 ipsi
1484 3764 1772 3828 Abraham,
1803 3765 1907 3816 sic-

335 3878 473 3923 utet
509 3868 756 3920 Christus
785 3866 900 3919 fuit.
940 3862 1187 3917 Ostendit
1220 3863 1323 3926 lex,
1357 3870 1414 3913 ut
1447 3860 1569 3928 quia
1598 3859 1909 3912 .Iudacorum

335 3961 646 4016 sacerdotes
678 3974 784 4011 non
822 3964 1087 4026 poterant,
1118 3955 1260 4009 sicut
1283 3952 1358 4006 ait
1398 3951 1616 4016 Paulus,
1642 3951 1909 4004 acceden—

339 4068 422 4108 tes
444 4055 710 4122 perfectos
741 4053 937 4113 facere,
971 4046 1303 4117 impossibile
1331 4045 1472 4098 enim
1499 4052 1616 4097 erat
1653 4043 1915 4114 sanguine

337 4155 620 4200 taurorum
662 4153 715 4196 et
763 4144 1036 4196 hircorum
1075 4139 1290 4192 auferre
1333 4146 1575 4206 peccata,
1606 4146 1752 4190 recte
1800 4137 1914 4204 ipse

337 4240 590 4293 Christus
615 4254 668 4290 in
693 4235 1056 4289 sacerdotium
1088 4241 1301 4294 unctus,
1335 4239 1389 4282 et
1431 4244 1623 4281 manus
1669 4243 1764 4298 per
1792 4243 1917 4281 cru-

339 4346 460 4386 cem
487 4343 894 4390 cousummaus,
934 4327 1117 4395 expiat
1159 4341 1277 4380 nos.
1309 4327 1382 4379 De
1415 4341 1522 4394 quo
1558 4325 1611 4378 in
1657 4325 1762 4377 alio
1799 4325 1919 4377 loco

340 4434 488 4480 recte
534 4426 614 4478 lex
651 4425 812 4478 dicit:
857 4423 1120 4477 Sacerdos
1159 4440 1318 4494 quem
1379 4425 1636 4476 unxeriut
1685 4431 1740 4476 et
1788 4438 1920 4476 con-

1977 541 2258 594 ostendere
2325 543 2569 610 cupiens,
2598 556 2656 596 ut
2705 542 2906 596 dictum
2957 553 3041 596 est
3070 563 3081 596 :
3111 543 3342 598 Christus
3392 549 3551 601 semei
3592 600 3604 630 λ

1978 633 2185 686 oblatus
2233 635 2300 685 ad
2338 633 2620 687 multorum
2656 635 3008 688 exhauriendo
3049 647 3282 704 peccata,
3325 640 3554 692 secundo

1977 727 2088 778 sine
2114 737 2326 794 peccato
2345 728 2614 796 apparebit
2639 729 3056 797 exspectantibus
3089 731 3214 782 sein
3239 731 3467 784 salutem
3486 736 3547 790 η,
3598 743 3603 774 ε

1981 833 2075 885 per
2100 818 2277 880 Iidem,
2311 833 2431 869 cum
2461 833 2565 885 qua
2603 819 2694 886 qui
2758 819 2923 885 legem
2957 819 3267 882 meditatur,
3329 837 3552 890 cnupar
3599 799 3603 820 ἐ

1983 907 2187 961 invenit
2234 907 2358 960 huic
2407 907 2775 977 livangelium,
2822 910 3158 977 multumque
3204 927 3366 965 verax
3405 916 3552 980 quod

1980 999 2246 1058 Christus,
2277 999 2326 1052 id
2355 1010 2438 1052 cst
2470 1001 2686 1060 veritas,
2715 999 2916 1053 .lezeis
2944 1001 3154 1055 locutus
3184 1013 3265 1058 est
3296 1023 3307 1058 :
3342 1004 3399 1059 Si
3443 1023 3556 1058 cre—

1982 1092 2170 1144 deretis
2200 1093 2390 1160 Moysi,
2427 1095 2700 1146 crederetis
2723 1097 2900 1165 utique
2926 1105 2972 1149 et
3013 1098 3169 1159 mihi;
3211 1100 3273 1149 de
3308 1114 3388 1150 me
3416 1099 3555 1152 enim

1984 1182 2071 1235 ille
2102 1183 2307 1250 scripsit
2347 1184 2408 1236 ‘3.
2443 1184 2580 1249 Quid
2640 1195 2842 1250 autem,
2872 1195 2965 1240 aut
3026 1187 3137 1250 ubi,
3171 1203 3278 1240 non
3330 1188 3553 1252 addidit,

1985 1277 2107 1344 quia
2133 1293 2471 1346 quzecmtque
2503 1281 2742 1348 mystica,
2772 1296 3108 1348 quiecunque
3136 1281 3261 1343 alta,
3295 1296 3556 1350 qumcun-

1986 1383 2092 1436 que
2124 1369 2302 1421 divina
2335 1379 2480 1432 sunt,
2517 1370 2633 1422 ha'e
2659 1372 2724 1424 de
2756 1371 2970 1424 Christo
3000 1387 3030 1424 a
3052 1371 3230 1438 Moyse
3257 1372 3307 1423 in
3343 1372 3558 1434 umbra,

1987 1471 2040 1511 et
2074 1460 2262 1528 figura,
2290 1467 2344 1512 et
2378 1461 2704 1529 imaginibus
2731 1462 3069 1515 dicebantur.

2564 1577 2792 1633 CAPUT
2821 1579 2981 1633 XVII.

2060 1668 2219 1722 Vens.
2252 1671 2362 1723 4-7.
2407 1691 2424 1721 ‹
2455 1672 2516 1724 Et
2554 1672 2765 1725 locutus
2809 1683 2890 1726 est
2923 1673 3186 1728 Dominus
3236 1675 3300 1728 ad
3345 1674 3561 1747 Moysen

1991 1759 2212 1814 dicens:
2249 1761 2491 1831 Loquere
2515 1763 2689 1816 Aaron
2731 1764 3083 1833 ctﬁliisejus,
3108 1773 3161 1817 et
3207 1768 3416 1820 cunctis
3441 1768 3563 1821 ﬁliis

2968 1873 3146 1908 sermo
3187 1874 3344 1926 (1110111
3410 1874 3564 1911 man-

2729 1960 2740 1995 :
2784 1946 2954 1998 lionno
3005 1947 3227 2014 quilibet
3282 1949 3347 2001 de
3405 1949 3566 2001 domo

1995 2032 2178 2093 Israel,
2199 2033 2240 2085 si
2265 2034 2521 2087 occiderit
2541 2035 2753 2091 bovem.
2775 2035 2887 2089 sive
2909 2051 3148 2106 capram,
3177 2039 3228 2090 in
3252 2039 3464 2105 castris,
3481 2043 3564 2094 vel

1996 2134 2146 2178 extra
2171 2135 2364 2184 castra,
2391 2137 2440 2179 et
2477 2143 2584 2178 non
2623 2128 2878 2181 obtulerit
2906 2129 2974 2181 ad
3008 2131 3204 2182 ostium
3232 2132 3565 2187 tabernaculi

1996 2218 2323 2271 oblationem
2367 2219 2614 2285 Domino,
2679 2222 2955 2290 sanguinis
3003 2238 3126 2275 reus
3167 2224 3300 2290 erit;
3336 2227 3488 2294 quasi
3522 2229 3567 2281 si

1997 2309 2315 2378 sanguinein
2348 2311 2566 2375 fuderit,
2600 2314 2678 2365 sic
2715 2312 2908 2380 peribit
2937 2313 3004 2366 de
3030 2315 3209 2367 medio
3239 2318 3420 2384 populi
3458 2321 3565 2372 sui.

2001 2400 2124 2451 Ideo
2183 2401 2378 2455 oIferre
2438 2403 2637 2455 debeat
2682 2405 2942 2456 sacerdoti
3005 2404 3096 2457 ﬁlii
3143 2405 3307 2460 Israel
3363 2409 3569 2464 hostias

1999 2508 2280 2560 suasquas
2309 2495 2560 2548 occidunt
2605 2497 2656 2548 in
2711 2514 2859 2566 agro,
2891 2509 2947 2554 ut
2996 2500 3405 2554 sanetiﬁccntur
3463 2504 3570 2556 Do-

1999 2583 2150 2634 mino
2183 2595 2305 2636 ante
2341 2587 2540 2639 ostium
2573 2588 2901 2641 tabernaculi
2941 2591 3258 2655 testimonii,
3297 2600 3350 2645 et
3374 2595 3569 2645 immo-

2001 2673 2111 2724 lent
2142 2689 2231 2725 eas
2257 2675 2460 2727 hostias
2491 2676 2741 2742 pacitia-as
2766 2681 3016 2732 Dounno.
3048 2679 3366 2748 Fundetque
3393 2697 3570 2734 sacer-

2001 2765 2098 2819 dos
2127 2767 2445 2834 sanguiucm
2479 2768 2580 2820 sub
2617 2769 2784 2821 altare
2815 2768 3046 2831 Domini,
3075 2781 3129 2824 et
3152 2772 3216 2824 ad
3250 2772 3445 2825 ostium
3491 2782 3572 2825 ta-

2001 2857 2275 2910 bernaculi
2310 2860 2628 2925 testimonii,
2665 2870 2717 2914 et
2742 2862 2974 2916 adolcbit
3010 2864 3221 2932 adipem
3264 2864 3315 2916 in
3351 2865 3572 2918 odorem

2003 2948 2282 3001 suavitatis
2306 2948 2552 3002 Domino.
2587 2952 2649 3002 Iit
2673 2966 3010 3020 nequaqutuu
3045 2953 3182 3005 ultra
3215 2953 3578 3006 immolabunt

2004 3039 2205 3093 hostias
2232 3056 2358 3093 suas
2386 3042 2741 3107 diBiIIOIlIiMlS,
2769 3059 2890 3096 eum
2914 3044 3110 3112 quibus
3145 3044 3390 3098 fornicati
3424 3055 3574 3098 sunt.

2007 3128 2328 3198 chitimum
2383 3132 2775 3200 sempiternum
2831 3136 2935 3186 erit
2979 3134 3102 3198 iliis,
3140 3141 3194 3186 et.
3224 3135 3454 3203 posteris
3487 3151 3578 3188 e0-

2010 3237 2152 3272 I'UIH.
2198 3239 2214 3269 ι

2075 3313 2212 3376 Quia
2255 3328 2443 3380 parum
2474 3312 2763 3384 legislatori
2798 3315 2863 3367 de
2903 3315 3085 3384 ﬁguris
3120 3319 3441 3384 pertinebat,
3487 3319 3580 3372 sed

2005 3407 2222 3473 etquod
2253 3407 2318 3458 dc
2349 3405 2429 3459 eis
2462 3408 2733 3474 Cogitabat
2792 3409 2961 3477 magis
2995 3421 3214 3478 propter
3268 3411 3583 3481 praeﬁgura-

2010 3506 2114 3549 taau
2151 3498 2203 3549 in
2243 3497 2324 3550 eis
2356 3498 2660 3561 veritatem,
2704 3515 2808 3567 qua
2850 3509 3035 3568 postea
3087 3502 3422 3569 temporibus
3473 3504 3585 3554 suis

2008 3587 2317 3656 dispensata
2356 3590 2472 3643 illas
2494 3607 2710 3645 cessare
2749 3591 2877 3651 vult,
2903 3601 3086 3659 aperte
3118 3607 3355 3659 praesens
3378 3594 3586 3645 sanctio

2009 3680 2361 3747 demonstrat,
2385 3698 2506 3750 quae
2559 3698 2664 3735 non
2728 3683 3042 3751 simpliciter
3095 3684 3160 3735 ad
3222 3684 3458 3752 Moysen,
3493 3685 3586 3737 sed

2010 3774 2075 3825 ad
2101 3774 2273 3825 Aaron
2303 3784 2356 3826 et
2385 3774 2521 3828 ﬁlios
2552 3777 2688 3841 ejus.
2718 3783 2770 3826 et
2804 3776 2868 3826 ad
2896 3789 3086 3827 oiunes
3116 3774 3250 3828 tilios
3275 3774 3431 3829 Israel
3452 3791 3588 3843 prae-

2013 3865 2288 3933 cepitzsed
2305 3875 2488 3934 aperte
2512 3866 3014 3934 manifestans,quia
3032 3868 3590 3938 lmeclegispratceptio

2013 3972 2121 4010 nou
2145 3973 2528 4027 magnummon
2547 3958 3375 4028 perfectiorcmquempiam,non
3397 3962 3593 4030 imper-

2016 4045 2217 4100 fectum
2254 4047 2498 4115 ignorare
2521 4046 2652 4106 vult,
2687 4047 2827 4115 quod
2854 4047 3071 4114 expedit
3094 4047 3175 4100 eis
3208 4048 3365 4108 scire,
3406 4049 3456 4101 id
3488 4058 3591 4110 est,

2016 4141 2139 4209 quia
2161 4139 2469 4207 temporalis
2486 4148 2567 4192 est
2584 4139 2771 4193 littera:
2792 4141 2962 4206 lrx,ut
2986 4142 3594 4210 tcmporeexpletomou

1995 1943 2140 1994 (lavit
2188 1943 2446 1995 Dominus
2502 1945 2687 1998 dicens

1969 4271 1974 4276 .
2013 4234 2123 4304 jam
2139 4234 2279 4287 circa
2300 4233 2464 4301 ipsam
2489 4232 2682 4286 frustra
2708 4244 2760 4287 et
2782 4249 3112 4303 supervacue
3132 4234 3492 4302 nosmvtipsos
3515 4249 3600 4285 oc-

2020 4342 2301 4395 cupemus.
2332 4326 2460 4390 Quis
2478 4337 2656 4380 autem
2683 4337 2764 4380 est
2786 4337 3088 4396 temporum
3108 4328 3230 4380 finis
3250 4327 3598 4381 ?0uuiimoda

2022 4418 2124 4472 loci
2159 4419 2327 4487 ipsius
2353 4419 2604 4486 perditio,
2635 4419 2689 4471 in
2714 4434 2819 4487 quo
2855 4419 3117 4472 sacrificia
3159 4418 3346 4471 offerri
3397 4432 3600 4486 prince—

340 4519 738 4574 summaveriut
770 4535 983 4584 manus,
1029 4516 1392 4572 sacerdotium
1436 4517 1747 4581 ministrare
1797 4523 1920 4584 post
1955 4527 1998 4582 υ
2026 4511 2124 4580 pit,
2155 4509 2537 4564 comminando
2580 4509 2921 4577 prxcipiens,
2951 4525 3072 4561 eum
3105 4509 3194 4576 qui
3231 4509 3370 4560 intra
3403 4517 3598 4573 castra,

340 4622 552 4682 patrem
589 4629 768 4665 suum.
813 4613 1048 4665 Priiuum
1087 4614 1232 4666 enim
1268 4617 1412 4668 hunc
1452 4623 1604 4683 pater
1631 4610 1804 4674 unxit,
1837 4624 1922 4662 se-

344 4707 586 4759 cundum
622 4707 762 4775 quod
792 4707 865 4760 ait
924 4708 1086 4761 David
1124 4706 1448 4774 :PrOpterea
1506 4705 1654 4758 unxit
1687 4713 1734 4756 te
1762 4703 1919 4765 Deus,

348 4800 486 4852 Deus
512 4809 629 4852 tuus
656 4801 717 4855 ¹⁰.
745 4800 905 4854 quit
961 4810 1141 4853 autem
1193 4799 1420 4851 dicens:
1461 4801 1533 4849 ’I’u
1573 4813 1625 4849 es
1668 4796 1924 4849 Sacerdos

342 4893 405 4947 in
433 4902 706 4956 azternum,
726 4893 1254 4945 secundumordinem
1277 4889 1641 4944 Melchisedech
1675 4891 1736 4939 “.
1768 4889 1925 4941 Post-

343 5001 413 5041 ea
451 4986 519 5039 ab
565 4986 876 5039 hominibus
943 4985 1033 5053 qui
1087 4984 1530 5036 Ininistraverunt
1595 4981 1829 5049 pas'sioni
1871 4988 1926 5032 et

344 5077 616 5134 sacriﬁcio
663 5087 859 5132 unctus
902 5086 1021 5131 est:
1064 5077 1241 5130 crucis
1293 5076 1437 5128 enim
1482 5072 1828 5133 sacriﬁcium,
1873 5080 1927 5124 et

341 5185 572 5239 agnum,
637 5180 691 5223 et
748 5171 1102 5230 sacerdotem,
1160 5177 1214 5221 et
1279 5166 1624 5219 liberatorem
1677 5171 1924 5216 nostrum

343 5263 605 5317 ostendit.
642 5261 865 5331 Propter
894 5261 1034 5330 quod
1072 5261 1136 5314 ad
1175 5260 1294 5328 ejus
1343 5259 1643 5329 planiorem
1699 5258 1928 5309 demon-

346 5356 708 5420 strationem,
781 5364 835 5409 et
889 5354 1226 5408 subtiliorem
1286 5352 1468 5422 ﬁgurae
1531 5349 1927 5402 manifestatio-

346 5459 514 5501 nem:

427 5533 588 5590 Vens.
616 5536 709 5590 5i.
757 5555 774 5588 ι
816 5535 1015 5602 Semel,
1047 5533 1256 5603 inquit,
1291 5533 1342 5585 in
1377 5548 1520 5585 anno
1543 5531 1700 5584 faciet
1744 5530 1868 5583 hoc.
1912 5547 1930 5579 ι

436 5716 457 5746 ³
490 5715 647 5771 Prov.
684 5733 825 5780 xxvr,
851 5717 902 5770 9.
1017 5717 1035 5745 "
1067 5715 1185 5768 Isai.
1229 5732 1278 5776 ι..
1317 5716 1368 5777 5,
1391 5715 1442 5768 Ο.

355 5787 405 5821 ³³
435 5784 600 5841 Hebr.
631 5803 706 5853 lx,
731 5788 819 5840 ‘23.
899 5785 942 5816 ¹³
981 5785 1133 5839 Joau.
1170 5802 1220 5847 v,
1253 5786 1340 5837 liti.

720 5881 964 5940 Parnm.
1032 5881 1143 5938 Cn.
1191 5878 1394 5937 XCIII.

1558 5713 1577 5742 ⁸
1598 5707 1742 5763 Psal.
1779 5721 1910 5772 xcn,
1933 5706 1984 5758 I.

2028 4609 2143 4662 sive
2174 4605 2326 4664 foris,
2354 4615 2501 4658 extra
2535 4613 2712 4657 tamen
2757 4602 3163 4656 tabernaculum
3193 4601 3484 4654 testimonii
3516 4615 3601 4653 sa-

2025 4702 2292 4760 criﬁcium
2327 4701 2418 4754 Dei
2447 4700 2644 4768 explet,
2681 4697 2904 4749 interire
2937 4695 3004 4748 de
3033 4694 3250 4762 pepulo.
3297 4692 3365 4746 Ut
3386 4692 3604 4760 quando

2029 4791 2436 4847 tabernaculum
2474 4784 2785 4846 testimonii,
2821 4791 2876 4837 et
2908 4781 3165 4850 templum
3197 4779 3340 4848 quod
3371 4779 3437 4830 ad
3487 4776 3605 4842 ejus

2028 4883 2315 4952 imaginem
2347 4880 2546 4933 factum
2577 4885 2678 4937 est,
2709 4875 3061 4944 disperditum
3097 4872 3278 4932 fuerit,
3314 4881 3607 4937 cognosca-

2031 4988 2118 5030 tur
2147 4976 2270 5043 quia
2301 4974 2460 5026 ﬁnem
2499 4971 2700 5023 habeut
2733 4969 2910 5020 omnia
2941 4980 3062 5035 qua:
3094 4964 3163 5017 ibi
3202 4962 3313 5014 ﬁeri
3346 4961 3428 5011 lex
3476 4971 3609 5026 pra:-

2031 5068 2208 5136 cepit;
2239 5066 2400 5120 etiam
2432 5065 2520 5118 illa
2555 5065 2666 5117 Deo
2699 5077 2807 5114 non
2835 5060 3067 5129 placent,
3099 5070 3276 5122 neque
3307 5050 3450 5105 enim
3474 5049 3608 5101 alias

2030 5159 2447 5229 disperdidisset
2498 5157 2674 5209 locum
2713 5152 2766 5205 in
2812 5165 2918 5220 quo
2947 5146 3126 5217 peragi
3175 5141 3485 5196 omnimodo
3521 5152 3606 5190 se-

2033 5253 2272 5306 cundum
2327 5250 2495 5318 legem
2538 5246 2836 5300 debuisset.
2871 5241 3026 5306 Quod
3075 5237 3233 5289 etiam
3285 5231 3452 5293 dices,
3484 5243 3609 5282 cum

2036 5343 2309 5411 sicjustas
2343 5339 2604 5400 actiones,
2635 5338 2684 5390 id
2731 5343 2814 5389 est
2844 5347 2970 5385 non.
2996 5326 3264 5386 occidere,
3292 5337 3401 5374 non
3459 5318 3612 5372 adul-

2046 5434 2230 5499 tcrari,
2261 5448 2368 5485 non
2406 5431 2596 5493 furari,
2630 5444 2740 5482 non
2786 5425 2978 5479 falsum
3003 5415 3373 5474 testimonium
3413 5412 3614 5470 dicere,

2044 5536 2250 5598 patrem
2311 5533 2365 5578 et
2414 5531 2639 5575 matrem
2698 5521 2983 5578 honorare,
3037 5511 3258 5579 diligere
3320 5505 3618 5575 proximos,

2083 5705 2103 5736 ⁹
2139 5702 2295 5758 Joan.
2330 5715 2447 5762 xm,
2475 5701 2524 5753 5.
2643 5695 2686 5728 ¹⁰
2724 5693 2864 5749 Psal.
2891 5706 3033 5754 κων,
3060 5689 3112 5744 8.
3227 5687 3266 5715 ⁸³
3303 5685 3389 5737 l‘s.
3428 5696 3533 5744 eis,
3569 5678 3627 5732 4.

3199 5845 3269 5866 II",

3199 5849 3269 5866 gn

3199 5849 3271 5906 δέ
