3988 6222
443 382 574 447 10113

1623 377 1915 439 ΗΕΞΥΟΙΙ
1928 376 1981 433 ll
2034 371 2506 432 PRESBYTERI

3562 362 3705 429 1004

434 514 617 555 servos
646 498 844 553 liberos
865 497 1063 564 facere,
1087 496 1335 566 jejunare
1359 495 1694 565 frequenter,
1723 493 1806 546 vel
1827 506 2003 553 orare,
2039 499 2079 552 Α
2111 494 2165 539 et
2215 486 2374 539 docet
2402 486 2561 554 quale
2601 491 2685 538 est
2705 483 3084 539 fornicationis
3118 490 3426 552 peccatum,
3460 489 3510 534 ut
3578 479 3703 533 ido-

386 596 389 599 “
434 610 541 646 non
573 590 1137 652 circumscribitloco,
1166 590 1292 658 quia
1322 603 1537 658 semper
1577 595 1705 640 sunt
1746 584 1919 649 utilia,
1958 591 2012 635 et

431 698 555 736 cum
589 681 897 753 evangelica
947 681 1361 737 conversatione
1388 677 1718 735 communia.
1750 674 1873 729 llaec
1918 689 2012 726 au-

435 786 538 829 tem
563 790 683 845 quae
712 776 1016 831 secundum
1046 774 1342 844 semetipsa
1386 780 1514 827 sunt
1568 767 1861 840 superflua,
1918 763 2010 818 sed

429 883 611 923 causae
658 868 942 938 cujusdam
996 876 1127 923 sunt
1184 865 1450 935 exquisita
1493 863 1688 933 gratia,
1737 858 2013 915 concludit

430 960 567 1025 loco,
606 969 665 1014 ut
714 970 1044 1029 cognoscant
1072 958 1195 1028 quia
1253 955 1570 1027 temporalia
1613 960 1743 1008 sunt
1779 969 1791 1004 :
1831 949 2010 1004 omnia

429 1049 577 1103 enim
622 1065 746 1119 quae.
797 1050 916 1104 loco
962 1050 1229 1114 serviunt,
1277 1046 1487 1103 servire
1538 1045 1703 1100 etiam
1761 1041 2011 1097 ordinata

428 1151 558 1196 sunt
586 1141 839 1210 tempori.
876 1139 1142 1210 Deputata
1177 1147 1307 1194 sunt
1354 1138 1517 1209 igitur
1562 1137 1682 1191 loco
1727 1131 2011 1196 sacriﬁcia,

428 1229 847 1285 cmundationes
902 1238 1267 1293 mortuorum,
1298 1236 1354 1282 et
1405 1226 1629 1281 seminis
1667 1223 1871 1277 ﬂuxum
1920 1238 2015 1291 pa-

430 1320 709 1385 tientium,
744 1301 807 1375 et.
838 1320 1200 1389 leprosorum,
1245 1326 1300 1372 et
1351 1324 1809 1371 menstruatarum
1845 1332 1858 1366 :
1890 1311 2014 1381 quia

428 1421 484 1466 et
540 1411 659 1466 haec
696 1425 795 1480 per
846 1408 1108 1464 sacriﬁcia
1155 1408 1410 1463 eﬁectum
1480 1407 1728 1461 habent:
1771 1402 2018 1459 similiter

426 1519 637 1575 azyma,
668 1512 723 1557 et
746 1502 1036 1574 ﬁguratum
1055 1502 1277 1572 pascha,
1307 1498 1652 1569 scenOpegia,
1678 1512 1779 1567 pen
1791 1503 2012 1559 tecoste,

428 1611 641 1651 necnon
703 1595 1028 1656 neomenire,
1081 1603 1138 1647 et
1185 1592 1412 1647 sabbata
1454 1608 1472 1644 :
1527 1589 1812 1660 oportebat
1871 1587 2016 1640 enim

428 1689 576 1743 omni
620 1688 784 1742 modo
825 1687 1090 1743 sacrificia
1123 1686 1175 1739 in
1224 1685 1341 1740 istis
1393 1683 1598 1738 offerri.
1640 1682 1776 1748 Quia
1829 1689 2013 1736 autem

429 1779 546 1833 haec
570 1779 951 1848 mysteriorum
976 1775 1205 1830 Domino
1237 1776 1639 1845 implendornm
1689 1775 1887 1846 ﬁguras
1920 1775 2017 1828 ha-

2113 577 2286 628 lorum
2327 575 2496 639 cultu,
2526 575 2962 640 fornicationem,
2994 583 3049 628 et
3083 574 3151 628 ad
3178 574 3453 628 «laniones
3500 572 3701 626 confu-

2114 664 2282 736 gium,
2325 665 2743 720 fornicationem
2766 666 3141 719 nominaretur
3168 679 3181 716 :

2185 754 2345 809 Vens.
2371 755 2425 819 8,
2450 756 2503 810 9.
2543 774 2560 806 ι
2587 756 2654 810 Et
2678 755 2827 810 dices
2876 756 2943 810 ad
3002 758 3188 825 ipsos:
3230 754 3402 809 llomo
3441 757 3509 809 de
3572 755 3706 809 ﬁliis

2114 842 2298 908 Israel,
2325 853 2380 897 et
2409 845 2477 897 de
2505 844 2731 899 advenis
2783 845 2875 914 qui
2899 844 3318 914 peregrinantur
3374 846 3519 913 apud
3580 861 3705 909 vos,

2113 934 2206 1004 qui
2260 934 2520 990 obtulerit
2575 936 2979 1003 holocaustum,
3042 938 3156 993 sive
3207 939 3502 1005 victimam,
3532 949 3587 993 et
3636 941 3707 993 ad

2115 1028 2315 1081 ostium
2347 1028 2679 1083 tabernaculi
2732 1029 3027 1083 testimonii
3066 1045 3176 1083 non
3226 1031 3513 1086 adduxerit
3558 1046 3708 1096 eam,

2118 1127 2176 1173 ut
2214 1117 2477 1174 oﬁeratur
2510 1120 2758 1187 Domino,
2802 1122 3044 1176 interibit
3070 1124 3139 1176 de
3168 1123 3368 1192 populo
3387 1139 3509 1178 suo.
3547 1145 3565 1176 ι

2188 1211 2255 1265 Et
2316 1211 2362 1265 si
2414 1210 2606 1266 eadem
2635 1212 2819 1267 dicere
2877 1212 3145 1282 iegislator
3196 1213 3428 1278 videtur,
3488 1231 3713 1270 verum-

2118 1310 2300 1357 tamen
2327 1304 2611 1373 populum,
2681 1305 2772 1359 cui
2801 1304 2872 1359 ab
2910 1321 2976 1359 eo
3024 1306 3105 1360 lex
3132 1306 3444 1376 imponitur,
3488 1318 3713 1363 eaut-un

2120 1396 2300 1450 reddit
2336 1413 2349 1448 :
2382 1396 2574 1450 eadem
2595 1399 2798 1466 quippe
2838 1395 3152 1466 frequenter
3197 1398 3407 1465 dicens,
3462 1399 3716 1453 ostendit

2120 1486 2221 1539 hoc
2254 1487 2570 1541 mandatum
2631 1489 3004 1543 necessarium
3070 1504 3212 1554 esse,
3250 1491 3523 1559 nimisque
3550 1490 3710 1544 utile.

2126 1575 2507 1631 Verumtamen
2540 1594 2612 1633 ne
2661 1579 2862 1633 frustra
2912 1578 3149 1649 idipsum
3201 1595 3389 1634 rursus
3419 1579 3570 1639 dicit.
3612 1581 3715 1634 sed

2120 1684 2285 1738 supra
2306 1669 2523 1739 quidem
2549 1669 2885 1724 occidentem
2911 1670 3277 1733 solummodo,
3306 1680 3364 1724 ut
3383 1670 3600 1740 aliquod
3632 1668 3716 1723 fa-

2122 1768 2272 1815 ceret
2291 1760 2636 1827 sacriﬁcium,
2661 1777 2773 1816 non
2803 1770 2983 1816 tamen
3016 1761 3166 1815 omni
3210 1762 3370 1816 modo
3399 1771 3456 1815 et
3498 1762 3713 1831 reliqua

430 1870 668 1935 hebant,
720 1868 774 1924 in
840 1869 1215 1940 superioribus
1262 1866 1595 1922 sufﬁcienter
1654 1865 2017 1920 ostendimus.

2130 1851 2374 1906 sacrificii
2402 1851 2716 1916 facientem,
2746 1867 2923 1922 poenae
2974 1852 3225 1921 subjecit,
3280 1854 3356 1906 ait
3384 1852 3528 1906 enim
3564 1870 3578 1905 :
3604 1852 3715 1918 Qui

429 1962 692 2017 Parvulus
715 1976 847 2032 ergo
876 1976 999 2016 cum
1035 1970 1181 2016 esset
1232 1960 1493 2031 pepulus,
1520 1958 1611 2028 qui
1642 1959 1815 2028 legem
1866 1952 2019 2011 acci-

430 2051 643 2121 piebat,
674 2058 730 2105 et
759 2050 827 2105 ad
859 2065 921 2105 ea
951 2066 1073 2122 qua:
1099 2058 1226 2105 sunt
1276 2049 1591 2120 imperfecta
1629 2047 1865 2111 inhians,
1893 2047 2019 2117 quia

430 2143 795 2197 adhaesiturus
817 2151 936 2197 erat
967 2142 1196 2206 umbris,
1228 2150 1284 2195 et
1309 2154 1695 2210 compassurus
1730 2137 1885 2203 locis,
1911 2137 2020 2193 sic-

432 2245 493 2291 ut
549 2235 808 2306 parvulus
855 2235 909 2288 in
941 2234 1266 2304 quibusdam
1307 2233 1441 2287 locis
1496 2231 1819 2294 delectatur,
1863 2230 2020 2285 inve-

427 2331 511 2384 nit
532 2329 755 2385 modum
784 2327 1077 2399 legislator,
1106 2341 1200 2398 per
1231 2341 1393 2396 quem
1433 2340 1499 2379 ex
1525 2323 1851 2379 necessitate
1897 2323 2017 2378 illos

427 2430 754 2477 reinoveata
783 2420 991 2493 ﬁguris,
1041 2419 1261 2489 quando
1297 2426 1540 2487 tempore
1600 2417 1791 2471 harum
1838 2431 2017 2470 reces-

428 2512 598 2569 sionis
628 2511 816 2575 fuerit,
851 2511 973 2567 loco
1005 2510 1441 2566 circumcludens
1494 2524 1586 2562 cas
1616 2523 1736 2577 qua:
1792 2498 2019 2561 destru-

427 2615 612 2661 cturus
662 2612 801 2669 erat,
859 2614 915 2656 et
952 2602 1272 2671 praecipiens
1318 2608 1474 2655 extra
1514 2600 1693 2654 locum
1747 2599 1893 2652 hunc
1942 2596 2018 2650 nil

427 2710 617 2751 eorum
647 2709 769 2765 quae
798 2694 943 2748 dicta
973 2702 1122 2755 sunt,
1172 2692 1310 2758 ﬁeri,
1344 2693 1437 2747 sed
1464 2708 1588 2747 eum
1619 2691 1711 2762 qui
1762 2699 2015 2756 tentaret,

431 2800 555 2841 esse
582 2785 725 2839 sicut
747 2783 1067 2854 sanguinem
1116 2781 1509 2837 effundentem.
1536 2780 1676 2851 Ergo
1703 2779 2017 2849 quicunque

431 2886 486 2933 et
517 2891 665 2931 nunc
711 2875 910 2946 ﬁguras
945 2889 1206 2944 peragere
1267 2872 1531 2927 destrueti
1572 2880 1839 2926 conantur
1889 2872 2014 2935 loci,

431 2966 754 3038 sanguinem
787 2963 1102 3029 eﬁundunt,
1135 2962 1185 3017 id
1214 2972 1297 3017 est
1337 2976 1685 3018 communem
1720 2977 2016 3016 conversa-

433 3057 636 3112 tionem
671 3055 940 3126 polluunt,
982 3054 1037 3107 in
1067 3067 1360 3108 commune
1389 3060 1637 3122 peccant,
1674 3051 1817 3105 sicut
1844 3059 1899 3105 et
1960 3051 2016 3105 hi

430 3151 523 3220 qui
590 3149 908 3218 sanguinem
969 3145 1226 3210 fundunt,
1286 3143 1642 3211 similiterque
1698 3143 2015 3213 sanguinem

433 3244 555 3315 ejus
575 3241 667 3311 qui
714 3241 783 3295 ab
813 3239 892 3294 eis
923 3240 975 3292 in
1006 3252 1247 3292 errorem
1272 3235 1521 3300 mittitur,
1541 3234 1773 3288 fundunt
1800 3252 1812 3288 :
1843 3234 2023 3304 perdi-

432 3335 597 3392 tionis
628 3334 776 3389 enim
807 3334 857 3387 ei
903 3344 1068 3385 causa
1098 3328 1427 3383 eﬁicinntur.
1463 3327 1600 3392 Quia
1630 3333 1810 3380 autem
1850 3325 2018 3395 possi-

432 3425 547 3481 bile
572 3423 674 3478 fuit
696 3423 815 3476 illos
845 3421 1205 3488 interrogare,
1240 3423 1336 3470 aut
1366 3416 1622 3485 cogitare,
1644 3425 1698 3469 et
1732 3415 1890 3482 cujus
1945 3414 2022 3468 rei

436 3516 605 3589 gratia
640 3515 758 3570 haec
784 3513 991 3569 sancita
1017 3519 1166 3574 sunt,
1199 3510 1241 3563 si
1268 3510 1455 3563 localia
1488 3519 1615 3562 sunt
1642 3548 1657 3573 ,
1689 3508 1757 3561 ad
1810 3518 2024 3576 tempus

434 3610 687 3673 dicimus,
717 3607 839 3677 quia
871 3619 1092 3660 causam
1116 3602 1409 3673 ﬁgurarum
1456 3614 1784 3670 cognoscere
1837 3609 2024 3669 aperte

435 3717 543 3757 non
608 3710 878 3771 poterant,
930 3711 1108 3766 neque
1160 3694 1455 3764 cupiebant
1514 3692 1749 3747 revelate
1788 3692 2021 3758 discere,

434 3795 562 3864 quia
589 3794 817 3847 aliorum
852 3791 1119 3845 haberent
1165 3787 1428 3858 imagines
1466 3800 1528 3840 ea
1555 3801 1675 3855 qua:
1702 3785 2023 3840 sanciebau-

437 3896 547 3942 tur.
580 3884 942 3950 Quamobrem
967 3898 1186 3936 causam
1224 3880 1332 3935 illts
1360 3879 1523 3932 aliam
1557 3879 1823 3933 veriorem
1849 3877 2023 3947 ipsam

437 3979 717 4053 legislator
751 3975 993 4046 scripsit,
1027 3989 1189 4045 quam
1224 3974 1369 4027 hanc
1400 3990 1413 4025 :

509 4070 579 4129 Et
610 4085 941 4142 nequaquam
973 4068 1112 4120 ultra
1137 4065 1488 4120 immolabant
1520 4065 1718 4119 hostias
1759 4080 1883 4118 suas
1904 4063 2024 4117 ἀιτ-

438 4163 677 4218 monibus
700 4178 818 4219 cum
842 4161 1029 4231 quibus
1053 4160 1301 4231 fornicati
1327 4168 1466 4213 sunt.
1492 4157 1639 4222 Sive,
1666 4166 1723 4211 ut
1750 4156 1883 4211 LXX
1914 4174 1926 4209 ε
1960 4157 2025 4210 Et

439 4273 541 4310 non
593 4252 938 4308 immolabant
970 4251 1111 4305 ultra
1167 4250 1432 4319 sacriﬁcia
1495 4265 1591 4301 sua
1637 4248 1973 4317 superuacuis
2004 4263 2022 4300 :

437 4365 561 4407 cum
599 4351 680 4402 eis
714 4347 876 4401 alteo
929 4352 1260 4415 prmeeptum
1311 4342 1539 4396 fuisset:
1565 4341 1684 4393 Non
1719 4342 1879 4411 facies
1933 4340 2027 4394 tibi

440 4440 658 4502 idolum,
688 4454 777 4493 nec
800 4452 1003 4491 omnem
1035 4434 1430 4489 similitudinem
1460 4449 1642 4486 eorum
1677 4448 1793 4500 qua:
1815 4434 1869 4485 in
1902 4432 2028 4486 caelo

2125 1945 2372 1998 occiderit
2406 1945 2602 2009 bovem,
2636 1955 2729 1997 aut
2765 1962 2930 2010 ovem,
2956 1946 3063 1999 sive
3109 1945 3164 1997 in
3193 1947 3402 2012 castris,
3426 1945 3509 1999 vel
3559 1957 3717 2000 extra

2124 2048 2322 2101 castra,
2351 2049 2398 2092 et
2433 2055 2537 2092 non
2560 2039 2803 2093 obtulerit
2834 2039 2904 2092 ad
2942 2041 3135 2093 ostium
3178 2039 3507 2094 tabernaculi
3562 2042 3718 2094 oblu-

2124 2131 2316 2184 tionem
2382 2130 2627 2184 Domino.
2675 2131 2751 2185 lbi
2812 2132 3145 2201 prohibitus.
3189 2132 3505 2204 intelligitur
3527 2134 3597 2187 ab
3648 2150 3721 2188 eo

2121 2224 2267 2292 quod
2296 2224 2522 2278 tentavit
2566 2242 2577 2276 :
2616 2224 2704 2279 hic
2725 2236 2907 2279 autem
2934 2241 3042 2280 non
3075 2226 3168 2295 ita,
3202 2228 3298 2283 sed
3328 2245 3343 2282 :
3371 2226 3472 2291 Qui
3503 2228 3721 2282 obtule-

2125 2316 2197 2368 rit
2225 2313 2606 2381 holocaustum,
2635 2317 2741 2371 sive
2760 2318 3053 2384 victimam,
3082 2329 3130 2372 et
3156 2320 3228 2373 ad
3253 2321 3442 2374 ostium
3473 2322 3723 2375 tabernu-

2125 2406 2230 2459 culi
2265 2408 2547 2463 testimonii
2569 2423 2672 2460 non
2693 2410 2973 2463 adduxerit
3003 2426 3141 2475 eam,
3167 2420 3222 2463 ut
3252 2412 3502 2482 o/j‘eratur
3532 2412 3721 2467 Domi-

2122 2514 2207 2554 no.
2238 2497 2688 2554 Consummatnm
2718 2500 2832 2554 sive
2885 2501 3214 2556 sacriﬁcium
3260 2503 3568 2573 perfectum
3628 2506 3721 2560 di-

2120 2605 2269 2656 cens,
2294 2591 2347 2644 in
2372 2600 2584 2646 tantum
2615 2601 2675 2646 ut
2706 2593 3084 2648 holocaustum
3112 2594 3290 2662 ﬁeret,
3328 2598 3584 2652 eamdem
3630 2608 3722 2652 ta-

2121 2699 2247 2738 men
2278 2684 2415 2738 etin
2445 2684 2549 2739 hoc
2595 2700 2811 2755 pcenam
2846 2687 3121 2757 praeepit.
3153 2686 3257 2753 Qui
3298 2689 3444 2743 enim
3498 2689 3721 2744 initium

2120 2774 2382 2831 fecithoc
2413 2778 2758 2845 attrectandi,
2801 2788 2856 2833 et
2884 2780 3192 2849 prohibitus
3224 2789 3324 2847 cst,
3367 2781 3505 2835 nihil
3530 2782 3724 2838 differt

2119 2869 2188 2924 ab
2211 2884 2279 2924 eo
2311 2870 2401 2939 qui
2425 2870 2735 2940 complevit.
2771 2870 2876 2926 Sed
2900 2881 2956 2926 et
2988 2874 3271 2943 utriusque
3328 2890 3508 2943 pinna,
3534 2874 3725 2944 perdi-

2122 2963 2198 3017 tio
2230 2963 2297 3017 de
2321 2963 2523 3033 populo
2552 2973 2654 3027 est,
2685 2965 2759 3018 ita
2784 2974 2844 3018 ut
2870 2981 2979 3048 ηοξ]
3009 2967 3183 3033 possit
3212 2968 3355 3021 ultra
3385 2967 3474 3021 hic
3514 2970 3569 3021 in
3613 2984 3722 3036 po—

2125 3056 2255 3126 pulo
2281 3056 2499 3125 degere,
2524 3071 2701 3124 neque
2732 3057 2799 3111 de
2826 3059 3243 3113 circumcisione
3268 3059 3509 3129 gloriari,
3534 3075 3721 3128 neque

2127 3147 2194 3202 de
2215 3162 2413 3218 genere
2442 3145 2717 3202 Abraham
2759 3150 3116 3218 semetipsum
3152 3166 3369 3215 ornare,
3404 3161 3499 3205 aut
3528 3152 3719 3206 Israe-

2127 3238 2219 3292 lita
2271 3239 2398 3301 dici,
2428 3239 2522 3292 sed
2557 3239 2699 3292 inter
2751 3242 3075 3310 praeputium
3105 3242 3368 3297 habentes
3405 3254 3461 3299 et
3513 3245 3720 3297 alieni-

2127 3344 2292 3400 genas
2321 3330 2706 3395 constituatur,
2742 3332 2846 3386 hoc
2879 3343 2964 3387 est
2995 3334 3231 3402 disperdi
3292 3336 3602 3405 quempiam
3645 3339 3720 3391 de

2128 3426 2332 3492 populo
2358 3438 2478 3477 suo.
2524 3422 2666 3491 Ergo
2721 3425 3032 3494 quicunque
3066 3441 3212 3479 nunc
3247 3427 3380 3497 legis
3437 3427 3718 3492 mandata,

2127 3527 2225 3566 seu
2256 3513 2518 3568 terminos
2550 3513 3045 3584 transgrediuntur,
3071 3525 3222 3569 extra
3272 3517 3532 3585 templum
3556 3532 3722 3588 agen-

2128 3608 2210 3655 tes
2255 3619 2596 3673 quzccunque
2650 3607 2930 3661 destructo
2960 3606 3162 3676 templo
3196 3607 3281 3661 lex
3308 3608 3392 3677 agi
3425 3622 3537 3661 non
3575 3609 3719 3672 vult,

2123 3695 2234 3764 jam
2265 3710 2375 3749 non
2407 3706 2536 3751 sunt
2567 3697 2845 3760 Israelita,
2876 3713 2979 3752 nec
3038 3698 3355 3755 Iudaeorum
3390 3700 3719 3768 appellatio-

2128 3800 2252 3840 nem
2274 3787 2418 3856 juste
2442 3788 2541 3842 sibi
2574 3797 2855 3857 usurpant.
2888 3789 2991 3844 Sed
3028 3790 3190 3843 etiam
3225 3790 3355 3844 illud
3395 3806 3503 3859 prae
3530 3791 3717 3844 omni-

2128 3878 2231 3933 bus
2253 3880 2429 3933 notari
2455 3889 2687 3949 oportet,
2716 3882 2862 3951 quod
2887 3898 2995 3935 non
3021 3882 3199 3937 solum
3227 3898 3324 3938 eos
3345 3883 3436 3952 qui
3465 3898 3531 3937 ex
3591 3883 3722 3936 ﬁliis

2130 3969 2292 4024 lsrael
2323 3980 2469 4035 sunt,
2526 3978 2640 4027 haec
2693 3974 2951 4042 prmeepit
2975 3975 3272 4038 custodire,
3306 3975 3401 4029 sed
3430 3990 3553 4028 cum
3584 3976 3724 4043 ipsis

2130 4074 2185 4117 et
2215 4064 2537 4134 proselytas,
2566 4066 2681 4119 sive
2736 4066 2992 4132 advenas,
3024 4065 3117 4135 qui
3177 4065 3599 4137 peregrinantur
3630 4069 3721 4120 in-

2133 4163 2212 4209 ter
2248 4169 2363 4220 eos,
2400 4155 2454 4209 id
2479 4164 2564 4210 est
2589 4156 2839 4226 gentiles,
2876 4156 2932 4211 hi
2962 4158 3109 4212 enim
3144 4173 3254 4212 non
3307 4159 3387 4213 eis
3433 4159 3721 4228 conjuncti

2131 4255 2277 4311 sunt,
2309 4247 2404 4301 sed
2425 4248 2570 4316 apud
2598 4262 2695 4301 eos
2723 4256 2872 4313 sunt,
2906 4248 3031 4318 quia
3062 4250 3206 4319 apud
3232 4264 3329 4304 eos
3375 4265 3590 4317 sumus,
3628 4261 3722 4304 ut-

2132 4346 2258 4407 pote
2282 4338 2455 4409 legem
2486 4354 2697 4410 eorum,
2733 4346 2788 4394 et
2822 4341 3140 4411 prophetas,
3175 4350 3233 4395 et
3277 4341 3605 4411 promissam
3636 4343 3724 4396 eis

2134 4429 2508 4485 haereditatem
2536 4431 2820 4487 habentes.
2846 4434 3204 4489 Adhaeremus
3237 4441 3418 4488 autem
3466 4448 3580 4487 non
3635 4434 3725 4504 ip—

437 4543 559 4589 sunt
588 4549 820 4596 sursum,
845 4541 891 4585 et
935 4530 995 4590 in
1022 4538 1163 4583 terra
1210 4528 1477 4591 deorsum,
1529 4536 1577 4579 et
1608 4541 1928 4596 quascunque
1970 4526 2025 4579 in
2061 4535 2103 4592 υ
2132 4523 2224 4589 sis,
2252 4524 2349 4578 sed
2396 4524 2539 4579 Deo:
2581 4534 2848 4595 praeterea
2877 4527 3181 4582 secundum
3217 4524 3381 4590 LXX,
3413 4526 3582 4581 homo
3635 4528 3725 4579 di-

439 4624 592 4692 aquis
617 4623 796 4677 subtus
859 4631 1056 4675 terram
1089 4620 1152 4672 η.
1183 4616 1423 4673 Vitulum
1484 4616 1735 4672 fecerunt
1780 4616 2029 4671 conflati-

441 4715 547 4766 lem
586 4722 640 4768 et
677 4714 846 4768 vitulo
900 4712 1225 4770 sacriﬁcium
1243 4710 1581 4773 obtulerunt,
1622 4722 1784 4761 causa
1833 4709 2028 4778 gastri-

441 4803 661 4876 margia:
692 4819 910 4859 sumere
949 4802 1215 4859 sacriﬁcia
1247 4802 1509 4857 volentes.
1548 4799 1879 4871 Paedagogus
1932 4816 2017 4854 eo-

440 4910 563 4948 rum
598 4894 704 4956 lex,
734 4894 801 4948 de
856 4893 936 4948 eis
1000 4890 1198 4946 oﬁ'erre
1253 4890 1517 4945 sacriﬁcia
1546 4890 1824 4960 praecepit,
1860 4900 1919 4944 ut
1969 4891 2024 4946 in

440 4989 560 5044 haec
611 4986 858 5055 occupati
887 4985 955 5039 ab
979 4984 1130 5051 omni
1166 4983 1483 5038 idololatriae
1506 4982 1773 5039 sacriﬁcio
1826 4990 2026 5039 semet-

439 5080 589 5149 ipsos
622 5075 936 5131 abstineant
963 5092 975 5127 :
1012 5082 1068 5127 et
1090 5074 1207 5127 haec
1238 5074 1437 5137 sancit,
1457 5087 1578 5142 quae
1606 5071 1691 5126 lex
1717 5086 1813 5127 eos
1834 5071 2026 5140 prohi-

438 5172 575 5226 hens
594 5169 663 5225 ab
692 5168 958 5229 idolorum
991 5163 1297 5229 sacriﬁciis,
1327 5162 1488 5217 simul
1516 5162 1712 5217 docere
1750 5162 1912 5215 etiam
1966 5159 2029 5214 fi-

390 5258 391 5261 “
440 5277 603 5333 guras
632 5260 1013 5331 mysteriorum
1045 5256 1351 5312 futurorum
1375 5254 1700 5324 potuissent.
1734 5253 1880 5308 Bene
1933 5268 2030 5307 au-

402 5365 550 5407 ..tem
587 5351 999 5417 servireidolis,
1037 5347 1453 5404 fornicationem
1490 5345 1819 5416 appellavit:
1846 5354 2033 5416 aperte

392 5447 397 5477 ’
444 5457 546 5497 nos
573 5443 801 5502 docens.
836 5444 961 5511 quia
993 5448 1208 5495 nostras
1229 5436 1439 5490 animas
1464 5436 1609 5491 Deus
1639 5438 1742 5492 sibi
1775 5438 1841 5492 ad
1882 5438 2036 5507 saIu-_

392 5524 397 5535 “
448 5542 556 5586 tem
585 5534 892 5602 deSpondil,
930 5547 986 5589 et
1019 5533 1141 5587 ideo
1164 5530 1453 5585 fornicatio
1479 5531 1677 5585 dicitur
1701 5532 1770 5586 ab
1803 5531 1893 5585 illo
1923 5530 2030 5585 dis-

440 5623 641 5676 cessio.
677 5624 902 5694 lnsuper
928 5631 1097 5679 terret
1129 5639 1225 5677 eos
1253 5623 1348 5693 qui
1393 5622 1449 5676 in
1473 5638 1638 5676 carne
1661 5622 2025 5688 fornicamur,

527 5826 569 5862 ιδ
607 5825 777 5887 Exod.
808 5842 900 5895 xx,
937 5829 969 5882 4
996 5834 1053 5880 et
1083 5825 1258 5881 Levit.
1290 5843 1435 5893 xxvi,
1477 5829 1523 5885 l.

2136 4618 2234 4682 xit,
2260 4632 2385 4671 cum
2409 4617 2597 4673 liceret
2632 4618 2954 4688 simpliciter
2996 4619 3177 4672 dicere
3215 4618 3517 4685 hominem,
3543 4618 3723 4688 dupli-

2134 4720 2224 4765 cat
2248 4720 2452 4777 tamen,
2479 4720 2541 4765 ut
2576 4711 2827 4766 ostendat
2874 4720 2982 4765 tam
3021 4726 3146 4765 eum
3177 4710 3269 4779 qui
3330 4710 3387 4764 in
3435 4712 3726 4767 circumci-

2134 4815 2310 4866 sxone,
2348 4816 2508 4871 quam
2542 4802 2635 4872 qui
2666 4802 2720 4855 in
2758 4801 3022 4872 praeputio
3043 4801 3284 4856 adhaeret
3327 4801 3461 4868 Deo,
3496 4802 3604 4857 hoc
3624 4803 3723 4858 de—

2136 4890 2265 4944 bere
2297 4892 2569 4946 custodire
2598 4893 2938 4947 mandatum.

2208 4980 2370 5036 Vens.
2412 4982 2599 5037 10-12.
2631 5001 2648 5032 ι
2678 4982 2852 5037 llomo
2894 4982 3125 5052 quilibet
3167 4982 3235 5037 de
3267 4983 3432 5037 domo
3458 4981 3643 5048 Israel,
3667 4996 3725 5037 et

2131 5073 2199 5129 de
2227 5075 2451 5130 advenis
2482 5074 2576 5143 qui
2614 5075 3032 5147 peregrinantur
3062 5076 3209 5130 inter
3236 5091 3351 5143 eos,
3392 5078 3437 5132 si
3470 5077 3724 5133 comede-

2132 5167 2204 5220 rit
2238 5166 2580 5236 sanguinem,
2609 5166 2911 5222 obﬁrmabo
2941 5166 3135 5222 faciem
3166 5183 3343 5223 meam
3370 5178 3562 5224 contra
3601 5169 3722 5223 ani-

2134 5273 2280 5314 mam
2310 5258 2474 5324 illius,
2498 5266 2553 5313 et
2586 5258 2896 5328 disperdam
2925 5275 3047 5313 eam
3080 5260 3149 5314 de
3191 5260 3397 5329 populo
3428 5276 3550 5316 suo.
3585 5260 3719 5327 Quia

2137 5349 2318 5403 anima
2346 5349 2527 5404 carnis
2552 5349 2607 5403 in
2632 5349 2898 5421 sanguine
2931 5360 3036 5415 est,
3071 5361 3127 5405 et
3160 5366 3261 5421 ego
3294 5351 3423 5405 dedi
3454 5352 3606 5405 illum
3634 5365 3696 5404 vo

2137 5442 2242 5504 bis,
2274 5449 2333 5495 ut
2363 5458 2526 5512 super
2550 5444 2717 5497 altare
2739 5443 2795 5495 in
2823 5457 2891 5497 eo
2923 5442 3151 5513 expietis
3175 5460 3273 5512 pro
3313 5444 3608 5498 animabus
3628 5456 3722 5496 ve-

2139 5533 2289 5595 stris,
2320 5529 2378 5589 οι
2398 5534 2617 5604 sanguis
2644 5549 2744 5604 pro
2771 5534 2969 5588 animae
3000 5533 3214 5604 piaculo
3241 5533 3332 5599 sit,
3363 5530 3571 5588 idcirco
3613 5530 3721 5585 dixi

2143 5624 2264 5680 ﬁliis
2294 5625 2458 5680 Israel
2490 5643 2502 5678 :
2529 5623 2721 5681 Omnis
2771 5625 2951 5681 anima
3007 5640 3074 5678 ex
3124 5624 3279 5680 vobis
3324 5640 3434 5679 non
3477 5621 3724 5679 comedet
