3988 6222
353 385 489 453 1005

1494 399 1573 458 ΙΝ
1612 400 2046 460 LEVITlCUM.
2088 428 2154 438 ν-
2188 405 2334 464 LIB.
2374 408 2439 468 V.

3479 416 3616 486 1006

349 509 689 579 sanguinem,
725 527 826 565 nec
852 528 915 566 ex
952 513 1174 568 advenis
1205 515 1294 583 qui
1330 519 1746 586 peregrinantur
1786 532 1929 577 inter
1959 539 1996 592 Α
2030 518 2124 579 cit,
2151 520 2344 575 Anima
2377 525 2557 579 omnis
2597 529 2778 584 carnis
2807 531 2859 584 in
2891 534 3153 603 sanguine
3198 534 3317 604 ejus
3357 545 3461 599 est,
3495 542 3616 594 ttul-

346 611 466 652 γοε.
507 615 527 648 ›

418 688 559 742 LXX
580 700 767 761 autem.
789 692 875 745 hic
896 694 1084 757 edunt,
1119 694 1286 749 Homo
1307 699 1480 752 Immo.
1516 702 1668 765 Quod
1696 720 1928 773 quomo-

346 782 416 834 do
446 790 694 849 oporteat
728 783 976 854 intelligi,
1011 787 1265 854 superius
1298 790 1557 847 diximus.
1595 794 1735 866 Ergo
1763 812 1927 865 opor-

348 880 425 925 tet
452 874 691 927 mandati
726 874 890 937 hujus
921 877 1159 931 litteram
1184 884 1482 947 custodire,
1517 894 1572 939 ct
1614 890 1925 945 nullatenus

345 964 632 1018 comedere
663 967 1001 1036 sanguinem.
1029 968 1145 1025 Hoc
1176 974 1323 1028 enim
1356 986 1412 1029 et
1444 980 1720 1046 apostolos
1767 982 1923 1037 inve-

346 1054 462 1108 nies
493 1058 837 1126 praecepisse,
869 1062 1087 1128 quando
1115 1064 1183 1119 de
1208 1066 1791 1133 quibusdamJudaicis
1823 1077 1922 1130 ob-

341 1146 742 1203 servationibus
785 1153 1135 1209 contentione
1179 1156 1233 1210 in
1279 1160 1631 1218 Antiochensi
1681 1166 1920 1223 Ecclesia

342 1237 503 1300 facta,
531 1239 596 1293 ad
630 1255 724 1294 eos
751 1242 918 1297 relata
955 1255 1040 1300 est
1075 1250 1324 1316 quaesrio,
1360 1253 1460 1321 qui
1504 1255 1676 1327 legem
1720 1275 1920 1328 posue-

341 1339 488 1390 runt,
521 1331 795 1388 solventes
825 1338 1182 1404 quaestionem
1214 1344 1374 1413 hanc,
1427 1356 1483 1401 et
1536 1352 1864 1411 deﬁnientes
1901 1377 1914 1413 :

344 1420 517 1474 Visum
546 1433 621 1476 est
648 1441 770 1495 ergo
799 1426 1019 1497 Spiritui
1045 1446 1226 1489 sancto
1264 1447 1311 1491 et
1336 1441 1499 1503 nobis,
1531 1444 1666 1497 nilul
1688 1449 1918 1517 amplius

337 1509 602 1578 imponere
653 1516 792 1569 vobis
845 1519 1034 1585 oneris,
1068 1539 1229 1592 quam
1280 1538 1336 1580 ut
1382 1529 1690 1587 abstineatis
1732 1551 1820 1591 vos
1849 1540 1914 1592 ab

335 1603 624 1660 immolatis
676 1608 1104 1679 simulacrorum,
1143 1626 1191 1668 et
1236 1621 1511 1689 sanguine,
1546 1632 1592 1675 et
1642 1626 1909 1695 suﬂ'ocato,

331 1702 380 1746 et
408 1695 757 1764 fornicatione
779 1703 840 1754 ’⁸.
885 1704 1180 1774 Propterea
1206 1713 1521 1781 sanguinem
1548 1717 1764 1785 quidem
1787 1736 1913 1789 pro-

333 1787 449 1855 prie
476 1789 850 1863 homicidium,
876 1812 1095 1853 omnem
1135 1811 1316 1857 autem
1372 1809 1713 1877 sanguinem,
1747 1828 1911 1870 omne

328 1876 632 1936 fraternum
654 1885 836 1939 odium
865 1888 1243 1961 intelligamus,
1275 1898 1398 1964 quia
1432 1876 1522 1970 qui
1547 1904 1654 1956 otlit
1689 1906 1910 1973 fratrem
1945 1887 1986 1943 Β

327 1982 500 2034 suum,
548 1971 811 2028 homicida
841 1988 917 2030 est
945 1980 1006 2044 ιθ,
1041 1981 1182 2036 sicut
1233 1984 1472 2043 Joannes
1496 1992 1731 2062 scripsit.
1771 1995 1908 2052 Dicit

327 2071 455 2127 ergo
507 2078 725 2118 onmem
776 2069 1136 2139 sanguinem,
1188 2075 1513 2145 injustitiam
1571 2084 1904 2142 dolosorum.

332 2147 507 2204 I'irum
570 2156 707 2208 enim
758 2163 1075 2230 sanguinum
1132 2175 1180 2219 et
1232 2169 1467 2225 dolosam
1519 2175 1909 2234 abominabitur

323 2239 579 2297 Dominus
633 2247 715 2302 "z
773 2258 830 2305 et
871 2267 1213 2327 quaecunque
1283 2264 1650 2330 proximorum
1705 2284 1907 2329 nocent

324 2333 467 2399 vitm,
500 2352 598 2405 per
634 2340 860 2399 insidias
883 2349 1180 2417 quaslibet,
1209 2351 1282 2406 ita
1315 2363 1373 2408 ut
1422 2358 1719 2418 homicidio
1775 2382 1904 2421 san-

321 2428 503 2497 guinis
521 2446 925 2503 comparentur.
957 2443 1022 2495 [ει
1056 2455 1344 2515 propterea
1373 2456 1441 2506 ab
1461 2457 1609 2508 omni
1640 2462 1904 2529 sanguine

320 2519 584 2577 abstineri
608 2537 845 2595 oportet,
880 2534 1116 2591 scientes
1147 2540 1273 2606 quia
1318 2558 1486 2613 super
1515 2546 1751 2604 animam
1782 2568 1903 2622 quae

320 2613 481 2667 talem
513 2621 836 2687 sanguinem
861 2628 1177 2694 comedunt,
1207 2633 1274 2687 de
1308 2636 1508 2704 quibus
1538 2639 1755 2697 dicebat
1797 2613 1896 2699 Da-

316 2704 445 2760 vid:
472 2708 573 2773 Qui
595 2715 844 2767 decorant
868 2716 1065 2784 plebem
1098 2739 1269 2777 meam
1300 2728 1434 2780 sicut
1456 2746 1628 2785 escam
1657 2738 1811 2802 panis
1831 2738 1897 2805 ’⁸,

317 2798 514 2856 faciem
539 2819 692 2859 suam
714 2808 967 2864 obfirmat
1003 2812 1164 2879 Deus,
1189 2817 1440 2875 videlicet
1470 2824 1738 2882 Christus.
1782 2831 1900 2901 Ipse

315 2900 402 2947 est
431 2896 577 2948 enim
616 2898 794 2969 imago
830 2902 1021 2970 patris,
1057 2909 1182 2974 quia
1216 2910 1309 2978 qui
1353 2912 1486 2966 vidit
1519 2915 1733 2983 Filium,
1765 2896 1901 2976 vidit

312 2993 371 3038 et
395 2983 630 3040 Patrem.
668 2988 784 3059 Ipse
824 2994 989 3049 etiam
1016 2997 1181 3066 judex
1218 3009 1335 3066 est,
1367 3012 1420 3057 et
1456 3011 1769 3064 necessarie
1829 3014 1895 3067 ad

312 3080 758 3137 comminandum
810 3086 896 3142 his
930 3091 1021 3158 qui
1071 3094 1336 3150 malorum
1394 3109 1522 3153 sunt
1559 3114 1895 3172 operatores,

308 3169 613 3239 disperdam
645 3178 884 3245 ponitur.
917 3184 1059 3251 quod
1092 3186 1432 3246 demonstrat
1467 3169 1630 3249 David
1654 3197 1847 3254 dicens
1925 3225 1966 3281 ς

323 3261 508 3317 Vultus
539 3277 717 3323 autem
747 3272 955 3327 Domini
1001 3294 1156 3347 super
1193 3283 1442 3351 facientes
1480 3288 1644 3353 mala,
1679 3302 1734 3345 ut
1772 3309 1890 3362 per-

311 3353 404 3405 dat
437 3354 501 3407 de
525 3364 667 3411 terra
706 3366 1013 3419 memoriam
1046 3384 1225 3423 eorum
1258 3373 1317 3426 ιθ.
1354 3376 1455 3429 llic
1487 3382 1724 3435 animam
1758 3399 1889 3435 san-

310 3447 528 3515 guinem
585 3456 957 3511 comedentem
1022 3463 1200 3531 perdit
1244 3466 1312 3521 de
1370 3473 1574 3539 populo
1620 3475 1757 3543 ejus.
1819 3476 1886 3530 de

308 3544 582 3596 communi
612 3545 858 3602 videlicet
880 3551 1162 3607 hominum
1187 3572 1416 3627 genere;
1450 3562 1589 3619 hanc
1615 3567 1757 3621 enim
1783 3569 1889 3621 sic-

308 3640 369 3686 ut
398 3633 883 3696 imtnisericordem
915 3653 971 3697 et
1017 3645 1239 3716 impiam
1295 3666 1575 3721 separatis,
1612 3673 1735 3712 cum
1770 3678 1885 3713 ma-

307 3722 469 3790 lignis
513 3729 842 3785 condemnat
890 3733 1331 3802 dmmonibus,et
1380 3743 1436 3797 in
1492 3745 1671 3815 ignem
1720 3750 1885 3805 mittit

304 3826 590 3886 mternum,
615 3825 705 3894 qui
729 3837 952 3895 paratus
976 3838 1049 3882 est
1078 3832 1305 3893 diabolo,
1348 3847 1396 3889 et
1436 3841 1636 3906 angelis
1666 3843 1780 3911 ejus
1813 3846 1878 3898 '°.

308 3912 512 3969 Deinde
555 3919 841 3975 insinuans
881 3933 1147 3992 quantum
1184 3944 1282 3984 nos
1310 3930 1570 3988 debemus
1621 3940 1878 4007 compati,

302 4014 361 4061 et
395 4009 776 4066 misericordes
816 4028 958 4077 esse,
1019 4017 1249 4073 invicem
1304 4022 1609 4092 diligentes,
1658 4038 1882 4098 propter

301 4111 428 4150 eum
450 4099 541 4167 qui
568 4108 770 4155 tantam
800 4105 1056 4172 pietatem
1090 4108 1141 4160 in
1172 4111 1327 4164 nobis
1349 4115 1604 4179 ostendit,
1640 4126 1699 4171 ut
1719 4134 1878 4175 suum

300 4188 620 4257 sanguinem
647 4190 899 4248 [truderet
921 4196 987 4250 ad
1035 4201 1477 4267 propitiationem
1522 4216 1788 4273 nostram,
1825 4220 1878 4263 et

299 4294 403 4349 pro
424 4283 625 4336 nostris
658 4286 943 4342 animabus
969 4288 1143 4355 daret,
1175 4293 1289 4346 ait:
1324 4292 1461 4358 Quia
1485 4299 1665 4353 anima
1711 4304 1879 4355 omnis

298 4373 476 4427 carnis
504 4375 560 4426 in
588 4378 845 4446 sanguine
867 4389 958 4445 est,
989 4391 1036 4434 et
1070 4399 1163 4454 ego
1201 4387 1324 4439 dedi
1343 4387 1494 4442 illum
1519 4391 1678 4457 vobis,
1708 4406 1763 4448 ut
1788 4412 1878 4449 su-

298 4479 392 4532 per
413 4464 585 4520 altare
614 4469 669 4521 in
692 4486 749 4522 eo
775 4472 991 4540 expietis
1017 4490 1111 4542 pro
1137 4478 1414 4533 animabus
1443 4485 1623 4536 vestris
1653 4487 1717 4539 ²¹.
1761 4486 1874 4557 My-

2032 610 2245 665 latenus
2270 615 2628 673 substantiam
2656 621 2852 677 animae
2880 628 3197 696 sanguinem
3220 629 3610 701 intelligamus,
3623 676 3654 728 ί

2032 703 2125 728 ..ι-..1
2165 708 2282 728 ...-:--
2324 708 2608 728 _-A:--A.-,
3330 726 3338 728 ξ

2031 703 2126 756 sed
2161 708 2287 773 quia
2322 708 2639 765 societatem
2671 729 2797 769 cum
2820 734 2984 773 carne
3010 737 3108 789 per
3155 726 3471 796 sanguinem
3511 703 3643 814 har-fi
3686 766 3689 775 .

2029 794 2140 861 bet,
2178 808 2233 850 et
2263 802 2480 867 quando
2512 803 2619 859 hoc
2651 818 2970 868 evacuatum
2999 815 3182 882 fuerit,
3216 794 3309 873 aut
3342 821 3609 892 friguerit.

2030 893 2159 941 tunc
2189 905 2217 943 a
2245 906 2408 947 carne
2437 896 2752 954 dissolvitur
2796 905 2873 958 sic
2896 905 3153 965 Creatore
3212 925 3462 974 naturam
3509 934 3611 975 no-

2028 989 2197 1035 stram
2227 984 2573 1054 disponente.
2615 992 2751 1057 Quia
2803 1011 2931 1068 ergo
2980 1002 3230 1061 Christus
3286 1013 3609 1081 sanguinem

2026 1083 2184 1125 suum
2215 1075 2281 1128 ad
2307 1078 2669 1145 expiationem
2694 1086 3001 1145 animarum
3057 1106 3370 1155 nostrarum
3429 1106 3605 1171 dedit.

2024 1172 2084 1217 ut
2112 1164 2181 1218 ab
2210 1171 2358 1223 omni
2385 1186 2487 1226 nos
2513 1174 2826 1243 homicidio,
2848 1184 3107 1255 onmique
3136 1191 3239 1244 alia
3292 1193 3601 1267 iniquitate,

2020 1269 2141 1322 quae
2168 1258 2462 1318 homicidio
2481 1269 2727 1335 proxima
2757 1281 2861 1339 est,
2912 1276 3307 1340 abstineamus.
3347 1290 3605 1348 Cornum-

2021 1346 2106 1399 nis
2130 1349 2278 1404 enim
2315 1353 2398 1407 lex
2433 1365 2535 1422 est,
2561 1369 2611 1412 et
2641 1372 2828 1416 contra
2863 1382 3056 1425 omnes
3080 1378 3412 1435 extenditur.

2091 1438 2250 1495 Vens.
2298 1445 2381 1510 l5,
2421 1450 2502 1501 M.
2543 1468 2560 1500 ι
2598 1452 3106 1530 Ilomoquicunque
3142 1468 3209 1521 de
3242 1469 3366 1526 filiis
3412 1474 3597 1543 Israel,

2017 1541 2071 1585 «ιι
2099 1534 2166 1587 de
2191 1536 2417 1593 advenis
2443 1543 2535 1611 qui
2561 1549 2981 1617 peregrinantur
3010 1560 3153 1624 apud
3184 1578 3298 1629 vos,
3337 1567 3381 1620 si
3435 1586 3601 1625 vena-

2019 1621 2165 1677 tione
2213 1635 2377 1695 atque
2403 1634 2633 1700 aucupio
2657 1640 2864 1705 ceperit
2895 1641 3063 1698 feram
3092 1650 3173 1703 vel
3195 1667 3374 1718 avem,
3402 1662 3599 1728 quibus

2013 1716 2157 1769 vesci
2195 1719 2398 1773 licitum
2424 1733 2526 1787 est,
2558 1728 2747 1784 tundat
2769 1736 3087 1805 sanguinem
3122 1742 3259 1811 ejus,
3294 1757 3347 1801 et
3392 1756 3601 1821 oprriat

2015 1805 2163 1862 illum
2203 1820 2341 1866 terra
2372 1831 2385 1866 :
2422 1818 2600 1873 anima
2632 1824 2776 1876 enim
2819 1830 2997 1885 omnis
3024 1837 3204 1891 carnis
3246 1840 3301 1895 in
3333 1850 3598 1916 sanguine

2014 1911 2119 1955 est.
2176 1903 2328 1960 [inde
2387 1909 2496 1962 dixi
2551 1912 2677 1969 (iliis
2725 1917 2924 1975 Israel:
2960 1923 3288 1998 Sanguinem
3330 1903 3597 1997 universae

2015 1996 2194 2047 carnis
2215 2013 2322 2052 non
2361 2004 2675 2072 comedetis,
2704 2012 2830 2078 quia
2880 2018 3062 2073 anima
3116 2026 3296 2082 carnis
3354 2030 3405 2084 in
3467 2050 3598 2089 san-

2012 2089 2176 2156 guine
2234 2101 2333 2146 est.
2391 2094 2455 2148 Iit
2495 2100 2805 2173 quicunque
2849 2108 2997 2164 iilum
3049 2120 3379 2190 comederit,
3427 2127 3596 2184 inter-

2018 2178 2135 2234 ibit.
2169 2199 2187 2233 ι

2085 2271 2308 2330 Multum
2345 2294 2489 2336 curm
2543 2294 2624 2338 est
2665 2287 2775 2343 Deo
2808 2302 2867 2346 ut
2905 2295 3225 2357 alterutrum
3272 2308 3433 2363 nobis
3488 2314 3593 2367 mi-

2010 2364 2156 2419 nimc
2218 2384 2529 2428 noceamus.
2568 2377 2859 2450 Propterea
2904 2396 3231 2457 percutienti
3294 2404 3589 2470 maxillam,

2009 2456 2149 2520 cedi,
2183 2467 2370 2514 etnon
2402 2480 2524 2519 cum
2556 2471 2846 2540 cojudicio
2902 2485 3257 2554 contendere,
3312 2491 3591 2551 similiter-

2006 2560 2112 2614 quc
2142 2557 2195 2602 et
2222 2551 2288 2604 de
2315 2568 2381 2606 eo
2411 2556 2500 2625 qui
2534 2560 2713 2617 aufert
2744 2568 2902 2621 nobis
2942 2572 3161 2640 pallium
3187 2551 3347 2638 Jesus
3382 2601 3585 2655 praece-

2008 2639 2127 2707 pit:
2164 2651 2221 2695 ut
2271 2661 2341 2700 ne
2400 2653 2618 2718 quidem
2650 2671 2715 2736 ex
2764 2665 3116 2721 contentione
3163 2673 3231 2725 ad
3278 2679 3585 2736 nocendum

2006 2734 2252 2798 proximo
2305 2729 2683 2811 provocetnur;
2710 2750 2805 2803 sed
2841 2750 2950 2806 imo
2979 2764 3037 2810 ut
3064 2774 3189 2814 cum
3238 2765 3327 2832 qui
3386 2768 3588 2838 injuste

2004 2834 2192 2880 contra
2223 2844 2322 2883 nos
2356 2834 2483 2902 agit,
2523 2852 2620 2905 per
2665 2852 2904 2898 nostram
2971 2853 3286 2918 patientiam
3344 2864 3586 2936 corriga-

2006 2932 2144 2971 mus.
2187 2919 2331 2975 l\'ihil
2361 2940 2490 2996 ergo
2537 2932 2791 3001 amplius,
2822 2952 2983 3006 quam
3036 2942 3319 3019 iujustitia,
3363 2964 3417 3008 rt
3454 2919 3584 3013 ava-

2003 3008 2122 3062 ritia
2148 3053 2162 3076 ,
2204 3023 2255 3065 et
2297 3016 2568 3074 alternum
2607 3025 2790 3081 odium
2837 3042 3077 3089 coarctat
3115 3042 3280 3094 vitam
3318 3056 3580 3105 nostram.

2002 3098 2081 3152 Ad
2122 3100 2224 3157 hoc
2278 3105 2569 3166 intendens
2605 3114 2897 3189 legislator,
2952 3132 3235 3199 sanguinis
3270 3141 3583 3200 mandatum

2002 3204 2111 3243 non
2140 3192 2337 3251 frustra
2368 3203 2765 3275 recapitulavit,
2797 3214 2893 3268 sed
2928 3192 3080 3286 quia.
3102 3224 3323 3292 quidam
3375 3228 3584 3289 fraudi-

2000 3279 2102 3334 bus
2134 3284 2479 3358 quihusdam,
2505 3303 2559 3348 ct
2589 3279 3413 3391 machinatioriihusIvariisque
3442 3324 3583 3383 dolis

1999 3387 2198 3429 nocere
2230 3382 2601 3453 popularibus,
2635 3395 2786 3460 quasi
2833 3397 3146 3467 ignorantes
3200 3411 3397 3480 solent,
3434 3420 3582 3486 peri-

1997 3480 2147 3521 mere
2175 3471 2338 3527 etiam
2391 3477 2702 3548 hujusmodi
2767 3493 3046 3550 molimina
3110 3509 3412 3574 perspexit.
3442 3510 3579 3568 Nam

1997 3558 2118 3613 vide
2140 3564 2269 3631 quid
2303 3572 2601 3642 praecipiat.

2065 3653 2124 3707 Si
2153 3663 2425 3717 venatione
2454 3678 2614 3739 atque
2642 3681 2868 3747 aucupio
2891 3687 3084 3751 ceperit
3111 3689 3300 3758 feram,
3322 3696 3403 3747 vel
3430 3714 3578 3752 avem

1993 3743 2179 3809 quibus
2222 3753 2356 3804 vesci
2406 3753 2607 3811 licitum
2650 3773 2745 3825 est,
2796 3767 2984 3836 fundat
3015 3779 3329 3844 sanguinem
3360 3783 3494 3851 ejus,
3528 3797 3578 3839 et

1992 3837 2196 3901 aperiat
2223 3839 2373 3893 illum
2407 3854 2571 3900 terra.
2613 3849 2767 3916 Quod
2808 3860 3022 3914 venatio
3068 3866 3303 3924 maxime
3353 3872 3577 3943 injusti-

1993 3922 2144 3987 tiam,
2178 3925 2503 3997 iniustitiam
2557 3948 2739 3993 autem
2783 3960 2890 3998 non
2958 3953 3276 4022 quamlibet,
3336 3922 3430 4017 sed
3454 3981 3575 4022 eam

1989 4029 2109 4082 qua:
2122 4018 2188 4071 ad
2208 4023 2524 4091 sanguinem
2540 4031 2736 4098 tendit,
2753 4034 3026 4109 vitamque
3044 4041 3216 4112 ipsam
3229 4054 3577 4118 quodammo-

1989 4106 2060 4159 do
2084 4110 2379 4176 perdolum
2400 4116 2753 4193 fraudemque
2784 4106 3048 4197 injustitia
3069 4106 3331 4205 patientis
3348 4159 3525 4215 nocet,
3543 4168 3576 4207 a

1989 4198 2171 4256 divina
2211 4202 2494 4276 Scriptura
2510 4215 2679 4286 accipi
2704 4221 2898 4290 soleat,
2924 4227 3049 4284 audi
3072 4228 3238 4288 David
3258 4237 3527 4297 dicentem
3553 4268 3569 4300 ;

1987 4289 2287 4357 Captabunt
2324 4301 2376 4353 in
2431 4307 2668 4361 animam
2701 4311 2858 4381 justi,
2891 4326 2939 4370 et
2977 4324 3287 4388 sanguinem
3320 4331 3573 4389 innocen-

1987 4394 2089 4438 tem
2119 4391 2534 4450 condemnabunt
2558 4401 2623 4453 ³³.
2652 4401 2719 4457 Et
2745 4422 2969 4464 rursus:
3010 4413 3199 4470 Anima
3226 4434 3402 4476 nostra
3435 4425 3570 4482 sicut

1984 4495 2173 4547 passer
2242 4497 2422 4557 erepta
2471 4502 2545 4557 est
2591 4496 2654 4549 de
2686 4497 2868 4568 laqueo
2915 4510 3218 4563 venantium
3242 4515 3307 4567 “.
3357 4514 3411 4571 Si
3447 4522 3570 4589 quis

1820 4556 1823 4557 ν
2331 4556 2336 4557 ί
2484 4556 2487 4557 ν
2752 4556 2761 4568 ,
3293 4556 3307 4567 .
3358 4556 3411 4571 ν.
3447 4556 3570 4589 ιιυιο

297 4556 495 4610 sticum
517 4556 720 4613 Christi
750 4564 1069 4633 sanguinem
1123 4568 1471 4638 signiﬁcans;
1498 4576 1720 4644 sanguis
1750 4594 1879 4649 ergo
1913 4581 1955 4635 D
1985 4585 2114 4641 ergo
2155 4580 2497 4635 νεηθιίοηθηῖ
2538 4589 2787 4655 οωβθτίιν
2821 4593 2874 4647 id
2906 4604 2990 4649 θδῑ
3018 4613 3335 4667 Peccantem
3368 4610 3570 4667 Viderit

298 4648 473 4715 ipsius
506 4665 606 4718 pro
656 4654 853 4708 animae
880 4656 1098 4724 piaculo
1124 4663 1251 4716 erit.
1282 4663 1518 4737 Sanguis
1583 4686 1750 4741 super
1797 4648 1880 4729 al-

299 4743 414 4788 tare
444 4736 511 4789 ad
541 4739 907 4807 expiationem
936 4747 1246 4805 animarum
1278 4736 1611 4825 nostrarum,
1636 4776 1735 4830 pro
1757 4764 1877 4817 ani-

296 4841 386 4880 ma
417 4830 660 4897 expiatis,
692 4833 779 4887 hic
828 4845 911 4890 est
937 4853 1100 4906 quem
1122 4843 1313 4899 elludit
1342 4862 1444 4915 pro
1482 4851 1642 4906 nobis
1694 4855 1876 4909 cruci-

294 4916 460 4977 ﬁxus.
494 4930 549 4976 et
600 4925 989 4992 expiationem,
1025 4932 1140 4986 sive
1184 4938 1624 5006 propitiationem
1686 4948 1874 5014 generi

296 5010 541 5065 humano
568 5017 837 5083 prmstitit,
862 5021 1132 5089 primitias
1158 5028 1414 5097 oll'ereus,
1462 5010 1713 5103 propter“
1730 5040 1874 5107 quod

296 5110 446 5155 recte
483 5102 620 5157 dicit
650 5126 661 5159 :

371 5192 440 5247 Et
475 5199 689 5266 sanguis
710 5215 803 5267 pro
833 5205 1029 5259 anima:
1057 5209 1265 5275 piaculo
1316 5215 1407 5268 sit.
1472 5217 1668 5272 Anima
1724 5222 1873 5276 enim

295 5284 436 5353 ejus,
472 5288 709 5355 primum
736 5294 956 5361 quidem
986 5315 1107 5368 quae
1133 5303 1202 5357 ab
1232 5320 1297 5359 eo
1356 5308 1642 5376 plasmata,
1673 5314 1871 5370 deinde

294 5375 424 5444 quia
474 5389 679 5435 nostra:
719 5398 840 5437 eam
885 5393 1408 5467 consubstantialem
1464 5403 1683 5464 animae.
1747 5422 1870 5462 cum

294 5468 680 5527 incarnaretur
730 5478 961 5547 accepit,
996 5491 1054 5536 ut
1105 5485 1222 5554 ipse
1273 5505 1372 5557 pro
1403 5493 1563 5548 nobis
1620 5498 1876 5555 redderet

293 5575 459 5631 quam
484 5580 584 5619 nos
609 5566 944 5623 debebamus
969 5588 1219 5631 mortem.
1248 5582 1513 5644 Quoniam
1549 5596 1728 5642 autem
1788 5592 1873 5645 di-

372 5768 415 5798 ¹δ
608 5787 694 5851 xv,
739 5774 826 5828 i8.
908 5778 1000 5855 ‘f_l
1036 5779 1193 5855 Joan.
1225 5800 1280 5849 ll,
1321 5790 1374 5841 ll
1407 5798 1564 5855 etut,
1594 5794 1679 5847 15.

298 5835 386 5889 Π.
466 5841 509 5868 ’δ’
539 5840 728 5895 Mattit.
759 5861 881 5911 xxv,
918 5848 1004 5902 «Η.
1084 5853 1124 5881 ²¹
1153 5835 1327 5910 Levii.
1364 5876 1455 5928 vti,
1482 5835 1571 5916 ‘26,.

1758 5796 1799 5826 ”
1822 5797 1962 5852 Psal.
1989 5816 2095 5860 t.tv.
2128 5802 2218 5856 2i.

1651 5866 1693 5893 ’³
1727 5864 1917 5921 Matth.
1951 5887 2002 5937 v,
2031 5873 2116 5925 79.

1986 4674 2110 4715 eum
2153 4666 2244 4733 qui
2281 4672 2558 4726 venationi
2591 4690 2654 4728 ex
2697 4666 3025 4738 inﬁrmitate
3062 4689 3146 4743 vel
3197 4706 3261 4745 ex
3301 4694 3568 4766 simplici-

1985 4761 2095 4809 tate
2158 4763 2439 4829 expositus
2493 4778 2597 4831 est,
2652 4770 2799 4826 hunc
2838 4774 3072 4833 dicimus
3124 4798 3246 4839 esse
3294 4803 3410 4843 rem
3445 4808 3567 4861 qua:

1985 4850 2220 4919 capitur.
2269 4854 2498 4927 Propter
2524 4864 2669 4931 quod
2697 4866 2834 4921 dixit
2869 4891 2882 4926 :
2914 4871 3107 4928 Ferant
3134 4877 3214 4931 vel
3239 4897 3409 4947 avem,
3442 4850 3566 4954 qui-

1986 4940 2080 4995 bus
2118 4947 2252 4998 vesci
2296 4947 2500 5004 licitum
2553 4965 2648 5008 est.
2684 4956 2788 5012 Per
2833 4960 3026 5032 feram,
3068 4968 3137 5022 de
3181 4972 3344 5042 vulgo
3369 4989 3564 5041 quem—

1984 5034 2128 5102 piam
2182 5042 2455 5097 carnalem
2491 5054 2699 5102 tantum
2747 5060 2804 5106 et
2828 5056 3175 5123 pastionibus
3203 5034 3561 5121 incubantem

1980 5127 2313 5199 signiﬁcans,
2349 5149 2737 5211 expertemque
2765 5149 3202 5205 commistionem
3249 5169 3560 5212 causarum.

1979 5219 2081 5274 Per
2125 5239 2279 5279 avem
2325 5238 2529 5294 autem,
2559 5248 2684 5287 eum
2729 5238 2820 5305 qui
2862 5255 2891 5293 a
2924 5244 3156 5297 terrenis
3203 5249 3559 5317 semetipsum

1980 5328 2223 5371 removet
2251 5319 2432 5375 rebus.
2470 5323 2791 5395 Ilnjnsmodi
2825 5332 2970 5386 enim
2998 5332 3250 5392 homines
3281 5353 3311 5393 a
3358 5341 3562 5397 violen-

1978 5405 2048 5457 tis
2084 5415 2139 5459 et
2174 5411 2376 5477 avaris,
2423 5413 2479 5466 in
2508 5418 2687 5470 causis
2737 5423 3095 5478 saecularibus
3136 5440 3559 5500 consumuntur,

1986 5500 2071 5553 illa
2107 5504 2359 5559 videlicet
2403 5507 2699 5580 incongrua
2766 5515 3107 5586 malignaque
3136 5529 3562 5593 comessatione,

1983 5595 2047 5648 dc
2080 5611 2183 5664 qua
2234 5597 2432 5653 Paulus
2482 5605 2826 5669 prohibebat.
2859 5608 3085 5667 dicens:
3123 5612 3183 5668 Si
3230 5618 3300 5671 ad
3343 5620 3562 5678 invicem

2300 5805 2341 5835 “'
2377 5804 2518 5859 Psai.
2554 5823 2670 5873 χιιι,
2706 5814 2738 5867 4
2769 5820 2821 5865 et
2855 5829 2949 5879 Ml,
2985 5813 3038 5867 ὕ.
3119 5816 3160 5848 ὀ
3193 5816 3340 5897 Psal;
3364 5837 3557 5897 xxxut,

2196 5875 2243 5905 "
2269 5876 2414 5929 Psal.
2442 5894 2631 5946 xcvttt,
2668 5882 2755 5937 :Zl.
2834 5884 2879 5913 “
2906 5875 3045 5938 Psal.
3077 5903 3274 5956 exsul,
3309 5890 3363 5946 7.
