3988 6222
430 5328 436 5368 ἓ

502 354 638 422 1007

1686 356 2046 417 HESYCHII
2101 359 2578 419 PRESBYTERI

3587 358 3691 429 1008

495 468 786 530 conteditis,
833 466 1003 520 videte
1034 480 1098 519 ne
1127 464 1193 518 ab
1221 463 1443 517 invicem
1488 464 1946 518 consumamini”.
1980 466 2088 519 Aut
2115 475 2162 530 Α
2190 467 2552 536 pollutionum
2603 466 2870 524 sacriﬁcia
2936 467 3213 537 legislator
3261 482 3553 541 exponeret.
3603 476 3690 531 Sed

498 574 557 618 ut
594 561 685 632 qui
733 562 883 631 prius
908 566 1067 613 erant
1089 557 1244 629 justi,
1277 557 1422 610 inter
1445 571 1508 609 ea
1549 556 1750 626 quibus
1778 556 1928 611 vesci
1953 556 2076 612 lici-

494 666 609 709 tum
662 663 766 713 est.
822 652 876 706 id
927 660 1012 705 est
1059 651 1202 704 inter
1252 650 1474 714 munda,
1521 660 1669 705 recte
1696 649 2073 704 nominantur.

499 743 878 797 Verumtamen
918 739 965 795 si
1004 738 1127 808 quis
1174 735 1473 807 peccantis,
1521 739 1670 793 velut
1721 738 1951 793 inferias
1994 740 2077 808 ja-

492 836 690 897 centis,
724 846 778 889 et
817 830 1139 903 paenitentia
1182 830 1404 899 sepulti,
1450 828 1682 885 eﬁ‘undit
1726 830 2072 901 sanguinem,

491 927 548 982 id
574 936 657 981 est
688 932 970 995 peccatum
993 922 1138 992 quod
1163 921 1426 990 peccavit,
1457 921 1689 979 eﬁ'uudit
1709 928 1892 976 autem
1917 920 2072 986 illud,

492 1018 559 1071 ad
607 1015 981 1086 operationem
1032 1010 1297 1066 accedens
1342 1019 1397 1065 et
1431 1010 1850 1075 confessionem,
1874 1026 2070 1080 quem-

490 1110 783 1166 admodum
852 1106 929 1160 ait
977 1104 1192 1159 David:
1227 1104 1508 1173 Effundam
1555 1106 1611 1158 in
1644 1116 1914 1174 conspectu
1958 1104 2072 1173 ejus

490 1190 777 1258 orationem
806 1213 1000 1262 meam,
1031 1197 1233 1266 aperiat
1256 1195 1389 1249 illud
1418 1205 1559 1249 terra
1574 1197 1639 1250 “.
1668 1195 1894 1251 Pcccata
1926 1197 2069 1251 enim

491 1293 869 1350 conﬁtentium
897 1300 1041 1345 terra
1068 1288 1268 1357 operit,
1302 1294 1491 1355 utpote
1518 1284 1748 1340 inferius
1773 1299 2072 1339 remanen-

492 1388 591 1449 tia,
627 1393 683 1439 et
731 1381 1050 1453 pmnitentia
1100 1377 1438 1433 mortiﬁcata.
1493 1377 1562 1430 Et
1594 1391 1827 1446 quorum
1877 1375 2069 1446 prohi-

493 1480 639 1536 bitus
677 1485 762 1531 est
790 1476 998 1530 clamor
1042 1473 1109 1526 ad
1149 1470 1318 1525 caelos
1349 1470 1670 1532 ascendere,
1706 1468 2067 1537 quemadmo-

491 1573 622 1630 dum
657 1570 1016 1626 Sodomorum
1077 1564 1572 1619 ascendehatmec
1618 1562 1764 1617 enim
1819 1561 2071 1615 volebant

487 1663 863 1736 paenitentiam
934 1673 1116 1731 agere,
1181 1658 1253 1712 ita
1343 1666 1402 1711 ut
1477 1656 1617 1710 Deus
1692 1655 1759 1709 de
1816 1652 1952 1723 ipsis
1999 1654 2067 1707 ab

484 1757 761 1813 Abraham
829 1754 1039 1808 diceret
1088 1768 1102 1805 :
1148 1749 1497 1810 Descendam,
1569 1756 1616 1800 et
1662 1745 1841 1799 videbo
1888 1752 2065 1797 utrum

2184 557 2292 611 illic
2324 558 2568 627 quidem,
2600 574 2725 613 eum
2770 563 2860 629 qui
2903 559 3083 631 tetigit
3128 562 3423 628 morticina,
3465 566 3690 620 autabe—

2180 649 2303 704 stiis
2347 661 2527 720 capta,
2565 652 2617 704 id
2661 661 2765 716 est,
2816 652 2911 721 qni
2966 655 3398 718 communicavit,
3426 657 3529 711 sive
3557 659 3692 725 parti-

2179 754 2307 809 ceps
2360 739 2464 794 fuit
2501 756 2624 795 cum
2684 740 2768 795 his
2813 742 2907 810 qui
2942 743 3185 811 praedicti
3230 752 3370 809 sunt,
3422 745 3582 800 dicit:
3627 747 3694 801 hic

2176 840 2359 886 autem
2386 847 2511 886 eum
2550 832 2643 902 qui
2671 834 2932 898 comedit,
2971 833 3224 888 videlicet
3258 835 3348 904 qui
3385 842 3540 891 totum
3579 837 3695 892 illius

2176 933 2457 995 peccatum
2489 938 2647 978 suum
2672 925 2952 995 proprium
2986 924 3133 991 fecit,
3168 939 3422 994 suamque
3450 927 3694 997 malignam

2176 1015 2537 1068 intentionem
2579 1014 2816 1084 explevit
2844 1031 2911 1071 ex
2943 1016 3083 1070 malo
3132 1016 3279 1085 quod
3322 1017 3410 1071 ille
3450 1019 3695 1072 commisit-

2174 1108 2315 1160 sicut
2340 1106 2563 1161 fuerunt
2591 1111 2779 1160 Atinas
2801 1116 2857 1161 et
2884 1107 3144 1177 Caiphas,
3173 1109 3266 1176 qui
3288 1123 3396 1162 non
3419 1108 3691 1178 simpliciter

2172 1198 2329 1253 Juda:
2363 1200 2658 1271 participes
2687 1208 2818 1253 sunt
2862 1199 3187 1270 proditionis
3244 1200 3436 1265 eﬂecti,
3467 1202 3557 1272 ipsi
3574 1204 3690 1271 enim

2172 1304 2423 1349 ementes
2497 1293 2826 1364 proditionis
2878 1293 2960 1349 eis
3024 1293 3293 1347 dederunt
3335 1294 3616 1362 pecuniam,
3657 1305 3701 1349 et

2171 1386 2300 1442 olim
2339 1386 2666 1453 esurientes,
2715 1386 2800 1441 vel
2833 1385 3210 1441 desiderantes
3238 1394 3458 1439 mortem
3496 1385 3691 1450 Domini,

2171 1479 2237 1535 ad
2268 1479 2594 1549 pascendam
2628 1478 3051 1533 nutriendamve
3095 1492 3248 1531 suam
3297 1477 3638 1532 intentionem.
3661 1487 3702 1530 et

2170 1574 2238 1627 ad
2264 1572 2720 1629 satisfaciendum
2745 1572 3040 1635 desiderio,
3089 1585 3188 1639 per
3226 1570 3418 1626 Judatn
3446 1566 3698 1639 praivalue-

2172 1676 2336 1721 runt:
2391 1664 2703 1736 hujusmudi
2737 1664 3030 1718 comedere
3078 1662 3391 1728 morticina,
3420 1670 3518 1716 eta
3541 1661 3699 1716 bestiis

2169 1766 2323 1826 capta
2370 1756 2647 1811 dicuntur.
2694 1753 2799 1819 Qui
2848 1768 3077 1807 necesse
3115 1752 3323 1806 habent
3363 1753 3534 1806 lavare
3557 1750 3696 1805 vesti-

485 1848 768 1903 clamorém
823 1844 910 1914 qui
953 1842 1090 1895 venit
1138 1840 1207 1893 ad
1240 1855 1322 1892 me
1353 1854 1505 1906 opere
1553 1834 1951 1904 compleverunt,
1994 1850 2063 1886 an

2167 1852 2349 1900 menta
2398 1859 2517 1908 sua,
2557 1851 2614 1898 et
2661 1857 2862 1912 corpus
2891 1860 2904 1896 :
2962 1842 3107 1897 lavat
3138 1852 3325 1897 autem
3352 1851 3544 1898 vestem
3575 1855 3698 1895 suam

487 1956 590 1993 non
634 1947 707 1992 est
738 1938 834 2000 ita,
868 1945 925 1988 ut
963 1932 1211 1987 sciam".
1252 1930 1358 1985 Sed
1392 1938 1448 1984 et
1488 1928 1591 1983 Job
1630 1928 1745 1981 sive
1767 1943 1796 1980 a
1821 1926 2059 1991 diabolo,

486 2035 600 2088 sive
652 2042 761 2085 tam
792 2031 961 2093 illam,
997 2027 1114 2082 sive
1140 2027 1210 2080 ab
1243 2024 1327 2079 his
1355 2022 1447 2092 qui
1476 2020 1859 2090 exprobrando
1892 2019 1941 2074 ei
1976 2019 2061 2072 in—

485 2120 748 2192 gerebant
774 2116 1139 2185 iniquitatem,
1183 2127 1294 2165 non
1324 2111 1496 2165 latere
1529 2109 1842 2170 Dominum,
1882 2107 1934 2161 id
1981 2116 2064 2161 est

485 2228 595 2268 non
650 2208 853 2279 despici
906 2207 975 2260 ab
1036 2222 1121 2268 eo,
1174 2218 1340 2258 orans
1400 2198 1926 2263 clamabatzTerra,
1961 2214 2063 2250 non

486 2306 772 2360 abscondas
802 2301 1110 2370 sanguinem
1158 2313 1350 2361 meum,
1412 2310 1578 2365 neque
1626 2293 1859 2347 inveniat
1893 2291 2063 2345 locum

482 2400 541 2452 in
565 2407 613 2452 te
650 2394 846 2450 latendi
879 2393 1078 2447 clamor
1105 2380 1329 2444 meus“.
1371 2384 1430 2442 Id
1460 2394 1564 2451 est,
1599 2400 1711 2439 non
1742 2383 2064 2438 cohibeatur

484 2491 627 2555 loco,
652 2489 746 2544 sed
779 2488 845 2540 ad
869 2487 1040 2539 Deum
1074 2482 1355 2537 ascendat.
1384 2480 1612 2549 Propter
1642 2477 1789 2546 quod
1810 2475 2021 2530 addidit
2046 2492 2058 2528 :

483 2583 619 2637 Ecce
665 2596 807 2660 [tunc
859 2580 915 2631 in
966 2575 1091 2629 caelo
1140 2575 1282 2629 testis
1343 2588 1507 2635 meus,
1551 2581 1599 2624 et
1644 2570 1878 2623 conscius
1917 2583 2062 2621 meus

484 2677 541 2729 in
566 2657 781 2728 excelsis
800 2671 886 2724 '3'.
908 2667 1223 2723 Secundum
1251 2666 1393 2718 hanc
1414 2678 1544 2732 ergo
1568 2661 1949 2723 intentionem,
1981 2657 2061 2712 le-

484 2765 706 2836 gislator
732 2777 794 2816 ea
815 2775 935 2830 qua:
962 2759 1104 2814 dicta
1128 2764 1256 2810 sunt
1282 2769 1511 2823 ponens,
1530 2750 1739 2805 addidit
1764 2764 1781 2802 :

556 2856 746 2911 Anima
775 2853 912 2907 enim
957 2849 1124 2903 omnis
1153 2846 1329 2901 carnis
1357 2845 1412 2897 in
1441 2843 1695 2915 sanguine
1724 2849 1819 2894 est.
1855 2837 2063 2893 Deinde

486 2951 674 3021 adjicit
702 2966 716 3003 :
752 2946 894 3003 Unde
944 2942 1054 2997 dixi
1083 2940 1209 3010 [iliis
1250 2936 1440 2992 Israel.
1488 2937 1543 2991 Id
1571 2944 1655 2988 est
1683 2934 1806 2987 dic:
1834 2931 1912 2985 De
1938 2947 2064 2985 san-

483 3041 640 3112 guine
686 3037 942 3091 universae
1003 3030 1180 3085 carnis
1224 3043 1328 3082 non
1378 3025 1655 3079 comedetis
1702 3024 1827 3093 quia
1878 3022 2061 3075 anima

485 3111 661 3187 carnis
684 3131 739 3182 in
770 3127 1028 3198 sanguine
1061 3133 1135 3179 est
1163 3161 1178 3187 ,
1221 3130 1540 3176 contestans
1569 3117 1636 3171 ab
1676 3114 1825 3170 omni
1862 3111 2060 3183 iniqui-

2165 1946 2218 1992 et
2272 1950 2491 2010 corpus,
2535 1936 2627 2003 qui
2664 1936 2891 1989 mundat
2935 1935 3291 2003 semetipsum
3337 1943 3520 1997 totum,
3571 1932 3705 1985 idest

2163 2029 2479 2084 interiorem
2545 2037 2983 2096 exterioremque
3037 2042 3199 2081 suum
3245 2025 3548 2086 hominem,
3592 2023 3695 2093 quia

2161 2121 2305 2176 intra
2336 2122 2657 2176 vestimenta
2687 2135 2886 2189 corpus
2921 2127 3027 2187 est,
3061 2119 3205 2173 sicut
3250 2119 3394 2172 intra
3425 2116 3702 2172 exteriorem

2165 2214 2440 2267 hominem
2468 2215 2627 2266 homo
2651 2212 2741 2281 qui
2768 2211 3014 2265 interior.
3043 2209 3332 2275 Quomodo
3356 2220 3527 2263 autem
3556 2204 3707 2259 lavat?

2164 2303 2265 2359 Per
2295 2304 2646 2374 baptismum,
2682 2314 2774 2357 aut
2805 2318 2901 2372 per
2931 2302 3328 2356 abundantiam
3360 2300 3700 2369 lacrymarutu,

2163 2397 2493 2451 imitantium
2542 2411 2714 2465 aquas
2748 2392 3112 2463 baptismatis.
3146 2391 3254 2458 Qui
3296 2400 3475 2445 autem
3502 2389 3597 2442 hoc
3619 2400 3706 2439 non

2164 2491 2313 2554 facit,
2349 2489 2591 2559 portabit
2617 2488 2964 2557 iniquitatem
2995 2500 3175 2549 suam,
3216 2483 3611 2539 retributionem
3641 2477 3705 2530 vi-

2163 2583 2359 2638 delicet
2390 2570 2707 2651 injustitiief
2732 2579 2822 2633 Sic
2854 2578 3000 2631 enim
3029 2577 3275 2632 divinam
3318 2574 3635 2644 Scripturam
3663 2567 3708 2622 in

2165 2676 2401 2746 peccatis
2432 2674 2778 2744 potissimum
2815 2670 3107 2725 restituere
3128 2668 3383 2723 invenies
3404 2662 3704 2722 comminan-

2166 2779 2294 2832 tem,
2336 2770 2477 2822 unde
2514 2767 2766 2821 Ezechiel
2824 2764 2993 2819 Deum
3027 2764 3247 2818 induxit
3276 2763 3578 2818 dicentem:
3604 2752 3704 2809 Non

2164 2871 2341 2932 parcet
2373 2860 2553 2914 oculus
2591 2874 2734 2912 mens
2763 2874 2920 2926 super
2952 2865 3017 2922 te,
3049 2867 3095 2910 et
3142 2872 3249 2910 non
3280 2853 3608 2914 miserebitur,
3640 2847 3711 2902 sed

2163 2955 2276 3007 vias
2320 2962 2439 3005 tuas
2466 2966 2659 3020 ponant
2688 2966 2843 3017 super
2910 2958 2977 3011 te,
3007 2959 3054 3002 et
3100 2947 3518 3002 abominationes
3558 2953 3646 2996 tua
3671 2940 3712 2992 in

2165 3044 2334 3098 medio
2392 3043 2470 3095 tui
2518 3041 2746 3095 erunt".
2778 3040 2886 3092 Sed
2917 3049 2975 3094 et
3013 3038 3183 3093 Isaias
3224 3038 3395 3093 dicit:
3425 3034 3709 3090 Sacerdotes.

2168 3136 2445 3207 loquimini
2491 3135 2561 3187 ad
2604 3150 2692 3186 cor
2728 3132 3047 3199 Jerusalem,
3087 3143 3136 3185 et
3170 3136 3428 3185 advocate
3457 3143 3587 3191 eam,
3613 3124 3714 3192 quia

871 3183 894 3198 ν
1165 3183 1174 3187 ’
2168 3183 2442 3207 "Tum-"-
2493 3183 2558 3187 ηπ
2608 3183 2676 3186 -ν-
2732 3183 2745 3186 ν
2770 3183 3046 3199 πυρίη-η,
3091 3183 3130 3185 -ν
3173 3183 3328 3185 -κη--κ
3351 3183 3369 3184 η
3411 3183 3416 3184 ν
3574 3183 3585 3191 .
3626 3183 3634 3192 .

486 3231 597 3280 tale
648 3222 933 3278 absumam
969 3219 1302 3274 comesum
1326 3227 1509 3268 autem
1556 3226 1667 3265 non
1696 3222 1972 3279 exponere
1997 3220 2059 3259 ea
2091 3183 2132 3241 Ο
2166 3230 2421 3299 completa
2454 3238 2528 3283 est
2555 3229 2761 3283 malitia
2786 3228 2921 3298 ejus,
2951 3227 3176 3281 dimissa
3209 3235 3286 3279 est
3309 3222 3554 3292 iniquitas
3578 3216 3711 3270 illius.

480 3337 606 3393 quae
636 3330 823 3376 contra
845 3318 1177 3373 voluntatem
1200 3310 1491 3371 commissa
1512 3316 1642 3362 sunt
1667 3305 1896 3359 fratrum
1929 3316 2057 3371 pec-

483 3424 626 3479 cata,
657 3414 753 3469 sed
778 3411 991 3467 tradere
1040 3417 1197 3462 terra:
1243 3405 1364 3474 ejus
1393 3401 1487 3471 qui
1523 3407 1721 3468 captus
1746 3404 1852 3458 est,
1886 3394 1941 3447 id
1978 3400 2063 3446 est

482 3509 636 3565 visus
660 3504 1004 3577 sanguinem,
1029 3498 1411 3570 cooperientes
1467 3493 1600 3547 illud
1628 3490 1789 3547 venia
1823 3497 1878 3541 et
1908 3500 2061 3541 com-

483 3599 758 3671 passiene.
805 3591 1135 3664 Sanguinem
1184 3587 1328 3642 enim
1360 3583 1673 3645 comedens,
1726 3590 1778 3633 et
1825 3577 2058 3631 animam

481 3666 576 3764 qui
605 3689 851 3747 diﬁ'amat
878 3684 1132 3757 proximi,
1157 3668 1441 3752 peccatum
1472 3682 1618 3728 recte
1667 3677 1907 3741 putatur,
1936 3666 2061 3736 quia

483 3759 683 3841 animat
759 3797 909 3838 mors
975 3788 1255 3850 peccatum
1313 3782 1398 3827 est
1445 3771 1532 3825 his
1584 3767 1674 3838 qui
1729 3764 1921 3820 volunt
1970 3759 2065 3815 ﬁlii

483 3876 652 3932 Israel
683 3871 971 3945 appellari,
1016 3869 1222 3939 ﬁliique
1251 3864 1343 3920 Dei
1390 3858 1738 3933 primogeniti
1771 3854 1974 3921 vocari,
2006 3862 2062 3906 et

481 3986 603 4041 qum
629 3967 966 4024 subinl‘ertur
992 3977 1209 4034 pmnam
1237 3958 1511 4026 effugere;
1536 3950 1810 4007 aitenim:

554 4062 622 4117 Et
666 4061 958 4131 quicunque
1002 4052 1280 4108 comederit
1321 4046 1477 4110 illud,
1504 4042 1759 4098 interibit.
1787 4040 1855 4094 Et
1880 4050 2060 4106 neque

482 4152 873 4214 sacerdotium,
896 4160 1077 4216 neque
1100 4144 1252 4206 ﬁdes,
1278 4153 1459 4209 neque
1479 4132 1857 4197 sanctiﬁcatio,
1876 4142 2059 4203 neque

481 4247 586 4299 alia
606 4244 787 4313 aliqua
808 4242 1000 4302 virtus,
1030 4244 1124 4291 aut
1143 4234 1397 4302 dignitas,
1422 4226 1784 4300 patrocinium
1812 4222 2059 4292 praebere

481 4335 575 4391 tali
626 4312 823 4404 potest,
861 4328 1117 4384 omnibus
1154 4326 1302 4379 enim
1357 4321 1680 4392 sanguinem
1718 4312 2060 4373 comedenti-

480 4426 607 4489 bus,
637 4417 919 4476 interitum
950 4425 1035 4471 est
1059 4416 1318 4470 minatus.

2164 3321 2401 3391 Suscepit
2434 3323 2497 3375 de
2526 3338 2687 3375 manu
2713 3320 2921 3374 Domini
2949 3317 3181 3388 duplicia
3237 3332 3338 3385 pro
3367 3311 3595 3368 omnibus
3620 3321 3715 3379 pec-

2164 3414 2296 3467 catis
2319 3413 2508 3467 suis”.

2720 3501 2947 3559 CAPUT
2988 3499 3181 3556 XVIII.

2236 3617 2398 3674 Vens.
2431 3618 2545 3672 1-5.
2595 3636 2613 3668 t
2658 3617 2727 3671 Et
2762 3617 2901 3671 dixit
2930 3615 3202 3669 Dominus
3234 3613 3304 3667 ad
3358 3610 3568 3681 Moysen
3593 3619 3606 3655 :
3630 3603 3717 3658 Lo-

2161 3725 2329 3781 quere
2372 3708 2497 3764 ﬁliis
2546 3708 2734 3775 Israel,
2765 3718 2821 3762 et
2873 3707 3024 3761 dices
3081 3705 3148 3760 ad
3181 3721 3321 3760 eos:
3354 3704 3467 3774 Ego
3494 3696 3720 3754 Dominus

2165 3804 2311 3858 Dens
2338 3811 2544 3857 vester.
2567 3801 2728 3857 Juxta
2745 3800 3204 3856 consuetudinem
3239 3808 3407 3853 terra:
3431 3791 3653 3864 Egypti.
3675 3785 3718 3836 ίη

2160 3909 2266 3963 qua
2313 3894 2619 3957 habitastis,
2665 3907 2776 3946 non
2806 3891 3040 3945 facietis.
3076 3888 3240 3943 Juxta
3270 3899 3484 3941 morem
3512 3876 3719 3951 regionis

2161 3983 2443 4048 Chanaan,
2475 3983 2540 4036 ad
2576 3996 2739 4043 quam
2765 3995 2866 4051 ego
2895 3979 3322 4034 introducturus
3343 3991 3464 4031 sum
3492 3987 3602 4033 vos,
3627 3980 3717 4021 non

2161 4075 2350 4146 agetis,
2383 4088 2486 4129 nec
2511 4075 2567 4129 in
2590 4075 2847 4145 legitimis
2876 4085 3065 4126 eorum
3098 4067 3485 4124 ambulabitis.
3519 4055 3723 4119 Facit-tis

2167 4166 2375 4237 judicia
2411 4180 2556 4230 mea,
2584 4174 2640 4220 et
2672 4171 2941 4234 prmcepta
2976 4177 3097 4216 mea
3137 4159 3459 4224 servabitis,
3486 4163 3539 4210 et
3563 4150 3722 4205 ambu-

2163 4258 2344 4314 labitis
2371 4258 2425 4312 in
2478 4258 2577 4312 eis.
2614 4256 2725 4328 Ego
2759 4256 3023 4309 Dominus
3054 4254 3200 4308 Deus
3229 4262 3444 4307 vester.
3475 4240 3722 4302 Custodite

2161 4350 2308 4421 leges
2337 4364 2487 4404 meas
2524 4355 2685 4417 atque
2725 4345 2932 4417 judicia
2960 4362 2973 4398 :
3006 4357 3127 4414 quae
3155 4343 3374 4398 faciens
3398 4343 3579 4402 homo,
3608 4333 3721 4387 vivet

2165 4443 2220 4497 in
2252 4442 2352 4497 eis.
2395 4460 2414 4493 ο

550 4533 717 4590 vens'
766 4532 855 4596 ’δ’
883 4530 970 4585 l6“
1008 4549 1027 4581 ‘
1070 4526 1267 4581 Anima
1312 4538 1434 4595 qua
1476 4518 1777 4577 comederit
1809 4514 2051 4571 momei‘
2086 4521 2131 4577 Ῐ)
2229 4533 2499 4601 Quoniam
2535 4532 2730 4588 multa.
2758 4531 2890 4594 illis,
2937 4539 2993 4584 et
3035 4527 3372 4583 tliﬁ'erenter
3404 4521 3645 4581 sancivit,
3673 4528 3725 4568 ne

482 4640 639 4690 num,
675 4630 771 4678 aut
823 4630 1041 4691 captum
1070 4635 1100 4673 a
1131 4617 1323 4683 bestia,
1360 4624 1467 4669 tam
1498 4613 1567 4668 de
1595 4609 1865 4682 indigenis
1891 4620 2056 4677 quam

483 4717 556 4773 de
608 4714 870 4776 advenis,
924 4711 1122 4766 Iavabit
1172 4718 1353 4764 vestes
1407 4720 1537 4762 suas
1587 4712 1644 4759 et
1695 4700 2056 4769 semetipsum

484 4821 646 4878 aqua,
678 4812 752 4859 et
784 4803 1184 4859 contaminatus
1210 4800 1312 4855 erit
1344 4811 1518 4867 usque
1560 4794 1630 4850 ad
1662 4806 1975 4863 vesperum,
2003 4796 2059 4845 et

485 4899 593 4955 hoc
626 4896 820 4952 ordine
853 4894 1090 4948 mundus
1115 4892 1229 4948 ﬁet.
1258 4891 1412 4958 Quod
1440 4889 1486 4944 si
1518 4903 1629 4942 non
1670 4885 1867 4941 laverit
1889 4882 2058 4939 vesti-

482 4999 671 5050 menta
699 5004 819 5053 sua,
849 5002 953 5042 nec
970 5001 1188 5057 corpus,
1221 4981 1462 5055 portabit
1486 4979 1830 5050 iniquitatem
1845 4990 2053 5031 suam.)

554 5083 903 5141 Morticinum
932 5096 1053 5137 esse
1091 5088 1457 5150 peccatoreni,
1512 5081 1701 5143 utpote
1747 5069 1840 5140 qui
1865 5067 2061 5123 crude-

485 5179 589 5233 lem
642 5176 852 5247 peccati
904 5174 1141 5229 sustinet
1201 5178 1438 5225 mortem
1464 5208 1479 5231 ,
1543 5181 1574 5219 a
1628 5163 1824 5220 bestiis
1880 5170 2060 5217 autem

483 5278 722 5340 captum,
772 5284 885 5323 non
932 5274 1143 5322 tantum
1176 5260 1533 5331 simpliciter,
1552 5258 1648 5313 sed
1682 5257 1840 5311 valde
1867 5270 2061 5325 pecca-

487 5372 687 5426 torem,
715 5362 769 5416 in
798 5369 1007 5416 tantum
1037 5365 1099 5413 ut
1142 5353 1362 5425 maligni
1401 5353 1457 5406 in
1499 5365 1566 5406 eo
1608 5359 1911 5420 operentur
1948 5348 2062 5402 dae-

484 5467 698 5518 mones,
728 5453 868 5528 sicut
897 5451 1001 5504 fuit
1031 5449 1218 5509 Judas,
1245 5445 1337 5515 qui
1370 5444 1588 5499 diabolo
1636 5441 1975 5512 ingrediente
2005 5441 2057 5495 in

485 5545 650 5600 corde
690 5560 811 5609 suo,
860 5545 1138 5600 Christum
1173 5541 1430 5600 tradidit.
1462 5539 1591 5595 olim
1621 5539 1881 5603 diximus,
1934 5552 2057 5591 cum

559 5739 603 5771 "
630 5738 751 5792 Gal.
771 5754 822 5803 ιν,
844 5740 926 5792 lii.

1006 5744 1050 5774 ³³
1082 5744 1223 5797 Psal.
1266 5749 1409 5808 CXLI,
1442 5744 1496 5797 '5.

488 5815 535 5851 ιο
576 5810 677 5862 lsa.
715 5808 879 5870 “,2.

1573 5742 1616 5773 "
1649 5740 1785 5796 Gen.
1817 5756 1969 5803 xvtn,
1992 5739 2083 5793 21.

2160 4628 2217 4683 in
2260 4626 2608 4683 multitudine
2653 4639 2844 4680 eorum
2883 4638 3005 4692 qua:
3036 4622 3441 4677 sanciebantur
3500 4614 3725 4672 deﬁceret

2162 4721 2208 4775 is
2227 4721 2320 4788 qui
2351 4719 2523 4790 legem
2550 4717 2872 4787 accipiebat,
2909 4714 3282 4768 intentionem
3311 4709 3650 4780 simpliciter,
3683 4708 3726 4751 et

2146 4827 2276 4875 non
2305 4812 2362 4865 in
2394 4811 2549 4881 plura
2595 4809 3022 4877 discerpentem,
3049 4804 3296 4859 ostendit
3324 4821 3337 4857 :
3375 4802 3450 4856 ita
3494 4806 3553 4852 ut
3576 4794 3727 4851 sciens

2164 4905 2294 4976 quid
2343 4904 2415 4958 sit
2463 4903 2870 4972 corrigendum,
2929 4909 2985 4952 et
3032 4898 3098 4951 ad
3135 4910 3304 4967 quem
3362 4896 3529 4949 ﬁnem
3564 4884 3725 4943 tendat

2166 4971 2300 5062 legis
2353 4971 2681 5050 intellectus.
2731 5002 2843 5057 pra:
2893 4984 3302 5055 multiplicitate
3357 4996 3473 5035 non
3521 4971 3727 5032 deﬁciat.

2170 5067 2325 5137 Sicut
2359 5081 2414 5135 hi
2441 5079 2532 5149 qui
2564 5093 2713 5132 mare
2739 5077 3020 5147 navigant,
3047 5074 3274 5145 quando
3300 5075 3373 5128 ad
3405 5073 3568 5126 ﬁnem
3603 5066 3727 5120 navi.

2165 5173 2263 5244 gii,
2293 5181 2347 5225 et
2375 5170 2444 5224 ad
2469 5168 2763 5222 terminum
2792 5173 3087 5239 t-ursus,et,
3103 5172 3330 5234 portum
3350 5162 3544 5217 oculos
3575 5162 3735 5210 exten-

2166 5266 2323 5328 dunt,
2370 5261 2529 5317 facile
2576 5259 2971 5329 longitudinem
3020 5256 3217 5327 pelagi,
3282 5265 3345 5310 et
3382 5255 3504 5309 sine
3543 5247 3730 5305 deiecnt

2168 5360 2521 5428 percurrunt.
2578 5352 2911 5421 Prmcipiens
2960 5365 3089 5421 ergo
3128 5365 3193 5404 ea
3258 5362 3393 5418 qtae
3431 5358 3580 5399 nunc
3615 5338 3729 5394 dicta

2165 5455 2313 5509 sunt,
2341 5447 2453 5517 Ego
2480 5461 2597 5499 sum
2625 5442 2880 5497 Dominus
2907 5442 3045 5497 Deus
3065 5449 3257 5505 vester,
3286 5439 3495 5508 inquit,
3525 5442 3583 5490 ut
3607 5443 3734 5486 crea-

2169 5551 2342 5597 torem
2374 5549 2431 5595 et
2468 5538 2763 5594 Dominum
2806 5537 3082 5593 discentes
3117 5547 3245 5589 eum
3298 5531 3399 5603 qui
3455 5519 3731 5585 mandavit.

2162 5740 2205 5768 “
2234 5739 2352 5793 Job.
2386 5754 2492 5801 tm,
2530 5736 2613 5791 l9.
2691 5736 2758 5770 ’⁸⁸
2784 5736 2917 5792 ibid.
2947 5735 3037 5790 20.
3106 5734 3151 5768 ²⁹
3190 5732 3408 5786 Ezech.
3438 5743 3535 5796 vn,
3568 5724 3665 5778 let
3688 5712 3732 5769 9ο
