3988 6222
357 377 488 441 1009

1506 385 1589 445 IN
1629 385 2070 454 LEVITICUM.
2110 413 2179 423 -
2219 389 2365 448 LIB.
2403 391 2471 449 ν.

3477 386 3613 451 1.010

335 509 550 551 summo
581 494 763 550 studio
790 513 852 550 ea
873 513 1001 567 quae
1029 507 1298 567 praecepta
1333 508 1461 554 sunt
1500 500 1568 554 ab
1599 516 1687 566 eo,
1734 509 1920 555 custo-
1950 499 1996 556 A
2022 500 2240 572 ﬂgypti
2283 503 2327 533 ³³
2352 530 2381 567 ,-
2411 513 2557 558 recte
2613 505 2856 560 secundo
2909 504 3241 575 iudiciorum
3305 515 3613 574 praecepto-

335 589 568 644 diamus.
643 589 736 645 Sic
789 607 917 662 ergo
987 595 1288 655 sanctionis
1340 595 1509 651 totius
1559 596 1923 652 intentionem

333 683 664 751 explanavit.
715 684 847 751 Quae
888 696 973 742 est
1001 699 1184 743 autem
1230 691 1381 744 luce?
1413 688 1483 744 Ut
1524 692 1593 745 ab
1625 693 1781 748 omni
1815 691 1923 746 ini-

332 777 543 844 quitate
589 779 988 845 abstineamus,
1027 792 1080 838 et
1110 800 1234 854 quae
1261 787 1480 842 virtutis
1515 797 1644 842 sunt
1674 803 1920 858 agamus,

327 867 480 935 juxta
503 873 960 928 consuetudinem
997 889 1155 930 terrae
1179 877 1417 949 Egypti,
1451 890 1506 936 et
1531 881 1687 950 juxta
1711 897 1920 938 morem

333 971 491 1016 terra:
515 962 776 1020 Chanaan
802 967 938 1022 nihil
967 969 1168 1030 facere.
1209 971 1289 1025 sie
1325 971 1395 1026 ab
1433 974 1581 1028 omni
1628 973 1921 1044 iniquitate

331 1053 592 1109 abstineri
621 1060 907 1128 prazcepit.
959 1061 1316 1135 Septuaginta
1388 1076 1571 1122 autem
1630 1084 1730 1138 pro
1783 1084 1920 1124 con-

331 1149 639 1212 suetudine,
679 1153 855 1207 studia
909 1154 1251 1224 interpretati
1302 1169 1465 1214 sunt:
1501 1161 1628 1229 quia
1656 1161 1919 1233 malignas

329 1240 768 1308 adinventiones,
827 1253 881 1300 et
940 1247 1153 1306 fabulas
1204 1251 1342 1306 solet
1386 1253 1572 1308 divina
1628 1253 1916 1325 Scriptura

327 1335 604 1403 appellare
635 1339 902 1393 malorum
927 1343 1104 1398 studia
1134 1361 1146 1397 :
1176 1353 1364 1413 utpote
1391 1345 1679 1402 Ezechiele
1699 1348 1917 1405 dicente

325 1434 452 1493 post
502 1427 822 1497 iniquitates
879 1447 1016 1502 quas
1100 1435 1242 1491 Deus
1297 1439 1351 1492 in
1415 1441 1619 1510 templo
1663 1442 1916 1499 seniores

323 1516 488 1574 Israel
541 1537 703 1589 agere
763 1526 1006 1592 ostendit
1040 1527 1150 1582 :Et
1196 1531 1330 1586 dixit
1376 1533 1447 1586 ad
1482 1551 1563 1587 me
1605 1534 1858 1589 Dominus
1894 1552 1911 1590 :

326 1609 493 1672 Vides,
539 1612 616 1680 ﬁli
661 1614 922 1669 hominis?
955 1616 1028 1670 Et
1085 1635 1277 1674 rursus
1311 1637 1322 1673 :
1350 1620 1683 1687 Conversus,
1717 1623 1913 1690 videbis

319 1702 496 1756 studia
532 1704 744 1772 majora
781 1707 1046 1764 horum”.
1093 1709 1208 1763 Non
1240 1712 1414 1766 solum
1447 1728 1578 1784 ergo
1610 1729 1640 1768 a
1673 1714 1912 1770 fornica-

322 1796 488 1862 tione,
539 1806 594 1852 et
623 1799 878 1865 avaritia,
925 1810 981 1856 et
1011 1803 1292 1871 superbia,
1342 1805 1437 1862 sed
1471 1815 1528 1861 et
1553 1821 1582 1860 a
1613 1807 1910 1862 divinatio-

318 1897 449 1937 num
513 1894 568 1939 et
626 1889 980 1957 auguriorum
1043 1891 1445 1960 abjectionibus
1500 1904 1556 1948 et
1625 1885 1942 1950 veneﬁciis:

317 1978 575 2046 praecepit
619 1980 908 2044 abstineri,
971 1983 1068 2038 sed
1133 1993 1245 2040 eta
1276 1986 1471 2056 magis,
1523 1995 1580 2042 et
1631 1988 1904 2043 similibus

317 2069 473 2125 aliis:
527 2071 600 2126 ita
659 2080 717 2126 ut
769 2073 980 2144 Moyses
1040 2077 1096 2130 in
1152 2077 1584 2134 Deuteronomio
1646 2080 1898 2136 diceret:

317 2160 536 2226 Quando
566 2165 826 2236 ingressus
861 2171 1020 2239 fueris
1049 2180 1246 2224 terram
1277 2188 1438 2241 quam
1486 2171 1742 2226 Dominus
1767 2172 1904 2228 Deus

317 2262 436 2306 tuus
470 2255 668 2308 dederit
698 2259 812 2321 tibi,
845 2275 968 2314 cave
997 2277 1060 2314 ne
1089 2262 1293 2315 imitari
1328 2261 1453 2316 velis
1486 2261 1902 2316 abominationes

315 2343 533 2398 illarum
582 2349 837 2416 gentium,
871 2367 961 2403 nec
996 2353 1295 2406 inveniatur
1324 2353 1376 2406 in
1411 2360 1459 2406 te
1491 2352 1581 2421 qui
1608 2353 1901 2407 sciscitatur

315 2445 365 2490 et
425 2437 653 2492 observet
682 2443 884 2494 somnia
927 2451 1085 2512 atque
1112 2446 1358 2512 auguria,
1402 2461 1464 2497 ne
1499 2445 1567 2498 sit
1609 2445 1897 2514 maleﬁcus,

315 2543 408 2580 nec
453 2528 770 2592 incantator,
822 2547 913 2584 nec
955 2532 1204 2601 pythones
1242 2533 1502 2596 consulat,
1555 2549 1647 2586 nec
1677 2534 1896 2596 divinos,

311 2635 411 2672 nec
439 2629 644 2688 qurerat
701 2639 732 2674 a
781 2625 1004 2677 mortuis
1047 2624 1342 2678 veritatem.
1389 2625 1580 2680 Omnia
1623 2626 1759 2680 enim
1790 2627 1898 2680 Ιιιιτ

319 2709 708 2765 abominabitur
746 2712 1016 2769 Dominus.
1058 2715 1245 2770 Omnes
1279 2717 1367 2786 qui
1396 2717 1504 2770 lia’c
1532 2718 1754 2788 faciunt,
1804 2736 1897 2784 pro

319 2802 794 2858 abominationibus
849 2805 928 2858 In's
973 2806 1235 2876 disperdet
1276 2823 1360 2859 eos
1393 2806 1646 2861 Dominus
1669 2825 1731 2860 est
1763 2817 1810 2860 te
1829 2811 1893 2862 ⁸³.

313 2895 396 2949 Ab
430 2896 512 2950 his
544 2912 672 2967 ergo
699 2899 963 2954 abstineri
1022 2901 1176 2968 prius
1228 2908 1464 2970 oportet,
1521 2911 1576 2955 et
1611 2902 1690 2958 sic
1740 2902 1896 2956 nobis

311 2987 458 3042 Deus
492 2989 662 3044 dicit:
701 2991 923 3044 Facietis
952 2991 1150 3056 iudicia
1204 3010 1343 3058 mea,
1369 3003 1427 3046 εει
1473 3003 1735 3063 prtecepta
1778 3011 1893 3048 mea

310 3083 602 3146 servabitis,
645 3094 692 3138 et
741 3086 1076 3139 ambulabitis
1127 3088 1181 3138 in
1222 3087 1314 3149 eis,
1364 3087 1417 3141 id
1473 3095 1557 3142 est
1598 3087 1893 3141 movemini

311 3185 368 3228 et
410 3177 809 3230 conversamini
882 3177 936 3230 in
991 3177 1090 3238 eis,
1156 3185 1213 3232 et
1265 3177 1415 3232 nullo
1487 3185 1732 3247 tempore
1796 3194 1967 3260 γει-ο

309 3265 448 3319 cetis
502 3266 571 3320 ab
630 3281 820 3320 eorum
882 3267 1246 3323 correctione.
1296 3268 1505 3324 Deinde
1535 3284 1728 3324 rursus
1763 3270 1892 3324 sub-

310 3358 452 3412 didit
488 3375 503 3412 :

377 3451 492 3522 Ego
543 3451 796 3506 Dominus
849 3452 992 3507 Deus
1037 3462 1222 3507 vester.
1283 3451 1551 3508 Custodite
1577 3452 1713 3519 leges
1747 3468 1891 3505 meas

309 3553 468 3613 atque
493 3545 722 3613 judicia,
750 3561 865 3613 quae
895 3547 1094 3615 faciens
1121 3547 1294 3609 homo,
1326 3547 1458 3600 vivet
1491 3547 1547 3599 in
1585 3547 1678 3600 eis.
1703 3544 1890 3600 Absti-

309 3647 504 3692 nentes
559 3653 665 3693 nos
707 3639 858 3706 prius
907 3639 975 3692 ab
1025 3637 1527 3694 abominationibus
1579 3653 1700 3708 quae
1729 3637 1888 3693 «lictre

307 3739 457 3794 sunt,
505 3730 630 3800 quia
679 3747 787 3785 non
837 3738 924 3785 est
964 3730 1316 3800 participatio
1358 3730 1593 3799 justitia:
1624 3746 1745 3785 cum
1779 3731 1889 3784 ini-

305 3823 561 3891 quitate,
621 3837 796 3891 neque
847 3822 1067 3876 luminis
1121 3821 1358 3875 societas
1415 3821 1482 3874 ad
1544 3823 1883 3887 tenebras“,

306 3928 486 3982 neque
535 3913 712 3981 placet
759 3912 807 3965 ei
853 3921 911 3966 ut
957 3912 1046 3981 qui
1116 3912 1317 3982 gentile
1367 3911 1648 3979 quodlibet
1687 3911 1884 3964 malum

301 4005 856 4072 ubservationemque
905 4004 1134 4067 studet,
1189 4003 1408 4072 gloriari
1473 4003 1540 4057 de
1595 4003 1728 4073 legis
1789 4004 1882 4059 Dei

299 4101 536 4155 scientia
580 4100 795 4163 debeat,
831 4108 962 4152 tunc
1001 4097 1220 4152 demum
1260 4095 1483 4164 judiciis
1521 4096 1612 4150 Dei
1668 4106 1885 4151 utamur

305 4193 704 4263 etpraeceptis.
743 4191 935 4256 Qualia
968 4199 1148 4244 autem
1192 4189 1303 4242 sint
1340 4187 1571 4254 judicia,
1611 4196 1666 4241 et
1703 4188 1882 4256 qualia

295 4295 598 4356 praecepta,
650 4301 771 4356 quae
822 4284 1030 4338 faciens
1075 4283 1241 4337 homo
1290 4283 1432 4336 vivet
1476 4282 1530 4335 in
1579 4280 1680 4344 eis,
1723 4288 1781 4334 ut
1825 4290 1880 4334 tu

293 4395 606 4452 cognoscas
656 4379 784 4449 quia
819 4393 928 4432 non
962 4376 1072 4431 Deo
1115 4377 1308 4452 donas,
1341 4375 1604 4430 obediens
1629 4374 1731 4443 legi
1764 4375 1882 4441 ejus

293 4485 361 4529 -et
413 4474 691 4542 complens
739 4472 867 4536 (ejus
920 4469 1124 4539 judicia
1168 4477 1223 4523 et
1288 4475 1581 4536 praecepta,
1623 4467 1718 4521 sed
1755 4468 1879 4521 tibi-

2030 610 2222 649 rumve
2275 596 2595 652 memoriam
2644 597 2793 666 facit,
2843 611 2903 654 ut
2947 599 3037 654 illa
3098 601 3433 662 ostenderet,
3493 617 3614 667 qua:

2026 695 2143 739 erat
2182 693 2372 755 postea
2417 688 2754 745 sanciturus.
2814 689 2890 746 De
2921 692 3122 760 quibus
3190 708 3339 745 nunc
3383 689 3610 745 addidit.

2095 778 2224 844 Quae
2284 782 2481 852 faciens
2512 783 2685 847 homo,
2743 785 2877 839 vivet
2923 786 2976 838 in
3031 786 3124 839 eis.
3187 785 3250 839 In
3284 785 3418 854 ipsis
3463 785 3610 839 enim

2025 867 2150 926 vera
2193 873 2301 929 vita
2347 876 2702 932 credentibus
2751 877 2806 931 in
2858 877 3140 932 Christum
3203 878 3508 948 perﬁcitur,
3545 879 3613 932 de

2023 978 2132 1032 quo
2177 964 2231 1018 in
2262 966 2557 1036 Evangelia
2594 967 2858 1023 Dominus
2905 969 3167 1025 dicebat:
3221 969 3348 1022 Ilwc
3392 979 3466 1022 est
3519 985 3610 1021 vo-

2024 1054 2200 1110 luntas
2238 1055 2416 1111 Patris
2460 1059 2584 1120 mei,
2641 1067 2696 1111 ut
2738 1059 2906 1112 omnis
2953 1059 3044 1130 qui
3091 1059 3230 1112 videt
3289 1057 3508 1119 Filium,
3563 1063 3609 1108 et

2022 1145 2185 1198 credit
2247 1147 2300 1198 in
2356 1163 2472 1201 eum
2501 1188 2514 1210 ,
2583 1148 2772 1202 habeat
2818 1149 2981 1202 vitam
3029 1158 3284 1203 aeternam
3323 1148 3388 1201 ³⁵.
3439 1144 3607 1200 Valde

2020 1253 2150 1308 ergo
2213 1239 2609 1295 rationabiliter
2662 1241 2904 1296 secundo
2962 1241 3131 1296 dicit:
3183 1241 3295 1310 Ego
3353 1239 3606 1294 Dominus

2021 1327 2159 1383 Deus
2209 1342 2391 1384 vester.
2450 1331 2777 1387 Contestans
2815 1333 2942 1403 quia
2989 1333 3108 1404 ipse
3160 1331 3429 1387 Dominus
3467 1373 3482 1397 ,
3551 1339 3606 1385 et

2019 1423 2197 1491 priora
2242 1423 2444 1492 judicia
2471 1462 2485 1487 ,
2537 1425 2624 1479 vel
2682 1435 2992 1496 praecepta,
3036 1433 3092 1481 et
3139 1425 3441 1496 posteriora
3477 1438 3606 1477 san-

2014 1514 2172 1578 .civit,
2199 1531 2321 1584 qua:
2349 1516 2441 1585 qui
2479 1516 2674 1573 fecerit
2718 1519 2862 1574 vivet
2905 1519 2960 1573 in
2999 1519 3100 1574 eis.
3145 1519 3280 1573 Nam
3326 1515 3603 1587 prioribus

2012 1607 2278 1675 judiciis,
2335 1615 2392 1663 et
2429 1610 2762 1680 praeceptis,
2825 1611 2945 1666 vide
3001 1612 3130 1680 quid
3200 1611 3424 1666 addidit.
3489 1612 3602 1680 Ego

2017 1699 2292 1754 Dominus.

2084 1791 2244 1848 Vens.
2279 1792 2431 1848 6-l7.
2467 1813 2484 1845 ι
2526 1793 2716 1850 Omnis
2751 1796 2914 1850 homo
2944 1797 3010 1851 ad
3044 1797 3349 1866 proximam
3384 1796 3602 1865 sangui-

2017 1885 2099 1938 nis
2128 1887 2211 1940 sui
2251 1903 2362 1941 non
2390 1887 2634 1952 accedet,
2667 1900 2727 1943 ut
2766 1890 2975 1945 revelet
3022 1889 3426 1960 turpitudinem
3451 1889 3594 1959 ejus.

2017 1972 2124 2043 Ego
2157 1975 2439 2030 Dominus.
2495 1975 2914 2047 Turpitudinem
2969 1981 3138 2049 patris
3179 1981 3277 2043 tui,
3321 1988 3377 2034 et
3418 1981 3594 2050 turpi-

2014 2066 2259 2121 tudinem
2317 2067 2508 2122 matris
2545 2078 2652 2124 tuze
2689 2085 2799 2123 non
2851 2070 3262 2140 discooperies:
3297 2080 3473 2124 mater
3503 2080 3594 2124 tua

2011 2167 2114 2222 est,
2155 2174 2264 2212 non
2321 2160 2590 2216 revelabis
2638 2161 3034 2230 turpitudinem
3079 2163 3222 2232 ejus.
3269 2163 3595 2234 Turpitudi-

2009 2264 2135 2304 nem
2170 2252 2354 2307 uxoris
2403 2253 2576 2322 patris
2609 2253 2683 2308 tui
2720 2269 2828 2308 non
2889 2255 3279 2325 discooperies,
3316 2257 3594 2326 turpitudo

2009 2343 2154 2396 enim
2199 2345 2371 2413 patris
2418 2345 2494 2398 tui
2541 2353 2643 2399 est.
2687 2344 3106 2415 Turpitudinem
3159 2347 3362 2401 sororis
3390 2356 3496 2402 tuae
3525 2362 3595 2402 ex

2007 2445 2162 2505 patre
2213 2437 2298 2490 vel
2338 2452 2404 2490 ex
2439 2447 2610 2491 matre
2659 2453 2781 2507 quae
2819 2438 2965 2492 domi
3013 2438 3098 2492 vel
3143 2439 3275 2495 foris
3303 2439 3484 2510 genita
3506 2447 3593 2495 est

2007 2543 2118 2580 non
2182 2529 2468 2584 revelabis.
2527 2529 2946 2600 Turpitudinem
3002 2531 3125 2586 ﬁliae
3187 2531 3282 2585 ﬁlii
3341 2531 3442 2597 tui,
3504 2531 3592 2587 vel

2006 2619 2186 2688 neptis
2212 2635 2277 2673 ex
2309 2620 2434 2686 ﬁlia,
2455 2635 2561 2674 non
2586 2621 2871 2687 revelabis,
2903 2623 3030 2690 quia
3059 2622 3336 2692 turpitudo
3363 2633 3454 2678 tua
3484 2632 3596 2680 est.-

2007 2710 2425 2779 Turpitudinem
2468 2713 2592 2767 ﬁliae
2627 2713 2810 2768 uxoris
2842 2713 3012 2783 patris
3041 2715 3139 2780 tui,
3173 2731 3333 2784 quam
3374 2715 3588 2785 peperit

2005 2805 2143 2870 patri
2177 2813 2289 2868 tuo,
2333 2813 2388 2859 et
2417 2814 2501 2859 est
2526 2820 2680 2859 soror
2707 2814 2818 2870 tua,
2858 2821 2968 2859 non
2998 2807 3286 2861 revelabis.
3319 2805 3589 2877 Turpitu-

2004 2897 2188 2952 dinem
2245 2899 2452 2954 sororis
2499 2899 2673 2968 patris
2729 2898 2808 2952 tui
2870 2913 2979 2952 non
3036 2899 3426 2968 disc00peries,
3461 2899 3588 2969 quia

2003 3003 2130 3043 caro
2183 2998 2266 3044 est
2305 2991 2476 3061 patris
2522 2989 2620 3044 tui.
2661 2987 3082 3059 Turpitudinem
3127 2991 3305 3060 patrui
3360 2991 3438 3044 tui
3472 3006 3585 3045 non

2003 3068 2290 3145 revelabis,
2347 3098 2449 3137 nec
2497 3083 2722 3138 accedes
2761 3083 2828 3136 ad
2878 3098 3105 3138 uxorem
3159 3084 3297 3153 ejus,
3331 3100 3452 3153 quae
3483 3084 3584 3140 tibi

2001 3174 2262 3229 afﬁnitate
2319 3173 2686 3245 coujungitur.
2767 3173 3188 3244 Turpitudinem
3249 3191 3422 3231 nurus
3478 3185 3586 3233 tua;

2004 3282 2116 3321 non
2143 3265 2441 3329 revelabis,
2477 3267 2602 3335 quia
2625 3281 2762 3320 uxor
2794 3265 2887 3319 ﬁlii
2921 3266 2996 3320 tui
3027 3275 3130 3332 est,
3164 3283 3267 3322 nec
3298 3268 3584 3338 discoope-

2003 3354 2112 3408 ries
2139 3353 2492 3423 ignominiam
2542 3355 2682 3424 ejus.
2712 3353 3130 3424 Turpitudinem
3178 3357 3366 3412 uxoris
3399 3357 3584 3414 fratris

2003 3446 2081 3499 tui
2135 3461 2245 3499 non
2296 3445 2586 3511 revelabis,
2633 3447 2758 3516 quia
2795 3447 3079 3517 turpitudo
3122 3448 3310 3503 fratris
3345 3449 3420 3503 tui
3476 3460 3578 3505 est.

2003 3534 2420 3604 Turpitudinem
2508 3536 2691 3590 uxoris
2755 3546 2899 3604 ture,
2971 3548 3025 3592 et
3088 3539 3210 3593 ﬁlia:
3292 3541 3412 3610 ejus
3470 3556 3582 3596 non

2000 3629 2288 3684 revelabis.
2327 3629 2517 3684 Filiam
2560 3630 2651 3684 ﬁlii
2683 3632 2824 3700 ejus,
2864 3641 2919 3686 et
2956 3633 3120 3686 ﬁliam
3167 3633 3291 3688 ﬁliae
3318 3635 3438 3702 ejus
3469 3651 3580 3689 non

2000 3733 2204 3784 sumes,
2235 3728 2294 3772 ut
2328 3719 2537 3773 reveles
2568 3720 2922 3789 ignominiam
2955 3721 3096 3790 ejus,
3125 3723 3250 3792 quia
3275 3738 3404 3777 caro
3437 3723 3579 3778 illius

1999 3821 2145 3866 sunt.
2185 3829 2203 3861 ι
2242 3853 2250 3860 .

2066 3900 2222 3966 Quod
2264 3919 2377 3957 non
2428 3901 2751 3971 negligenda
2797 3902 2909 3955 sint
2967 3918 3028 3956 ea
3071 3919 3193 3973 qua:
3233 3905 3574 3972 sanciuntur,

1997 3991 2345 4047 manifestum
2397 4000 2481 4048 est
2511 4007 2576 4047 ex
2605 4008 2670 4048 eo
2701 3995 2843 4062 quod
2872 3994 3069 4048 iterum
3100 3995 3234 4050 dixit
3268 4013 3282 4049 :
3326 3995 3437 4065 Ego
3471 3998 3576 4051 Do-

1997 4084 2186 4137 minus.
2226 4083 2377 4138 Facit
2415 4094 2595 4138 autem
2634 4085 2739 4139 hoc
2768 4084 2980 4155 Moyses
3005 4128 3018 4150 ,
3055 4085 3165 4140 imo
3212 4088 3443 4157 spiritus
3481 4089 3575 4159 qui

1995 4175 2050 4229 in
2087 4189 2152 4230 eo
2196 4175 2540 4245 loquebatur,
2582 4185 2642 4231 ut
2667 4193 2774 4232 non
2817 4177 3237 4247 despicerentur
3269 4195 3390 4249 quze
3418 4181 3572 4237 dice-

1995 4268 2214 4334 bantur,
2257 4269 2564 4326 dicentibus
2591 4271 2941 4340 quibusdam,
2986 4271 3111 4341 quia
3137 4270 3390 4338 Moyseos
3422 4283 3568 4329 sunt.

1991 4361 2113 4417 Non
2160 4370 2290 4417 sunt
2333 4371 2515 4418 autem
2551 4364 2670 4433 ejus
2711 4363 2831 4418 hzec
2877 4379 2998 4434 quae
3027 4364 3444 4434 praacipiuntur,
3477 4367 3569 4421 sed

1993 4457 2110 4523 Dei,
2168 4475 2292 4514 eum
2330 4475 2678 4529 summopere
2725 4460 2866 4529 quod
2896 4461 3176 4515 inventum
3208 4471 3293 4515 est
3328 4462 3569 4517 studium

299 4567 560 4636 metipsi:
614 4575 670 4620 tu
707 4565 853 4620 enim
899 4563 952 4618 in
1009 4563 1088 4617 eis
1131 4561 1302 4623 vives,
1334 4560 1630 4614 virtutibus
1657 4574 1880 4628 operam
1919 4566 1958 4619 D
1987 4552 2293 4607 adhibitum
2334 4551 2426 4616 sit,
2462 4559 2522 4604 ut
2562 4552 2744 4605 littera
2780 4566 2969 4605 eorum
3017 4563 3460 4614 conservaretur.
3513 4564 3569 4609 et

291 4659 460 4723 dans,
509 4673 607 4728 per
643 4672 780 4726 quas
827 4664 1030 4710 aeterna
1063 4654 1170 4707 vita
1217 4651 1534 4706 hominibus
1567 4659 1882 4720 praestatur.

293 4751 411 4805 Sed
447 4750 615 4819 quaeri
661 4747 1093 4818 pertractarique
1147 4743 1371 4812 dignum
1404 4750 1488 4796 est
1556 4757 1654 4796 cur
1685 4740 1740 4795 in
1773 4757 1884 4796 uno

288 4845 423 4898 ioco
450 4843 586 4912 legis
630 4841 714 4896 bis
747 4839 904 4900 dixit,
947 4836 1062 4891 ﬁeri
1109 4835 1312 4904 judicia
1357 4848 1476 4897 sua,
1512 4841 1568 4887 et
1611 4842 1881 4902 prmcepta

288 4951 400 4990 sua
458 4932 765 4990 custodiri?
818 4930 915 4984 Vel
968 4944 1066 4983 cur
1117 4926 1205 4982 bis
1254 4925 1420 4990 dicat,
1463 4923 1578 4993 Ego
1617 4923 1882 4979 Dominus

291 5029 447 5084 .Deus
463 5029 486 5082 ?
505 5026 751 5082 Putasne
773 5023 964 5079 eadem
985 5018 1276 5075 iterando?
1305 5017 1625 5071 Nullatenus
1649 5034 1660 5069 :
1696 5016 1879 5070 brevis

300 5129 386 5177 est
437 5121 585 5175 enim
623 5118 802 5172 omnis
829 5115 1010 5170 divina
1060 5111 1371 5181 Scriptura;
1400 5110 1647 5164 maxime
1695 5117 1875 5163 tamen

291 5208 704 5280 thielegislator.
737 5207 878 5261 sicut
903 5203 995 5275 qui
1025 5202 1192 5257 multa
1223 5201 1470 5254 dicturus
1499 5208 1636 5260 erat,
1667 5197 1771 5252 fuit
1809 5198 1876 5252 de

285 5303 568 5358 :brevitate
618 5298 938 5354 sollicitus:
985 5294 1108 5365 quia
1153 5293 1261 5348 duo
1318 5300 1444 5346 sunt
1503 5297 1825 5344 testamenta
1857 5331 1872 5356 ,

297 5393 472 5451 Vetus
495 5402 551 5447 et
594 5391 829 5455 Novum,
863 5387 1012 5443 unde
1041 5395 1096 5441 et
1155 5386 1274 5455 ipse
1313 5398 1410 5453 per
1449 5382 1744 5437 .leremiam
1783 5382 1871 5436 di-

295 5489 415 5543 xit:
451 5487 597 5541 Dabo
631 5484 768 5538 vobis
799 5488 1167 5536 testamentum
1215 5493 1424 5536 novum.
1458 5492 1562 5529 non
1587 5477 1873 5529 secundum

284 5585 668 5634 tutamentum
735 5572 872 5644 quod
903 5570 1032 5624 dedi
1077 5567 1315 5637 patribus
1349 5566 1551 5625 vestris,
1580 5565 1636 5617 in
1664 5565 1745 5617 die
1774 5581 1877 5631 qua

293 5670 619 5742 apprehendi
651 5683 863 5722 manum
889 5680 1087 5728 eorum,
1119 5671 1174 5715 ut
1204 5662 1471 5715 educerem
1498 5657 1614 5711 illos
1639 5659 1700 5711 de
1733 5668 1874 5711 terra

367 5819 410 5852 “
445 5813 782 5876 Er.eeh.vm,
821 5809 904 5861 l5.
1011 5807 1053 5837 ³³
1092 5805 1244 5859 Deut.
1288 5820 1436 5868 xvm,
1482 5800 1636 5856 9-12.

296 5890 386 5955 39,
421 5888 510 5941 to.

1747 5800 1791 5830 ³³
1818 5798 1858 5852 ll
1881 5797 2009 5853 Cor.
2055 5814 2128 5863 Vl,
2170 5797 2251 5850 ll.

1987 4642 2246 4711 spiritalis
2287 4641 2618 4696 intellectus.
2656 4639 2817 4695 Unde
2847 4651 3031 4696 nostra
3071 4641 3361 4720 translatio
3387 4643 3521 4698 dicit
3551 4664 3565 4698 :

1987 4732 2178 4789 Omnis
2206 4735 2370 4789 homo
2396 4734 2461 4788 ad
2487 4733 2788 4804 proximam
2834 4733 3120 4804 sanguinis
3149 4734 3234 4788 sui
3272 4751 3383 4788 non
3404 4751 3567 4790 acce-

1984 4823 2097 4892 det,
2151 4832 2211 4878 ut
2269 4825 2471 4879 revelet
2529 4823 2926 4891 turpitudinem
2980 4823 3122 4892 ejus.
3206 4825 3564 4895 Septuaginta

1981 4918 2188 4972 edunt:
2225 4917 2409 4980 Homo,
2471 4918 2622 4971 homo
2662 4917 2732 4970 ad
2767 4933 2974 4971 omnem
3007 4917 3355 4972 domesticam
3385 4920 3566 4972 carnis

1982 5009 2145 5076 ipsius
2192 5026 2295 5062 non
2340 5010 2569 5072 accedet,
2620 5017 2680 5062 ut
2720 5010 2932 5078 aperiat
2977 5011 3378 5082 turpitudinem.
3427 5009 3562 5064 Pro-

1981 5114 2167 5170 pterea
2197 5101 2439 5156 secundo
2479 5101 2746 5167 dicentes,
2794 5102 2947 5155 homo
2975 5103 3149 5160 homo.
3197 5112 3256 5154 ut
3295 5100 3562 5169 quemad-

1980 5194 2197 5248 modum
2252 5202 2336 5249 est
2393 5194 2559 5248 homo
2609 5193 2831 5264 duplex,
2876 5192 2953 5248 sic
2995 5192 3370 5260 intelligantur
3411 5201 3466 5246 et
3498 5208 3560 5246 ea

1977 5300 2098 5354 quae
2127 5285 2447 5339 saneiuntur
2473 5300 2594 5339 esse
2619 5285 2852 5350 duplicia
2880 5327 2894 5350 ,
2927 5294 3293 5354 oportereque
3323 5294 3378 5340 et
3405 5295 3562 5340 exte-

1963 5379 2176 5432 ‘riorem
2206 5393 2396 5431 eorum
2431 5377 2646 5441 faciem,
2680 5385 2735 5430 et
2767 5375 3082 5430 interiorem
3118 5390 3310 5429 eorum
3337 5373 3558 5439 faciem,

1981 5479 2036 5525 et
2063 5470 2378 5525 interiorem
2405 5469 2921 5538 contemplationem
2945 5467 3244 5529 custodire,
3280 5477 3340 5522 ut
3363 5483 3559 5539 magna

1985 5569 2243 5630 rectaque
2296 5561 2383 5614 lex
2420 5559 2746 5613 exteriorem
2787 5556 3217 5624 interioremque
3265 5568 3561 5627 componat
3638 5554 3640 5556 ’

1985 5653 2283 5708 hominem.
2339 5650 2447 5707 Sed
2501 5666 2566 5705 ea
2613 5650 2834 5718 quidem
2883 5664 3005 5718 qua:
3032 5648 3164 5703 foris
3198 5657 3285 5704 est
3314 5649 3452 5721 legis
3475 5650 3559 5705 fa-

2369 5793 2412 5824 ³⁸
2442 5795 2644 5849 Jerem.
2681 5805 2805 5846 xxxi
2829 5833 2841 5857 ,
2885 5789 2973 5858 5l,
3009 5789 3096 5846 52.
3203 5792 3248 5823 ⁸⁸
3277 5790 3433 5847 Joan.
3479 5806 3558 5857 v',
