  <div class='ocr_page' id='page_1' title='image "/cluster/home/n/w/nwhite01/storage/ocr_20150623/93/mdp.39015078384313/513.png"; bbox 0 0 3988 6222; ppageno 0'>
   <div class='ocr_carea' id='block_1_1' title="bbox 398 397 529 467">
    <p class='ocr_par' dir='ltr' id='par_1_1' title="bbox 398 397 529 467">
     <span class='ocr_line' id='line_1_1' title="bbox 398 397 529 467; baseline 0.038 -6"><span class='ocrx_word' id='word_1_1' title='bbox 398 397 529 467; x_wconf 59' lang='grc' dir='ltr'><strong>Ῑι)11</strong></span> 
     </span>
    </p>
   </div>
   <div class='ocr_carea' id='block_1_2' title="bbox 406 600 1979 679">
    <p class='ocr_par' dir='ltr' id='par_1_2' title="bbox 406 600 1979 679">
     <span class='ocr_line' id='line_1_2' title="bbox 406 600 1979 679; baseline -0.015 -10"><span class='ocrx_word' id='word_1_2' title='bbox 406 615 575 674; x_wconf 83' lang='lat' dir='ltr'><strong>bibet,</strong></span> <span class='ocrx_word' id='word_1_3' title='bbox 630 609 755 679; x_wconf 87' lang='lat' dir='ltr'><strong>quia</strong></span> <span class='ocrx_word' id='word_1_4' title='bbox 812 615 867 659; x_wconf 90' lang='lat' dir='ltr'><strong>et</strong></span> <span class='ocrx_word' id='word_1_5' title='bbox 920 606 1022 659; x_wconf 86' lang='lat' dir='ltr'><strong>hoc</strong></span> <span class='ocrx_word' id='word_1_6' title='bbox 1072 602 1293 657; x_wconf 87' lang='lat' dir='ltr'><strong>tenebat</strong></span> <span class='ocrx_word' id='word_1_7' title='bbox 1320 600 1461 669; x_wconf 89' lang='lat' dir='ltr'><strong>apud</strong></span> <span class='ocrx_word' id='word_1_8' title='bbox 1490 608 1697 669; x_wconf 84' lang='lat' dir='ltr'><strong>gentes,</strong></span> <span class='ocrx_word' id='word_1_9' title='bbox 1749 610 1979 665; x_wconf 89' lang='lat' dir='ltr'><strong>quarum</strong></span> 
     </span>
    </p>
   </div>
   <div class='ocr_carea' id='block_1_3' title="bbox 400 690 1982 762">
    <p class='ocr_par' dir='ltr' id='par_1_3' title="bbox 400 690 1982 762">
     <span class='ocr_line' id='line_1_3' title="bbox 400 690 1982 762; baseline -0.015 0"><span class='ocrx_word' id='word_1_10' title='bbox 400 715 596 762; x_wconf 77' lang='lat' dir='ltr'><strong>terram</strong></span> <span class='ocrx_word' id='word_1_11' title='bbox 636 705 687 755; x_wconf 85' lang='lat' dir='ltr'><strong>in</strong></span> <span class='ocrx_word' id='word_1_12' title='bbox 721 699 1095 754; x_wconf 65' lang='lat' dir='ltr'><strong>nereditatem</strong></span> <span class='ocrx_word' id='word_1_13' title='bbox 1121 699 1280 754; x_wconf 84' lang='lat' dir='ltr'><strong>Jesus</strong></span> <span class='ocrx_word' id='word_1_14' title='bbox 1306 692 1535 758; x_wconf 72' lang='lat' dir='ltr'><strong>accepit.</strong></span> <span class='ocrx_word' id='word_1_15' title='bbox 1574 690 1776 744; x_wconf 82' lang='lat' dir='ltr'><strong>Servus</strong></span> <span class='ocrx_word' id='word_1_16' title='bbox 1802 698 1982 742; x_wconf 90' lang='lat' dir='ltr'><strong>autem</strong></span> 
     </span>
    </p>
   </div>
   <div class='ocr_carea' id='block_1_4' title="bbox 400 780 1982 862">
    <p class='ocr_par' dir='ltr' id='par_1_4' title="bbox 400 780 1982 862">
     <span class='ocr_line' id='line_1_4' title="bbox 400 780 1982 862; baseline -0.015 -7"><span class='ocrx_word' id='word_1_17' title='bbox 400 797 700 855; x_wconf 76' lang='lat' dir='ltr'><strong>carnalium</strong></span> <span class='ocrx_word' id='word_1_18' title='bbox 747 794 1091 862; x_wconf 72' lang='lat' dir='ltr'><strong>voluptatum</strong></span> <span class='ocrx_word' id='word_1_19' title='bbox 1138 789 1299 842; x_wconf 87' lang='lat' dir='ltr'><strong>lsrael</strong></span> <span class='ocrx_word' id='word_1_20' title='bbox 1342 794 1481 845; x_wconf 81' lang='lat' dir='ltr'><strong>erat.</strong></span> <span class='ocrx_word' id='word_1_21' title='bbox 1521 784 1596 838; x_wconf 76' lang='lat' dir='ltr'><strong>ita</strong></span> <span class='ocrx_word' id='word_1_22' title='bbox 1630 792 1689 836; x_wconf 93' lang='lat' dir='ltr'><strong>ut</strong></span> <span class='ocrx_word' id='word_1_23' title='bbox 1729 780 1982 835; x_wconf 81' lang='lat' dir='ltr'><strong>Moabiti-</strong></span> 
     </span>
    </p>
   </div>
   <div class='ocr_carea' id='block_1_5' title="bbox 401 874 1981 948">
    <p class='ocr_par' dir='ltr' id='par_1_5' title="bbox 401 874 1981 948">
     <span class='ocr_line' id='line_1_5' title="bbox 401 874 1981 948; baseline -0.013 -4"><span class='ocrx_word' id='word_1_24' title='bbox 401 907 492 945; x_wconf 87' lang='lat' dir='ltr'><strong>eas</strong></span> <span class='ocrx_word' id='word_1_25' title='bbox 524 889 785 943; x_wconf 83' lang='lat' dir='ltr'><strong>mulieres</strong></span> <span class='ocrx_word' id='word_1_26' title='bbox 805 884 1202 945; x_wconf 82' lang='lat' dir='ltr'><strong>desiderantes,</strong></span> <span class='ocrx_word' id='word_1_27' title='bbox 1236 879 1575 948; x_wconf 81' lang='lat' dir='ltr'><strong>Beelpbegor</strong></span> <span class='ocrx_word' id='word_1_28' title='bbox 1613 875 1757 929; x_wconf 90' lang='lat' dir='ltr'><strong>idolo</strong></span> <span class='ocrx_word' id='word_1_29' title='bbox 1786 874 1981 925; x_wconf 86' lang='lat' dir='ltr'><strong>immo-</strong></span> 
     </span>
    </p>
   </div>
   <div class='ocr_carea' id='block_1_6' title="bbox 398 972 1982 1050">
    <p class='ocr_par' dir='ltr' id='par_1_6' title="bbox 398 972 1982 1050">
     <span class='ocr_line' id='line_1_6' title="bbox 398 972 1982 1050; baseline -0.012 -14"><span class='ocrx_word' id='word_1_30' title='bbox 398 984 599 1044; x_wconf 87' lang='lat' dir='ltr'><strong>larent,</strong></span> <span class='ocrx_word' id='word_1_31' title='bbox 632 979 779 1050; x_wconf 90' lang='lat' dir='ltr'><strong>quod</strong></span> <span class='ocrx_word' id='word_1_32' title='bbox 819 978 887 1031; x_wconf 88' lang='lat' dir='ltr'><strong>ab</strong></span> <span class='ocrx_word' id='word_1_33' title='bbox 914 975 1046 1046; x_wconf 83' lang='lat' dir='ltr'><strong>ipsis</strong></span> <span class='ocrx_word' id='word_1_34' title='bbox 1079 974 1362 1028; x_wconf 71' lang='lat' dir='ltr'><strong>colebatur</strong></span> <span class='ocrx_word' id='word_1_35' title='bbox 1389 972 1454 1031; x_wconf 71' lang='grc'><strong>³⁸,</strong></span> <span class='ocrx_word' id='word_1_36' title='bbox 1475 974 1543 1022; x_wconf 87' lang='lat' dir='ltr'><strong>&#39;et</strong></span> <span class='ocrx_word' id='word_1_37' title='bbox 1578 974 1861 1021; x_wconf 76' lang='lat' dir='ltr'><strong>accusaret</strong></span> <span class='ocrx_word' id='word_1_38' title='bbox 1887 978 1982 1018; x_wconf 88' lang='lat' dir='ltr'><strong>eos</strong></span> 
     </span>
    </p>
   </div>
   <div class='ocr_carea' id='block_1_7' title="bbox 398 1056 1980 1138">
    <p class='ocr_par' dir='ltr' id='par_1_7' title="bbox 398 1056 1980 1138">
     <span class='ocr_line' id='line_1_7' title="bbox 398 1056 1980 1138; baseline -0.013 -11"><span class='ocrx_word' id='word_1_39' title='bbox 398 1075 559 1138; x_wconf 80' lang='lat' dir='ltr'><strong>Osee,</strong></span> <span class='ocrx_word' id='word_1_40' title='bbox 590 1088 651 1126; x_wconf 89' lang='lat' dir='ltr'><strong>ac</strong></span> <span class='ocrx_word' id='word_1_41' title='bbox 680 1071 888 1126; x_wconf 80' lang='lat' dir='ltr'><strong>diceret</strong></span> <span class='ocrx_word' id='word_1_42' title='bbox 924 1069 991 1122; x_wconf 89' lang='lat' dir='ltr'><strong>de</strong></span> <span class='ocrx_word' id='word_1_43' title='bbox 1016 1067 1095 1121; x_wconf 89' lang='lat' dir='ltr'><strong>eis</strong></span> <span class='ocrx_word' id='word_1_44' title='bbox 1123 1085 1135 1119; x_wconf 93' lang='lat'>:</span> <span class='ocrx_word' id='word_1_45' title='bbox 1196 1064 1389 1119; x_wconf 76' lang='lat' dir='ltr'><strong>Omnes</strong></span> <span class='ocrx_word' id='word_1_46' title='bbox 1430 1060 1811 1123; x_wconf 75' lang='lat' dir='ltr'><strong>adulterantes,</strong></span> <span class='ocrx_word' id='word_1_47' title='bbox 1842 1056 1980 1109; x_wconf 89' lang='lat' dir='ltr'><strong>sicut</strong></span> 
     </span>
    </p>
   </div>
   <div class='ocr_carea' id='block_1_8' title="bbox 400 1147 1981 1226">
    <p class='ocr_par' dir='ltr' id='par_1_8' title="bbox 400 1147 1981 1226">
     <span class='ocr_line' id='line_1_8' title="bbox 400 1147 1981 1226; baseline -0.012 -7"><span class='ocrx_word' id='word_1_48' title='bbox 400 1167 635 1226; x_wconf 73' lang='lat' dir='ltr'><strong>clibanus</strong></span> <span class='ocrx_word' id='word_1_49' title='bbox 658 1163 848 1217; x_wconf 87' lang='lat' dir='ltr'><strong>ardens</strong></span> <span class='ocrx_word' id='word_1_50' title='bbox 866 1162 931 1214; x_wconf 82' lang='grc'><strong>³⁷.</strong></span> <span class='ocrx_word' id='word_1_51' title='bbox 978 1159 1046 1213; x_wconf 81' lang='lat' dir='ltr'><strong>Et</strong></span> <span class='ocrx_word' id='word_1_52' title='bbox 1093 1159 1293 1211; x_wconf 84' lang='lat' dir='ltr'><strong>iterum</strong></span> <span class='ocrx_word' id='word_1_53' title='bbox 1328 1154 1472 1208; x_wconf 91' lang='lat' dir='ltr'><strong>Deus</strong></span> <span class='ocrx_word' id='word_1_54' title='bbox 1507 1151 1587 1207; x_wconf 83' lang='lat' dir='ltr'><strong>sic</strong></span> <span class='ocrx_word' id='word_1_55' title='bbox 1614 1150 1682 1205; x_wconf 90' lang='lat' dir='ltr'><strong>ad</strong></span> <span class='ocrx_word' id='word_1_56' title='bbox 1707 1164 1802 1203; x_wconf 87' lang='lat' dir='ltr'><strong>eos</strong></span> <span class='ocrx_word' id='word_1_57' title='bbox 1829 1147 1981 1201; x_wconf 90' lang='lat' dir='ltr'><strong>diee-</strong></span> 
     </span>
    </p>
   </div>
   <div class='ocr_carea' id='block_1_9' title="bbox 401 1242 1984 1323">
    <p class='ocr_par' dir='ltr' id='par_1_9' title="bbox 401 1242 1984 1323">
     <span class='ocr_line' id='line_1_9' title="bbox 401 1242 1984 1323; baseline -0.013 -10"><span class='ocrx_word' id='word_1_58' title='bbox 401 1269 517 1313; x_wconf 88' lang='lat' dir='ltr'><strong>ret:</strong></span> <span class='ocrx_word' id='word_1_59' title='bbox 551 1257 673 1311; x_wconf 85' lang='lat' dir='ltr'><strong>Non</strong></span> <span class='ocrx_word' id='word_1_60' title='bbox 696 1256 916 1318; x_wconf 84' lang='lat' dir='ltr'><strong>visitabo</strong></span> <span class='ocrx_word' id='word_1_61' title='bbox 943 1269 1101 1323; x_wconf 83' lang='lat' dir='ltr'><strong>super</strong></span> <span class='ocrx_word' id='word_1_62' title='bbox 1125 1250 1267 1319; x_wconf 81' lang='lat' dir='ltr'><strong>ﬁlias</strong></span> <span class='ocrx_word' id='word_1_63' title='bbox 1299 1259 1517 1311; x_wconf 84' lang='lat' dir='ltr'><strong>vestras,</strong></span> <span class='ocrx_word' id='word_1_64' title='bbox 1547 1245 1672 1298; x_wconf 91' lang='lat' dir='ltr'><strong>dum</strong></span> <span class='ocrx_word' id='word_1_65' title='bbox 1707 1242 1984 1314; x_wconf 77' lang='lat' dir='ltr'><strong>fornicatrc</strong></span> 
     </span>
    </p>
   </div>
   <div class='ocr_carea' id='block_1_10' title="bbox 401 1337 1983 1426">
    <p class='ocr_par' dir='ltr' id='par_1_10' title="bbox 401 1337 1983 1426">
     <span class='ocr_line' id='line_1_10' title="bbox 401 1337 1983 1426; baseline -0.014 -18"><span class='ocrx_word' id='word_1_66' title='bbox 401 1354 616 1426; x_wconf 76' lang='lat' dir='ltr'><strong>fuerint,</strong></span> <span class='ocrx_word' id='word_1_67' title='bbox 672 1362 720 1406; x_wconf 89' lang='lat' dir='ltr'><strong>et</strong></span> <span class='ocrx_word' id='word_1_68' title='bbox 780 1366 936 1418; x_wconf 82' lang='lat' dir='ltr'><strong>super</strong></span> <span class='ocrx_word' id='word_1_69' title='bbox 973 1363 1190 1417; x_wconf 86' lang='lat' dir='ltr'><strong>sponsas</strong></span> <span class='ocrx_word' id='word_1_70' title='bbox 1247 1354 1463 1405; x_wconf 81' lang='lat' dir='ltr'><strong>vestras,</strong></span> <span class='ocrx_word' id='word_1_71' title='bbox 1525 1356 1642 1393; x_wconf 89' lang='lat' dir='ltr'><strong>cum</strong></span> <span class='ocrx_word' id='word_1_72' title='bbox 1670 1337 1983 1391; x_wconf 83' lang='lat' dir='ltr'><strong>adulterata:</strong></span> 
     </span>
    </p>
   </div>
   <div class='ocr_carea' id='block_1_11' title="bbox 402 1433 1981 1525">
    <p class='ocr_par' dir='ltr' id='par_1_11' title="bbox 402 1433 1981 1525">
     <span class='ocr_line' id='line_1_11' title="bbox 402 1433 1981 1525; baseline -0.015 -22"><span class='ocrx_word' id='word_1_73' title='bbox 402 1449 597 1525; x_wconf 75' lang='lat' dir='ltr'><strong>fuerint</strong></span> <span class='ocrx_word' id='word_1_74' title='bbox 616 1446 681 1511; x_wconf 77' lang='grc'><strong>³³,</strong></span> <span class='ocrx_word' id='word_1_75' title='bbox 729 1445 991 1516; x_wconf 90' lang='lat' dir='ltr'><strong>quoniam</strong></span> <span class='ocrx_word' id='word_1_76' title='bbox 1040 1440 1147 1511; x_wconf 88' lang='lat' dir='ltr'><strong>ipsi</strong></span> <span class='ocrx_word' id='word_1_77' title='bbox 1188 1453 1312 1493; x_wconf 91' lang='lat' dir='ltr'><strong>cum</strong></span> <span class='ocrx_word' id='word_1_78' title='bbox 1362 1433 1744 1490; x_wconf 86' lang='lat' dir='ltr'><strong>meretricibus</strong></span> <span class='ocrx_word' id='word_1_79' title='bbox 1793 1443 1981 1483; x_wconf 82' lang='lat' dir='ltr'><strong>versa-</strong></span> 
     </span>
    </p>
   </div>
   <div class='ocr_carea' id='block_1_12' title="bbox 401 1520 1986 1606">
    <p class='ocr_par' dir='ltr' id='par_1_12' title="bbox 401 1520 1986 1606">
     <span class='ocr_line' id='line_1_12' title="bbox 401 1520 1986 1606; baseline -0.016 -8"><span class='ocrx_word' id='word_1_80' title='bbox 401 1544 623 1606; x_wconf 86' lang='lat' dir='ltr'><strong>bantur,</strong></span> <span class='ocrx_word' id='word_1_81' title='bbox 680 1549 735 1594; x_wconf 90' lang='lat' dir='ltr'><strong>et</strong></span> <span class='ocrx_word' id='word_1_82' title='bbox 789 1553 917 1593; x_wconf 92' lang='lat' dir='ltr'><strong>cum</strong></span> <span class='ocrx_word' id='word_1_83' title='bbox 969 1532 1296 1590; x_wconf 72' lang='lat' dir='ltr'><strong>effeminatis</strong></span> <span class='ocrx_word' id='word_1_84' title='bbox 1359 1526 1757 1584; x_wconf 78' lang='lat' dir='ltr'><strong>sacrificabant.</strong></span> <span class='ocrx_word' id='word_1_85' title='bbox 1795 1520 1900 1576; x_wconf 88' lang='lat' dir='ltr'><strong>Sed</strong></span> <span class='ocrx_word' id='word_1_86' title='bbox 1932 1528 1986 1573; x_wconf 86' lang='lat' dir='ltr'><strong>et.</strong></span> 
     </span>
    </p>
   </div>
   <div class='ocr_carea' id='block_1_13' title="bbox 402 1617 1983 1690">
    <p class='ocr_par' dir='ltr' id='par_1_13' title="bbox 402 1617 1983 1690">
     <span class='ocr_line' id='line_1_13' title="bbox 402 1617 1983 1690; baseline -0.016 0"><span class='ocrx_word' id='word_1_87' title='bbox 402 1633 664 1690; x_wconf 81' lang='lat' dir='ltr'><strong>Jeremias</strong></span> <span class='ocrx_word' id='word_1_88' title='bbox 716 1632 848 1686; x_wconf 88' lang='lat' dir='ltr'><strong>dicit</strong></span> <span class='ocrx_word' id='word_1_89' title='bbox 887 1630 954 1684; x_wconf 91' lang='lat' dir='ltr'><strong>ad</strong></span> <span class='ocrx_word' id='word_1_90' title='bbox 999 1638 1167 1683; x_wconf 91' lang='lat' dir='ltr'><strong>totam</strong></span> <span class='ocrx_word' id='word_1_91' title='bbox 1213 1622 1551 1680; x_wconf 84' lang='lat' dir='ltr'><strong>Jerusalem:</strong></span> <span class='ocrx_word' id='word_1_92' title='bbox 1603 1617 1786 1672; x_wconf 80' lang='lat' dir='ltr'><strong>Facies</strong></span> <span class='ocrx_word' id='word_1_93' title='bbox 1816 1629 1983 1668; x_wconf 90' lang='lat' dir='ltr'><strong>mere-</strong></span> 
     </span>
    </p>
   </div>
   <div class='ocr_carea' id='block_1_14' title="bbox 405 1707 1985 1801">
    <p class='ocr_par' dir='ltr' id='par_1_14' title="bbox 405 1707 1985 1801">
     <span class='ocr_line' id='line_1_14' title="bbox 405 1707 1985 1801; baseline -0.015 -18"><span class='ocrx_word' id='word_1_94' title='bbox 405 1730 549 1786; x_wconf 83' lang='lat' dir='ltr'><strong>tricis</strong></span> <span class='ocrx_word' id='word_1_95' title='bbox 577 1730 720 1801; x_wconf 74' lang='lat' dir='ltr'><strong>facta</strong></span> <span class='ocrx_word' id='word_1_96' title='bbox 759 1734 831 1780; x_wconf 86' lang='lat' dir='ltr'><strong>est</strong></span> <span class='ocrx_word' id='word_1_97' title='bbox 868 1725 960 1778; x_wconf 86' lang='lat' dir='ltr'><strong>tibi</strong></span> <span class='ocrx_word' id='word_1_98' title='bbox 977 1725 1042 1778; x_wconf 68' lang='lat'><strong>39.</strong></span> <span class='ocrx_word' id='word_1_99' title='bbox 1073 1721 1225 1776; x_wconf 89' lang='lat' dir='ltr'><strong>Unde</strong></span> <span class='ocrx_word' id='word_1_100' title='bbox 1266 1729 1321 1774; x_wconf 90' lang='lat' dir='ltr'><strong>et</strong></span> <span class='ocrx_word' id='word_1_101' title='bbox 1363 1717 1443 1771; x_wconf 90' lang='lat' dir='ltr'><strong>eis</strong></span> <span class='ocrx_word' id='word_1_102' title='bbox 1485 1714 1741 1769; x_wconf 88' lang='lat' dir='ltr'><strong>mulieres</strong></span> <span class='ocrx_word' id='word_1_103' title='bbox 1786 1707 1985 1764; x_wconf 89' lang='lat' dir='ltr'><strong>multas</strong></span> 
     </span>
    </p>
   </div>
   <div class='ocr_carea' id='block_1_15' title="bbox 404 1800 1987 1891">
    <p class='ocr_par' dir='ltr' id='par_1_15' title="bbox 404 1800 1987 1891">
     <span class='ocr_line' id='line_1_15' title="bbox 404 1800 1987 1891; baseline -0.018 -9"><span class='ocrx_word' id='word_1_104' title='bbox 404 1800 651 1891; x_wconf 72' lang='lat' dir='ltr'><strong>occipere</strong></span> <span class='ocrx_word' id='word_1_105' title='bbox 693 1827 1027 1889; x_wconf 60' lang='lat' dir='ltr'><strong>praeceptum</strong></span> <span class='ocrx_word' id='word_1_106' title='bbox 1070 1823 1209 1878; x_wconf 88' lang='lat' dir='ltr'><strong>erat,</strong></span> <span class='ocrx_word' id='word_1_107' title='bbox 1259 1821 1319 1865; x_wconf 92' lang='lat' dir='ltr'><strong>ut</strong></span> <span class='ocrx_word' id='word_1_108' title='bbox 1363 1825 1462 1880; x_wconf 88' lang='lat' dir='ltr'><strong>per</strong></span> <span class='ocrx_word' id='word_1_109' title='bbox 1514 1808 1618 1861; x_wconf 88' lang='lat' dir='ltr'><strong>hoc</strong></span> <span class='ocrx_word' id='word_1_110' title='bbox 1682 1804 1875 1860; x_wconf 82' lang='lat' dir='ltr'><strong>saltem</strong></span> <span class='ocrx_word' id='word_1_111' title='bbox 1918 1800 1987 1854; x_wconf 90' lang='lat' dir='ltr'><strong>ab</strong></span> 
     </span>
    </p>
   </div>
   <div class='ocr_carea' id='block_1_16' title="bbox 406 1893 1990 1972">
    <p class='ocr_par' dir='ltr' id='par_1_16' title="bbox 406 1893 1990 1972">
     <span class='ocr_line' id='line_1_16' title="bbox 406 1893 1990 1972; baseline -0.014 -3"><span class='ocrx_word' id='word_1_112' title='bbox 406 1915 708 1972; x_wconf 89' lang='lat' dir='ltr'><strong>alienarum</strong></span> <span class='ocrx_word' id='word_1_113' title='bbox 758 1910 1053 1965; x_wconf 86' lang='lat' dir='ltr'><strong>mulierum</strong></span> <span class='ocrx_word' id='word_1_114' title='bbox 1104 1902 1587 1965; x_wconf 78' lang='lat' dir='ltr'><strong>fornicationibus,</strong></span> <span class='ocrx_word' id='word_1_115' title='bbox 1619 1908 1675 1953; x_wconf 91' lang='lat' dir='ltr'><strong>et</strong></span> <span class='ocrx_word' id='word_1_116' title='bbox 1704 1893 1990 1951; x_wconf 81' lang='lat' dir='ltr'><strong>adulteriis</strong></span> 
     </span>
    </p>
   </div>
   <div class='ocr_carea' id='block_1_17' title="bbox 407 1989 1991 2073">
    <p class='ocr_par' dir='ltr' id='par_1_17' title="bbox 407 1989 1991 2073">
     <span class='ocr_line' id='line_1_17' title="bbox 407 1989 1991 2073; baseline -0.015 -11"><span class='ocrx_word' id='word_1_117' title='bbox 407 2008 764 2062; x_wconf 89' lang='lat' dir='ltr'><strong>abstinerent.</strong></span> <span class='ocrx_word' id='word_1_118' title='bbox 796 2005 923 2059; x_wconf 88' lang='lat' dir='ltr'><strong>Ideo</strong></span> <span class='ocrx_word' id='word_1_119' title='bbox 967 2018 1094 2073; x_wconf 85' lang='lat' dir='ltr'><strong>ergo</strong></span> <span class='ocrx_word' id='word_1_120' title='bbox 1145 2014 1292 2053; x_wconf 91' lang='lat' dir='ltr'><strong>nunc</strong></span> <span class='ocrx_word' id='word_1_121' title='bbox 1322 1998 1544 2067; x_wconf 81' lang='lat' dir='ltr'><strong>longum</strong></span> <span class='ocrx_word' id='word_1_122' title='bbox 1594 1989 1839 2046; x_wconf 77' lang='lat' dir='ltr'><strong>extendit</strong></span> <span class='ocrx_word' id='word_1_123' title='bbox 1870 2001 1991 2039; x_wconf 89' lang='lat' dir='ltr'><strong>ser-</strong></span> 
     </span>
    </p>
   </div>
   <div class='ocr_carea' id='block_1_18' title="bbox 408 2081 1990 2170">
    <p class='ocr_par' dir='ltr' id='par_1_18' title="bbox 408 2081 1990 2170">
     <span class='ocr_line' id='line_1_18' title="bbox 408 2081 1990 2170; baseline -0.016 -12"><span class='ocrx_word' id='word_1_124' title='bbox 408 2118 648 2164; x_wconf 89' lang='lat' dir='ltr'><strong>monem,</strong></span> <span class='ocrx_word' id='word_1_125' title='bbox 704 2108 759 2154; x_wconf 89' lang='lat' dir='ltr'><strong>et</strong></span> <span class='ocrx_word' id='word_1_126' title='bbox 809 2106 1189 2170; x_wconf 80' lang='lat' dir='ltr'><strong>generationes</strong></span> <span class='ocrx_word' id='word_1_127' title='bbox 1246 2109 1342 2163; x_wconf 87' lang='lat' dir='ltr'><strong>per</strong></span> <span class='ocrx_word' id='word_1_128' title='bbox 1374 2090 1621 2144; x_wconf 90' lang='lat' dir='ltr'><strong>ordinem</strong></span> <span class='ocrx_word' id='word_1_129' title='bbox 1652 2081 1990 2152; x_wconf 76' lang='lat' dir='ltr'><strong>exsequitur,</strong></span> 
     </span>
    </p>
   </div>
   <div class='ocr_carea' id='block_1_19' title="bbox 409 2178 1991 2267">
    <p class='ocr_par' dir='ltr' id='par_1_19' title="bbox 409 2178 1991 2267">
     <span class='ocr_line' id='line_1_19' title="bbox 409 2178 1991 2267; baseline -0.016 -17"><span class='ocrx_word' id='word_1_130' title='bbox 409 2196 610 2267; x_wconf 79' lang='lat' dir='ltr'><strong>quibus</strong></span> <span class='ocrx_word' id='word_1_131' title='bbox 655 2192 938 2253; x_wconf 86' lang='lat' dir='ltr'><strong>continere</strong></span> <span class='ocrx_word' id='word_1_132' title='bbox 983 2205 1041 2243; x_wconf 86' lang='lat' dir='ltr'><strong>se</strong></span> <span class='ocrx_word' id='word_1_133' title='bbox 1081 2188 1315 2241; x_wconf 87' lang='lat' dir='ltr'><strong>debeant</strong></span> <span class='ocrx_word' id='word_1_134' title='bbox 1363 2201 1394 2236; x_wconf 91' lang='lat' dir='ltr'><strong>a</strong></span> <span class='ocrx_word' id='word_1_135' title='bbox 1442 2178 1825 2236; x_wconf 82' lang='lat' dir='ltr'><strong>commistione</strong></span> <span class='ocrx_word' id='word_1_136' title='bbox 1857 2188 1991 2227; x_wconf 87' lang='lat' dir='ltr'><strong>con-</strong></span> 
     </span>
    </p>
   </div>
   <div class='ocr_carea' id='block_1_20' title="bbox 412 2271 1994 2356">
    <p class='ocr_par' dir='ltr' id='par_1_20' title="bbox 412 2271 1994 2356">
     <span class='ocr_line' id='line_1_20' title="bbox 412 2271 1994 2356; baseline -0.016 -13"><span class='ocrx_word' id='word_1_137' title='bbox 412 2288 650 2350; x_wconf 83' lang='lat' dir='ltr'><strong>cubitus,</strong></span> <span class='ocrx_word' id='word_1_138' title='bbox 687 2283 1029 2356; x_wconf 76' lang='lat' dir='ltr'><strong>przecipiens.</strong></span> <span class='ocrx_word' id='word_1_139' title='bbox 1067 2280 1139 2334; x_wconf 93' lang='lat' dir='ltr'><strong>Ut</strong></span> <span class='ocrx_word' id='word_1_140' title='bbox 1174 2277 1489 2332; x_wconf 82' lang='lat' dir='ltr'><strong>ostenderet</strong></span> <span class='ocrx_word' id='word_1_141' title='bbox 1521 2271 1836 2326; x_wconf 79' lang='lat' dir='ltr'><strong>mandatum</strong></span> <span class='ocrx_word' id='word_1_142' title='bbox 1873 2280 1994 2320; x_wconf 89' lang='lat' dir='ltr'><strong>esse</strong></span> 
     </span>
    </p>
   </div>
   <div class='ocr_carea' id='block_1_21' title="bbox 412 2357 1994 2442">
    <p class='ocr_par' dir='ltr' id='par_1_21' title="bbox 412 2357 1994 2442">
     <span class='ocr_line' id='line_1_21' title="bbox 412 2357 1994 2442; baseline -0.018 -7"><span class='ocrx_word' id='word_1_143' title='bbox 412 2378 808 2441; x_wconf 87' lang='lat' dir='ltr'><strong>necessarium,</strong></span> <span class='ocrx_word' id='word_1_144' title='bbox 844 2375 986 2442; x_wconf 86' lang='lat' dir='ltr'><strong>ipsas</strong></span> <span class='ocrx_word' id='word_1_145' title='bbox 1020 2369 1374 2440; x_wconf 73' lang='lat' dir='ltr'><strong>cognationes</strong></span> <span class='ocrx_word' id='word_1_146' title='bbox 1406 2365 1739 2423; x_wconf 84' lang='lat' dir='ltr'><strong>dinumerat,</strong></span> <span class='ocrx_word' id='word_1_147' title='bbox 1768 2357 1823 2411; x_wconf 92' lang='lat' dir='ltr'><strong>in</strong></span> <span class='ocrx_word' id='word_1_148' title='bbox 1855 2370 1994 2410; x_wconf 90' lang='lat' dir='ltr'><strong>enu-</strong></span> 
     </span>
    </p>
   </div>
   <div class='ocr_carea' id='block_1_22' title="bbox 412 2446 1994 2530">
    <p class='ocr_par' dir='ltr' id='par_1_22' title="bbox 412 2446 1994 2530">
     <span class='ocr_line' id='line_1_22' title="bbox 412 2446 1994 2530; baseline -0.016 -3"><span class='ocrx_word' id='word_1_149' title='bbox 412 2471 776 2530; x_wconf 86' lang='lat' dir='ltr'><strong>merationem</strong></span> <span class='ocrx_word' id='word_1_150' title='bbox 812 2480 1029 2522; x_wconf 82' lang='lat' dir='ltr'><strong>causam</strong></span> <span class='ocrx_word' id='word_1_151' title='bbox 1090 2459 1389 2517; x_wconf 88' lang='lat' dir='ltr'><strong>sanctionis</strong></span> <span class='ocrx_word' id='word_1_152' title='bbox 1426 2454 1802 2516; x_wconf 81' lang='lat' dir='ltr'><strong>manifestans,</strong></span> <span class='ocrx_word' id='word_1_153' title='bbox 1848 2446 1994 2519; x_wconf 90' lang='lat' dir='ltr'><strong>quod</strong></span> 
     </span>
    </p>
   </div>
   <div class='ocr_carea' id='block_1_23' title="bbox 416 2545 2000 2625">
    <p class='ocr_par' dir='ltr' id='par_1_23' title="bbox 416 2545 2000 2625">
     <span class='ocr_line' id='line_1_23' title="bbox 416 2545 2000 2625; baseline -0.016 -6"><span class='ocrx_word' id='word_1_154' title='bbox 416 2565 620 2625; x_wconf 76' lang='lat' dir='ltr'><strong>studet,</strong></span> <span class='ocrx_word' id='word_1_155' title='bbox 684 2571 892 2615; x_wconf 88' lang='lat' dir='ltr'><strong>utnon</strong></span> <span class='ocrx_word' id='word_1_156' title='bbox 960 2554 1367 2611; x_wconf 85' lang='lat' dir='ltr'><strong>confundantur</strong></span> <span class='ocrx_word' id='word_1_157' title='bbox 1436 2545 1845 2619; x_wconf 83' lang='lat' dir='ltr'><strong>generationes,</strong></span> <span class='ocrx_word' id='word_1_158' title='bbox 1898 2554 2000 2594; x_wconf 88' lang='lat' dir='ltr'><strong>nec</strong></span> 
     </span>
    </p>
   </div>
   <div class='ocr_carea' id='block_1_24' title="bbox 416 2633 1996 2728">
    <p class='ocr_par' dir='ltr' id='par_1_24' title="bbox 416 2633 1996 2728">
     <span class='ocr_line' id='line_1_24' title="bbox 416 2633 1996 2728; baseline -0.02 -14"><span class='ocrx_word' id='word_1_159' title='bbox 416 2661 733 2728; x_wconf 74' lang='lat' dir='ltr'><strong>dispereunt</strong></span> <span class='ocrx_word' id='word_1_160' title='bbox 765 2650 1130 2711; x_wconf 77' lang='lat' dir='ltr'><strong>haereditates,</strong></span> <span class='ocrx_word' id='word_1_161' title='bbox 1175 2660 1351 2714; x_wconf 76' lang='lat' dir='ltr'><strong>neque</strong></span> <span class='ocrx_word' id='word_1_162' title='bbox 1392 2641 1556 2695; x_wconf 78' lang='lat' dir='ltr'><strong>frater</strong></span> <span class='ocrx_word' id='word_1_163' title='bbox 1592 2646 1645 2692; x_wconf 91' lang='lat' dir='ltr'><strong>et</strong></span> <span class='ocrx_word' id='word_1_164' title='bbox 1674 2644 1829 2706; x_wconf 89' lang='lat' dir='ltr'><strong>pater</strong></span> <span class='ocrx_word' id='word_1_165' title='bbox 1855 2633 1996 2687; x_wconf 88' lang='lat' dir='ltr'><strong>idem</strong></span> 
     </span>
    </p>
   </div>
   <div class='ocr_carea' id='block_1_25' title="bbox 419 2727 2000 2817">
    <p class='ocr_par' dir='ltr' id='par_1_25' title="bbox 419 2727 2000 2817">
     <span class='ocr_line' id='line_1_25' title="bbox 419 2727 2000 2817; baseline -0.019 -11"><span class='ocrx_word' id='word_1_166' title='bbox 419 2751 597 2815; x_wconf 82' lang='lat' dir='ltr'><strong>fieret,</strong></span> <span class='ocrx_word' id='word_1_167' title='bbox 652 2745 1013 2817; x_wconf 81' lang='lat' dir='ltr'><strong>ejusdemque</strong></span> <span class='ocrx_word' id='word_1_168' title='bbox 1073 2747 1222 2794; x_wconf 78' lang='lat' dir='ltr'><strong>esset</strong></span> <span class='ocrx_word' id='word_1_169' title='bbox 1273 2750 1406 2789; x_wconf 76' lang='lat' dir='ltr'><strong>uxor</strong></span> <span class='ocrx_word' id='word_1_170' title='bbox 1434 2741 1489 2786; x_wconf 90' lang='lat' dir='ltr'><strong>et</strong></span> <span class='ocrx_word' id='word_1_171' title='bbox 1528 2739 1722 2784; x_wconf 88' lang='lat' dir='ltr'><strong>mater.</strong></span> <span class='ocrx_word' id='word_1_172' title='bbox 1762 2727 2000 2793; x_wconf 88' lang='lat' dir='ltr'><strong>Utraque</strong></span> 
     </span>
    </p>
   </div>
   <div class='ocr_carea' id='block_1_26' title="bbox 421 2825 2004 2905">
    <p class='ocr_par' dir='ltr' id='par_1_26' title="bbox 421 2825 2004 2905">
     <span class='ocr_line' id='line_1_26' title="bbox 421 2825 2004 2905; baseline -0.02 -6"><span class='ocrx_word' id='word_1_173' title='bbox 421 2845 567 2905; x_wconf 80' lang='lat' dir='ltr'><strong>enim</strong></span> <span class='ocrx_word' id='word_1_174' title='bbox 624 2842 751 2895; x_wconf 70' lang='lat' dir='ltr'><strong>hmo.</strong></span> <span class='ocrx_word' id='word_1_175' title='bbox 779 2834 1127 2895; x_wconf 86' lang='lat' dir='ltr'><strong>eveniebant,</strong></span> <span class='ocrx_word' id='word_1_176' title='bbox 1154 2831 1198 2884; x_wconf 90' lang='lat' dir='ltr'><strong>si</strong></span> <span class='ocrx_word' id='word_1_177' title='bbox 1230 2826 1476 2882; x_wconf 82' lang='lat' dir='ltr'><strong>eamdem</strong></span> <span class='ocrx_word' id='word_1_178' title='bbox 1507 2836 1732 2877; x_wconf 80' lang='lat' dir='ltr'><strong>uxorem</strong></span> <span class='ocrx_word' id='word_1_179' title='bbox 1768 2827 1920 2888; x_wconf 89' lang='lat' dir='ltr'><strong>pater</strong></span> <span class='ocrx_word' id='word_1_180' title='bbox 1949 2825 2004 2870; x_wconf 90' lang='lat' dir='ltr'><strong>et</strong></span> 
     </span>
    </p>
   </div>
   <div class='ocr_carea' id='block_1_27' title="bbox 422 2905 2004 2991">
    <p class='ocr_par' dir='ltr' id='par_1_27' title="bbox 422 2905 2004 2991">
     <span class='ocr_line' id='line_1_27' title="bbox 422 2905 2004 2991; baseline -0.021 0"><span class='ocrx_word' id='word_1_181' title='bbox 422 2937 567 2991; x_wconf 87' lang='lat' dir='ltr'><strong>ﬁlius</strong></span> <span class='ocrx_word' id='word_1_182' title='bbox 598 2931 940 2991; x_wconf 87' lang='lat' dir='ltr'><strong>habuissent,</strong></span> <span class='ocrx_word' id='word_1_183' title='bbox 987 2940 1053 2980; x_wconf 79' lang='lat' dir='ltr'><strong>ex</strong></span> <span class='ocrx_word' id='word_1_184' title='bbox 1082 2936 1256 2991; x_wconf 88' lang='lat' dir='ltr'><strong>eaque</strong></span> <span class='ocrx_word' id='word_1_185' title='bbox 1308 2917 1448 2973; x_wconf 88' lang='lat' dir='ltr'><strong>ﬁlios</strong></span> <span class='ocrx_word' id='word_1_186' title='bbox 1492 2918 1895 2986; x_wconf 89' lang='lat' dir='ltr'><strong>procreasscnt.</strong></span> <span class='ocrx_word' id='word_1_187' title='bbox 1925 2905 2004 2959; x_wconf 85' lang='lat' dir='ltr'><strong>Ex</strong></span> 
     </span>
    </p>
   </div>
   <div class='ocr_carea' id='block_1_28' title="bbox 422 3007 2004 3092">
    <p class='ocr_par' dir='ltr' id='par_1_28' title="bbox 422 3007 2004 3092">
     <span class='ocr_line' id='line_1_28' title="bbox 422 3007 2004 3092; baseline -0.021 -7"><span class='ocrx_word' id='word_1_188' title='bbox 422 3031 536 3084; x_wconf 78' lang='lat' dir='ltr'><strong>tilio</strong></span> <span class='ocrx_word' id='word_1_189' title='bbox 591 3026 734 3081; x_wconf 87' lang='lat' dir='ltr'><strong>enim</strong></span> <span class='ocrx_word' id='word_1_190' title='bbox 796 3020 1030 3092; x_wconf 86' lang='lat' dir='ltr'><strong>genitus,</strong></span> <span class='ocrx_word' id='word_1_191' title='bbox 1085 3025 1192 3070; x_wconf 89' lang='lat' dir='ltr'><strong>tam</strong></span> <span class='ocrx_word' id='word_1_192' title='bbox 1232 3021 1438 3083; x_wconf 82' lang='lat' dir='ltr'><strong>patrem</strong></span> <span class='ocrx_word' id='word_1_193' title='bbox 1488 3007 1789 3080; x_wconf 83' lang='lat' dir='ltr'><strong>genitorem</strong></span> <span class='ocrx_word' id='word_1_194' title='bbox 1822 3016 2004 3064; x_wconf 90' lang='lat' dir='ltr'><strong>suum,</strong></span> 
     </span>
    </p>
   </div>
   <div class='ocr_carea' id='block_1_29' title="bbox 424 3101 2003 3192">
    <p class='ocr_par' dir='ltr' id='par_1_29' title="bbox 424 3101 2003 3192">
     <span class='ocr_line' id='line_1_29' title="bbox 424 3101 2003 3192; baseline -0.02 -17"><span class='ocrx_word' id='word_1_195' title='bbox 424 3134 587 3192; x_wconf 83' lang='lat' dir='ltr'><strong>quam</strong></span> <span class='ocrx_word' id='word_1_196' title='bbox 633 3119 854 3172; x_wconf 75' lang='lat' dir='ltr'><strong>fratrem</strong></span> <span class='ocrx_word' id='word_1_197' title='bbox 907 3113 1092 3166; x_wconf 84' lang='lat' dir='ltr'><strong>habet.</strong></span> <span class='ocrx_word' id='word_1_198' title='bbox 1143 3106 1345 3177; x_wconf 78' lang='lat' dir='ltr'><strong>quippe</strong></span> <span class='ocrx_word' id='word_1_199' title='bbox 1391 3103 1480 3172; x_wconf 86' lang='lat' dir='ltr'><strong>qui</strong></span> <span class='ocrx_word' id='word_1_200' title='bbox 1515 3116 1580 3155; x_wconf 75' lang='lat' dir='ltr'><strong>ex</strong></span> <span class='ocrx_word' id='word_1_201' title='bbox 1606 3115 1669 3153; x_wconf 87' lang='lat' dir='ltr'><strong>ea</strong></span> <span class='ocrx_word' id='word_1_202' title='bbox 1708 3104 1870 3149; x_wconf 88' lang='lat' dir='ltr'><strong>natus</strong></span> <span class='ocrx_word' id='word_1_203' title='bbox 1901 3101 2003 3156; x_wconf 89' lang='lat' dir='ltr'><strong>est,</strong></span> 
     </span>
    </p>
   </div>
   <div class='ocr_carea' id='block_1_30' title="bbox 1592 381 2457 448">
    <p class='ocr_par' dir='ltr' id='par_1_30' title="bbox 1592 381 2457 448">
     <span class='ocr_line' id='line_1_30' title="bbox 1592 381 2457 448; baseline -0.008 -1"><span class='ocrx_word' id='word_1_204' title='bbox 1592 387 1951 448; x_wconf 74' lang='lat' dir='ltr'><strong>HESYCHII</strong></span> <span class='ocrx_word' id='word_1_205' title='bbox 1994 381 2457 445; x_wconf 72' lang='lat' dir='ltr'><strong>PRESBYTERI</strong></span> 
     </span>
    </p>
   </div>
   <div class='ocr_carea' id='block_1_31' title="bbox 396 489 3239 585">
    <p class='ocr_par' dir='ltr' id='par_1_31' title="bbox 396 489 3239 585">
     <span class='ocr_line' id='line_1_31' title="bbox 396 489 3239 585; baseline -0.019 -5"><span class='ocrx_word' id='word_1_206' title='bbox 396 528 529 580; x_wconf 85' lang='lat' dir='ltr'><strong>cies.</strong></span> <span class='ocrx_word' id='word_1_207' title='bbox 568 520 845 576; x_wconf 78' lang='lat' dir='ltr'><strong>Proximos</strong></span> <span class='ocrx_word' id='word_1_208' title='bbox 872 514 1136 585; x_wconf 81' lang='lat' dir='ltr'><strong>sanguine</strong></span> <span class='ocrx_word' id='word_1_209' title='bbox 1166 511 1393 582; x_wconf 85' lang='lat' dir='ltr'><strong>nuptiali</strong></span> <span class='ocrx_word' id='word_1_210' title='bbox 1430 508 1574 563; x_wconf 90' lang='lat' dir='ltr'><strong>coitu</strong></span> <span class='ocrx_word' id='word_1_211' title='bbox 1607 507 1822 561; x_wconf 84' lang='lat' dir='ltr'><strong>misceri</strong></span> <span class='ocrx_word' id='word_1_212' title='bbox 1859 520 1979 574; x_wconf 92' lang='lat' dir='ltr'><strong>pro-</strong></span> <span class='ocrx_word' id='word_1_213' title='bbox 2010 513 2051 566; x_wconf 73' lang='grc' dir='ltr'>Α</span> <span class='ocrx_word' id='word_1_214' title='bbox 2085 514 2166 558; x_wconf 80' lang='lat' dir='ltr'><strong>tus</strong></span> <span class='ocrx_word' id='word_1_215' title='bbox 2227 500 2585 563; x_wconf 64' lang='grc' dir='ltr'><strong>υιιυιυεηινίι,</strong></span> <span class='ocrx_word' id='word_1_216' title='bbox 2642 510 2765 551; x_wconf 73' lang='lat' dir='ltr'><strong>cum</strong></span> <span class='ocrx_word' id='word_1_217' title='bbox 2820 489 3127 547; x_wconf 65' lang='lat' dir='ltr'><strong>carnalibus</strong></span> <span class='ocrx_word' id='word_1_218' title='bbox 3184 492 3239 539; x_wconf 68' lang='grc' dir='ltr'>ει</span> 
     </span>
    </p>
   </div>
   <div class='ocr_carea' id='block_1_32' title="bbox 3517 354 3659 420">
    <p class='ocr_par' dir='ltr' id='par_1_32' title="bbox 3517 354 3659 420">
     <span class='ocr_line' id='line_1_32' title="bbox 3517 354 3659 420; baseline -0.035 0"><span class='ocrx_word' id='word_1_219' title='bbox 3517 354 3659 420; x_wconf 77' lang='lat'><strong>1012</strong></span> 
     </span>
    </p>
   </div>
   <div class='ocr_carea' id='block_1_33' title="bbox 3282 481 3667 547">
    <p class='ocr_par' dir='ltr' id='par_1_33' title="bbox 3282 481 3667 547">
     <span class='ocr_line' id='line_1_33' title="bbox 3282 481 3667 547; baseline -0.021 -12"><span class='ocrx_word' id='word_1_220' title='bbox 3282 481 3402 535; x_wconf 90' lang='lat' dir='ltr'><strong>illos</strong></span> <span class='ocrx_word' id='word_1_221' title='bbox 3444 482 3667 547; x_wconf 83' lang='lat' dir='ltr'><strong>oportet</strong></span> 
     </span>
    </p>
   </div>
   <div class='ocr_carea' id='block_1_34' title="bbox 2087 569 3667 667">
    <p class='ocr_par' dir='ltr' id='par_1_34' title="bbox 2087 569 3667 667">
     <span class='ocr_line' id='line_1_34' title="bbox 2087 569 3667 667; baseline -0.024 -14"><span class='ocrx_word' id='word_1_222' title='bbox 2087 599 2279 667; x_wconf 85' lang='lat' dir='ltr'><strong>accipi.</strong></span> <span class='ocrx_word' id='word_1_223' title='bbox 2307 597 2383 649; x_wconf 90' lang='lat' dir='ltr'><strong>De</strong></span> <span class='ocrx_word' id='word_1_224' title='bbox 2410 593 2608 664; x_wconf 83' lang='lat' dir='ltr'><strong>quibus</strong></span> <span class='ocrx_word' id='word_1_225' title='bbox 2629 585 2830 643; x_wconf 80' lang='lat' dir='ltr'><strong>Paulus</strong></span> <span class='ocrx_word' id='word_1_226' title='bbox 2861 582 2993 639; x_wconf 82' lang='lat' dir='ltr'><strong>dicit</strong></span> <span class='ocrx_word' id='word_1_227' title='bbox 3017 599 3031 635; x_wconf 92' lang='lat'><strong>:</strong></span> <span class='ocrx_word' id='word_1_228' title='bbox 3065 577 3366 632; x_wconf 77' lang='lat' dir='ltr'><strong>Sermonem</strong></span> <span class='ocrx_word' id='word_1_229' title='bbox 3398 585 3463 622; x_wconf 82' lang='lat' dir='ltr'><strong>ne</strong></span> <span class='ocrx_word' id='word_1_230' title='bbox 3486 569 3667 619; x_wconf 83' lang='lat' dir='ltr'><strong>incre-</strong></span> 
     </span>
    </p>
   </div>
   <div class='ocr_carea' id='block_1_35' title="bbox 2086 662 3667 761">
    <p class='ocr_par' dir='ltr' id='par_1_35' title="bbox 2086 662 3667 761">
     <span class='ocr_line' id='line_1_35' title="bbox 2086 662 3667 761; baseline -0.027 -12"><span class='ocrx_word' id='word_1_231' title='bbox 2086 693 2312 761; x_wconf 82' lang='lat' dir='ltr'><strong>paveris,</strong></span> <span class='ocrx_word' id='word_1_232' title='bbox 2344 689 2435 744; x_wconf 90' lang='lat' dir='ltr'><strong>sed</strong></span> <span class='ocrx_word' id='word_1_233' title='bbox 2472 687 2679 740; x_wconf 85' lang='lat' dir='ltr'><strong>obsecra</strong></span> <span class='ocrx_word' id='word_1_234' title='bbox 2730 690 2785 734; x_wconf 90' lang='lat' dir='ltr'><strong>ut</strong></span> <span class='ocrx_word' id='word_1_235' title='bbox 2822 686 3049 747; x_wconf 86' lang='lat' dir='ltr'><strong>patrem,</strong></span> <span class='ocrx_word' id='word_1_236' title='bbox 3088 671 3308 739; x_wconf 82' lang='lat' dir='ltr'><strong>juvenes</strong></span> <span class='ocrx_word' id='word_1_237' title='bbox 3356 670 3420 716; x_wconf 68' lang='lat' dir='ltr'><strong>ut</strong></span> <span class='ocrx_word' id='word_1_238' title='bbox 3448 662 3667 730; x_wconf 70' lang='lat' dir='ltr'><strong>fratres,</strong></span> 
     </span>
    </p>
   </div>
   <div class='ocr_carea' id='block_1_36' title="bbox 2088 748 3670 844">
    <p class='ocr_par' dir='ltr' id='par_1_36' title="bbox 2088 748 3670 844">
     <span class='ocr_line' id='line_1_36' title="bbox 2088 748 3670 844; baseline -0.026 -4"><span class='ocrx_word' id='word_1_239' title='bbox 2088 802 2221 838; x_wconf 86' lang='lat' dir='ltr'><strong>anus</strong></span> <span class='ocrx_word' id='word_1_240' title='bbox 2274 792 2331 836; x_wconf 86' lang='lat' dir='ltr'><strong>ut</strong></span> <span class='ocrx_word' id='word_1_241' title='bbox 2383 789 2596 841; x_wconf 83' lang='lat' dir='ltr'><strong>matres,</strong></span> <span class='ocrx_word' id='word_1_242' title='bbox 2650 769 2963 844; x_wconf 85' lang='lat' dir='ltr'><strong>juvenculas</strong></span> <span class='ocrx_word' id='word_1_243' title='bbox 3006 775 3063 818; x_wconf 85' lang='lat' dir='ltr'><strong>ut</strong></span> <span class='ocrx_word' id='word_1_244' title='bbox 3097 773 3299 817; x_wconf 78' lang='lat' dir='ltr'><strong>sorores</strong></span> <span class='ocrx_word' id='word_1_245' title='bbox 3334 755 3402 807; x_wconf 62' lang='grc' dir='ltr'><strong>υ.</strong></span> <span class='ocrx_word' id='word_1_246' title='bbox 3454 748 3670 804; x_wconf 82' lang='lat' dir='ltr'><strong>Deinde</strong></span> 
     </span>
    </p>
   </div>
   <div class='ocr_carea' id='block_1_37' title="bbox 2087 842 3671 938">
    <p class='ocr_par' dir='ltr' id='par_1_37' title="bbox 2087 842 3671 938">
     <span class='ocr_line' id='line_1_37' title="bbox 2087 842 3671 938; baseline -0.026 -5"><span class='ocrx_word' id='word_1_247' title='bbox 2087 885 2338 933; x_wconf 79' lang='lat' dir='ltr'><strong>cunctam</strong></span> <span class='ocrx_word' id='word_1_248' title='bbox 2397 873 2572 934; x_wconf 89' lang='lat' dir='ltr'><strong>nobis,</strong></span> <span class='ocrx_word' id='word_1_249' title='bbox 2629 868 2718 938; x_wconf 91' lang='lat' dir='ltr'><strong>qui</strong></span> <span class='ocrx_word' id='word_1_250' title='bbox 2774 864 2961 920; x_wconf 87' lang='lat' dir='ltr'><strong>ﬁdeles</strong></span> <span class='ocrx_word' id='word_1_251' title='bbox 3003 870 3215 918; x_wconf 88' lang='lat' dir='ltr'><strong>sumus,</strong></span> <span class='ocrx_word' id='word_1_252' title='bbox 3256 864 3379 906; x_wconf 90' lang='lat' dir='ltr'><strong>cum</strong></span> <span class='ocrx_word' id='word_1_253' title='bbox 3404 842 3671 900; x_wconf 81' lang='lat' dir='ltr'><strong>omnibus</strong></span> 
     </span>
    </p>
   </div>
   <div class='ocr_carea' id='block_1_38' title="bbox 2085 941 3670 1041">
    <p class='ocr_par' dir='ltr' id='par_1_38' title="bbox 2085 941 3670 1041">
     <span class='ocr_line' id='line_1_38' title="bbox 2085 941 3670 1041; baseline -0.027 -14"><span class='ocrx_word' id='word_1_254' title='bbox 2085 972 2177 1041; x_wconf 92' lang='lat' dir='ltr'><strong>qui</strong></span> <span class='ocrx_word' id='word_1_255' title='bbox 2221 968 2467 1039; x_wconf 84' lang='lat' dir='ltr'><strong>ejusdem</strong></span> <span class='ocrx_word' id='word_1_256' title='bbox 2494 972 2622 1019; x_wconf 90' lang='lat' dir='ltr'><strong>sunt</strong></span> <span class='ocrx_word' id='word_1_257' title='bbox 2657 959 2802 1023; x_wconf 87' lang='lat' dir='ltr'><strong>ﬁdei,</strong></span> <span class='ocrx_word' id='word_1_258' title='bbox 2835 952 3162 1022; x_wconf 83' lang='lat' dir='ltr'><strong>conquirere</strong></span> <span class='ocrx_word' id='word_1_259' title='bbox 3194 941 3423 1012; x_wconf 90' lang='lat' dir='ltr'><strong>cupiens</strong></span> <span class='ocrx_word' id='word_1_260' title='bbox 3458 948 3670 1005; x_wconf 82' lang='lat' dir='ltr'><strong>cogna-</strong></span> 
     </span>
    </p>
   </div>
   <div class='ocr_carea' id='block_1_39' title="bbox 2088 1042 3671 1123">
    <p class='ocr_par' dir='ltr' id='par_1_39' title="bbox 2088 1042 3671 1123">
     <span class='ocr_line' id='line_1_39' title="bbox 2088 1042 3671 1123; baseline -0.027 -4"><span class='ocrx_word' id='word_1_261' title='bbox 2088 1065 2316 1123; x_wconf 89' lang='lat' dir='ltr'><strong>tionem,</strong></span> <span class='ocrx_word' id='word_1_262' title='bbox 2363 1060 2441 1114; x_wconf 92' lang='lat' dir='ltr'><strong>sic</strong></span> <span class='ocrx_word' id='word_1_263' title='bbox 2471 1070 2660 1111; x_wconf 87' lang='lat' dir='ltr'><strong>rursus</strong></span> <span class='ocrx_word' id='word_1_264' title='bbox 2689 1050 2824 1107; x_wconf 91' lang='lat' dir='ltr'><strong>dicit</strong></span> <span class='ocrx_word' id='word_1_265' title='bbox 2854 1066 2868 1103; x_wconf 92' lang='lat'><strong>:</strong></span> <span class='ocrx_word' id='word_1_266' title='bbox 2893 1043 3049 1099; x_wconf 76' lang='lat' dir='ltr'><strong>Multi</strong></span> <span class='ocrx_word' id='word_1_267' title='bbox 3082 1053 3243 1094; x_wconf 86' lang='lat' dir='ltr'><strong>unum</strong></span> <span class='ocrx_word' id='word_1_268' title='bbox 3272 1047 3458 1099; x_wconf 86' lang='lat' dir='ltr'><strong>corpus</strong></span> <span class='ocrx_word' id='word_1_269' title='bbox 3483 1042 3671 1080; x_wconf 83' lang='lat' dir='ltr'><strong>sumus</strong></span> 
     </span>
    </p>
   </div>
   <div class='ocr_carea' id='block_1_40' title="bbox 2086 1114 3669 1217">
    <p class='ocr_par' dir='ltr' id='par_1_40' title="bbox 2086 1114 3669 1217">
     <span class='ocr_line' id='line_1_40' title="bbox 2086 1114 3669 1217; baseline -0.028 -7"><span class='ocrx_word' id='word_1_270' title='bbox 2086 1156 2143 1209; x_wconf 87' lang='lat' dir='ltr'><strong>in</strong></span> <span class='ocrx_word' id='word_1_271' title='bbox 2171 1154 2396 1216; x_wconf 80' lang='lat' dir='ltr'><strong>Christo,</strong></span> <span class='ocrx_word' id='word_1_272' title='bbox 2421 1145 2613 1217; x_wconf 80' lang='lat' dir='ltr'><strong>singuli</strong></span> <span class='ocrx_word' id='word_1_273' title='bbox 2656 1151 2854 1198; x_wconf 87' lang='lat' dir='ltr'><strong>autent,</strong></span> <span class='ocrx_word' id='word_1_274' title='bbox 2907 1134 3043 1189; x_wconf 86' lang='lat' dir='ltr'><strong>alter</strong></span> <span class='ocrx_word' id='word_1_275' title='bbox 3096 1127 3314 1183; x_wconf 86' lang='lat' dir='ltr'><strong>alterius</strong></span> <span class='ocrx_word' id='word_1_276' title='bbox 3345 1114 3669 1175; x_wconf 74' lang='lat' dir='ltr'><strong>membra&quot;.</strong></span> 
     </span>
    </p>
   </div>
   <div class='ocr_carea' id='block_1_41' title="bbox 2087 1213 3673 1311">
    <p class='ocr_par' dir='ltr' id='par_1_41' title="bbox 2087 1213 3673 1311">
     <span class='ocr_line' id='line_1_41' title="bbox 2087 1213 3673 1311; baseline -0.028 -7"><span class='ocrx_word' id='word_1_277' title='bbox 2087 1248 2243 1303; x_wconf 85' lang='lat' dir='ltr'><strong>Unde</strong></span> <span class='ocrx_word' id='word_1_278' title='bbox 2277 1254 2330 1300; x_wconf 87' lang='lat' dir='ltr'><strong>et</strong></span> <span class='ocrx_word' id='word_1_279' title='bbox 2374 1213 2622 1311; x_wconf 71' lang='lat' dir='ltr'><strong>impium,</strong></span> <span class='ocrx_word' id='word_1_280' title='bbox 2670 1232 2912 1289; x_wconf 79' lang='lat' dir='ltr'><strong>revelare</strong></span> <span class='ocrx_word' id='word_1_281' title='bbox 2937 1223 3230 1295; x_wconf 83' lang='lat' dir='ltr'><strong>cujuslibet</strong></span> <span class='ocrx_word' id='word_1_282' title='bbox 3280 1213 3673 1286; x_wconf 67' lang='lat' dir='ltr'><strong>praedictorum</strong></span> 
     </span>
    </p>
   </div>
   <div class='ocr_carea' id='block_1_42' title="bbox 2090 1301 3676 1410">
    <p class='ocr_par' dir='ltr' id='par_1_42' title="bbox 2090 1301 3676 1410">
     <span class='ocr_line' id='line_1_42' title="bbox 2090 1301 3676 1410; baseline -0.027 -14"><span class='ocrx_word' id='word_1_283' title='bbox 2090 1301 2505 1410; x_wconf 69' lang='lat' dir='ltr'><strong>turpitudinem,</strong></span> <span class='ocrx_word' id='word_1_284' title='bbox 2533 1326 2853 1402; x_wconf 86' lang='lat' dir='ltr'><strong>appellavit,</strong></span> <span class='ocrx_word' id='word_1_285' title='bbox 2888 1320 3015 1390; x_wconf 87' lang='lat' dir='ltr'><strong>quia</strong></span> <span class='ocrx_word' id='word_1_286' title='bbox 3037 1310 3299 1386; x_wconf 87' lang='lat' dir='ltr'><strong>spiritalis</strong></span> <span class='ocrx_word' id='word_1_287' title='bbox 3324 1301 3676 1377; x_wconf 83' lang='lat' dir='ltr'><strong>cognationis</strong></span> 
     </span>
    </p>
   </div>
   <div class='ocr_carea' id='block_1_43' title="bbox 2088 1400 3730 1503">
    <p class='ocr_par' dir='ltr' id='par_1_43' title="bbox 2088 1400 3730 1503">
     <span class='ocr_line' id='line_1_43' title="bbox 2088 1400 3730 1503; baseline -0.025 -17"><span class='ocrx_word' id='word_1_288' title='bbox 2088 1427 2464 1503; x_wconf 74' lang='lat' dir='ltr'><strong>pnevaricatio</strong></span> <span class='ocrx_word' id='word_1_289' title='bbox 2495 1400 2881 1478; x_wconf 29' lang='lat' dir='ltr'><strong>ad&#39;Dominum</strong></span> <span class='ocrx_word' id='word_1_290' title='bbox 2906 1410 3098 1473; x_wconf 87' lang='lat' dir='ltr'><strong>tendit,</strong></span> <span class='ocrx_word' id='word_1_291' title='bbox 3131 1412 3415 1477; x_wconf 83' lang='lat' dir='ltr'><strong>postquam</strong></span> <span class='ocrx_word' id='word_1_292' title='bbox 3440 1411 3565 1452; x_wconf 89' lang='lat' dir='ltr'><strong>cum</strong></span> <span class='ocrx_word' id='word_1_293' title='bbox 3601 1408 3676 1448; x_wconf 88' lang='lat' dir='ltr'><strong>eo</strong></span> <span class='ocrx_word' id='word_1_294' title='bbox 3712 1400 3730 1415; x_wconf 72' lang='grc'><em>“</em></span> 
     </span>
    </p>
   </div>
   <div class='ocr_carea' id='block_1_44' title="bbox 2092 1488 3677 1589">
    <p class='ocr_par' dir='ltr' id='par_1_44' title="bbox 2092 1488 3677 1589">
     <span class='ocr_line' id='line_1_44' title="bbox 2092 1488 3677 1589; baseline -0.026 -8"><span class='ocrx_word' id='word_1_295' title='bbox 2092 1527 2357 1581; x_wconf 84' lang='lat' dir='ltr'><strong>habemus</strong></span> <span class='ocrx_word' id='word_1_296' title='bbox 2403 1515 2784 1589; x_wconf 79' lang='lat' dir='ltr'><strong>cognationem</strong></span> <span class='ocrx_word' id='word_1_297' title='bbox 2844 1504 3078 1563; x_wconf 87' lang='lat' dir='ltr'><strong>vinculis</strong></span> <span class='ocrx_word' id='word_1_298' title='bbox 3124 1494 3520 1570; x_wconf 88' lang='lat' dir='ltr'><strong>spiritualibus.</strong></span> <span class='ocrx_word' id='word_1_299' title='bbox 3560 1488 3677 1542; x_wconf 73' lang='lat' dir='ltr'><strong>Ve-</strong></span> 
     </span>
    </p>
   </div>
   <div class='ocr_carea' id='block_1_45' title="bbox 2090 1577 3678 1673">
    <p class='ocr_par' dir='ltr' id='par_1_45' title="bbox 2090 1577 3678 1673">
     <span class='ocr_line' id='line_1_45' title="bbox 2090 1577 3678 1673; baseline -0.03 1"><span class='ocrx_word' id='word_1_300' title='bbox 2090 1628 2397 1673; x_wconf 88' lang='lat' dir='ltr'><strong>rumtamen</strong></span> <span class='ocrx_word' id='word_1_301' title='bbox 2425 1577 2500 1665; x_wconf 63' lang='lat' dir='ltr'><strong>ne</strong></span> <span class='ocrx_word' id='word_1_302' title='bbox 2541 1609 2647 1662; x_wconf 90' lang='lat' dir='ltr'><strong>hoc</strong></span> <span class='ocrx_word' id='word_1_303' title='bbox 2689 1598 2966 1673; x_wconf 64' lang='lat' dir='ltr'><strong>praeterire</strong></span> <span class='ocrx_word' id='word_1_304' title='bbox 3011 1598 3229 1662; x_wconf 87' lang='lat' dir='ltr'><strong>oportet</strong></span> <span class='ocrx_word' id='word_1_305' title='bbox 3270 1599 3396 1640; x_wconf 90' lang='lat' dir='ltr'><strong>eum</strong></span> <span class='ocrx_word' id='word_1_306' title='bbox 3440 1579 3533 1649; x_wconf 90' lang='lat' dir='ltr'><strong>qui</strong></span> <span class='ocrx_word' id='word_1_307' title='bbox 3584 1577 3678 1630; x_wconf 82' lang='lat' dir='ltr'><strong>di—</strong></span> 
     </span>
    </p>
   </div>
   <div class='ocr_carea' id='block_1_46' title="bbox 2091 1668 3681 1781">
    <p class='ocr_par' dir='ltr' id='par_1_46' title="bbox 2091 1668 3681 1781">
     <span class='ocr_line' id='line_1_46' title="bbox 2091 1668 3681 1781; baseline -0.03 -14"><span class='ocrx_word' id='word_1_308' title='bbox 2356 1703 2648 1760; x_wconf 82' lang='lat' dir='ltr'><strong>meditatur</strong></span> <span class='ocrx_word' id='word_1_309' title='bbox 2671 1668 2805 1767; x_wconf 78' lang='lat' dir='ltr'><strong>legis</strong></span> <span class='ocrx_word' id='word_1_310' title='bbox 2831 1686 3070 1759; x_wconf 90' lang='lat' dir='ltr'><strong>eloquia,</strong></span> <span class='ocrx_word' id='word_1_311' title='bbox 3093 1683 3216 1753; x_wconf 86' lang='lat' dir='ltr'><strong>quia</strong></span> <span class='ocrx_word' id='word_1_312' title='bbox 3242 1674 3545 1733; x_wconf 85' lang='lat' dir='ltr'><strong>secundum</strong></span> <span class='ocrx_word' id='word_1_313' title='bbox 3580 1668 3681 1723; x_wconf 82' lang='lat' dir='ltr'><strong>Se-</strong></span> 
     </span>
    </p>
   </div>
   <div class='ocr_carea' id='block_1_47' title="bbox 2091 1760 3679 1874">
    <p class='ocr_par' dir='ltr' id='par_1_47' title="bbox 2091 1760 3679 1874">
     <span class='ocr_line' id='line_1_47' title="bbox 2092 1760 2752 1781; baseline -0.026 3"><span class='ocrx_word' id='word_1_314' title='bbox 2092 1760 2288 1781; x_wconf 79' lang='lat' dir='ltr'><strong>&quot;D“&#39;&quot;‘</strong></span> <span class='ocrx_word' id='word_1_315' title='bbox 2728 1760 2752 1767; x_wconf 62' lang='grc' dir='ltr'>ν</span> 
     </span>
     <span class='ocr_line' id='line_1_48' title="bbox 2091 1760 3679 1874; baseline -0.03 -14"><span class='ocrx_word' id='word_1_316' title='bbox 2091 1803 2373 1874; x_wconf 85' lang='lat' dir='ltr'><strong>ptuaginta</strong></span> <span class='ocrx_word' id='word_1_317' title='bbox 2395 1798 2582 1852; x_wconf 88' lang='lat' dir='ltr'><strong>decem</strong></span> <span class='ocrx_word' id='word_1_318' title='bbox 2621 1789 2883 1861; x_wconf 86' lang='lat' dir='ltr'><strong>graduum</strong></span> <span class='ocrx_word' id='word_1_319' title='bbox 2922 1773 3266 1851; x_wconf 77' lang='lat' dir='ltr'><strong>cognationis</strong></span> <span class='ocrx_word' id='word_1_320' title='bbox 3297 1779 3589 1824; x_wconf 89' lang='lat' dir='ltr'><strong>numerum</strong></span> <span class='ocrx_word' id='word_1_321' title='bbox 3617 1760 3679 1813; x_wconf 87' lang='lat' dir='ltr'><strong>in</strong></span> 
     </span>
    </p>
   </div>
   <div class='ocr_carea' id='block_1_48' title="bbox 2095 1855 3684 1969">
    <p class='ocr_par' dir='ltr' id='par_1_48' title="bbox 2095 1855 3684 1969">
     <span class='ocr_line' id='line_1_49' title="bbox 2095 1855 2646 1874; baseline -0.024 0"><span class='ocrx_word' id='word_1_322' title='bbox 2095 1855 2256 1874; x_wconf 50' lang='grc' dir='ltr'><strong>,μην-υ</strong></span> <span class='ocrx_word' id='word_1_323' title='bbox 2623 1855 2646 1861; x_wconf 77' lang='lat'><strong>-</strong></span> 
     </span>
     <span class='ocr_line' id='line_1_50' title="bbox 2095 1855 3684 1969; baseline -0.03 -17"><span class='ocrx_word' id='word_1_324' title='bbox 2095 1893 2351 1969; x_wconf 72' lang='lat' dir='ltr'><strong>pnesenti</strong></span> <span class='ocrx_word' id='word_1_325' title='bbox 2396 1888 2575 1960; x_wconf 88' lang='lat' dir='ltr'><strong>posuit</strong></span> <span class='ocrx_word' id='word_1_326' title='bbox 2632 1879 2949 1952; x_wconf 85' lang='lat' dir='ltr'><strong>legislator,</strong></span> <span class='ocrx_word' id='word_1_327' title='bbox 3003 1871 3160 1940; x_wconf 87' lang='lat' dir='ltr'><strong>cujus</strong></span> <span class='ocrx_word' id='word_1_328' title='bbox 3218 1860 3430 1919; x_wconf 88' lang='lat' dir='ltr'><strong>numeri</strong></span> <span class='ocrx_word' id='word_1_329' title='bbox 3487 1855 3684 1910; x_wconf 76' lang='lat' dir='ltr'><strong>omnia</strong></span> 
     </span>
    </p>
   </div>
   <div class='ocr_carea' id='block_1_49' title="bbox 2095 1945 3688 2043">
    <p class='ocr_par' dir='ltr' id='par_1_49' title="bbox 2095 1945 3688 2043">
     <span class='ocr_line' id='line_1_51' title="bbox 2095 1945 3688 2043; baseline -0.027 -3"><span class='ocrx_word' id='word_1_330' title='bbox 2095 1945 2349 2041; x_wconf 65' lang='lat' dir='ltr'><strong>inamdata</strong></span> <span class='ocrx_word' id='word_1_331' title='bbox 2396 1945 2524 2034; x_wconf 73' lang='lat' dir='ltr'><strong>sunt</strong></span> <span class='ocrx_word' id='word_1_332' title='bbox 2555 1945 2715 2043; x_wconf 58' lang='lat' dir='ltr'><strong>legis:</strong></span> <span class='ocrx_word' id='word_1_333' title='bbox 2737 1966 3036 2024; x_wconf 88' lang='lat' dir='ltr'><strong>ostendens</strong></span> <span class='ocrx_word' id='word_1_334' title='bbox 3060 1959 3187 2030; x_wconf 89' lang='lat' dir='ltr'><strong>quia</strong></span> <span class='ocrx_word' id='word_1_335' title='bbox 3217 1951 3464 2025; x_wconf 87' lang='lat' dir='ltr'><strong>quisquis</strong></span> <span class='ocrx_word' id='word_1_336' title='bbox 3497 1945 3688 2015; x_wconf 87' lang='lat' dir='ltr'><strong>turpi-</strong></span> 
     </span>
    </p>
   </div>
   <div class='ocr_carea' id='block_1_50' title="bbox 2097 2041 3689 2134">
    <p class='ocr_par' dir='ltr' id='par_1_50' title="bbox 2097 2041 3689 2134">
     <span class='ocr_line' id='line_1_52' title="bbox 2097 2041 3689 2134; baseline -0.03 0"><span class='ocrx_word' id='word_1_337' title='bbox 2097 2078 2339 2134; x_wconf 88' lang='lat' dir='ltr'><strong>tudinem</strong></span> <span class='ocrx_word' id='word_1_338' title='bbox 2389 2069 2613 2130; x_wconf 82' lang='lat' dir='ltr'><strong>revelat,</strong></span> <span class='ocrx_word' id='word_1_339' title='bbox 2669 2059 2987 2117; x_wconf 85' lang='lat' dir='ltr'><strong>carnalium,</strong></span> <span class='ocrx_word' id='word_1_340' title='bbox 3022 2047 3410 2123; x_wconf 88' lang='lat' dir='ltr'><strong>spiritualium,</strong></span> <span class='ocrx_word' id='word_1_341' title='bbox 3460 2041 3543 2093; x_wconf 85' lang='lat' dir='ltr'><strong>vel</strong></span> <span class='ocrx_word' id='word_1_342' title='bbox 3581 2053 3689 2092; x_wconf 87' lang='lat' dir='ltr'><strong>eo-</strong></span> 
     </span>
    </p>
   </div>
   <div class='ocr_carea' id='block_1_51' title="bbox 2091 2145 3684 2242">
    <p class='ocr_par' dir='ltr' id='par_1_51' title="bbox 2091 2145 3684 2242">
     <span class='ocr_line' id='line_1_53' title="bbox 2091 2145 3684 2242; baseline -0.028 -18"><span class='ocrx_word' id='word_1_343' title='bbox 2091 2167 2406 2242; x_wconf 71' lang='lat' dir='ltr'><strong>gnatm&#39;um,</strong></span> <span class='ocrx_word' id='word_1_344' title='bbox 2449 2162 2614 2215; x_wconf 88' lang='lat' dir='ltr'><strong>totius</strong></span> <span class='ocrx_word' id='word_1_345' title='bbox 2641 2155 2775 2225; x_wconf 80' lang='lat' dir='ltr'><strong>legis</strong></span> <span class='ocrx_word' id='word_1_346' title='bbox 2805 2148 3083 2204; x_wconf 89' lang='lat' dir='ltr'><strong>invenitur</strong></span> <span class='ocrx_word' id='word_1_347' title='bbox 3115 2156 3237 2197; x_wconf 87' lang='lat' dir='ltr'><strong>esse</strong></span> <span class='ocrx_word' id='word_1_348' title='bbox 3282 2145 3684 2205; x_wconf 84' lang='lat' dir='ltr'><strong>transgressor.</strong></span> 
     </span>
    </p>
   </div>
   <div class='ocr_carea' id='block_1_52' title="bbox 2097 2227 3692 2330">
    <p class='ocr_par' dir='ltr' id='par_1_52' title="bbox 2097 2227 3692 2330">
     <span class='ocr_line' id='line_1_54' title="bbox 2097 2227 3692 2330; baseline -0.028 -12"><span class='ocrx_word' id='word_1_349' title='bbox 2097 2227 2308 2330; x_wconf 49' lang='lat' dir='ltr'><strong>auare?</strong></span> <span class='ocrx_word' id='word_1_350' title='bbox 2333 2256 2459 2327; x_wconf 88' lang='lat' dir='ltr'><strong>quia</strong></span> <span class='ocrx_word' id='word_1_351' title='bbox 2497 2252 2734 2305; x_wconf 88' lang='lat' dir='ltr'><strong>alienum</strong></span> <span class='ocrx_word' id='word_1_352' title='bbox 2779 2252 2864 2298; x_wconf 91' lang='lat' dir='ltr'><strong>est</strong></span> <span class='ocrx_word' id='word_1_353' title='bbox 2891 2257 2922 2294; x_wconf 91' lang='lat' dir='ltr'><strong>a</strong></span> <span class='ocrx_word' id='word_1_354' title='bbox 2956 2237 3222 2294; x_wconf 88' lang='lat' dir='ltr'><strong>charitate</strong></span> <span class='ocrx_word' id='word_1_355' title='bbox 3253 2230 3397 2300; x_wconf 90' lang='lat' dir='ltr'><strong>quod</strong></span> <span class='ocrx_word' id='word_1_356' title='bbox 3420 2227 3533 2296; x_wconf 89' lang='lat' dir='ltr'><strong>agit</strong></span> <span class='ocrx_word' id='word_1_357' title='bbox 3558 2239 3692 2293; x_wconf 76' lang='lat' dir='ltr'><strong>quae</strong></span> 
     </span>
    </p>
   </div>
   <div class='ocr_carea' id='block_1_53' title="bbox 2098 2316 3692 2424">
    <p class='ocr_par' dir='ltr' id='par_1_53' title="bbox 2098 2316 3692 2424">
     <span class='ocr_line' id='line_1_55' title="bbox 2098 2316 3692 2424; baseline -0.029 -11"><span class='ocrx_word' id='word_1_358' title='bbox 2098 2316 2181 2413; x_wconf 48' lang='lat' dir='ltr'><strong>Est</strong></span> <span class='ocrx_word' id='word_1_359' title='bbox 2203 2316 2679 2424; x_wconf 39' lang='lat' dir='ltr'><strong>legis‘plenitudo.</strong></span> <span class='ocrx_word' id='word_1_360' title='bbox 2737 2336 2849 2389; x_wconf 89' lang='lat' dir='ltr'><strong>lloc</strong></span> <span class='ocrx_word' id='word_1_361' title='bbox 2876 2341 2960 2389; x_wconf 91' lang='lat' dir='ltr'><strong>est</strong></span> <span class='ocrx_word' id='word_1_362' title='bbox 3017 2328 3165 2401; x_wconf 90' lang='lat' dir='ltr'><strong>quod</strong></span> <span class='ocrx_word' id='word_1_363' title='bbox 3191 2326 3268 2379; x_wconf 89' lang='lat' dir='ltr'><strong>ait</strong></span> <span class='ocrx_word' id='word_1_364' title='bbox 3296 2320 3532 2375; x_wconf 83' lang='lat' dir='ltr'><strong>Paulus:</strong></span> <span class='ocrx_word' id='word_1_365' title='bbox 3563 2316 3692 2369; x_wconf 78' lang='lat' dir='ltr'><strong>Non</strong></span> 
     </span>
    </p>
   </div>
   <div class='ocr_carea' id='block_1_54' title="bbox 2100 2407 3694 2507">
    <p class='ocr_par' dir='ltr' id='par_1_54' title="bbox 2100 2407 3694 2507">
     <span class='ocr_line' id='line_1_56' title="bbox 2100 2407 3694 2507; baseline -0.031 1"><span class='ocrx_word' id='word_1_366' title='bbox 2100 2446 2464 2507; x_wconf 86' lang='lat' dir='ltr'><strong>odulterabis:</strong></span> <span class='ocrx_word' id='word_1_367' title='bbox 2502 2439 2616 2495; x_wconf 89' lang='lat' dir='ltr'><strong>Non</strong></span> <span class='ocrx_word' id='word_1_368' title='bbox 2674 2432 2900 2489; x_wconf 84' lang='lat' dir='ltr'><strong>occides:</strong></span> <span class='ocrx_word' id='word_1_369' title='bbox 2933 2426 3048 2480; x_wconf 86' lang='lat' dir='ltr'><strong>Non</strong></span> <span class='ocrx_word' id='word_1_370' title='bbox 3088 2421 3285 2491; x_wconf 76' lang='lat' dir='ltr'><strong>furtum</strong></span> <span class='ocrx_word' id='word_1_371' title='bbox 3329 2413 3526 2485; x_wconf 80' lang='lat' dir='ltr'><strong>facies:</strong></span> <span class='ocrx_word' id='word_1_372' title='bbox 3565 2407 3694 2461; x_wconf 65' lang='lat' dir='ltr'><strong>Non</strong></span> 
     </span>
    </p>
   </div>
   <div class='ocr_carea' id='block_1_55' title="bbox 2102 2500 3694 2609">
    <p class='ocr_par' dir='ltr' id='par_1_55' title="bbox 2102 2500 3694 2609">
     <span class='ocr_line' id='line_1_57' title="bbox 2102 2500 3694 2609; baseline -0.031 -11"><span class='ocrx_word' id='word_1_373' title='bbox 2102 2541 2445 2609; x_wconf 84' lang='lat' dir='ltr'><strong>concupisces.</strong></span> <span class='ocrx_word' id='word_1_374' title='bbox 2484 2532 2548 2587; x_wconf 86' lang='lat' dir='ltr'><strong>Et</strong></span> <span class='ocrx_word' id='word_1_375' title='bbox 2600 2529 2645 2582; x_wconf 88' lang='lat' dir='ltr'><strong>si</strong></span> <span class='ocrx_word' id='word_1_376' title='bbox 2699 2522 2835 2595; x_wconf 85' lang='lat' dir='ltr'><strong>quod</strong></span> <span class='ocrx_word' id='word_1_377' title='bbox 2872 2527 2945 2573; x_wconf 86' lang='lat' dir='ltr'><strong>est</strong></span> <span class='ocrx_word' id='word_1_378' title='bbox 2977 2515 3126 2569; x_wconf 86' lang='lat' dir='ltr'><strong>aliud</strong></span> <span class='ocrx_word' id='word_1_379' title='bbox 3154 2509 3487 2565; x_wconf 85' lang='lat' dir='ltr'><strong>mandatum,</strong></span> <span class='ocrx_word' id='word_1_380' title='bbox 3512 2501 3566 2553; x_wconf 86' lang='lat' dir='ltr'><strong>in</strong></span> <span class='ocrx_word' id='word_1_381' title='bbox 3589 2500 3694 2550; x_wconf 79' lang='lat' dir='ltr'><strong>hoc</strong></span> 
     </span>
    </p>
   </div>
   <div class='ocr_carea' id='block_1_56' title="bbox 2102 2592 3691 2691">
    <p class='ocr_par' dir='ltr' id='par_1_56' title="bbox 2102 2592 3691 2691">
     <span class='ocr_line' id='line_1_58' title="bbox 2102 2592 3691 2691; baseline -0.033 0"><span class='ocrx_word' id='word_1_382' title='bbox 2102 2636 2252 2691; x_wconf 78' lang='lat' dir='ltr'><strong>verbo</strong></span> <span class='ocrx_word' id='word_1_383' title='bbox 2300 2633 2633 2685; x_wconf 82' lang='lat' dir='ltr'><strong>instauratur</strong></span> <span class='ocrx_word' id='word_1_384' title='bbox 2676 2637 2693 2674; x_wconf 93' lang='lat'><strong>:</strong></span> <span class='ocrx_word' id='word_1_385' title='bbox 2745 2616 2940 2685; x_wconf 85' lang='lat' dir='ltr'><strong>Diliges</strong></span> <span class='ocrx_word' id='word_1_386' title='bbox 2985 2605 3285 2680; x_wconf 73' lang='lat' dir='ltr'><strong>proximum</strong></span> <span class='ocrx_word' id='word_1_387' title='bbox 3348 2607 3494 2650; x_wconf 87' lang='lat' dir='ltr'><strong>tuum</strong></span> <span class='ocrx_word' id='word_1_388' title='bbox 3545 2592 3691 2643; x_wconf 73' lang='lat' dir='ltr'><strong>sicut</strong></span> 
     </span>
    </p>
   </div>
   <div class='ocr_carea' id='block_1_57' title="bbox 2104 2682 3695 2797">
    <p class='ocr_par' dir='ltr' id='par_1_57' title="bbox 2104 2682 3695 2797">
     <span class='ocr_line' id='line_1_59' title="bbox 2104 2682 3695 2797; baseline -0.033 -13"><span class='ocrx_word' id='word_1_389' title='bbox 2104 2730 2347 2797; x_wconf 85' lang='lat' dir='ltr'><strong>teipsum.</strong></span> <span class='ocrx_word' id='word_1_390' title='bbox 2382 2718 2603 2776; x_wconf 88' lang='lat' dir='ltr'><strong>Dilectio</strong></span> <span class='ocrx_word' id='word_1_391' title='bbox 2629 2709 2856 2785; x_wconf 73' lang='lat' dir='ltr'><strong>proximi</strong></span> <span class='ocrx_word' id='word_1_392' title='bbox 2888 2703 3088 2759; x_wconf 86' lang='lat' dir='ltr'><strong>malum</strong></span> <span class='ocrx_word' id='word_1_393' title='bbox 3122 2710 3227 2750; x_wconf 86' lang='lat' dir='ltr'><strong>non</strong></span> <span class='ocrx_word' id='word_1_394' title='bbox 3258 2697 3524 2762; x_wconf 86' lang='lat' dir='ltr'><strong>operatur.</strong></span> <span class='ocrx_word' id='word_1_395' title='bbox 3558 2682 3695 2736; x_wconf 72' lang='lat' dir='ltr'><strong>Ple-</strong></span> 
     </span>
    </p>
   </div>
   <div class='ocr_carea' id='block_1_58' title="bbox 2105 2776 3693 2888">
    <p class='ocr_par' dir='ltr' id='par_1_58' title="bbox 2105 2776 3693 2888">
     <span class='ocr_line' id='line_1_60' title="bbox 2105 2776 3693 2888; baseline -0.035 -8"><span class='ocrx_word' id='word_1_396' title='bbox 2105 2776 2286 2879; x_wconf 47' lang='lat' dir='ltr'><strong>nit‘udo</strong></span> <span class='ocrx_word' id='word_1_397' title='bbox 2316 2834 2435 2888; x_wconf 82' lang='lat' dir='ltr'><strong>ergo</strong></span> <span class='ocrx_word' id='word_1_398' title='bbox 2466 2814 2591 2883; x_wconf 85' lang='lat' dir='ltr'><strong>legis</strong></span> <span class='ocrx_word' id='word_1_399' title='bbox 2609 2818 2681 2863; x_wconf 81' lang='lat' dir='ltr'><strong>est</strong></span> <span class='ocrx_word' id='word_1_400' title='bbox 2703 2802 2911 2860; x_wconf 84' lang='lat' dir='ltr'><strong>dilectio</strong></span> <span class='ocrx_word' id='word_1_401' title='bbox 2925 2798 2991 2850; x_wconf 75' lang='grc'><strong>⁵³.</strong></span> <span class='ocrx_word' id='word_1_402' title='bbox 3040 2791 3262 2846; x_wconf 87' lang='lat' dir='ltr'><strong>Planior</strong></span> <span class='ocrx_word' id='word_1_403' title='bbox 3294 2792 3477 2839; x_wconf 84' lang='lat' dir='ltr'><strong>autem</strong></span> <span class='ocrx_word' id='word_1_404' title='bbox 3506 2777 3580 2832; x_wconf 88' lang='lat' dir='ltr'><strong>sit</strong></span> <span class='ocrx_word' id='word_1_405' title='bbox 3601 2776 3693 2827; x_wconf 87' lang='lat' dir='ltr'><strong>in-</strong></span> 
     </span>
    </p>
   </div>
   <div class='ocr_carea' id='block_1_59' title="bbox 2108 2885 3365 2977">
    <p class='ocr_par' dir='ltr' id='par_1_59' title="bbox 2108 2885 3365 2977">
     <span class='ocr_line' id='line_1_61' title="bbox 2108 2885 3365 2977; baseline -0.033 -4"><span class='ocrx_word' id='word_1_406' title='bbox 2108 2917 2375 2977; x_wconf 90' lang='lat' dir='ltr'><strong>tellectus,</strong></span> <span class='ocrx_word' id='word_1_407' title='bbox 2402 2908 2445 2963; x_wconf 93' lang='lat' dir='ltr'><strong>si</strong></span> <span class='ocrx_word' id='word_1_408' title='bbox 2473 2908 2643 2976; x_wconf 80' lang='lat' dir='ltr'><strong>ipsam</strong></span> <span class='ocrx_word' id='word_1_409' title='bbox 2683 2902 3087 2970; x_wconf 88' lang='lat' dir='ltr'><strong>perscrutemur</strong></span> <span class='ocrx_word' id='word_1_410' title='bbox 3106 2885 3365 2938; x_wconf 88' lang='lat' dir='ltr'><strong>litteram.</strong></span> 
     </span>
    </p>
   </div>
   <div class='ocr_carea' id='block_1_60' title="bbox 2179 2964 3698 3066">
    <p class='ocr_par' dir='ltr' id='par_1_60' title="bbox 2179 2964 3698 3066">
     <span class='ocr_line' id='line_1_62' title="bbox 2179 2964 3698 3066; baseline -0.032 -3"><span class='ocrx_word' id='word_1_411' title='bbox 2179 3007 2362 3063; x_wconf 83' lang='lat' dir='ltr'><strong>Omnis</strong></span> <span class='ocrx_word' id='word_1_412' title='bbox 2389 3005 2539 3057; x_wconf 84' lang='lat' dir='ltr'><strong>homo</strong></span> <span class='ocrx_word' id='word_1_413' title='bbox 2563 2999 2631 3052; x_wconf 89' lang='lat' dir='ltr'><strong>ad</strong></span> <span class='ocrx_word' id='word_1_414' title='bbox 2647 2998 2939 3066; x_wconf 69' lang='lat' dir='ltr'><strong>proximam</strong></span> <span class='ocrx_word' id='word_1_415' title='bbox 2962 2978 3234 3054; x_wconf 80' lang='lat' dir='ltr'><strong>sanguinis</strong></span> <span class='ocrx_word' id='word_1_416' title='bbox 3257 2975 3337 3028; x_wconf 85' lang='lat' dir='ltr'><strong>sui</strong></span> <span class='ocrx_word' id='word_1_417' title='bbox 3360 2988 3459 3025; x_wconf 86' lang='lat' dir='ltr'><strong>non</strong></span> <span class='ocrx_word' id='word_1_418' title='bbox 3475 2964 3698 3020; x_wconf 70' lang='lat' dir='ltr'><strong>accedet</strong></span> 
     </span>
    </p>
   </div>
   <div class='ocr_carea' id='block_1_61' title="bbox 2112 3055 3696 3162">
    <p class='ocr_par' dir='ltr' id='par_1_61' title="bbox 2112 3055 3696 3162">
     <span class='ocr_line' id='line_1_63' title="bbox 2112 3055 3696 3162; baseline -0.032 -4"><span class='ocrx_word' id='word_1_419' title='bbox 2112 3114 2165 3159; x_wconf 91' lang='lat' dir='ltr'><strong>ut</strong></span> <span class='ocrx_word' id='word_1_420' title='bbox 2208 3098 2395 3154; x_wconf 81' lang='lat' dir='ltr'><strong>revelet</strong></span> <span class='ocrx_word' id='word_1_421' title='bbox 2426 3089 2802 3162; x_wconf 87' lang='lat' dir='ltr'><strong>turpitudinem</strong></span> <span class='ocrx_word' id='word_1_422' title='bbox 2834 3082 2966 3151; x_wconf 87' lang='lat' dir='ltr'><strong>ejus.</strong></span> <span class='ocrx_word' id='word_1_423' title='bbox 3003 3078 3073 3132; x_wconf 90' lang='lat' dir='ltr'><strong>Ut</strong></span> <span class='ocrx_word' id='word_1_424' title='bbox 3116 3086 3226 3127; x_wconf 89' lang='lat' dir='ltr'><strong>non</strong></span> <span class='ocrx_word' id='word_1_425' title='bbox 3270 3062 3593 3121; x_wconf 82' lang='lat' dir='ltr'><strong>accedamus</strong></span> <span class='ocrx_word' id='word_1_426' title='bbox 3619 3055 3696 3109; x_wconf 83' lang='lat' dir='ltr'><strong>ad</strong></span> 
     </span>
    </p>
   </div>
   <div class='ocr_carea' id='block_1_62' title="bbox 425 3161 3701 3285">
    <p class='ocr_par' dir='ltr' id='par_1_62' title="bbox 425 3161 3701 3285">
     <span class='ocr_line' id='line_1_64' title="bbox 425 3161 3701 3285; baseline -0.019 -17"><span class='ocrx_word' id='word_1_427' title='bbox 425 3231 550 3285; x_wconf 61' lang='lat' dir='ltr'><strong>quae</strong></span> <span class='ocrx_word' id='word_1_428' title='bbox 608 3220 664 3266; x_wconf 92' lang='lat' dir='ltr'><strong>et</strong></span> <span class='ocrx_word' id='word_1_429' title='bbox 721 3209 871 3262; x_wconf 92' lang='lat' dir='ltr'><strong>illum</strong></span> <span class='ocrx_word' id='word_1_430' title='bbox 923 3203 1159 3276; x_wconf 84' lang='lat' dir='ltr'><strong>peperit,</strong></span> <span class='ocrx_word' id='word_1_431' title='bbox 1215 3209 1269 3252; x_wconf 85' lang='lat' dir='ltr'><strong>et</strong></span> <span class='ocrx_word' id='word_1_432' title='bbox 1322 3212 1462 3251; x_wconf 73' lang='lat' dir='ltr'><strong>uxor</strong></span> <span class='ocrx_word' id='word_1_433' title='bbox 1488 3194 1607 3264; x_wconf 89' lang='lat' dir='ltr'><strong>ejus</strong></span> <span class='ocrx_word' id='word_1_434' title='bbox 1654 3189 2004 3255; x_wconf 85' lang='lat' dir='ltr'><strong>simulatque</strong></span> <span class='ocrx_word' id='word_1_435' title='bbox 2036 3211 2077 3266; x_wconf 72' lang='grc' dir='ltr'>ο</span> <span class='ocrx_word' id='word_1_436' title='bbox 2112 3202 2370 3268; x_wconf 72' lang='lat' dir='ltr'><strong>cognatos</strong></span> <span class='ocrx_word' id='word_1_437' title='bbox 2416 3190 2470 3243; x_wconf 91' lang='lat' dir='ltr'><strong>in</strong></span> <span class='ocrx_word' id='word_1_438' title='bbox 2500 3161 2614 3255; x_wconf 85' lang='lat' dir='ltr'><strong>lege</strong></span> <span class='ocrx_word' id='word_1_439' title='bbox 2664 3173 3002 3251; x_wconf 76' lang='lat' dir='ltr'><strong>cognationis</strong></span> <span class='ocrx_word' id='word_1_440' title='bbox 3039 3167 3451 3239; x_wconf 70' lang='lat' dir='ltr'><strong>prmsumentes,</strong></span> <span class='ocrx_word' id='word_1_441' title='bbox 3489 3161 3544 3206; x_wconf 86' lang='lat' dir='ltr'><strong>et</strong></span> <span class='ocrx_word' id='word_1_442' title='bbox 3594 3162 3701 3218; x_wconf 80' lang='lat' dir='ltr'><strong>per</strong></span> 
     </span>
     <span class='ocr_line' id='line_1_65' title="bbox 2796 3255 3699 3285; baseline 0 0"><span class='ocrx_word' id='word_1_443' title='bbox 2796 3271 2808 3285; x_wconf 81' lang='grc' dir='ltr'><strong>ι</strong></span> <span class='ocrx_word' id='word_1_444' title='bbox 2851 3270 2863 3280; x_wconf 90' lang='grc'><strong>-</strong></span> <span class='ocrx_word' id='word_1_445' title='bbox 2920 3267 2972 3285; x_wconf 53' lang='grc' dir='ltr'><strong>Α-</strong></span> <span class='ocrx_word' id='word_1_446' title='bbox 3011 3262 3249 3285; x_wconf 64' lang='grc' dir='ltr'><strong>--.ειη-,ηρ</strong></span> <span class='ocrx_word' id='word_1_447' title='bbox 3281 3262 3468 3285; x_wconf 69' lang='lat' dir='ltr'><strong>nnrnm</strong></span> <span class='ocrx_word' id='word_1_448' title='bbox 3500 3255 3699 3285; x_wconf 66' lang='lat' dir='ltr'><strong>Ini-nes</strong></span> 
     </span>
    </p>
   </div>
   <div class='ocr_carea' id='block_1_63' title="bbox 426 3287 2004 3369">
    <p class='ocr_par' dir='ltr' id='par_1_63' title="bbox 426 3287 2004 3369">
     <span class='ocr_line' id='line_1_66' title="bbox 426 3287 2004 3369; baseline -0.02 -7"><span class='ocrx_word' id='word_1_449' title='bbox 426 3314 602 3369; x_wconf 81' lang='lat' dir='ltr'><strong>mater</strong></span> <span class='ocrx_word' id='word_1_450' title='bbox 654 3303 771 3358; x_wconf 86' lang='lat' dir='ltr'><strong>fuit.</strong></span> <span class='ocrx_word' id='word_1_451' title='bbox 838 3299 965 3355; x_wconf 65' lang='lat' dir='ltr'><strong>Haec</strong></span> <span class='ocrx_word' id='word_1_452' title='bbox 1029 3305 1212 3351; x_wconf 87' lang='lat' dir='ltr'><strong>autem</strong></span> <span class='ocrx_word' id='word_1_453' title='bbox 1272 3308 1340 3346; x_wconf 73' lang='lat' dir='ltr'><strong>ex</strong></span> <span class='ocrx_word' id='word_1_454' title='bbox 1388 3287 1594 3343; x_wconf 89' lang='lat' dir='ltr'><strong>nefaria</strong></span> <span class='ocrx_word' id='word_1_455' title='bbox 1650 3291 2004 3354; x_wconf 83' lang='lat' dir='ltr'><strong>cognatorum</strong></span> 
     </span>
    </p>
   </div>
   <div class='ocr_carea' id='block_1_64' title="bbox 429 3373 2011 3459">
    <p class='ocr_par' dir='ltr' id='par_1_64' title="bbox 429 3373 2011 3459">
     <span class='ocr_line' id='line_1_67' title="bbox 429 3373 2011 3459; baseline -0.021 -3"><span class='ocrx_word' id='word_1_456' title='bbox 429 3398 830 3459; x_wconf 82' lang='lat' dir='ltr'><strong>cornmistione,</strong></span> <span class='ocrx_word' id='word_1_457' title='bbox 864 3403 921 3448; x_wconf 90' lang='lat' dir='ltr'><strong>et</strong></span> <span class='ocrx_word' id='word_1_458' title='bbox 956 3392 1059 3446; x_wconf 88' lang='lat' dir='ltr'><strong>alia</strong></span> <span class='ocrx_word' id='word_1_459' title='bbox 1095 3389 1178 3443; x_wconf 88' lang='lat' dir='ltr'><strong>bis</strong></span> <span class='ocrx_word' id='word_1_460' title='bbox 1214 3384 1475 3442; x_wconf 90' lang='lat' dir='ltr'><strong>eveniunt</strong></span> <span class='ocrx_word' id='word_1_461' title='bbox 1523 3378 1744 3434; x_wconf 88' lang='lat' dir='ltr'><strong>similia.</strong></span> <span class='ocrx_word' id='word_1_462' title='bbox 1779 3373 2011 3441; x_wconf 85' lang='lat' dir='ltr'><strong>Propter</strong></span> 
     </span>
    </p>
   </div>
   <div class='ocr_carea' id='block_1_65' title="bbox 431 3464 2010 3563">
    <p class='ocr_par' dir='ltr' id='par_1_65' title="bbox 431 3464 2010 3563">
     <span class='ocr_line' id='line_1_68' title="bbox 431 3464 2010 3563; baseline -0.022 -15"><span class='ocrx_word' id='word_1_463' title='bbox 431 3491 577 3563; x_wconf 85' lang='lat' dir='ltr'><strong>quod</strong></span> <span class='ocrx_word' id='word_1_464' title='bbox 605 3498 855 3545; x_wconf 89' lang='lat' dir='ltr'><strong>avertere</strong></span> <span class='ocrx_word' id='word_1_465' title='bbox 881 3502 909 3540; x_wconf 89' lang='lat' dir='ltr'><strong>a</strong></span> <span class='ocrx_word' id='word_1_466' title='bbox 954 3484 1045 3538; x_wconf 87' lang='lat' dir='ltr'><strong>tali</strong></span> <span class='ocrx_word' id='word_1_467' title='bbox 1076 3478 1488 3550; x_wconf 84' lang='lat' dir='ltr'><strong>conjunctione,</strong></span> <span class='ocrx_word' id='word_1_468' title='bbox 1522 3484 1578 3526; x_wconf 89' lang='lat' dir='ltr'><strong>et</strong></span> <span class='ocrx_word' id='word_1_469' title='bbox 1601 3469 1750 3524; x_wconf 90' lang='lat' dir='ltr'><strong>coitu</strong></span> <span class='ocrx_word' id='word_1_470' title='bbox 1784 3464 2010 3520; x_wconf 79' lang='lat' dir='ltr'><strong>volens:</strong></span> 
     </span>
    </p>
   </div>
   <div class='ocr_carea' id='block_1_66' title="bbox 511 3562 2013 3653">
    <p class='ocr_par' dir='ltr' id='par_1_66' title="bbox 511 3562 2013 3653">
     <span class='ocr_line' id='line_1_69' title="bbox 511 3562 2013 3653; baseline -0.021 -15"><span class='ocrx_word' id='word_1_471' title='bbox 511 3582 932 3653; x_wconf 83' lang='lat' dir='ltr'><strong>Turpitudinem,</strong></span> <span class='ocrx_word' id='word_1_472' title='bbox 954 3575 1151 3647; x_wconf 86' lang='lat' dir='ltr'><strong>inquit,</strong></span> <span class='ocrx_word' id='word_1_473' title='bbox 1182 3572 1349 3642; x_wconf 87' lang='lat' dir='ltr'><strong>patris</strong></span> <span class='ocrx_word' id='word_1_474' title='bbox 1374 3569 1449 3623; x_wconf 88' lang='lat' dir='ltr'><strong>tui</strong></span> <span class='ocrx_word' id='word_1_475' title='bbox 1490 3575 1537 3619; x_wconf 90' lang='lat' dir='ltr'><strong>et</strong></span> <span class='ocrx_word' id='word_1_476' title='bbox 1560 3562 1750 3617; x_wconf 89' lang='lat' dir='ltr'><strong>matris</strong></span> <span class='ocrx_word' id='word_1_477' title='bbox 1783 3568 1884 3611; x_wconf 67' lang='lat' dir='ltr'><strong>tua:</strong></span> <span class='ocrx_word' id='word_1_478' title='bbox 1913 3571 2013 3608; x_wconf 88' lang='lat' dir='ltr'><strong>non</strong></span> 
     </span>
    </p>
   </div>
   <div class='ocr_carea' id='block_1_67' title="bbox 433 3654 2016 3744">
    <p class='ocr_par' dir='ltr' id='par_1_67' title="bbox 433 3654 2016 3744">
     <span class='ocr_line' id='line_1_70' title="bbox 433 3654 2016 3744; baseline -0.021 -10"><span class='ocrx_word' id='word_1_479' title='bbox 433 3675 775 3744; x_wconf 83' lang='lat' dir='ltr'><strong>discooperies</strong></span> <span class='ocrx_word' id='word_1_480' title='bbox 797 3714 810 3734; x_wconf 88' lang='lat'><strong>.</strong></span> <span class='ocrx_word' id='word_1_481' title='bbox 840 3671 1028 3726; x_wconf 90' lang='lat' dir='ltr'><strong>eadem</strong></span> <span class='ocrx_word' id='word_1_482' title='bbox 1060 3674 1114 3721; x_wconf 92' lang='lat' dir='ltr'><strong>et</strong></span> <span class='ocrx_word' id='word_1_483' title='bbox 1142 3666 1197 3720; x_wconf 92' lang='lat' dir='ltr'><strong>in</strong></span> <span class='ocrx_word' id='word_1_484' title='bbox 1232 3657 1691 3730; x_wconf 89' lang='lat' dir='ltr'><strong>subsequentibus</strong></span> <span class='ocrx_word' id='word_1_485' title='bbox 1718 3654 1785 3708; x_wconf 91' lang='lat' dir='ltr'><strong>de</strong></span> <span class='ocrx_word' id='word_1_486' title='bbox 1819 3664 2016 3705; x_wconf 88' lang='lat' dir='ltr'><strong>nover-</strong></span> 
     </span>
    </p>
   </div>
   <div class='ocr_carea' id='block_1_68' title="bbox 435 3740 2017 3831">
    <p class='ocr_par' dir='ltr' id='par_1_68' title="bbox 435 3740 2017 3831">
     <span class='ocr_line' id='line_1_71' title="bbox 435 3740 2017 3831; baseline -0.019 -10"><span class='ocrx_word' id='word_1_487' title='bbox 435 3784 521 3831; x_wconf 87' lang='lat' dir='ltr'><strong>ca,</strong></span> <span class='ocrx_word' id='word_1_488' title='bbox 554 3775 609 3820; x_wconf 91' lang='lat' dir='ltr'><strong>et</strong></span> <span class='ocrx_word' id='word_1_489' title='bbox 639 3778 847 3827; x_wconf 90' lang='lat' dir='ltr'><strong>sorore,</strong></span> <span class='ocrx_word' id='word_1_490' title='bbox 885 3770 938 3815; x_wconf 92' lang='lat' dir='ltr'><strong>et</strong></span> <span class='ocrx_word' id='word_1_491' title='bbox 968 3774 1133 3822; x_wconf 90' lang='lat' dir='ltr'><strong>nuru,</strong></span> <span class='ocrx_word' id='word_1_492' title='bbox 1169 3764 1224 3810; x_wconf 91' lang='lat' dir='ltr'><strong>et</strong></span> <span class='ocrx_word' id='word_1_493' title='bbox 1249 3753 1370 3807; x_wconf 89' lang='lat' dir='ltr'><strong>aliis</strong></span> <span class='ocrx_word' id='word_1_494' title='bbox 1400 3748 1677 3810; x_wconf 91' lang='lat' dir='ltr'><strong>omnibus,</strong></span> <span class='ocrx_word' id='word_1_495' title='bbox 1725 3740 2017 3797; x_wconf 82' lang='lat' dir='ltr'><strong>revelatio-</strong></span> 
     </span>
    </p>
   </div>
   <div class='ocr_carea' id='block_1_69' title="bbox 438 3831 2015 3927">
    <p class='ocr_par' dir='ltr' id='par_1_69' title="bbox 438 3831 2015 3927">
     <span class='ocr_line' id='line_1_72' title="bbox 438 3831 2015 3927; baseline -0.024 -7"><span class='ocrx_word' id='word_1_496' title='bbox 438 3876 563 3920; x_wconf 84' lang='lat' dir='ltr'><strong>ncm</strong></span> <span class='ocrx_word' id='word_1_497' title='bbox 598 3854 953 3927; x_wconf 88' lang='lat' dir='ltr'><strong>turpitudinis</strong></span> <span class='ocrx_word' id='word_1_498' title='bbox 1004 3852 1199 3905; x_wconf 89' lang='lat' dir='ltr'><strong>horum</strong></span> <span class='ocrx_word' id='word_1_499' title='bbox 1232 3841 1678 3914; x_wconf 88' lang='lat' dir='ltr'><strong>eonjuuctionem</strong></span> <span class='ocrx_word' id='word_1_500' title='bbox 1714 3831 2015 3905; x_wconf 79' lang='lat' dir='ltr'><strong>appellans.</strong></span> 
     </span>
    </p>
   </div>
   <div class='ocr_carea' id='block_1_70' title="bbox 439 3924 2017 4013">
    <p class='ocr_par' dir='ltr' id='par_1_70' title="bbox 439 3924 2017 4013">
     <span class='ocr_line' id='line_1_73' title="bbox 439 3924 2017 4013; baseline -0.021 -4"><span class='ocrx_word' id='word_1_501' title='bbox 439 3953 518 4011; x_wconf 76' lang='lat' dir='ltr'><strong>Ex</strong></span> <span class='ocrx_word' id='word_1_502' title='bbox 556 3953 664 4013; x_wconf 81' lang='lat' dir='ltr'><strong>hoc</strong></span> <span class='ocrx_word' id='word_1_503' title='bbox 713 3962 968 4005; x_wconf 87' lang='lat' dir='ltr'><strong>sermone</strong></span> <span class='ocrx_word' id='word_1_504' title='bbox 991 3941 1266 4005; x_wconf 86' lang='lat' dir='ltr'><strong>erubesci,</strong></span> <span class='ocrx_word' id='word_1_505' title='bbox 1298 3945 1355 3992; x_wconf 91' lang='lat' dir='ltr'><strong>et</strong></span> <span class='ocrx_word' id='word_1_506' title='bbox 1384 3934 1580 3994; x_wconf 88' lang='lat' dir='ltr'><strong>averti.</strong></span> <span class='ocrx_word' id='word_1_507' title='bbox 1614 3931 1729 3985; x_wconf 76' lang='lat' dir='ltr'><strong>sive</strong></span> <span class='ocrx_word' id='word_1_508' title='bbox 1768 3927 1894 3981; x_wconf 87' lang='lat' dir='ltr'><strong>odio</strong></span> <span class='ocrx_word' id='word_1_509' title='bbox 1918 3924 2017 3977; x_wconf 88' lang='lat' dir='ltr'><strong>ba-</strong></span> 
     </span>
    </p>
   </div>
   <div class='ocr_carea' id='block_1_71' title="bbox 436 4024 1833 4107">
    <p class='ocr_par' dir='ltr' id='par_1_71' title="bbox 436 4024 1833 4107">
     <span class='ocr_line' id='line_1_74' title="bbox 436 4024 1833 4107; baseline -0.024 -1"><span class='ocrx_word' id='word_1_510' title='bbox 436 4045 554 4105; x_wconf 73' lang='lat' dir='ltr'><strong>lieri</strong></span> <span class='ocrx_word' id='word_1_511' title='bbox 586 4044 748 4099; x_wconf 88' lang='lat' dir='ltr'><strong>debet</strong></span> <span class='ocrx_word' id='word_1_512' title='bbox 777 4043 956 4096; x_wconf 85' lang='lat' dir='ltr'><strong>omnis</strong></span> <span class='ocrx_word' id='word_1_513' title='bbox 990 4033 1306 4107; x_wconf 89' lang='lat' dir='ltr'><strong>bujusmodi</strong></span> <span class='ocrx_word' id='word_1_514' title='bbox 1333 4028 1536 4084; x_wconf 88' lang='lat' dir='ltr'><strong>faciens</strong></span> <span class='ocrx_word' id='word_1_515' title='bbox 1565 4024 1833 4079; x_wconf 86' lang='lat' dir='ltr'><strong>actiones.</strong></span> 
     </span>
    </p>
   </div>
   <div class='ocr_carea' id='block_1_72' title="bbox 511 4110 2023 4199">
    <p class='ocr_par' dir='ltr' id='par_1_72' title="bbox 511 4110 2023 4199">
     <span class='ocr_line' id='line_1_75' title="bbox 511 4110 2023 4199; baseline -0.021 -5"><span class='ocrx_word' id='word_1_516' title='bbox 511 4137 769 4194; x_wconf 84' lang='lat' dir='ltr'><strong>Similiter</strong></span> <span class='ocrx_word' id='word_1_517' title='bbox 798 4144 847 4188; x_wconf 88' lang='lat' dir='ltr'><strong>et</strong></span> <span class='ocrx_word' id='word_1_518' title='bbox 882 4133 1016 4186; x_wconf 86' lang='lat' dir='ltr'><strong>illud</strong></span> <span class='ocrx_word' id='word_1_519' title='bbox 1063 4136 1351 4199; x_wconf 87' lang='lat' dir='ltr'><strong>opportune</strong></span> <span class='ocrx_word' id='word_1_520' title='bbox 1381 4121 1690 4177; x_wconf 87' lang='lat' dir='ltr'><strong>intuendum</strong></span> <span class='ocrx_word' id='word_1_521' title='bbox 1729 4123 1823 4173; x_wconf 82' lang='lat' dir='ltr'><strong>est,</strong></span> <span class='ocrx_word' id='word_1_522' title='bbox 1886 4110 2023 4174; x_wconf 87' lang='lat' dir='ltr'><strong>quod</strong></span> 
     </span>
    </p>
   </div>
   <div class='ocr_carea' id='block_1_73' title="bbox 442 4206 2022 4290">
    <p class='ocr_par' dir='ltr' id='par_1_73' title="bbox 442 4206 2022 4290">
     <span class='ocr_line' id='line_1_76' title="bbox 442 4206 2022 4290; baseline -0.02 -4"><span class='ocrx_word' id='word_1_523' title='bbox 442 4233 650 4287; x_wconf 81' lang='lat' dir='ltr'><strong>dicens:</strong></span> <span class='ocrx_word' id='word_1_524' title='bbox 684 4228 867 4284; x_wconf 88' lang='lat' dir='ltr'><strong>Omnis</strong></span> <span class='ocrx_word' id='word_1_525' title='bbox 896 4228 1048 4279; x_wconf 85' lang='lat' dir='ltr'><strong>homo</strong></span> <span class='ocrx_word' id='word_1_526' title='bbox 1086 4225 1157 4276; x_wconf 86' lang='lat' dir='ltr'><strong>ad</strong></span> <span class='ocrx_word' id='word_1_527' title='bbox 1185 4220 1481 4290; x_wconf 74' lang='lat' dir='ltr'><strong>proximam</strong></span> <span class='ocrx_word' id='word_1_528' title='bbox 1515 4209 1786 4281; x_wconf 74' lang='lat' dir='ltr'><strong>sanguinis</strong></span> <span class='ocrx_word' id='word_1_529' title='bbox 1811 4206 1891 4259; x_wconf 78' lang='lat' dir='ltr'><strong>sui</strong></span> <span class='ocrx_word' id='word_1_530' title='bbox 1922 4219 2022 4255; x_wconf 85' lang='lat' dir='ltr'><strong>non</strong></span> 
     </span>
    </p>
   </div>
   <div class='ocr_carea' id='block_1_74' title="bbox 442 4293 2023 4386">
    <p class='ocr_par' dir='ltr' id='par_1_74' title="bbox 442 4293 2023 4386">
     <span class='ocr_line' id='line_1_77' title="bbox 442 4293 2023 4386; baseline -0.02 -8"><span class='ocrx_word' id='word_1_531' title='bbox 442 4324 672 4386; x_wconf 83' lang='lat' dir='ltr'><strong>accedet,</strong></span> <span class='ocrx_word' id='word_1_532' title='bbox 702 4330 758 4375; x_wconf 90' lang='lat' dir='ltr'><strong>ut</strong></span> <span class='ocrx_word' id='word_1_533' title='bbox 782 4317 969 4372; x_wconf 81' lang='lat' dir='ltr'><strong>revelct</strong></span> <span class='ocrx_word' id='word_1_534' title='bbox 1005 4312 1381 4384; x_wconf 81' lang='lat' dir='ltr'><strong>turpitudinem</strong></span> <span class='ocrx_word' id='word_1_535' title='bbox 1420 4307 1553 4378; x_wconf 88' lang='lat' dir='ltr'><strong>ejus.</strong></span> <span class='ocrx_word' id='word_1_536' title='bbox 1584 4298 1842 4363; x_wconf 79' lang='lat' dir='ltr'><strong>Addidit:</strong></span> <span class='ocrx_word' id='word_1_537' title='bbox 1910 4293 2023 4365; x_wconf 84' lang='lat' dir='ltr'><strong>Ego</strong></span> 
     </span>
    </p>
   </div>
   <div class='ocr_carea' id='block_1_75' title="bbox 442 4391 2022 4483">
    <p class='ocr_par' dir='ltr' id='par_1_75' title="bbox 442 4391 2022 4483">
     <span class='ocr_line' id='line_1_78' title="bbox 442 4391 2022 4483; baseline -0.019 -9"><span class='ocrx_word' id='word_1_538' title='bbox 442 4419 719 4474; x_wconf 86' lang='lat' dir='ltr'><strong>Dominus.</strong></span> <span class='ocrx_word' id='word_1_539' title='bbox 757 4416 825 4469; x_wconf 65' lang='lat' dir='ltr'><strong>lit</strong></span> <span class='ocrx_word' id='word_1_540' title='bbox 857 4412 987 4483; x_wconf 91' lang='lat' dir='ltr'><strong>quid</strong></span> <span class='ocrx_word' id='word_1_541' title='bbox 1029 4425 1168 4483; x_wconf 90' lang='lat' dir='ltr'><strong>opus</strong></span> <span class='ocrx_word' id='word_1_542' title='bbox 1203 4415 1319 4463; x_wconf 88' lang='lat' dir='ltr'><strong>erat</strong></span> <span class='ocrx_word' id='word_1_543' title='bbox 1345 4404 1448 4458; x_wconf 82' lang='lat' dir='ltr'><strong>hoc</strong></span> <span class='ocrx_word' id='word_1_544' title='bbox 1477 4400 1622 4464; x_wconf 86' lang='lat' dir='ltr'><strong>addi,</strong></span> <span class='ocrx_word' id='word_1_545' title='bbox 1661 4411 1785 4452; x_wconf 90' lang='lat' dir='ltr'><strong>cum</strong></span> <span class='ocrx_word' id='word_1_546' title='bbox 1826 4391 2022 4456; x_wconf 89' lang='lat' dir='ltr'><strong>semel,</strong></span> 
     </span>
    </p>
   </div>
   <div class='ocr_carea' id='block_1_76' title="bbox 442 4483 2026 4576">
    <p class='ocr_par' dir='ltr' id='par_1_76' title="bbox 442 4483 2026 4576">
     <span class='ocr_line' id='line_1_79' title="bbox 442 4483 2026 4576; baseline -0.02 -10"><span class='ocrx_word' id='word_1_547' title='bbox 442 4519 499 4566; x_wconf 90' lang='lat' dir='ltr'><strong>et</strong></span> <span class='ocrx_word' id='word_1_548' title='bbox 528 4512 634 4565; x_wconf 89' lang='lat' dir='ltr'><strong>boc</strong></span> <span class='ocrx_word' id='word_1_549' title='bbox 667 4508 825 4564; x_wconf 89' lang='lat' dir='ltr'><strong>initio</strong></span> <span class='ocrx_word' id='word_1_550' title='bbox 856 4503 1139 4576; x_wconf 56' lang='lat' dir='ltr'><strong>prtesentis</strong></span> <span class='ocrx_word' id='word_1_551' title='bbox 1174 4495 1474 4555; x_wconf 87' lang='lat' dir='ltr'><strong>sanctionis</strong></span> <span class='ocrx_word' id='word_1_552' title='bbox 1516 4489 1751 4547; x_wconf 74' lang='lat' dir='ltr'><strong>dixerit:</strong></span> <span class='ocrx_word' id='word_1_553' title='bbox 1785 4487 1897 4556; x_wconf 86' lang='lat' dir='ltr'><strong>Ego</strong></span> <span class='ocrx_word' id='word_1_554' title='bbox 1926 4483 2026 4537; x_wconf 87' lang='lat' dir='ltr'><strong>Do-</strong></span> 
     </span>
    </p>
   </div>
   <div class='ocr_carea' id='block_1_77' title="bbox 446 4578 2023 4666">
    <p class='ocr_par' dir='ltr' id='par_1_77' title="bbox 446 4578 2023 4666">
     <span class='ocr_line' id='line_1_80' title="bbox 446 4578 2023 4666; baseline -0.016 -10"><span class='ocrx_word' id='word_1_555' title='bbox 446 4607 619 4660; x_wconf 84' lang='lat' dir='ltr'><strong>minus</strong></span> <span class='ocrx_word' id='word_1_556' title='bbox 667 4603 808 4658; x_wconf 87' lang='lat' dir='ltr'><strong>Deus</strong></span> <span class='ocrx_word' id='word_1_557' title='bbox 848 4600 1049 4656; x_wconf 64' lang='lat' dir='ltr'><strong>vester?</strong></span> <span class='ocrx_word' id='word_1_558' title='bbox 1079 4597 1190 4651; x_wconf 86' lang='lat' dir='ltr'><strong>Sed</strong></span> <span class='ocrx_word' id='word_1_559' title='bbox 1212 4605 1418 4666; x_wconf 33' lang='lat' dir='ltr'><strong>Iaperte</strong></span> <span class='ocrx_word' id='word_1_560' title='bbox 1449 4588 1579 4645; x_wconf 90' lang='lat' dir='ltr'><strong>illud</strong></span> <span class='ocrx_word' id='word_1_561' title='bbox 1606 4582 1868 4648; x_wconf 89' lang='lat' dir='ltr'><strong>ostendit,</strong></span> <span class='ocrx_word' id='word_1_562' title='bbox 1896 4578 2023 4649; x_wconf 89' lang='lat' dir='ltr'><strong>quia</strong></span> 
     </span>
    </p>
   </div>
   <div class='ocr_carea' id='block_1_78' title="bbox 446 4671 2025 4765">
    <p class='ocr_par' dir='ltr' id='par_1_78' title="bbox 446 4671 2025 4765">
     <span class='ocr_line' id='line_1_81' title="bbox 446 4671 2025 4765; baseline -0.018 -15"><span class='ocrx_word' id='word_1_563' title='bbox 446 4696 495 4751; x_wconf 89' lang='lat' dir='ltr'><strong>is</strong></span> <span class='ocrx_word' id='word_1_564' title='bbox 518 4695 608 4765; x_wconf 87' lang='lat' dir='ltr'><strong>qui</strong></span> <span class='ocrx_word' id='word_1_565' title='bbox 638 4693 757 4747; x_wconf 75' lang='lat' dir='ltr'><strong>haec</strong></span> <span class='ocrx_word' id='word_1_566' title='bbox 791 4690 990 4754; x_wconf 82' lang='lat' dir='ltr'><strong>sanxit,</strong></span> <span class='ocrx_word' id='word_1_567' title='bbox 1022 4689 1138 4759; x_wconf 89' lang='lat' dir='ltr'><strong>ipse</strong></span> <span class='ocrx_word' id='word_1_568' title='bbox 1177 4692 1260 4740; x_wconf 88' lang='lat' dir='ltr'><strong>est</strong></span> <span class='ocrx_word' id='word_1_569' title='bbox 1295 4682 1387 4753; x_wconf 89' lang='lat' dir='ltr'><strong>qui</strong></span> <span class='ocrx_word' id='word_1_570' title='bbox 1411 4681 1570 4736; x_wconf 88' lang='lat' dir='ltr'><strong>nobis</strong></span> <span class='ocrx_word' id='word_1_571' title='bbox 1593 4690 1759 4733; x_wconf 88' lang='lat' dir='ltr'><strong>carne</strong></span> <span class='ocrx_word' id='word_1_572' title='bbox 1787 4671 2025 4740; x_wconf 88' lang='lat' dir='ltr'><strong>conjun-</strong></span> 
     </span>
    </p>
   </div>
   <div class='ocr_carea' id='block_1_79' title="bbox 447 4760 2029 4850">
    <p class='ocr_par' dir='ltr' id='par_1_79' title="bbox 447 4760 2029 4850">
     <span class='ocr_line' id='line_1_82' title="bbox 447 4760 2029 4850; baseline -0.017 -10"><span class='ocrx_word' id='word_1_573' title='bbox 447 4795 569 4840; x_wconf 77' lang='lat' dir='ltr'><strong>t-tus</strong></span> <span class='ocrx_word' id='word_1_574' title='bbox 596 4793 700 4849; x_wconf 75' lang='lat' dir='ltr'><strong>est,</strong></span> <span class='ocrx_word' id='word_1_575' title='bbox 738 4791 1048 4850; x_wconf 63' lang='lat' dir='ltr'><strong>nostrasque</strong></span> <span class='ocrx_word' id='word_1_576' title='bbox 1087 4774 1428 4847; x_wconf 79' lang='lat' dir='ltr'><strong>cognationis</strong></span> <span class='ocrx_word' id='word_1_577' title='bbox 1470 4770 1704 4826; x_wconf 80' lang='lat' dir='ltr'><strong>eﬂectus</strong></span> <span class='ocrx_word' id='word_1_578' title='bbox 1734 4774 1819 4820; x_wconf 91' lang='lat' dir='ltr'><strong>est</strong></span> <span class='ocrx_word' id='word_1_579' title='bbox 1858 4760 2029 4832; x_wconf 89' lang='lat' dir='ltr'><strong>parti-</strong></span> 
     </span>
    </p>
   </div>
   <div class='ocr_carea' id='block_1_80' title="bbox 448 4862 2032 4949">
    <p class='ocr_par' dir='ltr' id='par_1_80' title="bbox 448 4862 2032 4949">
     <span class='ocr_line' id='line_1_83' title="bbox 448 4862 2032 4949; baseline -0.02 -13"><span class='ocrx_word' id='word_1_580' title='bbox 448 4895 601 4949; x_wconf 84' lang='lat' dir='ltr'><strong>ceps.</strong></span> <span class='ocrx_word' id='word_1_581' title='bbox 635 4876 789 4932; x_wconf 86' lang='lat' dir='ltr'><strong>Unde</strong></span> <span class='ocrx_word' id='word_1_582' title='bbox 838 4874 1100 4944; x_wconf 79' lang='lat' dir='ltr'><strong>injustam</strong></span> <span class='ocrx_word' id='word_1_583' title='bbox 1134 4879 1221 4927; x_wconf 88' lang='lat' dir='ltr'><strong>est</strong></span> <span class='ocrx_word' id='word_1_584' title='bbox 1249 4878 1309 4922; x_wconf 91' lang='lat' dir='ltr'><strong>ut</strong></span> <span class='ocrx_word' id='word_1_585' title='bbox 1354 4862 1789 4935; x_wconf 83' lang='lat' dir='ltr'><strong>magnitudinem</strong></span> <span class='ocrx_word' id='word_1_586' title='bbox 1831 4868 2032 4924; x_wconf 78' lang='lat' dir='ltr'><strong>cogna-</strong></span> 
     </span>
    </p>
   </div>
   <div class='ocr_carea' id='block_1_81' title="bbox 449 4949 2034 5040">
    <p class='ocr_par' dir='ltr' id='par_1_81' title="bbox 449 4949 2034 5040">
     <span class='ocr_line' id='line_1_84' title="bbox 449 4949 2034 5040; baseline -0.017 -13"><span class='ocrx_word' id='word_1_587' title='bbox 449 4972 614 5027; x_wconf 89' lang='lat' dir='ltr'><strong>tionis</strong></span> <span class='ocrx_word' id='word_1_588' title='bbox 641 4971 760 5040; x_wconf 84' lang='lat' dir='ltr'><strong>ejus</strong></span> <span class='ocrx_word' id='word_1_589' title='bbox 804 4967 1146 5037; x_wconf 90' lang='lat' dir='ltr'><strong>injuriemus.</strong></span> <span class='ocrx_word' id='word_1_590' title='bbox 1189 4964 1326 5016; x_wconf 74' lang='lat' dir='ltr'><strong>(lum</strong></span> <span class='ocrx_word' id='word_1_591' title='bbox 1357 4971 1538 5015; x_wconf 90' lang='lat' dir='ltr'><strong>autem</strong></span> <span class='ocrx_word' id='word_1_592' title='bbox 1585 4957 1700 5013; x_wconf 74' lang='lat' dir='ltr'><strong>[nec</strong></span> <span class='ocrx_word' id='word_1_593' title='bbox 1735 4952 1808 5011; x_wconf 86' lang='lat' dir='ltr'><strong>ita</strong></span> <span class='ocrx_word' id='word_1_594' title='bbox 1841 4965 1899 5003; x_wconf 89' lang='lat' dir='ltr'><strong>se</strong></span> <span class='ocrx_word' id='word_1_595' title='bbox 1937 4949 2034 5002; x_wconf 89' lang='lat' dir='ltr'><strong>ba-</strong></span> 
     </span>
    </p>
   </div>
   <div class='ocr_carea' id='block_1_82' title="bbox 448 5043 2037 5130">
    <p class='ocr_par' dir='ltr' id='par_1_82' title="bbox 448 5043 2037 5130">
     <span class='ocr_line' id='line_1_85' title="bbox 448 5043 2037 5130; baseline -0.019 -10"><span class='ocrx_word' id='word_1_596' title='bbox 448 5065 636 5126; x_wconf 85' lang='lat' dir='ltr'><strong>beant,</strong></span> <span class='ocrx_word' id='word_1_597' title='bbox 679 5058 1093 5130; x_wconf 80' lang='lat' dir='ltr'><strong>intelligendum</strong></span> <span class='ocrx_word' id='word_1_598' title='bbox 1142 5063 1227 5109; x_wconf 87' lang='lat' dir='ltr'><strong>est</strong></span> <span class='ocrx_word' id='word_1_599' title='bbox 1277 5049 1476 5109; x_wconf 86' lang='lat' dir='ltr'><strong>sanciri</strong></span> <span class='ocrx_word' id='word_1_600' title='bbox 1527 5043 1891 5117; x_wconf 86' lang='lat' dir='ltr'><strong>spiritaliter:</strong></span> <span class='ocrx_word' id='word_1_601' title='bbox 1926 5052 2037 5092; x_wconf 90' lang='lat' dir='ltr'><strong>non</strong></span> 
     </span>
    </p>
   </div>
   <div class='ocr_carea' id='block_1_83' title="bbox 450 5141 2039 5213">
    <p class='ocr_par' dir='ltr' id='par_1_83' title="bbox 450 5141 2039 5213">
     <span class='ocr_line' id='line_1_86' title="bbox 450 5141 2039 5213; baseline -0.019 0"><span class='ocrx_word' id='word_1_602' title='bbox 450 5159 569 5213; x_wconf 84' lang='lat' dir='ltr'><strong>vult</strong></span> <span class='ocrx_word' id='word_1_603' title='bbox 653 5155 801 5212; x_wconf 90' lang='lat' dir='ltr'><strong>enim</strong></span> <span class='ocrx_word' id='word_1_604' title='bbox 857 5168 960 5208; x_wconf 91' lang='lat' dir='ltr'><strong>nos</strong></span> <span class='ocrx_word' id='word_1_605' title='bbox 1039 5148 1290 5203; x_wconf 84' lang='lat' dir='ltr'><strong>revelare</strong></span> <span class='ocrx_word' id='word_1_606' title='bbox 1349 5141 1607 5213; x_wconf 79' lang='lat' dir='ltr'><strong>quaelibet</strong></span> <span class='ocrx_word' id='word_1_607' title='bbox 1683 5142 1946 5207; x_wconf 86' lang='lat' dir='ltr'><strong>peccata,</strong></span> <span class='ocrx_word' id='word_1_608' title='bbox 2009 5145 2039 5183; x_wconf 90' lang='lat' dir='ltr'><strong>a</strong></span> 
     </span>
    </p>
   </div>
   <div class='ocr_carea' id='block_1_84' title="bbox 452 5226 2042 5322">
    <p class='ocr_par' dir='ltr' id='par_1_84' title="bbox 452 5226 2042 5322">
     <span class='ocr_line' id='line_1_87' title="bbox 452 5226 2042 5322; baseline -0.019 -17"><span class='ocrx_word' id='word_1_609' title='bbox 452 5251 720 5322; x_wconf 78' lang='lat' dir='ltr'><strong>cognatis,</strong></span> <span class='ocrx_word' id='word_1_610' title='bbox 770 5247 1031 5302; x_wconf 79' lang='lat' dir='ltr'><strong>amicisve</strong></span> <span class='ocrx_word' id='word_1_611' title='bbox 1080 5241 1243 5297; x_wconf 89' lang='lat' dir='ltr'><strong>nobis</strong></span> <span class='ocrx_word' id='word_1_612' title='bbox 1273 5252 1394 5308; x_wconf 76' lang='lat' dir='ltr'><strong>quae</strong></span> <span class='ocrx_word' id='word_1_613' title='bbox 1441 5234 1647 5291; x_wconf 90' lang='lat' dir='ltr'><strong>credita</strong></span> <span class='ocrx_word' id='word_1_614' title='bbox 1677 5226 1898 5286; x_wconf 87' lang='lat' dir='ltr'><strong>fuerint.</strong></span> <span class='ocrx_word' id='word_1_615' title='bbox 1938 5237 2042 5276; x_wconf 91' lang='lat' dir='ltr'><strong>nec</strong></span> 
     </span>
    </p>
   </div>
   <div class='ocr_carea' id='block_1_85' title="bbox 450 5319 2042 5414">
    <p class='ocr_par' dir='ltr' id='par_1_85' title="bbox 450 5319 2042 5414">
     <span class='ocr_line' id='line_1_88' title="bbox 450 5319 2042 5414; baseline -0.018 -17"><span class='ocrx_word' id='word_1_616' title='bbox 450 5343 686 5414; x_wconf 86' lang='lat' dir='ltr'><strong>prodere</strong></span> <span class='ocrx_word' id='word_1_617' title='bbox 720 5352 907 5411; x_wconf 89' lang='lat' dir='ltr'><strong>turpes</strong></span> <span class='ocrx_word' id='word_1_618' title='bbox 931 5338 1176 5397; x_wconf 85' lang='lat' dir='ltr'><strong>actiones</strong></span> <span class='ocrx_word' id='word_1_619' title='bbox 1206 5332 1444 5393; x_wconf 89' lang='lat' dir='ltr'><strong>illorum,</strong></span> <span class='ocrx_word' id='word_1_620' title='bbox 1479 5342 1549 5382; x_wconf 91' lang='lat' dir='ltr'><strong>ne</strong></span> <span class='ocrx_word' id='word_1_621' title='bbox 1596 5324 1737 5380; x_wconf 84' lang='lat' dir='ltr'><strong>forte</strong></span> <span class='ocrx_word' id='word_1_622' title='bbox 1771 5319 2042 5391; x_wconf 87' lang='lat' dir='ltr'><strong>patiamur</strong></span> 
     </span>
    </p>
   </div>
   <div class='ocr_carea' id='block_1_86' title="bbox 454 5412 2042 5505">
    <p class='ocr_par' dir='ltr' id='par_1_86' title="bbox 454 5412 2042 5505">
     <span class='ocr_line' id='line_1_89' title="bbox 454 5412 2042 5505; baseline -0.018 -16"><span class='ocrx_word' id='word_1_623' title='bbox 454 5433 603 5505; x_wconf 86' lang='lat' dir='ltr'><strong>quod</strong></span> <span class='ocrx_word' id='word_1_624' title='bbox 648 5434 842 5499; x_wconf 83' lang='lat' dir='ltr'><strong>Cbam,</strong></span> <span class='ocrx_word' id='word_1_625' title='bbox 890 5432 983 5502; x_wconf 83' lang='lat' dir='ltr'><strong>qui</strong></span> <span class='ocrx_word' id='word_1_626' title='bbox 1042 5428 1212 5500; x_wconf 87' lang='lat' dir='ltr'><strong>patris</strong></span> <span class='ocrx_word' id='word_1_627' title='bbox 1259 5423 1562 5478; x_wconf 89' lang='lat' dir='ltr'><strong>nuditatem</strong></span> <span class='ocrx_word' id='word_1_628' title='bbox 1619 5417 1815 5472; x_wconf 87' lang='lat' dir='ltr'><strong>videns</strong></span> <span class='ocrx_word' id='word_1_629' title='bbox 1833 5412 1901 5477; x_wconf 66' lang='lat'><strong>‘°,</strong></span> <span class='ocrx_word' id='word_1_630' title='bbox 1933 5424 2042 5463; x_wconf 91' lang='lat' dir='ltr'><strong>non</strong></span> 
     </span>
    </p>
   </div>
   <div class='ocr_carea' id='block_1_87' title="bbox 457 5506 2043 5599">
    <p class='ocr_par' dir='ltr' id='par_1_87' title="bbox 457 5506 2043 5599">
     <span class='ocr_line' id='line_1_90' title="bbox 457 5506 2043 5599; baseline -0.022 -10"><span class='ocrx_word' id='word_1_631' title='bbox 457 5530 761 5599; x_wconf 76' lang='lat' dir='ltr'><strong>cooperuit,</strong></span> <span class='ocrx_word' id='word_1_632' title='bbox 792 5529 887 5585; x_wconf 89' lang='lat' dir='ltr'><strong>sed</strong></span> <span class='ocrx_word' id='word_1_633' title='bbox 916 5526 1176 5583; x_wconf 78' lang='lat' dir='ltr'><strong>fratribus</strong></span> <span class='ocrx_word' id='word_1_634' title='bbox 1198 5520 1485 5592; x_wconf 85' lang='lat' dir='ltr'><strong>egrediens</strong></span> <span class='ocrx_word' id='word_1_635' title='bbox 1500 5512 1774 5587; x_wconf 77' lang='lat' dir='ltr'><strong>patefecit.</strong></span> <span class='ocrx_word' id='word_1_636' title='bbox 1800 5506 1859 5560; x_wconf 88' lang='lat' dir='ltr'><strong>in</strong></span> <span class='ocrx_word' id='word_1_637' title='bbox 1890 5512 2043 5574; x_wconf 91' lang='lat' dir='ltr'><strong>patre</strong></span> 
     </span>
    </p>
   </div>
   <div class='ocr_carea' id='block_1_88' title="bbox 460 5602 2045 5691">
    <p class='ocr_par' dir='ltr' id='par_1_88' title="bbox 460 5602 2045 5691">
     <span class='ocr_line' id='line_1_91' title="bbox 460 5602 2045 5691; baseline -0.009 -15"><span class='ocrx_word' id='word_1_638' title='bbox 460 5634 592 5691; x_wconf 78' lang='lat' dir='ltr'><strong>ergo</strong></span> <span class='ocrx_word' id='word_1_639' title='bbox 619 5629 676 5674; x_wconf 88' lang='lat' dir='ltr'><strong>et</strong></span> <span class='ocrx_word' id='word_1_640' title='bbox 705 5630 900 5683; x_wconf 87' lang='lat' dir='ltr'><strong>matre,</strong></span> <span class='ocrx_word' id='word_1_641' title='bbox 936 5628 993 5677; x_wconf 87' lang='lat' dir='ltr'><strong>et</strong></span> <span class='ocrx_word' id='word_1_642' title='bbox 1025 5630 1235 5679; x_wconf 86' lang='lat' dir='ltr'><strong>sorore,</strong></span> <span class='ocrx_word' id='word_1_643' title='bbox 1275 5622 1632 5683; x_wconf 86' lang='lat' dir='ltr'><strong>quoscunque</strong></span> <span class='ocrx_word' id='word_1_644' title='bbox 1676 5602 1812 5657; x_wconf 91' lang='lat' dir='ltr'><strong>alios</strong></span> <span class='ocrx_word' id='word_1_645' title='bbox 1846 5606 2045 5663; x_wconf 66' lang='grc' dir='ltr'><strong>εοςζιια·</strong></span> 
     </span>
    </p>
   </div>
   <div class='ocr_carea' id='block_1_89' title="bbox 533 5814 1596 5882">
    <p class='ocr_par' dir='ltr' id='par_1_89' title="bbox 533 5814 1596 5882">
     <span class='ocr_line' id='line_1_92' title="bbox 533 5814 1596 5882; baseline -0.013 -3"><span class='ocrx_word' id='word_1_646' title='bbox 533 5825 581 5857; x_wconf 69' lang='grc'><strong>³⁸</strong></span> <span class='ocrx_word' id='word_1_647' title='bbox 621 5823 781 5879; x_wconf 84' lang='lat' dir='ltr'><strong>Num.</strong></span> <span class='ocrx_word' id='word_1_648' title='bbox 815 5840 942 5882; x_wconf 64' lang='lat' dir='ltr'><strong>xxv,</strong></span> <span class='ocrx_word' id='word_1_649' title='bbox 978 5823 1064 5874; x_wconf 73' lang='lat' dir='ltr'><strong>iil.</strong></span> <span class='ocrx_word' id='word_1_650' title='bbox 1172 5822 1214 5850; x_wconf 87' lang='grc'><strong>³⁷</strong></span> <span class='ocrx_word' id='word_1_651' title='bbox 1240 5817 1378 5873; x_wconf 77' lang='lat' dir='ltr'><strong>Osce</strong></span> <span class='ocrx_word' id='word_1_652' title='bbox 1412 5833 1507 5875; x_wconf 80' lang='lat' dir='ltr'><strong>\‘ll,</strong></span> <span class='ocrx_word' id='word_1_653' title='bbox 1543 5814 1596 5866; x_wconf 66' lang='grc' dir='ltr'><strong>ἆ.</strong></span> 
     </span>
    </p>
   </div>
   <div class='ocr_carea' id='block_1_90' title="bbox 463 5886 1617 5961">
    <p class='ocr_par' dir='ltr' id='par_1_90' title="bbox 463 5886 1617 5961">
     <span class='ocr_line' id='line_1_93' title="bbox 463 5886 1617 5961; baseline -0.014 -8"><span class='ocrx_word' id='word_1_654' title='bbox 463 5896 513 5937; x_wconf 70' lang='grc'><strong>⁸⁸</strong></span> <span class='ocrx_word' id='word_1_655' title='bbox 537 5894 557 5952; x_wconf 82' lang='grc'><strong>1</strong></span> <span class='ocrx_word' id='word_1_656' title='bbox 585 5895 714 5951; x_wconf 78' lang='lat' dir='ltr'><strong>Cor.</strong></span> <span class='ocrx_word' id='word_1_657' title='bbox 746 5909 847 5961; x_wconf 64' lang='lat' dir='ltr'><strong>tu,</strong></span> <span class='ocrx_word' id='word_1_658' title='bbox 886 5893 968 5947; x_wconf 67' lang='lat' dir='ltr'><strong>l2.</strong></span> <span class='ocrx_word' id='word_1_659' title='bbox 1048 5891 1092 5922; x_wconf 72' lang='lat'>”</span> <span class='ocrx_word' id='word_1_660' title='bbox 1117 5887 1273 5943; x_wconf 74' lang='lat' dir='ltr'><strong>Rom.</strong></span> <span class='ocrx_word' id='word_1_661' title='bbox 1307 5903 1424 5953; x_wconf 76' lang='lat' dir='ltr'><strong>xm,</strong></span> <span class='ocrx_word' id='word_1_662' title='bbox 1453 5887 1507 5952; x_wconf 79' lang='lat'><strong>9,</strong></span> <span class='ocrx_word' id='word_1_663' title='bbox 1535 5886 1617 5938; x_wconf 82' lang='lat' dir='ltr'><strong>lt).</strong></span> 
     </span>
    </p>
   </div>
   <div class='ocr_carea' id='block_1_91' title="bbox 1689 5803 2149 5872">
    <p class='ocr_par' dir='ltr' id='par_1_91' title="bbox 1689 5803 2149 5872">
     <span class='ocr_line' id='line_1_94' title="bbox 1689 5803 2149 5872; baseline -0.013 -7"><span class='ocrx_word' id='word_1_664' title='bbox 1689 5813 1733 5843; x_wconf 76' lang='grc'><strong>³³</strong></span> <span class='ocrx_word' id='word_1_665' title='bbox 1771 5811 1908 5865; x_wconf 81' lang='lat' dir='ltr'><strong>Osee</strong></span> <span class='ocrx_word' id='word_1_666' title='bbox 1956 5822 2027 5872; x_wconf 79' lang='lat' dir='ltr'><strong>iv,</strong></span> <span class='ocrx_word' id='word_1_667' title='bbox 2063 5803 2149 5859; x_wconf 69' lang='lat' dir='ltr'><strong>ll.</strong></span> 
     </span>
    </p>
   </div>
   <div class='ocr_carea' id='block_1_92' title="bbox 2113 3255 3699 3347">
    <p class='ocr_par' dir='ltr' id='par_1_92' title="bbox 2113 3255 3699 3347">
     <span class='ocr_line' id='line_1_95' title="bbox 2113 3255 3699 3347; baseline -0.034 0"><span class='ocrx_word' id='word_1_668' title='bbox 2113 3293 2217 3347; x_wconf 86' lang='lat' dir='ltr'><strong>hoc</strong></span> <span class='ocrx_word' id='word_1_669' title='bbox 2235 3302 2330 3343; x_wconf 91' lang='lat' dir='ltr'><strong>eos</strong></span> <span class='ocrx_word' id='word_1_670' title='bbox 2357 3285 2650 3340; x_wconf 88' lang='lat' dir='ltr'><strong>tentantes,</strong></span> <span class='ocrx_word' id='word_1_671' title='bbox 2685 3290 2748 3327; x_wconf 87' lang='lat' dir='ltr'><strong>ac</strong></span> <span class='ocrx_word' id='word_1_672' title='bbox 2779 3267 2977 3325; x_wconf 88' lang='lat' dir='ltr'><strong>deinde</strong></span> <span class='ocrx_word' id='word_1_673' title='bbox 3009 3262 3253 3316; x_wconf 86' lang='lat' dir='ltr'><strong>actiones</strong></span> <span class='ocrx_word' id='word_1_674' title='bbox 3281 3262 3468 3306; x_wconf 88' lang='lat' dir='ltr'><strong>eorum</strong></span> <span class='ocrx_word' id='word_1_675' title='bbox 3500 3255 3699 3310; x_wconf 85' lang='lat' dir='ltr'><strong>turpes</strong></span> 
     </span>
    </p>
   </div>
   <div class='ocr_carea' id='block_1_93' title="bbox 2113 3341 3697 3455">
    <p class='ocr_par' dir='ltr' id='par_1_93' title="bbox 2113 3341 3697 3455">
     <span class='ocr_line' id='line_1_96' title="bbox 2113 3341 3697 3455; baseline -0.037 -14"><span class='ocrx_word' id='word_1_676' title='bbox 2113 3385 2523 3455; x_wconf 85' lang='lat' dir='ltr'><strong>cognoscentes,</strong></span> <span class='ocrx_word' id='word_1_677' title='bbox 2547 3368 2842 3443; x_wconf 87' lang='lat' dir='ltr'><strong>prodamus</strong></span> <span class='ocrx_word' id='word_1_678' title='bbox 2876 3374 2987 3415; x_wconf 91' lang='lat' dir='ltr'><strong>eos.</strong></span> <span class='ocrx_word' id='word_1_679' title='bbox 3021 3352 3179 3410; x_wconf 91' lang='lat' dir='ltr'><strong>Unde</strong></span> <span class='ocrx_word' id='word_1_680' title='bbox 3203 3356 3257 3402; x_wconf 89' lang='lat' dir='ltr'><strong>et</strong></span> <span class='ocrx_word' id='word_1_681' title='bbox 3289 3341 3450 3398; x_wconf 90' lang='lat' dir='ltr'><strong>nimis</strong></span> <span class='ocrx_word' id='word_1_682' title='bbox 3482 3349 3697 3406; x_wconf 90' lang='lat' dir='ltr'><strong>oppor—</strong></span> 
     </span>
     <span class='ocr_line' id='line_1_97' title="bbox 2938 3431 3697 3455; baseline -0.034 19"><span class='ocrx_word' id='word_1_683' title='bbox 2938 3454 2945 3455; x_wconf 49' lang='grc' dir='ltr'>ί</span> <span class='ocrx_word' id='word_1_684' title='bbox 3105 3445 3130 3455; x_wconf 73' lang='grc' dir='ltr'><strong>-ν</strong></span> <span class='ocrx_word' id='word_1_685' title='bbox 3154 3444 3166 3455; x_wconf 92' lang='lat'><strong>-</strong></span> <span class='ocrx_word' id='word_1_686' title='bbox 3268 3448 3281 3455; x_wconf 64' lang='grc' dir='ltr'>η</span> <span class='ocrx_word' id='word_1_687' title='bbox 3334 3452 3361 3455; x_wconf 53' lang='grc' dir='ltr'>η</span> <span class='ocrx_word' id='word_1_688' title='bbox 3394 3431 3697 3455; x_wconf 43' lang='lat' dir='ltr'><strong>“sanan...”</strong></span> 
     </span>
    </p>
   </div>
   <div class='ocr_carea' id='block_1_94' title="bbox 2116 3431 3704 3535">
    <p class='ocr_par' dir='ltr' id='par_1_94' title="bbox 2116 3431 3704 3535">
     <span class='ocr_line' id='line_1_98' title="bbox 2116 3431 3704 3535; baseline -0.037 0"><span class='ocrx_word' id='word_1_689' title='bbox 2116 3431 2246 3535; x_wconf 52' lang='grc' dir='ltr'><strong>ωδε</strong></span> <span class='ocrx_word' id='word_1_690' title='bbox 2292 3431 2586 3528; x_wconf 30' lang='lat' dir='ltr'><strong>subdidit}</strong></span> <span class='ocrx_word' id='word_1_691' title='bbox 2629 3461 2738 3533; x_wconf 84' lang='lat' dir='ltr'><strong>Ego</strong></span> <span class='ocrx_word' id='word_1_692' title='bbox 2794 3454 3069 3510; x_wconf 85' lang='lat' dir='ltr'><strong>Dominus.</strong></span> <span class='ocrx_word' id='word_1_693' title='bbox 3105 3444 3169 3500; x_wconf 85' lang='lat' dir='ltr'><strong>Id</strong></span> <span class='ocrx_word' id='word_1_694' title='bbox 3204 3448 3287 3496; x_wconf 88' lang='lat' dir='ltr'><strong>est</strong></span> <span class='ocrx_word' id='word_1_695' title='bbox 3332 3431 3704 3491; x_wconf 83' lang='lat' dir='ltr'><strong>manifestans</strong></span> 
     </span>
    </p>
   </div>
   <div class='ocr_carea' id='block_1_95' title="bbox 2118 3523 3705 3631">
    <p class='ocr_par' dir='ltr' id='par_1_95' title="bbox 2118 3523 3705 3631">
     <span class='ocr_line' id='line_1_99' title="bbox 2118 3523 3705 3631; baseline -0.037 -5"><span class='ocrx_word' id='word_1_696' title='bbox 2118 3569 2400 3626; x_wconf 88' lang='lat' dir='ltr'><strong>hominum</strong></span> <span class='ocrx_word' id='word_1_697' title='bbox 2445 3564 2687 3631; x_wconf 86' lang='lat' dir='ltr'><strong>peccata,</strong></span> <span class='ocrx_word' id='word_1_698' title='bbox 2720 3556 3062 3622; x_wconf 70' lang='lat' dir='ltr'><strong>qumcunque</strong></span> <span class='ocrx_word' id='word_1_699' title='bbox 3095 3530 3328 3592; x_wconf 89' lang='lat' dir='ltr'><strong>confessi</strong></span> <span class='ocrx_word' id='word_1_700' title='bbox 3367 3523 3572 3581; x_wconf 89' lang='lat' dir='ltr'><strong>fuerint</strong></span> <span class='ocrx_word' id='word_1_701' title='bbox 3599 3536 3613 3583; x_wconf 91' lang='lat'><strong>;</strong></span> <span class='ocrx_word' id='word_1_702' title='bbox 3637 3526 3705 3569; x_wconf 86' lang='lat' dir='ltr'><strong>et</strong></span> 
     </span>
    </p>
   </div>
   <div class='ocr_carea' id='block_1_96' title="bbox 2117 3619 3705 3725">
    <p class='ocr_par' dir='ltr' id='par_1_96' title="bbox 2117 3619 3705 3725">
     <span class='ocr_line' id='line_1_100' title="bbox 2117 3619 3705 3725; baseline -0.037 -6"><span class='ocrx_word' id='word_1_703' title='bbox 2117 3660 2324 3719; x_wconf 88' lang='lat' dir='ltr'><strong>orando</strong></span> <span class='ocrx_word' id='word_1_704' title='bbox 2355 3619 2750 3725; x_wconf 45' lang='lat' dir='ltr'><strong>exposuerint,</strong></span> <span class='ocrx_word' id='word_1_705' title='bbox 2774 3652 2961 3712; x_wconf 83' lang='lat' dir='ltr'><strong>tegens</strong></span> <span class='ocrx_word' id='word_1_706' title='bbox 2988 3641 3045 3688; x_wconf 90' lang='lat' dir='ltr'><strong>et</strong></span> <span class='ocrx_word' id='word_1_707' title='bbox 3092 3626 3386 3695; x_wconf 87' lang='lat' dir='ltr'><strong>dissipans,</strong></span> <span class='ocrx_word' id='word_1_708' title='bbox 3427 3619 3499 3672; x_wconf 85' lang='lat' dir='ltr'><strong>ita</strong></span> <span class='ocrx_word' id='word_1_709' title='bbox 3534 3620 3596 3667; x_wconf 90' lang='lat' dir='ltr'><strong>ut</strong></span> <span class='ocrx_word' id='word_1_710' title='bbox 3625 3625 3705 3725; x_wconf 61' lang='lat' dir='ltr'><strong>qe</strong></span> 
     </span>
    </p>
   </div>
   <div class='ocr_carea' id='block_1_97' title="bbox 2118 3701 3704 3827">
    <p class='ocr_par' dir='ltr' id='par_1_97' title="bbox 2118 3701 3704 3827">
     <span class='ocr_line' id='line_1_101' title="bbox 2118 3701 2858 3725; baseline -0.035 -6"><span class='ocrx_word' id='word_1_711' title='bbox 2118 3701 2323 3719; x_wconf 48' lang='lat' dir='ltr'><strong>me...”</strong></span> <span class='ocrx_word' id='word_1_712' title='bbox 2357 3701 2588 3725; x_wconf 40' lang='lat' dir='ltr'><strong>“re”-</strong></span> <span class='ocrx_word' id='word_1_713' title='bbox 2718 3701 2728 3710; x_wconf 76' lang='grc'><strong><em>,</em></strong></span> <span class='ocrx_word' id='word_1_714' title='bbox 2830 3701 2858 3712; x_wconf 58' lang='grc' dir='ltr'>ν</span> 
     </span>
     <span class='ocr_line' id='line_1_102' title="bbox 2118 3701 3704 3827; baseline -0.038 -14"><span class='ocrx_word' id='word_1_715' title='bbox 2118 3756 2335 3827; x_wconf 88' lang='lat' dir='ltr'><strong>quidem</strong></span> <span class='ocrx_word' id='word_1_716' title='bbox 2353 3746 2642 3816; x_wconf 79' lang='lat' dir='ltr'><strong>vestigium</strong></span> <span class='ocrx_word' id='word_1_717' title='bbox 2673 3750 2861 3793; x_wconf 90' lang='lat' dir='ltr'><strong>eorum</strong></span> <span class='ocrx_word' id='word_1_718' title='bbox 2885 3727 3204 3799; x_wconf 88' lang='lat' dir='ltr'><strong>reperiatur.</strong></span> <span class='ocrx_word' id='word_1_719' title='bbox 3226 3716 3362 3783; x_wconf 85' lang='lat' dir='ltr'><strong>Quia</strong></span> <span class='ocrx_word' id='word_1_720' title='bbox 3392 3724 3520 3780; x_wconf 86' lang='lat' dir='ltr'><strong>ergo</strong></span> <span class='ocrx_word' id='word_1_721' title='bbox 3551 3701 3704 3758; x_wconf 84' lang='lat' dir='ltr'><strong>mul—</strong></span> 
     </span>
     <span class='ocr_line' id='line_1_103' title="bbox 2951 3794 3704 3827; baseline -0.032 20"><span class='ocrx_word' id='word_1_722' title='bbox 2951 3824 2960 3827; x_wconf 83' lang='lat'><strong>-</strong></span> <span class='ocrx_word' id='word_1_723' title='bbox 3177 3825 3184 3827; x_wconf 97' lang='lat'><strong><em>-</em></strong></span> <span class='ocrx_word' id='word_1_724' title='bbox 3256 3810 3464 3827; x_wconf 47' lang='lat' dir='ltr'><strong>tum---</strong></span> <span class='ocrx_word' id='word_1_725' title='bbox 3504 3794 3704 3827; x_wconf 67' lang='lat' dir='ltr'><strong>A:.s:,.;_</strong></span> 
     </span>
    </p>
   </div>
   <div class='ocr_carea' id='block_1_98' title="bbox 2120 3794 3664 3908">
    <p class='ocr_par' dir='ltr' id='par_1_98' title="bbox 2120 3794 3664 3908">
     <span class='ocr_line' id='line_1_104' title="bbox 2120 3794 2959 3827; baseline -0.036 -14"><span class='ocrx_word' id='word_1_726' title='bbox 2120 3794 2335 3827; x_wconf 53' lang='grc' dir='ltr'><strong>ψυυυ...</strong></span> <span class='ocrx_word' id='word_1_727' title='bbox 2366 3794 2635 3816; x_wconf 19' lang='lat' dir='ltr'><strong>merome.</strong></span> <span class='ocrx_word' id='word_1_728' title='bbox 2945 3794 2959 3799; x_wconf 96' lang='lat'>_</span> 
     </span>
     <span class='ocr_line' id='line_1_105' title="bbox 2120 3794 3664 3908; baseline -0.038 -2"><span class='ocrx_word' id='word_1_729' title='bbox 2120 3861 2235 3906; x_wconf 89' lang='lat' dir='ltr'><strong>tum</strong></span> <span class='ocrx_word' id='word_1_730' title='bbox 2268 3857 2455 3901; x_wconf 82' lang='lat' dir='ltr'><strong>eorum</strong></span> <span class='ocrx_word' id='word_1_731' title='bbox 2482 3852 2601 3908; x_wconf 70' lang='lat' dir='ltr'><strong>quae</strong></span> <span class='ocrx_word' id='word_1_732' title='bbox 2632 3845 2775 3886; x_wconf 89' lang='lat' dir='ltr'><strong>nunc</strong></span> <span class='ocrx_word' id='word_1_733' title='bbox 2817 3824 3022 3882; x_wconf 85' lang='lat' dir='ltr'><strong>sancita</strong></span> <span class='ocrx_word' id='word_1_734' title='bbox 3066 3825 3211 3875; x_wconf 87' lang='lat' dir='ltr'><strong>sunt,</strong></span> <span class='ocrx_word' id='word_1_735' title='bbox 3256 3810 3467 3864; x_wconf 88' lang='lat' dir='ltr'><strong>lucrmn</strong></span> <span class='ocrx_word' id='word_1_736' title='bbox 3504 3794 3664 3854; x_wconf 90' lang='lat' dir='ltr'><strong>didici</strong></span> 
     </span>
    </p>
   </div>
   <div class='ocr_carea' id='block_1_99' title="bbox 2122 3915 3344 4000">
    <p class='ocr_par' dir='ltr' id='par_1_99' title="bbox 2122 3915 3344 4000">
     <span class='ocr_line' id='line_1_106' title="bbox 2122 3915 3344 4000; baseline -0.038 -3"><span class='ocrx_word' id='word_1_737' title='bbox 2122 3956 2266 4000; x_wconf 85' lang='lat' dir='ltr'><strong>mus,</strong></span> <span class='ocrx_word' id='word_1_738' title='bbox 2302 3936 2365 3990; x_wconf 81' lang='lat' dir='ltr'><strong>ad</strong></span> <span class='ocrx_word' id='word_1_739' title='bbox 2399 3948 2458 3986; x_wconf 86' lang='lat' dir='ltr'><strong>ca</strong></span> <span class='ocrx_word' id='word_1_740' title='bbox 2490 3944 2611 3999; x_wconf 74' lang='lat' dir='ltr'><strong>qua:</strong></span> <span class='ocrx_word' id='word_1_741' title='bbox 2645 3926 2951 3990; x_wconf 86' lang='lat' dir='ltr'><strong>sequuntur</strong></span> <span class='ocrx_word' id='word_1_742' title='bbox 2981 3915 3344 3964; x_wconf 87' lang='lat' dir='ltr'><strong>transeatnus.</strong></span> 
     </span>
    </p>
   </div>
   <div class='ocr_carea' id='block_1_100' title="bbox 2194 3979 3708 4100">
    <p class='ocr_par' dir='ltr' id='par_1_100' title="bbox 2194 3979 3708 4100">
     <span class='ocr_line' id='line_1_107' title="bbox 2194 3979 2737 4000; baseline -0.037 -6"><span class='ocrx_word' id='word_1_743' title='bbox 2194 3979 2266 4000; x_wconf 59' lang='grc' dir='ltr'>η,</span> <span class='ocrx_word' id='word_1_744' title='bbox 2402 3979 2458 3986; x_wconf 80' lang='lat'><strong>-_</strong></span> <span class='ocrx_word' id='word_1_745' title='bbox 2729 3979 2737 3990; x_wconf 91' lang='lat'><em>_</em></span> 
     </span>
     <span class='ocr_line' id='line_1_108' title="bbox 2194 3979 3708 4100; baseline -0.038 -14"><span class='ocrx_word' id='word_1_746' title='bbox 2194 4025 2588 4100; x_wconf 86' lang='lat' dir='ltr'><strong>Turpitudinem</strong></span> <span class='ocrx_word' id='word_1_747' title='bbox 2619 4015 2795 4072; x_wconf 73' lang='lat' dir='ltr'><strong>uxoris</strong></span> <span class='ocrx_word' id='word_1_748' title='bbox 2833 4023 2935 4063; x_wconf 80' lang='lat' dir='ltr'><strong>tute</strong></span> <span class='ocrx_word' id='word_1_749' title='bbox 2967 4013 3013 4057; x_wconf 89' lang='lat' dir='ltr'><strong>et</strong></span> <span class='ocrx_word' id='word_1_750' title='bbox 3065 3999 3190 4070; x_wconf 76' lang='lat' dir='ltr'><strong>ﬁlice</strong></span> <span class='ocrx_word' id='word_1_751' title='bbox 3225 3993 3339 4062; x_wconf 85' lang='lat' dir='ltr'><strong>ejus</strong></span> <span class='ocrx_word' id='word_1_752' title='bbox 3368 4003 3471 4041; x_wconf 85' lang='lat' dir='ltr'><strong>non</strong></span> <span class='ocrx_word' id='word_1_753' title='bbox 3500 3979 3708 4036; x_wconf 74' lang='lat' dir='ltr'><strong>reuela-</strong></span> 
     </span>
    </p>
   </div>
   <div class='ocr_carea' id='block_1_101' title="bbox 2125 4082 3707 4189">
    <p class='ocr_par' dir='ltr' id='par_1_101' title="bbox 2125 4082 3707 4189">
     <span class='ocr_line' id='line_1_109' title="bbox 2125 4082 3707 4189; baseline -0.039 -9"><span class='ocrx_word' id='word_1_754' title='bbox 2125 4082 2312 4189; x_wconf 19' lang='lat' dir='ltr'><strong>bis—,Vet&#39;</strong></span> <span class='ocrx_word' id='word_1_755' title='bbox 2335 4118 2503 4187; x_wconf 84' lang='lat' dir='ltr'><strong>ﬁliam</strong></span> <span class='ocrx_word' id='word_1_756' title='bbox 2532 4110 2628 4180; x_wconf 75' lang='lat' dir='ltr'><strong>filii</strong></span> <span class='ocrx_word' id='word_1_757' title='bbox 2656 4106 2790 4175; x_wconf 82' lang='lat' dir='ltr'><strong>ejus,</strong></span> <span class='ocrx_word' id='word_1_758' title='bbox 2822 4109 2869 4153; x_wconf 90' lang='lat' dir='ltr'><strong>et</strong></span> <span class='ocrx_word' id='word_1_759' title='bbox 2895 4097 3061 4166; x_wconf 80' lang='lat' dir='ltr'><strong>ﬁliam</strong></span> <span class='ocrx_word' id='word_1_760' title='bbox 3095 4087 3220 4158; x_wconf 67' lang='lat' dir='ltr'><strong>ﬁliae</strong></span> <span class='ocrx_word' id='word_1_761' title='bbox 3251 4082 3363 4151; x_wconf 82' lang='lat' dir='ltr'><strong>ejus</strong></span> <span class='ocrx_word' id='word_1_762' title='bbox 3388 4092 3487 4131; x_wconf 80' lang='lat' dir='ltr'><strong>non</strong></span> <span class='ocrx_word' id='word_1_763' title='bbox 3505 4084 3707 4130; x_wconf 71' lang='lat' dir='ltr'><strong>sumes,</strong></span> 
     </span>
    </p>
   </div>
   <div class='ocr_carea' id='block_1_102' title="bbox 2129 4168 3711 4274">
    <p class='ocr_par' dir='ltr' id='par_1_102' title="bbox 2129 4168 3711 4274">
     <span class='ocr_line' id='line_1_110' title="bbox 2129 4168 2693 4189; baseline -0.035 6"><span class='ocrx_word' id='word_1_764' title='bbox 2129 4168 2222 4189; x_wconf 65' lang='grc' dir='ltr'><strong>νη»</strong></span> <span class='ocrx_word' id='word_1_765' title='bbox 2260 4168 2302 4174; x_wconf 69' lang='grc' dir='ltr'><strong>ν-</strong></span> <span class='ocrx_word' id='word_1_766' title='bbox 2335 4168 2407 4187; x_wconf 48' lang='grc' dir='ltr'><strong>ι-ίν</strong></span> <span class='ocrx_word' id='word_1_767' title='bbox 2532 4168 2542 4180; x_wconf 86' lang='lat'><strong>.</strong></span> <span class='ocrx_word' id='word_1_768' title='bbox 2678 4168 2693 4175; x_wconf 85' lang='grc'><strong>-</strong></span> 
     </span>
     <span class='ocr_line' id='line_1_111' title="bbox 2129 4168 3711 4274; baseline -0.037 -3"><span class='ocrx_word' id='word_1_769' title='bbox 2129 4227 2182 4271; x_wconf 89' lang='lat' dir='ltr'><strong>ut</strong></span> <span class='ocrx_word' id='word_1_770' title='bbox 2228 4209 2418 4266; x_wconf 83' lang='lat' dir='ltr'><strong>reveles</strong></span> <span class='ocrx_word' id='word_1_771' title='bbox 2460 4198 2804 4274; x_wconf 80' lang='lat' dir='ltr'><strong>ignominiam</strong></span> <span class='ocrx_word' id='word_1_772' title='bbox 2839 4191 2973 4259; x_wconf 85' lang='lat' dir='ltr'><strong>ejus,</strong></span> <span class='ocrx_word' id='word_1_773' title='bbox 2998 4184 3121 4255; x_wconf 87' lang='lat' dir='ltr'><strong>quia</strong></span> <span class='ocrx_word' id='word_1_774' title='bbox 3152 4192 3275 4232; x_wconf 86' lang='lat' dir='ltr'><strong>caro</strong></span> <span class='ocrx_word' id='word_1_775' title='bbox 3310 4171 3453 4225; x_wconf 84' lang='lat' dir='ltr'><strong>illius</strong></span> <span class='ocrx_word' id='word_1_776' title='bbox 3475 4171 3618 4226; x_wconf 82' lang='lat' dir='ltr'><strong>sunt,</strong></span> <span class='ocrx_word' id='word_1_777' title='bbox 3652 4168 3711 4214; x_wconf 76' lang='lat' dir='ltr'><strong>et</strong></span> 
     </span>
    </p>
   </div>
   <div class='ocr_carea' id='block_1_103' title="bbox 2129 4262 3712 4361">
    <p class='ocr_par' dir='ltr' id='par_1_103' title="bbox 2129 4262 3712 4361">
     <span class='ocr_line' id='line_1_112' title="bbox 2129 4262 3712 4361; baseline -0.035 0"><span class='ocrx_word' id='word_1_778' title='bbox 2129 4306 2251 4361; x_wconf 90' lang='lat' dir='ltr'><strong>talis</strong></span> <span class='ocrx_word' id='word_1_779' title='bbox 2281 4302 2448 4356; x_wconf 84' lang='lat' dir='ltr'><strong>coitus</strong></span> <span class='ocrx_word' id='word_1_780' title='bbox 2472 4297 2693 4349; x_wconf 88' lang='lat' dir='ltr'><strong>incestus</strong></span> <span class='ocrx_word' id='word_1_781' title='bbox 2720 4295 2815 4342; x_wconf 88' lang='lat' dir='ltr'><strong>est.</strong></span> <span class='ocrx_word' id='word_1_782' title='bbox 2850 4274 3226 4335; x_wconf 77' lang='lat' dir='ltr'><strong>Necessarium</strong></span> <span class='ocrx_word' id='word_1_783' title='bbox 3252 4279 3381 4335; x_wconf 87' lang='lat' dir='ltr'><strong>ergo</strong></span> <span class='ocrx_word' id='word_1_784' title='bbox 3415 4262 3519 4315; x_wconf 84' lang='lat' dir='ltr'><strong>hoc</strong></span> <span class='ocrx_word' id='word_1_785' title='bbox 3547 4269 3712 4310; x_wconf 83' lang='lat' dir='ltr'><strong>man-</strong></span> 
     </span>
    </p>
   </div>
   <div class='ocr_carea' id='block_1_104' title="bbox 2129 4345 3714 4462">
    <p class='ocr_par' dir='ltr' id='par_1_104' title="bbox 2129 4345 3714 4462">
     <span class='ocr_line' id='line_1_113' title="bbox 2129 4345 3714 4462; baseline -0.037 -6"><span class='ocrx_word' id='word_1_786' title='bbox 2129 4401 2313 4456; x_wconf 88' lang='lat' dir='ltr'><strong>datum</strong></span> <span class='ocrx_word' id='word_1_787' title='bbox 2334 4390 2611 4462; x_wconf 87' lang='lat' dir='ltr'><strong>legislator</strong></span> <span class='ocrx_word' id='word_1_788' title='bbox 2634 4380 2813 4454; x_wconf 88' lang='lat' dir='ltr'><strong>posuit</strong></span> <span class='ocrx_word' id='word_1_789' title='bbox 2843 4396 2856 4431; x_wconf 91' lang='lat'>:</span> <span class='ocrx_word' id='word_1_790' title='bbox 2881 4390 2971 4445; x_wconf 91' lang='lat' dir='ltr'><strong>qm</strong></span> <span class='ocrx_word' id='word_1_791' title='bbox 2994 4370 3139 4426; x_wconf 88' lang='lat' dir='ltr'><strong>enim</strong></span> <span class='ocrx_word' id='word_1_792' title='bbox 3168 4377 3293 4419; x_wconf 89' lang='lat' dir='ltr'><strong>cum</strong></span> <span class='ocrx_word' id='word_1_793' title='bbox 3315 4367 3490 4414; x_wconf 85' lang='lat' dir='ltr'><strong>matre</strong></span> <span class='ocrx_word' id='word_1_794' title='bbox 3512 4359 3570 4406; x_wconf 88' lang='lat' dir='ltr'><strong>et</strong></span> <span class='ocrx_word' id='word_1_795' title='bbox 3598 4345 3714 4402; x_wconf 88' lang='lat' dir='ltr'><strong>ﬁlia</strong></span> 
     </span>
     <span class='ocr_line' id='line_1_114' title="bbox 3334 4437 3713 4462; baseline -0.034 12"><span class='ocrx_word' id='word_1_796' title='bbox 3334 4457 3344 4462; x_wconf 85' lang='grc'><strong><em>-</em></strong></span> <span class='ocrx_word' id='word_1_797' title='bbox 3466 4437 3713 4462; x_wconf 48' lang='grc' dir='ltr'><strong>-ς-Ρ--ηειῖο</strong></span> 
     </span>
    </p>
   </div>
   <div class='ocr_carea' id='block_1_105' title="bbox 2130 4437 3717 4547">
    <p class='ocr_par' dir='ltr' id='par_1_105' title="bbox 2130 4437 3717 4547">
     <span class='ocr_line' id='line_1_115' title="bbox 2130 4437 2912 4462; baseline -0.038 -6"><span class='ocrx_word' id='word_1_798' title='bbox 2130 4437 2313 4456; x_wconf 60' lang='lat' dir='ltr'><strong>nam...</strong></span> <span class='ocrx_word' id='word_1_799' title='bbox 2338 4437 2599 4462; x_wconf 43' lang='grc' dir='ltr'><strong>,νυ-ππ</strong></span> <span class='ocrx_word' id='word_1_800' title='bbox 2634 4437 2648 4454; x_wconf 78' lang='lat'>_</span> <span class='ocrx_word' id='word_1_801' title='bbox 2899 4437 2912 4445; x_wconf 94' lang='lat'>_</span> 
     </span>
     <span class='ocr_line' id='line_1_116' title="bbox 2130 4437 3717 4547; baseline -0.036 -1"><span class='ocrx_word' id='word_1_802' title='bbox 2130 4491 2411 4547; x_wconf 88' lang='lat' dir='ltr'><strong>miscetur,</strong></span> <span class='ocrx_word' id='word_1_803' title='bbox 2461 4489 2516 4535; x_wconf 85' lang='lat' dir='ltr'><strong>et</strong></span> <span class='ocrx_word' id='word_1_804' title='bbox 2559 4478 2626 4532; x_wconf 85' lang='lat' dir='ltr'><strong>de</strong></span> <span class='ocrx_word' id='word_1_805' title='bbox 2667 4482 2897 4539; x_wconf 87' lang='lat' dir='ltr'><strong>utraque</strong></span> <span class='ocrx_word' id='word_1_806' title='bbox 2942 4464 3082 4518; x_wconf 79' lang='lat' dir='ltr'><strong>filios</strong></span> <span class='ocrx_word' id='word_1_807' title='bbox 3127 4457 3373 4529; x_wconf 85' lang='lat' dir='ltr'><strong>generat,</strong></span> <span class='ocrx_word' id='word_1_808' title='bbox 3425 4437 3717 4501; x_wconf 83' lang='lat' dir='ltr'><strong>confundit</strong></span> 
     </span>
    </p>
   </div>
   <div class='ocr_carea' id='block_1_106' title="bbox 2063 4540 3717 4656">
    <p class='ocr_par' dir='ltr' id='par_1_106' title="bbox 2063 4540 3717 4656">
     <span class='ocr_line' id='line_1_117' title="bbox 2063 4540 3717 4656; baseline -0.036 -15"><span class='ocrx_word' id='word_1_809' title='bbox 2063 4566 2105 4621; x_wconf 77' lang='grc' dir='ltr'><strong>θ</strong></span> <span class='ocrx_word' id='word_1_810' title='bbox 2134 4584 2253 4656; x_wconf 89' lang='lat' dir='ltr'><strong>ipse</strong></span> <span class='ocrx_word' id='word_1_811' title='bbox 2286 4572 2686 4650; x_wconf 88' lang='lat' dir='ltr'><strong>generationes.</strong></span> <span class='ocrx_word' id='word_1_812' title='bbox 2718 4562 2820 4630; x_wconf 83' lang='lat' dir='ltr'><strong>Qui</strong></span> <span class='ocrx_word' id='word_1_813' title='bbox 2846 4558 2990 4615; x_wconf 90' lang='lat' dir='ltr'><strong>enim</strong></span> <span class='ocrx_word' id='word_1_814' title='bbox 3014 4554 3081 4609; x_wconf 92' lang='lat' dir='ltr'><strong>de</strong></span> <span class='ocrx_word' id='word_1_815' title='bbox 3111 4557 3286 4605; x_wconf 91' lang='lat' dir='ltr'><strong>matre</strong></span> <span class='ocrx_word' id='word_1_816' title='bbox 3307 4543 3355 4597; x_wconf 86' lang='lat' dir='ltr'><strong>ei</strong></span> <span class='ocrx_word' id='word_1_817' title='bbox 3378 4540 3717 4611; x_wconf 84' lang='lat' dir='ltr'><strong>generantur</strong></span> 
     </span>
     <span class='ocr_line' id='line_1_118' title="bbox 2842 4622 3714 4656; baseline -0.028 24"><span class='ocrx_word' id='word_1_818' title='bbox 2842 4653 2852 4656; x_wconf 72' lang='lat'><em>‘</em></span> <span class='ocrx_word' id='word_1_819' title='bbox 3149 4650 3161 4656; x_wconf 90' lang='lat'><strong><em>-</em></strong></span> <span class='ocrx_word' id='word_1_820' title='bbox 3283 4652 3342 4656; x_wconf 61' lang='grc' dir='ltr'><strong>ρ-</strong></span> <span class='ocrx_word' id='word_1_821' title='bbox 3371 4629 3557 4656; x_wconf 57' lang='grc' dir='ltr'><strong>--.ηε-ιι.</strong></span> <span class='ocrx_word' id='word_1_822' title='bbox 3608 4622 3714 4656; x_wconf 64' lang='lat' dir='ltr'><strong>mia</strong></span> 
     </span>
    </p>
   </div>
   <div class='ocr_carea' id='block_1_107' title="bbox 2132 4622 3717 4736">
    <p class='ocr_par' dir='ltr' id='par_1_107' title="bbox 2132 4622 3717 4736">
     <span class='ocr_line' id='line_1_119' title="bbox 2135 4622 2763 4650; baseline -0.033 -12"><span class='ocrx_word' id='word_1_823' title='bbox 2135 4622 2148 4638; x_wconf 93' lang='lat'><strong>.</strong></span> <span class='ocrx_word' id='word_1_824' title='bbox 2177 4622 2253 4636; x_wconf 63' lang='grc' dir='ltr'><strong>..ω</strong></span> <span class='ocrx_word' id='word_1_825' title='bbox 2286 4622 2577 4650; x_wconf 38' lang='lat' dir='ltr'><strong>gmw”,</strong></span> <span class='ocrx_word' id='word_1_826' title='bbox 2730 4622 2763 4630; x_wconf 41' lang='grc' dir='ltr'><strong>Ψ</strong></span> 
     </span>
     <span class='ocr_line' id='line_1_120' title="bbox 2132 4622 3717 4736; baseline -0.034 -7"><span class='ocrx_word' id='word_1_827' title='bbox 2132 4622 2249 4736; x_wconf 75' lang='lat' dir='ltr'><strong>filii,</strong></span> <span class='ocrx_word' id='word_1_828' title='bbox 2290 4669 2486 4724; x_wconf 91' lang='lat' dir='ltr'><strong>fratres</strong></span> <span class='ocrx_word' id='word_1_829' title='bbox 2540 4673 2730 4716; x_wconf 89' lang='lat' dir='ltr'><strong>eorum</strong></span> <span class='ocrx_word' id='word_1_830' title='bbox 2764 4653 2856 4724; x_wconf 89' lang='lat' dir='ltr'><strong>qui</strong></span> <span class='ocrx_word' id='word_1_831' title='bbox 2905 4650 3237 4721; x_wconf 87' lang='lat' dir='ltr'><strong>generantur</strong></span> <span class='ocrx_word' id='word_1_832' title='bbox 3276 4652 3344 4690; x_wconf 82' lang='lat' dir='ltr'><strong>ex</strong></span> <span class='ocrx_word' id='word_1_833' title='bbox 3371 4629 3561 4687; x_wconf 77' lang='lat' dir='ltr'><strong>uxoris</strong></span> <span class='ocrx_word' id='word_1_834' title='bbox 3607 4622 3717 4677; x_wconf 82' lang='lat' dir='ltr'><strong>ﬁlia</strong></span> 
     </span>
    </p>
   </div>
   <div class='ocr_carea' id='block_1_108' title="bbox 2134 4718 3714 4832">
    <p class='ocr_par' dir='ltr' id='par_1_108' title="bbox 2134 4718 3714 4832">
     <span class='ocr_line' id='line_1_121' title="bbox 2134 4718 3714 4832; baseline -0.037 -6"><span class='ocrx_word' id='word_1_835' title='bbox 2134 4764 2295 4825; x_wconf 88' lang='lat' dir='ltr'><strong>simul</strong></span> <span class='ocrx_word' id='word_1_836' title='bbox 2354 4772 2519 4832; x_wconf 90' lang='lat' dir='ltr'><strong>atque</strong></span> <span class='ocrx_word' id='word_1_837' title='bbox 2568 4756 2624 4810; x_wconf 85' lang='lat' dir='ltr'><strong>bi</strong></span> <span class='ocrx_word' id='word_1_838' title='bbox 2671 4752 2827 4806; x_wconf 90' lang='lat' dir='ltr'><strong>ﬁunt.</strong></span> <span class='ocrx_word' id='word_1_839' title='bbox 2861 4718 3159 4809; x_wconf 77' lang='lat' dir='ltr'><strong>Patresque</strong></span> <span class='ocrx_word' id='word_1_840' title='bbox 3200 4730 3451 4788; x_wconf 88' lang='lat' dir='ltr'><strong>similiter</strong></span> <span class='ocrx_word' id='word_1_841' title='bbox 3504 4729 3561 4775; x_wconf 92' lang='lat' dir='ltr'><strong>et</strong></span> <span class='ocrx_word' id='word_1_842' title='bbox 3605 4718 3714 4779; x_wconf 88' lang='lat' dir='ltr'><strong>avi,</strong></span> 
     </span>
    </p>
   </div>
   <div class='ocr_carea' id='block_1_109' title="bbox 2135 4814 3717 4932">
    <p class='ocr_par' dir='ltr' id='par_1_109' title="bbox 2135 4814 3717 4932">
     <span class='ocr_line' id='line_1_122' title="bbox 2135 4814 3717 4932; baseline -0.032 -16"><span class='ocrx_word' id='word_1_843' title='bbox 2135 4858 2355 4932; x_wconf 87' lang='lat' dir='ltr'><strong>quando</strong></span> <span class='ocrx_word' id='word_1_844' title='bbox 2372 4870 2494 4909; x_wconf 90' lang='lat' dir='ltr'><strong>cum</strong></span> <span class='ocrx_word' id='word_1_845' title='bbox 2527 4860 2718 4911; x_wconf 75' lang='lat' dir='ltr'><strong>matre,</strong></span> <span class='ocrx_word' id='word_1_846' title='bbox 2747 4853 2802 4898; x_wconf 91' lang='lat' dir='ltr'><strong>et</strong></span> <span class='ocrx_word' id='word_1_847' title='bbox 2841 4840 2961 4910; x_wconf 90' lang='lat' dir='ltr'><strong>ejus</strong></span> <span class='ocrx_word' id='word_1_848' title='bbox 2988 4844 3152 4903; x_wconf 88' lang='lat' dir='ltr'><strong>nepte</strong></span> <span class='ocrx_word' id='word_1_849' title='bbox 3175 4828 3360 4883; x_wconf 91' lang='lat' dir='ltr'><strong>coiens</strong></span> <span class='ocrx_word' id='word_1_850' title='bbox 3389 4829 3548 4892; x_wconf 89' lang='lat' dir='ltr'><strong>pater</strong></span> <span class='ocrx_word' id='word_1_851' title='bbox 3576 4814 3717 4870; x_wconf 84' lang='lat' dir='ltr'><strong>ﬁlio-</strong></span> 
     </span>
    </p>
   </div>
   <div class='ocr_carea' id='block_1_110' title="bbox 2140 4914 3717 5021">
    <p class='ocr_par' dir='ltr' id='par_1_110' title="bbox 2140 4914 3717 5021">
     <span class='ocr_line' id='line_1_123' title="bbox 2140 4914 3717 5021; baseline -0.03 -11"><span class='ocrx_word' id='word_1_852' title='bbox 2140 4970 2283 5018; x_wconf 92' lang='lat' dir='ltr'><strong>rum,</strong></span> <span class='ocrx_word' id='word_1_853' title='bbox 2321 4950 2413 5021; x_wconf 86' lang='lat' dir='ltr'><strong>qui</strong></span> <span class='ocrx_word' id='word_1_854' title='bbox 2457 4962 2521 5001; x_wconf 80' lang='lat' dir='ltr'><strong>ex</strong></span> <span class='ocrx_word' id='word_1_855' title='bbox 2571 4950 2797 5009; x_wconf 88' lang='lat' dir='ltr'><strong>utraque</strong></span> <span class='ocrx_word' id='word_1_856' title='bbox 2839 4931 3006 5006; x_wconf 88' lang='lat' dir='ltr'><strong>geniti</strong></span> <span class='ocrx_word' id='word_1_857' title='bbox 3056 4934 3203 4989; x_wconf 90' lang='lat' dir='ltr'><strong>sunt,</strong></span> <span class='ocrx_word' id='word_1_858' title='bbox 3249 4919 3414 4976; x_wconf 89' lang='lat' dir='ltr'><strong>fuerit</strong></span> <span class='ocrx_word' id='word_1_859' title='bbox 3463 4914 3717 4969; x_wconf 74' lang='lat' dir='ltr'><strong>effectus.</strong></span> 
     </span>
    </p>
   </div>
   <div class='ocr_carea' id='block_1_111' title="bbox 2136 5006 3718 5106">
    <p class='ocr_par' dir='ltr' id='par_1_111' title="bbox 2136 5006 3718 5106">
     <span class='ocr_line' id='line_1_124' title="bbox 2136 5006 3718 5106; baseline -0.033 0"><span class='ocrx_word' id='word_1_860' title='bbox 2136 5050 2254 5106; x_wconf 86' lang='lat' dir='ltr'><strong>Non</strong></span> <span class='ocrx_word' id='word_1_861' title='bbox 2285 5006 2464 5100; x_wconf 66' lang='lat' dir='ltr'><strong>alitem</strong></span> <span class='ocrx_word' id='word_1_862' title='bbox 2492 5006 2791 5099; x_wconf 36' lang='lat' dir='ltr'><strong>matris,—et</strong></span> <span class='ocrx_word' id='word_1_863' title='bbox 2816 5029 2956 5093; x_wconf 66' lang='lat' dir='ltr'><strong>ﬁlice,</strong></span> <span class='ocrx_word' id='word_1_864' title='bbox 2997 5032 3053 5077; x_wconf 91' lang='lat' dir='ltr'><strong>et</strong></span> <span class='ocrx_word' id='word_1_865' title='bbox 3083 5017 3266 5087; x_wconf 87' lang='lat' dir='ltr'><strong>neptis</strong></span> <span class='ocrx_word' id='word_1_866' title='bbox 3295 5006 3718 5097; x_wconf 83' lang='lat' dir='ltr'><strong>turpitudinem.</strong></span> 
     </span>
    </p>
   </div>
   <div class='ocr_carea' id='block_1_112' title="bbox 2141 5090 3720 5196">
    <p class='ocr_par' dir='ltr' id='par_1_112' title="bbox 2141 5090 3720 5196">
     <span class='ocr_line' id='line_1_125' title="bbox 2141 5090 3720 5196; baseline -0.034 0"><span class='ocrx_word' id='word_1_867' title='bbox 2141 5141 2340 5196; x_wconf 90' lang='lat' dir='ltr'><strong>malum</strong></span> <span class='ocrx_word' id='word_1_868' title='bbox 2376 5128 2727 5190; x_wconf 86' lang='lat' dir='ltr'><strong>desiderium,</strong></span> <span class='ocrx_word' id='word_1_869' title='bbox 2770 5119 3147 5182; x_wconf 82' lang='lat' dir='ltr'><strong>actionemque</strong></span> <span class='ocrx_word' id='word_1_870' title='bbox 3173 5124 3237 5162; x_wconf 78' lang='lat' dir='ltr'><strong>ex</strong></span> <span class='ocrx_word' id='word_1_871' title='bbox 3261 5090 3540 5159; x_wconf 81' lang='lat' dir='ltr'><strong>desiderio</strong></span> <span class='ocrx_word' id='word_1_872' title='bbox 3563 5091 3720 5165; x_wconf 85' lang='lat' dir='ltr'><strong>geni-</strong></span> 
     </span>
    </p>
   </div>
   <div class='ocr_carea' id='block_1_113' title="bbox 2142 5184 3722 5293">
    <p class='ocr_par' dir='ltr' id='par_1_113' title="bbox 2142 5184 3722 5293">
     <span class='ocr_line' id='line_1_126' title="bbox 2142 5184 3722 5293; baseline -0.033 -8"><span class='ocrx_word' id='word_1_873' title='bbox 2142 5241 2249 5285; x_wconf 90' lang='lat' dir='ltr'><strong>tam</strong></span> <span class='ocrx_word' id='word_1_874' title='bbox 2282 5223 2670 5293; x_wconf 85' lang='lat' dir='ltr'><strong>intelligamus,</strong></span> <span class='ocrx_word' id='word_1_875' title='bbox 2703 5228 2823 5285; x_wconf 66' lang='lat' dir='ltr'><strong>qua:</strong></span> <span class='ocrx_word' id='word_1_876' title='bbox 2857 5209 2922 5263; x_wconf 91' lang='lat' dir='ltr'><strong>ad</strong></span> <span class='ocrx_word' id='word_1_877' title='bbox 2955 5204 3222 5260; x_wconf 88' lang='lat' dir='ltr'><strong>actionem</strong></span> <span class='ocrx_word' id='word_1_878' title='bbox 3252 5196 3412 5250; x_wconf 91' lang='lat' dir='ltr'><strong>aliam</strong></span> <span class='ocrx_word' id='word_1_879' title='bbox 3446 5184 3722 5259; x_wconf 81' lang='lat' dir='ltr'><strong>egreditur</strong></span> 
     </span>
    </p>
   </div>
   <div class='ocr_carea' id='block_1_114' title="bbox 2142 5277 3717 5389">
    <p class='ocr_par' dir='ltr' id='par_1_114' title="bbox 2142 5277 3717 5389">
     <span class='ocr_line' id='line_1_127' title="bbox 2142 5277 3717 5389; baseline -0.032 -13"><span class='ocrx_word' id='word_1_880' title='bbox 2142 5316 2515 5389; x_wconf 88' lang='lat' dir='ltr'><strong>maligniorem</strong></span> <span class='ocrx_word' id='word_1_881' title='bbox 2567 5318 2731 5378; x_wconf 86' lang='lat' dir='ltr'><strong>atque</strong></span> <span class='ocrx_word' id='word_1_882' title='bbox 2784 5301 3069 5370; x_wconf 84' lang='lat' dir='ltr'><strong>majorem.</strong></span> <span class='ocrx_word' id='word_1_883' title='bbox 3123 5283 3214 5346; x_wconf 72' lang='grc' dir='ltr'><strong>Ᾱίὶ</strong></span> <span class='ocrx_word' id='word_1_884' title='bbox 3258 5285 3405 5341; x_wconf 87' lang='lat' dir='ltr'><strong>enim</strong></span> <span class='ocrx_word' id='word_1_885' title='bbox 3451 5277 3717 5335; x_wconf 68' lang='lat' dir='ltr'><strong>Iacobus:</strong></span> 
     </span>
    </p>
   </div>
   <div class='ocr_carea' id='block_1_115' title="bbox 2146 5378 3717 5476">
    <p class='ocr_par' dir='ltr' id='par_1_115' title="bbox 2146 5378 3717 5476">
     <span class='ocr_line' id='line_1_128' title="bbox 2146 5378 3717 5476; baseline -0.032 -8"><span class='ocrx_word' id='word_1_886' title='bbox 2146 5405 2571 5476; x_wconf 85' lang='lat' dir='ltr'><strong>Concupiscentia</strong></span> <span class='ocrx_word' id='word_1_887' title='bbox 2604 5417 2719 5454; x_wconf 86' lang='lat' dir='ltr'><strong>cum</strong></span> <span class='ocrx_word' id='word_1_888' title='bbox 2759 5401 3007 5462; x_wconf 85' lang='lat' dir='ltr'><strong>concepta</strong></span> <span class='ocrx_word' id='word_1_889' title='bbox 3039 5385 3215 5459; x_wconf 79' lang='lat' dir='ltr'><strong>fuerit,</strong></span> <span class='ocrx_word' id='word_1_890' title='bbox 3247 5378 3391 5449; x_wconf 87' lang='lat' dir='ltr'><strong>parit</strong></span> <span class='ocrx_word' id='word_1_891' title='bbox 3425 5379 3717 5444; x_wconf 56' lang='lat' dir='ltr'><strong>peccaﬁum,</strong></span> 
     </span>
    </p>
   </div>
   <div class='ocr_carea' id='block_1_116' title="bbox 2150 5465 3719 5574">
    <p class='ocr_par' dir='ltr' id='par_1_116' title="bbox 2150 5465 3719 5574">
     <span class='ocr_line' id='line_1_129' title="bbox 2150 5465 3719 5574; baseline -0.031 -15"><span class='ocrx_word' id='word_1_892' title='bbox 2150 5511 2421 5574; x_wconf 79' lang='lat' dir='ltr'><strong>peccat-um</strong></span> <span class='ocrx_word' id='word_1_893' title='bbox 2456 5506 2627 5551; x_wconf 85' lang='lat' dir='ltr'><strong>autem</strong></span> <span class='ocrx_word' id='word_1_894' title='bbox 2665 5506 2779 5544; x_wconf 87' lang='lat' dir='ltr'><strong>cum</strong></span> <span class='ocrx_word' id='word_1_895' title='bbox 2815 5488 3235 5540; x_wconf 87' lang='lat' dir='ltr'><strong>consummatum</strong></span> <span class='ocrx_word' id='word_1_896' title='bbox 3265 5471 3421 5545; x_wconf 74' lang='lat' dir='ltr'><strong>fuerit</strong></span> <span class='ocrx_word' id='word_1_897' title='bbox 3453 5507 3469 5531; x_wconf 88' lang='lat'><strong>,</strong></span> <span class='ocrx_word' id='word_1_898' title='bbox 3511 5465 3719 5536; x_wconf 81' lang='lat' dir='ltr'><strong>generat</strong></span> 
     </span>
     <span class='ocr_line' id='line_1_130' title="bbox 3447 5554 3689 5574; baseline -0.029 0"><span class='ocrx_word' id='word_1_899' title='bbox 3447 5561 3458 5574; x_wconf 93' lang='lat'><strong>.</strong></span> <span class='ocrx_word' id='word_1_900' title='bbox 3505 5554 3597 5574; x_wconf 50' lang='lat'><strong>_..,.</strong></span> <span class='ocrx_word' id='word_1_901' title='bbox 3636 5565 3689 5574; x_wconf 62' lang='grc' dir='ltr'>η</span> 
     </span>
    </p>
   </div>
   <div class='ocr_carea' id='block_1_117' title="bbox 2150 5554 3722 5658">
    <p class='ocr_par' dir='ltr' id='par_1_117' title="bbox 2150 5554 3722 5658">
     <span class='ocr_line' id='line_1_131' title="bbox 2150 5554 3722 5658; baseline -0.031 -7"><span class='ocrx_word' id='word_1_902' title='bbox 2150 5554 2367 5651; x_wconf 60' lang='lat' dir='ltr'><strong>inor-tem</strong></span> <span class='ocrx_word' id='word_1_903' title='bbox 2391 5591 2435 5622; x_wconf 71' lang='lat'><em>“</em></span> <span class='ocrx_word' id='word_1_904' title='bbox 2471 5609 2483 5643; x_wconf 92' lang='lat'><strong>:</strong></span> <span class='ocrx_word' id='word_1_905' title='bbox 2517 5602 2635 5658; x_wconf 65' lang='lat' dir='ltr'><strong>quae</strong></span> <span class='ocrx_word' id='word_1_906' title='bbox 2677 5591 2757 5638; x_wconf 92' lang='lat' dir='ltr'><strong>est</strong></span> <span class='ocrx_word' id='word_1_907' title='bbox 2798 5574 3051 5632; x_wconf 85' lang='lat' dir='ltr'><strong>desiderii</strong></span> <span class='ocrx_word' id='word_1_908' title='bbox 3091 5582 3285 5639; x_wconf 88' lang='lat' dir='ltr'><strong>nepos,</strong></span> <span class='ocrx_word' id='word_1_909' title='bbox 3316 5561 3460 5634; x_wconf 85' lang='lat' dir='ltr'><strong>quod</strong></span> <span class='ocrx_word' id='word_1_910' title='bbox 3502 5554 3600 5613; x_wconf 66' lang='lat' dir='ltr'><strong>tibi</strong></span> <span class='ocrx_word' id='word_1_911' title='bbox 3635 5565 3722 5604; x_wconf 87' lang='lat' dir='ltr'><strong>se-</strong></span> 
     </span>
    </p>
   </div>
   <div class='ocr_carea' id='block_1_118' title="bbox 2229 5756 3717 5859">
    <p class='ocr_par' dir='ltr' id='par_1_118' title="bbox 2229 5756 3717 5859">
     <span class='ocr_line' id='line_1_132' title="bbox 2229 5756 3717 5859; baseline -0.025 -7"><span class='ocrx_word' id='word_1_912' title='bbox 2229 5801 2271 5834; x_wconf 71' lang='lat'><strong>”</strong></span> <span class='ocrx_word' id='word_1_913' title='bbox 2298 5799 2502 5851; x_wconf 77' lang='lat' dir='ltr'><strong>.lerem.</strong></span> <span class='ocrx_word' id='word_1_914' title='bbox 2540 5809 2620 5859; x_wconf 84' lang='lat' dir='ltr'><strong>nt,</strong></span> <span class='ocrx_word' id='word_1_915' title='bbox 2657 5789 2709 5849; x_wconf 75' lang='grc'><strong>5.</strong></span> <span class='ocrx_word' id='word_1_916' title='bbox 2787 5787 2830 5818; x_wconf 79' lang='grc'><strong>⁴⁰</strong></span> <span class='ocrx_word' id='word_1_917' title='bbox 2861 5784 2998 5841; x_wconf 81' lang='lat' dir='ltr'><strong>Gen.</strong></span> <span class='ocrx_word' id='word_1_918' title='bbox 3037 5795 3090 5845; x_wconf 70' lang='grc' dir='ltr'><strong>ι,</strong></span> <span class='ocrx_word' id='word_1_919' title='bbox 3122 5776 3211 5831; x_wconf 69' lang='lat'><strong>‘22.</strong></span> <span class='ocrx_word' id='word_1_920' title='bbox 3290 5772 3332 5804; x_wconf 74' lang='lat'><strong>&quot;</strong></span> <span class='ocrx_word' id='word_1_921' title='bbox 3369 5766 3550 5823; x_wconf 82' lang='lat' dir='ltr'><strong>lTim.</strong></span> <span class='ocrx_word' id='word_1_922' title='bbox 3580 5756 3629 5830; x_wconf 62' lang='grc' dir='ltr'><strong>ἐ,</strong></span> <span class='ocrx_word' id='word_1_923' title='bbox 3660 5757 3717 5812; x_wconf 70' lang='grc' dir='ltr'><strong>Ξ.</strong></span> 
     </span>
    </p>
   </div>
  </div>
