3988 6222
376 310 504 373 1013

1524 331 1601 393 IN
1644 333 2084 393 LEVlTlCUM.
2111 354 2182 364 --
2216 330 2364 389 LIB.
2395 330 2460 392 V.

3497 320 3626 384 lilii

372 426 607 479 eundum
660 432 828 497 ipsam
853 430 1160 491 .liistoriam
1209 447 1264 492 ct
1324 437 1659 510 Scripturam
1703 442 1943 497 divinam
1974 453 2019 507 Α
2050 439 2399 495 Ᾰὶηιιιιαηωι·
2419 458 2507 497 vos
2535 459 2637 495 non
2668 441 2809 505 bene,
2833 442 2925 495 sed
2950 441 3222 496 excludere
3236 458 3325 495 vos
3350 440 3525 494 volunt
3555 442 3619 494 ".

373 519 741 575 mtendemus.
768 524 1099 595 Concupivit
1131 544 1261 599 ergo
1288 531 1455 587 David
1493 532 1635 589 Uriae
1669 550 1895 589 uxorem
1927 553 1939 588 :

373 625 499 664 ecce
569 614 773 680 peccati
801 624 976 670 mater
1023 621 1486 690 concupiscentia.
1536 625 1944 695 Concupiscens

371 704 670 760 moechatus
706 715 788 761 est
821 718 1087 764 :matrem
1123 712 1228 766 lilia
1260 716 1546 772 subsecuta
1579 726 1681 772 est.
1715 720 1943 776 Adulte-

372 805 522 850 ratus
580 800 824 855 occidit:
877 803 1110 871 pessima
1157 807 1612 875 concupiscentiae
1644 810 1938 865 mortiferae

326 874 331 879 ’
370 902 488 955 qua:
538 892 815 957 praecessit
870 894 1067 963 neptis.
1121 894 1267 949 Nihil
1311 874 1440 968 ergo
1485 899 1678 955 horum
1714 902 1942 957 revelari

371 978 483 1032 vult
506 995 519 1031 :
544 995 721 1049 neque
737 983 879 1036 enim
899 994 1114 1054 oportet
1134 988 1507 1056 proximorum
1529 984 1681 1060 prodi
1701 1004 1939 1062 peccata,

371 1071 464 1124 sed
510 1071 793 1128 admoneri
826 1077 996 1147 magis
1036 1093 1150 1143 eos,
1196 1090 1251 1134 et
1286 1081 1351 1136 ad
1388 1083 1704 1138 memoriam
1755 1100 1941 1140 eorum

373 1174 643 1225 revocare,
693 1178 816 1218 cum
853 1167 997 1222 dicat
1033 1170 1328 1237 Apostolus
1358 1190 1370 1225 :
1402 1169 1642 1238 Fratres,
1666 1175 1711 1228 si
1763 1177 1945 1242 depre-

371 1250 556 1307 hensus
587 1253 744 1322 fuerit
786 1259 898 1327 quis
935 1276 998 1312 ex
1021 1261 1157 1314 robis
1200 1264 1254 1316 in
1283 1263 1463 1335 aliqua
1501 1267 1710 1333 delicto,
1743 1286 1832 1323 vos
1856 1271 1944 1339 qui

370 1342 635 1411 spiritales
659 1348 799 1410 estis,
830 1350 1074 1408 instruite
1102 1354 1405 1423 hujusmodi
1443 1359 1498 1411 in
1541 1361 1729 1426 spiritu
1751 1361 1942 1415 lenita-

374 1435 460 1499 tis,
513 1439 849 1493 considerans
881 1442 1124 1508 teipsum,
1155 1463 1217 1500 ne
1256 1458 1305 1501 et
1351 1458 1407 1502 tu
1449 1452 1660 1506 tenteris
1684 1453 1748 1505 ⁸⁸.
1783 1452 1944 1508 Vides

373 1527 496 1593 quia
525 1542 633 1581 non
670 1529 868 1585 frustra
895 1533 1166 1604 legislator
1204 1538 1420 1594 dicebat
1454 1560 1467 1595 :
1502 1540 1639 1597 Caro
1678 1552 1768 1596 tua
1799 1555 1939 1600 sunt.

371 1612 678 1673 Ostendens
711 1622 836 1689 quia
879 1633 1168 1695 cognatum
1210 1630 1370 1684 nobis
1416 1633 1837 1701 quodammodo,
1889 1644 1946 1689 et

370 1707 629 1765 familiare
658 1722 760 1777 est,
803 1729 1048 1782 peccare,
1085 1729 1304 1788 propter
1333 1724 1474 1791 quod
1505 1726 1739 1791 compati
1784 1726 1944 1780 nobis

367 1799 596 1854 invicem
620 1804 880 1860 debemus
905 1818 1212 1876 peccantes.
1239 1811 1368 1866 Nam
1393 1812 1596 1870 Paulus
1621 1818 1944 1887 dispensans

368 1891 470 1946 hoc
491 1894 632 1962 quod
666 1910 813 1952 nunc
841 1897 1043 1953 dictum
1072 1914 1171 1961 est,
1199 1905 1436 1960 subdidit
1468 1925 1481 1960 :
1520 1908 1746 1963 Invicem
1782 1928 1942 1966 onera

363 1993 535 2037 vestra
594 1996 820 2054 portate,
863 2001 909 2043 et
953 1993 1028 2045 sic
1057 1995 1412 2065 adimplebitis
1453 1998 1614 2070 legem
1651 1999 1845 2057 Christi
1874 2004 1940 2056 “.

364 2072 483 2140 Ipse
510 2088 637 2144 ergo
669 2088 890 2144 peccata
914 2092 1097 2135 nostra
1130 2085 1388 2152 portavit.
1415 2087 1517 2153 Qui
1571 2099 1753 2145 autem
1804 2108 1944 2149 onus

364 2164 591 2231 proximi
626 2178 822 2236 portat,
855 2180 907 2225 et
941 2174 1167 2244 suscipit
1193 2176 1246 2229 in
1274 2181 1571 2250 semetipso
1606 2183 1788 2239 fratris
1811 2202 1942 2256 pec-

362 2264 501 2314 cata.
532 2273 641 2312 non
675 2260 791 2316 hmo
820 2264 1020 2332 prodit,
1063 2282 1165 2322 nec
1197 2270 1420 2337 revelat,
1448 2274 1543 2327 sed
1596 2276 1765 2346 magis
1789 2279 1944 2333 cohi—

362 2346 470 2409 bet,
498 2357 554 2403 et
579 2352 759 2407 verbis
784 2356 1196 2415 medicinalibus
1219 2372 1393 2427 curat,
1424 2373 1478 2419 et
1503 2366 1645 2420 sicut
1669 2370 1943 2438 propriam

363 2437 730 2497 infirmitatem
762 2447 1234 2506 exhortationibus
1260 2453 1510 2525 benignis
1536 2437 1805 2514 exhaurit.
1830 2461 1945 2516 Un-

360 2530 427 2584 de
458 2534 719 2601 propheta
745 2536 916 2592 Isaias
934 2540 1000 2594 de
1028 2541 1306 2600 Salvatore
1326 2547 1513 2602 dicens
1537 2566 1549 2602 :
1576 2550 1700 2605 Vere
1723 2566 1941 2620 peccata

360 2631 536 2675 nostra
561 2625 671 2691 ipse
698 2630 947 2695 portavit,
970 2632 1207 2687 subdidit
1237 2653 1254 2711 ί
1273 2635 1339 2688 Et
1356 2654 1452 2704 pro
1472 2644 1943 2711 transgressoribus

361 2716 558 2783 rogavit
591 2718 654 2771 ⁸⁸⁷.
680 2719 851 2791 Afiligi
897 2722 1061 2792 igitur
1086 2735 1139 2779 et
1172 2707 1387 2796 gemere
1413 2707 1675 2787 debemus
1709 2750 1807 2803 pro
1859 2738 1938 2791 eis

361 2805 451 2874 qui
484 2806 548 2859 ad
588 2823 803 2876 pravam
845 2827 1087 2881 operam,
1124 2819 1616 2891 cogitationemque
1670 2828 1940 2897 progressi

360 2906 506 2961 sunt,
541 2914 643 2952 non
679 2911 860 2957 autem
899 2907 1011 2961 haec
1044 2910 1412 2968 manifestare.

436 2987 571 3043 Vens
610 2992 693 3047 18.
731 3012 748 3045 ι
781 2993 1035 3052 Sororem
1063 3003 1247 3056 uxoris
1273 3014 1376 3059 tum
1405 3006 1460 3059 in
1483 3008 1792 3076 pellicatum
1818 3012 1938 3080 ejus

363 3093 471 3178 non
484 3081 739 3150 accipies,
774 3102 875 3141 nec
890 3091 1156 3146 revelabis
1179 3095 1569 3163 turpitudinem
1595 3100 1734 3169 ejus.
1759 3101 1940 3157 adhuc
1970 3126 2010 3181 ο

362 3168 451 3224 ila
486 3172 719 3228 vivente.
771 3196 790 3228 ι

436 3261 598 3317 Recte
629 3266 742 3321 inec
761 3270 1171 3351 praecipiuntur,
1193 3292 1320 3346 quia
1345 3279 1398 3333 in
1432 3295 1567 3349 pace
1597 3282 1813 3339 vocavit
1835 3300 1938 3340 nos

363 3357 621 3414 Dominus
646 3361 806 3418 Deus.
847 3364 949 3432 Qui
978 3369 1123 3423 enim
1161 3387 1285 3426 eum
1320 3375 1575 3431 omnibus
1617 3393 1717 3432 nos
1748 3393 1939 3448 pacem

360 3446 559 3505 habere
592 3454 725 3519 vult,
769 3456 931 3511 etiam
956 3475 1051 3526 per
1076 3461 1300 3518 Paulum
1335 3465 1524 3520 dicens
1554 3484 1566 3519 :
1595 3464 1655 3521 Si
1697 3446 1940 3537 possibile

358 3549 455 3601 est,
491 3545 628 3611 quod
661 3562 725 3599 ex
750 3549 889 3602 vobis
919 3561 1014 3617 est,
1045 3570 1163 3606 cum
1188 3556 1424 3610 omnibus
1448 3557 1741 3613 hominibus
1760 3577 1941 3630 pacem

359 3631 540 3689 habete
567 3636 634 3703 “',
666 3640 836 3694 multo
879 3643 1048 3713 magis
1082 3646 1321 3713 placatos
1360 3663 1462 3702 nos
1494 3650 1609 3703 vult
1646 3665 1767 3705 esse
1814 3668 1937 3707 cum

358 3726 643 3795 proximis,
673 3732 818 3800 quod
847 3735 1138 3797 subvertit,
1180 3736 1225 3790 si
1246 3738 1407 3791 simul
1437 3739 1560 3807 quis
1589 3742 1740 3795 uxori
1781 3758 1939 3798 soro-

362 3816 514 3886 rique
540 3819 953 3894 ejusjungatur,
995 3835 1055 3879 ut
1083 3841 1298 3882 sorores
1325 3829 1485 3884 simul
1511 3831 1778 3897 habitent,
1808 3842 1941 3888 etut

361 3907 502 3963 inter
513 3910 675 3968 simul
690 3913 997 3971 habitantes
1012 3920 1278 3973 excitetur
1295 3922 1462 3986 zelus,
1496 3925 1638 3978 unde
1661 3925 1939 3979 contentio

362 4001 582 4073 rixaque
612 4017 921 4076 generatur.
955 4009 1082 4064 Post
1119 4011 1224 4066 hoc
1252 4012 1335 4067 lex
1366 4014 1498 4069 illud
1534 4016 1797 4087 praecipit,
1828 4034 1938 4073 non

358 4103 611 4162 oportere
632 4097 687 4151 in
711 4097 937 4153 Judaica
963 4103 1380 4158 conversatione
1405 4106 1828 4162 ecclesiasticam
1850 4124 1941 4163 ae-

359 4180 564 4249 eipere,
588 4200 686 4239 nec
708 4188 870 4240 simul
897 4190 1117 4257 pascha,
1149 4192 1292 4260 quod
1324 4193 1377 4246 in
1408 4194 1576 4264 figura
1604 4207 1688 4252 est
1717 4213 1939 4254 cumeo

358 4278 502 4345 quod
522 4292 604 4333 est
620 4281 980 4354 intelligibile,
999 4287 1297 4355 celebrare,
1316 4305 1418 4345 nec
1439 4290 1788 4348 festivitatem
1815 4311 1937 4366 azy-

359 4385 572 4426 morum
615 4375 976 4443 celebrantes,
1009 4380 1207 4436 Christi
1235 4383 1394 4452 panis
1434 4399 1647 4440 caenam
1692 4402 1934 4453 sumere,

2046 531 2180 595 Quia
2216 541 2396 586 autem
2435 546 2547 586 non
2590 532 2828 586 Ecclesia
2877 531 3212 601 Synagogam
3256 530 3482 596 zelatur,
3527 530 3622 584 sed

2045 618 2162 687 ipsa
2189 635 2219 672 a
2246 619 2522 690 Synagoga
2544 621 2717 674 zelum
2742 622 2964 691 patitur,
2985 619 3328 675 manifestum
3352 629 3435 673 est
3460 635 3530 674 ex
3559 634 3624 673 eo

2047 710 2191 779 quod
2221 726 2331 765 non
2351 713 2589 765 secunda
2622 728 2755 766 uxor
2778 713 2988 782 primm,
3012 713 3107 767 sed
3138 711 3313 782 prima
3340 711 3533 766 aemula
3556 712 3626 766 sit

2047 801 2301 856 secunda:
2322 840 2337 867 ,
2383 802 2526 856 sicut
2562 819 2628 857 ex
2652 804 2923 859 desiderio
2953 804 3053 859 viri
3071 804 3511 876 subingrediente
3534 820 3625 859 so-

2045 894 2118 947 let
2143 913 2155 947 :
2177 894 2494 949 undeetLia
2516 896 2789 950 zelabatur
2807 894 3030 949 Rachel.
3065 894 3201 951 Vide
3240 905 3423 951 autem
3446 897 3624 965 qualia

2046 985 2315 1055 legislator
2361 986 2638 1040 subdidit:
2682 987 2899 1041 Etcum
2947 987 3215 1042 dixisset:
3252 986 3331 1040 Da
3382 988 3510 1040 mihi
3557 988 3621 1040 de

2049 1077 2411 1146 mandragoris
2463 1077 2562 1145 ﬁlii
2591 1078 2686 1141 tui,
2717 1079 3323 1147 responditzParumne
3344 1081 3435 1133 tibi
3479 1082 3625 1134 uide-

2049 1174 2135 1218 tur
2159 1169 2295 1234 quod
2320 1167 2656 1235 prteripueris
2692 1169 2941 1221 maritum
2961 1170 3085 1222 mihi
3105 1170 3190 1223 In?
3222 1170 3420 1240 Aperte
3443 1180 3625 1225 autem

2049 1257 2166 1312 haec
2193 1259 2503 1315 aemulantis
2525 1261 2690 1315 verba
2712 1270 2860 1315 sunt.

2120 1347 2281 1402 Vens.
2309 1349 2498 1405 49-25.
2545 1368 2563 1400 ι
2612 1351 2691 1404 Ad
2732 1351 3018 1406 mulierem
3053 1367 3172 1422 qua:
3225 1354 3428 1423 patitur
3473 1370 3628 1408 men-

2047 1446 2195 1491 strua
2225 1453 2333 1493 non
2364 1441 2613 1505 accedes,
2647 1443 2968 1497 necrevclcs
2987 1443 3285 1499 fmditatem
3321 1446 3458 1515 ejus.
3488 1446 3625 1500 Cum

2049 1545 2217 1583 uxore
2257 1530 2486 1600 proximi
2521 1532 2594 1585 tui
2634 1548 2742 1586 non
2777 1533 2964 1598 coibis,
3005 1550 3109 1589 nec
3141 1536 3363 1590 seminis
3395 1538 3624 1591 commi-

2048 1619 2222 1676 stione
2242 1622 2621 1677 maculabcris.
2658 1624 2730 1678 De
2748 1624 2952 1680 semine
2972 1633 3063 1681 tuo
3089 1642 3196 1681 non
3221 1627 3376 1682 dabis
3397 1638 3448 1683 ut
3493 1643 3625 1683 con-

2048 1723 2293 1767 secretur
2311 1713 2453 1771 idolo
2472 1713 2702 1780 Moloch,
2726 1734 2744 1766 ›
2784 1717 2888 1780 vel,
2925 1718 3223 1772 secundum
3250 1717 3623 1789 Septuaginta,

1976 1793 2020 1851 Β
2051 1803 2246 1859 Prwsto
2293 1824 2400 1861 esse
2436 1808 2681 1877 principi.
2723 1828 2740 1860 ‹
2784 1808 2894 1863 Nec
2927 1810 3135 1879 pollues
3166 1825 3366 1865 nomen
3396 1811 3490 1866 Dei
3526 1812 3623 1866 tui.

2048 1896 2157 1968 Ego
2178 1898 2455 1953 Dominus.
2495 1900 2630 1954 Cum
2665 1901 2904 1955 masculo
2936 1917 3047 1956 non
3081 1902 3320 1957 dormies
3354 1903 3501 1958 coitu
3544 1902 3627 1957 [ου

2047 1992 2249 2053 mineo,
2275 1990 2401 2060 quia
2432 1991 2767 2047 abominatio
2801 2002 2904 2047 est.
2932 1992 3066 2047 Cum
3102 1994 3249 2048 omni
3292 2010 3488 2065 pecore
3514 2010 3624 2050 non

2047 2080 2237 2147 coibis,
2257 2098 2359 2136 nec
2381 2084 2743 2137 maeulaberis
2757 2099 2880 2138 cum
2901 2100 2985 2139 eo.
3016 2086 3208 2140 Mulier
3223 2102 3331 2141 non
3370 2102 3626 2142 succum-

2047 2174 2136 2227 bet
2160 2174 2432 2243 jumento,
2462 2191 2567 2230 nec
2593 2176 2912 2231 miscebitur
2940 2178 3008 2241 ei,
3041 2179 3166 2247 quia
3194 2179 3371 2233 scelus
3396 2187 3498 2236 est.
3536 2199 3555 2231 ι

2118 2264 2262 2319 Bene
2291 2266 2409 2321 haec
2451 2267 2915 2337 interpretationis
2955 2269 3095 2339 stylo
3137 2270 3426 2340 conjuncta
3474 2282 3620 2326 sunt.

2046 2355 2292 2412 Praesens
2314 2373 2442 2429 ergo
2470 2359 2790 2430 legislatoris
2831 2360 3062 2415 intentio
3102 2368 3186 2415 est
3211 2377 3241 2415 a
3284 2362 3620 2428 libidinibus,

2046 2456 2100 2501 et
2143 2447 2368 2502 nefariis
2412 2450 2907 2535 commistionibus,
2938 2458 3048 2505 cta
3096 2451 3458 2508 fornicatione
3514 2461 3622 2509 tam

2046 2539 2286 2594 sensibili
2317 2556 2477 2610 quam
2533 2539 2851 2612 inielligibili
2881 2544 3136 2598 cohibere
3164 2558 3288 2599 eum
3315 2544 3405 2614 qui
3427 2545 3625 2617 accipit.

2045 2628 2238 2698 legem.
2257 2629 2389 2683 Eum
2419 2640 2704 2700 propterea
2728 2648 2837 2686 non
2862 2634 3117 2703 praecepit
3145 2634 3195 2688 ei
3230 2650 3351 2704 qua:
3381 2636 3438 2690 in
3464 2652 3623 2692 men-

2049 2720 2183 2773 truis
2210 2722 2510 2775 constituta
2533 2731 2616 2775 est
2641 2731 2863 2791 propter
2894 2723 3248 2792 pollutionem
3274 2726 3621 2792 cencubitus,

2044 2821 2234 2865 contra
2259 2812 2428 2882 legem
2454 2813 2691 2878 misceri,
2727 2814 2819 2867 sed
2850 2829 2953 2869 nec
2981 2814 3133 2868 uxori
3163 2815 3395 2885 proximi
3429 2835 3442 2871 :
3469 2818 3626 2873 adul-

2046 2902 2238 2956 terium
2296 2902 2441 2956 enim
2499 2902 2598 2957 ista
2643 2905 2969 2970 commistio,
3005 2920 3116 2959 non
3168 2906 3478 2979 conjugium
3519 2918 3623 2966 est.

2045 2993 2200 3047 Unde
2222 3009 2343 3047 cum
2375 2993 2600 3049 dixisset
2624 3013 2636 3048 :

2114 3082 2247 3138 Cum
2300 3101 2459 3139 uxore
2500 3088 2727 3154 proximi
2760 3090 2837 3143 tui
2875 3106 2977 3144 non
3016 3092 3195 3157 coibis,
3220 3092 3427 3148 addidit
3463 3111 3477 3147 :
3517 3092 3627 3148 Nec

2043 3176 2257 3229 seminis
2313 3178 2677 3232 commistione
2736 3182 3105 3239 maculaberis.
3137 3183 3253 3240 Hoc
3302 3186 3622 3256 explanans,

2043 3266 2167 3335 quia
2191 3267 2305 3336 jam
2335 3284 2446 3323 non
2480 3279 2564 3324 est
2601 3271 2949 3343 conjugium;
2982 3290 3163 3345 neque
3185 3276 3331 3330 enim
3362 3277 3627 3347 polluerat

2042 3375 2166 3415 eum
2199 3362 2290 3430 qui
2336 3364 2796 3420 commiseebatur
2825 3382 2838 3432 ;
2867 3367 2992 3436 quia
3024 3368 3347 3424 bonorabile
3387 3377 3472 3424 est
3491 3385 3625 3425 con-

2035 3451 2267 3522 jugimn,
2303 3461 2357 3507 ct
2397 3461 2547 3508 torus
2587 3454 2965 3510 immaculatus
3004 3476 3017 3511 :
3062 3456 3159 3512 sed
3204 3472 3330 3511 cum
3381 3456 3625 3512 sensibili

2043 3540 2420 3609 fornicatione,
2440 3552 2494 3599 et
2515 3545 2582 3599 ab
2600 3545 2919 3617 intelligibili
2946 3561 3049 3602 nos
3071 3561 3355 3602 removere
3380 3548 3624 3602 maxime

2041 3634 2224 3689 studio
2272 3636 2482 3702 nititur,
2530 3649 2752 3708 propter
2792 3639 2937 3708 quod
2982 3638 3224 3694 subdidit
3263 3657 3275 3693 :
3313 3639 3390 3693 De
3429 3642 3626 3695 semine

2042 3735 2130 3779 tuo
2173 3743 2277 3780 non
2320 3728 2469 3782 dabis
2509 3730 2702 3783 servire
2736 3728 2956 3791 Moloch,
2989 3731 3123 3794 sive,
3157 3739 3217 3783 ut
3247 3729 3623 3800 Septuaginta,

2044 3814 2304 3886 l’rincipi.
2340 3817 2441 3872 Cui
2495 3830 2674 3872 autem
2723 3820 2979 3889 principi,
3032 3828 3213 3874 nostra
3264 3820 3547 3875 translatio
3568 3832 3624 3876 et

2041 3907 2235 3977 reliqui
2279 3907 2610 3976 interpretes
2656 3909 3036 3963 ostenderunt.
3062 3909 3169 3978 Ipsi
3198 3911 3346 3964 enim
3380 3909 3620 3971 Molocb,

2041 4014 2140 4067 pro
2158 4013 2224 4052 eo
2248 4000 2391 4067 quod
2413 4007 2498 4053 est
2517 3999 2768 4069 principi,
2794 4015 3036 4055 consone
3067 4001 3383 4056 ediderunt.
3413 4001 3621 4056 Idolum

2040 4098 2223 4144 autem
2266 4091 2371 4146 hoc
2429 4090 2600 4147 fuisse
2638 4092 2805 4146 etiam
2856 4092 3168 4162 Stephanus
3198 4094 3244 4125 "
3269 4095 3622 4159 concionans,

2040 4183 2271 4238 maxime
2300 4185 2465 4240 Amos
2499 4194 2626 4239 ante
2658 4200 2781 4239 eum
2818 4186 3175 4255 prephetans,
3206 4186 3621 4251 demonstravit,

2041 4275 2116 4330 ait
2145 4275 2289 4330 enim
2319 4294 2331 4330 :
2358 4276 2426 4331 Et
2469 4279 2722 4348 portastis
2766 4278 3165 4333 tabernaculum
3204 4278 3401 4334 Moloch
3431 4288 3620 4340 vestro,

2039 4375 2085 4421 et
2128 4367 2416 4439 imaginem
2472 4369 2737 4424 idolorum
2787 4379 3100 4437 uestrorum,
3143 4371 3287 4426 sidus
3328 4368 3424 4424 Dei
3464 4371 3622 4426 vestri

357 4478 480 4532 quae
502 4474 771 4521 suntvcra
788 4483 1113 4540 azyma,nec
1129 4474 1603 4532 circumcisionem
1619 4478 1777 4534 simul
1792 4496 1941 4550 ,prat-
1970 4467 2012 4521 Ι)
2041 4459 2231 4530 femus
2263 4460 2402 4514 υοθίδ
2425 4459 2489 4516 ⁸³·
2530 4460 2728 4516 semen
2760 4474 2941 4518 autem
2973 4478 3084 4516 "0“
3126 4471 3303 4519 30mm
3339 4471 3623 4534 θθὲηθιοει

357 4553 539 4610 dicare
554 4565 609 4611 et
628 4559 912 4628 baptisma.
939 4562 1313 4621 Memoramini
1330 4583 1459 4639 ergo
1487 4570 1632 4624 illius
1648 4572 1934 4643 quidixit:

360 4645 494 4702 Ecce
516 4666 607 4718 ego
622 4652 821 4724 Pqttlus
837 4656 952 4709 dico
971 4657 1132 4723 vobis,
1145 4659 1190 4712 si
1206 4661 1680 4729 circumcidamini,
1700 4662 1937 4720 Christus

358 4740 501 4794 vobis
518 4742 648 4796 nihil
664 4753 871 4812 prodest
888 4746 955 4805 ".
981 4748 1087 4802 Sed
1112 4757 1166 4803 et
1189 4749 1234 4803 si
1258 4749 1330 4804 for
1346 4759 1397 4805 te
1417 4751 1541 4820 quis
1563 4750 1786 4808 Judaica
1804 4770 1936 4809 con-

357 4832 667 4888 versatione
685 4851 816 4890 usus
835 4844 940 4900 est,
958 4837 1279 4908 negligenda
1301 4854 1418 4892 eam
1438 4840 1744 4907 mortificet,
1770 4841 1824 4897 id
1851 4852 1937 4898 est

358 4920 602 4976 viliorem
627 4934 788 4993 atque
805 4925 1137 4982 inefﬁcacem
1166 4928 1376 4993 reddat,
1408 4936 1463 4983 et
1487 4938 1616 4984 tunc
1633 4931 1684 4985 ei
1708 4946 1830 4999 qua'
1848 4938 1933 4986 est

359 5012 615 5069 Ecclesiae
648 5019 960 5082 misceatur,
995 5034 1117 5088 quae
1155 5035 1307 5075 soror
1336 5020 1500 5086 illius,
1519 5037 1640 5091 quae
1682 5022 1930 5076 eamdem

358 5102 533 5172 legem
562 5105 744 5170 habet,
765 5108 1095 5178 eosdemque
1119 5109 1248 5180 legit
1269 5111 1583 5179 prephetas,
1616 5111 1713 5165 sed
1737 5113 1933 5167 aemula

358 5203 462 5259 est,
482 5212 591 5251 non
612 5199 756 5268 quod
786 5200 897 5269 ipsa
921 5201 1147 5268 zeletur,
1177 5204 1269 5257 sed
1292 5204 1436 5272 quod
1467 5205 1581 5259 Ιιεεο
1600 5204 1740 5258 illius
1757 5206 1931 5260 zelum

360 5286 595 5357 patiatur
629 5307 642 5344 :
676 5291 802 5359 quia
833 5293 1034 5348 divitiae
1062 5296 1179 5363 ejus
1208 5295 1274 5349 ad
1304 5311 1402 5349 nos
1434 5312 1529 5364 per
1560 5295 1730 5365 ipsam
1762 5297 1930 5352 devo-

359 5379 486 5435 luta:
511 5392 657 5450 sunt,
678 5383 731 5437 in
756 5393 965 5439 tantum
986 5396 1039 5439 nt
1063 5385 1256 5441 Paulus
1281 5387 1447 5442 dehis
1474 5388 1566 5456 qui
1590 5405 1654 5442 ex
1695 5388 1932 5444 circum-

284 5521 289 5524 ,
359 5471 565 5529 cisione
582 5485 730 5537 sunt,
756 5477 820 5530 ad
846 5477 1058 5532 Galatas
1081 5478 1170 5548 qui
1188 5495 1250 5533 ex
1264 5479 1515 5548 gentibus
1531 5487 1686 5533 erant
1703 5480 1930 5534 diceret:

446 5638 493 5673 ⁸³
515 5638 629 5694 Gal.
653 5655 725 5699 vr,
753 5641 794 5691 l.

371 5708 613 5773 svx,15.

872 5638 918 5671 "
944 5640 1071 5694 ibid.
1097 5642 1151 5696 "2.
1227 5644 1271 5676 "
1303 5643 1404 5697 lsa.
1437 5660 1549 5699 Lm.
1584 5645 1616 5697 4
1650 5652 1703 5697 et
1734 5643 1815 5696 ΓΞ.

1894 5643 1936 5673 ⁸⁸³
1963 5645 2119 5716 ηοω.
2156 5663 2248 5708 xu,
2299 5648 2377 5702 l8.
2455 5649 2500 5679 δ’
2529 5649 2644 5704 Gal.
2680 5665 2729 5716 ν,
2755 5652 2807 5703 2.

690 5710 866 5762 "Art.
905 5708 998 5773 v'n,
1024 5711 1111 5765 l9.
1188 5714 1233 5746 ⁸³
1264 5714 1425 5766 Amos
1455 5713 1611 5777 v,26.
1686 5715 1731 5744 “
1760 5714 1774 5765 Ι
1807 5711 1942 5769 Tim.
1979 5731 2047 5776 vi,
2073 5715 2152 5768 ll).

2041 4551 2135 4605 sed
2170 4566 2388 4606 omnem
2438 4563 2682 4608 nostram
2711 4555 2981 4609 actionem
3024 4565 3080 4609 et
3108 4554 3411 4612 doctrinam
3462 4553 3620 4610 intel-

2039 4644 2287 4715 ligamus,
2339 4654 2399 4700 ut
2429 4661 2532 4701 nec
2569 4646 2841 4700 actionem
2877 4656 3121 4700 nostram
3158 4634 3351 4721 demus
3400 4645 3466 4700 ad
3505 4661 3621 4699 ser-

2040 4737 2297 4792 viendum
2322 4737 2501 4801 idolis,
2527 4736 2652 4806 quia
2683 4735 2839 4791 radis
2859 4737 3094 4791 omnium
3125 4736 3388 4791 malorum
3411 4735 3590 4807 cupidi
3600 4765 3618 4775 —

2036 4842 2138 4893 tas,
2171 4845 2287 4900 qute
2309 4839 2382 4883 est
2408 4829 2669 4883 idolorum
2685 4831 2904 4883 seruitus
2925 4830 2989 4881 ⁵⁸.
3020 4828 3128 4883 Sed
3142 4844 3256 4883 nec
3276 4829 3406 4884 talia
3422 4829 3587 4883 docea
3602 4859 3616 4867 -

2036 4941 2175 4989 tntis,
2197 4941 2319 4994 quae
2342 4925 2409 4978 ad
2436 4924 2640 4978 erroris
2661 4924 2929 4979 idolorum
2949 4924 3284 4995 impietatem
3315 4920 3614 4993 pertinent.

2037 5016 2127 5071 Sic
2163 5016 2308 5071 enim
2345 5015 2600 5086 intelligis
2636 5031 2744 5069 non
2776 5024 3029 5085 Oportere
3073 5016 3141 5070 ad
3179 5015 3463 5069 mulierem
3492 5029 3613 5081 qua:

2036 5110 2090 5163 in
2122 5109 2415 5163 menstruis
2438 5108 2734 5165 constituta
2755 5117 2861 5172 est,
2898 5107 3128 5179 ingredi,
3160 5106 3228 5161 ad
3263 5104 3610 5161 revelandam

2038 5204 2429 5275 turpitudinem
2472 5206 2612 5275 ejus,
2646 5214 2705 5259 ut
2742 5220 2850 5260 non
2875 5203 2930 5257 in
2979 5217 3222 5258 errorem
3276 5215 3610 5271 paganorum

2039 5313 2139 5352 nos
2187 5299 2533 5352 misceamus.
2583 5297 2758 5367 Hujus
2785 5296 2931 5350 enim
2968 5294 3197 5365 figuram
3239 5308 3449 5364 gerere,
3491 5308 3613 5347 eam
3671 5302 3686 5317 °

2038 5406 2158 5458 qua:
2174 5390 2228 5444 in
2248 5390 2542 5444 menstruis
2558 5389 2967 5450 constitutacst,
2983 5386 3232 5455 superius
3246 5383 3613 5452 ostendimus,

2041 5498 2163 5538 cum
2194 5483 2261 5539 de
2301 5482 2674 5546 menstruatis,
2707 5488 2762 5535 et
2799 5479 3003 5534 fluxum
3035 5478 3313 5548 sanguinis
3356 5477 3613 5548 patienti-

2886 5656 2929 5686 ⁸⁰
2965 5658 3085 5720 Gal,
3118 5676 3189 5723 tv,
3222 5663 3303 5717 l7.
3396 5667 3437 5699 5"
3466 5666 3600 5726 Gen.
