3988 6222
428 310 566 375 1015

1548 342 1551 347 ν
1613 307 1975 369 HESYCHII
2012 306 2483 369 PRESBYTERI

3530 302 3671 369 1016

425 425 530 477 bus
581 421 920 483 mulieribus,
973 417 1364 488 interpretandi
1424 416 1750 470 necessitate
1815 431 1998 470 sermo
2028 426 2069 478 Α
2099 424 2333 486 oportet,
2389 431 2491 470 nec
2524 413 2741 471 dissolvi
2790 415 2909 485 ejus
2958 430 3121 485 quam
3161 414 3324 470 habet
3366 414 3421 469 in
3470 413 3675 470 virtute

426 514 643 569 habitus
666 519 769 567 est.
803 510 908 565 Sed
941 524 1046 564 nec
1087 508 1390 564 revelemus
1430 507 1726 563 fteditatem
1767 508 1907 577 ejus,
1941 517 1999 560 ut

425 621 532 660 non
559 605 1019 671 dicamus,neque
1035 602 1369 656 deducamus
1395 602 1462 655 ad
1488 601 1727 655 medium
1756 599 1999 655 actiones

423 711 610 750 eorum
638 695 831 757 malas,
861 710 972 748 non
1000 693 1152 764 quasi
1182 693 1263 747 eis
1306 701 1610 763 parcentes,
1655 692 1751 746 sed
1776 699 2000 761 propter

424 802 518 840 eos
549 786 641 855 qui
688 785 936 850 audiunt,
983 785 1108 854 quia
1150 793 1313 839 nocet
1364 784 1731 838 audientibus.
1776 782 2002 852 Propter

424 879 568 945 quod
601 878 732 932 dicit
754 876 966 931 Paulus
992 894 1006 930 :
1033 875 1165 941 Qua:
1186 877 1323 929 enim
1343 876 1397 928 in
1425 876 1624 928 occulto
1653 876 1718 928 ab
1747 876 1821 928 eis
1846 875 1999 943 ﬁunt,

427 979 579 1037 turpe
598 980 669 1022 est
699 968 889 1023 dicere.
914 966 1015 1022 Sed
1031 976 1079 1021 et
1107 982 1321 1020 uxorem
1340 967 1566 1034 proximi
1587 966 1924 1035 refugiamus,
1945 971 2002 1016 ut

427 1075 529 1111 non
554 1058 823 1125 polluatur
850 1062 905 1112 in
934 1059 1078 1123 ea",
1098 1057 1313 1128 gentilis
1343 1056 1664 1110 videlicetet
1688 1055 2001 1120 idololatrae,

425 1150 517 1216 qui
533 1151 811 1219 proximus
823 1160 1030 1215 noster,
1045 1158 1268 1220 prepter
1289 1156 1537 1202 naturam
1556 1156 1610 1202 et
1626 1148 2002 1219 cognationem

428 1242 645 1296 dicitur.
668 1243 895 1312 PrOpter
914 1244 1058 1312 quod
1077 1252 1132 1296 et
1150 1241 1410 1296 Dominus
1432 1240 1721 1310 inquisitus
1742 1256 1772 1293 a
1794 1238 2002 1294 Scriba:

430 1336 499 1387 Et
520 1335 635 1405 quis
674 1344 751 1389 est
778 1336 1048 1404 proximus
1090 1351 1233 1388 mens
1263 1334 1310 1366 ⁸⁸
1335 1334 1357 1386 ?
1382 1348 1507 1387 eum
1538 1333 1628 1403 qui
1655 1332 2008 1387 descenderat

431 1428 502 1481 ab
530 1426 829 1482 Jerusalem
878 1428 935 1481 in
964 1427 1207 1493 Jericho,
1256 1435 1309 1480 et
1345 1426 1400 1479 in
1440 1427 1677 1480 latrones
1718 1424 2003 1488 inciderat,

431 1519 684 1574 videlicet
729 1521 1024 1583 daemones,
1057 1528 1112 1574 et
1147 1534 1323 1588 neque
1365 1534 1394 1572 a
1436 1517 1737 1582 sacerdote,
1772 1530 1949 1585 neque
1974 1530 2006 1570 a

433 1609 618 1664 Levita
632 1620 852 1665 sanatus
880 1619 981 1675 est,
1005 1612 1099 1666 sed
1123 1610 1480 1673 Samaritano,
1515 1607 1822 1678 proximum
1848 1605 2002 1661 dixit.

432 1700 567 1754 Cum
612 1701 774 1771 hujus
822 1717 951 1772 ergo
997 1703 1223 1756 muliere
1266 1717 1373 1755 non
1422 1700 1770 1764 concumbes,
1823 1709 1883 1754 ut
1913 1699 2005 1754 tali

432 1791 660 1847 seminis
706 1794 1085 1849 commistione
1130 1794 1422 1849 maculeris
1470 1813 1482 1848 :
1535 1803 1595 1849 ut
1625 1810 1733 1849 non
1767 1810 2007 1865 pagano-

432 1897 551 1935 rum
585 1882 866 1952 sapientiae
897 1885 949 1937 in
979 1893 1188 1939 tantum
1224 1886 1715 1950 communicemus,
1748 1901 1926 1955 neque
1949 1887 2005 1940 in

434 1980 643 2026 tantum
669 1974 725 2027 iu
760 1990 822 2027 ea
846 1975 1247 2041 incumbamus,
1283 1987 1343 2031 ut
1369 1977 1603 2046 aliquam
1647 1977 2008 2046 pollutionem

422 2079 500 2117 ex
527 2079 591 2117 ea
619 2065 674 2117 in
697 2066 948 2135 dogmate
978 2068 1387 2135 conquiramus,
1434 2084 1537 2122 nec
1567 2068 1871 2137 polluamus
1907 2084 2008 2123 no-

433 2171 558 2210 men
602 2156 702 2211 Dei
746 2158 940 2223 nostri,
994 2160 1137 2228 quod
1173 2159 1537 2213 communiter
1583 2158 1639 2213 in
1670 2160 1850 2213 omnia
1889 2175 2010 2229 qua:

433 2246 575 2300 dicta
631 2257 759 2302 sunt
791 2249 1175 2320 intelligamus.
1207 2250 1344 2315 Quia
1395 2251 1595 2320 polluet
1638 2267 1837 2305 nomen
1890 2251 2006 2316 Dei,

432 2351 544 2389 non
584 2337 760 2392 solum
806 2338 1184 2394 fornicationis
1230 2342 1590 2411 turpitudine,
1645 2350 1700 2396 et
1740 2342 2008 2411 aliquibus

430 2427 741 2483 actionibus
770 2430 1039 2484 idolorum
1088 2441 1268 2498 utens,
1306 2433 1400 2487 sed
1440 2433 1559 2487 etsi
1598 2433 1720 2503 quis
1751 2449 1811 2487 ex
1846 2448 2009 2504 paga-

431 2533 630 2574 norum
665 2536 874 2587 errore,
906 2532 961 2577 et
986 2537 1048 2576 ea
1081 2539 1202 2591 quae
1246 2525 1549 2594 appellatur
1590 2525 1732 2594 apud
1774 2539 1866 2578 eos
1888 2524 2010 2594 phi-

434 2609 698 2678 losophia,
722 2613 1122 2669 subintroducit
1142 2616 1196 2669 in
1247 2617 1425 2671 divina
1453 2617 1702 2671 Ecclesiae
1724 2618 2006 2687 dogmata:

431 2705 577 2772 quod
601 2705 817 2773 quidam
841 2707 1130 2775 patientes,
1168 2709 1220 2762 in
1247 2721 1445 2763 sortem
1470 2710 1848 2765 luereticorum
1875 2713 2009 2782 lapsi

434 2813 583 2859 sunt,
620 2807 677 2852 et
717 2798 842 2852 facti
874 2810 1003 2854 sunt
1035 2810 1184 2855 extra
1206 2800 1522 2865 Ecelesiam,
1552 2812 1739 2871 utpote
1768 2806 2012 2873 polluen-

435 2899 519 2943 tes
558 2905 760 2944 nomen
797 2890 910 2954 Dei,
955 2891 1007 2945 id
1057 2900 1137 2946 est
1172 2892 1498 2961 injuriantes
1528 2905 1582 2948 et
1611 2896 2010 2963 quodammodo

436 2980 850 3049 coinquinantes
883 2999 896 3034 :
930 2982 1055 3050 quia
1085 2965 1208 3036 non.
1221 2992 1437 3051 oportet
1463 3000 1523 3038 ea
1550 3000 1671 3054 qua:
1698 2994 1823 3039 sunt
1864 3003 2008 3040 mor-

430 3078 675 3135 tuorum,
723 3086 887 3141 super
927 3074 1093 3126 vitam
1137 3073 1416 3139 inducere,
1453 3077 1545 3131 sed
1595 3079 2009 3134 custodiendum

433 3168 521 3214 est
553 3160 702 3217 Pauli
730 3164 1063 3229 mandatum,
1097 3165 1361 3234 scriptum
1392 3182 1419 3220 a
1454 3166 1656 3236 Spiritu
1687 3186 1699 3221 :
1733 3168 1858 3234 Qua:
1887 3188 2013 3239 par-

436 3254 673 3320 ticipatio
699 3254 924 3323 justitia:
970 3256 1041 3307 ad
1094 3257 1424 3325 iniquitatem
1454 3259 1480 3311 .9
1506 3268 1600 3311 aut
1642 3276 1759 3330 qua:
1799 3263 2015 3318 societas

430 3344 629 3398 Christi
652 3346 722 3398 ad
753 3344 992 3399 Belial"
1019 3348 1177 3403 ?Hoc
1201 3349 1348 3403 enim
1376 3357 1431 3404 et
1462 3351 1578 3419 ipse
1611 3352 2016 3420 quodammodo

436 3434 709 3503 Iegislator
722 3436 1029 3505 signiﬁcans
1058 3438 1112 3490 in
1136 3438 1221 3492 his
1248 3454 1371 3508 quae
1394 3440 1537 3495 dicta
1559 3453 1704 3508 sunt,
1743 3444 2011 3499 subdidit:

440 3523 550 3592 ligo
576 3524 847 3579 Dominus.
876 3526 978 3590 Qui
1023 3527 1248 3597 gloriam
1297 3528 1473 3583 habeo
1521 3532 1773 3586 omnibus
1803 3533 2014 3589 incom-

437 3614 843 3679 municahilem,
884 3627 1090 3685 quanto
1132 3618 1302 3689 magis
1326 3620 1787 3691 daemonibus,qui
1826 3640 2016 3679 corru-

436 3716 619 3777 ptores
650 3716 779 3763 sunt
804 3710 1127 3775 animarum,
1157 3719 1212 3765 et
1242 3711 1397 3766 idolis
1431 3714 1653 3767 eorum?
1673 3716 1808 3783 Ipsis
1831 3726 2011 3771 autem

434 3798 618 3852 verbis
667 3799 1003 3853 sanctionem
1040 3800 1429 3855 terribiliorem
1475 3802 1625 3871 facit,
1651 3820 1718 3859 ex
1760 3820 1825 3859 eo
1868 3808 2014 3876 quod

436 3888 669 3943 mediam
698 3904 839 3953 eam,
864 3890 1006 3944 sicut
1026 3891 1225 3957 cernis,
1254 3892 1337 3947 his
1358 3893 1425 3947 de
1450 3894 1648 3963 quibus
1675 3911 1821 3951 nunc
1839 3897 2013 3966 loqui-

438 3988 544 4042 tur,
588 3982 784 4049 posuit.
836 3980 1277 4038 Prarcedentibus
1326 3986 1528 4055 quippe
1559 3988 1644 4042 his
1687 4004 1807 4057 quae
1851 3990 2013 4045 modo

432 4073 677 4128 discussa
706 4083 850 4137 sunt,
876 4089 1063 4128 rursus
1092 4077 1378 4144 proponit:
1411 4077 1547 4142 Quia
1571 4094 1679 4132 non
1694 4076 1863 4134 debet
1887 4096 2010 4134 cum

433 4162 677 4215 masculo
706 4161 846 4216 virili
875 4162 1023 4216 coitu
1050 4164 1359 4226 concumbi,
1389 4166 1482 4219 sed
1515 4181 1616 4221 nec
1658 4183 1782 4221 cum
1815 4184 2012 4237 pecore

433 4252 587 4317 coiri,
619 4253 930 4307 necessarie
962 4253 1014 4306 in
1042 4254 1145 4308 hoc
1170 4263 1403 4324 utroque
1434 4258 1723 4324 mandans,
1747 4267 2009 4330 tanquam

433 4353 724 4413 utrumque
757 4353 946 4398 contra
992 4353 1241 4400 naturam
1291 4355 1395 4401 est.
1442 4348 1550 4404 Sed
1611 4351 1837 4421 insuper
1882 4355 2008 4423 quia

2101 507 2562 577 perseverantiam
2612 526 2627 561 :
2666 506 2769 562 hoc
2815 507 2961 561 enim
3021 516 3326 577 opportune
3382 521 3507 561 cum
3555 506 3678 560 viro

2102 598 2354 653 muliebri
2384 598 2530 652 coitu
2564 598 2782 653 misceri
2817 597 3156 668 intelligitur.
3184 595 3290 653 Sed
3317 597 3680 667 quemadmo-

2101 691 2228 744 dum
2278 691 2441 745 alium
2483 690 2853 745 eﬂ‘eminatum
2899 690 3013 744 ﬁeri
3046 705 3155 744 non
3182 689 3440 759 oportuit,
3471 689 3542 743 ita
3572 705 3682 744 nec

2102 780 2327 836 nefariis
2368 781 2737 851 voluptatibus
2782 782 3123 850 requiescere
3157 800 3172 837 :
3204 798 3325 851 qua:
3363 792 3507 849 recte
3537 797 3684 850 qua-

2101 873 2385 942 drupedia,
2427 882 2618 943 utpote
2647 874 2701 928 in
2728 883 2922 928 terram
2967 874 3320 938 intendentia,
3349 884 3406 929 et
3432 874 3686 929 actiones

2102 981 2224 1035 quae
2241 967 2412 1021 virum
2437 968 2686 1032 deceant,
2710 982 2818 1021 non
2838 965 3279 1031 habentes,dicta
3298 974 3459 1020 sunt:
3483 965 3536 1018 in
3562 975 3687 1019 ter-

2104 1075 2219 1113 ram
2240 1061 2386 1115 enim
2409 1061 2701 1116 intendunt
2719 1060 3113 1130 quadrupedia,
3129 1068 3184 1114 et
3203 1074 3462 1113 manuum
3488 1068 3686 1113 carent

2105 1167 2228 1217 usu,
2252 1168 2373 1221 qua:
2406 1152 2459 1206 in
2479 1136 2721 1209 actiones
2751 1153 2937 1224 dignas
2973 1152 3287 1207 hominibus
3313 1152 3686 1221 accipiuntur,

2104 1243 2230 1312 quia
2252 1243 2470 1312 proprie
2515 1244 2795 1298 hominum
2826 1254 2909 1299 est
2949 1243 3206 1297 manibus
3252 1243 3515 1297 laborare.
3558 1241 3688 1297 Non

2104 1348 2233 1404 ergo
2261 1343 2478 1403 oportet
2501 1350 2623 1390 cum
2656 1335 2740 1389 his
2766 1335 2915 1389 coire
2940 1350 3006 1389 ex
3036 1334 3236 1405 quibus
3250 1333 3370 1403 quis
3396 1334 3686 1402 polluitur.

2106 1422 2209 1488 Qui
2249 1424 2395 1477 enim
2420 1434 2666 1479 moratur
2690 1424 2746 1478 in
2770 1424 3246 1489 delectationibus,
3279 1423 3395 1477 sive
3424 1422 3687 1491 volupta-

2107 1514 2271 1580 tibus,
2300 1514 2373 1568 ita
2399 1522 2460 1568 ut
2488 1515 2813 1570 concumbat
2846 1514 2901 1569 in
2935 1516 3036 1581 eis,
3078 1517 3168 1571 hic
3191 1531 3376 1570 semen
3400 1514 3691 1569 etl‘undere

2106 1606 2324 1673 dicitur,
2361 1615 2585 1677 propter
2612 1608 2735 1674 hoc,
2777 1608 2903 1679 quia
2947 1609 3167 1678 pellitur
3187 1609 3254 1663 ab
3283 1609 3383 1671 eis,
3414 1608 3528 1661 sive
3551 1606 3691 1676 quia

2107 1699 2405 1755 delectatur
2449 1700 2507 1754 in
2560 1701 2660 1767 eis,
2720 1709 2776 1756 et
2825 1701 3093 1771 frequenti
3145 1717 3246 1755 usu
3305 1700 3535 1755 seminat
3564 1714 3688 1764 eos,

2106 1792 2528 1862 quodammodo,
2573 1803 2666 1849 aut
2691 1794 2759 1849 ab
2790 1794 2869 1849 eis
2908 1794 3207 1847 seminatur
3248 1793 3456 1847 semine
3481 1792 3691 1861 aliquo,

2108 1883 2251 1953 quod
2283 1884 2535 1940 inimicus
2579 1885 2981 1940 dormientibus
3012 1886 3169 1940 nobis
3198 1894 3252 1939 et
3283 1884 3694 1955 negligentibus

2108 1975 2166 2029 in
2199 1976 2465 2031 mundum
2500 1976 2751 2043 seminat,
2781 1978 3031 2047 polluens
3062 1976 3237 2041 valde,
3265 1976 3337 2029 ita
3368 1983 3426 2029 ut
3458 1990 3488 2027 a
3526 1987 3693 2027 sacro

2110 2068 2460 2124 tabernaculo
2503 2070 2695 2124 debeat
2733 2070 2855 2136 hic,
2889 2069 2982 2138 qui
3012 2069 3135 2123 talis
3177 2077 3280 2131 est,
3323 2077 3383 2121 ut
3434 2066 3690 2136 polluens

2108 2158 2326 2228 expelli,
2370 2160 2691 2230 alienasque
2738 2176 2861 2215 esse
2896 2160 3220 2214 adominica
3259 2174 3404 2219 area,
3440 2158 3527 2226 qui
3585 2172 3690 2226 per

2108 2251 2310 2306 malum
2342 2267 2527 2307 semen
2555 2253 2733 2307 factus
2759 2265 2843 2308 est
2868 2253 3092 2305 zizania.
3127 2250 3323 2321 Legem
3361 2260 3539 2303 autem
3574 2263 3688 2301 non

2109 2346 2194 2401 vir
2217 2345 2388 2407 solus,
2417 2346 2513 2399 sed
2536 2346 2735 2399 mulier
2763 2344 3073 2399 necessarie
3128 2341 3367 2396 custodit
3403 2363 3413 2395 :
3449 2340 3535 2393 illa
3576 2340 3692 2393 uti-

2109 2451 2216 2505 que
2240 2451 2401 2505 quam
2431 2434 2690 2489 Salomon
2722 2435 2922 2500 laudat,
2961 2434 3154 2487 Mulier
3182 2434 3314 2486 bona
3334 2433 3689 2493 benedicatur,

2111 2528 2362 2582 timorem
2410 2527 2505 2581 Dei
2563 2526 2769 2581 laudat.
2828 2524 3105 2580 Mulierem
3156 2528 3364 2596 fortem,
3415 2524 3511 2586 ait,
3570 2523 3692 2595 quis

2111 2619 2335 2672 inueniet
2376 2618 2456 2671 ὀἳ
2498 2617 2969 2683 Quemadmodum
3003 2618 3301 2679 masculus,
3332 2616 3550 2686 quando
3589 2630 3690 2669 sua

2110 2709 2453 2774 custodierit,
2480 2710 2818 2780 gesseritque
2851 2709 2956 2761 sibi
3019 2709 3203 2778 digna,
3237 2707 3509 2777 significat
3558 2704 3688 2759 aui-

2112 2816 2256 2854 mam
2318 2800 2374 2854 in
2430 2800 2727 2854 virtutibus
2759 2800 3153 2854 constilutam:
3206 2799 3285 2853 sic
3350 2808 3407 2853 et
3463 2798 3685 2863 mulier,

2111 2892 2328 2962 quando
2355 2892 2408 2945 in
2444 2893 2609 2947 nullis
2638 2906 2696 2946 se
2720 2892 3001 2945 miscuerit
3026 2890 3405 2956 muliebribus,
3431 2890 3691 2960 quoniam

2113 2986 2374 3056 grandem
2401 2994 2457 3040 et
2487 2986 2621 3052 haec,
2652 2995 2945 3056 antequam
3002 2986 3483 3055 transgrederetur
3521 2984 3691 3038 Crea—

2035 3099 2082 3158 c
2114 3085 2286 3131 torem
2317 3092 2497 3143 suum,
2525 3078 2845 3148 dignitatem
2878 3077 3105 3146 accepit,
3180 3085 3239 3130 ut
3298 3076 3538 3144 adjutrix
3584 3074 3691 3130 viri

2117 3167 2515 3220 nominaretur.
2572 3166 2803 3235 Propter
2868 3166 3013 3234 quod
3062 3164 3487 3218 scelestum'est
3527 3163 3689 3224 hanc,

2115 3273 2236 3327 quae
2264 3257 2389 3310 talis
2417 3265 2520 3323 est,
2560 3257 2771 3311 libidini
2815 3256 3113 3310 substerni.
3173 3254 3328 3309 Coire
3377 3269 3527 3325 ergo,
3580 3269 3693 3308 suc-

2116 3352 2353 3405 cumbere
2382 3351 2551 3406 edidit
2584 3350 2964 3421 Symmachus.

2186 3444 2349 3499 Vens.
2376 3443 2571 3498 24-26.
2603 3463 2623 3494 ι
2664 3443 2743 3497 Ne
2790 3442 3109 3511 pollnamiui
3133 3442 3186 3495 in
3219 3442 3472 3496 omnibus
3491 3444 3690 3511 quibus

2114 3535 2499 3590 contaminata:
2525 3544 2654 3589 sunt
2694 3544 2904 3606 gentes,
2963 3551 3098 3604 quas
3139 3550 3240 3605 ego
3291 3536 3508 3605 ejiciam
3561 3546 3689 3590 ante

2113 3637 2468 3695 conspectum
2504 3636 2771 3690 vestrum,
2804 3642 2834 3680 e
2885 3628 3082 3696 quibus
3136 3627 3339 3697 polluta
3398 3636 3480 3682 est
3522 3638 3683 3689 terra,

2113 3716 2271 3785 cujus
2331 3731 2431 3786 ego
2485 3716 2690 3770 scelera
2738 3716 2943 3781 vitabo,
2995 3724 3055 3769 ut
3110 3726 3327 3771 evomat
3358 3717 3688 3771 habitatores

2113 3823 2262 3863 suos.
2295 3806 2583 3862 Custodite
2615 3806 2855 3876 legitima
2892 3823 3031 3874 mea,
3066 3815 3231 3877 atque
3254 3808 3475 3877 judicia.
3510 3827 3528 3858 ι

2182 3898 2302 3952 Νοη
2326 3913 2494 3968 parvo
2517 3898 2679 3952 modo
2695 3898 2863 3967 pollui
2902 3898 2956 3951 in
2981 3899 3259 3967 praadietis
3283 3900 3541 3968 peccatis,
3601 3898 3684 3952 iu-

2112 3989 2376 4060 dignatio,
2409 3998 2465 4045 et
2496 4005 2657 4058 pmna
2679 4005 2800 4059 quae
2831 3989 2887 4043 in
2917 3990 2998 4044 eis
3046 3989 3270 4044 deﬁnita
3299 3999 3405 4057 est,
3461 3991 3687 4045 demon-

2112 4088 2279 4144 strat;
2314 4080 2368 4133 in
2407 4080 2557 4134 nullo
2573 4079 2720 4133 enim
2742 4093 2931 4134 eorum
2967 4086 3189 4147 oportet
3222 4078 3414 4147 pollui,
3448 4094 3571 4132 nam
3594 4080 3687 4149 qui

2114 4172 2167 4227 in
2199 4187 2307 4227 uno
2333 4174 2570 4242 pollutus
2592 4171 2777 4238 fuerit,
2810 4171 2865 4225 in
2899 4172 3154 4226 omnibus
3179 4180 3232 4225 et
3254 4172 3532 4241 polluitur.
3552 4170 3688 4236 Quia

2114 4279 2178 4320 ea
2228 4280 2350 4335 qua:
2377 4265 2484 4319 sibi
2510 4265 2577 4319 ad
2615 4264 2851 4318 invicem
2874 4264 3166 4333 conjuncta
3196 4273 3347 4329 sunt,
3376 4264 3462 4319 lex
3500 4273 3688 4318 osten-

2113 4358 2242 4412 dere
2273 4358 2522 4426 cupiens,
2547 4358 2601 4410 in
2637 4372 2808 4410 unum
2836 4356 3020 4410 omnia
3058 4356 3295 4426 collegit,
3332 4372 3455 4425 quae
3487 4357 3541 4410 in
3563 4370 3685 4410 tan-

428 4435 798 4503 jumentorum
831 4443 913 4489 est
938 4443 992 4488 et
1022 4444 1082 4489 ut
1109 4436 1193 4490 vir
1213 4436 1328 4490 viro
1359 4436 1501 4492 ftedo
1522 4440 1667 4493 coitu
1697 4441 2009 4508 misceatur,
2042 4457 2088 4512 ι)
2114 4459 2231 4507 tum
2253 4458 2380 4505 sunt
2417 4450 2625 4520 gravia,
2668 4458 2727 4503 ut
2757 4454 2949 4519 gentes
2999 4448 3237 4519 integras
3263 4450 3581 4518 perderent,
3632 4458 3689 4503 et

430 4523 573 4591 quod
613 4523 938 4594 fugiendum
979 4534 1141 4595 atque
1187 4527 1585 4585 adversantium
1633 4539 1735 4585 est.
1799 4531 1905 4588 Sed
1954 4544 2010 4589 et

431 4614 633 4667 Paulus
662 4616 764 4670 hoc
789 4615 1198 4685 demonstravit,
1230 4620 1297 4674 ad
1340 4635 1558 4690 poenam
1592 4638 1655 4678 ea
1682 4624 1902 4690 docens,
1952 4637 2010 4683 et

434 4701 569 4756 iram
592 4704 710 4766 Dei,
729 4715 784 4760 et
805 4707 1162 4775 perditionem
1192 4712 1644 4767 committentium
1681 4717 1882 4787 peragi.
1901 4718 2006 4771 Sed

432 4804 489 4849 et
524 4795 712 4864 reliqui
745 4796 1069 4866 interpretes
1090 4815 1187 4869 pro
1217 4802 1608 4865 abominabilis,
1645 4808 2007 4878 Symmachus

432 4887 712 4957 ineffabile,
759 4888 951 4959 Aquila
980 4892 1246 4963 infectum,
1277 4896 1564 4954 ediderunt
1593 4917 1605 4952 :
1636 4899 1739 4955 hoc
1784 4902 2004 4973 quidem

429 4982 663 5046 actione,
696 4982 829 5038 illud
879 4993 1060 5039 autem
1089 4986 1254 5041 verbo
1282 4988 1369 5042 vel
1399 4991 1711 5046 narratione
1740 5008 1850 5046 non
1882 5009 2004 5049 esse

431 5075 715 5145 portahile,
743 5091 843 5130 nec
867 5077 1164 5147 legitimum
1185 5080 1447 5137 dicentes.
1467 5083 1576 5138 Nos
1599 5094 1778 5140 autem
1813 5098 2009 5156 praeter

431 5166 569 5233 hac,
587 5168 888 5223 masculum
906 5169 996 5238 qui
1022 5170 1194 5225 virilia
1215 5173 1343 5243 agit,
1361 5175 1720 5247 intelligamus
1735 5180 2009 5235 hominem

340 5278 345 5283 '
430 5260 499 5314 de
524 5276 634 5331 quo
659 5261 830 5318 David
865 5262 1082 5319 dicebat
1117 5283 1128 5318 :
1158 5263 1355 5322 Beatus
1386 5269 1465 5321 vir
1512 5271 1600 5338 qui
1641 5287 1744 5324 non
1785 5275 1917 5326 abiit
1953 5275 2011 5327 in

431 5352 648 5406 consilio
680 5356 964 5426 impiorum
992 5356 1038 5389 ³⁸
1070 5375 1085 5423 ;
1122 5366 1179 5411 et
1227 5375 1417 5414 rursus
1447 5375 1464 5413 :
1509 5360 1635 5416 Fiat
1685 5381 1870 5419 manus
1913 5376 2003 5419 tua

430 5458 587 5512 super
627 5446 795 5500 uirum
837 5449 1064 5503 dexterte
1091 5459 1196 5505 tute
1226 5451 1291 5505 ".
1353 5451 1510 5508 Hunc
1554 5455 1850 5511 etl‘eminari
1897 5474 2002 5512 non

504 5665 550 5697 "
573 5662 967 5743 Ephes._v,_12.
1055 5672 1101 5705 “
1125 5672 1258 5729 Luc.
1294 5691 1346 5742 ι,
1382 5678 1473 5743 27,
1498 5680 1586 5736 99.

432 5750 584 5802 xxxi,
619 5735 704 5791 l0.
779 5737 824 5768 “
854 5737 1013 5796 Rom.
1045 5743 1267 5811 vm,22.

1693 5681 1735 5712 ⁸⁷
1770 5680 1815 5735 ll
1843 5680 1969 5737 Cor.
2018 5698 2087 5749 vt,
2132 5682 2215 5738 l5.

2116 4552 2313 4598 terram
2337 4543 2663 4613 polluerent,
2691 4542 3064 4611 pollutamque
3093 4542 3275 4610 respui
3316 4540 3583 4607 facerent,
3633 4547 3687 4595 et

2114 4650 2211 4690 eos
2244 4634 2415 4704 quiin
2452 4650 2517 4689 ea
2547 4634 2674 4689 talia
2713 4632 3133 4693 commiserunt.
3191 4643 3472 4687 evomeret
3528 4641 3687 4702 atque

2113 4734 2390 4789 renueret,
2416 4741 2524 4779 non
2564 4726 2691 4795 quia
2716 4731 2931 4794 poterat
2976 4724 3249 4793 expellere
3272 4739 3302 4777 a
3333 4738 3414 4787 se,
3436 4726 3525 4779 vel
3557 4739 3684 4779 evo-
3732 4763 3743 4772 .

2114 4830 2283 4879 mere,
2315 4816 2420 4880 vel,
2438 4814 2580 4869 sicut
2610 4814 2952 4870 Theodotion
2975 4814 3165 4877 edidit,
3189 4830 3431 4884 respuere
3464 4832 3570 4879 eos,
3593 4816 3684 4870 sed

2109 4907 2237 4977 quia
2251 4907 2471 4962 eosdem
2482 4915 2751 4962 nocentes
2771 4906 3078 4977 ingemiscit
3093 4907 3418 4961 naturaliter
3436 4908 3490 4961 in
3513 4916 3686 4961 trans-

2104 5001 2480 5071 gressionihus
2539 5001 2675 5065 suis,
2731 5000 3196 5070 quemadmodum
3254 4998 3459 5053 Paulus
3510 5001 3678 5054 dicit:

2109 5093 2246 5158 Quia
2309 5094 2423 5163 ipsa
2469 5101 2713 5146 creatura
2765 5093 3077 5162 ingemiscit,
3131 5100 3179 5145 el
3236 5092 3473 5159 parturit
3532 5106 3683 5161 usque

2112 5200 2248 5237 nunc
2272 5185 2337 5238 δι.
2372 5184 2514 5239 Deus
2581 5193 2762 5240 autem
2791 5193 2899 5239 tam
2954 5186 3215 5255 gemitum
3266 5182 3384 5247 ejus
3427 5184 3677 5248 vindicat,

2110 5292 2270 5348 quam
2299 5277 2470 5347 legem
2508 5293 2683 5341 suam,
2719 5287 2771 5332 et
2801 5286 3129 5335 creaturam.
3163 5285 3353 5346 utpote
3386 5278 3676 5348 prOpriam,

2111 5382 2232 5435 qua:
2258 5365 2594 5421 demonstrat
2631 5383 2697 5421 ex
2758 5367 2843 5421 his
2875 5382 2996 5436 qua:
3057 5381 3206 5420 nunc
3268 5366 3405 5421 dixit
3455 5385 3468 5420 :
3522 5363 3677 5435 Cll)!“

2114 5476 2211 5529 ego
2269 5458 2462 5512 scelera
2485 5460 2711 5513 uisitabo
2738 5476 2756 5514 :
2782 5468 2837 5513 et
2881 5459 2983 5512 hoc
3025 5468 3213 5527 aperte
3274 5459 3516 5513 ostendit
3561 5458 3675 5527 quia

2323 5682 2367 5715 ⁸⁸
2400 5681 2542 5738 Psal.
2570 5700 2606 5748 ι,
2650 5683 2695 5736 l.
2802 5681 2845 5714 "
2871 5680 3014 5736 Psal.
3044 5696 3227 5747 um,
3258 5680 3342 5735 18.
3458 5680 3502 5711 ⁶⁶
3526 5678 3674 5733 Prov.
