3988 6222
314 352 448 418 1017

1462 349 1542 410 IN
1578 348 2018 410 LEVITICUM.
2058 373 2127 391 -τ-
2162 350 2306 409 LIB.
2347 352 2441 412 ν.

3432 345 3568 410 1013

310 489 343 528 ι
375 471 488 527 Deo
517 470 774 524 virtutem
812 477 956 523 terra
975 465 1262 523 evomendi
1281 479 1375 521 eos
1396 464 1491 535 qui
1518 464 1575 519 in
1604 464 1889 534 eainjuste
1921 470 1966 527 Α
1993 465 2097 522 bus
2125 473 2364 537 oportet,
2407 475 2463 521 et
2488 467 2804 523 nullatenus
2832 467 2953 523 hac
3011 465 3196 522 facere
3248 479 3371 534 qua!
3420 463 3568 519 cole.

313 571 501 636 agunt,
533 570 761 630 accepit.
800 559 954 614 [Inde
988 569 1044 614 et
1080 559 1376 614 crabrones
1417 556 1473 610 in
1524 555 1886 627 perditionem

314 653 677 710 habitantium
702 651 977 721 produxit,
997 666 1134 720 quos
1156 649 1323 704 etiam
1342 663 1401 703 se
1434 647 1731 701 immittere
1759 653 1887 700 ante

313 746 512 803 faciem
565 744 799 798 ﬁliorum
833 743 998 797 tsrael
1022 753 1214 797 contra
1241 740 1593 795 Amorrhteos
1632 748 1690 791 et
1755 737 1888 791 reli—

311 855 447 909 quas
470 847 662 909 gentes
690 851 787 906 per
818 834 1225 890 Deuteronomii
1258 834 1454 887 librum
1482 847 1584 886 nos
1603 830 1790 885 docuit
1816 830 1884 881 ⁶².

313 932 379 986 Et
408 932 522 985 haec
545 928 765 998 quidem
798 942 898 982 nos
930 927 1087 981 docet
1110 940 1207 995 per
1242 925 1481 978 litteram
1514 924 1618 977 lex.
1657 921 1754 975 llis
1783 936 1886 974 au-

311 1029 421 1074 tem
442 1019 733 1085 conjuncta
771 1027 916 1079 sunt,
944 1023 1001 1069 et
1039 1029 1146 1068 non
1178 1013 1477 1078 contraria,
1518 1012 1561 1065 si
1595 1026 1692 1080 per
1722 1010 1888 1079 spiri-

312 1111 473 1165 talem
515 1110 853 1163 intellectum
887 1116 1076 1178 gentes
1114 1107 1168 1159 in
1203 1105 1288 1158 his
1314 1104 1573 1159 omnibus
1624 1104 1883 1171 pollutas,

310 1202 588 1257 daemones
611 1200 1078 1262 intellexerimus;
1134 1204 1324 1268 gentes
1357 1196 1629 1265 siquidem
1684 1196 1736 1248 hi
1768 1210 1891 1264 pro-

313 1302 433 1362 pter
458 1292 861 1346 multitudinem
895 1291 1154 1344 dicuntur
1182 1306 1195 1342 :
1265 1303 1389 1342 cuin
1415 1287 1563 1342 enim
1586 1286 1750 1341 nimis
1779 1286 1889 1341 sint

309 1381 504 1451 iniqui,
536 1390 592 1435 et
629 1380 778 1434 omni
845 1380 1097 1433 lsetautur
1135 1377 1357 1442 malitia,
1415 1377 1649 1431 maxime
1708 1384 1887 1429 tamen

310 1473 696 1533 fornicatione,
729 1480 783 1525 et
807 1470 1013 1525 nefaria
1043 1469 1428 1534 fornicatione,
1466 1485 1529 1522 ac
1557 1468 1727 1521 multo
1764 1482 1883 1520 ma-

309 1567 391 1637 gis
418 1564 720 1620 idololatria
749 1563 990 1634 gaudent
1016 1577 1029 1612 :
1065 1561 1187 1630 quia
1220 1562 1276 1615 in
1306 1561 1390 1615 his
1412 1576 1610 1630 corpus
1632 1569 1685 1614 et
1707 1559 1889 1613 anima

310 1656 619 1711 maculatur
651 1663 706 1708 et
728 1663 872 1708 totus
907 1654 1090 1716 homo,
1126 1652 1220 1721 qui
1239 1662 1383 1706 terra
1406 1650 1733 1720 appellatur,
1790 1663 1889 1717 per

312 1748 416 1802 hoc
459 1747 745 1817 polluitur.
777 1746 884 1823 Sed
930 1744 1117 1799 visitat
1148 1746 1291 1799 Deus
1357 1753 1581 1801 terram,
1634 1741 1889 1794 videlicet

312 1838 596 1893 hominum
627 1852 820 1905 genus,
846 1819 901 1889 et
932 1835 1133 1898 scelus,
1168 1836 1269 1900 vel,
1300 1848 1359 1888 ut
1382 1833 1761 1904 Septuaginta,
1796 1833 1882 1885 in-
1920 1819 1961 1877 Β

302 1926 578 1995 justitiam
622 1925 736 1994 ejus
781 1926 835 1979 in
897 1940 1040 1986 eam,
1084 1924 1136 1978 id
1164 1934 1413 1994 est,qu:e
1467 1925 1535 1978 ab
1568 1924 1705 1992 ipsa,
1733 1933 1789 1976 et
1834 1922 1886 1975 in

309 2018 657 2087 semetipsum
679 2018 1039 2072 committitur
1075 2033 1088 2068 :
1129 2018 1197 2071 ab
1219 2032 1280 2070 ea
1321 2017 1542 2086 quidem
1572 2016 1663 2085 qui
1693 2015 1760 2069 ab
1790 2015 1884 2068 ho-

310 2109 551 2164 minibus
573 2117 703 2163 sunt
737 2118 1046 2178 peccantes,
1077 2116 1132 2162 et
1161 2108 1203 2162 si
1234 2124 1263 2161 a
1302 2108 1664 2172 dremonibus,
1697 2115 1752 2161 et
1785 2107 1889 2161 hoc

309 2203 705 2271 protrahuntur
733 2201 787 2254 in
808 2201 1127 2270 semetipsa.
1193 2201 1320 2270 quia
1371 2201 1705 2270 accipientes
1730 2214 1890 2254 occa-

309 2289 523 2343 sionem
554 2289 629 2343 illi
658 2304 723 2343 ex
747 2299 935 2342 nostra
972 2289 1323 2358 negligentia,
1361 2291 1745 2345 contumeliam
1800 2289 1887 2343 in-

308 2390 510 2449 gerunt
542 2393 745 2437 nostra:
771 2393 1004 2438 naturae.
1038 2383 1143 2438 Sed
1202 2383 1460 2436 visitante
1490 2382 1601 2436 Deo
1635 2398 1732 2452 per
1769 2379 1890 2435 Sal-

310 2473 511 2528 vator-is
537 2475 854 2541 adventum,
894 2477 961 2530 de
991 2492 1099 2545 quo
1128 2474 1421 2529 Zacharias
1444 2474 1679 2536 dicebat,
1757 2488 1889 2543 pro-

309 2568 543 2635 phetans
572 2567 629 2620 in
657 2568 844 2638 januis
870 2584 992 2622 esse
1025 2567 1238 2622 Domini
1265 2568 1606 2621 nativitatem
1638 2583 1651 2618 :
1693 2565 1888 2619 Visita-

306 2660 502 2712 oitnos
562 2661 734 2713 oriens
794 2676 859 2713 ea:
892 2660 1003 2713 alto
1029 2660 1094 2715 “.
1147 2659 1492 2713 llahitatores
1518 2673 1649 2712 suos
1701 2668 1888 2711 nostra

305 2758 523 2814 natura,
558 2750 610 2804 id
640 2760 744 2813 est,
775 2767 871 2805 eos
906 2752 1136 2821 quieam
1172 2760 1320 2805 sorte
1371 2763 1754 2820 perceperunt,
1803 2751 1885 2803 vel

305 2842 362 2895 in
392 2858 454 2896 ea
470 2858 703 2912 quorum
726 2843 1030 2913 principem
1061 2845 1263 2897 malum
1284 2842 1453 2896 David
1484 2842 1724 2911 ﬁgurans
1742 2842 1888 2910 psal-

304 2935 501 2991 lebat:
548 2933 704 2989 Sedet
747 2936 805 2989 in
861 2936 1070 2989 insidiis
1124 2952 1240 2988 cum
1273 2935 1522 2988 divitibus
1576 2935 1631 2986 in
1670 2932 1887 2986 occultis

304 3037 363 3080 ut
409 3027 693 3096 interﬁciat
751 3027 1080 3081 innocentem
1109 3029 1190 3091 °‘,
1255 3030 1329 3081 ita
1391 3034 1449 3081 ut
1501 3027 1605 3096 ipsi
1673 3027 1883 3095 expulsi

301 3117 585 3173 dicerent:
620 3117 680 3172 Si
714 3118 862 3187 ejicis
887 3134 998 3184 nos,
1032 3119 1179 3171 mitte
1202 3134 1294 3171 nos
1330 3118 1386 3170 in
1436 3134 1646 3188 gregem
1702 3133 1887 3185 porco-

302 3228 421 3263 rum
443 3210 508 3264 ⁸³.
542 3208 770 3279 Propter
799 3211 944 3279 quod
980 3210 1257 3264 custodire
1310 3200 1483 3279 legem
1521 3225 1740 3263 omnem
1788 3224 1886 3278 per

300 3301 529 3372 Moysen
558 3303 896 3372 propalatam
945 3312 999 3356 et
1064 3310 1336 3372 prmeepta
1390 3301 1715 3370 evangelica:
1764 3316 1887 3355 con-

301 3394 628 3448 versationis
658 3395 943 3457 debemus,
989 3404 1177 3465 utpote
1208 3396 1303 3464 qui
1334 3396 1505 3449 talem
1536 3396 1605 3450 ab
1642 3410 1708 3449 eo
1756 3411 1886 3465 per-

300 3486 532 3555 cipimus
564 3488 956 3542 visitationem.

374 3577 536 3632 Vsas.
567 3579 801 3632 ‘26-‘29.r
838 3579 904 3632 Et
937 3595 1045 3632 non
1066 3577 1229 3632 faciet
1263 3595 1331 3633 ex
1384 3579 1640 3633 omnibus
1696 3579 1886 3631 admo-

299 3670 605 3723 nitionibus
637 3670 775 3733 istis,
830 3680 936 3724 tam
983 3671 1241 3741 indigena
1295 3685 1458 3739 quam
1510 3671 1740 3724 colonus
1790 3669 1882 3739 qui

300 3759 685 3828 peregrinatur
712 3761 857 3829 apud
883 3776 999 3815 eos.
1027 3759 1231 3814 Omnes
1264 3763 1410 3814 enim
1470 3762 1886 3815 exsecrationes

299 3849 434 3902 istas
467 3850 713 3903 fecerunt
737 3852 936 3905 accolae
962 3860 1122 3905 terra:
1152 3854 1243 3920 qui
1268 3851 1494 3905 fuerunt
1522 3861 1650 3905 ante
1684 3868 1799 3916 vos,
1831 3860 1886 3905 et

299 3938 613 4007 polluerunt
638 3956 779 3995 eam.
832 3942 1035 3997 Cavete
1083 3958 1212 4014 ergo
1259 3959 1330 3998 ne
1384 3951 1438 3998 et
1490 3960 1589 3998 vos
1641 3944 1888 3999 similiter

300 4042 539 4097 evomat,
576 4050 701 4089 cum
737 4036 882 4106 paria
909 4037 1156 4093 feceritis
1191 4039 1331 4093 sicut
1384 4039 1627 4094 evomuit
1668 4048 1886 4109 gentem

297 4140 421 4194 qua:
459 4126 561 4182 fuit
623 4138 749 4183 ante
794 4149 911 4185 vos.
948 4131 1142 4187 Omnis
1193 4135 1374 4187 anima
1420 4151 1541 4203 qum
1584 4134 1778 4187 fecerit
1818 4133 1887 4188 de

297 4220 801 4277 abominationibus
847 4225 968 4278 istis
1001 4226 1301 4296 quidpiam,
1352 4228 1547 4296 peribit
1590 4226 1657 4280 de
1705 4225 1887 4280 medio

296 4311 483 4383 populi
518 4314 624 4367 sui.
657 4334 674 4365 ι

372 4402 616 4458 Reiterat
659 4416 714 4460 et
769 4409 977 4463 stabilit
1034 4411 1227 4482 legem,
1292 4422 1347 4467 et
1400 4413 1885 4469 comminationcm

1990 558 2126 614 bant
2145 559 2505 627 antiquiores,
2529 560 2621 629 qui
2678 568 2876 615 terram
2937 566 3180 613 nostram
3236 556 3565 627 polluerunt.

1991 650 2058 705 Hi
2086 667 2215 722 ergo
2235 651 2570 720 antiquiores
2590 651 2748 706 nobis
2802 660 2933 704 sunt
2971 651 3026 704 in
3048 647 3387 710 conditione,
3437 636 3567 714 quia

1992 742 2290 796 invisibiles
2325 749 2759 796 suntcreaturte.
2817 740 3137 796 Polluerunt
3169 747 3351 793 autem
3385 736 3568 791 homi-

1991 851 2122 889 num
2162 850 2353 906 genus,
2391 833 2814 888 inobedientiam
2853 833 2903 888 ei
2963 832 3156 897 Adam,
3195 839 3252 883 et
3297 830 3401 882 alia
3443 834 3570 897 post

1992 928 2145 982 illum
2168 927 2306 981 mala
2348 938 2725 997 suggerentes,
2770 925 2939 981 veluti
2990 923 3357 984 mendacium,
3389 920 3567 974 homi-

1991 1017 2192 1072 cidium
2223 1024 2276 1070 et
2306 1030 2644 1085 quacunque
2698 1016 2785 1070 his
2816 1013 3017 1068 similia
3052 1020 3202 1079 sunt,
3235 1010 3310 1065 ita
3344 1016 3406 1063 ut
3461 1008 3566 1061 Do-

1992 1111 2173 1164 minus
2196 1109 2263 1163 de
2292 1109 2506 1163 diabolo
2530 1109 2740 1162 diceret
2773 1125 2785 1160 :
2813 1106 2911 1160 Ille
2932 1106 3001 1159 ab
3031 1105 3186 1157 initio
3236 1102 3465 1155 mendax
3518 1106 3569 1151 et

1990 1200 2251 1254 homicida
2276 1208 2351 1253 est
2390 1200 2455 1252 ⁸⁷.
2490 1198 2890 1268 Suggesserunt
2946 1203 3129 1249 autem
3162 1193 3240 1247 eis
3275 1193 3368 1262 qui
3416 1204 3573 1244 men-

1996 1300 2102 1346 tem
2128 1292 2393 1346 lubricam
2429 1302 2483 1345 et
2526 1300 2839 1359 vergentem
2869 1289 2935 1342 ad
2994 1287 3197 1341 malum
3241 1283 3519 1337 habebant
3554 1296 3566 1331 :

1993 1400 2118 1438 nam
2158 1399 2259 1438 nec
2284 1383 2441 1445 Abel,
2475 1398 2578 1436 nec
2606 1381 2759 1444 Seth,
2787 1396 2888 1434 nec
2923 1378 3133 1440 Enoch,
3171 1392 3273 1430 nec
3294 1374 3431 1436 Noe,
3467 1386 3572 1427 nec

1992 1479 2114 1532 aliis
2142 1478 2305 1548 justis
2330 1492 2618 1546 suggerere
2647 1485 2964 1544 potuerunt,
3006 1472 3092 1526 vel
3121 1471 3291 1541 magis
3345 1482 3570 1538 sugges-

1993 1580 2203 1634 serunt,
2230 1569 2324 1623 sed
2342 1584 2450 1621 non
2483 1569 2860 1630 obtinuerunt,
2910 1565 3003 1619 sed
3042 1563 3187 1617 irrisi
3221 1568 3348 1615 sunt
3371 1560 3439 1612 ab
3464 1558 3569 1619 eis,

1992 1670 2048 1714 et
2088 1668 2457 1715 recesserunt.
2509 1658 2692 1726 Neque
2741 1656 2886 1709 enim
2943 1652 3147 1707 inimici
3209 1649 3568 1720 cogitationes

1994 1751 2408 1822 ignorantjusti,
2431 1749 2573 1803 sicut
2594 1750 2669 1801 ait
2702 1748 2902 1801 Paulus
2931 1764 2944 1798 :
2993 1744 3112 1798 Non
3166 1745 3303 1796 enim
3360 1742 3601 1813 ignora-p

1992 1862 2105 1898 mus
2128 1845 2468 1914 cogitationes
2491 1842 2605 1911 ejus
2634 1842 2699 1895 ⁸⁸.
2727 1841 2980 1895 Scientcs
3014 1846 3198 1892 autem
3230 1851 3346 1898 eos,
3380 1834 3447 1886 ab
3489 1831 3571 1885 eis

1992 1948 2049 1986 se
2088 1932 2421 1986 custodiunt.
2451 1930 2555 1985 Sed
2581 1931 2702 1984 illos
2731 1929 2952 1999 quidem
2990 1924 3348 1995 intelligibilis
3384 1930 3571 1975 nostra

1992 2035 2134 2079 terra
2162 2023 2379 2077 visitata
2419 2039 2448 2076 a
2486 2023 2618 2087 Deo,
2667 2038 2763 2091 per
2788 2018 3088 2075 Salvatoris
3110 2016 3405 2070 adve'utum
3440 2030 3571 2067 evo-

1991 2119 2150 2173 muit.
2196 2119 2424 2187 Propter
2454 2116 2598 2184 quod
2634 2129 2737 2169 nec
2770 2113 2929 2167 venia
2955 2111 3048 2165 tali
3091 2124 3239 2163 nunc
3266 2109 3464 2178 dignus
3487 2115 3573 2159 est

1992 2209 2116 2262 talia
2139 2223 2391 2278 peccans,
2414 2207 2569 2277 quia,
2593 2213 2877 2275 postquam
2903 2201 3166 2257 destructi
3204 2209 3333 2254 sunt
3352 2198 3444 2267 qui
3471 2213 3574 2251 nos

1991 2302 2280 2365 seducunt,
2317 2311 2369 2356 et
2409 2309 2694 2369 postquam
2730 2296 2976 2351 evomuit
3008 2311 3102 2349 eos
3133 2301 3300 2357 terra,
3348 2307 3452 2345 nos
3508 2305 3572 2343 ea

1989 2410 2109 2464 qua:
2128 2394 2199 2447 ad
2231 2408 2324 2446 eos
2361 2391 2642 2462 pertinent
2680 2389 2979 2451 imitamur,
3038 2396 3093 2440 et
3143 2384 3379 2453 patimur
3423 2379 3571 2450 quod

1995 2486 2257 2539 Dominus
2289 2484 2546 2539 dicebat:
2605 2482 2762 2536 Fiunt
2824 2479 3107 2534 novissima
3154 2475 3377 2529 hominis
3425 2473 3571 2527 illius

1990 2578 2247 2631 deteriora
2270 2575 2530 2645 prioribus
2561 2572 2711 2627 “.‘Hl
2741 2572 2890 2627 enim
2939 2570 3033 2640 qui
3059 2577 3180 2639 post
3199 2565 3569 2636 evangelicum

1994 2666 2433 2733 prmdicationem
2464 2665 2518 2717 in
2559 2679 2675 2725 eas,
2705 2678 2826 2732 qua:
2865 2661 3008 2716 dicta
3059 2666 3209 2722 sunt,
3262 2657 3571 2727 impietates

1991 2767 2348 2812 excesserunt
2382 2766 2436 2811 et
2469 2757 2699 2821 scelera,
2723 2755 2839 2809 sive
2864 2753 3324 2813 abominationes,
3348 2755 3572 2819 propter

1991 2847 2217 2901 nimiam
2281 2847 2350 2900 ab
2400 2848 2480 2900 eis
2537 2845 2627 2898 Dei
2673 2844 3042 2907 aversionem,
3075 2852 3226 2896 recte
3281 2840 3409 2895 dicti
3442 2848 3574 2893 sunt

1990 2939 2116 2995 mali
2138 2948 2313 3005 ;.tcrra
2344 2940 2605 2993 abhorret
2633 2947 2690 2992 et
2717 2947 2936 2992 evomet
2957 2937 3080 2991 illos
3113 2954 3126 2990 :
3160 2951 3269 2990 non
3293 2935 3439 2989 enim
3462 2933 3571 3003 jam

1990 3033 2044 3086 in
2073 3032 2353 3086 hominum
2388 3030 2656 3100 portione,
2724 3030 2821 3083 sed
2892 3030 2946 3083 in
2999 3031 3308 3084 daemonum
3347 3026 3573 3080 ordina-

1991 3123 2195 3178 buntur
2232 3142 2244 3175 :
2278 3122 2578 3191 perdentur
2600 3118 2748 3174 enim
2772 3134 2959 3174 eorum
3010 3119 3228 3173 animm.
3254 3117 3367 3171 lloc
3387 3125 3571 3170 autem

1990 3215 2042 3269 in
2084 3216 2334 3285 gehenna
2364 3212 2442 3277 ﬁt,
2466 3211 2556 3264 ubi
2592 3211 2825 3265 maxime
2848 3211 3005 3265 locus
3024 3218 3090 3264 let
3110 3226 3233 3265 sors
3254 3210 3570 3264 themonum

1989 3316 2092 3369 est,
2110 3307 2253 3376 quod
2273 3305 2584 3360 manifestat
2598 3305 2861 3359 Dominus
2878 3305 3070 3358 dicens
3091 3322 3104 3357 :
3130 3303 3395 3357 Discedite
3416 3318 3446 3353 a
3469 3317 3572 3366 me,

1988 3398 2276 3458 maledicti,
2310 3398 2365 3450 in
2391 3397 2562 3465 ignem
2590 3405 2867 3457 aeternum,
2903 3395 2992 3464 qui
3023 3402 3248 3461 paratus
3269 3400 3343 3445 est
3361 3389 3574 3444 diabolo

1988 3500 2038 3544 et
2055 3489 2257 3559 angelis
2289 3489 2403 3559 ejus
2431 3490 2499 3542 7°.

2064 3585 2221 3638 Vens.
2259 3584 2347 3637 50.
2390 3604 2407 3634 ι
2438 3583 2727 3637 Custodite
2780 3582 3040 3641 mandata
3088 3596 3226 3643 mea,
3265 3579 3434 3634 nolite
3492 3576 3573 3631 fa-

1988 3692 2112 3732 cere
2162 3692 2285 3745 quae
2322 3676 2581 3745 fecerunt
2626 3676 2804 3744 lii-qui
2861 3675 3084 3727 fuerunt
3114 3682 3242 3725 ante
3273 3687 3389 3732 vos,
3423 3678 3478 3723 et
3505 3684 3575 3722 ne

1990 3770 2306 3840 polluamiui
2351 3769 2406 3821 in
2462 3769 2563 3822 eis.
2608 3766 2716 3837 Ego
2770 3782 2891 3820 sum
2947 3764 3224 3817 :Dominus
3274 3761 3425 3814 Deus
3478 3775 3574 3813 ve-

1990 3871 2123 3915 ste-r.
2164 3881 2182 3912 ι

2064 3954 2201 4009 Vere
2230 3958 2284 4008 in
2317 3954 2515 4007 duobus
2548 3962 2595 4006 et
2628 3953 2791 4005 tribus
2817 3955 3030 4011 testibus
3056 3961 3162 4005 stat
3224 3966 3377 4003 omne
3458 3964 3574 4001 ver-

1988 4048 2109 4100 bum
2139 4047 2207 4101 7‘.
2238 4045 2348 4099 Iloe
2382 4061 2510 4114 ergo
2537 4045 2812 4114 legislator
2877 4045 3202 4097 continuare
3240 4042 3449 4103 volens,
3505 4040 3573 4093 de

1990 4139 2198 4193 eisdem
2231 4138 2390 4192 tertio
2414 4138 2694 4207 pneccpit.

2066 4229 2355 4295 Custodite,
2394 4229 2591 4298 inquit,
2630 4230 2886 4283 mandata
2917 4226 3231 4289 meu,’nolite
3266 4228 3438 4297 facere
3454 4238 3574 4294 qua:

1994 4324 2226 4393 fecerunt
2249 4321 2301 4373 lii
2342 4321 2430 4390 qui
2458 4322 2668 4391 [uerunt
2718 4331 2840 4373 ante
2883 4337 2989 4373 eos.
3030 4318 3096 4374 Ut
3144 4317 3397 4371 ostendat
3444 4315 3570 4383 quia

1991 4427 2100 4465 non
2134 4412 2375 4465 hominis
2410 4412 2724 4480 cujuslibet,
2757 4413 2851 4466 sed
2906 4412 3078 4481 ipsius
3125 4410 3216 4463 Dei
3250 4416 3379 4463 sunt
3413 4421 3573 4460 man-

296 4494 605 4551 conlirinat.
640 4497 813 4554 Etiam
850 4501 964 4556 heec
990 4518 1178 4557 rursus
1202 4506 1429 4568 addens,
1467 4522 1686 4575 pomum
1723 4523 1871 4560 man-
1916 4504 1959 4559 D
1986 4504 2139 4559 data.
2181 4503 2284 4569 Qui
2338 4507 2613 4574 quomodo
2660 4506 2858 4559 debeat
2887 4505 3172 4569 custodiri,
3211 4520 3322 4557 non
3378 4502 3569 4562 verba,

293 4586 389 4641 dat
424 4597 650 4655 terrere,
699 4601 753 4646 et
786 4594 997 4663 erigere
1050 4612 1149 4649 nos
1200 4598 1388 4651 volens
1433 4599 1499 4651 ad
1558 4598 1775 4654 vitanda
1817 4616 1879 4654 ea

292 4692 414 4747 qua:
436 4681 627 4746 vetuit,
660 4693 717 4737 ut
746 4700 856 4738 non
887 4686 956 4748 ei,
983 4702 1145 4755 quam
1176 4689 1537 4743 comminatus
1565 4698 1669 4756 est,
1704 4707 1881 4760 paena:

239 4849 245 4854 .
293 4769 670 4840 subjiciamur.
699 4774 831 4841 Qua:
867 4786 951 4832 est
981 4779 1125 4832 enim
1156 4780 1270 4835 haec
1299 4783 1497 4837 anima:
1521 4784 1797 4852 perditio?
1826 4785 1879 4839 id

291 4869 397 4926 est,
423 4878 588 4931 quam
621 4867 710 4920 hic
742 4870 950 4937 peccati
980 4872 1247 4940 praevenit
1272 4889 1441 4939 mors,
1477 4876 1717 4945 complet
1748 4892 1878 4947 ergo

293 4952 348 5006 in
383 4952 627 5009 futurum
654 4960 924 5028 gehenna.
975 4962 1067 5018 Ait
1104 4964 1249 5019 enim
1292 4965 1577 5021 Dominus
1611 4984 1625 5021 :
1684 4968 1879 5023 Timete

289 5062 412 5100 eum
455 5049 546 5119 qui
572 5061 737 5120 potest
759 5063 806 5106 et
834 5071 1021 5125 corpus
1065 5066 1114 5109 et
1144 5058 1383 5111 animam
1424 5063 1646 5127 perdere
1697 5062 1752 5114 in
1798 5079 1882 5133 ge-

288 5139 466 5193 henna
493 5142 559 5196 “.
588 5141 820 5214 Propter
840 5148 983 5216 quod
1017 5158 1124 5203 tam
1186 5150 1441 5218 incolam,
1477 5155 1529 5207 id
1590 5163 1694 5216 est,
1754 5170 1878 5209 eum

288 5230 436 5300 quia
468 5234 716 5301 patribus
747 5236 936 5309 inlege
965 5242 1207 5295 nutritus
1246 5251 1348 5308 est,
1404 5252 1461 5297 et
1517 5244 1587 5298 ab
1649 5244 1878 5300 infantia

288 5326 489 5379 doctus
516 5334 602 5379 est
630 5327 861 5391 litteras,
899 5347 1058 5400 quam
1088 5334 1442 5403 proselytum,
1479 5337 1643 5407 etqui
1673 5337 1877 5407 adjun-

285 5425 411 5469 ctus
433 5428 517 5471 est
548 5420 727 5485 nobis,
752 5422 803 5476 id
822 5432 926 5488 est,
952 5439 1077 5478 eum
1098 5427 1189 5495 qui
1213 5426 1419 5481 deforis
1436 5430 1595 5485 nobis
1621 5430 1872 5499 adjectus

287 5518 395 5573 est,
426 5509 517 5577 qui
552 5510 787 5567 interius
816 5529 1032 5579 sumus,
1062 5518 1317 5574 recedere
1343 5521 1412 5575 ab
1445 5521 1873 5578 abominationi-

364 5684 418 5757 ‘_’_
440 5686 601 5757 Deut.
641 5705 736 5751 vn,
777 5691 867 5757 20,

1018 5693 1148 5767 Luc.
1180 5713 1217 5759 ι,
1249 5699 1339 5753 28.
1421 5698 1464 5729 “
1494 5699 1639 5755 Psal.
1668 5719 1741 5767 Ix,
1766 5704 1818 5757 5.

292 5707 601 5811 "1601".
641 5707 736 5751 vn,
777 5707 867 5757 zu,
946 5707 989 5725 "
1018 5707 1148 5749 Luc.
1180 5713 1217 5759 ι,
1249 5707 1339 5753 28.
1421 5707 1464 5729 ”
1496 5707 1639 5755 Psal.
1668 5719 1741 5767 Ix,
1766 5707 1818 5757 5.
1924 5707 1967 5737 ⁸⁸
1999 5707 2186 5762 Matth.
2221 5726 2337 5771 vm,
2360 5711 2447 5763 El.
2529 5710 2626 5763 “il

487 5772 570 5810 or.
599 5760 786 5821 31,“.
866 5762 909 5794 ⁶⁹
940 5761 1130 5819 Matth.
1162 5782 1254 5835 xu,
1287 5771 1375 5827 45.
1454 5772 1714 5827 "Matth.
1750 5790 1872 5841 xxv,
1896 5777 1984 5829 Η.
2063 5779 2103 5809 ⁷¹
2137 5780 2326 5834 Matth.
2353 5797 2505 5848 mn,
2540 5782 2626 5836 lli.

1990 4599 2084 4651 sed
2121 4613 2308 4667 opere,
2362 4598 2677 4652 incarnatus
2734 4614 2831 4667 per
2885 4613 3039 4652 suam
3096 4595 3569 4651 conversationem

1990 4691 2253 4768 ostendit.
2288 4690 2357 4745 Ut
2390 4706 2500 4745 non
2536 4691 2798 4746 faciamus
2838 4702 3018 4745 autem
3051 4690 3232 4743 omnia
3262 4705 3384 4758 quae
3425 4688 3570 4742 fece-

1990 4793 2121 4839 runt
2153 4783 2341 4854 hiequi
2380 4784 2601 4838 fuerunt
2632 4794 2758 4838 ante
2814 4800 2936 4847 nos,
2975 4784 3291 4837 necessarie
3316 4781 3525 4835 addidit
3554 4820 3568 4844 ,

1991 4888 2051 4932 ut
2076 4877 2341 4933 sciremus
2369 4880 2494 4947 quia
2526 4879 2738 4932 veniam
2776 4878 3135 4949 peccantibus
3174 4893 3283 4931 non
3319 4883 3564 4946 praestat.

1988 4969 2143 5037 Quod
2177 4971 2551 5040 pratcedentes
2583 4972 2672 5025 alii
2702 4971 2920 5041 quidam
2947 4970 3141 5025 similia
3167 4970 3401 5039 posteris
3418 4982 3573 5021 com-

1987 5064 2256 5119 miserunt
2284 5074 2505 5133 peccata
2534 5083 2547 5118 :
2578 5065 2815 5135 primum
2876 5066 3119 5135 quidem,
3150 5064 3273 5133 quia
3308 5078 3413 5115 nee
3465 5058 3572 5111 illis

1986 5156 2144 5212 venia
2173 5157 2296 5212 data
2334 5167 2436 5218 est,
2467 5157 2562 5212 sed
2593 5157 2771 5226 ptenis
2790 5156 3138 5212 condemnati
3159 5163 3321 5218 sunt;
3347 5150 3567 5215 deinde,

1986 5252 2112 5321 quia
2146 5251 2575 5319 praecedentium
2604 5266 2763 5321 poena
2784 5250 3059 5304 sutliciens
3091 5255 3209 5302 erat
3245 5248 3314 5301 ad
3334 5250 3570 5315 scquené

1987 5354 2072 5399 tes
2097 5345 2480 5416 corrigendos;
2516 5348 2742 5417 insuper
2796 5346 2922 5415 quia
2960 5345 3071 5398 Deo
3102 5343 3169 5396 de
3201 5342 3408 5397 eisdem
3434 5357 3569 5395 con-

1985 5447 2220 5493 testante
2251 5455 2396 5508 sarpe
2428 5456 2528 5510 per
2563 5439 2759 5511 legem,
2793 5449 2844 5494 et
2880 5436 3209 5506 Prophetas,
3234 5445 3289 5489 ct
3322 5436 3571 5505 Evange~

1983 5529 2074 5595 lia,
2094 5532 2382 5599 oportebat
2398 5532 2463 5586 ad
2488 5531 2855 5586 obedientiam
2878 5529 3022 5584 flecti
3052 5526 3352 5598 quamlibet
3369 5526 3567 5581 durum

2529 5711 2572 5738 “
2601 5710 2787 5765 Matth.
2814 5728 2866 5777 x,
2899 5710 2984 5766 28.
3070 5709 3115 5740 ⁸⁷
3142 5710 3301 5765 Joan.
3325 5724 3443 5773 vui,
3474 5706 3565 5761 εΗ.
