  <div class='ocr_page' id='page_1' title='image "/cluster/home/n/w/nwhite01/storage/ocr_20150623/93/mdp.39015078384313/517.png"; bbox 0 0 3962 6220; ppageno 0'>
   <div class='ocr_carea' id='block_1_1' title="bbox 400 243 3712 326">
    <p class='ocr_par' dir='ltr' id='par_1_1' title="bbox 400 243 3712 326">
     <span class='ocr_line' id='line_1_1' title="bbox 400 243 3712 326; baseline -0.005 0"><span class='ocrx_word' id='word_1_1' title='bbox 400 263 540 326; x_wconf 75' lang='lat'><strong>1019</strong></span> <span class='ocrx_word' id='word_1_2' title='bbox 1592 256 1920 317; x_wconf 83' lang='lat' dir='ltr'><strong>HESYCIII</strong></span> <span class='ocrx_word' id='word_1_3' title='bbox 1932 257 1955 314; x_wconf 82' lang='grc' dir='ltr'><strong>Ι</strong></span> <span class='ocrx_word' id='word_1_4' title='bbox 1998 255 2330 314; x_wconf 74' lang='lat' dir='ltr'><strong>PRESBYT</strong></span> <span class='ocrx_word' id='word_1_5' title='bbox 2334 253 2468 312; x_wconf 64' lang='lat' dir='ltr'><strong>E111</strong></span> <span class='ocrx_word' id='word_1_6' title='bbox 3578 243 3712 309; x_wconf 69' lang='lat'><strong>1029</strong></span> 
     </span>
    </p>
   </div>
   <div class='ocr_carea' id='block_1_2' title="bbox 396 364 3716 446">
    <p class='ocr_par' dir='ltr' id='par_1_2' title="bbox 396 364 3716 446">
     <span class='ocr_line' id='line_1_2' title="bbox 396 364 3716 446; baseline -0.005 -10"><span class='ocrx_word' id='word_1_7' title='bbox 396 398 510 436; x_wconf 82' lang='lat' dir='ltr'><strong>cur.</strong></span> <span class='ocrx_word' id='word_1_8' title='bbox 545 380 648 435; x_wconf 89' lang='lat' dir='ltr'><strong>Sed</strong></span> <span class='ocrx_word' id='word_1_9' title='bbox 686 377 808 433; x_wconf 87' lang='lat' dir='ltr'><strong>vide</strong></span> <span class='ocrx_word' id='word_1_10' title='bbox 835 377 1033 446; x_wconf 80' lang='lat' dir='ltr'><strong>quibus</strong></span> <span class='ocrx_word' id='word_1_11' title='bbox 1083 383 1408 446; x_wconf 51' lang='lat' dir='ltr'><strong>praesentem</strong></span> <span class='ocrx_word' id='word_1_12' title='bbox 1441 375 1786 430; x_wconf 75' lang='lat' dir='ltr'><strong>sanctionem</strong></span> <span class='ocrx_word' id='word_1_13' title='bbox 1839 389 1974 428; x_wconf 89' lang='lat' dir='ltr'><strong>con-</strong></span> <span class='ocrx_word' id='word_1_14' title='bbox 2010 384 2049 436; x_wconf 72' lang='grc' dir='ltr'>Α</span> <span class='ocrx_word' id='word_1_15' title='bbox 2083 373 2224 435; x_wconf 75' lang='lat' dir='ltr'><strong>estis,</strong></span> <span class='ocrx_word' id='word_1_16' title='bbox 2259 383 2308 424; x_wconf 82' lang='lat' dir='ltr'><strong>et</strong></span> <span class='ocrx_word' id='word_1_17' title='bbox 2343 372 2560 437; x_wconf 80' lang='lat' dir='ltr'><strong>spiritus</strong></span> <span class='ocrx_word' id='word_1_18' title='bbox 2591 367 2686 421; x_wconf 80' lang='lat' dir='ltr'><strong>Dei</strong></span> <span class='ocrx_word' id='word_1_19' title='bbox 2736 367 2940 421; x_wconf 74' lang='lat' dir='ltr'><strong>habitat</strong></span> <span class='ocrx_word' id='word_1_20' title='bbox 2991 367 3047 420; x_wconf 87' lang='lat' dir='ltr'><strong>in</strong></span> <span class='ocrx_word' id='word_1_21' title='bbox 3112 366 3302 420; x_wconf 70' lang='lat' dir='ltr'><strong>vobis?</strong></span> <span class='ocrx_word' id='word_1_22' title='bbox 3375 364 3716 434; x_wconf 72' lang='lat' dir='ltr'><strong>Quicunque</strong></span> 
     </span>
    </p>
   </div>
   <div class='ocr_carea' id='block_1_3' title="bbox 399 457 3713 532">
    <p class='ocr_par' dir='ltr' id='par_1_3' title="bbox 399 457 3713 532">
     <span class='ocr_line' id='line_1_3' title="bbox 399 457 3713 532; baseline -0.004 -6"><span class='ocrx_word' id='word_1_23' title='bbox 399 471 632 526; x_wconf 84' lang='lat' dir='ltr'><strong>tirmavit</strong></span> <span class='ocrx_word' id='word_1_24' title='bbox 653 467 852 522; x_wconf 80' lang='lat' dir='ltr'><strong>verbis.</strong></span> <span class='ocrx_word' id='word_1_25' title='bbox 2095 481 2216 532; x_wconf 77' lang='lat' dir='ltr'><strong>ergo</strong></span> <span class='ocrx_word' id='word_1_26' title='bbox 2237 462 2484 532; x_wconf 83' lang='lat' dir='ltr'><strong>templum</strong></span> <span class='ocrx_word' id='word_1_27' title='bbox 2529 461 2624 514; x_wconf 88' lang='lat' dir='ltr'><strong>Dei</strong></span> <span class='ocrx_word' id='word_1_28' title='bbox 2647 460 2939 521; x_wconf 80' lang='lat' dir='ltr'><strong>violaverit,</strong></span> <span class='ocrx_word' id='word_1_29' title='bbox 2999 460 3264 528; x_wconf 76' lang='lat' dir='ltr'><strong>disperdat</strong></span> <span class='ocrx_word' id='word_1_30' title='bbox 3326 458 3499 512; x_wconf 78' lang='lat' dir='ltr'><strong>illum</strong></span> <span class='ocrx_word' id='word_1_31' title='bbox 3550 457 3713 518; x_wconf 70' lang='lat' dir='ltr'><strong>Deus.</strong></span> 
     </span>
    </p>
   </div>
   <div class='ocr_carea' id='block_1_4' title="bbox 467 549 3714 629">
    <p class='ocr_par' dir='ltr' id='par_1_4' title="bbox 467 549 3714 629">
     <span class='ocr_line' id='line_1_4' title="bbox 467 549 3714 629; baseline -0.005 -13"><span class='ocrx_word' id='word_1_32' title='bbox 467 561 546 616; x_wconf 85' lang='lat' dir='ltr'><strong>Ne</strong></span> <span class='ocrx_word' id='word_1_33' title='bbox 573 560 886 629; x_wconf 82' lang='lat' dir='ltr'><strong>polluamiui</strong></span> <span class='ocrx_word' id='word_1_34' title='bbox 914 561 970 614; x_wconf 85' lang='lat' dir='ltr'><strong>in</strong></span> <span class='ocrx_word' id='word_1_35' title='bbox 994 561 1088 624; x_wconf 88' lang='lat' dir='ltr'><strong>eis,</strong></span> <span class='ocrx_word' id='word_1_36' title='bbox 1128 560 1254 629; x_wconf 83' lang='lat' dir='ltr'><strong>quia</strong></span> <span class='ocrx_word' id='word_1_37' title='bbox 1284 573 1377 627; x_wconf 79' lang='lat' dir='ltr'><strong>ego</strong></span> <span class='ocrx_word' id='word_1_38' title='bbox 1402 571 1520 610; x_wconf 77' lang='lat' dir='ltr'><strong>sum</strong></span> <span class='ocrx_word' id='word_1_39' title='bbox 1563 554 1821 608; x_wconf 80' lang='lat' dir='ltr'><strong>Dominus</strong></span> <span class='ocrx_word' id='word_1_40' title='bbox 1845 554 1982 606; x_wconf 80' lang='lat' dir='ltr'><strong>Deus</strong></span> <span class='ocrx_word' id='word_1_41' title='bbox 2095 553 2346 621; x_wconf 76' lang='lat' dir='ltr'><strong>templum</strong></span> <span class='ocrx_word' id='word_1_42' title='bbox 2397 551 2537 605; x_wconf 84' lang='lat' dir='ltr'><strong>enim</strong></span> <span class='ocrx_word' id='word_1_43' title='bbox 2595 549 2690 604; x_wconf 96' lang='lat' dir='ltr'><strong>Dei</strong></span> <span class='ocrx_word' id='word_1_44' title='bbox 2739 560 2982 604; x_wconf 84' lang='lat' dir='ltr'><strong>sanctum</strong></span> <span class='ocrx_word' id='word_1_45' title='bbox 3004 557 3100 612; x_wconf 85' lang='lat' dir='ltr'><strong>est,</strong></span> <span class='ocrx_word' id='word_1_46' title='bbox 3168 550 3313 618; x_wconf 83' lang='lat' dir='ltr'><strong>quod</strong></span> <span class='ocrx_word' id='word_1_47' title='bbox 3343 551 3491 602; x_wconf 82' lang='lat' dir='ltr'><strong>estis</strong></span> <span class='ocrx_word' id='word_1_48' title='bbox 3524 565 3623 602; x_wconf 77' lang='lat' dir='ltr'><strong>vos</strong></span> <span class='ocrx_word' id='word_1_49' title='bbox 3649 549 3714 600; x_wconf 75' lang='grc' dir='ltr'><strong>τ’.</strong></span> 
     </span>
    </p>
   </div>
   <div class='ocr_carea' id='block_1_5' title="bbox 398 639 3717 720">
    <p class='ocr_par' dir='ltr' id='par_1_5' title="bbox 398 639 3717 720">
     <span class='ocr_line' id='line_1_5' title="bbox 398 639 3717 720; baseline -0.005 -12"><span class='ocrx_word' id='word_1_50' title='bbox 398 663 596 718; x_wconf 80' lang='lat' dir='ltr'><strong>uester,</strong></span> <span class='ocrx_word' id='word_1_51' title='bbox 643 667 834 708; x_wconf 88' lang='lat' dir='ltr'><strong>omnes</strong></span> <span class='ocrx_word' id='word_1_52' title='bbox 863 668 960 708; x_wconf 84' lang='lat' dir='ltr'><strong>vos</strong></span> <span class='ocrx_word' id='word_1_53' title='bbox 1015 668 1047 706; x_wconf 91' lang='lat' dir='ltr'><strong>a</strong></span> <span class='ocrx_word' id='word_1_54' title='bbox 1093 651 1393 720; x_wconf 89' lang='lat' dir='ltr'><strong>pollutione</strong></span> <span class='ocrx_word' id='word_1_55' title='bbox 1447 647 1717 702; x_wconf 87' lang='lat' dir='ltr'><strong>mundare</strong></span> <span class='ocrx_word' id='word_1_56' title='bbox 1769 646 1977 700; x_wconf 89' lang='lat' dir='ltr'><strong>volens.</strong></span> <span class='ocrx_word' id='word_1_57' title='bbox 2091 643 2536 698; x_wconf 89' lang='lat' dir='ltr'><strong>Consummatam</strong></span> <span class='ocrx_word' id='word_1_58' title='bbox 2577 657 2704 712; x_wconf 79' lang='lat' dir='ltr'><strong>ergo</strong></span> <span class='ocrx_word' id='word_1_59' title='bbox 2752 639 3243 695; x_wconf 82' lang='lat' dir='ltr'><strong>sanctificationem</strong></span> <span class='ocrx_word' id='word_1_60' title='bbox 3278 639 3717 704; x_wconf 67' lang='lat' dir='ltr'><strong>custodientes,</strong></span> 
     </span>
    </p>
   </div>
   <div class='ocr_carea' id='block_1_6' title="bbox 397 730 3718 814">
    <p class='ocr_par' dir='ltr' id='par_1_6' title="bbox 397 730 3718 814">
     <span class='ocr_line' id='line_1_6' title="bbox 397 730 3718 814; baseline -0.005 -14"><span class='ocrx_word' id='word_1_61' title='bbox 397 745 534 812; x_wconf 82' lang='lat' dir='ltr'><strong>Quia</strong></span> <span class='ocrx_word' id='word_1_62' title='bbox 563 745 854 814; x_wconf 82' lang='lat' dir='ltr'><strong>imaginem</strong></span> <span class='ocrx_word' id='word_1_63' title='bbox 888 745 1010 814; x_wconf 89' lang='lat' dir='ltr'><strong>ejus</strong></span> <span class='ocrx_word' id='word_1_64' title='bbox 1039 742 1360 798; x_wconf 83' lang='lat' dir='ltr'><strong>circumdati</strong></span> <span class='ocrx_word' id='word_1_65' title='bbox 1408 756 1620 805; x_wconf 88' lang='lat' dir='ltr'><strong>sumus,</strong></span> <span class='ocrx_word' id='word_1_66' title='bbox 1669 749 1724 794; x_wconf 90' lang='lat' dir='ltr'><strong>et</strong></span> <span class='ocrx_word' id='word_1_67' title='bbox 1774 739 1980 809; x_wconf 91' lang='lat' dir='ltr'><strong>polluta</strong></span> <span class='ocrx_word' id='word_1_68' title='bbox 2089 744 2259 790; x_wconf 87' lang='lat' dir='ltr'><strong>totam</strong></span> <span class='ocrx_word' id='word_1_69' title='bbox 2284 738 2338 790; x_wconf 91' lang='lat' dir='ltr'><strong>in</strong></span> <span class='ocrx_word' id='word_1_70' title='bbox 2393 735 2554 791; x_wconf 89' lang='lat' dir='ltr'><strong>nobis</strong></span> <span class='ocrx_word' id='word_1_71' title='bbox 2605 735 2872 790; x_wconf 80' lang='lat' dir='ltr'><strong>habemus</strong></span> <span class='ocrx_word' id='word_1_72' title='bbox 2933 733 3348 786; x_wconf 87' lang='lat' dir='ltr'><strong>inhabitantem</strong></span> <span class='ocrx_word' id='word_1_73' title='bbox 3407 730 3718 786; x_wconf 80' lang='lat' dir='ltr'><strong>Trinitatis</strong></span> 
     </span>
    </p>
   </div>
   <div class='ocr_carea' id='block_1_7' title="bbox 398 821 3720 906">
    <p class='ocr_par' dir='ltr' id='par_1_7' title="bbox 398 821 3720 906">
     <span class='ocr_line' id='line_1_7' title="bbox 398 821 3720 906; baseline -0.005 -15"><span class='ocrx_word' id='word_1_74' title='bbox 398 836 617 906; x_wconf 79' lang='lat' dir='ltr'><strong>quidem</strong></span> <span class='ocrx_word' id='word_1_75' title='bbox 684 852 766 902; x_wconf 90' lang='lat' dir='ltr'><strong>ea,</strong></span> <span class='ocrx_word' id='word_1_76' title='bbox 821 851 852 889; x_wconf 92' lang='lat' dir='ltr'><strong>a</strong></span> <span class='ocrx_word' id='word_1_77' title='bbox 905 834 1151 904; x_wconf 88' lang='lat' dir='ltr'><strong>qualibet</strong></span> <span class='ocrx_word' id='word_1_78' title='bbox 1191 848 1401 898; x_wconf 89' lang='lat' dir='ltr'><strong>earum,</strong></span> <span class='ocrx_word' id='word_1_79' title='bbox 1455 848 1578 900; x_wconf 67' lang='lat' dir='ltr'><strong>quae</strong></span> <span class='ocrx_word' id='word_1_80' title='bbox 1613 832 1795 885; x_wconf 69' lang='lat' dir='ltr'><strong>vetita:</strong></span> <span class='ocrx_word' id='word_1_81' title='bbox 1827 839 1978 893; x_wconf 91' lang='lat' dir='ltr'><strong>sunt,</strong></span> <span class='ocrx_word' id='word_1_82' title='bbox 2088 827 2512 898; x_wconf 88' lang='lat' dir='ltr'><strong>plenitudinem,</strong></span> <span class='ocrx_word' id='word_1_83' title='bbox 2541 827 2587 880; x_wconf 89' lang='lat' dir='ltr'><strong>si</strong></span> <span class='ocrx_word' id='word_1_84' title='bbox 2625 835 2804 880; x_wconf 87' lang='lat' dir='ltr'><strong>tamen</strong></span> <span class='ocrx_word' id='word_1_85' title='bbox 2849 823 3114 890; x_wconf 82' lang='lat' dir='ltr'><strong>templum</strong></span> <span class='ocrx_word' id='word_1_86' title='bbox 3149 821 3247 876; x_wconf 89' lang='lat' dir='ltr'><strong>Dei</strong></span> <span class='ocrx_word' id='word_1_87' title='bbox 3282 836 3531 886; x_wconf 76' lang='lat' dir='ltr'><strong>sumus,</strong></span> <span class='ocrx_word' id='word_1_88' title='bbox 3561 821 3720 874; x_wconf 81' lang='lat' dir='ltr'><strong>vide-</strong></span> 
     </span>
    </p>
   </div>
   <div class='ocr_carea' id='block_1_8' title="bbox 401 911 3721 986">
    <p class='ocr_par' dir='ltr' id='par_1_8' title="bbox 401 911 3721 986">
     <span class='ocr_line' id='line_1_8' title="bbox 401 911 3721 986; baseline -0.005 -4"><span class='ocrx_word' id='word_1_89' title='bbox 401 930 668 983; x_wconf 87' lang='lat' dir='ltr'><strong>malarum</strong></span> <span class='ocrx_word' id='word_1_90' title='bbox 701 937 757 982; x_wconf 90' lang='lat' dir='ltr'><strong>et</strong></span> <span class='ocrx_word' id='word_1_91' title='bbox 791 927 1128 982; x_wconf 81' lang='lat' dir='ltr'><strong>nefariarum</strong></span> <span class='ocrx_word' id='word_1_92' title='bbox 1155 925 1392 986; x_wconf 86' lang='lat' dir='ltr'><strong>actione,</strong></span> <span class='ocrx_word' id='word_1_93' title='bbox 1445 923 1754 978; x_wconf 80' lang='lat' dir='ltr'><strong>necessarie</strong></span> <span class='ocrx_word' id='word_1_94' title='bbox 1786 923 1977 978; x_wconf 86' lang='lat' dir='ltr'><strong>irasci-</strong></span> <span class='ocrx_word' id='word_1_95' title='bbox 2089 921 2218 975; x_wconf 83' lang='lat' dir='ltr'><strong>licet</strong></span> <span class='ocrx_word' id='word_1_96' title='bbox 2257 919 2452 980; x_wconf 80' lang='lat' dir='ltr'><strong>Patris,</strong></span> <span class='ocrx_word' id='word_1_97' title='bbox 2499 917 2702 970; x_wconf 86' lang='lat' dir='ltr'><strong>Christi</strong></span> <span class='ocrx_word' id='word_1_98' title='bbox 2729 925 2914 970; x_wconf 87' lang='lat' dir='ltr'><strong>autem</strong></span> <span class='ocrx_word' id='word_1_99' title='bbox 2973 928 3176 982; x_wconf 88' lang='lat' dir='ltr'><strong>corpus</strong></span> <span class='ocrx_word' id='word_1_100' title='bbox 3212 920 3272 966; x_wconf 92' lang='lat' dir='ltr'><strong>et</strong></span> <span class='ocrx_word' id='word_1_101' title='bbox 3297 911 3612 975; x_wconf 86' lang='lat' dir='ltr'><strong>membra,</strong></span> <span class='ocrx_word' id='word_1_102' title='bbox 3671 921 3721 964; x_wconf 79' lang='lat' dir='ltr'><strong>et</strong></span> 
     </span>
    </p>
   </div>
   <div class='ocr_carea' id='block_1_9' title="bbox 401 1003 3721 1082">
    <p class='ocr_par' dir='ltr' id='par_1_9' title="bbox 401 1003 3721 1082">
     <span class='ocr_line' id='line_1_9' title="bbox 401 1003 3721 1082; baseline -0.005 -10"><span class='ocrx_word' id='word_1_103' title='bbox 401 1030 533 1074; x_wconf 89' lang='lat' dir='ltr'><strong>tur:</strong></span> <span class='ocrx_word' id='word_1_104' title='bbox 565 1018 766 1071; x_wconf 88' lang='lat' dir='ltr'><strong>munda</strong></span> <span class='ocrx_word' id='word_1_105' title='bbox 795 1027 981 1070; x_wconf 85' lang='lat' dir='ltr'><strong>autem</strong></span> <span class='ocrx_word' id='word_1_106' title='bbox 1034 1022 1377 1079; x_wconf 89' lang='lat' dir='ltr'><strong>conservata,</strong></span> <span class='ocrx_word' id='word_1_107' title='bbox 1428 1012 1482 1066; x_wconf 90' lang='lat' dir='ltr'><strong>in</strong></span> <span class='ocrx_word' id='word_1_108' title='bbox 1547 1021 1754 1066; x_wconf 89' lang='lat' dir='ltr'><strong>tantum</strong></span> <span class='ocrx_word' id='word_1_109' title='bbox 1800 1012 1980 1081; x_wconf 88' lang='lat' dir='ltr'><strong>placet</strong></span> <span class='ocrx_word' id='word_1_110' title='bbox 2089 1012 2330 1082; x_wconf 84' lang='lat' dir='ltr'><strong>Spiritus</strong></span> <span class='ocrx_word' id='word_1_111' title='bbox 2358 1021 2582 1066; x_wconf 88' lang='lat' dir='ltr'><strong>sanctus</strong></span> <span class='ocrx_word' id='word_1_112' title='bbox 2613 1011 2664 1062; x_wconf 88' lang='lat' dir='ltr'><strong>in</strong></span> <span class='ocrx_word' id='word_1_113' title='bbox 2701 1009 2860 1062; x_wconf 87' lang='lat' dir='ltr'><strong>nobis</strong></span> <span class='ocrx_word' id='word_1_114' title='bbox 2917 1005 3152 1072; x_wconf 84' lang='lat' dir='ltr'><strong>habitat,</strong></span> <span class='ocrx_word' id='word_1_115' title='bbox 3195 1005 3254 1060; x_wconf 90' lang='lat' dir='ltr'><strong>in</strong></span> <span class='ocrx_word' id='word_1_116' title='bbox 3287 1004 3546 1059; x_wconf 82' lang='lat' dir='ltr'><strong>Christo</strong></span> <span class='ocrx_word' id='word_1_117' title='bbox 3585 1003 3721 1058; x_wconf 83' lang='lat' dir='ltr'><strong>Jesn</strong></span> 
     </span>
    </p>
   </div>
   <div class='ocr_carea' id='block_1_10' title="bbox 405 1093 3719 1173">
    <p class='ocr_par' dir='ltr' id='par_1_10' title="bbox 405 1093 3719 1173">
     <span class='ocr_line' id='line_1_10' title="bbox 405 1093 3719 1173; baseline -0.005 -11"><span class='ocrx_word' id='word_1_118' title='bbox 405 1119 470 1162; x_wconf 82' lang='lat' dir='ltr'><strong>ut.</strong></span> <span class='ocrx_word' id='word_1_119' title='bbox 497 1109 659 1162; x_wconf 87' lang='lat' dir='ltr'><strong>etiam</strong></span> <span class='ocrx_word' id='word_1_120' title='bbox 684 1107 954 1162; x_wconf 85' lang='lat' dir='ltr'><strong>inhabitet</strong></span> <span class='ocrx_word' id='word_1_121' title='bbox 983 1108 1036 1160; x_wconf 91' lang='lat' dir='ltr'><strong>in</strong></span> <span class='ocrx_word' id='word_1_122' title='bbox 1069 1105 1247 1168; x_wconf 90' lang='lat' dir='ltr'><strong>nobis,</strong></span> <span class='ocrx_word' id='word_1_123' title='bbox 1271 1104 1416 1173; x_wconf 93' lang='lat' dir='ltr'><strong>quod</strong></span> <span class='ocrx_word' id='word_1_124' title='bbox 1447 1103 1758 1158; x_wconf 80' lang='lat' dir='ltr'><strong>manifestat</strong></span> <span class='ocrx_word' id='word_1_125' title='bbox 1782 1101 1981 1156; x_wconf 78' lang='lat' dir='ltr'><strong>Paulus</strong></span> <span class='ocrx_word' id='word_1_126' title='bbox 2089 1104 2317 1157; x_wconf 86' lang='lat' dir='ltr'><strong>Domino</strong></span> <span class='ocrx_word' id='word_1_127' title='bbox 2349 1111 2561 1162; x_wconf 86' lang='lat' dir='ltr'><strong>nostro,</strong></span> <span class='ocrx_word' id='word_1_128' title='bbox 2603 1099 2794 1154; x_wconf 83' lang='lat' dir='ltr'><strong>cuiest</strong></span> <span class='ocrx_word' id='word_1_129' title='bbox 2814 1097 3006 1168; x_wconf 78' lang='lat' dir='ltr'><strong>gloria,</strong></span> <span class='ocrx_word' id='word_1_130' title='bbox 3031 1098 3233 1162; x_wconf 84' lang='lat' dir='ltr'><strong>honor,</strong></span> <span class='ocrx_word' id='word_1_131' title='bbox 3271 1105 3333 1152; x_wconf 88' lang='lat' dir='ltr'><strong>et</strong></span> <span class='ocrx_word' id='word_1_132' title='bbox 3359 1109 3646 1166; x_wconf 71' lang='lat' dir='ltr'><strong>regnum,</strong></span> <span class='ocrx_word' id='word_1_133' title='bbox 3667 1093 3719 1146; x_wconf 88' lang='lat' dir='ltr'><strong>in</strong></span> 
     </span>
    </p>
   </div>
   <div class='ocr_carea' id='block_1_11' title="bbox 404 1192 2892 1269">
    <p class='ocr_par' dir='ltr' id='par_1_11' title="bbox 404 1192 2892 1269">
     <span class='ocr_line' id='line_1_11' title="bbox 404 1192 2892 1269; baseline -0.003 -16"><span class='ocrx_word' id='word_1_134' title='bbox 404 1209 699 1268; x_wconf 90' lang='lat' dir='ltr'><strong>utrumque</strong></span> <span class='ocrx_word' id='word_1_135' title='bbox 729 1215 743 1265; x_wconf 90' lang='lat'><strong>;</strong></span> <span class='ocrx_word' id='word_1_136' title='bbox 786 1198 863 1253; x_wconf 88' lang='lat' dir='ltr'><strong>ait</strong></span> <span class='ocrx_word' id='word_1_137' title='bbox 895 1213 1024 1269; x_wconf 77' lang='lat' dir='ltr'><strong>ergo</strong></span> <span class='ocrx_word' id='word_1_138' title='bbox 1047 1198 1164 1253; x_wconf 87' lang='lat' dir='ltr'><strong>sic:</strong></span> <span class='ocrx_word' id='word_1_139' title='bbox 1196 1196 1422 1250; x_wconf 74' lang='lat' dir='ltr'><strong>Nescitis</strong></span> <span class='ocrx_word' id='word_1_140' title='bbox 1452 1197 1576 1266; x_wconf 87' lang='lat' dir='ltr'><strong>quia</strong></span> <span class='ocrx_word' id='word_1_141' title='bbox 1597 1192 1848 1262; x_wconf 67' lang='lat' dir='ltr'><strong>templum</strong></span> <span class='ocrx_word' id='word_1_142' title='bbox 1883 1193 1979 1246; x_wconf 92' lang='lat' dir='ltr'><strong>Dei</strong></span> <span class='ocrx_word' id='word_1_143' title='bbox 2089 1193 2286 1249; x_wconf 77' lang='lat' dir='ltr'><strong>sa-cula</strong></span> <span class='ocrx_word' id='word_1_144' title='bbox 2317 1193 2668 1248; x_wconf 81' lang='lat' dir='ltr'><strong>saeculorum.</strong></span> <span class='ocrx_word' id='word_1_145' title='bbox 2695 1193 2892 1246; x_wconf 80' lang='lat' dir='ltr'><strong>Amen.</strong></span> 
     </span>
    </p>
   </div>
   <div class='ocr_carea' id='block_1_12' title="bbox 433 1374 3222 1400">
    <p class='ocr_par' dir='ltr' id='par_1_12' title="bbox 433 1374 3222 1400">
     <span class='ocr_line' id='line_1_12' title="bbox 433 1374 3222 1400; baseline 0 -8"><span class='ocrx_word' id='word_1_146' title='bbox 433 1374 3222 1400; x_wconf 63' lang='lat' dir='ltr'>MM</span> 
     </span>
    </p>
   </div>
   <div class='ocr_carea' id='block_1_13' title="bbox 1490 1537 2552 1632">
    <p class='ocr_par' dir='ltr' id='par_1_13' title="bbox 1490 1537 2552 1632">
     <span class='ocr_line' id='line_1_13' title="bbox 1490 1537 2552 1632; baseline -0.008 0"><span class='ocrx_word' id='word_1_147' title='bbox 1490 1539 1904 1632; x_wconf 81' lang='lat' dir='ltr'><strong>LIBER</strong></span> <span class='ocrx_word' id='word_1_148' title='bbox 1997 1537 2552 1627; x_wconf 85' lang='lat' dir='ltr'><strong>SEXTUS.</strong></span> 
     </span>
    </p>
   </div>
   <div class='ocr_carea' id='block_1_14' title="bbox 2021 1756 2095 1771">
    <p class='ocr_par' dir='ltr' id='par_1_14' title="bbox 2021 1756 2095 1771">
     <span class='ocr_line' id='line_1_14' title="bbox 2021 1756 2095 1771; baseline 0 -3"><span class='ocrx_word' id='word_1_149' title='bbox 2021 1756 2095 1771; x_wconf 66' lang='grc' dir='ltr'><strong>..σ-</strong></span> 
     </span>
    </p>
   </div>
   <div class='ocr_carea' id='block_1_15' title="bbox 988 1913 1407 1974">
    <p class='ocr_par' dir='ltr' id='par_1_15' title="bbox 988 1913 1407 1974">
     <span class='ocr_line' id='line_1_15' title="bbox 988 1913 1407 1974; baseline -0.002 0"><span class='ocrx_word' id='word_1_150' title='bbox 988 1913 1407 1974; x_wconf 71' lang='grc' dir='ltr'><strong>ΡΒᾸΞΕΑΉΟ.</strong></span> 
     </span>
    </p>
   </div>
   <div class='ocr_carea' id='block_1_16' title="bbox 473 2054 1982 2124">
    <p class='ocr_par' dir='ltr' id='par_1_16' title="bbox 473 2054 1982 2124">
     <span class='ocr_line' id='line_1_16' title="bbox 473 2054 1982 2124; baseline -0.005 -14"><span class='ocrx_word' id='word_1_151' title='bbox 473 2056 688 2124; x_wconf 86' lang='lat' dir='ltr'><strong>Quanta</strong></span> <span class='ocrx_word' id='word_1_152' title='bbox 720 2059 859 2111; x_wconf 81' lang='lat' dir='ltr'><strong>bona</strong></span> <span class='ocrx_word' id='word_1_153' title='bbox 891 2057 958 2112; x_wconf 78' lang='lat' dir='ltr'><strong>ad</strong></span> <span class='ocrx_word' id='word_1_154' title='bbox 990 2058 1401 2110; x_wconf 66' lang='lat' dir='ltr'><strong>meditationem</strong></span> <span class='ocrx_word' id='word_1_155' title='bbox 1427 2055 1560 2124; x_wconf 71' lang='lat' dir='ltr'><strong>legis</strong></span> <span class='ocrx_word' id='word_1_156' title='bbox 1594 2063 1648 2108; x_wconf 91' lang='lat' dir='ltr'><strong>et</strong></span> <span class='ocrx_word' id='word_1_157' title='bbox 1706 2054 1982 2122; x_wconf 65' lang='lat' dir='ltr'><strong>interpreo</strong></span> 
     </span>
    </p>
   </div>
   <div class='ocr_carea' id='block_1_17' title="bbox 403 2146 1982 2216">
    <p class='ocr_par' dir='ltr' id='par_1_17' title="bbox 403 2146 1982 2216">
     <span class='ocr_line' id='line_1_17' title="bbox 403 2146 1982 2216; baseline -0.003 -12"><span class='ocrx_word' id='word_1_158' title='bbox 403 2149 662 2205; x_wconf 77' lang='lat' dir='ltr'><strong>tationem</strong></span> <span class='ocrx_word' id='word_1_159' title='bbox 705 2159 944 2204; x_wconf 88' lang='lat' dir='ltr'><strong>mentem</strong></span> <span class='ocrx_word' id='word_1_160' title='bbox 1035 2149 1452 2214; x_wconf 86' lang='lat' dir='ltr'><strong>transferentes,</strong></span> <span class='ocrx_word' id='word_1_161' title='bbox 1503 2148 1796 2212; x_wconf 87' lang='lat' dir='ltr'><strong>lucremur,</strong></span> <span class='ocrx_word' id='word_1_162' title='bbox 1851 2146 1982 2216; x_wconf 88' lang='lat' dir='ltr'><strong>quid</strong></span> 
     </span>
    </p>
   </div>
   <div class='ocr_carea' id='block_1_18' title="bbox 403 2241 1976 2312">
    <p class='ocr_par' dir='ltr' id='par_1_18' title="bbox 403 2241 1976 2312">
     <span class='ocr_line' id='line_1_18' title="bbox 403 2241 1976 2312; baseline 0.003 -21"><span class='ocrx_word' id='word_1_163' title='bbox 403 2257 540 2312; x_wconf 84' lang='lat' dir='ltr'><strong>opus</strong></span> <span class='ocrx_word' id='word_1_164' title='bbox 559 2252 642 2296; x_wconf 90' lang='lat' dir='ltr'><strong>est</strong></span> <span class='ocrx_word' id='word_1_165' title='bbox 670 2242 896 2297; x_wconf 86' lang='lat' dir='ltr'><strong>dicere?</strong></span> <span class='ocrx_word' id='word_1_166' title='bbox 926 2241 1112 2312; x_wconf 84' lang='lat' dir='ltr'><strong>Neque</strong></span> <span class='ocrx_word' id='word_1_167' title='bbox 1134 2242 1280 2296; x_wconf 89' lang='lat' dir='ltr'><strong>enim</strong></span> <span class='ocrx_word' id='word_1_168' title='bbox 1311 2243 1490 2295; x_wconf 89' lang='lat' dir='ltr'><strong>solum</strong></span> <span class='ocrx_word' id='word_1_169' title='bbox 1519 2241 1749 2296; x_wconf 87' lang='lat' dir='ltr'><strong>virtutes</strong></span> <span class='ocrx_word' id='word_1_170' title='bbox 1773 2257 1976 2296; x_wconf 85' lang='lat' dir='ltr'><strong>conse-</strong></span> 
     </span>
    </p>
   </div>
   <div class='ocr_carea' id='block_1_19' title="bbox 401 2333 1980 2402">
    <p class='ocr_par' dir='ltr' id='par_1_19' title="bbox 401 2333 1980 2402">
     <span class='ocr_line' id='line_1_19' title="bbox 401 2333 1980 2402; baseline 0.001 -17"><span class='ocrx_word' id='word_1_171' title='bbox 401 2333 640 2402; x_wconf 88' lang='lat' dir='ltr'><strong>quimur,</strong></span> <span class='ocrx_word' id='word_1_172' title='bbox 683 2333 778 2388; x_wconf 63' lang='lat' dir='ltr'><strong>sed</strong></span> <span class='ocrx_word' id='word_1_173' title='bbox 809 2343 865 2388; x_wconf 90' lang='lat' dir='ltr'><strong>et</strong></span> <span class='ocrx_word' id='word_1_174' title='bbox 893 2335 1032 2388; x_wconf 88' lang='lat' dir='ltr'><strong>mala</strong></span> <span class='ocrx_word' id='word_1_175' title='bbox 1063 2334 1366 2394; x_wconf 84' lang='lat' dir='ltr'><strong>renuimns,</strong></span> <span class='ocrx_word' id='word_1_176' title='bbox 1435 2350 1500 2387; x_wconf 79' lang='lat' dir='ltr'><strong>ex</strong></span> <span class='ocrx_word' id='word_1_177' title='bbox 1562 2333 1728 2402; x_wconf 82' lang='lat' dir='ltr'><strong>hujus</strong></span> <span class='ocrx_word' id='word_1_178' title='bbox 1775 2333 1980 2398; x_wconf 78' lang='lat' dir='ltr'><strong>studio,</strong></span> 
     </span>
    </p>
   </div>
   <div class='ocr_carea' id='block_1_20' title="bbox 403 2423 1982 2494">
    <p class='ocr_par' dir='ltr' id='par_1_20' title="bbox 403 2423 1982 2494">
     <span class='ocr_line' id='line_1_20' title="bbox 403 2423 1982 2494; baseline 0.003 -19"><span class='ocrx_word' id='word_1_179' title='bbox 403 2438 618 2476; x_wconf 90' lang='lat' dir='ltr'><strong>necnon</strong></span> <span class='ocrx_word' id='word_1_180' title='bbox 681 2438 923 2477; x_wconf 86' lang='lat' dir='ltr'><strong>amorem</strong></span> <span class='ocrx_word' id='word_1_181' title='bbox 981 2423 1318 2493; x_wconf 86' lang='lat' dir='ltr'><strong>acquirimus</strong></span> <span class='ocrx_word' id='word_1_182' title='bbox 1362 2423 1476 2486; x_wconf 85' lang='lat' dir='ltr'><strong>Dei,</strong></span> <span class='ocrx_word' id='word_1_183' title='bbox 1521 2423 1982 2494; x_wconf 88' lang='lat' dir='ltr'><strong>pulchritudinem</strong></span> 
     </span>
    </p>
   </div>
   <div class='ocr_carea' id='block_1_21' title="bbox 403 2515 1985 2584">
    <p class='ocr_par' dir='ltr' id='par_1_21' title="bbox 403 2515 1985 2584">
     <span class='ocr_line' id='line_1_21' title="bbox 403 2515 1985 2584; baseline 0.004 -18"><span class='ocrx_word' id='word_1_184' title='bbox 403 2515 682 2582; x_wconf 75' lang='lat' dir='ltr'><strong>sapientia:</strong></span> <span class='ocrx_word' id='word_1_185' title='bbox 713 2515 832 2584; x_wconf 87' lang='lat' dir='ltr'><strong>ejus</strong></span> <span class='ocrx_word' id='word_1_186' title='bbox 862 2515 1154 2580; x_wconf 82' lang='lat' dir='ltr'><strong>discentes,</strong></span> <span class='ocrx_word' id='word_1_187' title='bbox 1187 2515 1456 2584; x_wconf 84' lang='lat' dir='ltr'><strong>simulque</strong></span> <span class='ocrx_word' id='word_1_188' title='bbox 1483 2531 1511 2568; x_wconf 91' lang='lat' dir='ltr'><strong>a</strong></span> <span class='ocrx_word' id='word_1_189' title='bbox 1536 2515 1786 2570; x_wconf 66' lang='lat' dir='ltr'><strong>saeculari</strong></span> <span class='ocrx_word' id='word_1_190' title='bbox 1831 2516 1985 2572; x_wconf 88' lang='lat' dir='ltr'><strong>fumo</strong></span> 
     </span>
    </p>
   </div>
   <div class='ocr_carea' id='block_1_22' title="bbox 401 2606 1985 2677">
    <p class='ocr_par' dir='ltr' id='par_1_22' title="bbox 401 2606 1985 2677">
     <span class='ocr_line' id='line_1_22' title="bbox 401 2606 1985 2677; baseline 0.003 -19"><span class='ocrx_word' id='word_1_191' title='bbox 401 2606 620 2660; x_wconf 85' lang='lat' dir='ltr'><strong>oculum</strong></span> <span class='ocrx_word' id='word_1_192' title='bbox 657 2606 855 2660; x_wconf 72' lang='lat' dir='ltr'><strong>animae</strong></span> <span class='ocrx_word' id='word_1_193' title='bbox 886 2607 1196 2669; x_wconf 86' lang='lat' dir='ltr'><strong>liberamus.</strong></span> <span class='ocrx_word' id='word_1_194' title='bbox 1235 2619 1289 2661; x_wconf 91' lang='lat' dir='ltr'><strong>et</strong></span> <span class='ocrx_word' id='word_1_195' title='bbox 1315 2609 1683 2677; x_wconf 79' lang='lat' dir='ltr'><strong>corruptionis</strong></span> <span class='ocrx_word' id='word_1_196' title='bbox 1731 2609 1985 2663; x_wconf 66' lang='lat' dir='ltr'><strong>humana:</strong></span> 
     </span>
    </p>
   </div>
   <div class='ocr_carea' id='block_1_23' title="bbox 406 2693 1980 2761">
    <p class='ocr_par' dir='ltr' id='par_1_23' title="bbox 406 2693 1980 2761">
     <span class='ocr_line' id='line_1_23' title="bbox 406 2693 1980 2761; baseline 0.002 -16"><span class='ocrx_word' id='word_1_197' title='bbox 406 2694 676 2747; x_wconf 84' lang='lat' dir='ltr'><strong>sustinere</strong></span> <span class='ocrx_word' id='word_1_198' title='bbox 707 2708 988 2747; x_wconf 84' lang='lat' dir='ltr'><strong>cessamus</strong></span> <span class='ocrx_word' id='word_1_199' title='bbox 1011 2693 1406 2761; x_wconf 86' lang='lat' dir='ltr'><strong>imperinm,.et</strong></span> <span class='ocrx_word' id='word_1_200' title='bbox 1441 2695 1760 2748; x_wconf 78' lang='lat' dir='ltr'><strong>excedimus</strong></span> <span class='ocrx_word' id='word_1_201' title='bbox 1821 2695 1980 2749; x_wconf 83' lang='lat' dir='ltr'><strong>dein-</strong></span> 
     </span>
    </p>
   </div>
   <div class='ocr_carea' id='block_1_24' title="bbox 409 2783 1986 2852">
    <p class='ocr_par' dir='ltr' id='par_1_24' title="bbox 409 2783 1986 2852">
     <span class='ocr_line' id='line_1_24' title="bbox 409 2783 1986 2852; baseline 0.002 -16"><span class='ocrx_word' id='word_1_202' title='bbox 409 2797 540 2852; x_wconf 85' lang='lat' dir='ltr'><strong>ceps</strong></span> <span class='ocrx_word' id='word_1_203' title='bbox 572 2783 852 2848; x_wconf 87' lang='lat' dir='ltr'><strong>homines,</strong></span> <span class='ocrx_word' id='word_1_204' title='bbox 887 2798 1052 2836; x_wconf 89' lang='lat' dir='ltr'><strong>carne</strong></span> <span class='ocrx_word' id='word_1_205' title='bbox 1087 2784 1208 2844; x_wconf 89' lang='lat' dir='ltr'><strong>hac,</strong></span> <span class='ocrx_word' id='word_1_206' title='bbox 1241 2799 1363 2852; x_wconf 74' lang='lat' dir='ltr'><strong>quae</strong></span> <span class='ocrx_word' id='word_1_207' title='bbox 1407 2793 1577 2837; x_wconf 79' lang='lat' dir='ltr'><strong>estex</strong></span> <span class='ocrx_word' id='word_1_208' title='bbox 1613 2792 1830 2838; x_wconf 87' lang='lat' dir='ltr'><strong>terrena</strong></span> <span class='ocrx_word' id='word_1_209' title='bbox 1867 2801 1986 2839; x_wconf 92' lang='lat' dir='ltr'><strong>ma-</strong></span> 
     </span>
    </p>
   </div>
   <div class='ocr_carea' id='block_1_25' title="bbox 411 2875 1984 2945">
    <p class='ocr_par' dir='ltr' id='par_1_25' title="bbox 411 2875 1984 2945">
     <span class='ocr_line' id='line_1_25' title="bbox 411 2875 1984 2945; baseline 0.001 -17"><span class='ocrx_word' id='word_1_210' title='bbox 411 2875 569 2940; x_wconf 88' lang='lat' dir='ltr'><strong>teria,</strong></span> <span class='ocrx_word' id='word_1_211' title='bbox 599 2875 852 2930; x_wconf 86' lang='lat' dir='ltr'><strong>viventes</strong></span> <span class='ocrx_word' id='word_1_212' title='bbox 877 2875 1187 2939; x_wconf 89' lang='lat' dir='ltr'><strong>sublimius,</strong></span> <span class='ocrx_word' id='word_1_213' title='bbox 1244 2875 1330 2928; x_wconf 88' lang='lat' dir='ltr'><strong>vel</strong></span> <span class='ocrx_word' id='word_1_214' title='bbox 1363 2875 1533 2945; x_wconf 79' lang='lat' dir='ltr'><strong>magis</strong></span> <span class='ocrx_word' id='word_1_215' title='bbox 1563 2875 1828 2930; x_wconf 85' lang='lat' dir='ltr'><strong>etlicimur</strong></span> <span class='ocrx_word' id='word_1_216' title='bbox 1884 2877 1984 2930; x_wconf 87' lang='lat' dir='ltr'><strong>ho-</strong></span> 
     </span>
    </p>
   </div>
   <div class='ocr_carea' id='block_1_26' title="bbox 409 2966 1990 3036">
    <p class='ocr_par' dir='ltr' id='par_1_26' title="bbox 409 2966 1990 3036">
     <span class='ocr_line' id='line_1_26' title="bbox 409 2966 1990 3036; baseline 0.001 -16"><span class='ocrx_word' id='word_1_217' title='bbox 409 2967 604 3023; x_wconf 88' lang='lat' dir='ltr'><strong>mines.</strong></span> <span class='ocrx_word' id='word_1_218' title='bbox 635 2966 887 3022; x_wconf 82' lang='lat' dir='ltr'><strong>Hominis</strong></span> <span class='ocrx_word' id='word_1_219' title='bbox 903 2967 1049 3020; x_wconf 89' lang='lat' dir='ltr'><strong>enim</strong></span> <span class='ocrx_word' id='word_1_220' title='bbox 1079 2976 1163 3020; x_wconf 88' lang='lat' dir='ltr'><strong>est</strong></span> <span class='ocrx_word' id='word_1_221' title='bbox 1188 2967 1452 3020; x_wconf 83' lang='lat' dir='ltr'><strong>rationale</strong></span> <span class='ocrx_word' id='word_1_222' title='bbox 1477 2967 1990 3036; x_wconf 82' lang='lat' dir='ltr'><strong>contemplativum-</strong></span> 
     </span>
    </p>
   </div>
   <div class='ocr_carea' id='block_1_27' title="bbox 408 3059 1988 3130">
    <p class='ocr_par' dir='ltr' id='par_1_27' title="bbox 408 3059 1988 3130">
     <span class='ocr_line' id='line_1_27' title="bbox 408 3059 1988 3130; baseline 0.001 -18"><span class='ocrx_word' id='word_1_223' title='bbox 408 3073 518 3126; x_wconf 83' lang='lat' dir='ltr'><strong>quo</strong></span> <span class='ocrx_word' id='word_1_224' title='bbox 554 3059 857 3128; x_wconf 88' lang='lat' dir='ltr'><strong>pr0prium,</strong></span> <span class='ocrx_word' id='word_1_225' title='bbox 895 3059 1039 3112; x_wconf 89' lang='lat' dir='ltr'><strong>unde</strong></span> <span class='ocrx_word' id='word_1_226' title='bbox 1070 3059 1216 3113; x_wconf 90' lang='lat' dir='ltr'><strong>etad</strong></span> <span class='ocrx_word' id='word_1_227' title='bbox 1260 3059 1551 3130; x_wconf 81' lang='lat' dir='ltr'><strong>imaginem</strong></span> <span class='ocrx_word' id='word_1_228' title='bbox 1610 3059 1705 3113; x_wconf 82' lang='lat' dir='ltr'><strong>Dei</strong></span> <span class='ocrx_word' id='word_1_229' title='bbox 1769 3069 1988 3114; x_wconf 87' lang='lat' dir='ltr'><strong>creatus</strong></span> 
     </span>
    </p>
   </div>
   <div class='ocr_carea' id='block_1_28' title="bbox 410 3147 1988 3220">
    <p class='ocr_par' dir='ltr' id='par_1_28' title="bbox 410 3147 1988 3220">
     <span class='ocr_line' id='line_1_28' title="bbox 410 3147 1988 3220; baseline 0.001 -18"><span class='ocrx_word' id='word_1_230' title='bbox 410 3149 634 3203; x_wconf 86' lang='lat' dir='ltr'><strong>dicitur.</strong></span> <span class='ocrx_word' id='word_1_231' title='bbox 662 3147 788 3203; x_wconf 62' lang='lat' dir='ltr'><strong>llaic</strong></span> <span class='ocrx_word' id='word_1_232' title='bbox 818 3159 1003 3204; x_wconf 88' lang='lat' dir='ltr'><strong>autem</strong></span> <span class='ocrx_word' id='word_1_233' title='bbox 1033 3150 1192 3204; x_wconf 90' lang='lat' dir='ltr'><strong>nobis</strong></span> <span class='ocrx_word' id='word_1_234' title='bbox 1231 3166 1328 3220; x_wconf 90' lang='lat' dir='ltr'><strong>per</strong></span> <span class='ocrx_word' id='word_1_235' title='bbox 1365 3151 1606 3204; x_wconf 88' lang='lat' dir='ltr'><strong>studium</strong></span> <span class='ocrx_word' id='word_1_236' title='bbox 1656 3159 1714 3206; x_wconf 87' lang='lat' dir='ltr'><strong>et</strong></span> <span class='ocrx_word' id='word_1_237' title='bbox 1750 3166 1988 3220; x_wconf 89' lang='lat' dir='ltr'><strong>occupa-</strong></span> 
     </span>
    </p>
   </div>
   <div class='ocr_carea' id='block_1_29' title="bbox 414 3238 2062 3312">
    <p class='ocr_par' dir='ltr' id='par_1_29' title="bbox 414 3238 2062 3312">
     <span class='ocr_line' id='line_1_29' title="bbox 414 3238 2062 3312; baseline 0.004 -20"><span class='ocrx_word' id='word_1_238' title='bbox 414 3238 616 3292; x_wconf 86' lang='lat' dir='ltr'><strong>tionem</strong></span> <span class='ocrx_word' id='word_1_239' title='bbox 643 3239 786 3294; x_wconf 85' lang='lat' dir='ltr'><strong>cirea</strong></span> <span class='ocrx_word' id='word_1_240' title='bbox 814 3241 1042 3295; x_wconf 84' lang='lat' dir='ltr'><strong>verbum</strong></span> <span class='ocrx_word' id='word_1_241' title='bbox 1071 3240 1164 3295; x_wconf 91' lang='lat' dir='ltr'><strong>Dei</strong></span> <span class='ocrx_word' id='word_1_242' title='bbox 1205 3242 1558 3310; x_wconf 87' lang='lat' dir='ltr'><strong>proveniunt.</strong></span> <span class='ocrx_word' id='word_1_243' title='bbox 1595 3242 1822 3311; x_wconf 79' lang='lat' dir='ltr'><strong>Propter</strong></span> <span class='ocrx_word' id='word_1_244' title='bbox 1841 3244 1985 3312; x_wconf 91' lang='lat' dir='ltr'><strong>quod</strong></span> <span class='ocrx_word' id='word_1_245' title='bbox 2019 3247 2062 3306; x_wconf 78' lang='grc' dir='ltr'>Ο</span> 
     </span>
    </p>
   </div>
   <div class='ocr_carea' id='block_1_30' title="bbox 416 3325 1986 3400">
    <p class='ocr_par' dir='ltr' id='par_1_30' title="bbox 416 3325 1986 3400">
     <span class='ocr_line' id='line_1_30' title="bbox 416 3325 1986 3400; baseline 0.006 -24"><span class='ocrx_word' id='word_1_246' title='bbox 416 3325 636 3380; x_wconf 78' lang='lat' dir='ltr'><strong>Levitici</strong></span> <span class='ocrx_word' id='word_1_247' title='bbox 668 3325 792 3382; x_wconf 89' lang='lat' dir='ltr'><strong>libri</strong></span> <span class='ocrx_word' id='word_1_248' title='bbox 819 3330 1106 3398; x_wconf 88' lang='lat' dir='ltr'><strong>sequentia</strong></span> <span class='ocrx_word' id='word_1_249' title='bbox 1133 3344 1542 3398; x_wconf 82' lang='lat' dir='ltr'><strong>percurramus,</strong></span> <span class='ocrx_word' id='word_1_250' title='bbox 1567 3331 1801 3384; x_wconf 88' lang='lat' dir='ltr'><strong>multum</strong></span> <span class='ocrx_word' id='word_1_251' title='bbox 1823 3332 1986 3400; x_wconf 86' lang='lat' dir='ltr'><strong>juva-</strong></span> 
     </span>
    </p>
   </div>
   <div class='ocr_carea' id='block_1_31' title="bbox 2011 1901 3705 1974">
    <p class='ocr_par' dir='ltr' id='par_1_31' title="bbox 2011 1901 3705 1974">
     <span class='ocr_line' id='line_1_31' title="bbox 2011 1901 3705 1974; baseline -0.001 -16"><span class='ocrx_word' id='word_1_252' title='bbox 2011 1909 2052 1968; x_wconf 76' lang='grc' dir='ltr'><strong>Β</strong></span> <span class='ocrx_word' id='word_1_253' title='bbox 2084 1905 2402 1974; x_wconf 86' lang='lat' dir='ltr'><strong>sionemque</strong></span> <span class='ocrx_word' id='word_1_254' title='bbox 2420 1901 2706 1974; x_wconf 84' lang='lat' dir='ltr'><strong>removet),</strong></span> <span class='ocrx_word' id='word_1_255' title='bbox 2722 1903 3210 1958; x_wconf 81' lang='lat' dir='ltr'><strong>sanctiﬁcationem</strong></span> <span class='ocrx_word' id='word_1_256' title='bbox 3231 1902 3705 1972; x_wconf 85' lang='lat' dir='ltr'><strong>consequimini;</strong></span> 
     </span>
    </p>
   </div>
   <div class='ocr_carea' id='block_1_32' title="bbox 2085 1995 3718 2068">
    <p class='ocr_par' dir='ltr' id='par_1_32' title="bbox 2085 1995 3718 2068">
     <span class='ocr_line' id='line_1_32' title="bbox 2085 1995 3718 2068; baseline 0.001 -18"><span class='ocrx_word' id='word_1_257' title='bbox 2085 2006 2310 2050; x_wconf 87' lang='lat' dir='ltr'><strong>sanctus</strong></span> <span class='ocrx_word' id='word_1_258' title='bbox 2345 2007 2528 2051; x_wconf 87' lang='lat' dir='ltr'><strong>autem</strong></span> <span class='ocrx_word' id='word_1_259' title='bbox 2553 1998 2810 2068; x_wconf 71' lang='lat' dir='ltr'><strong>conjungi</strong></span> <span class='ocrx_word' id='word_1_260' title='bbox 2859 1995 3109 2066; x_wconf 81' lang='lat' dir='ltr'><strong>profanis</strong></span> <span class='ocrx_word' id='word_1_261' title='bbox 3133 2011 3244 2052; x_wconf 89' lang='lat' dir='ltr'><strong>non</strong></span> <span class='ocrx_word' id='word_1_262' title='bbox 3270 1997 3522 2065; x_wconf 89' lang='lat' dir='ltr'><strong>patitur.</strong></span> <span class='ocrx_word' id='word_1_263' title='bbox 3582 1995 3718 2052; x_wconf 87' lang='lat' dir='ltr'><strong>Pro-</strong></span> 
     </span>
    </p>
   </div>
   <div class='ocr_carea' id='block_1_33' title="bbox 2085 2089 3716 2160">
    <p class='ocr_par' dir='ltr' id='par_1_33' title="bbox 2085 2089 3716 2160">
     <span class='ocr_line' id='line_1_33' title="bbox 2085 2089 3716 2160; baseline 0 -18"><span class='ocrx_word' id='word_1_264' title='bbox 2085 2101 2271 2160; x_wconf 86' lang='lat' dir='ltr'><strong>pterea</strong></span> <span class='ocrx_word' id='word_1_265' title='bbox 2301 2089 2500 2144; x_wconf 82' lang='lat' dir='ltr'><strong>Paulus</strong></span> <span class='ocrx_word' id='word_1_266' title='bbox 2523 2091 2741 2145; x_wconf 64' lang='lat' dir='ltr'><strong>diei-bat</strong></span> <span class='ocrx_word' id='word_1_267' title='bbox 2774 2108 2786 2142; x_wconf 87' lang='lat'><strong>:</strong></span> <span class='ocrx_word' id='word_1_268' title='bbox 2833 2091 3062 2144; x_wconf 68' lang='lat' dir='ltr'><strong>Nescitis</strong></span> <span class='ocrx_word' id='word_1_269' title='bbox 3097 2090 3224 2160; x_wconf 87' lang='lat' dir='ltr'><strong>quia</strong></span> <span class='ocrx_word' id='word_1_270' title='bbox 3275 2090 3560 2160; x_wconf 83' lang='lat' dir='ltr'><strong>templum</strong></span> <span class='ocrx_word' id='word_1_271' title='bbox 3621 2090 3716 2144; x_wconf 78' lang='lat' dir='ltr'><strong>Dei</strong></span> 
     </span>
    </p>
   </div>
   <div class='ocr_carea' id='block_1_34' title="bbox 2084 2179 3717 2248">
    <p class='ocr_par' dir='ltr' id='par_1_34' title="bbox 2084 2179 3717 2248">
     <span class='ocr_line' id='line_1_34' title="bbox 2084 2179 3717 2248; baseline 0 -14"><span class='ocrx_word' id='word_1_272' title='bbox 2084 2182 2204 2234; x_wconf 81' lang='lat' dir='ltr'><strong>estis</strong></span> <span class='ocrx_word' id='word_1_273' title='bbox 2226 2182 2312 2233; x_wconf 87' lang='lat' dir='ltr'><strong>?et</strong></span> <span class='ocrx_word' id='word_1_274' title='bbox 2342 2181 2560 2248; x_wconf 87' lang='lat' dir='ltr'><strong>spiritus</strong></span> <span class='ocrx_word' id='word_1_275' title='bbox 2595 2180 2692 2233; x_wconf 77' lang='lat' dir='ltr'><strong>Dei</strong></span> <span class='ocrx_word' id='word_1_276' title='bbox 2745 2180 2950 2233; x_wconf 78' lang='lat' dir='ltr'><strong>habitat</strong></span> <span class='ocrx_word' id='word_1_277' title='bbox 3019 2181 3074 2232; x_wconf 87' lang='lat' dir='ltr'><strong>in</strong></span> <span class='ocrx_word' id='word_1_278' title='bbox 3133 2179 3316 2233; x_wconf 79' lang='lat' dir='ltr'><strong>vobis?</strong></span> <span class='ocrx_word' id='word_1_279' title='bbox 3372 2179 3717 2248; x_wconf 68' lang='lat' dir='ltr'><strong>Quicunque</strong></span> 
     </span>
    </p>
   </div>
   <div class='ocr_carea' id='block_1_35' title="bbox 2085 2271 3714 2341">
    <p class='ocr_par' dir='ltr' id='par_1_35' title="bbox 2085 2271 3714 2341">
     <span class='ocr_line' id='line_1_35' title="bbox 2085 2271 3714 2341; baseline 0.001 -17"><span class='ocrx_word' id='word_1_280' title='bbox 2085 2282 2261 2325; x_wconf 86' lang='lat' dir='ltr'><strong>autent</strong></span> <span class='ocrx_word' id='word_1_281' title='bbox 2301 2273 2552 2341; x_wconf 84' lang='lat' dir='ltr'><strong>templum</strong></span> <span class='ocrx_word' id='word_1_282' title='bbox 2596 2273 2813 2326; x_wconf 86' lang='lat' dir='ltr'><strong>Domini</strong></span> <span class='ocrx_word' id='word_1_283' title='bbox 2856 2271 3151 2337; x_wconf 80' lang='lat' dir='ltr'><strong>uiolauerit,</strong></span> <span class='ocrx_word' id='word_1_284' title='bbox 3205 2273 3490 2341; x_wconf 74' lang='lat' dir='ltr'><strong>disperde!</strong></span> <span class='ocrx_word' id='word_1_285' title='bbox 3553 2274 3714 2326; x_wconf 71' lang='lat' dir='ltr'><strong>illum</strong></span> 
     </span>
    </p>
   </div>
   <div class='ocr_carea' id='block_1_36' title="bbox 2085 2364 3711 2434">
    <p class='ocr_par' dir='ltr' id='par_1_36' title="bbox 2085 2364 3711 2434">
     <span class='ocr_line' id='line_1_36' title="bbox 2085 2364 3711 2434; baseline -0.001 -16"><span class='ocrx_word' id='word_1_286' title='bbox 2085 2365 2246 2418; x_wconf 84' lang='lat' dir='ltr'><strong>Deus.</strong></span> <span class='ocrx_word' id='word_1_287' title='bbox 2270 2364 2538 2432; x_wconf 73' lang='lat' dir='ltr'><strong>Templum</strong></span> <span class='ocrx_word' id='word_1_288' title='bbox 2561 2365 2700 2417; x_wconf 84' lang='lat' dir='ltr'><strong>enim</strong></span> <span class='ocrx_word' id='word_1_289' title='bbox 2723 2365 2818 2416; x_wconf 85' lang='lat' dir='ltr'><strong>Dei</strong></span> <span class='ocrx_word' id='word_1_290' title='bbox 2835 2373 3076 2416; x_wconf 84' lang='lat' dir='ltr'><strong>sanctum</strong></span> <span class='ocrx_word' id='word_1_291' title='bbox 3095 2373 3187 2430; x_wconf 85' lang='lat' dir='ltr'><strong>est,</strong></span> <span class='ocrx_word' id='word_1_292' title='bbox 3209 2365 3348 2434; x_wconf 84' lang='lat' dir='ltr'><strong>quod</strong></span> <span class='ocrx_word' id='word_1_293' title='bbox 3366 2365 3506 2418; x_wconf 80' lang='lat' dir='ltr'><strong>estis</strong></span> <span class='ocrx_word' id='word_1_294' title='bbox 3527 2381 3627 2419; x_wconf 80' lang='lat' dir='ltr'><strong>vos</strong></span> <span class='ocrx_word' id='word_1_295' title='bbox 3646 2366 3711 2416; x_wconf 76' lang='lat'><strong>&quot;.</strong></span> 
     </span>
    </p>
   </div>
   <div class='ocr_carea' id='block_1_37' title="bbox 2165 2455 3713 2524">
    <p class='ocr_par' dir='ltr' id='par_1_37' title="bbox 2165 2455 3713 2524">
     <span class='ocr_line' id='line_1_37' title="bbox 2165 2455 3713 2524; baseline 0.002 -16"><span class='ocrx_word' id='word_1_296' title='bbox 2165 2455 2627 2524; x_wconf 64' lang='lat' dir='ltr'><strong>Supersedilieans</strong></span> <span class='ocrx_word' id='word_1_297' title='bbox 2649 2462 2832 2508; x_wconf 85' lang='lat' dir='ltr'><strong>autem</strong></span> <span class='ocrx_word' id='word_1_298' title='bbox 2861 2455 3118 2509; x_wconf 84' lang='lat' dir='ltr'><strong>mandata</strong></span> <span class='ocrx_word' id='word_1_299' title='bbox 3149 2469 3320 2524; x_wconf 90' lang='lat' dir='ltr'><strong>super</strong></span> <span class='ocrx_word' id='word_1_300' title='bbox 3346 2456 3464 2509; x_wconf 89' lang='lat' dir='ltr'><strong>hoc</strong></span> <span class='ocrx_word' id='word_1_301' title='bbox 3492 2456 3713 2511; x_wconf 80' lang='lat' dir='ltr'><strong>funda-</strong></span> 
     </span>
    </p>
   </div>
   <div class='ocr_carea' id='block_1_38' title="bbox 2087 2548 3707 2618">
    <p class='ocr_par' dir='ltr' id='par_1_38' title="bbox 2087 2548 3707 2618">
     <span class='ocr_line' id='line_1_38' title="bbox 2087 2548 3707 2618; baseline 0.001 -16"><span class='ocrx_word' id='word_1_302' title='bbox 2087 2556 2356 2613; x_wconf 84' lang='lat' dir='ltr'><strong>mentum,</strong></span> <span class='ocrx_word' id='word_1_303' title='bbox 2407 2559 2560 2603; x_wconf 73' lang='lat' dir='ltr'><strong>cxtra</strong></span> <span class='ocrx_word' id='word_1_304' title='bbox 2612 2548 2755 2618; x_wconf 87' lang='lat' dir='ltr'><strong>quod</strong></span> <span class='ocrx_word' id='word_1_305' title='bbox 2803 2563 2965 2602; x_wconf 86' lang='lat' dir='ltr'><strong>nemo</strong></span> <span class='ocrx_word' id='word_1_306' title='bbox 3011 2556 3196 2617; x_wconf 89' lang='lat' dir='ltr'><strong>potest</strong></span> <span class='ocrx_word' id='word_1_307' title='bbox 3242 2565 3463 2618; x_wconf 87' lang='lat' dir='ltr'><strong>ponere</strong></span> <span class='ocrx_word' id='word_1_308' title='bbox 3493 2551 3707 2606; x_wconf 83' lang='lat' dir='ltr'><strong>aliud:</strong></span> 
     </span>
    </p>
   </div>
   <div class='ocr_carea' id='block_1_39' title="bbox 2094 2639 3712 2710">
    <p class='ocr_par' dir='ltr' id='par_1_39' title="bbox 2094 2639 3712 2710">
     <span class='ocr_line' id='line_1_39' title="bbox 2094 2639 3712 2710; baseline 0.001 -17"><span class='ocrx_word' id='word_1_309' title='bbox 2094 2639 2472 2710; x_wconf 79' lang='lat' dir='ltr'><strong>Unusquisque,</strong></span> <span class='ocrx_word' id='word_1_310' title='bbox 2516 2640 2612 2704; x_wconf 89' lang='lat' dir='ltr'><strong>ait,</strong></span> <span class='ocrx_word' id='word_1_311' title='bbox 2658 2651 2888 2708; x_wconf 80' lang='lat' dir='ltr'><strong>patrem,</strong></span> <span class='ocrx_word' id='word_1_312' title='bbox 2938 2650 2986 2693; x_wconf 84' lang='lat' dir='ltr'><strong>et</strong></span> <span class='ocrx_word' id='word_1_313' title='bbox 3026 2652 3247 2694; x_wconf 85' lang='lat' dir='ltr'><strong>matrem</strong></span> <span class='ocrx_word' id='word_1_314' title='bbox 3279 2658 3446 2695; x_wconf 84' lang='lat' dir='ltr'><strong>suam</strong></span> <span class='ocrx_word' id='word_1_315' title='bbox 3478 2643 3712 2696; x_wconf 76' lang='lat' dir='ltr'><strong>timeat.</strong></span> 
     </span>
    </p>
   </div>
   <div class='ocr_carea' id='block_1_40' title="bbox 2087 2725 3710 2806">
    <p class='ocr_par' dir='ltr' id='par_1_40' title="bbox 2087 2725 3710 2806">
     <span class='ocr_line' id='line_1_40' title="bbox 2087 2725 3710 2806; baseline 0.002 -22"><span class='ocrx_word' id='word_1_316' title='bbox 2087 2729 2192 2784; x_wconf 85' lang='lat' dir='ltr'><strong>Per</strong></span> <span class='ocrx_word' id='word_1_317' title='bbox 2221 2733 2711 2787; x_wconf 82' lang='lat' dir='ltr'><strong>sanctilicationem</strong></span> <span class='ocrx_word' id='word_1_318' title='bbox 2745 2733 2964 2802; x_wconf 87' lang='lat' dir='ltr'><strong>quidem</strong></span> <span class='ocrx_word' id='word_1_319' title='bbox 3019 2750 3210 2803; x_wconf 89' lang='lat' dir='ltr'><strong>puram</strong></span> <span class='ocrx_word' id='word_1_320' title='bbox 3250 2725 3506 2788; x_wconf 74' lang='lat' dir='ltr'><strong>mentem</strong></span> <span class='ocrx_word' id='word_1_321' title='bbox 3575 2751 3710 2806; x_wconf 73' lang='lat' dir='ltr'><strong>erga</strong></span> 
     </span>
    </p>
   </div>
   <div class='ocr_carea' id='block_1_41' title="bbox 2089 2821 3712 2894">
    <p class='ocr_par' dir='ltr' id='par_1_41' title="bbox 2089 2821 3712 2894">
     <span class='ocr_line' id='line_1_41' title="bbox 2089 2821 3712 2894; baseline 0.002 -18"><span class='ocrx_word' id='word_1_322' title='bbox 2089 2821 2404 2877; x_wconf 82' lang='lat' dir='ltr'><strong>Creatorem</strong></span> <span class='ocrx_word' id='word_1_323' title='bbox 2431 2823 2722 2890; x_wconf 83' lang='lat' dir='ltr'><strong>mandans,</strong></span> <span class='ocrx_word' id='word_1_324' title='bbox 2761 2840 2856 2891; x_wconf 88' lang='lat' dir='ltr'><strong>per</strong></span> <span class='ocrx_word' id='word_1_325' title='bbox 2888 2826 3152 2879; x_wconf 85' lang='lat' dir='ltr'><strong>honorem</strong></span> <span class='ocrx_word' id='word_1_326' title='bbox 3196 2834 3380 2878; x_wconf 89' lang='lat' dir='ltr'><strong>autem</strong></span> <span class='ocrx_word' id='word_1_327' title='bbox 3420 2825 3616 2894; x_wconf 82' lang='lat' dir='ltr'><strong>patris</strong></span> <span class='ocrx_word' id='word_1_328' title='bbox 3650 2834 3712 2880; x_wconf 84' lang='lat' dir='ltr'><strong>et</strong></span> 
     </span>
    </p>
   </div>
   <div class='ocr_carea' id='block_1_42' title="bbox 2089 2916 3708 2988">
    <p class='ocr_par' dir='ltr' id='par_1_42' title="bbox 2089 2916 3708 2988">
     <span class='ocr_line' id='line_1_42' title="bbox 2089 2916 3708 2988; baseline 0.002 -19"><span class='ocrx_word' id='word_1_329' title='bbox 2089 2916 2278 2970; x_wconf 85' lang='lat' dir='ltr'><strong>matris</strong></span> <span class='ocrx_word' id='word_1_330' title='bbox 2316 2917 2580 2986; x_wconf 87' lang='lat' dir='ltr'><strong>impendi,</strong></span> <span class='ocrx_word' id='word_1_331' title='bbox 2609 2927 2818 2972; x_wconf 76' lang='lat' dir='ltr'><strong>naturae</strong></span> <span class='ocrx_word' id='word_1_332' title='bbox 2861 2917 3278 2988; x_wconf 83' lang='lat' dir='ltr'><strong>benignitatem,</strong></span> <span class='ocrx_word' id='word_1_333' title='bbox 3333 2933 3462 2986; x_wconf 65' lang='lat' dir='ltr'><strong>quae</strong></span> <span class='ocrx_word' id='word_1_334' title='bbox 3485 2933 3708 2988; x_wconf 82' lang='lat' dir='ltr'><strong>paren—</strong></span> 
     </span>
    </p>
   </div>
   <div class='ocr_carea' id='block_1_43' title="bbox 2091 3007 3704 3074">
    <p class='ocr_par' dir='ltr' id='par_1_43' title="bbox 2091 3007 3704 3074">
     <span class='ocr_line' id='line_1_43' title="bbox 2091 3007 3704 3074; baseline 0.003 -15"><span class='ocrx_word' id='word_1_335' title='bbox 2091 3007 2238 3062; x_wconf 89' lang='lat' dir='ltr'><strong>tibus</strong></span> <span class='ocrx_word' id='word_1_336' title='bbox 2261 3008 2548 3074; x_wconf 90' lang='lat' dir='ltr'><strong>honorem,</strong></span> <span class='ocrx_word' id='word_1_337' title='bbox 2584 3009 2682 3064; x_wconf 88' lang='lat' dir='ltr'><strong>sed</strong></span> <span class='ocrx_word' id='word_1_338' title='bbox 2717 3019 2773 3063; x_wconf 90' lang='lat' dir='ltr'><strong>et</strong></span> <span class='ocrx_word' id='word_1_339' title='bbox 2800 3010 3054 3064; x_wconf 87' lang='lat' dir='ltr'><strong>timorem</strong></span> <span class='ocrx_word' id='word_1_340' title='bbox 3087 3009 3278 3064; x_wconf 85' lang='lat' dir='ltr'><strong>deberi</strong></span> <span class='ocrx_word' id='word_1_341' title='bbox 3301 3025 3334 3063; x_wconf 88' lang='lat' dir='ltr'><strong>a</strong></span> <span class='ocrx_word' id='word_1_342' title='bbox 3361 3009 3515 3074; x_wconf 79' lang='lat' dir='ltr'><strong>filiis,</strong></span> <span class='ocrx_word' id='word_1_343' title='bbox 3541 3010 3704 3065; x_wconf 87' lang='lat' dir='ltr'><strong>sicut</strong></span> 
     </span>
    </p>
   </div>
   <div class='ocr_carea' id='block_1_44' title="bbox 2090 3097 3708 3172">
    <p class='ocr_par' dir='ltr' id='par_1_44' title="bbox 2090 3097 3708 3172">
     <span class='ocr_line' id='line_1_44' title="bbox 2090 3097 3708 3172; baseline 0.002 -20"><span class='ocrx_word' id='word_1_344' title='bbox 2090 3097 2356 3154; x_wconf 89' lang='lat' dir='ltr'><strong>Dominus</strong></span> <span class='ocrx_word' id='word_1_345' title='bbox 2391 3101 2564 3154; x_wconf 88' lang='lat' dir='ltr'><strong>dedit.</strong></span> <span class='ocrx_word' id='word_1_346' title='bbox 2595 3101 2799 3156; x_wconf 84' lang='lat' dir='ltr'><strong>Deinde</strong></span> <span class='ocrx_word' id='word_1_347' title='bbox 2851 3101 2986 3172; x_wconf 72' lang='lat' dir='ltr'><strong>legis</strong></span> <span class='ocrx_word' id='word_1_348' title='bbox 3027 3101 3285 3156; x_wconf 83' lang='lat' dir='ltr'><strong>mandata</strong></span> <span class='ocrx_word' id='word_1_349' title='bbox 3311 3102 3708 3170; x_wconf 83' lang='lat' dir='ltr'><strong>recapitulare</strong></span> 
     </span>
    </p>
   </div>
   <div class='ocr_carea' id='block_1_45' title="bbox 2095 3185 3704 3264">
    <p class='ocr_par' dir='ltr' id='par_1_45' title="bbox 2095 3185 3704 3264">
     <span class='ocr_line' id='line_1_45' title="bbox 2095 3185 3704 3264; baseline 0.001 -18"><span class='ocrx_word' id='word_1_350' title='bbox 2095 3191 2304 3256; x_wconf 86' lang='lat' dir='ltr'><strong>volens,</strong></span> <span class='ocrx_word' id='word_1_351' title='bbox 2335 3191 2388 3246; x_wconf 89' lang='lat' dir='ltr'><strong>id</strong></span> <span class='ocrx_word' id='word_1_352' title='bbox 2415 3185 2519 3256; x_wconf 86' lang='lat' dir='ltr'><strong>est,</strong></span> <span class='ocrx_word' id='word_1_353' title='bbox 2569 3191 2690 3246; x_wconf 85' lang='lat' dir='ltr'><strong>Non</strong></span> <span class='ocrx_word' id='word_1_354' title='bbox 2747 3193 2980 3258; x_wconf 86' lang='lat' dir='ltr'><strong>occides;</strong></span> <span class='ocrx_word' id='word_1_355' title='bbox 3039 3192 3160 3246; x_wconf 84' lang='lat' dir='ltr'><strong>Non</strong></span> <span class='ocrx_word' id='word_1_356' title='bbox 3191 3193 3461 3264; x_wconf 79' lang='lat' dir='ltr'><strong>furaberis</strong></span> <span class='ocrx_word' id='word_1_357' title='bbox 3505 3209 3528 3246; x_wconf 92' lang='lat'><strong><em>:</em></strong></span> <span class='ocrx_word' id='word_1_358' title='bbox 3573 3194 3704 3248; x_wconf 56' lang='lat' dir='ltr'><strong>Non</strong></span> 
     </span>
    </p>
   </div>
   <div class='ocr_carea' id='block_1_46' title="bbox 2097 3283 3708 3356">
    <p class='ocr_par' dir='ltr' id='par_1_46' title="bbox 2097 3283 3708 3356">
     <span class='ocr_line' id='line_1_46' title="bbox 2097 3283 3708 3356; baseline 0.002 -19"><span class='ocrx_word' id='word_1_359' title='bbox 2097 3283 2432 3340; x_wconf 85' lang='lat' dir='ltr'><strong>adulterabis</strong></span> <span class='ocrx_word' id='word_1_360' title='bbox 2462 3303 2480 3339; x_wconf 93' lang='lat'><em>:</em></span> <span class='ocrx_word' id='word_1_361' title='bbox 2509 3288 2629 3340; x_wconf 78' lang='lat' dir='ltr'><strong>Non</strong></span> <span class='ocrx_word' id='word_1_362' title='bbox 2647 3285 2948 3356; x_wconf 86' lang='lat' dir='ltr'><strong>perjurabis</strong></span> <span class='ocrx_word' id='word_1_363' title='bbox 2981 3301 2998 3338; x_wconf 89' lang='lat'><em>:</em></span> <span class='ocrx_word' id='word_1_364' title='bbox 3047 3283 3172 3338; x_wconf 80' lang='lat' dir='ltr'><strong>Non</strong></span> <span class='ocrx_word' id='word_1_365' title='bbox 3229 3301 3468 3339; x_wconf 78' lang='lat' dir='ltr'><strong>assumes</strong></span> <span class='ocrx_word' id='word_1_366' title='bbox 3497 3303 3708 3340; x_wconf 74' lang='lat' dir='ltr'><strong>nomen</strong></span> 
     </span>
    </p>
   </div>
   <div class='ocr_carea' id='block_1_47' title="bbox 412 3417 1988 3490">
    <p class='ocr_par' dir='ltr' id='par_1_47' title="bbox 412 3417 1988 3490">
     <span class='ocr_line' id='line_1_47' title="bbox 412 3417 1988 3490; baseline 0.006 -21"><span class='ocrx_word' id='word_1_367' title='bbox 412 3432 539 3470; x_wconf 89' lang='lat' dir='ltr'><strong>men</strong></span> <span class='ocrx_word' id='word_1_368' title='bbox 567 3417 1244 3489; x_wconf 72' lang='lat' dir='ltr'><strong>legentibusconferentia.</strong></span> <span class='ocrx_word' id='word_1_369' title='bbox 1273 3422 1366 3476; x_wconf 88' lang='lat' dir='ltr'><strong>Dei</strong></span> <span class='ocrx_word' id='word_1_370' title='bbox 1387 3421 1536 3476; x_wconf 90' lang='lat' dir='ltr'><strong>enim</strong></span> <span class='ocrx_word' id='word_1_371' title='bbox 1561 3429 1692 3476; x_wconf 90' lang='lat' dir='ltr'><strong>sunt</strong></span> <span class='ocrx_word' id='word_1_372' title='bbox 1709 3424 1988 3490; x_wconf 87' lang='lat' dir='ltr'><strong>mandata,</strong></span> 
     </span>
    </p>
   </div>
   <div class='ocr_carea' id='block_1_48' title="bbox 412 3511 1990 3586">
    <p class='ocr_par' dir='ltr' id='par_1_48' title="bbox 412 3511 1990 3586">
     <span class='ocr_line' id='line_1_48' title="bbox 412 3511 1990 3586; baseline 0.008 -24"><span class='ocrx_word' id='word_1_373' title='bbox 412 3511 727 3566; x_wconf 86' lang='lat' dir='ltr'><strong>adumbrata</strong></span> <span class='ocrx_word' id='word_1_374' title='bbox 752 3513 973 3582; x_wconf 88' lang='lat' dir='ltr'><strong>quidem</strong></span> <span class='ocrx_word' id='word_1_375' title='bbox 1001 3513 1056 3568; x_wconf 91' lang='lat' dir='ltr'><strong>in</strong></span> <span class='ocrx_word' id='word_1_376' title='bbox 1090 3514 1336 3584; x_wconf 89' lang='lat' dir='ltr'><strong>pluribus</strong></span> <span class='ocrx_word' id='word_1_377' title='bbox 1360 3524 1588 3586; x_wconf 87' lang='lat' dir='ltr'><strong>propter</strong></span> <span class='ocrx_word' id='word_1_378' title='bbox 1617 3516 1990 3573; x_wconf 82' lang='lat' dir='ltr'><strong>infirmitatem</strong></span> 
     </span>
    </p>
   </div>
   <div class='ocr_carea' id='block_1_49' title="bbox 413 3604 1992 3678">
    <p class='ocr_par' dir='ltr' id='par_1_49' title="bbox 413 3604 1992 3678">
     <span class='ocr_line' id='line_1_49' title="bbox 413 3604 1992 3678; baseline 0.005 -24"><span class='ocrx_word' id='word_1_379' title='bbox 413 3605 596 3673; x_wconf 76' lang='lat' dir='ltr'><strong>pepuli</strong></span> <span class='ocrx_word' id='word_1_380' title='bbox 626 3604 938 3661; x_wconf 83' lang='lat' dir='ltr'><strong>Judaeorum</strong></span> <span class='ocrx_word' id='word_1_381' title='bbox 969 3609 1026 3662; x_wconf 90' lang='lat' dir='ltr'><strong>in</strong></span> <span class='ocrx_word' id='word_1_382' title='bbox 1074 3608 1299 3664; x_wconf 88' lang='lat' dir='ltr'><strong>littera:</strong></span> <span class='ocrx_word' id='word_1_383' title='bbox 1350 3607 1747 3678; x_wconf 78' lang='lat' dir='ltr'><strong>perfectionem</strong></span> <span class='ocrx_word' id='word_1_384' title='bbox 1809 3616 1992 3662; x_wconf 88' lang='lat' dir='ltr'><strong>autem</strong></span> 
     </span>
    </p>
   </div>
   <div class='ocr_carea' id='block_1_50' title="bbox 413 3697 1993 3772">
    <p class='ocr_par' dir='ltr' id='par_1_50' title="bbox 413 3697 1993 3772">
     <span class='ocr_line' id='line_1_50' title="bbox 413 3697 1993 3772; baseline 0.005 -24"><span class='ocrx_word' id='word_1_385' title='bbox 413 3697 718 3752; x_wconf 83' lang='lat' dir='ltr'><strong>secundum</strong></span> <span class='ocrx_word' id='word_1_386' title='bbox 745 3699 982 3754; x_wconf 86' lang='lat' dir='ltr'><strong>litteram</strong></span> <span class='ocrx_word' id='word_1_387' title='bbox 1033 3701 1272 3756; x_wconf 88' lang='lat' dir='ltr'><strong>intuenti</strong></span> <span class='ocrx_word' id='word_1_388' title='bbox 1320 3711 1604 3772; x_wconf 64' lang='lat' dir='ltr'><strong>praestant,</strong></span> <span class='ocrx_word' id='word_1_389' title='bbox 1658 3711 1714 3756; x_wconf 90' lang='lat' dir='ltr'><strong>et</strong></span> <span class='ocrx_word' id='word_1_390' title='bbox 1752 3717 1993 3758; x_wconf 90' lang='lat' dir='ltr'><strong>consona</strong></span> 
     </span>
    </p>
   </div>
   <div class='ocr_carea' id='block_1_51' title="bbox 414 3788 1994 3867">
    <p class='ocr_par' dir='ltr' id='par_1_51' title="bbox 414 3788 1994 3867">
     <span class='ocr_line' id='line_1_51' title="bbox 414 3788 1994 3867; baseline 0.006 -27"><span class='ocrx_word' id='word_1_391' title='bbox 414 3788 770 3846; x_wconf 86' lang='lat' dir='ltr'><strong>inveniuntur</strong></span> <span class='ocrx_word' id='word_1_392' title='bbox 785 3807 870 3860; x_wconf 89' lang='lat' dir='ltr'><strong>ea,</strong></span> <span class='ocrx_word' id='word_1_393' title='bbox 903 3809 1026 3863; x_wconf 79' lang='lat' dir='ltr'><strong>quae</strong></span> <span class='ocrx_word' id='word_1_394' title='bbox 1048 3810 1148 3864; x_wconf 90' lang='lat' dir='ltr'><strong>per</strong></span> <span class='ocrx_word' id='word_1_395' title='bbox 1185 3793 1405 3867; x_wconf 78' lang='lat' dir='ltr'><strong>Moysen</strong></span> <span class='ocrx_word' id='word_1_396' title='bbox 1427 3795 1572 3852; x_wconf 85' lang='lat' dir='ltr'><strong>dicta</strong></span> <span class='ocrx_word' id='word_1_397' title='bbox 1618 3807 1769 3861; x_wconf 89' lang='lat' dir='ltr'><strong>sunt,</strong></span> <span class='ocrx_word' id='word_1_398' title='bbox 1821 3797 1868 3851; x_wconf 92' lang='lat' dir='ltr'><strong>si</strong></span> <span class='ocrx_word' id='word_1_399' title='bbox 1909 3797 1994 3850; x_wconf 52' lang='lat' dir='ltr'><strong>in-</strong></span> 
     </span>
    </p>
   </div>
   <div class='ocr_carea' id='block_1_52' title="bbox 416 3887 1146 3960">
    <p class='ocr_par' dir='ltr' id='par_1_52' title="bbox 416 3887 1146 3960">
     <span class='ocr_line' id='line_1_52' title="bbox 416 3887 1146 3960; baseline 0.008 -25"><span class='ocrx_word' id='word_1_400' title='bbox 416 3890 801 3954; x_wconf 84' lang='lat' dir='ltr'><strong>terpretentur,</strong></span> <span class='ocrx_word' id='word_1_401' title='bbox 833 3887 1146 3960; x_wconf 82' lang='lat' dir='ltr'><strong>Evangelio.</strong></span> 
     </span>
    </p>
   </div>
   <div class='ocr_carea' id='block_1_53' title="bbox 985 4045 1395 4102">
    <p class='ocr_par' dir='ltr' id='par_1_53' title="bbox 985 4045 1395 4102">
     <span class='ocr_line' id='line_1_53' title="bbox 985 4045 1395 4102; baseline 0 0"><span class='ocrx_word' id='word_1_402' title='bbox 985 4045 1211 4102; x_wconf 77' lang='lat' dir='ltr'><strong>CAPUT</strong></span> <span class='ocrx_word' id='word_1_403' title='bbox 1249 4047 1395 4102; x_wconf 74' lang='lat' dir='ltr'><strong>XIX.</strong></span> 
     </span>
    </p>
   </div>
   <div class='ocr_carea' id='block_1_54' title="bbox 488 4204 1999 4279">
    <p class='ocr_par' dir='ltr' id='par_1_54' title="bbox 488 4204 1999 4279">
     <span class='ocr_line' id='line_1_54' title="bbox 488 4204 1999 4279; baseline 0.004 -21"><span class='ocrx_word' id='word_1_404' title='bbox 488 4204 647 4260; x_wconf 70' lang='lat' dir='ltr'><strong>Vsus.</strong></span> <span class='ocrx_word' id='word_1_405' title='bbox 682 4207 793 4260; x_wconf 71' lang='grc'><strong>1-4.</strong></span> <span class='ocrx_word' id='word_1_406' title='bbox 819 4223 837 4256; x_wconf 73' lang='grc' dir='ltr'><strong>ι</strong></span> <span class='ocrx_word' id='word_1_407' title='bbox 877 4205 1119 4260; x_wconf 88' lang='lat' dir='ltr'><strong>Locutus</strong></span> <span class='ocrx_word' id='word_1_408' title='bbox 1151 4214 1237 4262; x_wconf 88' lang='lat' dir='ltr'><strong>est</strong></span> <span class='ocrx_word' id='word_1_409' title='bbox 1263 4205 1530 4262; x_wconf 90' lang='lat' dir='ltr'><strong>Dominus</strong></span> <span class='ocrx_word' id='word_1_410' title='bbox 1559 4208 1626 4262; x_wconf 93' lang='lat' dir='ltr'><strong>ad</strong></span> <span class='ocrx_word' id='word_1_411' title='bbox 1661 4208 1880 4279; x_wconf 81' lang='lat' dir='ltr'><strong>Moysen</strong></span> <span class='ocrx_word' id='word_1_412' title='bbox 1912 4209 1999 4264; x_wconf 90' lang='lat' dir='ltr'><strong>di-</strong></span> 
     </span>
    </p>
   </div>
   <div class='ocr_carea' id='block_1_55' title="bbox 414 4297 2002 4367">
    <p class='ocr_par' dir='ltr' id='par_1_55' title="bbox 414 4297 2002 4367">
     <span class='ocr_line' id='line_1_55' title="bbox 414 4297 2002 4367; baseline 0.003 -15"><span class='ocrx_word' id='word_1_413' title='bbox 414 4313 580 4354; x_wconf 80' lang='lat' dir='ltr'><strong>cens:</strong></span> <span class='ocrx_word' id='word_1_414' title='bbox 607 4297 852 4367; x_wconf 89' lang='lat' dir='ltr'><strong>Loquere</strong></span> <span class='ocrx_word' id='word_1_415' title='bbox 876 4297 945 4352; x_wconf 87' lang='lat' dir='ltr'><strong>ad</strong></span> <span class='ocrx_word' id='word_1_416' title='bbox 975 4313 1193 4353; x_wconf 88' lang='lat' dir='ltr'><strong>omnem</strong></span> <span class='ocrx_word' id='word_1_417' title='bbox 1224 4309 1426 4354; x_wconf 70' lang='lat' dir='ltr'><strong>emtum</strong></span> <span class='ocrx_word' id='word_1_418' title='bbox 1463 4300 1699 4356; x_wconf 85' lang='lat' dir='ltr'><strong>ﬁliorum</strong></span> <span class='ocrx_word' id='word_1_419' title='bbox 1727 4302 1912 4366; x_wconf 87' lang='lat' dir='ltr'><strong>lsrael,</strong></span> <span class='ocrx_word' id='word_1_420' title='bbox 1945 4311 2002 4357; x_wconf 86' lang='lat' dir='ltr'><strong>et</strong></span> 
     </span>
    </p>
   </div>
   <div class='ocr_carea' id='block_1_56' title="bbox 416 4392 2001 4466">
    <p class='ocr_par' dir='ltr' id='par_1_56' title="bbox 416 4392 2001 4466">
     <span class='ocr_line' id='line_1_56' title="bbox 416 4392 2001 4466; baseline 0.002 -18"><span class='ocrx_word' id='word_1_421' title='bbox 416 4395 565 4450; x_wconf 89' lang='lat' dir='ltr'><strong>dices</strong></span> <span class='ocrx_word' id='word_1_422' title='bbox 611 4392 678 4448; x_wconf 86' lang='lat' dir='ltr'><strong>ad</strong></span> <span class='ocrx_word' id='word_1_423' title='bbox 733 4409 827 4449; x_wconf 88' lang='lat' dir='ltr'><strong>eos</strong></span> <span class='ocrx_word' id='word_1_424' title='bbox 864 4412 878 4448; x_wconf 88' lang='lat'><strong>:</strong></span> <span class='ocrx_word' id='word_1_425' title='bbox 925 4393 1111 4448; x_wconf 86' lang='lat' dir='ltr'><strong>Sancti</strong></span> <span class='ocrx_word' id='word_1_426' title='bbox 1163 4403 1362 4458; x_wconf 89' lang='lat' dir='ltr'><strong>estote,</strong></span> <span class='ocrx_word' id='word_1_427' title='bbox 1387 4394 1514 4464; x_wconf 89' lang='lat' dir='ltr'><strong>quia</strong></span> <span class='ocrx_word' id='word_1_428' title='bbox 1559 4404 1735 4466; x_wconf 68' lang='lat' dir='ltr'><strong>ctego</strong></span> <span class='ocrx_word' id='word_1_429' title='bbox 1776 4407 2001 4451; x_wconf 90' lang='lat' dir='ltr'><strong>sanctus</strong></span> 
     </span>
    </p>
   </div>
   <div class='ocr_carea' id='block_1_57' title="bbox 415 4485 2002 4557">
    <p class='ocr_par' dir='ltr' id='par_1_57' title="bbox 415 4485 2002 4557">
     <span class='ocr_line' id='line_1_57' title="bbox 415 4485 2002 4557; baseline 0 -14"><span class='ocrx_word' id='word_1_430' title='bbox 415 4503 534 4543; x_wconf 85' lang='lat' dir='ltr'><strong>sum</strong></span> <span class='ocrx_word' id='word_1_431' title='bbox 559 4487 824 4542; x_wconf 89' lang='lat' dir='ltr'><strong>Dominus</strong></span> <span class='ocrx_word' id='word_1_432' title='bbox 855 4485 996 4543; x_wconf 90' lang='lat' dir='ltr'><strong>Deus</strong></span> <span class='ocrx_word' id='word_1_433' title='bbox 1019 4498 1220 4543; x_wconf 89' lang='lat' dir='ltr'><strong>vester.</strong></span> <span class='ocrx_word' id='word_1_434' title='bbox 1257 4487 1648 4557; x_wconf 84' lang='lat' dir='ltr'><strong>Unusquisque</strong></span> <span class='ocrx_word' id='word_1_435' title='bbox 1673 4499 1882 4556; x_wconf 90' lang='lat' dir='ltr'><strong>patrem</strong></span> <span class='ocrx_word' id='word_1_436' title='bbox 1945 4497 2002 4543; x_wconf 91' lang='lat' dir='ltr'><strong>et</strong></span> 
     </span>
    </p>
   </div>
   <div class='ocr_carea' id='block_1_58' title="bbox 2093 3375 3699 3444">
    <p class='ocr_par' dir='ltr' id='par_1_58' title="bbox 2093 3375 3699 3444">
     <span class='ocr_line' id='line_1_58' title="bbox 2093 3375 3699 3444; baseline 0 -12"><span class='ocrx_word' id='word_1_437' title='bbox 2093 3377 2307 3432; x_wconf 85' lang='lat' dir='ltr'><strong>Domini</strong></span> <span class='ocrx_word' id='word_1_438' title='bbox 2345 3377 2443 3432; x_wconf 91' lang='lat' dir='ltr'><strong>Dei</strong></span> <span class='ocrx_word' id='word_1_439' title='bbox 2465 3379 2542 3431; x_wconf 88' lang='lat' dir='ltr'><strong>tui</strong></span> <span class='ocrx_word' id='word_1_440' title='bbox 2579 3379 2634 3431; x_wconf 84' lang='lat' dir='ltr'><strong>iu</strong></span> <span class='ocrx_word' id='word_1_441' title='bbox 2661 3394 2858 3432; x_wconf 84' lang='lat' dir='ltr'><strong>vanum</strong></span> <span class='ocrx_word' id='word_1_442' title='bbox 2887 3393 2905 3430; x_wconf 90' lang='lat'><em>:</em></span> <span class='ocrx_word' id='word_1_443' title='bbox 2931 3375 3053 3430; x_wconf 87' lang='lat' dir='ltr'><strong>Non</strong></span> <span class='ocrx_word' id='word_1_444' title='bbox 3099 3377 3430 3444; x_wconf 80' lang='lat' dir='ltr'><strong>cetwupisces</strong></span> <span class='ocrx_word' id='word_1_445' title='bbox 3460 3394 3699 3432; x_wconf 75' lang='lat' dir='ltr'><strong>mrem</strong></span> 
     </span>
    </p>
   </div>
   <div class='ocr_carea' id='block_1_59' title="bbox 2091 3464 3700 3536">
    <p class='ocr_par' dir='ltr' id='par_1_59' title="bbox 2091 3464 3700 3536">
     <span class='ocr_line' id='line_1_59' title="bbox 2091 3464 3700 3536; baseline 0.001 -16"><span class='ocrx_word' id='word_1_446' title='bbox 2091 3468 2320 3536; x_wconf 77' lang='lat' dir='ltr'><strong>proximi</strong></span> <span class='ocrx_word' id='word_1_447' title='bbox 2343 3468 2469 3521; x_wconf 86' lang='lat' dir='ltr'><strong>tui:</strong></span> <span class='ocrx_word' id='word_1_448' title='bbox 2512 3475 2568 3521; x_wconf 91' lang='lat' dir='ltr'><strong>et</strong></span> <span class='ocrx_word' id='word_1_449' title='bbox 2617 3473 2680 3521; x_wconf 88' lang='lat' dir='ltr'><strong>ut</strong></span> <span class='ocrx_word' id='word_1_450' title='bbox 2734 3465 2974 3521; x_wconf 89' lang='lat' dir='ltr'><strong>breviter</strong></span> <span class='ocrx_word' id='word_1_451' title='bbox 3023 3464 3418 3519; x_wconf 85' lang='lat' dir='ltr'><strong>continentiam</strong></span> <span class='ocrx_word' id='word_1_452' title='bbox 3469 3483 3502 3520; x_wconf 92' lang='lat' dir='ltr'><strong>a</strong></span> <span class='ocrx_word' id='word_1_453' title='bbox 3544 3469 3700 3522; x_wconf 86' lang='lat' dir='ltr'><strong>malo</strong></span> 
     </span>
    </p>
   </div>
   <div class='ocr_carea' id='block_1_60' title="bbox 2094 3555 3700 3626">
    <p class='ocr_par' dir='ltr' id='par_1_60' title="bbox 2094 3555 3700 3626">
     <span class='ocr_line' id='line_1_60' title="bbox 2094 3555 3700 3626; baseline 0.002 -17"><span class='ocrx_word' id='word_1_454' title='bbox 2094 3557 2418 3626; x_wconf 64' lang='lat' dir='ltr'><strong>praeciperet</strong></span> <span class='ocrx_word' id='word_1_455' title='bbox 2447 3555 2722 3623; x_wconf 84' lang='lat' dir='ltr'><strong>;Sabbata</strong></span> <span class='ocrx_word' id='word_1_456' title='bbox 2760 3573 2876 3610; x_wconf 88' lang='lat' dir='ltr'><strong>mea</strong></span> <span class='ocrx_word' id='word_1_457' title='bbox 2933 3555 3213 3622; x_wconf 76' lang='lat' dir='ltr'><strong>custodite,</strong></span> <span class='ocrx_word' id='word_1_458' title='bbox 3283 3557 3700 3612; x_wconf 84' lang='lat' dir='ltr'><strong>rationabiliter</strong></span> 
     </span>
    </p>
   </div>
   <div class='ocr_carea' id='block_1_61' title="bbox 2095 3647 3696 3717">
    <p class='ocr_par' dir='ltr' id='par_1_61' title="bbox 2095 3647 3696 3717">
     <span class='ocr_line' id='line_1_61' title="bbox 2095 3647 3696 3717; baseline 0.001 -14"><span class='ocrx_word' id='word_1_459' title='bbox 2095 3648 2338 3703; x_wconf 88' lang='lat' dir='ltr'><strong>subdidit</strong></span> <span class='ocrx_word' id='word_1_460' title='bbox 2369 3688 2384 3714; x_wconf 92' lang='lat'><strong>,</strong></span> <span class='ocrx_word' id='word_1_461' title='bbox 2416 3648 2543 3717; x_wconf 85' lang='lat' dir='ltr'><strong>quia</strong></span> <span class='ocrx_word' id='word_1_462' title='bbox 2567 3665 2757 3702; x_wconf 89' lang='lat' dir='ltr'><strong>verum</strong></span> <span class='ocrx_word' id='word_1_463' title='bbox 2787 3648 3088 3702; x_wconf 77' lang='lat' dir='ltr'><strong>Sabbatum</strong></span> <span class='ocrx_word' id='word_1_464' title='bbox 3122 3655 3210 3700; x_wconf 82' lang='lat' dir='ltr'><strong>est</strong></span> <span class='ocrx_word' id='word_1_465' title='bbox 3246 3647 3457 3701; x_wconf 87' lang='lat' dir='ltr'><strong>nullum</strong></span> <span class='ocrx_word' id='word_1_466' title='bbox 3491 3665 3696 3704; x_wconf 53' lang='lat' dir='ltr'><strong>corru.</strong></span> 
     </span>
    </p>
   </div>
   <div class='ocr_carea' id='block_1_62' title="bbox 2093 3739 3698 3810">
    <p class='ocr_par' dir='ltr' id='par_1_62' title="bbox 2093 3739 3698 3810">
     <span class='ocr_line' id='line_1_62' title="bbox 2093 3739 3698 3810; baseline 0.001 -17"><span class='ocrx_word' id='word_1_467' title='bbox 2093 3739 2298 3809; x_wconf 82' lang='lat' dir='ltr'><strong>ptionis</strong></span> <span class='ocrx_word' id='word_1_468' title='bbox 2319 3755 2458 3809; x_wconf 91' lang='lat' dir='ltr'><strong>opus</strong></span> <span class='ocrx_word' id='word_1_469' title='bbox 2491 3740 2703 3810; x_wconf 86' lang='lat' dir='ltr'><strong>operari</strong></span> <span class='ocrx_word' id='word_1_470' title='bbox 2735 3759 2746 3795; x_wconf 91' lang='lat'><strong>:</strong></span> <span class='ocrx_word' id='word_1_471' title='bbox 2791 3755 2918 3793; x_wconf 89' lang='lat' dir='ltr'><strong>nam</strong></span> <span class='ocrx_word' id='word_1_472' title='bbox 2945 3747 3002 3793; x_wconf 94' lang='lat' dir='ltr'><strong>et</strong></span> <span class='ocrx_word' id='word_1_473' title='bbox 3023 3753 3188 3793; x_wconf 92' lang='lat' dir='ltr'><strong>omne</strong></span> <span class='ocrx_word' id='word_1_474' title='bbox 3217 3753 3354 3807; x_wconf 81' lang='lat' dir='ltr'><strong>Opus</strong></span> <span class='ocrx_word' id='word_1_475' title='bbox 3383 3740 3592 3794; x_wconf 83' lang='lat' dir='ltr'><strong>servile</strong></span> <span class='ocrx_word' id='word_1_476' title='bbox 3635 3743 3698 3796; x_wconf 88' lang='lat' dir='ltr'><strong>in</strong></span> 
     </span>
    </p>
   </div>
   <div class='ocr_carea' id='block_1_63' title="bbox 2094 3831 3696 3902">
    <p class='ocr_par' dir='ltr' id='par_1_63' title="bbox 2094 3831 3696 3902">
     <span class='ocr_line' id='line_1_63' title="bbox 2094 3831 3696 3902; baseline -0.002 -13"><span class='ocrx_word' id='word_1_477' title='bbox 2094 3833 2332 3889; x_wconf 86' lang='lat' dir='ltr'><strong>Sabbato</strong></span> <span class='ocrx_word' id='word_1_478' title='bbox 2350 3849 2464 3887; x_wconf 91' lang='lat' dir='ltr'><strong>non</strong></span> <span class='ocrx_word' id='word_1_479' title='bbox 2487 3833 2626 3898; x_wconf 84' lang='lat' dir='ltr'><strong>fieri,</strong></span> <span class='ocrx_word' id='word_1_480' title='bbox 2661 3832 2874 3902; x_wconf 78' lang='lat' dir='ltr'><strong>Moyses</strong></span> <span class='ocrx_word' id='word_1_481' title='bbox 2915 3831 3176 3900; x_wconf 71' lang='lat' dir='ltr'><strong>praecepit</strong></span> <span class='ocrx_word' id='word_1_482' title='bbox 3211 3850 3224 3885; x_wconf 90' lang='lat'><strong>:</strong></span> <span class='ocrx_word' id='word_1_483' title='bbox 3246 3840 3434 3900; x_wconf 89' lang='lat' dir='ltr'><strong>aperte</strong></span> <span class='ocrx_word' id='word_1_484' title='bbox 3455 3832 3526 3886; x_wconf 92' lang='lat' dir='ltr'><strong>ab</strong></span> <span class='ocrx_word' id='word_1_485' title='bbox 3549 3849 3696 3902; x_wconf 87' lang='lat' dir='ltr'><strong>ope-</strong></span> 
     </span>
    </p>
   </div>
   <div class='ocr_carea' id='block_1_64' title="bbox 2096 3925 3692 3996">
    <p class='ocr_par' dir='ltr' id='par_1_64' title="bbox 2096 3925 3692 3996">
     <span class='ocr_line' id='line_1_64' title="bbox 2096 3925 3692 3996; baseline 0.001 -16"><span class='ocrx_word' id='word_1_486' title='bbox 2096 3927 2248 3981; x_wconf 85' lang='lat' dir='ltr'><strong>ribus</strong></span> <span class='ocrx_word' id='word_1_487' title='bbox 2269 3928 2474 3994; x_wconf 89' lang='lat' dir='ltr'><strong>earnis,</strong></span> <span class='ocrx_word' id='word_1_488' title='bbox 2500 3945 2622 3996; x_wconf 53' lang='lat' dir='ltr'><strong>quin</strong></span> <span class='ocrx_word' id='word_1_489' title='bbox 2651 3936 2782 3982; x_wconf 89' lang='lat' dir='ltr'><strong>sunt</strong></span> <span class='ocrx_word' id='word_1_490' title='bbox 2810 3927 3127 3992; x_wconf 83' lang='lat' dir='ltr'><strong>fornicatio,</strong></span> <span class='ocrx_word' id='word_1_491' title='bbox 3202 3925 3584 3991; x_wconf 89' lang='lat' dir='ltr'><strong>immunditia,</strong></span> <span class='ocrx_word' id='word_1_492' title='bbox 3638 3936 3692 3982; x_wconf 84' lang='lat' dir='ltr'><strong>et</strong></span> 
     </span>
    </p>
   </div>
   <div class='ocr_carea' id='block_1_65' title="bbox 2097 4019 3688 4091">
    <p class='ocr_par' dir='ltr' id='par_1_65' title="bbox 2097 4019 3688 4091">
     <span class='ocr_line' id='line_1_65' title="bbox 2097 4019 3688 4091; baseline 0.001 -19"><span class='ocrx_word' id='word_1_493' title='bbox 2097 4019 2294 4074; x_wconf 88' lang='lat' dir='ltr'><strong>similia</strong></span> <span class='ocrx_word' id='word_1_494' title='bbox 2325 4021 2434 4086; x_wconf 89' lang='lat' dir='ltr'><strong>his,</strong></span> <span class='ocrx_word' id='word_1_495' title='bbox 2463 4036 2656 4074; x_wconf 86' lang='lat' dir='ltr'><strong>cavere</strong></span> <span class='ocrx_word' id='word_1_496' title='bbox 2680 4019 3005 4091; x_wconf 77' lang='lat' dir='ltr'><strong>praecipiens</strong></span> <span class='ocrx_word' id='word_1_497' title='bbox 3039 4033 3168 4074; x_wconf 88' lang='lat' dir='ltr'><strong>eum</strong></span> <span class='ocrx_word' id='word_1_498' title='bbox 3217 4020 3313 4088; x_wconf 88' lang='lat' dir='ltr'><strong>qui</strong></span> <span class='ocrx_word' id='word_1_499' title='bbox 3377 4020 3688 4074; x_wconf 84' lang='lat' dir='ltr'><strong>Sabbatum</strong></span> 
     </span>
    </p>
   </div>
   <div class='ocr_carea' id='block_1_66' title="bbox 2097 4114 3691 4186">
    <p class='ocr_par' dir='ltr' id='par_1_66' title="bbox 2097 4114 3691 4186">
     <span class='ocr_line' id='line_1_66' title="bbox 2097 4114 3691 4186; baseline 0.001 -18"><span class='ocrx_word' id='word_1_500' title='bbox 2097 4115 2375 4170; x_wconf 89' lang='lat' dir='ltr'><strong>celebrare</strong></span> <span class='ocrx_word' id='word_1_501' title='bbox 2409 4115 2522 4170; x_wconf 86' lang='lat' dir='ltr'><strong>vult</strong></span> <span class='ocrx_word' id='word_1_502' title='bbox 2575 4115 2878 4170; x_wconf 87' lang='lat' dir='ltr'><strong>secundum</strong></span> <span class='ocrx_word' id='word_1_503' title='bbox 2928 4115 3104 4186; x_wconf 77' lang='lat' dir='ltr'><strong>legem</strong></span> <span class='ocrx_word' id='word_1_504' title='bbox 3136 4115 3382 4184; x_wconf 87' lang='lat' dir='ltr'><strong>spiritus.</strong></span> <span class='ocrx_word' id='word_1_505' title='bbox 3419 4114 3528 4169; x_wconf 85' lang='lat' dir='ltr'><strong>Sed</strong></span> <span class='ocrx_word' id='word_1_506' title='bbox 3583 4133 3691 4170; x_wconf 87' lang='lat' dir='ltr'><strong>nec</strong></span> 
     </span>
    </p>
   </div>
   <div class='ocr_carea' id='block_1_67' title="bbox 2098 4206 3691 4278">
    <p class='ocr_par' dir='ltr' id='par_1_67' title="bbox 2098 4206 3691 4278">
     <span class='ocr_line' id='line_1_67' title="bbox 2098 4206 3691 4278; baseline -0.003 -14"><span class='ocrx_word' id='word_1_507' title='bbox 2098 4223 2314 4264; x_wconf 89' lang='lat' dir='ltr'><strong>causam</strong></span> <span class='ocrx_word' id='word_1_508' title='bbox 2354 4207 2573 4260; x_wconf 84' lang='lat' dir='ltr'><strong>Sabbati</strong></span> <span class='ocrx_word' id='word_1_509' title='bbox 2604 4207 2857 4278; x_wconf 81' lang='lat' dir='ltr'><strong>ignorare</strong></span> <span class='ocrx_word' id='word_1_510' title='bbox 2901 4214 3136 4277; x_wconf 89' lang='lat' dir='ltr'><strong>oportet,</strong></span> <span class='ocrx_word' id='word_1_511' title='bbox 3163 4207 3243 4262; x_wconf 90' lang='lat' dir='ltr'><strong>sic</strong></span> <span class='ocrx_word' id='word_1_512' title='bbox 3265 4208 3470 4260; x_wconf 86' lang='lat' dir='ltr'><strong>etenim</strong></span> <span class='ocrx_word' id='word_1_513' title='bbox 3505 4206 3691 4261; x_wconf 81' lang='lat' dir='ltr'><strong>virtu-</strong></span> 
     </span>
    </p>
   </div>
   <div class='ocr_carea' id='block_1_68' title="bbox 2101 4299 3692 4372">
    <p class='ocr_par' dir='ltr' id='par_1_68' title="bbox 2101 4299 3692 4372">
     <span class='ocr_line' id='line_1_68' title="bbox 2101 4299 3692 4372; baseline -0.003 -16"><span class='ocrx_word' id='word_1_514' title='bbox 2101 4312 2208 4358; x_wconf 88' lang='lat' dir='ltr'><strong>tem</strong></span> <span class='ocrx_word' id='word_1_515' title='bbox 2257 4301 2408 4372; x_wconf 87' lang='lat' dir='ltr'><strong>legis,</strong></span> <span class='ocrx_word' id='word_1_516' title='bbox 2458 4317 2578 4370; x_wconf 74' lang='lat' dir='ltr'><strong>quue</strong></span> <span class='ocrx_word' id='word_1_517' title='bbox 2615 4303 2682 4354; x_wconf 89' lang='lat' dir='ltr'><strong>de</strong></span> <span class='ocrx_word' id='word_1_518' title='bbox 2739 4317 2806 4354; x_wconf 89' lang='lat' dir='ltr'><strong>eo</strong></span> <span class='ocrx_word' id='word_1_519' title='bbox 2852 4309 2956 4366; x_wconf 90' lang='lat' dir='ltr'><strong>est,</strong></span> <span class='ocrx_word' id='word_1_520' title='bbox 2997 4301 3252 4354; x_wconf 86' lang='lat' dir='ltr'><strong>sciemus.</strong></span> <span class='ocrx_word' id='word_1_521' title='bbox 3305 4299 3534 4365; x_wconf 85' lang='lat' dir='ltr'><strong>Quando</strong></span> <span class='ocrx_word' id='word_1_522' title='bbox 3556 4315 3692 4369; x_wconf 76' lang='lat' dir='ltr'><strong>ergo</strong></span> 
     </span>
    </p>
   </div>
   <div class='ocr_carea' id='block_1_69' title="bbox 2101 4391 3686 4462">
    <p class='ocr_par' dir='ltr' id='par_1_69' title="bbox 2101 4391 3686 4462">
     <span class='ocr_line' id='line_1_69' title="bbox 2101 4391 3686 4462; baseline -0.003 -13"><span class='ocrx_word' id='word_1_523' title='bbox 2101 4394 2322 4451; x_wconf 87' lang='lat' dir='ltr'><strong>Sabbati</strong></span> <span class='ocrx_word' id='word_1_524' title='bbox 2350 4395 2667 4448; x_wconf 79' lang='lat' dir='ltr'><strong>mandatum</strong></span> <span class='ocrx_word' id='word_1_525' title='bbox 2696 4393 2837 4448; x_wconf 79' lang='lat' dir='ltr'><strong>Dens</strong></span> <span class='ocrx_word' id='word_1_526' title='bbox 2869 4393 3060 4448; x_wconf 89' lang='lat' dir='ltr'><strong>dedit?</strong></span> <span class='ocrx_word' id='word_1_527' title='bbox 3112 4401 3346 4462; x_wconf 89' lang='lat' dir='ltr'><strong>putasne</strong></span> <span class='ocrx_word' id='word_1_528' title='bbox 3409 4392 3512 4446; x_wconf 90' lang='lat' dir='ltr'><strong>sub</strong></span> <span class='ocrx_word' id='word_1_529' title='bbox 3545 4391 3686 4454; x_wconf 77' lang='lat' dir='ltr'><strong>Noe,</strong></span> 
     </span>
    </p>
   </div>
   <div class='ocr_carea' id='block_1_70' title="bbox 2101 4482 3684 4556">
    <p class='ocr_par' dir='ltr' id='par_1_70' title="bbox 2101 4482 3684 4556">
     <span class='ocr_line' id='line_1_70' title="bbox 2101 4482 3684 4556; baseline -0.003 -16"><span class='ocrx_word' id='word_1_530' title='bbox 2101 4487 2323 4556; x_wconf 80' lang='lat' dir='ltr'><strong>quando</strong></span> <span class='ocrx_word' id='word_1_531' title='bbox 2353 4501 2462 4540; x_wconf 90' lang='lat' dir='ltr'><strong>non</strong></span> <span class='ocrx_word' id='word_1_532' title='bbox 2497 4486 2709 4556; x_wconf 68' lang='lat' dir='ltr'><strong>cinaedi</strong></span> <span class='ocrx_word' id='word_1_533' title='bbox 2746 4485 3070 4556; x_wconf 79' lang='lat' dir='ltr'><strong>sanguinem</strong></span> <span class='ocrx_word' id='word_1_534' title='bbox 3117 4482 3414 4554; x_wconf 65' lang='lat' dir='ltr'><strong>praecepit?</strong></span> <span class='ocrx_word' id='word_1_535' title='bbox 3472 4497 3684 4551; x_wconf 54' lang='lat' dir='ltr'><strong>nequa-</strong></span> 
     </span>
    </p>
   </div>
   <div class='ocr_carea' id='block_1_71' title="bbox 417 4574 3689 4650">
    <p class='ocr_par' dir='ltr' id='par_1_71' title="bbox 417 4574 3689 4650">
     <span class='ocr_line' id='line_1_71' title="bbox 417 4574 3689 4650; baseline -0.001 -20"><span class='ocrx_word' id='word_1_536' title='bbox 417 4588 645 4632; x_wconf 86' lang='lat' dir='ltr'><strong>matrem</strong></span> <span class='ocrx_word' id='word_1_537' title='bbox 684 4594 838 4632; x_wconf 88' lang='lat' dir='ltr'><strong>suam</strong></span> <span class='ocrx_word' id='word_1_538' title='bbox 869 4580 1074 4633; x_wconf 88' lang='lat' dir='ltr'><strong>timeat.</strong></span> <span class='ocrx_word' id='word_1_539' title='bbox 1113 4579 1348 4634; x_wconf 81' lang='lat' dir='ltr'><strong>Sabbata</strong></span> <span class='ocrx_word' id='word_1_540' title='bbox 1379 4594 1498 4632; x_wconf 90' lang='lat' dir='ltr'><strong>mea</strong></span> <span class='ocrx_word' id='word_1_541' title='bbox 1529 4579 1822 4633; x_wconf 86' lang='lat' dir='ltr'><strong>custodite.</strong></span> <span class='ocrx_word' id='word_1_542' title='bbox 1885 4577 1998 4649; x_wconf 83' lang='lat' dir='ltr'><strong>Ego</strong></span> <span class='ocrx_word' id='word_1_543' title='bbox 2032 4594 2074 4648; x_wconf 84' lang='grc' dir='ltr'>ι)</span> <span class='ocrx_word' id='word_1_544' title='bbox 2102 4594 2286 4650; x_wconf 87' lang='lat' dir='ltr'><strong>quam,</strong></span> <span class='ocrx_word' id='word_1_545' title='bbox 2319 4578 2416 4634; x_wconf 88' lang='lat' dir='ltr'><strong>sed</strong></span> <span class='ocrx_word' id='word_1_546' title='bbox 2436 4579 2538 4633; x_wconf 90' lang='lat' dir='ltr'><strong>sub</strong></span> <span class='ocrx_word' id='word_1_547' title='bbox 2564 4579 2860 4641; x_wconf 74' lang='lat' dir='ltr'><strong>Abraham,</strong></span> <span class='ocrx_word' id='word_1_548' title='bbox 2895 4592 3056 4646; x_wconf 89' lang='lat' dir='ltr'><strong>quem</strong></span> <span class='ocrx_word' id='word_1_549' title='bbox 3077 4575 3268 4630; x_wconf 89' lang='lat' dir='ltr'><strong>habuit</strong></span> <span class='ocrx_word' id='word_1_550' title='bbox 3291 4574 3531 4628; x_wconf 81' lang='lat' dir='ltr'><strong>amicum</strong></span> <span class='ocrx_word' id='word_1_551' title='bbox 3551 4575 3689 4629; x_wconf 77' lang='lat' dir='ltr'><strong>iide-</strong></span> 
     </span>
    </p>
   </div>
   <div class='ocr_carea' id='block_1_72' title="bbox 422 4669 1996 4735">
    <p class='ocr_par' dir='ltr' id='par_1_72' title="bbox 422 4669 1996 4735">
     <span class='ocr_line' id='line_1_72' title="bbox 422 4669 1996 4735; baseline 0.004 -13"><span class='ocrx_word' id='word_1_552' title='bbox 422 4670 682 4724; x_wconf 70' lang='lat' dir='ltr'><strong>ltominus</strong></span> <span class='ocrx_word' id='word_1_553' title='bbox 716 4669 860 4724; x_wconf 88' lang='lat' dir='ltr'><strong>Deus</strong></span> <span class='ocrx_word' id='word_1_554' title='bbox 888 4680 1088 4724; x_wconf 85' lang='lat' dir='ltr'><strong>vester.</strong></span> <span class='ocrx_word' id='word_1_555' title='bbox 1113 4672 1296 4726; x_wconf 88' lang='lat' dir='ltr'><strong>Nolite</strong></span> <span class='ocrx_word' id='word_1_556' title='bbox 1323 4671 1566 4728; x_wconf 87' lang='lat' dir='ltr'><strong>converti</strong></span> <span class='ocrx_word' id='word_1_557' title='bbox 1585 4671 1653 4725; x_wconf 89' lang='lat' dir='ltr'><strong>ad</strong></span> <span class='ocrx_word' id='word_1_558' title='bbox 1693 4671 1858 4735; x_wconf 83' lang='lat' dir='ltr'><strong>idola,</strong></span> <span class='ocrx_word' id='word_1_559' title='bbox 1892 4687 1996 4728; x_wconf 88' lang='lat' dir='ltr'><strong>nec</strong></span> 
     </span>
    </p>
   </div>
   <div class='ocr_carea' id='block_1_73' title="bbox 419 4761 1854 4835">
    <p class='ocr_par' dir='ltr' id='par_1_73' title="bbox 419 4761 1854 4835">
     <span class='ocr_line' id='line_1_73' title="bbox 419 4761 1854 4835; baseline 0 -19"><span class='ocrx_word' id='word_1_560' title='bbox 419 4764 551 4816; x_wconf 88' lang='lat' dir='ltr'><strong>deos</strong></span> <span class='ocrx_word' id='word_1_561' title='bbox 588 4761 894 4817; x_wconf 84' lang='lat' dir='ltr'><strong>conﬂatiles</strong></span> <span class='ocrx_word' id='word_1_562' title='bbox 922 4762 1133 4818; x_wconf 88' lang='lat' dir='ltr'><strong>facietis</strong></span> <span class='ocrx_word' id='word_1_563' title='bbox 1163 4763 1340 4828; x_wconf 88' lang='lat' dir='ltr'><strong>vobis,</strong></span> <span class='ocrx_word' id='word_1_564' title='bbox 1369 4781 1470 4835; x_wconf 80' lang='lat' dir='ltr'><strong>ego</strong></span> <span class='ocrx_word' id='word_1_565' title='bbox 1504 4764 1790 4818; x_wconf 88' lang='lat' dir='ltr'><strong>Dominus.</strong></span> <span class='ocrx_word' id='word_1_566' title='bbox 1834 4785 1854 4816; x_wconf 72' lang='grc' dir='ltr'><strong>ι</strong></span> 
     </span>
    </p>
   </div>
   <div class='ocr_carea' id='block_1_74' title="bbox 491 4854 2002 4926">
    <p class='ocr_par' dir='ltr' id='par_1_74' title="bbox 491 4854 2002 4926">
     <span class='ocr_line' id='line_1_74' title="bbox 491 4854 2002 4926; baseline 0.003 -18"><span class='ocrx_word' id='word_1_567' title='bbox 491 4855 660 4908; x_wconf 77' lang='lat' dir='ltr'><strong>Recte</strong></span> <span class='ocrx_word' id='word_1_568' title='bbox 711 4854 1200 4909; x_wconf 85' lang='lat' dir='ltr'><strong>sanctificationem</strong></span> <span class='ocrx_word' id='word_1_569' title='bbox 1267 4860 1584 4926; x_wconf 67' lang='lat' dir='ltr'><strong>praeposuit,</strong></span> <span class='ocrx_word' id='word_1_570' title='bbox 1641 4861 1768 4926; x_wconf 87' lang='lat' dir='ltr'><strong>quia</strong></span> <span class='ocrx_word' id='word_1_571' title='bbox 1819 4857 2002 4912; x_wconf 86' lang='lat' dir='ltr'><strong>omnis</strong></span> 
     </span>
    </p>
   </div>
   <div class='ocr_carea' id='block_1_75' title="bbox 419 4947 1991 5020">
    <p class='ocr_par' dir='ltr' id='par_1_75' title="bbox 419 4947 1991 5020">
     <span class='ocr_line' id='line_1_75' title="bbox 419 4947 1991 5020; baseline 0.003 -18"><span class='ocrx_word' id='word_1_572' title='bbox 419 4948 642 5004; x_wconf 90' lang='lat' dir='ltr'><strong>virtutis</strong></span> <span class='ocrx_word' id='word_1_573' title='bbox 663 4957 748 5002; x_wconf 88' lang='lat' dir='ltr'><strong>est</strong></span> <span class='ocrx_word' id='word_1_574' title='bbox 767 4947 1208 5002; x_wconf 89' lang='lat' dir='ltr'><strong>fundamentum.</strong></span> <span class='ocrx_word' id='word_1_575' title='bbox 1237 4949 1408 5015; x_wconf 82' lang='lat' dir='ltr'><strong>Quam</strong></span> <span class='ocrx_word' id='word_1_576' title='bbox 1459 4953 1586 5020; x_wconf 91' lang='lat' dir='ltr'><strong>quia</strong></span> <span class='ocrx_word' id='word_1_577' title='bbox 1643 4952 1844 5006; x_wconf 84' lang='lat' dir='ltr'><strong>sectari</strong></span> <span class='ocrx_word' id='word_1_578' title='bbox 1877 4969 1991 5006; x_wconf 86' lang='lat' dir='ltr'><strong>mo-</strong></span> 
     </span>
    </p>
   </div>
   <div class='ocr_carea' id='block_1_76' title="bbox 395 5041 2002 5112">
    <p class='ocr_par' dir='ltr' id='par_1_76' title="bbox 395 5041 2002 5112">
     <span class='ocr_line' id='line_1_76' title="bbox 395 5041 2002 5112; baseline 0.001 -15"><span class='ocrx_word' id='word_1_579' title='bbox 395 5044 507 5098; x_wconf 76' lang='lat' dir='ltr'><strong>‘dis</strong></span> <span class='ocrx_word' id='word_1_580' title='bbox 535 5042 790 5097; x_wconf 87' lang='lat' dir='ltr'><strong>omnibus</strong></span> <span class='ocrx_word' id='word_1_581' title='bbox 828 5049 1045 5112; x_wconf 90' lang='lat' dir='ltr'><strong>oportet</strong></span> <span class='ocrx_word' id='word_1_582' title='bbox 1091 5041 1368 5112; x_wconf 75' lang='lat' dir='ltr'><strong>legislator</strong></span> <span class='ocrx_word' id='word_1_583' title='bbox 1408 5045 1727 5112; x_wconf 88' lang='lat' dir='ltr'><strong>ostendens,</strong></span> <span class='ocrx_word' id='word_1_584' title='bbox 1796 5059 2002 5100; x_wconf 84' lang='lat' dir='ltr'><strong>conve-</strong></span> 
     </span>
    </p>
   </div>
   <div class='ocr_carea' id='block_1_77' title="bbox 421 5131 820 5191">
    <p class='ocr_par' dir='ltr' id='par_1_77' title="bbox 421 5131 820 5191">
     <span class='ocr_line' id='line_1_77' title="bbox 421 5131 820 5191; baseline -0.005 -1"><span class='ocrx_word' id='word_1_585' title='bbox 421 5136 640 5191; x_wconf 89' lang='lat' dir='ltr'><strong>nienter</strong></span> <span class='ocrx_word' id='word_1_586' title='bbox 663 5137 772 5191; x_wconf 90' lang='lat' dir='ltr'><strong>ait:</strong></span> <span class='ocrx_word' id='word_1_587' title='bbox 816 5131 820 5135; x_wconf 33' lang='grc' dir='ltr'><strong><em>λ</em></strong></span> 
     </span>
    </p>
   </div>
   <div class='ocr_carea' id='block_1_78' title="bbox 495 5227 2005 5300">
    <p class='ocr_par' dir='ltr' id='par_1_78' title="bbox 495 5227 2005 5300">
     <span class='ocr_line' id='line_1_78' title="bbox 495 5227 2005 5300; baseline 0.001 -18"><span class='ocrx_word' id='word_1_588' title='bbox 495 5227 676 5282; x_wconf 82' lang='lat' dir='ltr'><strong>Sancti</strong></span> <span class='ocrx_word' id='word_1_589' title='bbox 699 5237 878 5294; x_wconf 87' lang='lat' dir='ltr'><strong>estote,</strong></span> <span class='ocrx_word' id='word_1_590' title='bbox 903 5229 1029 5300; x_wconf 85' lang='lat' dir='ltr'><strong>quia</strong></span> <span class='ocrx_word' id='word_1_591' title='bbox 1052 5245 1145 5300; x_wconf 86' lang='lat' dir='ltr'><strong>ego</strong></span> <span class='ocrx_word' id='word_1_592' title='bbox 1173 5237 1388 5282; x_wconf 84' lang='lat' dir='ltr'><strong>sanctus</strong></span> <span class='ocrx_word' id='word_1_593' title='bbox 1432 5245 1548 5282; x_wconf 88' lang='lat' dir='ltr'><strong>sum</strong></span> <span class='ocrx_word' id='word_1_594' title='bbox 1584 5228 1843 5284; x_wconf 86' lang='lat' dir='ltr'><strong>Dominus</strong></span> <span class='ocrx_word' id='word_1_595' title='bbox 1869 5228 2005 5284; x_wconf 79' lang='lat' dir='ltr'><strong>Deus</strong></span> 
     </span>
    </p>
   </div>
   <div class='ocr_carea' id='block_1_79' title="bbox 425 5321 2004 5390">
    <p class='ocr_par' dir='ltr' id='par_1_79' title="bbox 425 5321 2004 5390">
     <span class='ocr_line' id='line_1_79' title="bbox 425 5321 2004 5390; baseline 0.001 -16"><span class='ocrx_word' id='word_1_596' title='bbox 425 5330 617 5377; x_wconf 81' lang='lat' dir='ltr'><strong>uester.</strong></span> <span class='ocrx_word' id='word_1_597' title='bbox 651 5322 706 5376; x_wconf 91' lang='lat' dir='ltr'><strong>ld</strong></span> <span class='ocrx_word' id='word_1_598' title='bbox 733 5333 836 5386; x_wconf 91' lang='lat' dir='ltr'><strong>est,</strong></span> <span class='ocrx_word' id='word_1_599' title='bbox 853 5323 894 5376; x_wconf 90' lang='lat' dir='ltr'><strong>si</strong></span> <span class='ocrx_word' id='word_1_600' title='bbox 931 5322 1083 5376; x_wconf 84' lang='lat' dir='ltr'><strong>vobis</strong></span> <span class='ocrx_word' id='word_1_601' title='bbox 1115 5322 1290 5390; x_wconf 83' lang='lat' dir='ltr'><strong>placet</strong></span> <span class='ocrx_word' id='word_1_602' title='bbox 1314 5321 1525 5390; x_wconf 83' lang='lat' dir='ltr'><strong>placere</strong></span> <span class='ocrx_word' id='word_1_603' title='bbox 1545 5324 1672 5386; x_wconf 85' lang='lat' dir='ltr'><strong>Deo,</strong></span> <span class='ocrx_word' id='word_1_604' title='bbox 1704 5325 2004 5378; x_wconf 85' lang='lat' dir='ltr'><strong>autadesse</strong></span> 
     </span>
    </p>
   </div>
   <div class='ocr_carea' id='block_1_80' title="bbox 430 5411 2002 5483">
    <p class='ocr_par' dir='ltr' id='par_1_80' title="bbox 430 5411 2002 5483">
     <span class='ocr_line' id='line_1_80' title="bbox 430 5411 2002 5483; baseline -0.003 -15"><span class='ocrx_word' id='word_1_605' title='bbox 430 5413 734 5478; x_wconf 89' lang='lat' dir='ltr'><strong>vobiscum,</strong></span> <span class='ocrx_word' id='word_1_606' title='bbox 761 5415 849 5468; x_wconf 89' lang='lat' dir='ltr'><strong>vel</strong></span> <span class='ocrx_word' id='word_1_607' title='bbox 881 5412 1054 5483; x_wconf 81' lang='lat' dir='ltr'><strong>magis</strong></span> <span class='ocrx_word' id='word_1_608' title='bbox 1075 5427 1196 5466; x_wconf 84' lang='lat' dir='ltr'><strong>esse</strong></span> <span class='ocrx_word' id='word_1_609' title='bbox 1221 5427 1343 5465; x_wconf 85' lang='lat' dir='ltr'><strong>cum</strong></span> <span class='ocrx_word' id='word_1_610' title='bbox 1382 5428 1448 5465; x_wconf 88' lang='lat' dir='ltr'><strong>eo</strong></span> <span class='ocrx_word' id='word_1_611' title='bbox 1509 5411 1670 5465; x_wconf 84' lang='lat' dir='ltr'><strong>vultis</strong></span> <span class='ocrx_word' id='word_1_612' title='bbox 1701 5411 1818 5483; x_wconf 86' lang='lat' dir='ltr'><strong>(Dei</strong></span> <span class='ocrx_word' id='word_1_613' title='bbox 1853 5413 2002 5466; x_wconf 89' lang='lat' dir='ltr'><strong>cnim</strong></span> 
     </span>
    </p>
   </div>
   <div class='ocr_carea' id='block_1_81' title="bbox 427 5503 2005 5578">
    <p class='ocr_par' dir='ltr' id='par_1_81' title="bbox 427 5503 2005 5578">
     <span class='ocr_line' id='line_1_81' title="bbox 427 5503 2005 5578; baseline -0.003 -17"><span class='ocrx_word' id='word_1_614' title='bbox 427 5504 717 5578; x_wconf 69' lang='lat' dir='ltr'><strong>prtescntia</strong></span> <span class='ocrx_word' id='word_1_615' title='bbox 745 5513 798 5560; x_wconf 88' lang='lat' dir='ltr'><strong>et</strong></span> <span class='ocrx_word' id='word_1_616' title='bbox 823 5505 1136 5574; x_wconf 86' lang='lat' dir='ltr'><strong>conjunctio</strong></span> <span class='ocrx_word' id='word_1_617' title='bbox 1162 5520 1352 5558; x_wconf 76' lang='lat' dir='ltr'><strong>mnnes</strong></span> <span class='ocrx_word' id='word_1_618' title='bbox 1405 5521 1433 5558; x_wconf 89' lang='lat' dir='ltr'><strong>a</strong></span> <span class='ocrx_word' id='word_1_619' title='bbox 1461 5503 1614 5558; x_wconf 85' lang='lat' dir='ltr'><strong>vobis</strong></span> <span class='ocrx_word' id='word_1_620' title='bbox 1659 5503 1882 5558; x_wconf 86' lang='lat' dir='ltr'><strong>insidias</strong></span> <span class='ocrx_word' id='word_1_621' title='bbox 1916 5503 2005 5556; x_wconf 61' lang='lat' dir='ltr'><strong>lze-</strong></span> 
     </span>
    </p>
   </div>
   <div class='ocr_carea' id='block_1_82' title="bbox 501 5672 1930 5753">
    <p class='ocr_par' dir='ltr' id='par_1_82' title="bbox 501 5672 1930 5753">
     <span class='ocr_line' id='line_1_82' title="bbox 501 5672 1930 5753; baseline -0.003 -13"><span class='ocrx_word' id='word_1_622' title='bbox 501 5672 546 5703; x_wconf 82' lang='grc'><strong>⁷²</strong></span> <span class='ocrx_word' id='word_1_623' title='bbox 580 5682 604 5740; x_wconf 85' lang='grc'>1</span> <span class='ocrx_word' id='word_1_624' title='bbox 640 5683 764 5740; x_wconf 80' lang='lat' dir='ltr'><strong>Cor.</strong></span> <span class='ocrx_word' id='word_1_625' title='bbox 800 5701 877 5750; x_wconf 87' lang='lat' dir='ltr'><strong>In,</strong></span> <span class='ocrx_word' id='word_1_626' title='bbox 919 5686 997 5753; x_wconf 74' lang='lat' dir='ltr'><strong>l6,</strong></span> <span class='ocrx_word' id='word_1_627' title='bbox 1035 5687 1112 5742; x_wconf 81' lang='lat'><strong>17.</strong></span> <span class='ocrx_word' id='word_1_628' title='bbox 1193 5686 1392 5744; x_wconf 79' lang='lat' dir='ltr'><strong>&quot;ibid.</strong></span> <span class='ocrx_word' id='word_1_629' title='bbox 1472 5685 1516 5718; x_wconf 72' lang='lat'><strong>7&quot;</strong></span> <span class='ocrx_word' id='word_1_630' title='bbox 1540 5683 1712 5740; x_wconf 75' lang='lat' dir='ltr'><strong>Exod.</strong></span> <span class='ocrx_word' id='word_1_631' title='bbox 1735 5700 1842 5738; x_wconf 79' lang='lat' dir='ltr'><strong>xvi.</strong></span> <span class='ocrx_word' id='word_1_632' title='bbox 1875 5683 1930 5736; x_wconf 79' lang='lat'><strong>3.</strong></span> 
     </span>
    </p>
   </div>
   <div class='ocr_carea' id='block_1_83' title="bbox 2101 4666 3686 4741">
    <p class='ocr_par' dir='ltr' id='par_1_83' title="bbox 2101 4666 3686 4741">
     <span class='ocr_line' id='line_1_83' title="bbox 2101 4666 3686 4741; baseline -0.005 -15"><span class='ocrx_word' id='word_1_633' title='bbox 2101 4672 2230 4736; x_wconf 90' lang='lat' dir='ltr'><strong>lem,</strong></span> <span class='ocrx_word' id='word_1_634' title='bbox 2261 4686 2423 4741; x_wconf 89' lang='lat' dir='ltr'><strong>quem</strong></span> <span class='ocrx_word' id='word_1_635' title='bbox 2455 4671 2728 4741; x_wconf 82' lang='lat' dir='ltr'><strong>probavit,</strong></span> <span class='ocrx_word' id='word_1_636' title='bbox 2766 4679 2822 4724; x_wconf 89' lang='lat' dir='ltr'><strong>et</strong></span> <span class='ocrx_word' id='word_1_637' title='bbox 2851 4667 3234 4737; x_wconf 84' lang='lat' dir='ltr'><strong>nunquam&#39;ab</strong></span> <span class='ocrx_word' id='word_1_638' title='bbox 3267 4681 3338 4722; x_wconf 89' lang='lat' dir='ltr'><strong>eo</strong></span> <span class='ocrx_word' id='word_1_639' title='bbox 3364 4666 3686 4720; x_wconf 86' lang='lat' dir='ltr'><strong>mandatum</strong></span> 
     </span>
    </p>
   </div>
   <div class='ocr_carea' id='block_1_84' title="bbox 2103 4756 3687 4828">
    <p class='ocr_par' dir='ltr' id='par_1_84' title="bbox 2103 4756 3687 4828">
     <span class='ocr_line' id='line_1_84' title="bbox 2103 4756 3687 4828; baseline -0.006 -10"><span class='ocrx_word' id='word_1_640' title='bbox 2103 4764 2305 4818; x_wconf 90' lang='lat' dir='ltr'><strong>bonum</strong></span> <span class='ocrx_word' id='word_1_641' title='bbox 2330 4763 2636 4817; x_wconf 85' lang='lat' dir='ltr'><strong>abscondit.</strong></span> <span class='ocrx_word' id='word_1_642' title='bbox 2663 4761 2770 4816; x_wconf 81' lang='lat' dir='ltr'><strong>Sed</strong></span> <span class='ocrx_word' id='word_1_643' title='bbox 2791 4775 2896 4815; x_wconf 89' lang='lat' dir='ltr'><strong>nec</strong></span> <span class='ocrx_word' id='word_1_644' title='bbox 2922 4770 3072 4822; x_wconf 89' lang='lat' dir='ltr'><strong>tunc,</strong></span> <span class='ocrx_word' id='word_1_645' title='bbox 3121 4756 3344 4828; x_wconf 86' lang='lat' dir='ltr'><strong>quando</strong></span> <span class='ocrx_word' id='word_1_646' title='bbox 3403 4757 3472 4810; x_wconf 86' lang='lat' dir='ltr'><strong>(le</strong></span> <span class='ocrx_word' id='word_1_647' title='bbox 3541 4766 3687 4808; x_wconf 82' lang='lat' dir='ltr'><strong>terra</strong></span> 
     </span>
    </p>
   </div>
   <div class='ocr_carea' id='block_1_85' title="bbox 2103 4846 3690 4927">
    <p class='ocr_par' dir='ltr' id='par_1_85' title="bbox 2103 4846 3690 4927">
     <span class='ocr_line' id='line_1_85' title="bbox 2103 4846 3690 4927; baseline -0.008 -17"><span class='ocrx_word' id='word_1_648' title='bbox 2103 4855 2318 4927; x_wconf 67' lang='lat' dir='ltr'><strong>JEgypti</strong></span> <span class='ocrx_word' id='word_1_649' title='bbox 2369 4853 2630 4924; x_wconf 88' lang='lat' dir='ltr'><strong>populum</strong></span> <span class='ocrx_word' id='word_1_650' title='bbox 2663 4852 2978 4906; x_wconf 76' lang='lat' dir='ltr'><strong>Judmornm</strong></span> <span class='ocrx_word' id='word_1_651' title='bbox 3048 4849 3257 4914; x_wconf 81' lang='lat' dir='ltr'><strong>eduxit,</strong></span> <span class='ocrx_word' id='word_1_652' title='bbox 3284 4857 3338 4902; x_wconf 88' lang='lat' dir='ltr'><strong>ct</strong></span> <span class='ocrx_word' id='word_1_653' title='bbox 3381 4846 3690 4900; x_wconf 80' lang='lat' dir='ltr'><strong>esurientes</strong></span> 
     </span>
    </p>
   </div>
   <div class='ocr_carea' id='block_1_86' title="bbox 2108 4935 3688 5004">
    <p class='ocr_par' dir='ltr' id='par_1_86' title="bbox 2108 4935 3688 5004">
     <span class='ocr_line' id='line_1_86' title="bbox 2108 4935 3688 5004; baseline -0.009 -6"><span class='ocrx_word' id='word_1_654' title='bbox 2108 4952 2608 5004; x_wconf 84' lang='lat' dir='ltr'><strong>murmuraverunt,</strong></span> <span class='ocrx_word' id='word_1_655' title='bbox 2639 4941 2922 4994; x_wconf 83' lang='lat' dir='ltr'><strong>dicentes:</strong></span> <span class='ocrx_word' id='word_1_656' title='bbox 2957 4938 3168 4993; x_wconf 84' lang='lat' dir='ltr'><strong>Utinam</strong></span> <span class='ocrx_word' id='word_1_657' title='bbox 3199 4937 3393 4989; x_wconf 86' lang='lat' dir='ltr'><strong>mortui</strong></span> <span class='ocrx_word' id='word_1_658' title='bbox 3411 4935 3688 5004; x_wconf 79' lang='lat' dir='ltr'><strong>fuissemus</strong></span> 
     </span>
    </p>
   </div>
   <div class='ocr_carea' id='block_1_87' title="bbox 2105 5025 3692 5106">
    <p class='ocr_par' dir='ltr' id='par_1_87' title="bbox 2105 5025 3692 5106">
     <span class='ocr_line' id='line_1_87' title="bbox 2105 5025 3692 5106; baseline -0.009 -14"><span class='ocrx_word' id='word_1_659' title='bbox 2105 5053 2198 5106; x_wconf 82' lang='lat' dir='ltr'><strong>per</strong></span> <span class='ocrx_word' id='word_1_660' title='bbox 2252 5052 2469 5090; x_wconf 83' lang='lat' dir='ltr'><strong>manum</strong></span> <span class='ocrx_word' id='word_1_661' title='bbox 2531 5033 2740 5086; x_wconf 84' lang='lat' dir='ltr'><strong>Domini</strong></span> <span class='ocrx_word' id='word_1_662' title='bbox 2770 5033 2823 5085; x_wconf 86' lang='lat' dir='ltr'><strong>in</strong></span> <span class='ocrx_word' id='word_1_663' title='bbox 2851 5041 2992 5084; x_wconf 85' lang='lat' dir='ltr'><strong>terra</strong></span> <span class='ocrx_word' id='word_1_664' title='bbox 3037 5029 3276 5099; x_wconf 60' lang='lat' dir='ltr'><strong>zEgypti,</strong></span> <span class='ocrx_word' id='word_1_665' title='bbox 3303 5029 3514 5099; x_wconf 85' lang='lat' dir='ltr'><strong>quando</strong></span> <span class='ocrx_word' id='word_1_666' title='bbox 3543 5025 3692 5078; x_wconf 79' lang='lat' dir='ltr'><strong>sede-</strong></span> 
     </span>
    </p>
   </div>
   <div class='ocr_carea' id='block_1_88' title="bbox 2108 5119 3689 5195">
    <p class='ocr_par' dir='ltr' id='par_1_88' title="bbox 2108 5119 3689 5195">
     <span class='ocr_line' id='line_1_88' title="bbox 2108 5119 3689 5195; baseline -0.008 -13"><span class='ocrx_word' id='word_1_667' title='bbox 2108 5129 2290 5182; x_wconf 81' lang='lat' dir='ltr'><strong>bamus</strong></span> <span class='ocrx_word' id='word_1_668' title='bbox 2314 5142 2472 5195; x_wconf 79' lang='lat' dir='ltr'><strong>super</strong></span> <span class='ocrx_word' id='word_1_669' title='bbox 2500 5125 2633 5178; x_wconf 84' lang='lat' dir='ltr'><strong>ollas</strong></span> <span class='ocrx_word' id='word_1_670' title='bbox 2662 5125 2922 5188; x_wconf 85' lang='lat' dir='ltr'><strong>carnium,</strong></span> <span class='ocrx_word' id='word_1_671' title='bbox 2947 5131 2996 5176; x_wconf 83' lang='lat' dir='ltr'><strong>et</strong></span> <span class='ocrx_word' id='word_1_672' title='bbox 3027 5121 3426 5176; x_wconf 83' lang='lat' dir='ltr'><strong>comedebamus</strong></span> <span class='ocrx_word' id='word_1_673' title='bbox 3455 5133 3620 5188; x_wconf 83' lang='lat' dir='ltr'><strong>panes</strong></span> <span class='ocrx_word' id='word_1_674' title='bbox 3634 5119 3689 5170; x_wconf 83' lang='lat' dir='ltr'><strong>in</strong></span> 
     </span>
    </p>
   </div>
   <div class='ocr_carea' id='block_1_89' title="bbox 2109 5213 3690 5287">
    <p class='ocr_par' dir='ltr' id='par_1_89' title="bbox 2109 5213 3690 5287">
     <span class='ocr_line' id='line_1_89' title="bbox 2109 5213 3690 5287; baseline -0.005 -12"><span class='ocrx_word' id='word_1_675' title='bbox 2109 5222 2449 5275; x_wconf 85' lang='lat' dir='ltr'><strong>saturitatem</strong></span> <span class='ocrx_word' id='word_1_676' title='bbox 2473 5220 2519 5250; x_wconf 63' lang='grc' dir='ltr'><strong>τδ</strong></span> <span class='ocrx_word' id='word_1_677' title='bbox 2547 5219 2560 5272; x_wconf 88' lang='lat' dir='ltr'><strong>l</strong></span> <span class='ocrx_word' id='word_1_678' title='bbox 2603 5217 2980 5287; x_wconf 81' lang='lat' dir='ltr'><strong>Misitqnidem</strong></span> <span class='ocrx_word' id='word_1_679' title='bbox 3007 5215 3086 5269; x_wconf 86' lang='lat' dir='ltr'><strong>eis</strong></span> <span class='ocrx_word' id='word_1_680' title='bbox 3115 5213 3258 5268; x_wconf 87' lang='lat' dir='ltr'><strong>Deus</strong></span> <span class='ocrx_word' id='word_1_681' title='bbox 3308 5228 3526 5276; x_wconf 83' lang='lat' dir='ltr'><strong>manna,</strong></span> <span class='ocrx_word' id='word_1_682' title='bbox 3590 5213 3690 5267; x_wconf 85' lang='lat' dir='ltr'><strong>do-</strong></span> 
     </span>
    </p>
   </div>
   <div class='ocr_carea' id='block_1_90' title="bbox 2115 5305 3690 5380">
    <p class='ocr_par' dir='ltr' id='par_1_90' title="bbox 2115 5305 3690 5380">
     <span class='ocr_line' id='line_1_90' title="bbox 2115 5305 3690 5380; baseline -0.009 -12"><span class='ocrx_word' id='word_1_683' title='bbox 2115 5330 2246 5368; x_wconf 90' lang='lat' dir='ltr'><strong>cens</strong></span> <span class='ocrx_word' id='word_1_684' title='bbox 2275 5321 2454 5366; x_wconf 88' lang='lat' dir='ltr'><strong>autem</strong></span> <span class='ocrx_word' id='word_1_685' title='bbox 2483 5327 2584 5366; x_wconf 90' lang='lat' dir='ltr'><strong>nos</strong></span> <span class='ocrx_word' id='word_1_686' title='bbox 2608 5316 2884 5380; x_wconf 87' lang='lat' dir='ltr'><strong>oportere,</strong></span> <span class='ocrx_word' id='word_1_687' title='bbox 2913 5322 3034 5376; x_wconf 64' lang='lat' dir='ltr'><strong>quas</strong></span> <span class='ocrx_word' id='word_1_688' title='bbox 3071 5305 3305 5374; x_wconf 88' lang='lat' dir='ltr'><strong>amplius</strong></span> <span class='ocrx_word' id='word_1_689' title='bbox 3331 5318 3493 5374; x_wconf 85' lang='lat' dir='ltr'><strong>quam</strong></span> <span class='ocrx_word' id='word_1_690' title='bbox 3514 5305 3690 5372; x_wconf 64' lang='lat' dir='ltr'><strong>quotio</strong></span> 
     </span>
    </p>
   </div>
   <div class='ocr_carea' id='block_1_91' title="bbox 2115 5393 3691 5469">
    <p class='ocr_par' dir='ltr' id='par_1_91' title="bbox 2115 5393 3691 5469">
     <span class='ocr_line' id='line_1_91' title="bbox 2115 5393 3691 5469; baseline -0.01 -10"><span class='ocrx_word' id='word_1_691' title='bbox 2115 5405 2336 5460; x_wconf 89' lang='lat' dir='ltr'><strong>dianum</strong></span> <span class='ocrx_word' id='word_1_692' title='bbox 2355 5403 2560 5469; x_wconf 89' lang='lat' dir='ltr'><strong>cibum,</strong></span> <span class='ocrx_word' id='word_1_693' title='bbox 2598 5416 2710 5456; x_wconf 88' lang='lat' dir='ltr'><strong>non</strong></span> <span class='ocrx_word' id='word_1_694' title='bbox 2740 5397 3090 5469; x_wconf 67' lang='lat' dir='ltr'><strong>praecipiebat</strong></span> <span class='ocrx_word' id='word_1_695' title='bbox 3117 5395 3238 5466; x_wconf 89' lang='lat' dir='ltr'><strong>plus</strong></span> <span class='ocrx_word' id='word_1_696' title='bbox 3267 5395 3334 5450; x_wconf 87' lang='lat' dir='ltr'><strong>de</strong></span> <span class='ocrx_word' id='word_1_697' title='bbox 3366 5393 3568 5448; x_wconf 82' lang='lat' dir='ltr'><strong>Gomor</strong></span> <span class='ocrx_word' id='word_1_698' title='bbox 3591 5407 3691 5460; x_wconf 88' lang='lat' dir='ltr'><strong>per</strong></span> 
     </span>
    </p>
   </div>
   <div class='ocr_carea' id='block_1_92' title="bbox 2119 5481 3689 5568">
    <p class='ocr_par' dir='ltr' id='par_1_92' title="bbox 2119 5481 3689 5568">
     <span class='ocr_line' id='line_1_92' title="bbox 2119 5481 3689 5568; baseline -0.012 -15"><span class='ocrx_word' id='word_1_699' title='bbox 2119 5497 2332 5568; x_wconf 78' lang='lat' dir='ltr'><strong>singula</strong></span> <span class='ocrx_word' id='word_1_700' title='bbox 2353 5495 2532 5565; x_wconf 87' lang='lat' dir='ltr'><strong>capita</strong></span> <span class='ocrx_word' id='word_1_701' title='bbox 2565 5489 2740 5562; x_wconf 80' lang='lat' dir='ltr'><strong>colligi</strong></span> <span class='ocrx_word' id='word_1_702' title='bbox 2789 5509 2800 5544; x_wconf 92' lang='lat'>:</span> <span class='ocrx_word' id='word_1_703' title='bbox 2840 5503 3096 5544; x_wconf 86' lang='lat' dir='ltr'><strong>mensura</strong></span> <span class='ocrx_word' id='word_1_704' title='bbox 3139 5495 3319 5540; x_wconf 88' lang='lat' dir='ltr'><strong>autem</strong></span> <span class='ocrx_word' id='word_1_705' title='bbox 3371 5486 3488 5541; x_wconf 69' lang='lat' dir='ltr'><strong>haec</strong></span> <span class='ocrx_word' id='word_1_706' title='bbox 3543 5481 3689 5552; x_wconf 79' lang='lat' dir='ltr'><strong>apud</strong></span> 
     </span>
    </p>
   </div>
  </div>
