3962 6220
242 350 414 420 109.1

1421 346 1507 406 IN
1547 343 1988 406 LEVITICUM.
2024 368 2094 377 —
2133 343 2278 402 LIB.
2317 343 2418 404 VI.

3419 334 3556 400 Ῑοῗε

242 475 499 532 Iudaeos
555 481 692 538 erat,
748 483 871 540 qua!
899 474 1115 538 poterat
1165 479 1616 535 unumquemque
1653 461 1864 516 nutrire
1895 465 1937 523 Α
1970 463 2026 516 in
2076 478 2183 532 quo
2214 478 2276 516 ea
2325 477 2446 532 quae
2502 461 2780 532 pertinent
2829 459 2896 514 ad
2945 457 3176 512 salutem
3236 469 3550 527 Opercmur.

249 569 580 624 hominem.
617 563 772 619 Time
802 576 932 631 ergo
960 561 1160 615 docere
1176 574 1286 624 _eos
1317 559 1384 613 de
1413 555 1743 626 intelligibili
1773 571 1862 609 re-

249 661 405 732 quie
439 669 494 714 et
545 657 654 712 ﬁne
689 652 876 709 mundi
908 652 1117 716 volens,
1155 649 1282 720 quia
1333 648 1428 704 illo
1477 657 1725 716 tempore
1762 645 1865 698 im-

251 751 541 823 possibile
593 757 676 804 est
730 747 914 802 cibum
967 742 1312 812 conquirere,
1365 741 1454 795 vel
1483 738 1719 808 operari,
1763 751 1867 791 nec

255 845 425 899 circa
463 841 746 912 corporale
793 837 996 906 aliquid
1029 833 1312 904 occupari,
1369 831 1494 887 talia
1551 832 1630 885 eis
1685 829 1866 884 dicere

257 924 498 1006 Moysen
518 931 778 1003 prmccpit
805 948 816 982 :
858 927 1095 982 Sabbata
1127 926 1282 979 hodie
1302 922 1553 986 Domino,
1575 938 1679 974 non
1719 922 1862 974 iuve-

261 1026 436 1079 mctis
471 1023 605 1076 illud
647 1022 701 1074 in
734 1035 902 1090 agro:
935 1033 1031 1072 sex
1059 1017 1256 1072 diebus
1281 1014 1582 1084 colligitur,
1634 1011 1868 1082 septima

263 1126 468 1172 autem
494 1115 584 1169 die
617 1111 877 1176 Sabbata,
910 1125 1020 1170 non
1045 1107 1226 1161 eritiu
1248 1121 1336 1160 ea.
1357 1103 1480 1158 Non
1543 1103 1865 1166 Sabbatum,

265 1209 380 1264 sed
418 1207 677 1271 Sabbata,
710 1204 837 1274 quia
890 1198 1248 1271 intelligibilis
1289 1199 1504 1268 requies
1530 1213 1642 1251 non
1672 1195 1740 1250 ab
1759 1211 1868 1248 uno

267 1298 543 1367 quodam,
597 1295 692 1350 sed
738 1295 808 1349 ab
865 1291 1122 1348 omnibus
1164 1288 1480 1342 carnalibus
1526 1285 1868 1342 vacationem

266 1389 788 1458 aiienationemque
821 1386 1086 1458 possidet.
1114 1385 1272 1440 Unde
1297 1397 1563 1452 nusquam
1599 1380 1749 1450 prius
1782 1378 1867 1431 in-

269 1483 475 1538 venies
513 1481 658 1552 apud
690 1479 932 1536 divinam
977 1478 1324 1548 Scripturam
1351 1474 1718 1529 Sabbatorum
1766 1485 1868 1524 no-

271 1591 431 1640 men,
456 1585 516 1628 ut
534 1573 890 1628 manifestum
924 1571 997 1625 sit.
1045 1570 1172 1642 quia
1199 1569 1500 1624 Sabbatum
1523 1579 1743 1621 omnem
1773 1579 1868 1616 va-

272 1669 560 1720 cationem
587 1661 916 1727 carnalium,
945 1669 1000 1715 et
1025 1659 1373 1714 saecularium
1423 1670 1608 1710 rerum
1667 1665 1872 1722 praece-

275 1759 382 1828 pit.
421 1758 578 1814 Unde
609 1771 772 1812 omne
797 1771 936 1825 opus
965 1754 1051 1807 lex
1107 1751 1434 1823 prohibens,
1475 1764 1597 1818 qua:
1664 1745 1872 1800 faciunt

1967 555 2106 609 Hinc
2133 563 2338 620 autem,
2356 561 2410 608 ut
2440 553 2511 608 sit
2537 552 2836 634 placabilis,
2871 557 3091 621 oportet
3119 547 3415 608 immolari,
3435 546 3555 600 haec

1966 649 2155 717 utique
2207 645 2528 700 omnimodo
2579 652 2956 712 assequentes,
3009 658 3130 711 quae
3193 637 3554 708 acceptabilia

1968 741 2078 794 Deo
2109 749 2254 800 sunt,
2278 739 2345 793 de
2377 753 2486 807 quo
2507 737 2647 790 dixit
2669 736 2888 800 Paulus,
2920 750 3043 788 eum
3072 748 3181 802 quo
3204 731 3364 785 modo
3393 743 3556 798 opor-

1971 841 2113 886 teret
2150 832 2365 901 assequi
2395 841 2661 884 remotam
2715 837 2772 882 et.-
2811 827 3050 896 quietam
3086 825 3274 889 vitam,
3312 823 3366 877 in
3404 820 3555 876 omni

1969 925 2169 996 pietate
2203 933 2256 978 et
2283 921 2565 993 pudicitia,
2619 919 2909 973 Timotheo
2959 917 3204 972 scribens
3255 913 3500 968 ostendit
3540 926 3553 964 :

1967 1019 2082 1070 Hoc
2106 1016 2297 1068 bonum
2341 1023 2388 1067 et
2420 1020 2690 1080 acceptum
2729 1026 2908 1062 coram
2931 1006 3207 1061 Saluatore
3230 1013 3402 1056 nostra
3426 1001 3550 1063 Deo,

1969 1108 2251 1172 quiomnes
2281 1105 2510 1158 homines
2543 1099 2650 1154 vult
2680 1097 2848 1152 salvos
2879 1097 3016 1166 ﬁeri,
3055 1104 3103 1148 et
3133 1094 3203 1146 ad
3234 1091 3550 1162 agnitionem

1969 1199 2209 1252 ueritatis
2233 1197 2407 1250 venire
2435 1195 2498 1247 ⁷⁸.
2533 1192 2640 1247 Sed
2663 1193 2706 1246 si
2741 1190 2879 1245 dicis
2911 1205 2924 1240 :
2965 1187 3134 1255 Cujus
3159 1185 3236 1238 rei
3263 1183 3430 1252 gratia
3469 1196 3557 1235 ac-

1971 1294 2128 1356 cepta
2161 1293 2362 1346 vestra,
2383 1281 2686 1336 secundum
2717 1277 3073 1348 Septuaginta
3096 1269 3560 1342 legislaturdixit?

1969 1377 2134 1443 Scito,
2154 1378 2278 1447 quia
2297 1374 2688 1430 conscientiam
2713 1372 2988 1443 designat,
3009 1384 3106 1438 per
3125 1381 3285 1436 quam
3307 1378 3428 1434 quae
3451 1363 3561 1416 sint

1972 1469 2084 1524 Deo
2107 1477 2348 1538 accepta,
2377 1466 2754 1536 unusquisque
2773 1471 2953 1535 potest
2979 1461 3142 1522 scire,
3169 1467 3398 1528 pr0pter
3414 1453 3562 1524 quod

1971 1561 2208 1617 Joannes
2233 1559 2449 1614 dicebat
2481 1557 2758 1619 :Fratres,
2789 1557 2835 1609 si
2865 1571 2952 1608 cor
3002 1561 3235 1606 nostrum
3260 1566 3362 1615 non
3382 1563 3559 1614 reprc-

1971 1655 2284 1718 henditnos,
2323 1652 2574 1721 ﬁduciam
2603 1648 2852 1702 habemus
2905 1645 2974 1698 ad
3031 1643 3198 1696 Deum
3229 1642 3298 1692 '".
3359 1639 3560 1693 Come-

1973 1741 2104 1804 dere
2132 1756 2314 1802 autem
2346 1747 2414 1800 de
2446 1741 2734 1804 sacriﬁcio,
2759 1755 2825 1793 eo
2857 1739 2943 1792 die
2974 1733 3437 1806 quoimmolatum
3455 1737 3556 1790 est,

273 1851 545 1904 adversus
575 1863 793 1903 omnem
823 1847 1085 1912 animam,
1139 1844 1382 1899 subdidit
1419 1861 1432 1896 :
1467 1817 1700 1896 Sabbata
1755 1855 1869 1892 mea
1906 1817 1946 1870 Β
1975 1853 2029 1898 ει
2063 1841 2190 1908 alio,
2227 1850 2332 1905 est,
2369 1839 2508 1894 utin
2537 1835 2793 1906 praesenti
2848 1833 2978 1894 vita,
3005 1841 3343 1900 quaecunque
3369 1825 3435 1877 ad
3472 1839 3560 1876 sa-

276 1943 560 1996 custodite.
580 1941 684 1994 Per
713 1941 820 1996 hoc
841 1949 1029 2009 aperte
1051 1938 1350 1992 ostendens
1399 1933 1526 2004 quia
1583 1949 1613 1987 a
1672 1947 1872 2002 corpo-

277 2033 490 2090 ralibus
525 2047 627 2086 nos
657 2047 851 2086 vacare
901 2030 1197 2093 desiderat,
1243 2035 1298 2084 et
1347 2041 1468 2097 quae
1491 2027 1558 2082 ad
1609 2026 1870 2095 juvamen

277 2133 414 2180 sunt
437 2126 655 2187 animae,
683 2135 737 2178 et
773 2123 1084 2194 profectum
1125 2120 1463 2190 pertinentia
1499 2119 1735 2188 operari.
1763 2117 1872 2171 Ve-

277 2233 404 2272 rum
441 2216 588 2270 enim
621 2215 922 2269 Sahhatum
965 2222 1070 2277 est,
1100 2211 1241 2266 nihil
1271 2209 1576 2273 materiale,
1609 2209 1749 2262 nihil
1806 2207 1872 2262 ad

283 2315 492 2362 terram
529 2305 806 2359 hominem
839 2302 1174 2372 deprimens,
1237 2309 1293 2353 et
1330 2299 1398 2352 ad
1458 2297 1872 2367 corruptionem

275 2397 560 2451 carnalem
603 2397 828 2449 trahens
848 2409 1028 2464 agere.
1061 2391 1199 2446 Cum
1229 2392 1333 2444 hoc
1365 2398 1548 2443 autem
1576 2387 1707 2457 quid
1726 2387 1874 2441 aliud

279 2502 436 2541 nunc
464 2485 608 2540 Deus
630 2485 890 2555 praecepit
914 2501 927 2536 :

355 2576 597 2632 Vaas.4.
629 2595 646 2627 ε
683 2576 862 2630 Nolite
911 2575 1160 2630 converti
1218 2573 1286 2628 ad
1345 2572 1515 2636 idola,

277 2671 583 2729 conflatiles
628 2669 840 2722 facietis
863 2668 1036 2722 vobis.
1069 2667 1182 2735 Ego
1211 2667 1496 2720 Dominus.
1524 2683 1544 2718 ι

355 2762 474 2816 Non
504 2759 752 2815 converti
774 2768 956 2812 autem
992 2759 1058 2812 ad
1084 2758 1248 2821 idola,
1291 2765 1376 2810 est
1398 2771 1507 2810 non
1531 2755 1871 2811 condescen-

277 2857 414 2909 dere
482 2854 568 2908 his
637 2868 758 2922 qua:
829 2851 1098 2904 idolorum
1157 2851 1242 2903 lex
1307 2850 1478 2902 multa
1532 2850 1874 2918 profanaque

277 2943 468 3018 exigit.
495 2943 601 2997 Sed
637 2958 739 2996 nec
761 2941 1064 2996 conﬁatiles
1097 2940 1230 2994 deos
1262 2938 1526 2993 faciamus
1561 2939 1741 3001 nobis,
1763 2954 1873 2992 non

283 3039 464 3092 solum
494 3037 552 3091 in
579 3035 898 3089 animalium
943 3033 1156 3097 formis,
1187 3033 1281 3088 scd
1314 3049 1416 3086 nec
1442 3033 1495 3086 in
1531 3033 1871 3102 peculiorum

287 3128 580 3194 thesauris,
633 3144 734 3181 nec
789 3127 846 3178 in
871 3125 986 3179 auri
1046 3133 1142 3179 aut
1199 3124 1409 3194 argenti
1465 3123 1705 3177 massis:
1756 3123 1870 3175 haec

288 3219 439 3272 enim
472 3219 604 3273 deos
634 3231 761 3270 suos
789 3215 996 3270 faciunt
1027 3213 1080 3268 hi
1153 3213 1247 3284 qui
1280 3229 1344 3267 ea
1394 3219 1752 3283 congregant,
1817 3212 1871 3264 in

287 3321 496 3366 tamam
527 3310 630 3364 sub
655 3324 838 3362 earum
871 3307 1116 3362 dominio
1137 3306 1442 3370 constituti,
1475 3317 1532 3359 ut
1564 3305 1874 3359 timeantex

287 3404 364 3456 eis
396 3403 479 3456 vel
507 3403 1052 3472 quantulumcumlue
1112 3399 1452 3470 contingere.
1507 3397 1648 3464 Quid
1690 3406 1873 3450 autem

289 3498 403 3551 haec
441 3512 665 3551 necesse
697 3495 1007 3550 habemus?
1049 3493 1142 3563 qui
1199 3508 1298 3562 pro
1323 3492 1582 3546 omnibus
1629 3490 1876 3560 posside-

291 3605 409 3642 mus
435 3589 639 3642 divitiis
664 3604 791 3642 eum
815 3587 908 3656 qui
949 3585 1121 3640 dicit:
1157 3583 1268 3654 Ego
1315 3584 1620 3637 Dominus?
1666 3584 1718 3637 id
1767 3591 1876 3644 est,

289 3681 380 3750 qui
407 3681 640 3734 volatilia
679 3679 887 3744 nutrio,
911 3678 1002 3746 qui
1031 3677 1140 3730 lilia
1195 3677 1310 3746 agri
1350 3677 1544 3738 vestio,
1576 3675 1667 3744 qui
1691 3691 1759 3729 ex
1790 3675 1874 3726 ni-

292 3769 406 3823 hilo
441 3768 566 3828 fcci,
599 3767 738 3822 facta
781 3767 1011 3825 nutriri,
1035 3775 1198 3834 atque
1231 3766 1347 3819 haec
1371 3763 1552 3819 omnia
1583 3779 1774 3818 rursus
1809 3764 1877 3817 ad

292 3861 646 3931 indigentiam
672 3859 923 3928 redigere
957 3858 1131 3912 valeo.

362 3953 524 4006 VEBS.
551 3951 659 4006 5-8.
701 3969 718 4001 σ
749 3951 805 4004 Si
832 3948 1244 4003 immolaveritis
1267 3948 1498 4002 hostiam
1524 3947 1877 4017 paciﬁcorum

295 4043 544 4106 Domino,
576 4050 634 4096 ut
665 4043 736 4095 sit
767 4040 1140 4110 aeceplabilis,
1166 4041 1330 4093 eodie
1352 4056 1460 4108 quo
1487 4039 1647 4094 fuerit
1681 4039 1878 4092 inuno-

291 4137 418 4200 lata,
445 4132 746 4190 comedetis
776 4147 922 4196 eam,
955 4139 1010 4184 et
1039 4131 1128 4184 die
1159 4130 1352 4184 altero.
1385 4129 1663 4198 Quidquid
1689 4138 1876 4183 autem

292 4229 569 4285 residuum
599 4224 766 4280 fuerit
793 4225 846 4278 in
872 4223 1014 4278 diem
1064 4223 1308 4288 tertium,
1344 4223 1466 4293 igne
1515 4221 1874 4278 comburetis.

293 4321 348 4376 Si
377 4321 501 4391 quis
532 4327 650 4388 post
681 4316 910 4371 biduum
969 4315 1271 4369 comederit
1315 4331 1380 4368 ev
1440 4332 1544 4379 ea,
1597 4314 1866 4384 profanus

291 4413 416 4478 erit,
465 4419 521 4466 et
575 4407 875 4480 impietatis
930 4421 1080 4472 reus,
1131 4407 1479 4476 portabitqne
1522 4407 1875 4477 iniquitatem

1582 2586 1686 2626 nec
1736 2571 1872 2626 deos

1973 1939 2142 1992 lutem
2176 1935 2460 2006 pertinent
2486 1945 2798 2002 operemur.
2834 1924 3006 1980 llodie
3045 1933 3230 1976 autem
3284 1927 3337 1970 et
3367 1916 3560 1971 crasti-

1973 2045 2126 2094 num,
2157 2027 2213 2080 in
2243 2023 2497 2096 praesenti
2535 2020 2736 2075 saeculo
2767 2017 2950 2072 divina
2988 2012 3268 2082 Scriptura
3305 2009 3442 2062 solet
3472 2021 3560 2060 ac-

1973 2121 2177 2190 cipere,
2205 2119 2272 2173 de
2299 2132 2406 2186 qua
2459 2123 2656 2168 testem
2703 2109 2967 2165 Jacobum
3017 2103 3380 2175 producamus
3425 2098 3564 2152 scri-

1974 2213 2192 2268 bentem
2217 2229 2228 2262 :
2249 2209 2359 2279 Age
2377 2223 2534 2269 nunc,
2549 2205 2640 2275 qui
2665 2203 2872 2256 dicitis:
2894 2197 3086 2259 Hodie,
3114 2203 3206 2250 aut
3219 2193 3447 2248 crastino
3465 2190 3564 2242 ibi-

1977 2320 2092 2356 mus
2116 2303 2173 2355 in
2202 2299 2357 2354 illam
2389 2298 2650 2351 civitatem
2682 2293 2748 2346 ⁷⁵.
2785 2289 2910 2344 Dies
2957 2295 3140 2342 autem
3198 2283 3379 2346 tertia,
3437 2279 3566 2348 quia

1975 2395 2030 2449 in
2061 2396 2177 2464 ipsa
2205 2409 2235 2446 a
2266 2390 2498 2446 mortuis
2529 2386 2792 2441 Dominus
2831 2391 3018 2436 noster
3073 2374 3392 2438 resurrexit,
3425 2371 3563 2443 ﬁgu—

1979 2503 2092 2541 ram
2121 2485 2287 2540 futuri
2321 2481 2526 2546 smeuli,
2561 2489 2617 2534 et
2653 2488 2993 2532 mortuorum
3025 2466 3447 2525 resurrectionis
3465 2479 3562 2534 ge-

1977 2580 2064 2640 rit,
2097 2579 2148 2632 in
2176 2591 2285 2646 quo
2311 2576 2422 2643 jam
2446 2588 2558 2627 non
2587 2572 2712 2624 licet
2739 2565 2976 2638 operari,
3002 2563 3098 2618 sed
3125 2561 3217 2631 qui
3245 2574 3392 2612 nunc
3422 2571 3557 2626 ope-

1975 2671 2078 2726 rati
2107 2677 2254 2733 sunt,
2279 2667 2388 2720 illic
2415 2665 2480 2718 ad
2512 2660 2928 2716 retributionem
2993 2653 3240 2708 veniunt.
3305 2647 3406 2714 Qui
3438 2663 3568 2716 ergo

1975 2765 2053 2819 sic
2088 2763 2178 2817 hic
2228 2760 2376 2823 vivit,
2425 2767 2679 2824 tanquam
2733 2750 2844 2804 illic
2883 2747 3130 2816 quaedam
3211 2739 3568 2813 praesentiunt

1975 2864 2298 2926 oprt'atttrus
2327 2854 2414 2914 sit,
2448 2859 2500 2902 «ιι
2529 2853 2819 2916 propterea
2857 2838 3144 2895 comedere
3180 2833 3338 2888 tertia
3364 2831 3449 2885 die
3480 2844 3568 2883 sa-

1975 2948 2242 3004 criﬁcium
2278 2943 2651 3014 paeitieornm,
2685 2936 2799 2990 sive
2867 2932 3104 2985 salutare
3132 2926 3349 2990 dicitur,
3404 2937 3564 2992 opus,

1975 3051 2227 3099 attrectat
2259 3057 2289 3093 a
2319 3039 2626 3108 legislature
2675 3028 3036 3102 prohibitum,
3074 3027 3332 3077 virtutem
3369 3019 3569 3084 imper-

1979 3138 2174 3192 fectam
2203 3133 2542 3200 relinquens,
2585 3127 2736 3180 velut
2767 3121 2876 3176 illic
2907 3126 3234 3188 operaturus
3255 3111 3348 3175 sit,
3385 3117 3440 3162 et
3465 3109 3571 3161 hu-

1971 3227 2063 3297 jus
2088 3220 2414 3278 sacriticinm
2443 3215 2748 3270 rectissime
2803 3217 3092 3278 acceptum
3145 3217 3254 3256 non
3296 3208 3400 3262 est,
3468 3211 3572 3250 nec

1976 3292 2085 3374 vita
2106 3323 2357 3382 correpta
2385 3319 2487 3365 est.
2516 3308 2622 3360 Sed
2655 3305 2745 3375 qui
2775 3303 2938 3357 talem
2963 3292 3289 3364 sibimetipsi
3313 3296 3572 3362 operatur

1975 3409 2256 3472 virtutem,
2289 3403 2630 3472 iniquitatem
2665 3412 2819 3452 suam
2872 3390 3125 3464 portabit,
3161 3386 3312 3458 prius
3351 3382 3569 3453 quidem

1976 3499 2292 3571 imperfecte
2319 3506 2576 3566 operans,
2609 3489 2808 3546 deinde
2845 3496 2902 3542 ut
2933 3487 3189 3556 ingerens
3228 3475 3564 3534 calumniam

1976 3594 2175 3650 divinae
2201 3589 2324 3660 legi,
2361 3597 2418 3642 et
2452 3587 2647 3656 dogma
2690 3578 3056 3637 disseminans
3117 3573 3343 3642 impium
3410 3576 3574 3634 atque

1977 3684 2237 3741 alienum,
2259 3655 2432 3748 hujus
2448 3655 2628 3730 anima
2646 3673 2787 3744 perit
2816 3673 2882 3726 de
2907 3667 3111 3740 populo
3143 3679 3261 3719 suo.
3294 3661 3354 3714 In
3371 3655 3572 3748 populo

1978 3783 2160 3829 autem
2199 3771 2290 3840 qui
2315 3769 2574 3829 salvetur,
2601 3781 2713 3818 non
2749 3759 3118 3820 ordinabitur,
3181 3752 3307 3822 quia
3341 3745 3566 3816 reliquit

1980 3865 2354 3934 imperfectam
2387 3861 2574 3920 vitam,
2618 3872 2740 3924 quae
2789 3869 2914 3907 eum
2976 3849 3186 3904 salvare
3237 3849 3470 3913 poterat,
3526 3835 3570 3891 si

1979 3971 2100 4011 (33111
2121 3955 2581 4008 consummasset.

2051 4046 2215 4102 Vens.
2247 4047 2300 4109 9,
2343 4043 2420 4097 ιο.
2453 4059 2472 4091 ι
2511 4039 2648 4094 Cum
2679 4031 2974 4090 messueris
3003 4037 3218 4100 segetes
3248 4034 3411 4079 terrae
3442 4031 3570 4083 tua),

1981 4149 2089 4196 non
2123 4137 2373 4195 tondebis
2408 4147 2580 4202 usque
2638 4129 2705 4182 ad
2770 4126 2944 4179 solam
2991 4118 3339 4191 superﬁciem
3393 4123 3569 4178 terrae,

1981 4248 2082 4288 nec
2113 4236 2461 4285 remanentcs
2486 4223 2665 4292 spicas
2695 4217 2938 4286 colliges,
2967 4227 3148 4282 neque
3186 4211 3240 4263 in
3264 4209 3419 4262 vinea
3482 4214 3572 4260 tua

1982 4338 2243 4382 racemos,
2278 4328 2333 4374 et
2355 4331 2522 4389 grana
2559 4308 2866 4368 decidentis
2909 4303 3284 4375 congregabis,
3319 4300 3416 4354 sed.
3437 4312 3574 4368 pau-

1986 4411 2207 4483 peribus
2237 4418 2293 4462 et
2338 4405 2642 4477 peregrinis
2707 4397 2981 4468 carpenda
3007 4395 3268 4449 dimittes.
3304 4391 3416 4461 Ego
3465 4389 3574 4442 De-

293 4521 468 4568 suam,
489 4503 615 4573 quia
640 4499 1120 4569 sanctmnpomini
1141 4499 1357 4568 polluit,
1389 4509 1443 4553 et
1469 4500 1669 4568 peribit
1696 4500 1876 4552 anima
1913 4501 1956 4559 D
1985 4503 2168 4556 minus
2201 4499 2342 4554 Deus
2364 4503 2566 4551 vester.
2606 4513 2623 4544 ι

297 4597 382 4649 illa
413 4587 479 4649 de
504 4592 704 4664 populo
725 4606 846 4645 suo.
895 4608 914 4640 ο

369 4683 566 4741 Omnia
597 4683 840 4754 quidem,
877 4690 936 4735 ut
979 4680 1052 4736 ita
1085 4681 1354 4744 dicamus,
1387 4680 1594 4752 Moyses
1622 4681 1754 4752 legis
1783 4696 1876 4735 ca-

297 4780 465 4850 pitula
515 4777 601 4832 bis
633 4786 822 4845 terque
851 4775 1052 4846 pepulo
1083 4774 1362 4844 praecepit,
1395 4773 1671 4844 frequenti
1706 4775 1876 4830 tradi-

297 4873 443 4952 tione
486 4867 804 4924 memoriam
850 4882 1041 4921 eorum
1086 4866 1430 4922 auditoribus
1499 4869 1872 4939 promulgatis.

296 4961 458 5016 Multo
473 4959 644 5031 magis
673 4967 852 5013 tamen
881 4957 1135 5011 mandata
1177 4972 1303 5026 qua:
1326 4956 1699 5011 necessariora
1725 4965 1874 5021 sunt,

297 5055 512 5108 sicutet
561 5066 798 5122 praesens
852 5048 1206 5116 mandatum;
1245 5055 1468 5119 propter
1489 5047 1631 5118 quod
1657 5057 1712 5102 et
1748 5047 1878 5102 illud

301 5160 604 5214 proponens
635 5143 864 5212 pridem,
923 5156 1048 5196 cum
1099 5140 1167 5194 de
1216 5139 1496 5195 sacriﬁciis
1539 5141 1878 5210 praeciperet,

301 5250 422 5290 cum
453 5244 510 5288 et
529 5250 630 5289 nos
664 5234 822 5304 pleno
855 5232 922 5288 de
943 5231 1120 5286 hocin
1166 5231 1348 5302 primo
1377 5231 1517 5286 libro
1549 5232 1714 5302 hujus
1777 5231 1883 5286 Le-

301 5327 476 5382 vitica:
505 5324 1356 5395 interpretationisdiscussimus
1383 5343 1396 5378 :
1427 5340 1556 5378 ecce
1581 5341 1730 5380 nunc
1763 5342 1883 5379 rur-

301 5435 396 5477 sus
421 5417 822 5488 recapitulabit,
879 5428 940 5471 ut
986 5433 1086 5471 nos
1124 5417 1364 5492 breviter
1430 5418 1878 5487 recapituiemus,

301 5529 420 5586 qua:
452 5525 726 5580 nuncper
783 5510 956 5564 multa
1003 5509 1263 5564 diximus.
1329 5507 1667 5564 Sacriﬁcium
1728 5511 1875 5564 enim

300 5605 536 5662 salutare
563 5601 832 5658 immolari
855 5601 1201 5671 przecipiens,
1264 5602 1439 5672 ipsum
1503 5611 1646 5656 recte
1675 5601 1876 5668 innuit,

371 5815 417 5848 ⁷⁸
444 5811 620 5870 Exod.
654 5826 766 5876 XVI,
805 5809 905 5864 26.
976 5811 1021 5842 ⁷⁸
1053 5811 1072 5865 l
1108 5810 1252 5865 Tint'.
1287 5827 1346 5877 ll,
1383 5810 1433 5864 ὦ.

1513 5812 1556 5841 ’¹⁷
1597 5809 1794 5865 lJoan.
1833 5826 1911 5876 ui,
1952 5809 2043 5861 ‘ll.

2057 4594 2186 4649 Vult
2211 4591 2489 4662 legislator
2518 4597 2576 4640 ut
2604 4601 2704 4639 nos
2737 4583 2974 4638 invicem
3007 4568 3314 4649 diligamus,
3373 4583 3574 4628 amato-

1986 4701 2181 4756 resque
2235 4696 2536 4754 pauperum
2586 4692 2684 4731 nos
2739 4689 2862 4729 esse
2915 4673 3210 4734 desiderat,
3251 4681 3574 4738 semperque

1984 4777 2344 4846 elcemosynis
2370 4774 2610 4834 studere,
2648 4783 2798 4823 nunc
2843 4767 3064 4837 quidem
3123 4765 3316 4820 dantes
3373 4761 3576 4832 egenti-

1983 4874 2106 4934 bus,
2145 4883 2295 4924 nunc
2323 4875 2506 4920 autem
2526 4880 2637 4917 non
2665 4861 2945 4931 exigentes
2982 4874 3104 4928 quae
3165 4856 3321 4911 nobis
3349 4855 3573 4917 debent,

1987 4963 2082 5020 sed
2103 4971 2157 5016 et
2190 4958 2560 5014 concedentes
2587 4954 2667 5009 eis
2721 4951 2976 5022 colligere
3026 4961 3380 5018 quascunque
3442 4943 3574 4996 reli-

1987 5055 2142 5127 quias
2173 5051 2418 5108 omnium
2450 5051 2738 5112 bonorum,
2767 5062 2890 5115 quae
2920 5061 2951 5098 a
3009 5043 3120 5097 Deo
3161 5041 3358 5096 donata
3413 5035 3573 5090 nobis

1989 5156 2138 5212 sunt,
2169 5143 2494 5214 repet-crint,
2521 5149 2578 5194 et
2618 5139 2816 5193 imitari
2850 5153 2974 5191 eum
3023 5135 3115 5205 qui
3161 5129 3404 5189 donavit,
3460 5142 3570 5180 non

1989 5249 2200 5296 tantum
2223 5234 2648 5300 misericordem,
2686 5233 2782 5288 sed
2814 5240 2869 5286 et
2897 5231 2988 5300 qui
3047 5227 3231 5280 multa:
3262 5221 3572 5278 miseratio-

1985 5331 2070 5385 nis
2101 5339 2186 5385 est
2243 5337 2406 5397 atque
2436 5326 2654 5381 dicitur.
2695 5324 2761 5378 Et
2809 5333 3100 5392 prepterea
3150 5325 3438 5380 metentes,
3479 5325 3573 5370 aut

1985 5417 2207 5472 omnino
2237 5416 2658 5474 vindemiantcs,
2687 5414 2886 5466 iterare
2908 5409 3098 5464 eodem
3124 5416 3372 5476 tempore
3400 5406 3572 5476 ipsam

1987 5525 2286 5565 messuram
2348 5506 2786 5574 vindemiamqnc
2841 5519 2950 5555 non
2987 5499 3408 5572 praecepitzsed
3469 5513 3574 5553 nec

1989 5619 2052 5657 ex
2081 5611 2194 5658 toto
2217 5611 2422 5658 metere
2483 5609 2577 5654 aut
2609 5599 2942 5654 vindemiarc
2995 5597 3247 5664 sancivit,
3285 5597 3382 5656 sed
3407 5595 3572 5652 relin-

2120 5809 2163 5840 ⁷³
2228 5807 2342 5862 Jac.
2377 5823 2449 5871 t\,
2485 5805 2567 5858 15.
