3988 6222
525 317 666 380 .1033

525 447 693 500 quare
715 431 976 500 quasdam
1019 432 1336 488 omnimodo
1363 436 1589 507 pauperi
1622 445 1678 492 et
1707 439 1980 508 proselyto
2031 439 2098 493 de

520 522 802 576 .niessione
847 531 902 576 et
933 523 1204 579 vindemia
1235 525 1509 596 reliquias,
1541 539 1601 584 et
1649 531 1783 595 Deo,
1827 532 1924 601 'qui
1993 533 2102 586 fru-

521 623 646 667 ctus
676 614 822 682 ipsos
847 613 976 668 oriri
1007 614 1154 681 facit,
1185 617 1504 686 operatoriis
1529 619 1822 689 gratiarum
1870 621 2098 677 actioni-

518 705 626 759 bus
651 718 1030 774 compensare,
1063 721 1166 761 nec
1196 707 1306 762 ullo
1328 707 1489 762 modo
1539 709 1658 778 ejus
1707 711 2098 780 dispensationi

528 793 801 866 ingratum
831 797 1130 852 exsistere:
1161 799 1248 852 cui
1275 799 1594 868 quibusdam
1623 801 1840 870 quidem
1884 803 2098 859 divitias

515 887 647 941 dare
676 887 897 957 placuit,
923 889 1042 943 aliis
1063 899 1245 944 autem
1288 892 1406 946 sine
1468 894 1652 948 labore
1687 895 1884 948 nutriri
1907 895 1974 948 de
2013 911 2098 950 re-

521 979 704 1048 liquiis
730 981 1078 1036 abundantiae
1113 983 1364 1047 aliorum,
1407 994 1466 1038 ut
1497 994 1551 1040 et
1612 1001 1799 1046 eorum
1827 987 1916 1056 qui
1953 987 2098 1042 divi-

517 1081 602 1128 tes
645 1087 790 1140 sunt,
843 1076 1198 1144 dispensatio,
1225 1086 1280 1132 et
1309 1095 1609 1150 pauperum
1655 1089 1859 1150 quanta
1883 1081 1952 1135 sit
1998 1097 2096 1150 pa-

519 1161 709 1216 tientia
729 1165 1004 1232 probetur.
1036 1167 1183 1232 Quos
1211 1168 1337 1236 quia
1373 1185 1476 1224 nec
1515 1171 1641 1224 odio
1697 1171 1880 1234 habet,
1935 1187 2037 1225 nec
2065 1187 2095 1226 a

517 1269 616 1307 sua
667 1256 1009 1324 providentia
1058 1259 1270 1328 repulit,
1319 1262 1464 1328 quod
1517 1263 1734 1330 quidam
1777 1263 2097 1331 insipienter

507 1350 733 1410 putant,
785 1346 1040 1414 pauperis
1095 1357 1148 1400 et
1192 1349 1446 1420 proselyti
1498 1351 1814 1405 memoriam
1867 1351 2090 1418 faciens,

511 1431 661 1486 illico
681 1434 922 1488 subdidit
957 1453 970 1488 :

583 1519 708 1592 Ego
748 1538 864 1576 sum
910 1523 1164 1578 Dominus
1232 1526 1368 1580 Deus
1435 1538 1622 1583 vester.
1673 1529 1913 1584 Primum
1980 1533 2097 1601 qui-

517 1611 640 1665 dem
684 1612 833 1666 illum
889 1615 1262 1683 manifestans,
1308 1619 1402 1688 qui
1465 1621 1660 1675 divites
1697 1621 1825 1676 facit
1857 1643 1868 1676 :
1896 1625 2093 1682 deinde

482 1705 641 1754 'oum
695 1703 784 1771 qui
845 1721 943 1773 pro
977 1707 1134 1761 nobis
1181 1725 1386 1778 pauper
1446 1713 1674 1768 effectus
1715 1725 1817 1778 est,
1894 1725 1947 1772 et
1997 1721 2088 1788 qui

515 1787 815 1856 proselytus
873 1791 926 1844 in
973 1802 1114 1848 terra
1162 1811 1260 1850 sua
1293 1798 1467 1854 factus
1517 1812 1600 1856 est
1643 1803 1740 1857 .‘in
1785 1806 1897 1860 suis
1920 1809 2086 1876 enim,

509 1875 660 1930 velut
688 1875 742 1930 in
767 1879 978 1945 alienis,
1015 1887 1392 1957 peregrinatus
1419 1899 1521 1954 cst,
1550 1908 1654 1947 nec
1687 1893 1864 1950 locum
1885 1897 2090 1956 habens

516 1966 568 2018 in
598 1975 740 2020 terra
764 1969 1066 2027 diversorii.
1110 1975 1223 2030 Non
1253 1981 1398 2035 eitim
1453 1987 1711 2054 pauperis
1751 1998 1807 2044 et
1839 1990 2088 2061 prosel‘yti

512 2057 815 2126 sus~iperet
851 2078 1157 2130 personam,
1198 2069 1356 2126 sicos
1395 2086 1756 2132 aversaretur.
1799 2079 1950 2135 Unde
1991 2099 2090 2152 per

516 2149 681 2204 David
705 2151 842 2206 dixit
879 2170 891 2206 :
927 2155 1155 2226 Propter
1184 2163 1452 2220 miseriam
1473 2169 1709 2238 inopum,
1735 2181 1782 2224 et
1839 2176 2088 2242 gemitum

509 2253 828 2309 pauperum,
859 2261 996 2298 nunc
1049 2265 1348 2322 exsurgant,
1393 2257 1520 2310 dicit
1581 2258 1837 2315 Dominus
1863 2262 1926 2317 ⁷³.
1983 2265 2090 2320 Sed

512 2339 800 2399 postquam
834 2335 973 2392 hanc
1006 2343 1312 2408 reperimus
1335 2345 1624 2402 utilitatem
1664 2349 1881 2411 litterae.
1945 2353 2091 2411 inte-

513 2419 710 2476 riorem
745 2424 796 2478 in
833 2443 894 2480 ea
917 2427 1250 2486 intellectum
1283 2437 1719 2497 consideremus.
1747 2445 1882 2500 Cum
1941 2449 2086 2503 enim

507 2527 638 2586 ager
661 2517 731 2570 sit
765 2521 1022 2586 mundus,
1060 2526 1520 2591 quemadmodum
1563 2534 1721 2589 nobis
1747 2535 1998 2594 Christus
2014 2541 2090 2594 2i-

509 2609 786 2664 laniorum
801 2613 1113 2680 parabolam
1141 2615 1506 2688 interpretans
1530 2626 1820 2694 tradidit",
1843 2646 2088 2686 messura

508 2712 640 2752 vero
664 2701 975 2772 evangelica
1003 2704 1268 2770 doctrina,
1302 2710 1444 2762 sicut
1464 2728 1650 2768 rursus
1683 2717 1817 2772 dixit
1845 2720 2088 2790 discipu-

507 2787 574 2848 lis
595 2793 857 2848 Dominus
894 2813 907 2846 :
955 2795 1134 2848 Messis
1171 2799 1379 2866 quidem
1413 2801 1599 2868 multa,
1629 2811 1858 2875 operarii
1915 2823 2088 2867 autent

507 2885 680 2952 pauci.
707 2885 904 2956 Rogate
925 2904 1045 2958 ergo
1091 2887 1371 2944 Dominum
1431 2897 1630 2960 messis,
1669 2909 1723 2950 ut
1765 2902 1938 2954 mittat
1965 2921 2089 2974 ope—

508 2978 680 3031 rarios
703 2978 756 3032 in
789 2995 1003 3032 messem
1021 2997 1175 3034 suam
1203 2983 1271 3034 ⁸¹.
1346 2984 1501 3050 Quod
1563 3004 1728 3058 opere
1772 2995 2086 3062 explanans,

504 3070 796 3124 duodecim
821 3071 1116 3140 discipulos
1142 3089 1205 3128 ex
1239 3074 1318 3129 eis
1357 3080 1698 3147 convocavit,
1753 3091 1809 3137 ct
1825 3085 1904 3140 eis
1945 3087 2089 3143 illico

508 3159 730 3214 verbum
768 3161 1068 3216 doctrinale
1117 3165 1408 3222 commisit.
1457 3171 1654 3238 Aperte
1711 3191 1808 3244 per
1850 3192 1914 3231 ea
1968 3196 2090 3249 quas

503 3265 652 3305 nunc
711 3251 851 3306 dicta
882 3261 1044 3326 sunt,
1094 3257 1369 3326 legislator
1419 3263 1732 3322 doctoribus
1769 3268 2081 3326 Iudaeorum

501 3343 778 3414 praecepit,
837 3324 1177 3419 nequaquam
1223 3354 1388 3409 totius
1412 3355 1546 3426 legis
1584 3357 2085 3428 interpretationem

503 3449 599 3488 eos
623 3443 936 3504 attrectare,
972 3443 1068 3495 sed
1107 3443 1304 3498 cedere
1345 3449 1588 3515 quaalam
1617 3453 1839 3520 pauperi
1871 3465 1926 3508 et
1959 3471 2089 3524 pro-

502 3527 706 3598 selyto,
737 3529 1054 3588 doctoribus
1093 3535 1344 3593 videlicet
1391 3541 1633 3610 gentium
1667 3561 1678 3596 :
1716 3561 1982 3615 pauperes
2006 3558 2088 3603 ct-

501 3619 646 3674 enim
668 3622 722 3676 hi
757 3635 906 3690 sunt,
946 3629 1071 3694 quia
1105 3629 1298 3697 spiritu
1353 3648 1616 3702 pauperes
1666 3653 1787 3690 esse
1833 3643 2084 3710 praecepti

501 3721 650 3774 sunt,
675 3723 730 3769 el.
751 3717 816 3771 ad
865 3733 960 3774 cos
1013 3720 1294 3776 dicebatur
1330 3743 1342 3776 :
1381 3725 1531 3780 Beati
1565 3745 1821 3798 pauperes
1873 3735 2084 3803 spiritu,

497 3807 622 3876 quia
651 3811 882 3878 ipsarum
918 3823 990 3866 est
1048 3831 1266 3885 regnum
1297 3819 1543 3873 certorum
1576 3815 1620 3853 8"
1655 3841 1666 3874 :
1706 3825 1959 3897 proselyti
1993 3845 2087 3882 au-

499 3905 630 3960 tem,
658 3909 716 3952 ut
755 3917 900 3956 nunc
929 3904 1256 3974 semetipsos
1291 3909 1604 3978 cogitationi
1631 3910 1862 3968 Abrahae
1891 3916 2084 3970 subin-

498 3990 758 4056 ferentes,
800 4001 854 4046 et
883 3995 950 4048 ad
981 3994 1146 4048 Deum
1175 4001 1499 4054 accedentes
1555 4005 1716 4058 modo
1747 4021 1844 4074 per
1900 4008 2080 4062 fidem.

499 4079 642 4150 Ergo
675 4084 780 4139 hoc
805 4088 949 4154 quod
980 4088 1176 4160 legitur
1213 4107 1225 4142 :
1257 4092 1378 4146 Non
1423 4095 1641 4149 occides
1673 4115 1684 4148 :
1712 4096 1831 4151 Non
1863 4100 2082 4154 adulte-

499 4173 664 4237 rabis,
701 4177 933 4233 doceant
961 4179 1348 4236 ct-Judacorum
1403 4185 1671 4241 doctores.
1731 4187 2084 4262 Qumcunque

495 4270 678 4315 autem
705 4267 1072 4321 necessariam
1116 4269 1316 4322 habent
1342 4274 1856 4340 contemplationem
1884 4287 1940 4332 et
1993 4281 2082 4332 in-

497 4355 944 4422 terpretationem
975 4398 988 4420 ,
1012 4360 1178 4413 veluti
1214 4375 1275 4412 ea
1308 4377 1427 4430 quae
1459 4373 1587 4418 sunt
1616 4367 1683 4420 de
1714 4369 2084 4425 inundationi-

1709 324 2070 385 HESYCIIII
2107 324 2576 386 PRESBYTER!

3612 320 3714 388 102i

2127 446 2172 501 Α
2200 441 2327 512 quia
2351 441 2644 509 exspectavi
2660 451 2718 494 ut
2743 441 2939 510 faceret
2963 455 3141 504 uuam,
3161 448 3210 492 et
3231 437 3600 508 fecttspinas".
3615 436 3714 502 Quae

2203 532 2474 601 quondam
2504 541 2684 587 tamen
2715 531 3072 602 paucissimos
3132 545 3372 584 racemos
3401 528 3622 591 habebat,
3652 529 3715 583 di-

2203 637 2490 676 versorum
2565 616 2888 692 temporum'
2921 621 3120 692 justos,
3172 629 3393 696 prOpter
3427 634 3553 689 quos
3587 619 3713 674 etiam

2204 713 2368 767 totius
2397 715 2568 768 vincte
2591 729 2778 768 curam
2825 727 2998 782 usque
3026 713 3295 782 quoddam
3323 721 3543 781 tempus,
3571 721 3714 781 pater.

2201 802 2430 858 familias
2457 806 2626 877 gessit
2681 806 3222 860 Demonstratautem
3256 811 3311 857 et
3353 803 3450 856 hoc
3498 803 3638 880 Isaias
3659 804 3716 858 di-

2201 911 2332 950 cens
2366 913 2377 948 :
2421 895 2688 962 Quomodo
2713 899 2766 958 ,σε
2794 897 3095 950 inueniatur
3133 912 3354 966 granum
3398 896 3450 948 in
3499 894 3638 959 botro,
3681 905 3715 949 et

2200 989 2409 1042 dicatur
2435 1005 2452 1043 :
2477 989 2554 1044 Ne
2583 991 2802 1060 dissipes
2839 991 2989 1055 illud,
3027 991 3274 1048 quoniam
3307 989 3606 1042 benedictum
3627 998 3714 1053 est;

2197 1081 2273 1133 sic
2303 1082 2500 1150 faciam
2527 1091 2739 1150 propter
2769 1099 2942 1138 servos
2981 1099 3142 1146 meos,
3200 1091 3257 1135 ut
3317 1099 3420 1135 non
3469 1081 3715 1149 disperdat»

2199 1183 2364 1226 totum
2389 1174 2452 1226 ⁸⁸.
2481 1173 2590 1228 llos
2612 1190 2742 1246 ergo
2769 1189 3012 1230 racemos
3063 1173 3282 1229 sibimet
3310 1171 3712 1243 colligereludei,

2197 1265 2326 1319 etin
2359 1265 2472 1321 suis
2506 1266 2709 1322 divitiis
2749 1266 3116 1321 thesaurizare
3165 1281 3278 1320 non
3336 1275 3568 1334 possunt,
3621 1264 3716 1332 quia

2197 1375 2385 1414 eorum
2407 1359 2573 1413 vitam
2600 1359 2827 1414 minime
2857 1367 2987 1414 sunt
3029 1357 3208 1421 zelati,
3255 1357 3477 1426 pauperi
3505 1364 3716 1409 autemet

2197 1464 2290 1502 eos
2321 1449 2588 1520 proselyto
2625 1449 2958 1518 relinquunt.
2991 1449 3291 1504 Nobiscum
3313 1447 3453 1500 enim
3487 1455 3599 1500 sunt
3617 1461 3714 1514 pro-

2196 1542 2394 1610 phetaz,
2431 1550 2486 1596 et
2514 1551 2776 1612 quotquot
2800 1543 2930 1610 justi
2979 1540 3123 1609 apud
3174 1540 3434 1610 populum
3482 1539 3714 1593 Judaicum

2194 1633 2433 1695 fuerunt,
2461 1633 2520 1687 in
2551 1643 2760 1688 tantum
2801 1641 2860 1688 ut
2911 1631 3190 1687 memoriae
3221 1647 3408 1686 eorum
3431 1647 3459 1686 a
3489 1631 3624 1685 nobis
3641 1645 3714 1684 an-

2195 1723 2279 1777 nis
2306 1724 2532 1794 singulis
2559 1725 2899 1780 honorentur
2929 1737 2946 1776 :
2973 1721 3120 1792 quod
3147 1723 3293 1792 apud
3316 1723 3436 1778 illos
3465 1738 3566 1775 non
3590 1722 3652 1784 fit,
3673 1729 3716 1773 ut

2122 1783 2163 1836 Β
2192 1816 2566 1884 experimento
2587 1828 2951 1888 cognoscatur
2997 1819 3302 1874 veridicum
3355 1815 3582 1871 divinum
3627 1812 3713 1867 elo-

2189 1907 2399 1976 quium.

2265 1998 2424 2054 Vnus.
2471 1999 2556 2054 ιε.
2601 2019 2620 2052 ι
2652 2000 2773 2056 Non
2815 2001 3028 2058 facietis
3067 2000 3272 2058 furtum
3310 2020 3323 2056 :
3371 1999 3483 2056 Non
3525 1997 3712 2054 mentie-

2191 2089 2362 2146 mini:
2397 2089 2508 2146 Nec
2546 2091 2778 2162 decipiet
2806 2095 3178 2166 unusquisque
3211 2093 3514 2164 proximum
3541 2104 3673 2145 suum
3701 2106 3711 2140 :

2191 2183 2310 2238 Non
2345 2185 2660 2254 perjurahis
2690 2185 2742 2238 in
2771 2188 2991 2240 nomine
3021 2202 3144 2242 meo
3185 2203 3198 2239 :
3247 2185 3369 2240 Non
3406 2183 3596 2254 pollues
3649 2193 3717 2234 no-

2193 2288 2315 2327 men
2345 2273 2440 2328 Dei
2480 2273 2579 2328 tui.
2606 2272 2718 2346 Ego
2745 2275 3024 2333 Dominus.
3059 2293 3082 2328 ι

2261 2365 2423 2420 Fines
2466 2367 2626 2420 nobis
2680 2369 2838 2422 boote
2890 2368 3328 2424 conversationis
3375 2366 3624 2438 legislator
3651 2377 3717 2416 os-

2199 2456 2395 2524 tendit,
2433 2457 2704 2528 simulque
2751 2468 2806 2513 et
2847 2469 3092 2530 peccata,
3121 2475 3290 2529 quam
3319 2459 3388 2514 ad
3425 2473 3492 2526 se
3525 2455 3715 2510 invicem

2190 2553 2426 2608 habeant
2453 2551 2856 2624 cognationem,
2882 2551 3066 2607 tradit.
3103 2551 3238 2616 Qua:
3283 2551 3426 2606 enim
3460 2565 3553 2604 nos
3586 2559 3716 2618 parva

2191 2650 2465 2710 putamus,
2493 2641 2728 2696 maxima
2755 2647 2911 2696 sunt:
2937 2639 3204 2710 siquidem
3233 2641 3288 2693 in
3331 2633 3716 2698 meudacio,sin-

2191 2731 2351 2800 gulis,
2383 2740 2440 2785 nt
2464 2731 2534 2784 ita
2558 2731 2753 2798 dicam,
2785 2731 2978 2785 diebus
3008 2730 3255 2786 solemus
3304 2728 3619 2797 delinquere,
3655 2721 3716 2821 vel

2191 2821 2330 2885 loco,
2369 2822 2452 2876 vel
2475 2821 2676 2887 studio,
2709 2821 3068 2890 similiterque
3117 2817 3476 2889 jurisjurandi
3505 2817 3715 2886 praevari-

2191 2913 2425 2966 catione.
2462 2911 2588 2968 Haec
2631 2922 2814 2966 autem
2851 2912 2904 2965 in
2952 2921 3158 2966 tantum
3211 2919 3346 2966 sunt
3379 2923 3556 2980 parva,
3599 2911 3716 2958 utea

2190 3000 2339 3056 furto
2365 3002 2756 3072 conjungeret:
2800 3009 2856 3056 et
2886 3009 3051 3066 recte,
3083 3001 3210 3070 quia
3264 3001 3466 3055 furtum
3506 3001 3718 3090 operatur

2117 3124 2159 3182 ο
2192 3093 2512 3162 plerumque
2575 3092 2943 3148 mendacium.
2991 3093 3222 3184 Propter
3287 3090 3430 3162 quod
3472 3085 3720 3184 Zacharias

2193 3185 2478 3254 propheta,
2515 3185 2706 3238 falcem
2737 3200 2902 3254 quam
2927 3183 3332 3254 contemplatus
3365 3191 3448 3237 est
3474 3172 3721 3250 longitudi-

2191 3275 2278 3330 nis
2331 3275 2637 3331 cubitorum
2693 3277 2906 3348 viginti,
2971 3285 3026 3330 et
3096 3275 3402 3331 latitudinis
3459 3273 3718 3328 cubitorum

2192 3368 2402 3433 decem,
2437 3379 2622 3424 contra
2641 3371 2786 3423 fures
2823 3384 2964 3433 eam,
2987 3377 3041 3422 et
3071 3379 3264 3423 contra
3289 3367 3530 3438 perjuros
3558 3375 3718 3418 exacu-

2193 3469 2298 3514 tam
2335 3461 2749 3526 demonstravit,
2774 3462 2853 3516 ait
2875 3463 3056 3516 enim:
3086 3461 3418 3532 Ingredietur
3443 3460 3494 3512 in
3545 3457 3717 3511 domum

2190 3554 2342 3623 furis,
2366 3563 2414 3606 et
2452 3555 2653 3624 perjuri
2667 3554 2730 3608 “¹⁶.
2763 3553 2868 3608 Sed
2893 3563 2947 3608 et
2968 3545 3223 3608 omnibus
3243 3551 3478 3624 peccatis
3499 3560 3717 3618 coopera-

2192 3650 2280 3695 tur
2331 3643 2707 3705 mendacium,
2767 3659 3110 3712 nequaquam
3170 3643 3320 3697 enim
3391 3640 3718 3708 corrumperet

2191 3733 2426 3788 Thamar
2503 3737 2734 3790 Ammon
2753 3737 2828 3798 ⁸⁷,
2897 3736 2940 3789 si
3009 3735 3424 3805 corruptionem
3479 3727 3717 3788 mendacio

2194 3826 2356 3879 David
2414 3827 2693 3896 decipiens
2755 3827 3144 3896 praevenisset:
3219 3828 3320 3882 sed
3390 3842 3490 3882 nec
3544 3818 3716 3878 Naboth

2189 3919 2474 3974 lsraeliten
2517 3918 2734 3974 Jezabel
2791 3920 3144 3986 occideret“,
3191 3921 3300 3975 nisi
3341 3920 3521 3975 falsam
3563 3923 3716 3970 contra

2189 4026 2314 4063 cum
2347 4025 2442 4077 per
2475 4011 2720 4063 seniores
2754 4010 3157 4062 accusationem
3187 4009 3607 4078 composuisset:
3635 4001 3715 4055 Be-

2189 4103 2387 4155 nedixit
2441 4101 2546 4154 Deo
2589 4111 2638 4154 et
2687 4101 2815 4172 regi.
2886 4102 2953 4155 Et
2988 4101 3104 4156 hanc
3158 4101 3384 4178 quidem
3441 4116 3555 4156 cum
3599 4091 3716 4151 omni

2186 4193 2508 4259 subtilitate,
2567 4202 2776 4263 utpote,
2836 4191 2948 4247 Deo
2999 4193 3304 4260 sanciente,
3339 4191 3712 4248 custodiamus:

2185 4302 2306 4341 cum
2337 4285 2423 4340 his
2451 4295 2632 4340 autem
2658 4293 2712 4338 ct
2741 4285 2906 4348 furto,
2939 4301 3048 4338 non
3105 4287 3220 4340 solo
3270 4303 3380 4356 quo
3413 4287 3465 4340 in
3513 4277 3716 4354 peettniis

2184 4377 2424 4446 delinqui
2453 4385 2650 4446 potest,
2699 4377 2792 4430 sed
2841 4387 2896 4430 et
2941 4377 3010 4430 ab
3039 4377 3188 4431 omni
3231 4377 3340 4432 alio
3395 4372 3714 4439 nosmetipsos

497 4444 620 4507 hos,
647 4447 715 4500 de
761 4449 1060 4518 sacrificiis,
1095 4462 1151 4507 et
1181 4454 1282 4507 alia
1305 4454 1522 4523 similia,
1547 4458 1862 4516 doctoribus
1891 4473 1946 4518 et
1971 4463 2072 4520 Ec-
2105 4475 2150 4528 Ι)
2179 4469 2585 4531 abstineamus,
2633 4466 2778 4536 quod
2829 4480 2914 4522 est
2965 4468 3232 4522 malitiose
3287 4469 3432 4523 circa
3484 4463 3715 4536 proximos

496 4536 672 4592 cles’a:
693 4540 906 4595 cedant.

559 4627 627 4678 Et
653 4645 768 4696 qua:
804 4632 1046 4686 decidunt
1067 4634 1129 4689 de
1161 4653 1393 4692 ntessura
1455 4657 1654 4694 eorum.
1695 4641 1749 4695 ld
1785 4652 1888 4708 est,
1919 4659 2070 4714 qua:-

497 4732 717 4787 cunque
747 4733 979 4776 cernunt
1003 4741 1098 4780 eos
1147 4731 1620 4800 transgredientia,
1663 4749 1787 4802 qua:
1817 4735 2070 4793 videlicet

496 4808 764 4879 ignorant.
800 4811 955 4868 Unde
980 4815 1125 4870 enim
1153 4831 1382 4888 possunt
1429 4823 1611 4880 dicere
1659 4825 1790 4896 legis
1843 4827 2072 4900 ﬁgurata

493 4901 772 4972 mysteria,
827 4919 949 4958 cum
995 4906 1116 4974 ejus
1165 4910 1448 4966 veritatem
1499 4914 1749 4970 Christus
1787 4927 2072 4988 postquam

489 4994 729 5058 advenit,
787 4997 1108 5053 tradiderit?
1133 4999 1301 5056 Vinea
1333 5013 1515 5059 autem
1563 5005 1680 5075 ipse
1708 5009 1941 5077 papulus
1973 5009 2073 5065 Ju-
2121 5025 2126 5029 ‘

489 5085 728 5140 dzeorum
752 5087 1052 5156 dicebatur,
1075 5093 1220 5161 quod
1239 5093 1578 5150 demonstrat
1605 5097 1748 5151 Deus
1767 5114 1862 5168 per
1876 5099 2068 5156 Isaiam

489 5172 926 5234 dicens”:Vinea
953 5183 1090 5236 enim
1121 5183 1332 5238 Domini
1363 5185 1612 5252 Sabaoth,
1663 5190 1847 5245 domus
1885 5192 2072 5247 ‘lsrael

489 5278 584 5322 est.
622 5269 728 5325 Ista
761 5270 1002 5328 fructum
1026 5275 1312 5346 mulierem
1341 5293 1451 5330 non
1475 5277 1704 5346 ferebat,
1737 5281 1790 5335 in
1824 5300 1932 5352 quo
1948 5301 2068 5340 eam

492 5362 905 5430 reprehendens
937 5383 1034 5436 per
1057 5367 1204 5424 Isaia:
1230 5371 1572 5439 prophetiam
1604 5373 1865 5432 Dominus
1894 5378 2065 5433 dixit:

491 5449 630 5514 Quid
663 5454 858 5522 faciam
889 5459 1052 5513 uinea:
1082 5475 1211 5515 mea:
1239 5461 1411 5514 adhuc
1453 5465 1591 5532 quod
1619 5467 1668 5518 ei
1698 5483 1801 5520 non
1822 5468 2072 5537 fecerim?

642 5647 944 5726 P_salm._xt,
977 5657 1030 5709 6.
1102 5659 1148 5690 ⁸ο
1177 5659 1365 5714 Matth.
1392 5679 1509 5726 xm,
1538 5665 1630 5719 50.

1703 5666 1744 5697 ⁸¹
1777 5666 1906 5722 Luc.
1941 5684 1992 5730 κ,
2022 5670 2076 5721 2.

495 5712 727 5773 οσιθςιι.
756 5737 810 5786 ν,
841 5723 894 5776 5.
933 5712 1013 5756 ὐτ
1043 5728 1085 5779 ιι
1115 5712 1247 5801 neg.
1271 5712 1390 5785 ini.

1469 5733 1514 5766 ⁸⁸
1542 5734 1610 5788 Ill
1644 5735 1776 5808 Reg.
1813 5754 1924 5791 XXI.

2181 4569 2362 4624 agere,
2391 4553 2704 4623 malumque
2757 4555 2840 4608 eis
2868 4555 3104 4624 operari.
3165 4567 3221 4610 et
3271 4557 3446 4611 moliri
3497 4555 3715 4609 adversus

2182 4658 2277 4698 eos
2309 4653 2564 4708 mortem,
2601 4645 2686 4699 vel
2726 4643 2932 4714 fugam,
2985 4651 3081 4699 aut
3125 4648 3466 4706 servitutem.
3522 4642 3596 4698 vel
3635 4637 3714 4694 alia

2179 4735 2376 4790 similia
2401 4735 2587 4790 dolosa
2604 4745 2767 4805 atque
2795 4735 3023 4790 nefaria.
3065 4737 3222 4792 Unde
3274 4736 3563 4806 etJoseph,
3595 4732 3642 4784 in
3668 4742 3713 4781 se

2177 4829 2502 4898 injustitiam
2537 4845 2568 4883 a
2611 4829 2870 4884 fratribus
2917 4827 3139 4894 factam,
3177 4829 3384 4885 furtum
3440 4819 3716 4899 appellavils

2173 4921 2242 4976 ad
2273 4921 2574 4992 principem
2607 4921 3015 4991 pincernarum,
3044 4923 3274 4977 dicens:
3317 4922 3569 4976 Memento
3615 4912 3712 5014 mei.

2173 5029 2291 5066 cum
2319 5013 2445 5067 bene
2475 5013 2570 5066 tibi
2598 5013 2778 5083 fuerit,
2813 5021 2870 5066 ut
2905 5029 3159 5083 suggeras
3204 5014 3268 5068 de
3316 5030 3399 5068 me
3449 5011 3708 5066 Pharaoni,

2172 5115 2219 5159 et
2251 5104 2436 5158 educat
2461 5120 2542 5157 me
2566 5105 2628 5158 de
2660 5105 2758 5157 ista
2777 5121 3003 5168 carcere,
3041 5106 3167 5174 quia
3207 5107 3348 5177 furto
3377 5103 3710 5158 sublatussm

2171 5197 2235 5251 de
2265 5207 2407 5251 terra
2430 5197 2850 5251 Hebrworum”.
2879 5196 3191 5251 “evitemus
3225 5206 3408 5251 autem
3433 5201 3488 5249 et
3525 5185 3710 5246 menda-

2169 5288 2338 5355 cium,
2359 5288 2413 5342 in
2441 5304 2550 5357 quo
2573 5287 2790 5358 quidam
2811 5288 2912 5343 sub
2935 5289 3116 5359 specie
3137 5289 3382 5343 veritatis
3401 5284 3708 5352 delinquunt.

2171 5379 2498 5434 calumniam
2533 5379 2798 5436 facientes
2828 5381 3078 5450 proximo
3121 5380 3292 5452 magis
3347 5387 3526 5433 mente
3575 5380 3707 5441 quam

2175 5470 2380 5542 lingua,
2405 5472 2862 5541 quemadmodum
2897 5471 2952 5526 bi
2983 5472 3075 5542 qui
3107 5471 3366 5528 dixerunt
3389 5471 3454 5524 de
3482 5466 3708 5520 Domino.

2118 5669 2172 5732 3’
2192 5669 2379 5726 Matth.
2410 5687 2461 5736 ν,
2498 5674 2551 5728 5.
2627 5673 2675 5706 ⁸⁸
2701 5672 2808 5728 lsa.
2835 5673 2963 5740 v,7.
3040 5675 3086 5707 “
3116 5673 3246 5729 ibid.
3323 5673 3368 5705 ⁸³
3399 5672 3498 5726 lsa.
3536 5661 3700 5730 uns-

2001 5739 2045 5772 ⁸³
2071 5737 2208 5795 Gen.
2239 5756 2324 5806 xc,
2370 5741 2452 5796 15.
