3988 6222
333 385 470 449 1025

1474 380 1556 440 IN
1597 377 2036 440 LEVITICUM.
2060 401 2132 413 ·-
2161 378 2306 438 LIB.
2338 378 2438 440 VI.

3432 375 3570 445 1026

327 502 473 556 Dixit
527 498 749 556 Possum
780 502 977 556 soluere
1011 499 1260 567 templum
1282 499 1396 561 hoc,
1427 505 1474 550 et
1504 498 1558 549 in
1588 494 1756 549 tribus
1787 494 1899 548 die-
1925 504 1977 558 Α,
2003 493 2056 547 in
2093 493 2236 559 cibo,
2266 493 2359 548 sed
2396 502 2451 548 et
2479 507 2576 561 per
2606 494 2752 550 hunc
2769 494 2932 549 etiam
2963 494 3015 547 in
3043 495 3191 550 vita?
3219 496 3388 553 vitam
3423 494 3570 552 enim

325 601 418 648 tus
443 593 707 662 (edi/icore
755 591 974 646 illud".
1022 590 1264 645 Locutus
1313 589 1493 644 fuerat
1523 587 1742 656 quidem
1784 586 1900 639 haec

328 684 612 747 Dominus,
668 684 888 753 quando
925 683 1094 737 Judaei
1131 682 1197 735 ad
1228 696 1353 735 eum
1404 680 1690 733 dixerunt:
1749 673 1899 741 Quod

325 780 534 849 signum
565 777 793 830 ostendis
819 776 965 829 nobis
985 775 1111 842 quia
1143 775 1253 828 htec
1287 772 1456 843 facis?
1482 772 1602 841 ipse
1625 776 1805 823 autem
1833 768 1901 823 ad

326 884 423 926 eos
459 888 472 922 :
506 867 702 923 Solvite
724 866 974 934 templum
1009 867 1121 927 hoc,
1155 875 1203 918 et
1233 865 1289 916 in
1325 862 1491 915 tribus
1533 860 1710 914 diebus
1732 857 1902 926 atrii/i-

328 964 453 1017 cubo
479 962 613 1016 illud
628 961 696 1014 ".
749 959 856 1015 Sed
887 973 996 1013 non
1051 955 1351 1012 secundum
1379 953 1525 1007 illam
1572 952 1762 1007 dicens
1798 950 1903 1004 hoc

330 1056 713 1117 intentionem,
744 1049 1048 1107 secundum
1092 1062 1254 1116 quam
1298 1045 1353 1100 hi
1382 1045 1475 1114 qui
1531 1042 1902 1099 testimonium

330 1155 521 1203 contra
577 1161 703 1200 eum
755 1143 978 1205 dabant,
1034 1139 1324 1195 dixerunt:
1391 1136 1604 1190 Dicebat
1651 1136 1791 1188 enim
1841 1132 1904 1186 de

335 1237 529 1308 templo
562 1235 796 1304 corporis
824 1235 927 1288 sui.
954 1231 1036 1286 1111
1072 1238 1254 1284 autem
1286 1229 1403 1282 tunc
1433 1227 1574 1281 sicut
1606 1226 1674 1281 de
1703 1224 1903 1295 templo

334 1331 480 1385 dicta
515 1328 829 1383 Judaeorum
880 1323 1292 1387 asseverabant,
1328 1320 1474 1374 unde
1509 1335 1605 1374 eos
1645 1325 1703 1372 et
1740 1316 1904 1371 falsos

336 1434 504 1480 testes
550 1424 596 1455 "
662 1421 890 1491 spiritus
928 1418 1241 1489 appellavit.
1283 1415 1390 1470 Pro
1439 1413 1684 1484 periurio
1723 1421 1906 1465 autem

336 1516 687 1586 Septuaginta
715 1514 915 1567 edunt:
960 1510 1081 1565 Non
1136 1509 1371 1564 levabitis
1414 1522 1597 1560 nomen
1641 1518 1811 1557 meum
1848 1502 1907 1555 in

332 1610 612 1678 injustum.
668 1604 1062 1675 Jusjurandum
1120 1617 1252 1656 vero
1282 1600 1337 1654 in
1378 1598 1584 1666 iniusto
1645 1603 1749 1656 est,
1797 1606 1906 1646 non

334 1702 507 1756 solum
542 1699 687 1768 quod
735 1696 1141 1767 prmvaricatur,
1180 1693 1273 1746 sed
1326 1690 1491 1744 etiam
1528 1687 1672 1758 quod
1708 1686 1907 1755 injuste

335 1792 658 1855 custoditur,
719 1789 885 1843 veluti
934 1787 1093 1856 quale
1142 1784 1274 1839 illud
1310 1781 1431 1846 fuit,
1467 1779 1613 1849 quod
1664 1776 1906 1832 Herodes

2004 586 2060 639 in
2089 584 2213 639 cibo
2234 584 2557 654 quotidiana
2577 586 2746 640 ducit.
2800 586 2941 654 Ergo
2970 594 3025 639 et
3060 586 3104 640 si
3144 594 3387 644 crasttno
3435 585 3575 641 reci-

2001 679 2138 749 piat,
2170 678 2297 747 quia
2327 678 2604 746 prmterito
2638 678 2746 742 die,
2796 679 2849 732 in
2880 695 2988 747 quo
3014 679 3248 735 laborem
3284 679 3572 744 sustinuit,

2001 770 2567 841 permansitiejuuus.
2594 771 2703 824 vim
2736 772 2959 839 pertulit
2986 780 3041 825 et
3072 772 3401 827 calumniam
3449 787 3576 842 pas~

2004 879 2100 920 sus
2131 874 2234 918 est.
2262 865 2329 918 Et
2351 864 2503 933 quod
2521 863 2645 918 aliis
2672 864 2972 918 substantia
3000 873 3103 928 est,
3138 865 3241 918 hoc
3280 873 3410 918 sunt
3432 879 3576 918 mer-

2006 954 2168 1008 cedes
2210 952 2616 1007 laborantibus:
2678 967 2809 1021 ergo
2858 962 3004 1007 recte
3045 954 3125 1007 vis
3169 952 3330 1006 etiam
3379 953 3574 1006 horum

2002 1049 2238 1119 privatio
2257 1048 2476 1103 dicitur.
2510 1047 2616 1101 Sed
2637 1056 2693 1101 et
2716 1048 2807 1116 qui
2835 1047 3111 1102 maledicit
3138 1047 3323 1111 surdo,
3347 1047 3574 1101 multum

2003 1151 2187 1206 nocet,
2219 1150 2275 1195 et
2311 1141 2400 1208 qui
2434 1140 2590 1209 ponit
2619 1155 2800 1193 coram
2837 1141 2996 1193 caecis
3038 1139 3452 1201 oll‘endiculum,
3512 1138 3567 1192 in

2004 1249 2112 1303 quo
2140 1233 2372 1303 pedibus
2402 1232 2701 1287 oﬁendant.
2736 1232 2788 1285 ls
2834 1231 3052 1301 quidem
3105 1230 3197 1298 qui
3227 1230 3427 1283 surdus
3470 1239 3573 1291 est,

2005 1327 2134 1381 dum
2166 1325 2526 1390 maledicitur,
2566 1331 2815 1386 nocetur,
2875 1338 2986 1375 non
3026 1322 3198 1375 solum
3231 1322 3356 1390 quia
3390 1322 3458 1375 de
3511 1336 3575 1376 eo

2006 1416 2330 1481 detrahitur,
2358 1418 2452 1471 sed
2487 1415 2614 1485 quia
2644 1424 2698 1469 et
2727 1415 3039 1477 emendare,
3075 1420 3171 1465 aut
3204 1411 3324 1466 haec
3359 1425 3571 1474 cavere,

2008 1510 2065 1564 in
2095 1511 2297 1578 quibus
2346 1510 2414 1563 de
2457 1523 2524 1561 eo
2566 1505 2893 1569 detrahitur,
2938 1520 3046 1558 non
3088 1510 3287 1572 potest.
3325 1503 3430 1557 Sed
3475 1516 3577 1556 nec

2009 1616 2185 1655 caecus
2211 1600 2281 1653 ab
2304 1597 2656 1658 oﬂ‘endiculo,
2689 1596 2831 1664 quod
2860 1595 2910 1648 ei
2946 1595 3189 1662 ponitur,
3218 1593 3493 1647 custodire
3519 1608 3578 1647 se

2007 1700 2203 1761 potest.
2234 1691 2429 1744 Evenit
2450 1697 2630 1741 autem
2657 1698 2705 1739 et
2732 1686 2861 1739 huic
2887 1696 2938 1738 et
2970 1685 3044 1738 illi
3069 1700 3132 1738 ex
3159 1690 3390 1752 utroque
3410 1697 3575 1745 mors,

2010 1798 2153 1837 ca:co
2191 1781 2433 1850 quidem,
2480 1780 2608 1832 dum
2659 1777 2963 1831 conteritur
3016 1790 3113 1843 per
3146 1772 3568 1827 ofl‘endiculum:

336 1886 461 1938 tiliae
508 1880 827 1936 llerodiadis
879 1880 1104 1948 iurans,
1147 1874 1379 1930 Joannis
1434 1871 1692 1941 Baptista;
1736 1875 1903 1937 caput
1935 1852 1977 1913 Β
2007 1874 2173 1927 surdo
2199 1881 2379 1926 autem
2408 1870 2738 1933 maledictio,
2761 1868 2913 1938 quasi
2950 1867 3018 1921 de
3045 1865 3294 1934 l‘rincipe
3313 1864 3578 1918 detraxis-

335 1977 614 2032 abscidit:
676 1972 967 2044 oportebat
1012 1969 1157 2024 enim
1206 1968 1312 2022 hoc
1347 1980 1472 2020 eum
1524 1962 1905 2034 jusjurandum

335 2087 445 2125 non
475 2070 737 2140 prtebere,
775 2075 1062 2135 postquam
1097 2069 1278 2115 tamen
1303 2057 1525 2129 iuravit,
1568 2070 1681 2109 non
1721 2060 1907 2108 custo-

338 2166 478 2229 dire,
512 2162 639 2232 quia
690 2160 816 2215 talia
867 2163 1224 2219 sacramenta,
1272 2166 1378 2206 nec
1422 2148 1636 2204 initium
1689 2158 1908 2200 sumere

338 2257 484 2311 Deus
508 2254 645 2317 vult,
678 2251 772 2305 sed
799 2263 903 2303 nec
955 2245 1229 2301 sumentia
1263 2243 1329 2296 ad
1372 2240 1534 2294 finem
1590 2236 1904 2308 pervenire;

340 2347 485 2401 unde
509 2345 723 2400 dicens:
747 2340 866 2394 Non
892 2337 1126 2392 levabitis
1174 2349 1362 2389 nomen
1401 2347 1575 2385 meum
1603 2331 1660 2382 in
1686 2328 1905 2396 injuste,

341 2434 693 2492 addidit:Et
746 2447 849 2485 non
896 2427 1251 2498 profanabitis
1306 2418 1493 2478 nomen
1551 2418 1760 2473 Domini
1814 2415 1909 2470 Dei

341 2528 534 2592 vestri;
574 2526 718 2595 quod
745 2519 1060 2592 Hieronymi
1089 2514 1373 2573 translatio
1406 2513 1599 2569 edidit.

413 2620 534 2674 Non
565 2616 767 2689 pollues
795 2629 981 2676 nomen
1004 2610 1098 2665 Dei
1122 2609 1219 2662 tui.
1250 2605 1533 2673 Quomodo
1571 2611 1753 2657 autem
1788 2599 1912 2669 quis

345 2711 478 2766 illud
516 2708 789 2779 profanat,
838 2705 964 2759 dico
1009 2719 1024 2756 :
1060 2700 1115 2755 id
1150 2708 1255 2762 est,
1291 2696 1432 2751 male
1459 2694 1733 2757 faciendo,
1787 2690 1911 2761 quia
1958 2770 1961 2773 ν

341 2800 729 2874 jusjurandum
750 2794 1049 2866 transgredi
1081 2807 1190 2846 non
1219 2796 1420 2860 potest.
1451 2785 1614 2855 Atqui
1633 2784 1794 2848 Deus,
1816 2797 1914 2852 per

345 2913 507 2970 quem
531 2894 771 2958 intravit,
799 2892 854 2946 in
887 2896 1096 2944 tantum
1127 2887 1270 2940 bona
1299 2884 1437 2949 vult,
1462 2881 1613 2951 quia,
1639 2879 1741 2935 etsi
1788 2893 1913 2948 per-

347 2967 562 3042 miserit
611 2986 678 3039 de
712 2980 1036 3053 quibusdam
1082 2974 1363 3039 terribilia,
1410 2973 1485 3026 illi
1518 2982 1699 3026 autem
1740 2967 1914 3039 μωιιῑ-

351 3090 592 3146 luerunt,
632 3094 741 3132 non
781 3075 960 3131 tardat
981 3071 1181 3127 mutari
1243 3067 1595 3128 sententiam,
1647 3073 1913 3129 suumque

349 3186 661 3229 sermonem
688 3184 801 3223 non
826 3166 1126 3236 refragare,
1144 3172 1205 3217 ut
1226 3159 1480 3231 quiddam
1510 3155 1669 3211 nobis
1696 3151 1914 3223 pietatis

351 3262 649 3335 impendat,
666 3266 886 3330 propter
904 3255 1051 3326 quod
1078 3252 1321 3309 addidit:
1351 3250 1461 3320 Ego
1481 3248 1751 3302 Dominus.
1780 3244 1917 3310 Qua-

347 3352 457 3410 lis?
483 3355 552 3410 de
581 3369 688 3423 quo
730 3351 806 3406 ait
845 3348 998 3404 Jonas
1045 3344 1355 3417 prophetia,
1406 3340 1625 3412 quando
1665 3336 1920 3393 Ninivitae

349 3452 756 3523 ieiunaverunt,
810 3453 866 3500 et
905 3447 1217 3504 oraverunt,
1250 3447 1306 3492 et
1355 3433 1607 3507 paenituit
1648 3434 1820 3487 Deum
1852 3430 1921 3485 de

354 3522 558 3598 malitia
575 3555 736 3610 quam
756 3538 969 3592 locutus
993 3542 1097 3598 est,
1115 3540 1177 3586 ut
1200 3531 1407 3585 faceret
1425 3527 1528 3591 eis,
1552 3533 1609 3580 et
1637 3539 1747 3578 non
1769 3522 1919 3578 fecit.

353 3636 520 3691 Multa
548 3642 730 3688 autem
765 3641 822 3685 et
844 3629 948 3683 alia
981 3621 1295 3694 huiusmodi
1319 3620 1601 3691 prophetae
1644 3617 1917 3671 dixerunt.

429 3728 587 3783 Vsus.
616 3727 703 3788 15,
737 3722 823 3777 14.
861 3739 882 3774 ι
925 3719 1044 3773 Non
1088 3716 1257 3771 facies
1303 3709 1631 3768 calumniam
1676 3702 1924 3774 proximo

358 3833 470 3885 tuo,
497 3834 599 3873 nec
643 3818 696 3872 vi
752 3812 1031 3883 opprimes
1087 3823 1234 3862 eum.
1286 3803 1403 3857 Non
1455 3796 1750 3854 morabitur
1787 3805 1926 3860 Opus

357 4099 579 4160 timebis
608 4098 777 4150 Deum
813 4100 993 4154 tuum,
1021 4085 1146 4156 quia
1169 4098 1271 4153 ego
1300 4096 1420 4135 sum
1446 4075 1732 4130 Dominus.
1761 4090 1780 4122 ι

431 4191 595 4246 Vides
610 4181 1067 4257 quemadmodum
1084 4174 1342 4248 paulatim
1365 4171 1451 4224 lex
1496 4169 1614 4237 ejus
1639 4165 1730 4233 qui
1752 4164 1927 4232 legem

354 4285 588 4353 accepit,
618 4279 760 4335 colat
793 4283 1052 4337 mentem,
1099 4278 1157 4324 et
1203 4281 1265 4321 ea
1316 4279 1440 4334 quae
1469 4261 1724 4315 videntur
1765 4269 1929 4325 parva

355 4347 641 4448 coniungit
667 4367 896 4439 magnis,
925 4373 986 4419 ut
1013 4364 1207 4418 timore
1249 4355 1488 4414 definita:
1536 4352 1592 4405 in
1634 4347 1929 4448 maioribus

357 4432 600 4537 peccatis
627 4432 826 4530 pinnae,
861 4462 916 4508 et
944 4468 974 4506 a
1004 4447 1310 4504 minoribus
1338 4441 1730 4497 abstineamus.
1776 4432 1931 4489 Sicut

359 4536 509 4611 enim
546 4553 626 4606 eis
669 4547 948 4604 sociantur
998 4541 1055 4594 in
1110 4536 1388 4600 mandato,

360 4648 679 4709 sociantur;
711 4640 839 4710 quia
869 4636 959 4707 qui
981 4634 1145 4703 legem
1167 4638 1332 4683 totam
1369 4620 1668 4684 servaverit,
1706 4617 1931 4687 oﬂ‘eudat

360 4749 540 4796 autem
587 4737 645 4789 in
690 4748 813 4793 uno,
843 4731 1012 4799 factus
1045 4731 1121 4778 est
1165 4720 1398 4774 omnium
1433 4731 1551 4769 reus
1566 4713 1634 4768 “.
1685 4710 1791 4765 Sed
1827 4722 1931 4763 nec

359 4835 561 4890 frustra
594 4824 883 4884 calumniae
912 4819 1029 4874 vim.
1066 4811 1349 4883 conjunxit
1381 4827 1395 4864 :
1421 4823 1541 4878 qum
1570 4805 1715 4860 enim
1770 4801 1930 4857 diffe-

362 4923 540 4980 rentia
565 4929 649 4975 est
671 4917 815 4986 apud
847 4926 971 4967 eum
1003 4907 1092 4978 qui
1126 4906 1292 4959 rebus
1337 4901 1451 4956 suis
1489 4905 1657 4960 caret,
1707 4894 1828 4975 sive
1852 4892 1928 4957 vi,

362 5018 481 5074 sive
502 5010 670 5067 armis
703 5008 955 5066 forsitan,
1011 5008 1105 5055 aut
1137 4994 1383 5068 potentia
1416 4990 1675 5063 qualibet,
1716 4985 1804 5041 vel
1834 4999 1934 5054 per

363 5102 890 5163 circutnventionem
923 5093 1272 5165 iudiciorum,
1304 5094 1398 5140 aut
1442 5081 1650 5145 fraude,
1678 5078 1765 5134 vel
1795 5091 1934 5146 quo-

363 5200 501 5255 libet
528 5196 634 5251 alio
664 5191 828 5247 simili
882 5187 1045 5243 modo
1075 5184 1162 5238 his
1206 5179 1427 5236 careat?
1465 5174 1570 5230 Sed
1620 5180 1675 5225 et
1703 5169 1795 5240 qui
1845 5167 1936 5222 die

368 5295 479 5342 tota
509 5289 766 5352 operatus
791 5286 894 5340 est,
922 5282 982 5329 ut
1001 5271 1273 5341 acciperet
1306 5262 1606 5324 mercedes,
1641 5275 1705 5313 ex
1739 5255 1938 5325 quibus

365 5394 492 5435 cum
515 5348 662 5437 filiis,
699 5380 755 5426 et
798 5382 992 5431 more,
1043 5373 1099 5419 et
1143 5357 1463 5432 parentibus
1497 5348 1939 5422 exspectantibus

366 5469 586 5524 easdem
608 5461 891 5518 mercedes
923 5459 1150 5519 viveret,
1194 5460 1251 5507 et
1280 5465 1390 5504 non
1417 5445 1648 5515 accepit,
1683 5440 1778 5497 sed
1805 5439 1940 5493 dila-

370 5573 460 5618 tus
479 5566 584 5623 est,
601 5568 785 5612 nonne
806 5542 1134 5609 calumniam
1155 5555 1210 5601 et
1234 5544 1342 5599 vim
1370 5538 1609 5611 patitur?
1626 5551 1735 5590 non
1760 5532 1937 5588 solum

444 5756 489 5787 ’°
520 5753 684 5808 Marc.
713 5765 822 5804 xw.
857 5746 945 5801 58.
1049 5744 1093 5775 ⁹¹
1136 5740 1291 5795 Joan.
1323 5754 1382 5797 tt.
1414 5736 1499 5808 19ἶ

1610 5733 1656 5764 9‘
1684 5727 1873 5783 Matth.
1918 5741 2027 5779 xw.

2010 1973 2114 2027 set,
2140 1971 2235 2016 aut
2261 1962 2405 2015 aliud
2424 1960 2699 2029 quidpiam
2729 1958 2962 2021 fecisset,
3003 1957 3145 2026 quod
3176 1955 3227 2010 ei
3278 1955 3576 2022 periculum

2011 2055 2305 2124 ingereret,
2371 2051 2719 2118 semetipsum
2755 2049 2979 2104 minime
3030 2047 3344 2117 corrigenti,
3391 2054 3447 2100 et
3475 2044 3579 2100 hoc

2010 2146 2155 2215 quod
2204 2144 2421 2199 videtur
2472 2157 2593 2197 esse
2643 2156 2894 2211 parvum,
2929 2139 3074 2210 quod
3125 2155 3156 2193 a
3209 2137 3393 2193 multis
3435 2152 3578 2207 saepe

2011 2238 2327 2293 ludentibus
2353 2234 2707 2305 delinquitur,
2763 2234 2958 2287 transit
2997 2233 3065 2286 ad
3112 2241 3374 2286 mortem:
3435 2232 3579 2285 unde

2010 2330 2173 2384 nimis
2207 2339 2516 2398 opportune
2565 2325 2734 2378 David
2762 2324 3073 2386 dixitcum,
3102 2323 3191 2393 qui
3232 2323 3289 2375 in
3331 2322 3579 2375 cathedra

2011 2421 2340 2493 pestilentias,
2395 2420 2449 2473 id
2499 2426 2606 2485 est,
2647 2415 3010 2472 deridentium
3046 2430 3149 2468 non
3196 2413 3415 2467 sedit”.
3468 2412 3579 2466 Nos

2012 2521 2190 2567 autem
2225 2513 2293 2565 ad
2320 2512 2507 2565 eadem
2533 2524 2722 2563 rursus
2755 2507 3103 2575 exsequenda
3122 2518 3427 2575 pergamus.
3459 2502 3581 2557 Non

2012 2607 2158 2661 enim
2223 2605 2400 2659 solum
2454 2601 2809 2672 pecuniarum
2846 2598 3175 2652 calumniam
3238 2606 3293 2651 et
3344 2597 3453 2649 vim
3496 2596 3582 2648 lex

2013 2697 2325 2768 prohibuit,
2348 2695 2443 2749 sed
2470 2703 2527 2748 et
2546 2707 2761 2747 omnem
2786 2690 2967 2755 aliam,
2996 2698 3051 2742 et
3077 2689 3247 2742 multo
3268 2688 3434 2757 magis
3462 2702 3581 2741 eam

2015 2802 2135 2857 quae
2167 2795 2250 2841 est
2275 2786 2331 2839 in
2358 2783 2716 2854 spiritalibus,
2750 2791 2812 2834 ut
2858 2794 2970 2833 non
3009 2778 3230 2850 gloriam
3262 2776 3584 2846 arripiamus

2015 2878 2262 2942 alterius,
2289 2892 2395 2942 nec
2422 2875 2567 2945 quod
2598 2874 2822 2928 alterius
2860 2872 3045 2926 labore
3070 2878 3372 2926 cerrectum
3403 2877 3506 2931 est,
3526 2868 3581 2922 in

2015 2966 2422 3035 nobismetipsis
2456 2964 2817 3027 attrahamus,
2864 2971 3090 3031 propter
3119 2959 3261 3029 quod
3301 2968 3357 3012 et
3384 2958 3585 3012 Paulus

2016 3058 2262 3114 dicebat:
2294 3057 2414 3111 Non
2443 3057 2577 3110 enim
2618 3054 2795 3108 aliena
2820 3052 3026 3122 regula,
3062 3052 3116 3105 in
3145 3050 3224 3103 Itis
3253 3066 3369 3120 qua'
3388 3058 3581 3119 parata

2016 3159 2156 3215 sunt,
2192 3149 2413 3220 gloriari
2432 3148 2500 3200 ".
2532 3146 2600 3200 Et
2622 3160 2830 3211 rursus,
2854 3144 3115 3199 donatum
3144 3140 3247 3195 sibi
3268 3140 3395 3193 dicit
3426 3154 3589 3194 evan-

2018 3240 2273 3311 gelizare,
2305 3253 2416 3293 non
2450 3238 2543 3293 ubi
2573 3237 2886 3292 nominatus
2907 3244 2992 3290 est
3017 3233 3290 3299 Christus,
3326 3244 3396 3284 ne
3426 3244 3590 3298 super

2018 3332 2240 3386 alterius
2278 3330 2689 3384 fundamentum
2719 3326 3096 3382 aediﬁcaret".
3128 3324 3370 3377 Alterum
3406 3328 3587 3374 autem

2020 3423 2244 3478 alterius
2273 3420 2647 3491 interpretatio
2669 3429 2773 3475 est.
2796 3418 3024 3473 Nolebat
3044 3415 3189 3470 enim
3212 3412 3587 3484 praeiudicare.

2022 3516 2117 3570 ubi
2170 3515 2308 3569 alter
2354 3513 2687 3583 praedicavit,
2739 3517 2796 3565 ut
2834 3525 2945 3563 non
2993 3507 3272 3565 mercedes
3327 3502 3593 3571 arriperet

2022 3608 2246 3662 alienas.
2276 3607 2350 3661 De
2386 3606 2472 3660 his
2502 3604 2649 3660 enim
2676 3601 3016 3657 mercedibus
3038 3598 3115 3653 ait
3131 3596 3435 3667 legislator:
3474 3591 3520 3644 Ν
3526 3607 3592 3644 οη

2024 3701 2316 3754 morabitur
2349 3715 2477 3766 opus
2515 3696 2825 3751 mercenarii
2851 3694 2994 3761 apud
3022 3702 3073 3744 te
3107 3705 3271 3759 usque
3310 3701 3482 3739 mane.

2098 3790 2215 3846 Non
2258 3795 2369 3861 iam
2418 3786 2857 3858 praedicantibus,
2891 3783 2985 3837 sed
3031 3780 3208 3834 adhuc
3257 3774 3592 3831 discentibus

2026 3884 2293 3938 mandans
2309 3895 2418 3935 non
2450 3880 2745 3949 negligere,
2771 3890 2874 3929 nec
2902 3874 3137 3927 otiosum
3164 3868 3304 3938 apud
3335 3882 3393 3921 se
3413 3865 3593 3920 sinere

2027 3972 2306 4029 doctorale
2336 3971 2595 4034 verbum;
2635 3964 3006 4022 mercenarius
3053 3962 3196 4016 enim
3233 3958 3326 4013 Dei
3362 3964 3466 4020 est,
3501 3955 3592 4024 qui

2028 4066 2287 4137 praedicat
2340 4063 2567 4116 verbum
2630 4059 2769 4127 eius.
2822 4056 3030 4110 Merces
3082 4060 3265 4106 autem
3338 4048 3456 4115 eius
3510 4053 3594 4100 est

2028 4153 2318 4211 retributio
2349 4147 2776 4222 praedicationis.
2808 4143 2986 4200 veraci
3018 4141 3289 4197 existente
3323 4135 3487 4204 huius
3514 4132 3594 4187 rei

2030 4255 2169 4303 teste
2195 4244 2385 4307 Paulo,
2422 4240 2514 4311 qui
2546 4239 2678 4294 dicit
2714 4255 2729 4289 :
2766 4234 2896 4300 Qute
2924 4241 2998 4287 est
3040 4245 3158 4301 ergo
3203 4241 3398 4281 merces
3438 4222 3596 4276 mea?

2036 4336 2097 4391 Ut
2143 4331 2489 4402 Evangelium
2554 4325 2884 4396 praedicans,
2947 4321 3059 4389 sine
3122 4324 3330 4384 sumptu
3398 4325 3593 4380 ponam

2034 4399 2377 4493 Evangeliunt
2401 4416 2677 4474 Christi".
2699 4413 3047 4484 Septuaginta
3068 4416 3245 4462 autem
3265 4405 3433 4458 edunt
3450 4399 3596 4454 :Non

1442 4532 1512 4585 ita
1562 4536 1618 4583 et
1666 4527 1723 4580 in
1772 4538 1928 4594 ptena
1960 4538 2005 4593 ι)
2032 4517 2256 4571 dormiet
2288 4527 2480 4567 merces
2512 4506 2822 4564 mercenarii
2855 4505 2939 4557 tui
2960 4501 3102 4570 apud
3135 4510 3205 4559 te,
3235 4510 3396 4565 usque
3423 4508 3592 4545 mane.

2035 4608 2174 4675 Quia
2205 4606 2353 4661 enim
2412 4599 2652 4658 dormire
2682 4597 3012 4667 negligentes
3065 4590 3341 4648 dicuntur,
3370 4584 3596 4638 demon-

2036 4673 2174 4756 strat
2202 4697 2484 4757 Dominus,
2518 4688 2797 4758 discipulis
2826 4685 3135 4739 mandatum
3167 4680 3335 4733 dans.
3356 4673 3597 4743 Vigilate,

2036 4794 2163 4865 quia
2219 4790 2432 4845 nescitis
2485 4801 2590 4854 qua
2639 4783 2767 4835 hora
2822 4777 3076 4833 Dominus
3136 4780 3302 4825 vester
3353 4775 3600 4820 venturus

2037 4855 2115 4940 est
2131 4884 2199 4937 ’⁸.
2231 4882 2339 4937 Sed
2365 4891 2423 4935 ct'
2444 4878 2661 4949 quando
2682 4869 3079 4931 dormientibus
3099 4860 3431 4921 hominibus,
3455 4855 3604 4910 vide-

2037 4978 2167 5033 licet
2223 4947 2661 5045 negligentibus,
2721 4965 2993 5022 seminare
3053 4955 3269 5012 dicebat
3321 4947 3600 5004 inimicum

2041 5068 2337 5130 zizaniam;
2371 5078 2531 5118 mane
2558 5061 2704 5116 enim
2748 5058 2988 5112 futurum
3025 5046 3282 5104 saeculum
3327 5049 3431 5104 est,
3476 5036 3602 5105 quia

2040 5161 2191 5215 nocti
2218 5157 2500 5229 praseutis
2521 5155 2644 5209 vitae
2677 5147 2938 5211 succedit,
2964 5152 3018 5198 et
3035 5143 3125 5194 lux
3150 5126 3606 5229 inexstinguibilis

2042 5253 2096 5306 in
2133 5266 2199 5304 eo
2218 5216 2451 5303 habitat.
2493 5244 2611 5299 Non
2653 5256 2782 5311 ergo
2820 5242 3034 5305 Oportet
3057 5229 3290 5283 otiosum
3318 5234 3436 5275 esse
3464 5216 3604 5286 apud

2043 5360 2144 5399 nos
2174 5344 2457 5397 doctorum
2504 5337 2730 5392 verbum
2782 5347 2877 5402 per
2902 5339 3060 5380 omne
3094 5322 3201 5375 hoc
3250 5326 3485 5382 tempus,
3519 5308 3605 5363 cui

2044 5433 2212 5488 futuri
2240 5429 2500 5499 temporis
2533 5441 2692 5481 mane
2715 5418 2975 5481 succedit,
2996 5411 3120 5482 quia
3149 5417 3205 5463 et
3242 5406 3297 5459 in
3346 5404 3449 5456 hoc
3472 5412 3609 5455 ava-

2046 5525 2169 5579 ritia
2193 5532 2249 5577 et
2282 5519 2548 5592 iniustitia
2574 5518 2631 5570 in
2665 5509 2976 5569 doctoribus
3005 5504 3351 5561 exercentur,
3396 5502 3608 5545 merce—

2134 5721 2180 5754 ”
2215 5720 2333 5774 Jac.
2360 5735 2418 5783 ιι,
2448 5717 2533 5772 lo.
2638 5712 2681 5746 ”
2711 5708 2849 5763 Psal.
2877 5722 2915 5769 ι,
2947 5704 2993 5756 1.
3100 5699 3146 5730 ³⁸
3175 5696 3218 5750 11
3241 5693 3374 5749 Cor.
3417 5705 3476 5753 ι,
3526 5682 3611 5742 16.

366 5824 412 5857 ’⁸
445 5791 961 5887 soET'Eif§6.'"it
992 5816 1011 5871 1
1042 5791 1267 5877 (206.1},
1299 5791 1386 5863 18:
1460 5804 1506 5839 ”
1539 5802 1729 5858 Matth.
1753 5814 1894 5862 xxrv,

2019 5801 2066 5851 at
2096 5791 2330 5858 xx\,15.
