3988 6222
415 379 440 439 1
451 378 550 440 0'27

1604 351 1973 415 HESYCHII
2013 347 2490 409 PRESBYTERI

3547 348 3685 412 1628

402 498 533 553 dem
568 486 941 562 perdentibus,
966 495 1087 552 quze
1119 479 1197 533 eis
1227 493 1292 531 ex
1317 474 1567 546 proiectu
1601 470 1990 540 discipulorum
2024 474 2065 529 Α
2099 468 2199 529 nis,
2242 469 2366 537 quia
2409 467 2674 536 judicium
2708 466 2803 520 Dei
2848 466 2979 519 est'.
3026 465 3166 536 Ergo
3218 467 3262 519 si
3309 467 3391 520 vis
3433 484 3687 538 personae

317 584 327 643 ὲ
394 558 725 642 deberetur.
777 579 879 631 l‘er
925 572 1149 628 surdum
1180 579 1363 623 autem
1411 575 1467 620 et
1508 578 1734 627 caecum,
1772 574 1868 615 eos
1899 558 1991 627 qui

402 668 798 730 inobedientia:
828 679 886 722 et
922 660 1246 736 ignorantiae
1289 657 1481 712 morbo
1525 653 1861 714 detinentur,
1907 648 1992 701 lex

394 766 613 830 innuit,
655 762 722 816 ad
761 758 906 829 quod
943 756 1110 810 Isaias
1140 751 1309 807 dixit:
1343 747 1524 812 Surdi,
1551 745 1754 809 audite,
1779 750 1825 795 et
1849 739 1994 804 cteci,

411 856 692 915 intuemini
712 856 781 907 ad
803 850 1084 907 videndum
1106 846 1176 900 ³⁸.
1219 843 1282 897 lli
1309 856 1419 896 non
1455 834 1812 893 maledicendi
1845 842 1995 897 sunt,

417 953 511 1005 sed
543 944 898 1008 admonendi,
952 941 997 995 si
1052 949 1232 994 tamen
1279 950 1376 989 eos
1424 929 1671 987 converti
1727 927 1995 982 volumus.

409 1041 577 1095 Unde
608 1046 663 1092 et
706 1034 928 1095 Paulus,
972 1046 1096 1085 eum
1130 1026 1222 1097 qui
1278 1025 1439 1080 docet
1483 1023 1538 1075 in
1581 1016 2001 1074 mansuetudine

405 1134 617 1188 docere
645 1144 764 1193 eos,
805 1125 899 1195 qui
935 1121 1338 1183 contradicunt,
1375 1113 1691 1170 doctoribus
1724 1109 1998 1171 Ecclesiae,

420 1220 739 1296 prsecepit‘.
773 1218 882 1272 Sed
909 1232 1013 1270 nec
1043 1212 1242 1268 oﬂ‘endi
1284 1224 1405 1264 cum
1439 1207 1519 1261 eis
1546 1205 1689 1279 falsa
1734 1202 2001 1296 dicentes,

416 1292 521 1368 aut
540 1319 765 1383 agentes
794 1308 1059 1362 debemus
1087 1300 1222 1356 ellici
1250 1316 1264 1364 ;
1291 1301 1394 1353 hoc
1415 1295 1562 1351 enim
1590 1294 1790 1349 Paulus
1819 1292 2004 1361 probi-

420 1408 585 1469 bens,
624 1413 786 1470 atque
817 1397 1118 1466 corrigens,
1154 1390 1401 1460 scripsit:
1438 1386 1498 1443 Si
1521 1388 1638 1456 quis
1658 1386 1837 1438 riderit
1864 1400 2003 1449 eum,

416 1498 518 1569 qui
542 1495 698 1547 habet
730 1487 1105 1550 scientiam,in
1138 1482 1300 1536 idolio
1339 1480 1743 1542 recumbentem,
1790 1492 1892 1528 non
1944 1476 2007 1528 de

420 1562 745 1637 conscientia
780 1577 917 1645 ejus,
964 1589 1081 1625 cum
1121 1571 1187 1623 sit
1243 1568 1485 1637 inﬁrma,
1544 1564 1899 1633 wdiﬁcabitur
1939 1562 2009 1614 ad

428 1671 859 1729 manducandum
896 1664 1245 1732 idolothytum
1277 1662 1318 1710 ’.
1368 1656 1425 1711 Si
1480 1655 1614 1725 legis
1665 1664 1774 1708 tam
1826 1652 2009 1707 littera

410 1773 593 1837 'quam
625 1763 820 1833 spiritu
841 1757 1018 1830 juvari
1051 1768 1370 1826 possumus.

500 1856 783 1913 Vens.15.
829 1872 847 1904 ι
883 1852 994 1906 Nec
1042 1848 1210 1903 facies
1264 1846 1408 1915 quod
1458 1844 1706 1913 iniquum
1753 1852 1857 1907 est,
1912 1854 2015 1893 nec

424 1940 945 2014 .injustejudicubis.
975 1936 1085 1991 Nec
1114 1935 1435 1990 consideres
1466 1947 1754 2003 personam
1810 1945 2015 2000 paupe-

434 2039 529 2102 ris,
582 2050 683 2088 nec
748 2034 986 2086 honores
1032 2029 1240 2083 vultum
1300 2024 1559 2097 potentis.
1615 2024 1766 2079 Juste
1830 2021 2015 2090 judica

435 2127 694 2199 proximo
737 2135 850 2179 tuo.
906 2122 1026 2175 Non
1071 2120 1180 2175 eris
1222 2119 1539 2172 criminator
1577 2125 1634 2170 et
1676 2128 1905 2169 susurro
1960 2113 2013 2165 in

439 2216 673 2287 populis.
706 2213 823 2268 Non
854 2212 1023 2267 stabis
1045 2218 1238 2266 contra
1270 2207 1589 2278 sanguinem
1630 2203 1861 2276 proximi
1916 2203 2014 2257 tui.

439 2311 550 2381 Ego
571 2307 851 2363 Dominus.
898 2325 916 2356 ι

514 2398 633 2452 Non
673 2396 975 2467 quamlibet
1003 2394 1292 2463 justitiam,
1321 2392 1416 2447 sed
1464 2405 1754 2453 summam,
1795 2397 1851 2442 et
1893 2402 2022 2459 per-

443 2488 638 2542 fectam
664 2487 891 2549 studeri,
941 2486 1027 2539 lex
1056 2485 1292 2539 maxime
1328 2484 1380 2537 in
1427 2482 1787 2553 praesentibus
1816 2478 2020 2535 consu-

442 2584 568 2642 tuit.
611 2591 760 2635 recto
796 2579 995 2633 itinere
1037 2579 1338 2645 ordineque
1386 2575 1715 2646 procedens,
1766 2583 1825 2627 ut
1872 2572 2023 2641 prius

443 2673 693 2726 videatur
758 2670 1089 2739 pauperibus
1155 2670 1332 2737 legem
1384 2668 1720 2722 constituere
1753 2707 1767 2731 ,
1824 2664 2025 2720 deinde

444 2763 788 2833 potentibus,
860 2777 926 2814 ac
980 2761 1177 2814 deinde
1230 2759 1565 2830 principatus
1616 2768 1667 2814 et
1730 2767 2026 2828 potestates

450 2855 803 2919 habentibus,
867 2863 927 2908 ut
960 2868 1058 2923 per
1114 2852 1219 2905 hoc
1249 2853 1527 2916 ostendat,
1585 2866 1870 2922 personam
1914 2865 2026 2903 non

449 2947 635 3001 deberi
682 2945 876 3015 accipi.
911 2943 1029 2999 Non
1083 2944 1286 2997 furtum
1334 2942 1502 3005 enim,
1554 2957 1656 2995 nec
1699 2942 2026 2995 calumniam

449 3038 654 3103 facere,
698 3053 801 3091 nec
848 3038 1035 3106 jurare
1090 3035 1143 3087 in
1203 3036 1444 3104 injuste,
1496 3033 1597 3086 ctsi
1642 3033 1900 3087 divitibus
1943 3032 2029 3085 vel

2098 560 2302 613 donare
2328 560 2589 628 potentis,
2620 574 2870 628 personae
2909 557 3003 611 Dei
3030 558 3171 612 dona
3198 577 3210 612 :
3253 559 3426 613 donas
3474 570 3684 627 autem,

2099 647 2143 700 si
2172 648 2237 700 ad
2263 662 2471 716 partem
2501 656 2553 699 te
2576 645 2801 715 justitiae
2824 646 3146 706 contuleris,
3179 646 3288 701 illic
3307 647 3450 705 enim
3482 647 3685 703 habet:

2099 738 2224 807 quia
2289 738 2474 806 justus
2520 737 2772 789 Dominus
2797 738 3073 807 justitiam
3119 737 3323 801 dilexit,
3381 741 3690 810 wquitatem

2100 830 2235 882 uidet
2268 828 2442 881 vultus
2497 829 2681 897 ejus“:
2741 828 3094 896 quamobrem
3141 830 3308 883 etiam
3343 814 3693 900 nunc‘juste

2099 922 2331 991 judicari
2366 921 2618 988 proximo
2637 920 2919 989 prfecepit.
2942 918 3170 989 Oportet
3192 923 3340 976 enim
3377 938 3480 977 nos
3519 939 3695 979 nosse

2104 1014 2229 1081 quia
2260 1013 2315 1064 in
2350 1027 2451 1081 quo
2486 1011 2920 1079 judicaverimus,
2952 1012 3005 1063 in
3037 1013 3215 1065 eodem
3236 1013 3694 1082 judicabimur".

2106 1103 2203 1157 llis
2236 1101 2464 1157 addidit.

2181 1195 2340 1249 Vsus.
2381 1194 2464 1247 l6.
2507 1214 2524 1245 ι
2561 1193 2679 1248 Νοη
2740 1195 2850 1250 eris
2898 1196 3217 1252 criminator
3268 1207 3323 1251 et
3362 1212 3593 1254 susurro
3639 1199 3695 1252 in

2108 1287 2347 1358 populis.
2397 1306 2415 1339 ι

2184 1378 2298 1442 Vel,
2332 1377 2468 1432 sicut
2504 1376 2861 1449 Septuaginta
2892 1378 3093 1433 edunt:
3137 1378 3253 1432 Non
3294 1381 3596 1434 ambulabis
3640 1383 3698 1434 in

2110 1470 2228 1524 dolo
2276 1470 2332 1523 in
2374 1479 2524 1541 gente
2580 1480 2694 1524 tua.
2750 1473 2871 1524 Non
2926 1472 3089 1524 stabis
3149 1482 3331 1524 contra
3378 1475 3697 1543 sanguinem

2110 1560 2342 1627 proximi
2384 1562 2482 1613 tui.
2520 1558 2655 1615 llolo
2707 1560 3028 1629 sanguinem
3072 1562 3379 1631 conjunxit,
3438 1565 3701 1618 videlicet

2114 1653 2494 1719 homicidium,
2549 1653 2693 1707 sicut
2720 1665 2777 1710 et
2817 1655 2985 1710 David
3036 1656 3203 1710 solet:
3241 1656 3420 1710 Virum
3472 1660 3700 1725 sangui-

2114 1762 2239 1799 num
2266 1756 2314 1801 et
2343 1748 2581 1803 dolosam
2600 1748 2995 1804 abominabitur
3037 1747 3348 1803 Dominus".
3378 1750 3696 1806 Etiterum:

2042 1812 2085 1865 B
2124 1839 2228 1893 Viri
2282 1843 2603 1911 sanguinum
2672 1851 2720 1894 et
2805 1841 2972 1895 dolosi
3034 1858 3138 1894 non
3192 1843 3548 1895 dimidiabunt
3590 1844 3703 1897 dies

2117 1947 2238 1983 suos
2257 1932 2299 1985 ⁸.
2330 1929 2554 1986 Gladius
2591 1933 2735 1985 enim
2759 1935 3006 1986 occultus
3040 1942 3123 1987 est
3153 1933 3327 2000 dolus,
3387 1935 3537 1989 ensis
3570 1951 3705 1988 exa-

2118 2031 2299 2087 cutus,
2331 2031 2386 2075 et.
2410 2024 2585 2078 latens
2621 2024 2697 2076 ita
2729 2034 2788 2078 ut
2819 2025 2989 2078 David
3020 2039 3211 2079 rursus
3256 2025 3501 2079 diceret:
3551 2024 3707 2081 Sicut

2120 2113 2378 2165 novacula
2406 2123 2565 2166 acuta
2592 2114 2761 2183 fecisti
2781 2113 3016 2169 dolum”.
3053 2115 3161 2170 Sed
3191 2130 3293 2169 nos
3324 2116 3394 2169 ab
3412 2131 3478 2171 co
3497 2117 3707 2172 veloci-

2118 2211 2205 2257 ter
2253 2204 2600 2269 recedamus,
2659 2214 3090 2274 expavescentes
3143 2206 3294 2259 illunt
3341 2222 3441 2275 pro
3495 2207 3711 2276 peccati

2122 2295 2341 2361 vicinia,
2360 2296 2447 2350 cui
2477 2295 2674 2349 meruit
2703 2311 2823 2350 esse
2842 2297 3189 2367 conjunctus.
3218 2297 3330 2351 Nec
3345 2306 3536 2351 contra
3570 2313 3709 2352 san—

2123 2389 2349 2458 guinem
2387 2388 2622 2459 proximi
2666 2395 2895 2455 stemus,
2951 2389 3048 2443 sed
3104 2404 3297 2442 omnes
3348 2389 3602 2455 insidias,
3660 2401 3717 2444 et

2125 2483 2435 2553 collegium,
2486 2481 2631 2551 quod
2669 2497 2768 2551 pro
2796 2482 3041 2550 qualibet
3087 2481 3371 2551 iniquitate
3400 2482 3479 2548 lit,
3531 2482 3716 2552 fugia-

2127 2593 2270 2631 mus.
2295 2577 2433 2642 Quia
2458 2575 2676 2643 quidam
2696 2576 3047 2646 singulariter
3067 2575 3287 2641 inﬁrmi,
3304 2583 3357 2629 et
3376 2591 3474 2645 per
3502 2587 3717 2630 semet-

2128 2672 2276 2740 ipsos
2315 2684 2512 2723 nocere
2554 2685 2663 2722 non
2721 2669 2987 2733 valentes,
3042 2667 3255 2722 misceri
3294 2668 3476 2722 solent
3524 2670 3718 2723 rnulti-

2129 2764 2330 2827 tudini,
2356 2777 2588 2816 necesse
2618 2768 2704 2815 est
2734 2774 2821 2827 ut,
2849 2761 3068 2831 quando
3094 2761 3277 2829 plures
3306 2761 3468 2814 simul
3507 2777 3719 2816 conve-

2132 2856 2319 2919 niunt,
2374 2852 2579 2906 malitia
2670 2852 2941 2905 valentior
2995 2851 3325 2904 inveniatur.
3401 2850 3501 2904 llic
3562 2849 3718 2903 enim

2131 2943 2441 2997 commodat
2491 2958 2736 3005 manmu,
2797 2941 2936 2996 alter
2982 2942 3243 3011 linguam,
3293 2941 3432 2994 alius
3470 2940 3557 2995 his
3589 2956 3721 3010 qua:

2132 3046 2366 3107 aguntur
2397 3051 2727 3089 consensum
2754 3035 2981 3105 praebet,
3025 3035 3160 3088 alter
3200 3035 3396 3098 innuit,
3426 3044 3481 3087 et
3509 3034 3567 3087 in
3598 3049 3720 3087 "38*

446 3129 766 3199 potentibus
791 3127 1085 3196 aliquando
1106 3125 1392 3194 contingit,
1412 3133 1786 3178 verumtamen
1809 3124 2027 3194 propria
2057 3144 2097 3199 ο
2132 3133 2260 3186 tiliae
2286 3140 2699 3185 consummatur
2721 3131 2952 3184 insania.
2981 3129 3086 3185 Sed
3112 3146 3234 3184 cum
3262 3130 3348 3184 bis
3383 3130 3551 3183 etiam
3580 3127 3721 3182 illud

457 3235 757 3288 pauperum
785 3218 1187 3287 quodammodo
1219 3226 1345 3271 sunt
1368 3224 1612 3285 peccata.
1655 3215 1760 3268 Per
1792 3230 2029 3285 pauper-

459 3322 624 3367 tatem
652 3314 798 3364 enim
830 3310 1023 3373 furari,
1055 3321 1109 3364 et
1143 3310 1484 3372 calumniari,
1514 3318 1569 3362 et
1595 3310 1899 3378 transgredi
1930 3324 2017 3361 sa-

461 3413 745 3456 cramenta
773 3403 1022 3471 compelli
1078 3403 1352 3464 videntur,
1386 3413 1457 3454 tta
1497 3412 1558 3454 ut
1585 3416 1803 3469 sapiens
1847 3399 1934 3453 ille
1975 3400 2028 3451 in

455 3494 768 3549 Proverbiis
802 3497 1035 3550 diceret:
1060 3496 1287 3549 Divitias
1328 3504 1376 3549 et
1401 3505 1765 3565 paupertatem
1795 3511 1856 3547 ne
1877 3493 2031 3547 dede-

457 3588 530 3640 ris
557 3589 705 3648 milii,
740 3606 802 3641 ne
831 3590 965 3659 forte
993 3590 1221 3641 satiatus
1243 3588 1439 3641 illiciar
1465 3588 1534 3641 ad
1590 3588 1904 3656 negandum,
1939 3595 2031 3639 aut

456 3689 682 3749 egestate
720 3680 1036 3748 compulsus,
1076 3683 1241 3752 [ιιι-εν,
1296 3689 1343 3734 et
1393 3680 1659 3750 perjurem
1704 3696 1891 3733 nomen
1934 3680 2033 3733 Dei

457 3773 618 3827 mei“.
656 3772 718 3825 Vi
744 3784 928 3826 autem
961 3774 1287 3841 opprimere,
1322 3782 1377 3827 et
1407 3773 1747 3827 mercedibus
1791 3772 2028 3842 privare,

455 3872 514 3915 et
545 3861 776 3914 irridere
806 3861 1028 3914 surdum
1055 3861 1530 3929 autcaecum,quia
1562 3862 1807 3929 quaedam
1839 3876 2028 3915 eorum

459 3957 592 4002 sunt
615 3948 894 4017 potentiae,
927 3950 1172 4018 quaedam
1205 3966 1334 4003 vero
1361 3951 1597 4019 prodiga:
1634 3949 2032 4018 quodammodo

462 4038 610 4102 vine,
640 4046 695 4090 et
717 4037 1060 4103 deliciarum,
1086 4037 1469 4092 contumeliam
1502 4038 1882 4107 generantium
1908 4052 2036 4107 pec-

368 4172 371 4173 ν
459 4138 603 4195 cata,
648 4129 919 4197 prmeipue
946 4128 1197 4194 personis
1220 4127 1451 4182 divitum
1504 4137 1561 4182 et
1620 4137 1900 4195 potentum
1949 4129 2032 4183 lex

461 4219 665 4274 sanciri
697 4218 914 4272 dicitur.
949 4219 1244 4272 Personam
1281 4226 1464 4272 autem
1498 4218 1750 4287 accipere
1801 4219 1856 4273 in
1887 4219 2035 4287 judi-

459 4313 569 4376 cio,
596 4310 651 4364 hi
704 4312 795 4379 qui
848 4311 1262 4380 magistratuum
1308 4310 1604 4380 praesident
1645 4311 1732 4365 vel
1784 4312 2033 4380 judicum

464 4404 849 4466 tribunalibus,
870 4404 1329 4474 quosjudicantes
1360 4418 1461 4457 nec
1480 4404 1701 4473 quidem
1731 4420 2033 4474 pauperum

2134 3226 2433 3287 intuemur,
2466 3235 2654 3278 utnon
2678 3224 2851 3279 solum
2885 3239 3008 3276 cum
3041 3224 3108 3277 de
3139 3222 3408 3292 pecuniis,
3440 3231 3537 3275 aut
3588 3220 3717 3274 aliis

2132 3316 2740 3384 similibusjudicamus,
2766 3313 3378 3384 custodiamuspauperi
3411 3324 3467 3367 et
3502 3312 3718 3381 potenti

2132 3411 2466 3479 tequitatem.
2498 3409 2605 3463 Sed
2636 3408 2841 3477 ubique
2874 3408 2927 3460 in
2963 3408 3110 3461 omni
3163 3406 3391 3477 judicio,
3419 3406 3570 3475 quod
3604 3421 3721 3460 non

2134 3501 2309 3555 solum
2336 3500 2478 3568 apud
2512 3498 2772 3563 tribunal,
2812 3499 2905 3552 sed
2946 3500 2998 3551 in
3053 3500 3196 3552 omni
3248 3497 3636 3564 collocatione,
3670 3505 3725 3550 et

2135 3589 2406 3644 amicabili
2437 3589 2692 3652 concilio,
2726 3596 2888 3658 atque
2919 3588 2973 3641 in
3013 3588 3259 3642 doctrina
3308 3588 3543 3657 Spiritali
3595 3602 3721 3641 ma-

2135 3677 2285 3730 xime
2327 3677 2675 3746 intelligitur.
2715 3677 3085 3731 Recordemur
3107 3678 3292 3732 Jat-obi
3326 3678 3563 3733 dicentis
3604 3697 3618 3731 :
3663 3677 3723 3731 Si

2134 3771 2397 3823 introierit
2438 3770 2493 3822 in
2549 3780 2799 3824 conventu
2834 3782 3003 3823 vestro
3066 3772 3147 3824 uir
3195 3789 3416 3825 aureum
3456 3771 3725 3825 annuium

2134 3860 2345 3924 habens,
2374 3861 2431 3913 in
2452 3869 2587 3914 veste
2613 3860 2895 3929 pra'clara,
2923 3861 3252 3930 ingrediatur
3284 3872 3459 3915 autem
3506 3873 3555 3914 et
3580 3880 3724 3930 pau-

2134 3965 2226 4018 per
2266 3953 2321 4003 in
2351 3962 2488 4004 veste
2517 3952 2756 4015 sordida,
2791 3951 3081 4004 intendatis
3124 3963 3303 4006 autem
3353 3953 3423 4006 ad
3467 3970 3585 4006 eum
3628 3955 3724 4017 qui

2136 4046 2377 4099 induitur
2400 4047 2685 4116 prteclara,
2728 4058 2777 4101 et
2826 4050 3065 4103 dixeritis
3089 4067 3108 4104 :
3161 4048 3238 4102 Tu
3266 4050 3386 4103 sede
3426 4050 3509 4101 hic
3550 4055 3722 4113 bene;

2135 4135 2357 4203 pauperi
2411 4144 2591 4188 autem
2629 4136 2869 4189 dixeritis
2893 4152 2912 4190 :
2967 4136 3039 4190 Tu
3067 4146 3147 4190 sta
3174 4136 3303 4203 illic,
3334 4146 3427 4190 aut
3471 4138 3594 4190 sede
3622 4140 3723 4190 sub

2137 4225 2362 4278 scabello
2382 4227 2573 4293 pedum
2604 4244 2859 4293 meorum,
2918 4245 3087 4282 nonne
3105 4229 3366 4298 judicatis
3408 4230 3555 4297 apud
3597 4246 3723 4283 vos-

2136 4318 2401 4387 metipsos,
2434 4327 2481 4371 et
2515 4320 2642 4388 facti
2670 4321 2792 4373 estis
2819 4321 3026 4390 judices
3070 4323 3449 4391 cogitationum
3500 4323 3723 4393 iniqua-

2137 4428 2255 4464 rum
2277 4411 2361 4464 ”?
2394 4409 2460 4464 Et
2491 4427 2616 4466 cum
2648 4412 2715 4466 de
2768 4412 2872 4467 hoc
2939 4414 3186 4484 quaedam
3219 4415 3323 4468 alia
3369 4415 3616 4482 dixisset,
3667 4427 3725 4471 ct

462 4510 727 4565 personas
762 4503 979 4563 oportet
1000 4496 1265 4565 accipere.
1299 4494 1469 4550 Nemo
1521 4496 1667 4549 enim
1723 4496 1835 4551 Deo
1865 4498 2033 4551 inise-
2065 4499 2109 4553 D
2137 4510 2448 4573 opportuno
2475 4512 2721 4573 tempore
2759 4521 3016 4561 revocare
3039 4507 3105 4561 ad
3120 4507 3441 4561 memoriam
3467 4516 3716 4568 nostram

464 4587 732 4641 ricordior
784 4596 885 4650 est,
927 4588 1018 4656 qui
1074 4588 1383 4643 misericors
1428 4595 1485 4642 et
1523 4586 1813 4641 miserator
1863 4603 2030 4657 super

463 4697 657 4736 omnes
686 4682 1025 4751 appellatur:
1081 4692 1458 4738 verumtamen
1509 4681 1702 4751 judicii
1763 4691 2029 4751 tempore,

406 4814 410 4816 γ
464 4789 803 4844 nequaquam
840 4774 948 4843 jam
982 4775 1057 4829 ita
1087 4777 1343 4845 appellari
1373 4777 1508 4842 vult,
1538 4775 1631 4830 sed
1660 4775 1862 4843 justus,
1897 4782 2031 4829 teste

463 4866 633 4920 David
656 4866 749 4935 qui
779 4864 934 4930 dicit,
971 4866 1109 4921 Deus
1145 4868 1311 4936 judea:
1342 4869 1541 4937 justus,
1568 4868 1718 4939 fortis
1765 4877 1813 4921 et
1842 4868 2029 4939 longa-

462 4958 622 5013 nimis
642 4958 684 5012 ⁸.
715 4958 825 5011 Nec
855 4958 1071 5026 quidem
1102 4961 1342 5029 potentis
1378 4967 1594 5030 oportet
1628 4960 1881 5015 admirari
1914 4977 2032 5031 per-

463 5065 651 5105 sonam
681 5051 733 5104 in
767 5049 992 5120 judicio,
1053 5052 1179 5120 quia
1222 5052 1332 5106 Deo
1368 5053 1549 5107 nullus
1581 5061 1665 5107 est
1723 5054 2028 5121 potentior:

462 5144 635 5213 ipsius
666 5152 849 5198 autem
878 5154 960 5198 est
982 5144 1269 5213 judicium,
1293 5145 1412 5215 ipse
1442 5146 1589 5200 enim
1610 5147 2035 5215 nobisjudican-

464 5236 632 5297 (ibus,
662 5237 941 5290 causantis
970 5252 1257 5306 personam
1280 5238 1528 5306 suscipit.
1561 5237 1729 5306 Cujus
1769 5240 1844 5292 rei
1876 5241 2033 5294 testis

466 5341 546 5383 rst
575 5331 716 5385 idem
744 5330 950 5401 Moyses
982 5329 1038 5383 in
1077 5330 1498 5384 Deuteronomio
1537 5331 1608 5384 ita
1640 5331 1860 5386 dicens:
1914 5333 2034 5386 Non

464 5419 705 5485 respicies
744 5433 1019 5486 personam
1062 5419 1118 5471 in
1141 5418 1345 5487 judicio
1365 5435 1384 5483 ;
1413 5419 1697 5472 secundum
1737 5437 1956 5489 parvum
1986 5432 2034 5474 et

464 5510 717 5564 minorem
732 5512 1020 5582 judicabis.
1053 5511 1177 5566 Non
1204 5513 1497 5583 distinguas
1539 5530 1817 5583 personam
1864 5516 2034 5569 homi—

534 5705 581 5775 ξ’
608 5703 715 5775 lsa.
739 5722 868 5775 xui,
898 5713 983 5766 18.

464 5775 486 5806 .
517 5706 715 5806 ἐῖοξῗέθ
739 5722 868 5806 ’ξυέθ
898 5713 997 5806 “in
1025 5715 1252 5806 ..ἐ-της
1277 5706 1361 5806 "Lb
1384 5721 1449 5806 9-.
1471 5788 1508 5806 η
1554 5721 1616 5806 ¹.¹
1643 5719 1774 5806 (ῖοε-
1799 5720 2039 5806 "tv-.50:

515 5772 717 5828 Psalm.
745 5794 799 5845 χ,
829 5772 880 5833 8.

957 5785 997 5815 "
1024 5781 1180 5838 Rom.
1217 5803 1276 5854 ll,
1305 5781 1354 5844 1.
1431 5788 1611 5845 7Psal.
1643 5808 1697 5857 v,
1729 5791 1785 5844 7.

1862 5791 1883 5823 ⁸
1918 5790 2118 5845 Psalm.
2148 5807 2261 5861 xiv,
2286 5790 2377 5846 9.4.

2138 4595 2270 4665 legis
2311 4595 2626 4649 mandatum
2657 4597 2864 4659 volens,
2900 4598 3139 4652 addidit:
3173 4598 3231 4652 Si
3258 4608 3436 4652 autem
3466 4617 3721 4670 personas

2138 4684 2392 4751 accipitis,
2416 4694 2685 4754 peccatum
2725 4687 3035 4764 operamini,
3059 4689 3148 4741 sed
3176 4690 3354 4758 arguti
3383 4707 3415 4743 α
3445 4690 3572 4759 lege,
3599 4702 3725 4746 tan-

2139 4794 2300 4847 quam
2332 4780 2818 4847 transgressores”.
2851 4779 2992 4849 Ergo
3018 4781 3167 4849 juste
3190 4783 3440 4851 judicare
3470 4785 3723 4854 proximo

2110 4865 2424 4957 .debemus,
2455 4876 2511 4919 et
2552 4883 2661 4920 non
2694 4881 2855 4919 unam
2904 4869 3264 4938 eamdemque
3309 4872 3609 4937 actionem,
3664 4873 3723 4926 in

2139 4958 2308 5012 divite
2329 4959 2545 5028 quidem
2570 4960 2752 5015 dicere
2770 4962 3002 5017 bonam:
3031 4961 3087 5014 in
3110 4978 3351 5031 paupere
3378 4973 3565 5017 autem
3600 4979 3722 5018 ma-

2140 5050 2269 5115 lam,
2304 5060 2360 5105 et
2389 5052 2538 5105 hunc
2562 5067 2815 5120 arguere,
2847 5052 3000 5106 illum
3027 5044 3209 5107 autem
3256 5057 3443 5110 sinere
3483 5072 3722 5125 peccan-

2142 5149 2273 5197 tem.
2309 5143 2416 5197 Sed
2449 5160 2551 5199 ncc
2607 5146 2795 5200 dolose
2830 5147 2881 5200 in
2906 5148 3128 5216 propria
3166 5160 3345 5218 gente,
3403 5151 3456 5205 id
3513 5162 3614 5217 est,
3665 5152 3722 5204 in

2141 5237 2345 5305 populo
2379 5237 2659 5291 ambulare
2694 5238 2976 5303 debemus,
3028 5256 3129 5295 nec
3177 5257 3377 5296 vexare
3428 5243 3721 5312 populares

2142 5329 2288 5383 viros
2313 5330 2414 5384 sub
2444 5334 2628 5399 specie
2662 5332 2898 5400 pietatis,
2950 5348 3129 5401 neque
3155 5343 3345 5389 contra
3398 5337 3717 5406 sanguinem

2143 5420 2377 5490 proximi
2404 5421 2728 5486 consistere,
2775 5422 2827 5477 id
2871 5432 2975 5485 est,
3020 5440 3129 5477 non
3183 5425 3381 5479 sociari
3413 5428 3494 5480 eis
3521 5428 3610 5497 qui
3662 5431 3716 5480 in

2138 5515 2350 5571 animas
2378 5513 2608 5567 fratrum
2642 5522 2895 5584 peccant,
2929 5525 2984 5570 et
3016 5518 3285 5572 malorum
3310 5521 3619 5574 sentcntiae.
3646 5519 3719 5573 Et

2120 5721 2139 5751 ³
2166 5719 2326 5773 Prov.
2364 5739 2489 5786 xxx,
2528 5723 2581 5776 8.
2660 5722 2680 5753 ⁸
2710 5722 2853 5775 Psal.
2914 5738 3005 5783 cn,
3036 5720 3088 5773 8.

2148 5807 2261 5847 xiv.
2286 5790 2377 5846 9.4.
2454 5796 2475 5825 '
2510 5792 2654 5847 Psal.
2686 5809 2756 5847 ω.
2800 5794 2854 5847 4.
2937 5794 2980 5825 ¹⁰
3001 5790 3088 5847 Jac

2554 5809 2654 5847 sai.
2686 5809 2756 5857 ιι,
2800 5809 2854 5847 ιι.

3197 5721 3217 5750 ⁵
3250 5722 3408 5775 Deut.
3462 5739 3570 5783 xvi,
3627 5722 3712 5775 l9.

2937 5794 2980 5825 ¹⁰
3001 5790 3117 5850 Jac.
3144 5808 3201 5861 ιι,
3232 5792 3343 5845 2-4.
3428 5796 3469 5825 ιι
3500 5794 3711 5849 ibid.9.
