3962 6220
282 352 433 424 1029

1424 362 1507 423 IN
1548 362 1984 424 LEVITH‘UM.
2023 384 2091 394 —
2129 366 2275 424 LIB.
2314 368 2410 429 VI.

3419 365 3439 429 l
3455 368 3553 432 930

272 488 416 526 cum
443 472 625 527 omnis
651 472 874 542 quidem
918 471 1304 528 mandatorum
1354 474 1565 541 justitia
1621 475 1871 529 conside-
1901 485 1943 537 Α
1974 490 2065 528 ne.
2101 475 2318 530 Vestem
2358 494 2479 547 qua:
2509 494 2574 533 ex
2614 481 2824 537 duobus
2863 492 3005 539 texta
3056 493 3142 539 est
3200 500 3308 540 non
3353 486 3549 543 indue-

280 565 465 619 randa
492 565 586 632 sit,
622 564 769 619 illam
813 576 998 621 tamen
1058 562 1417 620 subtilitatem
1450 581 1561 635 prce
1616 569 1871 622 omnibus

281 658 536 722 intende,
561 657 750 711 dicens
777 659 958 711 enim:

367 746 525 800 Vens.
568 748 651 800 l7.
690 766 707 797 ι
746 749 821 803 Ne
854 748 1036 804 oderis
1065 749 1288 806 fratrem
1330 760 1521 815 tuum,
1559 750 1785 815 addidit,
1817 749 1872 803 in

282 841 459 894 corde
501 850 613 893 tuo.
666 861 684 890 ι

364 932 502 999 Quia
533 932 856 1002 frequenter
886 935 941 988 in
980 935 1233 1005 personis
1270 936 1642 1006 peccantium,
1681 950 1870 1004 perso-

283 1041 421 1080 nam
445 1026 569 1082 odio
604 1041 699 1082 eos
729 1027 1047 1081 habentium
1079 1028 1233 1083 indui
1268 1028 1670 1098 compellimur.
1714 1026 1873 1081 Unde

289 1120 495 1176 Paulus
514 1120 1098 1177 Thessalonicensibus
1128 1123 1517 1194 praecipiebat:
1552 1122 1610 1177 Si
1635 1124 1753 1193 quis
1773 1139 1873 1176 nou

288 1212 468 1264 obedit
495 1211 648 1264 verbo
677 1221 870 1277 nostro,
897 1229 989 1282 per
1013 1212 1290 1281 epistolam
1318 1215 1455 1266 hunc
1481 1222 1680 1277 notate,
1711 1223 1876 1266 etnon

287 1305 744 1358 commisceamini
801 1321 919 1358 cum
976 1305 1090 1371 illo,
1155 1317 1212 1358 ut
1271 1307 1708 1377 confundatur“.
1762 1305 1877 1359 Hoc

285 1403 476 1449 autem
502 1395 632 1448 dum
665 1397 744 1457 ﬁt,
773 1396 885 1451 odii
918 1396 1123 1466 praebet
1171 1397 1675 1467 praesumptionem.
1731 1396 1878 1463 Quo-

287 1502 415 1540 rum
439 1487 584 1545 enim
620 1487 875 1553 aliorum,
922 1489 1027 1542 nisi
1057 1488 1360 1543 odientium
1387 1497 1441 1543 et
1467 1489 1872 1544 adversantium

288 1589 411 1632 est:
447 1577 567 1631 Non
593 1580 982 1633 commisceris?
1025 1581 1131 1634 Sed
1169 1580 1311 1635 hanc
1336 1581 1735 1635 aversationem
1769 1597 1875 1635 non

288 1670 555 1739 praecepit
577 1670 631 1723 in
657 1670 820 1725 corde
866 1670 1006 1736 ﬁeri,
1040 1672 1118 1725 ait
1151 1671 1323 1724 enim:
1367 1669 1488 1724 Non
1532 1674 1875 1726 commiscea-

293 1762 428 1813 mini
469 1762 536 1825 ei,
580 1773 638 1814 ut
690 1763 1068 1831 confundatur,
1133 1771 1183 1817 et
1230 1762 1530 1817 erubescens
1579 1765 1875 1818 omnimodo

1974 566 2066 621 ris.
2116 586 2134 617 ι

2045 656 2170 711 llaec
2222 659 2622 726 quodammodo
2681 664 2749 716 ad
2811 666 3047 718 litteram
3118 667 3372 724 videntur
3429 687 3552 727 esse

1974 747 2225 813 ridicula,
2269 750 2415 804 unde
2444 766 2549 806 nec
2579 752 2650 807 ita
2681 767 2745 809 ea
2774 758 3031 811 custodiri
3076 775 3108 813 a
3163 763 3447 832 prophetis
3498 773 3554 820 et

1974 840 2312 910 spiritalibus
2356 843 2688 911 invenimus,
2740 850 3195 916 quemadmodum
3241 856 3552 914 Iudaeorum

1976 930 2071 987 ﬁlii
2097 933 2312 989 inﬁrme
2354 936 2787 1008 imperfecteque
2812 941 3081 1010 viventes,
3114 946 3204 1015 qui
3231 949 3313 1003 lac
3343 960 3550 1015 amant,

1976 1027 2032 1073 et
2064 1020 2297 1075 solidum
2323 1023 2508 1078 cibum
2548 1039 2659 1078 non
2702 1026 2944 1095 capiunt.
2990 1030 3122 1084 Nam
3151 1034 3372 1091 intende
3421 1040 3553 1107 quid

1976 1112 2044 1166 ad
2094 1111 2268 1169 Sadoc
2305 1116 2665 1181 sacerdotem,
2713 1127 2771 1172 et
2804 1119 3012 1174 Nathan
3040 1126 3380 1193 prophetam,
3409 1139 3463 1184 et
3485 1131 3553 1184 ad

1977 1201 2231 1257 Banaiam
2266 1205 2510 1260 dicebat:
2558 1205 2746 1261 Ponite
2770 1208 2941 1276 ﬁlium
2992 1228 3165 1267 meum
3221 1214 3555 1273 Salamonem

1976 1293 2032 1347 in
2059 1292 2263 1347 mulam
2289 1296 2546 1350 meam".
2600 1295 2800 1352 Diceris
2829 1299 2999 1360 enim.
3064 1318 3256 1369 nteant,
3318 1309 3557 1363 ostendit

1978 1385 2106 1454 quia
2142 1394 2197 1439 et
2224 1386 2343 1456 ipse
2372 1387 2426 1441 in
2457 1388 2665 1443 mulum
2699 1391 2943 1446 sedebat.
2977 1391 3035 1447 Si
3081 1403 3263 1450 autem
3307 1398 3556 1466 jumenta

1978 1480 2322 1535 commisceri
2359 1482 2587 1537 alterius
2638 1485 2856 1553 generis
2905 1487 3294 1557 animantibus,
3350 1493 3403 1548 id
3449 1504 3552 1560 est,

1978 1568 2191 1622 asinum
2227 1585 2370 1639 equo
2415 1572 2761 1627 commisceri
2799 1574 2884 1629 lex
2937 1579 3133 1643 vetuit,
3165 1588 3221 1632 et
3271 1582 3558 1637 abomina~

1978 1657 2086 1712 bile
2118 1658 2224 1713 hoc
2254 1667 2393 1727 erat,
2440 1663 2729 1731 oportebat
2776 1673 2830 1718 et
2871 1680 2934 1719 ea
2969 1682 3088 1735 qua:
3132 1668 3355 1735 ﬁebant,
3408 1680 3464 1726 et
3491 1689 3557 1728 ea

1978 1760 2100 1813 quae
2150 1751 2520 1806 nascebantur
2547 1768 2614 1807 ex
2644 1754 2744 1820 eis,
2783 1757 2972 1824 procul
3022 1757 3188 1811 dubio
3229 1760 3553 1819 abominari.

291 1854 620 1906 emendetur.
678 1853 780 1919 Qui
845 1863 1030 1908 autem
1083 1856 1412 1909 emendabat
1451 1871 1575 1910 eum
1632 1857 1717 1910 cui
1764 1872 1876 1911 non
1906 1832 1950 1888 Β
1981 1836 2090 1891 Sed
2120 1839 2244 1892 etsi
2277 1840 2666 1896 vestimentum
2700 1858 2768 1897 ex
2831 1844 3049 1899 duobus
3098 1846 3216 1900 ﬁeri
3263 1863 3373 1903 non
3418 1854 3554 1917 vult,

291 1945 777 2011 commiscehatur,
810 1946 1129 2000 nullatenus
1150 1962 1275 2000 eum
1304 1947 1457 2002 odire
1497 1947 1753 2003 in'corde
1777 1964 1877 2003 suo

292 2045 531 2107 poterat,
568 2037 713 2107 quod
753 2038 1085 2092 conﬁrmans
1132 2038 1296 2092 etiam
1353 2041 1455 2095 hoc
1503 2040 1756 2094 addidit:
1806 2044 1876 2093 Et

294 2127 459 2181 nolite
484 2128 638 2197 quasi
667 2128 942 2182 inimicum
972 2128 1275 2181 existimare
1305 2128 1475 2195 illum,
1510 2131 1602 2184 sed
1633 2132 1878 2200 corripite

293 2230 354 2273 ut
378 2221 684 2289 fratrem".
715 2219 947 2275 Omnem
998 2231 1181 2277 autem
1209 2222 1476 2292 justitiam
1524 2225 1770 2293 explens,
1822 2232 1878 2279 et

296 2326 396 2381 per
457 2311 696 2380 singulas
754 2313 968 2381 species
1034 2314 1160 2368 vita:
1225 2314 1629 2383 quodammodo
1702 2316 1875 2386 legem

296 2417 529 2471 ponens,
562 2403 1038 2458 conﬁrmationem
1086 2405 1378 2470 mandatis,
1427 2421 1591 2474 quam
1638 2417 1873 2476 oportet,

295 2493 548 2563 apponit,
612 2509 775 2563 quam
837 2494 881 2548 si
951 2495 1403 2558 custodierimus,
1457 2512 1619 2551 nemo
1675 2499 1878 2553 nostris

297 2597 500 2636 nocere
556 2583 783 2649 divitiis,
838 2599 1002 2639 nemo
1052 2594 1301 2641 nostrum
1349 2587 1666 2644 thesaurum
1711 2591 1878 2647 furari

295 2683 499 2745 potest.
531 2675 629 2730 Est
649 2686 833 2731 autem
860 2679 1202 2734 conﬁrmatio
1229 2680 1379 2737 haec:

371 2766 439 2820 Et
467 2767 652 2839 diliges
696 2771 947 2836 amicum,
998 2773 1133 2838 sive,
1169 2781 1229 2826 ut
1272 2774 1647 2846 Septuaginta,
1695 2781 1876 2847 proxi-

298 2877 442 2913 mum
473 2869 620 2914 tuum
667 2863 801 2916 sicut
839 2864 1084 2931 teipsum.
1119 2864 1337 2920 llabens
1368 2867 1423 2920 in
1454 2869 1670 2924 modico
1712 2879 1878 2926 totam

297 2951 496 3021 legem,
534 2960 591 3006 et
633 2968 729 3021 per
777 2969 947 3007 unum
983 2955 1080 3009 tibi
1137 2955 1242 3010 hoc
1298 2958 1637 3023 mandatum,
1695 2962 1878 3016 omnia

298 3044 579 3097 custodire
622 3043 785 3098 facile
831 3055 932 3100 est.
985 3045 1237 3101 Charitas
1293 3049 1463 3114 enim,
1523 3051 1599 3104 ait
1654 3050 1877 3119 Paulus,

300 3135 539 3201 proximo
592 3135 790 3188 malum
839 3153 941 3189 non
996 3148 1267 3208 operatur.
1329 3139 1612 3194 Plenitudo
1644 3159 1765 3214 ergo
1798 3146 1869 3198 le-
1902 3167 1948 3224 ε

298 3227 379 3296 gis
410 3225 641 3279 citaritas
667 3236 742 3279 est
761 3227 824 3281 ιδ.
851 3226 956 3282 Sed
979 3238 1268 3283 etomnem
1297 3231 1462 3285 vitam
1489 3241 1727 3287 nostram
1752 3249 1873 3289 esse

299 3320 354 3372 in
387 3319 545 3374 bonis
570 3318 718 3374 facit.
747 3314 801 3374 Si
836 3321 981 3376 enim
1011 3323 1179 3394 diligo
1207 3325 1515 3394 proximum
1544 3326 1684 3380 sicut
1706 3329 1876 3399 meip—

299 3426 443 3477 sum,
477 3420 532 3465 et
562 3412 786 3467 forsitan
836 3413 975 3468 ﬁlios
1007 3430 1116 3469 non
1175 3417 1439 3483 habuero,
1485 3427 1580 3472 aut
1635 3419 1872 3487 divitias,

300 3511 394 3557 aut
431 3504 706 3570 decorem,
749 3514 844 3559 aut
885 3507 1076 3560 mundi
1131 3508 1380 3577 gloriam,
1412 3518 1508 3564 aut
1553 3512 1870 3580 potentiam,

299 3595 463 3651 video
479 3607 662 3675 autem
684 3598 996 3667 proximum
1020 3600 1334 3665 habentem,
1349 3602 1579 3670 gaudeo,
1599 3611 1654 3655 et
1673 3603 1875 3656 nihilo-

301 3688 482 3742 minus
532 3698 786 3757 tanquam
846 3704 947 3758 ego
998 3689 1115 3742 hmc
1150 3688 1401 3751 habeam,
1449 3691 1605 3743 lmtor
1633 3706 1763 3760 ego:
1820 3692 1875 3745 in

301 3783 393 3837 illo
420 3783 640 3837 enimet
668 3798 769 3852 ego
808 3782 1006 3836 habeo.
1040 3780 1280 3848 ldipsum
1324 3789 1507 3835 autem
1538 3791 1593 3835 et
1626 3782 1680 3834 in
1714 3781 1876 3850 spiri-

302 3876 522 3938 talibus,
565 3875 619 3927 in
662 3874 864 3943 quibus
913 3872 1148 3925 maxime
1180 3885 1301 3925 eam
1332 3887 1453 3941 qua:
1498 3872 1564 3926 ad
1603 3874 1877 3941 proximos

300 3967 541 4036 pertinet
602 3965 955 4019 dilectionem
1006 3961 1284 4016 custodire
1333 3962 1617 4028 debemus,
1670 3970 1725 4015 et
1765 3976 1876 4015 non

299 4060 546 4115 invidere
571 4057 928 4128 cperantibus
946 4054 1234 4126 justitiam,
1254 4069 1359 4108 nec
1400 4054 1640 4108 morderi
1660 4055 1877 4123 quando

299 4152 389 4205 alii
424 4152 723 4206 secundum
766 4148 1050 4204 Christum
1108 4145 1498 4216 gloriﬁcantur,
1555 4137 1774 4215 quando
1821 4145 1874 4198 in

298 4248 469 4302 verbo
525 4242 791 4300 doctrina:
852 4240 1275 4309 locupletantur,
1324 4238 1545 4307 quando
1597 4238 1878 4292 abundant

297 4340 499 4395 divinis
533 4337 713 4392 donis.
754 4334 862 4389 Sed
891 4331 1187 4387 imitandus
1232 4340 1316 4385 est
1357 4329 1631 4395 Christus,
1661 4330 1755 4401 qui
1821 4332 1875 4385 in

299 4443 512 4488 tantum
542 4445 645 4485 nos
694 4428 904 4491 dilexit,
939 4433 1000 4480 ut
1033 4423 1297 4494 apostolis
1345 4423 1551 4492 majora
1609 4424 1761 4493 signa
1790 4423 1875 4477 fa-

1979 1926 2253 1994 quomodo
2283 1928 2502 1997 sapiens
2531 1929 2624 1984 ille
2658 1930 2727 1984 de
2747 1929 2872 1985 forti
2899 1932 3125 1987 muliere
3158 1935 3275 1990 haec
3330 1937 3387 1991 in
3420 1939 3557 1993 Pro-

1979 2018 2160 2072 verbis
2183 2019 2342 2075 dicit:
2371 2018 2579 2074 Invenit
2613 2021 2795 2075 lauant
2840 2032 2888 2076 et
2911 2023 3098 2089 linum,
3147 2039 3197 2078 et
3240 2039 3456 2094 operata
3483 2041 3558 2084 est

1979 2108 2110 2162 utile
2134 2110 2378 2165 manibus
2427 2113 2558 2178 suis,
2596 2122 2651 2167 et
2682 2129 2909 2169 rursus:
2941 2116 3028 2170 Ea:
3066 2118 3216 2186 bysso
3245 2130 3295 2172 et
3319 2137 3555 2191 purpura

1978 2198 2080 2251 sibi
2098 2199 2404 2255 uestimenta
2426 2202 2506 2255 ‘3?
2536 2200 2648 2258 Nec
2682 2203 2829 2257 enim
2867 2205 3018 2259 utilia
3054 2217 3184 2261 sunt
3210 2212 3553 2279 vestimenta,

1980 2290 2186 2345 bonum
2219 2303 2401 2346 autem
2454 2293 2836 2349 indumentum
2899 2298 3041 2366 ejus,
3087 2298 3201 2353 sive
3244 2301 3377 2356 utile
3423 2305 3558 2360 dixit

1981 2396 2103 2437 esse
2130 2383 2538 2449 vestimentum,
2573 2401 2742 2439 unum
2774 2386 2996 2454 quidem
3051 2388 3118 2442 de
3145 2389 3268 2444 lana
3315 2401 3370 2446 et
3422 2393 3553 2458 lino,

1982 2473 2131 2527 aliud
2192 2483 2373 2529 autem
2426 2490 2618 2530 rursus
2645 2492 2713 2530 ex
2767 2477 2930 2548 bysso
2980 2487 3036 2532 et
3071 2494 3313 2550 purpura
3361 2486 3555 2540 conﬁci

1982 2567 2374 2637 intelligamus.
2439 2568 2547 2622 Sed
2602 2569 2734 2638 quid
2791 2571 2895 2625 hoc
2953 2571 3058 2637 sit,
3121 2571 3320 2629 Paulus
3371 2589 3556 2646 aperte

1981 2656 2286 2711 Corinthiis
2325 2657 2552 2712 scribit:
2583 2657 2704 2711 Non
2730 2660 2945 2726 potestis
2975 2660 3191 2715 calicem
3221 2662 3434 2717 Domini
3475 2665 3558 2718 bi-

1981 2748 2115 2811 bere,
2166 2758 2213 2801 et
2250 2749 2468 2801 calicem
2507 2749 2912 2803 dcemoniorum.
2950 2750 3070 2804 Non
3110 2756 3323 2821 potestis
3367 2773 3558 2813 mense

1982 2840 2078 2893 Dei
2104 2841 2437 2909 participari,
2462 2850 2510 2893 et
2540 2856 2733 2894 mensae
2762 2844 3144 2897 dwmoniorum
3166 2846 3230 2911 ‘°;
3253 2856 3307 2900 et
3334 2865 3553 2904 rursus:

1983 2928 2085 2993 Qui
2112 2931 2167 2983 in
2196 2930 2305 3000 lege
2320 2931 2718 2999 justiﬁcamini,
2752 2949 2783 2985 a
2808 2934 2985 3003 gratia
3006 2936 3352 2991 excidistis".
3371 2939 3559 3009 Neque

1983 3022 2130 3076 enim
2151 3020 2393 3076 Judaicis
2423 3023 2858 3091 seductionibus,
2913 3041 3016 3081 nec
3058 3030 3231 3083 errori
3276 3034 3560 3101 gentilium

1984 3124 2200 3183 oportet
2225 3113 2410 3168 ﬁdeles
2439 3116 2800 3172 commisceri.
2857 3116 3112 3174 Jumenta
3153 3138 3303 3192 ergo,
3364 3125 3418 3180 id
3454 3137 3559 3193 est,

1983 3206 2273 3274 populares
2309 3207 2581 3274 homines,
2604 3223 2713 3262 non
2738 3211 3118 3277 permittamus
3143 3214 3368 3269 alterius
3395 3232 3563 3286 gene-

1984 3302 2060 3357 ris
2085 3302 2476 3369 animantibus,
2532 3304 2895 3371 commisceri,
2947 3306 3003 3361 id
3058 3315 3161 3373 est,
3193 3324 3303 3364 non
3366 3312 3563 3365 sectari
3649 3328 3661 3341 ο

1984 3396 2484 3464 circumcisionem,
2528 3406 2583 3452 et
2630 3398 2919 3468 baptisma.
2973 3401 3214 3455 Alterius
3259 3401 3403 3456 enim
3447 3402 3563 3472 jugi

1984 3490 2352 3555 circumcisio,
2390 3491 2570 3562 gravis
2603 3504 2658 3546 et
2707 3493 3091 3562 importabilis,
3157 3494 3225 3548 de
3275 3509 3383 3563 quo
3426 3495 3562 3549 dixit

1986 3583 2214 3639 Petrus:
2257 3582 2395 3648 Quid
2433 3586 2649 3639 tentatis
2683 3585 2870 3651 Deum,
2909 3588 3335 3655 superimponere
3373 3586 3561 3655 jugum

1984 3679 2038 3729 in
2070 3677 2353 3731 cervicibus
2379 3677 2777 3746 discipulorum,
2796 3678 2933 3746 quod
2959 3694 3051 3730 nec
3073 3686 3248 3745 patres
3271 3679 3436 3730 nostri
3467 3692 3562 3730 nec

1988 3782 2080 3819 nos
2110 3776 2324 3834 portare
2344 3769 2611 3832 potuimus
2630 3767 2672 3797 "
2695 3766 2967 3820 ?Alterius
2986 3775 3069 3821 est
3090 3775 3271 3818 autem
3292 3766 3561 3834 baptisma

1987 3856 2212 3921 Christi,
2242 3866 2297 3910 et
2319 3856 2453 3910 levis
2476 3856 2620 3925 jugi:
2652 3856 2797 3925 quod
2822 3855 2981 3909 nobis
3003 3855 3257 3910 Christus
3282 3855 3559 3924 imposuit,

1986 3950 2067 4004 sic
2091 3950 2308 4004 dicens:
2343 3948 2528 4002 Tollite
2549 3950 2741 4019 jugum
2770 3965 2963 4001 meum.
3014 3949 3083 4002 Et
3118 3962 3334 4003 rursus:
3366 3947 3562 4018 Iugum

1986 4043 2124 4097 enim
2152 4057 2322 4096 meum
2355 4058 2516 4095 suave
2539 4050 2633 4108 est,
2659 4050 2707 4095 et
2761 4057 2892 4094 onus
2921 4056 3094 4094 meum
3129 4041 3238 4094 leue
3258 4049 3331 4094 est
3351 4042 3415 4095 ".
3454 4039 3563 4095 Sed

1986 4149 2091 4188 nec
2123 4133 2363 4199 vineam,
2383 4132 2500 4186 sive
2528 4147 2716 4202 agrum
2753 4131 3021 4186 creditum
3062 4131 3238 4195 nobis,
3275 4131 3426 4185 vario
3475 4144 3564 4185 se-

1987 4241 2108 4281 rere
2137 4225 2401 4279 debemus
2423 4224 2655 4289 semine,
2686 4233 2745 4278 ut
2767 4239 2878 4277 non
2909 4223 3182 4277 contraria
3237 4221 3437 4277 divinis
3462 4221 3560 4275 do-

1988 4318 2186 4374 ctrinis
2219 4316 2514 4371 Ecclesium
2537 4316 2853 4381 doceamus,
2908 4314 3366 4385 quemadmodum
3398 4327 3561 4382 prava

1984 4413 2259 4482 sapientes
2288 4410 2552 4475 haeretici,
2588 4408 2810 4463 Christo
2860 4407 3083 4476 nuptias
3106 4422 3203 4476 per
3234 4421 3387 4459 suam
3419 4420 3558 4474 pra:-

299 4526 500 4587 (Ὄνεια,
532 4537 694 4592 quam
732 4521 847 4589 ipse
880 4516 1029 4580 fecit,
1065 4515 1414 4569 concederet,
1450 4513 1603 4569 unde
1650 4522 1705 4568 ει
1728 4529 1877 4569 nunc
1911 4521 1956 4575 υ
1983 4504 2214 4559 sentiam
2261 4501 2641 4564 benedicente,
2675 4508 2838 4568 atque
2888 4499 3142 4592 dicente:
3191 4498 3312 4551 Non
3344 4514 3416 4592 ea
3446 4510 3562 4565 qua:

301 4618 523 4671 dicens:
558 4614 756 4684 Diliges
778 4612 1009 4664 amicum
1037 4618 1205 4675 tuum,
1243 4609 1352 4663 sive
1381 4609 1679 4676 proximum
1728 4616 1876 4661 tuum

301 4712 433 4764 sicut
452 4708 694 4776 teipsum,
715 4704 922 4759 addidit
945 4719 958 4755 :
982 4702 1097 4773 Ego
1129 4702 1382 4756 Dominus
1407 4718 1424 4755 :
1449 4702 1582 4772 leges
1618 4718 1761 4755 meas
1787 4718 1877 4756 cu-

301 4801 509 4855 stodite.
543 4796 774 4863 Quando
804 4809 934 4849 vero
970 4808 1072 4848 nos
1120 4792 1267 4847 Deus
1324 4792 1595 4856 dilexerit,
1640 4791 1756 4860 ipso
1790 4790 1875 4845 di-

299 4902 458 4949 cente
480 4903 772 4962 cognosce,
807 4887 883 4941 ait
921 4887 1065 4940 enim
1093 4904 1107 4938 :
1139 4883 1408 4951 Major-em
1437 4884 1536 4936 hac
1562 4884 1877 4964 suavitates

299 5003 448 5040 nemo
478 4985 653 5045 habet,
687 4998 847 5052 quam
873 4992 928 5033 ut
950 4980 1188 5033 animam
1221 4994 1376 5032 suam
1416 4979 1531 5048 quis
1576 4986 1737 5045 ponat
1785 4994 1880 5043 pro

301 5078 483 5129 amicis
504 5075 695 5129 suis”.
728 5073 883 5128 Unde
907 5078 961 5125 et
987 5070 1158 5139 legem
1192 5083 1344 5123 suam
1377 5068 1707 5137 praecipuam
1758 5083 1887 5133 esse

301 5166 611 5220 dilectionis
641 5163 959 5218 mandatum
1005 5159 1177 5214 dixit:
1221 5159 1326 5213 hoc
1355 5159 1444 5211 hic
1482 5156 1688 5211 addens
1734 5157 1878 5226 quod

301 5257 356 5310 in
388 5257 510 5310 aliis
538 5254 812 5309 mandatis
841 5267 952 5305 non
986 5249 1232 5319 reperies
1261 5247 1556 5316 adjectum.

370 5349 536 5404 Vens.
575 5348 660 5403 l9.
700 5365 719 5397 ι
762 5344 1017 5400 Jumenta
1046 5357 1157 5396 non
1196 5350 1285 5395 tua
1330 5339 1498 5393 facies
1536 5338 1875 5393 commisceri

300 5457 425 5498 cum
451 5440 674 5495 alterius
696 5436 910 5509 generis
949 5431 1341 5488 animantibus.
1389 5431 1613 5499 Agrum,
1641 5429 1776 5491 sive,
1817 5434 1877 5479 ut

301 5533 676 5606 Septuaginta,
708 5531 923 5586 vineam
955 5536 1101 5582 tuam
1129 5540 1241 5580 non
1267 5538 1418 5578 seres
1443 5521 1659 5575 diverso
1706 5522 1875 5574 semi-

368 5671 410 5702 ¹²
441 5670 482 5725 ll
505 5669 700 5724 Thess.
732 5685 810 5729 ιιι,
850 5666 933 5718 14.
1013 5665 1204 5720 "ibid.
1230 5664 1314 5719 15.

299 5746 341 5778 ’⁸
358 5743 523 5799 Prov.
557 5756 704 5803 xxxi,
734 5740 820 5792 l3.
926 5737 969 5768 ¹⁹
1001 5734 1019 5790 i
1049 5735 1176 5790 Cor.
1208 5752 1262 5803 Χ,
1294 5732 1385 5786 20.

298 5817 364 5870 15
388 5826 445 5870 ct
463 5828 623 5886 seqq.
695 5814 736 5842 ³³
768 5807 927 5864 Joan.
958 5808 1160 5874 “1,21.

1396 5663 1438 5693 ”
1459 5660 1613 5714 Rom.
1636 5674 1753 5722 xui,
1784 5658 1870 5711 l0.

1496 5731 1540 5762 ὀ
1573 5726 1691 5784 Cal.
1725 5745 1776 5795 ν,
1809 5732 1860 5782 τι.

1947 5654 1995 5687 ¹⁸
2021 5653 2177 5708 Joan.
2201 5669 2311 5717 xiv,
2346 5651 2432 5705 12.
2485 5650 2529 5680 “‘
2554 5646 2712 5701 Joan.
2755 5661 2844 5705 xv,
2879 5642 2962 5717 li.

1987 4595 2353 4664 ingrediuntur
2384 4601 2565 4646 nocent
2596 4592 2855 4645 hominem
2888 4590 3213 4659 prohibentes
3262 4589 3472 4650 nubere,
3510 4595 3559 4639 et

1985 4684 2344 4753 prtecipientes
2374 4682 2623 4735 abstineri
2658 4698 2690 4734 a
2721 4681 2846 4733 cibis
2896 4694 3012 4748 qua:
3053 4677 3193 4732 Deus
3219 4677 3411 4730 creavit
3463 4676 3555 4736 eis.

1986 4778 2190 4830 sibimet
2215 4777 2511 4843 impietates
2532 4783 2838 4844 prteparant
2858 4772 3153 4827 mortem”.
3174 4770 3231 4824 in
3247 4770 3443 4839 quibus
3463 4783 3559 4823 nc-

1986 4867 2221 4922 cessarie
2252 4866 2551 4920 secundum
2584 4863 2937 4933 Septuaginta
2969 4861 3211 4915 subdidit
3243 4878 3256 4913 :
3300 4859 3410 4928 Ego
3441 4873 3556 4910 sum

1982 4959 2242 5013 Dominus
2277 4959 2413 5013 Deus
2439 4968 2627 5019 vester,
2664 4956 2732 5010 ab
2763 4954 2914 5009 omni
2937 4969 3034 5007 vos
3081 4950 3390 5022 hujusmodi
3427 4962 3557 5002 con-

1985 5051 2222 5105 tinentes
2251 5064 2372 5104 esse
2403 5047 2610 5103 malitia
2659 5045 2909 5117 cupiens,
2956 5052 3012 5098 et
3050 5042 3141 5113 qui
3169 5053 3276 5110 .per
3311 5038 3555 5104 Evange-

1981 5145 2110 5198 lium
2143 5143 2254 5197 dixi
2305 5143 2370 5196 ad
2425 5156 2518 5196 eos
2575 5139 2668 5208 qui
2721 5138 2861 5192 male
2913 5137 3110 5207 legem,
3170 5139 3224 5184 et
3280 5128 3345 5182 ad
3399 5139 3551 5179 suam

1980 5236 2316 5288 voluntatem
2366 5231 2675 5300 accipiunt:
2733 5227 2914 5281 Nolite
2968 5225 3215 5295 judicare
3269 5216 3551 5270 secundum

1980 5328 2189 5399 faciem,
2215 5327 2305 5379 scd
2315 5325 2523 5394 justum
2541 5322 2808 5393 judicium
2829 5313 3148 5387 judicate“.

2052 5417 2156 5471 Nec
2184 5417 2352 5470 oderis
2383 5416 2599 5484 fratrem
2624 5422 2772 5465 tuum
2796 5411 2851 5462 in
2884 5408 3033 5461 corde
3081 5414 3188 5464 tuo,
3218 5400 3307 5454 sed
3347 5397 3552 5468 publica

1978 5530 2142 5583 argue
2165 5526 2306 5574 eum,
2346 5526 2408 5563 ne
2436 5508 2629 5562 habeas
2655 5521 2811 5574 super
2843 5519 2901 5557 eo
2937 5505 3225 5571 peccatum.
3257 5489 3377 5545 Non
3408 5504 3552 5560 quia.

3041 5638 3081 5667 ιτ
3106 5635 3193 5689 ιιι.
3230 5631 3361 5699 Reg.
3389 5644 3427 5695 ε,
3456 5625 3547 5680 55.

1973 5699 2177 5779 ἰ’Ᾱὶῖὲξ
2501 5699 2760 5771 ’ίΜᾷιῑιΙι
2789 5699 2861 5781 χι,
2891 5711 2980 5775 9.9,
3004 5710 3089 5762 5t).
3187 5703 3231 5734 ’³
3264 5699 3426 5755 Marc.
3451 5711 3551 5761 vn,
