3962 6220
454 380 586 447 1031

1642 381 1999 441 HESYCHII
2051 378 2519 440 PRESBYTER!

3570 350 3758 431 71032

454 508 536 546 res
565 489 829 551 ultionem,
863 502 957 542 nec
980 502 1174 543 memor
1196 488 1300 541 eris
1344 487 1558 556 injuriis
1585 487 1774 541 civium
1799 497 2026 540 tuorum.
2059 499 2104 550 Α
2203 484 2478 552 Quantum
2505 485 2646 538 inter
2671 483 2980 551 libertatem
3004 491 3063 536 ct
3114 479 3438 536 servitutem
3492 478 3751 533 intersit

456 582 654 652 Diliges
686 582 915 635 amicum
948 586 1107 635 tuum'
1142 582 1276 635 sicut
1306 582 1546 649 teipsnm-
1602 580 1711 651 Ego
1749 580 2023 633 Dominus.

451 671 616 745 Leges
645 689 789 728 meas
821 674 1094 727 custodite.
1127 672 1294 727 Recte
1332 671 1582 727 Christus
1636 671 1841 731 Judaeis
1880 671 2029 726 dice-

451 762 547 818 bat
576 780 590 816 :
622 762 742 816 Non
775 764 1022 827 credatis,
1052 763 1177 833 quia
1205 762 1321 815 uerti
1348 761 1543 815 solvere
1572 760 1759 832 legem,
1786 770 1878 813 aut
1909 776 2031 830 pro-

452 859 637 925 phetas
662 871 679 908 :
708 871 813 907 non
874 855 990 908 veni
1042 853 1258 919 solvere,
1286 853 1377 907 sed
1427 852 1641 920 implere
1667 853 1736 905 ".
1774 850 1831 906 Si
1882 855 2027 906 enim

452 946 814 1013 perseruteris
841 946 956 998 haec
987 945 1174 1007 verba,
1227 943 1477 997 invenies
1515 950 1781 1012 quantum
1828 956 2028 995 conso-

454 1037 642 1091 nantia
665 1037 775 1091 sint
804 1037 889 1090 his
919 1036 1187 1090 mandatis
1232 1036 1365 1106 legis
1399 1036 1706 1105 evangeliea
1753 1034 2026 1103 dogmata.

454 1136 645 1197 utpote
692 1128 884 1180 eodem
925 1125 1035 1179 Deo
1072 1134 1297 1194 utraque
1332 1124 1590 1193 loquente
1626 1140 1640 1176 :
1677 1124 1893 1178 Etenim
1937 1125 2030 1195 qui

456 1236 604 1277 nuiic
631 1220 890 1282 ,t'ratrem,
922 1218 967 1272 si
997 1220 1325 1286 peccaverit,
1365 1216 1770 1285 corripiendum
1823 1232 2030 1286 prace-

458 1312 558 1381 pit,
587 1310 677 1363 hic
714 1325 811 1378 per
836 1308 1126 1378 Evangelia
1156 1306 1419 1377 praecepit
1447 1325 1460 1360 :
1496 1305 1557 1361 Si
1577 1316 1757 1361 autem
1784 1323 2030 1377 peccave-

457 1402 528 1453 rit
556 1403 613 1453 in
646 1409 694 1453 te
715 1402 881 1471 frater
908 1409 1045 1463 tants,
1072 1399 1203 1451 vade
1224 1407 1272 1451 et
1296 1398 1499 1467 corripe
1527 1414 1646 1451 eum
1684 1398 1827 1451 inter
1853 1408 2033 1452 temet-

457 1493 632 1561 ipsum
664 1491 833 1545 solum
867 1507 884 1543 :
917 1506 1021 1544 non
1058 1499 1343 1543 correctum
1374 1499 1572 1554 autem,
1594 1504 1775 1543 coram
1805 1505 1908 1543 mo
1941 1506 2032 1542 ιη’-

457 1600 577 1654 gue,
608 1592 657 1637 et
691 1599 869 1636 coram
896 1582 1024 1645 alio,
1055 1581 1242 1636 deinde
1290 1597 1470 1635 rursus
1497 1583 1553 1634 in
1608 1580 1866 1645 Ecclesia,
1914 1597 2032 1635 cum

459 1690 623 1740 neque
666 1689 841 1725 coram
865 1672 995 1725 'illis
1036 1672 1336 1741 increpatus
1372 1680 1633 1724 correctus
1659 1672 1827 1741 fuerit
1853 1672 1920 1723 ".
1965 1670 2033 1725 Et

459 1766 550 1819 hie
574 1766 795 1835 quidem
828 1779 951 1819 cum
988 1764 1186 1819 dixerit
1223 1779 1238 1817 :
1272 1764 1354 1818 Ne
1384 1764 1559 1817 oderis
1593 1765 1816 1833 fratrem
1852 1772 2027 1829 tuum,

457 1854 664 1907 addidit
690 1871 705 1907 :

526 1943 607 1997 Ne
622 1944 815 1997 habeas
837 1959 993 2012 super
1014 1943 1106 1997 illo
1134 1955 1424 2013 peccatum.
1465 1944 1547 1999 Ibi
1577 1952 1763 1999 autem
1787 1952 1842 1999 et
1884 1943 2029 2013 quod

456 2046 741 2106 peccatum
800 2037 1076 2103 ostendit,
1118 2036 1194 2090 ait
1239 2036 1516 2091 enim:Si
1571 2053 1674 2090 non
1725 2037 2031 2090 dimiseritis

457 2127 771 2192 hominibus,
805 2144 897 2180 nec
953 2126 1119 2181 Pater
1148 2138 1314 2181 uester
1366 2131 1591 2183 dimittet
1618 2129 1761 2182 vobis
1815 2139 2029 2196 peccata

455 2230 625 2274 uestra
656 2221 722 2272 ³⁷.
749 2220 862 2284 llic,
920 2234 1029 2274 non
1077 2236 1290 2289 quaeres
1333 2222 1615 2287 ultionem,
1666 2237 1763 2291 per
1806 2220 2030 2274 Paulum

457 2322 638 2365 autem
666 2329 678 2363 :
712 2310 829 2364 Non
852 2312 1185 2380 vosmetipsos
1215 2313 1558 2378 vindicantes,
1590 2314 1912 2377 charissinri,
1942 2315 2033 2366 sed

456 2407 579 2457 date
597 2404 766 2456 locum
794 2404 888 2457 ira:
910 2405 977 2456 ³³.
1015 2401 1172 2457 Nunc
1203 2405 1339 2458 dixit
1359 2420 1455 2474 per
1482 2406 1616 2476 legis
1644 2406 1845 2459 librum
1877 2424 1890 2459 :
1922 2403 2033 2459 Nec

458 2509 667 2547 Illetttol‘
690 2495 800 2547 eris
829 2494 1042 2563 iniuriae
1064 2495 1285 2548 civium.
1305 2495 1409 2549 Per
1432 2495 1789 2566 Evangelium
1813 2504 1995 2551 autem
2017 2515 2029 2549 :

457 2586 637 2641 Omnis
667 2587 755 2654 qui
787 2587 1036 2640 nascitur
1087 2589 1243 2656 fratri
1266 2603 1380 2652 suo,
1412 2589 1534 2642 sine
1576 2603 1760 2654 causa,
1798 2605 1915 2643 reus
1959 2597 2034 2643 est

451 2677 658 2745 judicio
684 2675 776 2728 ³³⁵.
811 2676 1038 2745 l’rOpter
1080 2677 1227 2745 quod
1265 2693 1359 2733 eos
1391 2680 1740 2733 canteriatam
1789 2682 2035 2737 habentes

460 2785 614 2822 suam
632 2769 1003 2821 conscientiam
1031 2770 1076 2801 ²⁹
1122 2770 1321 2824 Paulus
1378 2770 1699 2827 nominavit.
1731 2771 2036 2829 Vestimen-

463 2869 579 2915 tum
599 2870 783 2915 autem
807 2860 1189 2926 abominabile,
1219 2876 1285 2916 ex
1317 2862 1531 2917 duobus
1588 2872 1900 2919 contextum
1952 2867 2036 2920 in-

460 2953 601 3018 duit,
629 2955 722 3023 qui
746 2953 880 3008 dicit
903 2968 963 3010 se
1000 2953 1279 3010 Christum
1309 2955 1556 3023 adorare,
1580 2966 1636 3011 et
1691 2959 1883 3013 adorat
1926 2960 2038 3014 dte-

460 3061 675 3112 mones,
696 3047 788 3116 qui
819 3046 963 3101 Solis
982 3047 1111 3116 justi
1123 3047 1211 3102 tia:
1238 3062 1296 3102 se
1316 3062 1571 3103 asserens
1599 3049 1852 3116 militem,
1873 3051 2034 3105 etiam

461 3138 731 3193 visibilem
753 3139 919 3204 hunc,
947 3145 1003 3193 et
1028 3139 1122 3208 qui
1158 3140 1226 3194 ad
1258 3140 1623 3196 ministerium
1648 3152 1914 3198 creaturae
1941 3144 2037 3198 da-

461 3236 553 3281 tus
580 3236 665 3282 est
694 3229 860 3282 solem
893 3230 1091 3299 placat,
1124 3231 1211 3284 vel
1262 3232 1473 3301 reliqua
1527 3232 1724 3299 sidera,
1780 3244 1875 3289 aut
1931 3236 2034 3289 ali-

461 3322 593 3390 quid
626 3322 953 3389 hujusmodi,
984 3323 1125 3376 sicut
1152 3321 1432 3377 Manichaei
1479 3333 1534 3378 et
1559 3324 1649 3377 alii
1692 3325 1844 3378 multi
1869 3325 2037 3378 hanc-

462 3415 556 3469 tici
570 3412 957 3469 faciunt.Unde
972 3430 1071 3482 pro
1092 3415 1322 3484 reprobo
1341 3424 1397 3469 et
1410 3416 2038 3482 abominabiti,Theodo-

464 3506 577 3562 tion
597 3504 814 3560 Satanae
832 3507 1022 3570 edidit,
1038 3506 1116 3560 sic
1134 3506 1323 3574 utique
1341 3507 1703 3561 inveniensin
1717 3507 1965 3572 Hebraeo,
1982 3518 2037 3563 et

463 3614 795 3654 conservans
814 3601 958 3653 sicut
984 3599 1213 3665 invenit,
1244 3608 1305 3652 ut
1323 3599 1547 3652 nomine
1578 3597 1795 3653 Satante
1825 3601 2038 3671 planior

462 3689 785 3761 legislatoris
802 3690 1431 3744 etiiciturinteutioﬁon
1466 3690 1575 3744 vult
1607 3691 1752 3744 enim
1774 3706 2034 3757 nos,cum

462 3782 632 3836 simus
649 3782 764 3848 Dei,
782 3782 1063 3837 diabolicis
1086 3782 1375 3836 immisceri
1392 3784 1643 3854 negotiis,
1659 3798 1834 3852 neque
1875 3785 2037 3839 simul

462 3874 807 3929 orationibus
833 3885 890 3930 et
936 3875 1401 3930 incantationibus
1442 3892 1658 3941 vacare,
1691 3892 1794 3932 nee
1850 3878 2036 3948 phyla-

462 3969 647 4023 cteriis
720 3968 978 4023 Ecclesiae
1051 3968 1192 4036 Dei,
1253 3978 1705 4038 sanctorumque,
1745 3971 1984 4025 virorum
2019 4011 2033 4035 ,

460 4062 548 4116 vel
577 4078 608 4116 e
639 4062 853 4116 diverso
876 4077 1164 4131 pravorum
1221 4059 1590 4115 veneticorum
1644 4061 1807 4115 simul
1863 4061 2034 4122 indui,

462 4163 520 4209 et
542 4168 605 4207 ea
628 4169 747 4223 qua:
786 4161 915 4207 sunt
958 4153 1351 4206 dannoniorum
1389 4152 1798 4206 circumducere
1851 4162 2038 4207 sancto

461 4245 707 4316 Spiritui,
738 4246 794 4299 in
824 4259 952 4315 quo,
978 4246 1052 4297 ait
1087 4244 1306 4310 Paulus,
1338 4244 1530 4314 signati
1560 4260 1749 4298 sumus
1769 4245 1836 4299 ³⁸.
1869 4245 2038 4299 l‘tece-

463 4336 545 4390 dit
582 4336 751 4400 enim,
784 4344 973 4399 utpote
1029 4351 1325 4405 perpessus
1362 4337 1770 4402 contumeliam,
1801 4347 1856 4390 et
1893 4338 2035 4391 obti-

462 4429 617 4484 nebit
675 4431 989 4483 immundus
1017 4430 1245 4498 Spiritus
1277 4466 1293 4495 ,
1341 4437 1396 4483 et
1446 4430 1679 4499 patietur
1726 4430 2036 4500 Ιιυμιδιιιοᾱι

462 4522 607 4591 quod
640 4523 767 4576 Saul
800 4524 1023 4593 pertulit
1040 4520 1567 4594 1"'nS'pirituaautem
1600 4523 1809 4576 Domini
1866 4539 2039 4576 reces-

465 4614 533 4666 sit
583 4629 615 4666 a
668 4613 850 4678 Saule,
881 4624 929 4668 et
963 4615 1268 4687 exagitabat
1299 4631 1417 4669 eum
1456 4614 1675 4685 spiritus
1711 4613 1810 4667 Dei
1840 4616 2030 4669 malus.

464 4701 731 4770 Nonquia
764 4704 905 4759 Deus
929 4707 1232 4761 transmisit
1274 4704 1614 4771 malum,sed
1653 4704 1780 4774 quia
1829 4706 2033 4774 permi-

465 4797 536 4849 sit
559 4795 807 4850 obtinere
829 4812 954 4851 eum
982 4799 1073 4868 qui
1096 4799 1247 4850 illum
1269 4798 1451 4868 elegit.

539 4885 701 4941 Vens.
737 4888 925 4943 20-22.
956 4909 975 4940 ι
1018 4892 1195 4945 Homo
1233 4888 1278 4941 si
1312 4888 1598 4942 dormierit
1624 4903 1748 4942 cum
1806 4887 2036 4941 muliere

463 4976 611 5032 coitu
637 4980 879 5043 seminis,
908 4997 1027 5049 qua:
1057 4981 1123 5033 sit
1161 4979 1353 5032 ancilla
1380 4980 1540 5035 etiam
1596 4978 1816 5040 nubilis,
1850 4986 1906 5032 et
1952 4986 2035 5032 ta-

464 5084 592 5124 men
648 5071 823 5140 pretio
867 5087 974 5124 non
1025 5071 1329 5139 redempta,
1358 5086 1460 5124 nec
1507 5070 1756 5125 libertate
1809 5071 2032 5135 donata,

464 5162 798 5230 vapulabunt
827 5166 1006 5225 ambo,
1037 5171 1092 5217 et
1121 5177 1229 5215 non
1254 5164 1575 5227 morientur,
1611 5163 1737 5232 quia
1778 5176 1889 5215 non
1933 5160 2034 5215 fuit

464 5247 657 5302 libera.
685 5250 787 5302 i’ro
830 5250 1029 5305 delicto
1080 5260 1262 5304 autem
1311 5266 1413 5306 suo
1449 5251 1645 5306 otieret
1693 5251 1924 5306 Domino
1963 5251 2033 5305 ad

465 5337 663 5393 ostium
696 5340 1024 5396 tabernaculi
1092 5341 1387 5395 testimonii
1438 5342 1685 5407 arietem,
1744 5343 2034 5411 orabitque

466 5444 565 5497 pro
589 5447 654 5485 eo
675 5432 949 5498 sacerdos,
975 5444 1029 5487 et
1049 5450 1146 5505 pro
1178 5434 1374 5488 delicto
1402 5436 1519 5505 ejus
1553 5451 1735 5489 coram
1780 5436 2031 5499 Domino,

463 5526 522 5573 et
543 5523 985 5592 repropitiabitur
1006 5525 1073 5591 ei,
1098 5525 1506 5596 dimitteturquc
1534 5536 1834 5597 peccatum.
1869 5547 1886 5579 ι

571 5774 615 5805 ’³
637 5770 896 5840 Μειιιιι.ν,
930 5776 1010 5828 17.
1087 5778 1131 5811 ³⁸
1160 5779 1348 5834 Matth.
1370 5781 1616 5844 “111,15.
1692 5782 1735 5811 ’⁷
1774 5778 1961 5833 Matth.
1984 5797 2056 5843 vt,
2090 5779 2176 5833 15.
2257 5780 2299 5811 ’⁸
2332 5779 2486 5833 Rntn.
2519 5797 2616 5845 xu,
2650 5783 2665 5835 1

571 5841 612 5896 ἰ.
662 5842 730 5901 ,³⁸
751 5843 949 5905 Ephcs.
981 5866 1051 5905 tv.
1077 5848 1165 5905 50.
1232 5853 1297 5885 ³³·
1322 5852 1339 5905 1
1367 5856 1500 5905 nec.
1531 5867 1640 5905 vix.
1673 5852 1725 5905 9.
1804 5851 1844 5882 ³¹
1867 5850 2026 5902 lion).
2051 5852 2214 5905 νικά.
2294 5851 2338 5881 ³⁹
2362 5851 2477 5905 Gal.
2505 5850 2665 5905 Iv.'22

1915 5864 2026 5902 om.
2051 5864 2214 5917 vn,4.
2294 5864 2337 5881 "
2362 5864 2477 5905 bat.
2505 5868 2577 5919 Iv,
2595 5864 2686 5906 22.

466 5841 612 5916 ",2.
662 5842 730 5901 .'°
751 5843 949 5913 Ephcs.
981 5866 1051 5916 tv,
1077 5848 1165 5905 50.
1232 5853 1297 5885 ³³·
1322 5852 1339 5906 l
1367 5841 1640 5925 llegdm,
1673 5852 1725 5907 9.

2128 577 2420 633 ostendere
2476 590 2574 646 per
2625 590 2689 629 ea
2714 588 2834 644 qua:
2868 589 3014 627 nunc
3042 573 3186 627 dicta
3226 560 3395 631 bsunt.
3436 569 3752 640 legislator

2129 670 2393 735 intendit;
2424 684 2553 723 nam
2578 669 2634 722 in
2661 683 2724 721 ea
2765 681 2886 735 quae
2924 665 3095 719 libera
3122 672 3206 718 est
3233 665 3602 732 desponsata,
3638 661 3751 714 ad-

2127 761 2386 814 ulterium
2404 774 2525 814 esse
2545 757 2940 826 delictumejus
2960 755 3192 824 quicum
3216 769 3281 808 ea
3301 752 3627 808 fornicatus
3651 760 3747 805 est

2128 851 2343 914 asserit,
2372 849 2670 918 mortisque
2708 862 3018 918 poeniceum
3033 847 3316 915 subiacere
3353 844 3631 899 sancivit.
3670 843 3746 895 In

2129 939 2325 993 ancilla
2344 948 2521 993 autem
2537 937 2724 1003 nubili,
2739 937 2882 1006 quod
2904 935 3257 1005 Septuaginta
3272 934 3599 995 ediderunt,
3620 930 3705 986 Cu
3720 963 3745 972 -

2128 1032 2301 1086 stadia
2327 1031 2548 1093 homini,
2580 1029 2632 1083 id
2664 1037 2769 1093 est,
2798 1028 3145 1097 desponsata,
3166 1025 3458 1080 absolvens
3474 1039 3506 1076 a
3528 1038 3742 1093 pinna,

2129 1122 2624 1190 saeriliciumjubet
2642 1119 2840 1174 offerre
2855 1134 3003 1181 eum,
3028 1117 3195 1187 quiin
3214 1132 3334 1170 eam
3360 1116 3650 1185 peccavit,
3666 1130 3745 1168 ex

2132 1214 2236 1269 hac
2259 1214 2507 1268 sensibili
2529 1211 2790 1268 servitute
2834 1209 3228 1279 intelligibilem
3270 1209 3463 1262 volens
3524 1216 3742 1259 osten-

2129 1305 2281 1359 dere.
2313 1303 2500 1373 Neque
2553 1302 2701 1358 enim
2752 1300 3014 1371 praecepit
3058 1300 3113 1352 in
3154 1299 3379 1352 ancillas
3415 1297 3741 1366 quaslibet,

2130 1405 2336 1467 quanto
2392 1396 2564 1467 magis
2624 1395 2980 1464 desponsatas
3020 1391 3280 1446 delictum
3335 1388 3746 1445 fornicationis

2131 1488 2364 1554 admitti,
2404 1487 2499 1542 sed
2532 1488 2782 1541 ancillam
2818 1486 3225 1554 desponsatam,
3259 1483 3374 1537 sive
3405 1483 3743 1537 custodiam

2133 1580 2339 1635 homini
2370 1578 2683 1634 Iudaeorum
2709 1577 2840 1633 dicit
2868 1577 3224 1649 Syuagogam,
3252 1562 3372 1644 qua:
3396 1575 3503 1644 legi
3535 1584 3743 1627 custo-

2132 1671 2243 1725 dita
2268 1680 2373 1736 est,
2404 1685 2506 1724 nec
2537 1669 2801 1739 despondi
2839 1667 3078 1734 Christo,
3104 1668 3419 1737 priusquam
3470 1680 3742 1720 morere—

2135 1771 2225 1816 tur
2277 1762 2409 1832 legis
2450 1761 2656 1825 littera,
2686 1769 2920 1830 poterat.
2950 1759 3105 1814 Unde
3141 1770 3196 1814 et
3216 1758 3423 1813 Paulus
3457 1758 3692 1813 diccbat
3722 1775 3738 1809 :

2061 1836 2103 1891 Β
2132 1849 2293 1921 Ergo,
2318 1852 2530 1921 fratres,
2560 1860 2608 1903 et
2652 1866 2739 1903 vos
2788 1851 2981 1903 mortui
3033 1850 3155 1903 estis
3207 1848 3332 1916 legi,
3377 1865 3475 1918 per
3530 1863 3739 1917 corpus

2132 1941 2344 2007 Christi,
2402 1950 2459 1994 ut
2506 1942 2622 1994 sitis
2678 1940 2919 2006 alterius,
2957 1941 3046 2011 qui
3105 1956 3169 1993 ea;
3210 1940 3431 1992 mortuis
3484 1955 3740 1992 resurre-

2129 2033 2206 2086 xit
2229 2034 2300 2090 ³⁸.
2330 2033 2452 2103 Ipse
2474 2043 2677 2095 autem,
2705 2033 2956 2086 ancillam
2982 2047 3102 2087 esse
3121 2031 3435 2086 Judzeorum
3474 2029 3739 2101 Synago—

2130 2141 2274 2196 gam,
2301 2127 2418 2181 ιιωο
2455 2126 2645 2181 dicens
2665 2126 2885 2181 docuit:
2923 2125 3061 2191 Quia
3110 2126 3379 2180 Abraham
3416 2127 3557 2179 duos
3589 2125 3737 2192 ﬁlios

2130 2221 2336 2284 habuit,
2358 2237 2521 2274 unum
2549 2234 2615 2276 ea:
2636 2219 2857 2286 ancilla,
2885 2230 2933 2273 et
2958 2236 3121 2273 unum
3141 2235 3204 2273 ea:
3224 2219 3388 2273 libera
3418 2220 3488 2271 3'.
3518 2220 3739 2274 Deinde

2131 2327 2294 2381 quam
2321 2313 2493 2366 voluit
2518 2311 2772 2367 ancillam
2822 2312 3066 2381 intelligi,
3107 2326 3391 2381 exponens
3433 2313 3735 2366 subdidit:

2133 2400 2261 2465 Qua:
2288 2410 2409 2454 sunt
2437 2418 2530 2469 per
2557 2401 2869 2471 allegoriam
2896 2402 3039 2455 dicta
3066 2417 3085 2465 ;
3114 2401 3225 2455 haec
3252 2402 3393 2454 enim
3439 2410 3568 2454 sunt
3629 2405 3737 2455 duo

2135 2504 2467 2557 testamenta,
2494 2511 2656 2548 unum
2677 2496 2887 2566 quidem
2918 2512 2982 2549 ex
3030 2508 3203 2550 monte
3228 2493 3358 2549 Sina
3385 2497 3442 2548 in
3496 2499 3738 2551 seruitu-

2135 2597 2237 2640 tem
2287 2603 2561 2657 generatis,
2586 2588 2723 2655 quod
2775 2596 2849 2640 est
2885 2587 3051 2657 Agar.
3077 2584 3209 2641 Sina
3245 2596 3423 2639 autem
3457 2604 3619 2640 mons
3660 2598 3736 2641 est

2136 2678 2192 2731 in
2239 2678 2457 2742 Arabia,
2487 2678 2794 2746 conjunctus
2839 2679 2906 2741 ei,
2936 2695 3053 2748 qua:
3103 2695 3239 2735 nunc
3291 2688 3366 2733 est
3398 2678 3734 2743 Jerusalem,

2137 2786 2252 2839 qua:
2275 2771 2431 2824 servit
2454 2770 2520 2823 ³³.
2553 2770 2690 2824 Cum
2720 2771 2823 2826 hac
2857 2786 2987 2841 ergo
3016 2771 3059 2825 si
3081 2772 3204 2841 quis
3232 2771 3525 2827 dormierit
3576 2775 3736 2828 coitu

2137 2863 2381 2929 seminis,
2420 2863 2475 2917 id
2503 2871 2608 2927 est,
2639 2863 2729 2932 qui
2769 2864 2935 2933 huius
2961 2864 3234 2934 particeps
3272 2865 3507 2920 ell‘ectus
3556 2866 3735 2923 fuerit

2137 2955 2419 3020 doetrinaa,
2460 2955 2515 3009 in
2577 2965 2787 3011 tantum
2834 2965 2892 3010 ut
2939 2957 3301 3029 coniungatur
3343 2959 3417 3023 ei,
3466 2968 3529 3014 ιι
3570 2972 3737 3015 coeat

2138 3062 2263 3102 cum
2297 3063 2380 3112 ea,
2413 3063 2511 3117 per
2567 3048 2701 3118 legis
2740 3048 2995 3104 videlicet
3051 3052 3553 3116 conversationem,
3605 3056 3737 3124 quia

2142 3155 2311 3194 unum
2346 3140 2692 3209 reperiuntur
2745 3140 2800 3194 hi
2822 3140 2915 3210 qui
2961 3141 3065 3195 sibi
3108 3144 3380 3214 eonjugali
3440 3149 3735 3201 consortio

2141 3233 2420 3287 sociantur
2442 3235 2652 3299 (semen
2681 3242 2864 3287 autem
2896 3249 2996 3302 pro
3034 3233 3322 3287 doctrinali
3354 3237 3522 3290 verbo
3547 3238 3734 3307 accipi

2142 3322 2362 3387 debere,
2397 3323 2771 3393 mtiltiplieiter
2793 3324 2848 3377 in
2885 3324 2989 3377 hoc
3022 3323 3265 3378 Levitico
3320 3324 3462 3379 libro
3513 3327 3736 3394 pridem

2142 3412 2689 3487 demmtstravimus);
2736 3415 3047 3486 quicunque
3092 3434 3220 3489 ergo
3260 3428 3558 3489 antequam
3617 3421 3735 3476 haec

2143 3522 2241 3577 per
2260 3507 2555 3562 adventum
2585 3508 2786 3562 Christi
2808 3509 3156 3573 liberaretur,
3189 3511 3294 3566 hoc
3319 3511 3548 3578 fecerat,
3584 3522 3737 3567 recte

2144 3615 2253 3653 non
2278 3599 2644 3654 moriebatur:
2675 3615 2801 3653 nam
2846 3610 2902 3654 et
2934 3601 2980 3654 si
3010 3603 3314 3656 secundum
3368 3603 3637 3669 litteram,
3676 3615 3735 3660 et

2145 3707 2251 3746 non
2306 3692 2605 3746 secundum
2639 3692 2892 3762 spiritum
2926 3693 3101 3763 legem
3151 3694 3474 3764 accipiebat,
3531 3712 3735 3764 quem-

2143 3785 2434 3839 admodum
2459 3784 2773 3840 Judteorum
2801 3786 2960 3841 docet
3000 3786 3301 3857 Synagoga,
3334 3787 3534 3842 ancilla
3580 3793 3733 3858 juste

2143 3878 2474 3940 nominatur,
2497 3878 2625 3947 quia
2666 3878 2988 3949 legislatoris
3012 3879 3371 3934 intentionem
3414 3880 3729 3950 ignorabat.

2142 3965 2555 4030 Servusautem,
2574 3967 2717 4021 sicut
2738 3967 2874 4022 dixit
2901 3967 3170 4029 Christus,
3195 3971 3356 4021 nescit
3399 3969 3730 4023 voluntatem

2146 4058 2570 4123 dominisui",
2621 4068 2676 4113 et
2722 4068 3009 4128 prepterea
3044 4060 3361 4129 delinquere
3416 4061 3725 4122 dicebatur,

2145 4150 2631 4219 remissionemque
2660 4150 3023 4205 necessariam
3052 4151 3310 4213 habebat.
3341 4152 3463 4220 quia
3488 4152 3728 4208 domini-

2143 4258 2267 4296 cum
2294 4251 2622 4312 prreceptum
2664 4258 2771 4297 non
2810 4244 3112 4298 secundum
3151 4245 3484 4300 dominicam
3536 4246 3728 4301 stude-

2144 4336 2237 4390 bat
2257 4336 2613 4409 voluntatem.
2651 4335 3036 4391 Verumtamen
3068 4338 3196 4406 quia
3224 4354 3335 4393 non
3376 4340 3559 4393 adhuc
3607 4351 3727 4393 erat

2145 4427 2393 4486 liberata.
2424 4435 2714 4496 prepterea
2744 4429 2955 4483 occulta
2988 4439 3106 4483 erat
3144 4430 3278 4499 legis
3308 4432 3721 4500 contemplatio.

2144 4518 2300 4573 Unde
2320 4526 2376 4573 et
2399 4526 2613 4587 tempus
2643 4518 2927 4574 videbatur
2957 4520 3160 4575 habere
3193 4522 3540 4575 conversatio
3575 4522 3725 4576 litte-

2139 4626 2235 4673 τω,
2256 4625 2358 4665 nec
2403 4619 2578 4665 morte
2607 4611 2802 4681 subjici
2842 4611 3121 4675 dicuntur,
3152 4620 3209 4666 et
3245 4612 3613 4667 visitationem
3642 4614 3723 4667 eis

2137 4702 2408 4773 promisit.
2438 4702 2574 4757 Nam
2601 4702 2749 4772 quod
2777 4712 2963 4759 nostra
2991 4704 3274 4758 translatio
3311 4704 3475 4759 habet
3501 4723 3516 4758 :
3550 4705 3725 4775 Vapu-

2138 4791 2321 4846 labunt
2368 4792 2540 4857 ambo,
2568 4793 2924 4863 Septuaginta
2977 4795 3185 4856 dicunt,
3230 4794 3469 4849 Visitatia
3502 4798 3603 4851 erit
3629 4798 3720 4859 eis,

2137 4894 2186 4939 et
2210 4900 2314 4938 non
2344 4885 2656 4939 morientur.
2693 4883 3073 4940 Visitationem
3111 4894 3296 4941 autem
3334 4888 3414 4943 eis
3449 4888 3721 4957 promisit,

2113 4962 2195 5034 'id
2230 4986 2315 5033 est
2342 4995 2372 5034 a
2401 4979 2535 5050 legis
2550 4979 2811 5035 servitute
2837 4980 3166 5036 libertatem.
3203 4982 3324 5037 Mos
3354 4982 3500 5036 enim
3533 4993 3618 5037 est
3642 4983 3724 5038 di-

2141 5074 2284 5129 vinae
2313 5074 2628 5143 Scripturze,
2657 5073 2986 5138 libertatem,
3015 5076 3379 5131 visitationem
3425 5077 3717 5146 appellari:

2141 5182 2269 5221 nam
2293 5176 2347 5221 et
2386 5167 2768 5221 liberationem
2799 5168 3085 5223 servitutis
3142 5168 3411 5239 IEgyptie
3455 5169 3722 5224 visitatio-

2140 5273 2267 5313 nem
2299 5258 2610 5313 invenimus
2628 5259 2797 5313 Deum
2817 5260 3212 5327 nominantem,
3237 5261 3457 5330 quando
3485 5263 3555 5316 ad
3580 5262 3720 5332 Moy-

2139 5362 2237 5401 sen
2274 5346 2494 5401 dicebat
2528 5366 2539 5400 :
2577 5346 2816 5402 Convoca
2864 5351 3091 5404 seniores
3147 5350 3377 5406 ﬁliorum
3441 5349 3617 5411 Israel
3674 5362 3721 5404 et

2138 5437 2278 5491 dices
2303 5438 2373 5491 ad
2399 5453 2483 5492 eos
2514 5454 2533 5493 :
2573 5438 2825 5494 Dominus
2856 5440 2997 5495 Deus
3025 5452 3240 5512 patrum
3284 5454 3576 5498 vestrorum
3624 5460 3721 5515 ap-

2140 5531 2318 5598 paruit
2351 5532 2499 5597 mihi,
2531 5531 2671 5586 Deus
2692 5532 2983 5600 Abraham,
3036 5545 3085 5588 ct
3119 5535 3260 5590 Deus
3292 5536 3468 5601 Isaac,
3493 5547 3545 5590 et
3589 5538 3724 5591 Deus

2068 4577 2111 4631 D

2090 5779 2176 5833 15.
2257 5780 2299 5811 ’⁸
2332 5779 2486 5833 Rotn.
2519 5797 2616 5845 xu,
2650 5781 2737 5835 19.
2842 5782 2906 5813 ’⁸⁸
2939 5782 3127 5838 Matth.
3163 5801 3214 5845 v,

2770 5852 2815 5885 ⁸⁸
2840 5853 2971 5909 ibid.
3000 5842 3211 5908 25-25..
