3988 6222
405 367 542 436 1033

1519 367 1600 428 IN
1651 365 2088 428 LEVITICUM.
2122 389 2197 401 --
2231 367 2379 426 LIB.
2416 368 2518 428 VI.

3498 376 3634 440 1034

398 482 578 548 Iacob,
601 483 772 538 dicens
799 501 815 538 :
857 485 1082 540 Visitans
1113 487 1316 539 visitavi
1345 501 1431 539 vos
1488 494 1538 538 et
1559 485 1663 538 vidi
1712 499 1960 552 qua'cun-
1991 493 2036 548 Α
2065 489 2210 534 ctum
2248 481 2452 537 bonum
2481 482 2792 539 Judteorum
2820 487 3078 556 populum
3101 498 3226 544 ante
3257 489 3470 546 Domin‘t
3495 508 3638 563 prae-

399 591 496 645 que
523 586 796 628 evenerunt
816 577 952 629 vobis
977 578 1032 629 in
1062 576 1308 646 XEgypto,
1341 586 1388 628 et
1424 576 1532 628 dixi
1559 588 1576 625 :
1608 571 1861 627 Liberabo
1876 588 1962 626 vos

398 681 462 718 ea:
489 667 822 733 oppressione
844 666 1211 736 Egyptiorum
1243 668 1307 719 ³⁵.
1335 667 1534 735 Aperte
1557 681 1685 736 ergo
1714 681 1810 734 per
1832 681 1964 734 pra!-

397 765 605 810 sentem
638 755 810 826 legem
839 756 1059 810 visitare
1088 772 1181 810 eos
1241 757 1487 826 permisit
1518 772 1614 826 per
1639 755 1841 810 Christi
1894 755 1963 808 li-

395 847 822 908 berationem,dc
845 863 948 916 qua
963 848 1245 902 manifeste
1267 849 1552 902 Zacharias
1564 863 1660 918 per
1679 847 1963 902 Canticum

394 954 552 992 suum
581 939 714 992 dixit
746 957 758 991 :
792 938 1100 992 Benedictus
1149 939 1398 992 Dominus
1437 939 1576 993 Deus
1619 938 1808 1001 Israel,
1839 940 1962 1007 quia

393 1029 642 1092 uisitauit,
668 1038 716 1082 et
767 1031 886 1083 fecit
948 1031 1353 1097 redemptionem
1380 1031 1542 1098 plebis
1566 1045 1676 1084 suae
1709 1031 1774 1082 ³⁸.
1827 1029 1965 1087 Dicit

393 1121 535 1173 enim
565 1120 936 1174 liberationem
975 1137 1135 1188 quam
1177 1121 1432 1176 Christus
1480 1121 1536 1174 in
1574 1120 1860 1182 sacriﬁcio,
1909 1129 1963 1173 et

391 1211 698 1278 evangelica
760 1213 1198 1274 conversatione,
1228 1213 1416 1266 Judzeo
1445 1213 1702 1282 primum,
1731 1220 1786 1266 et
1841 1221 1964 1280 post

394 1299 495 1352 hoc
515 1298 720 1360 Graeco,
740 1301 1036 1355 secundum
1057 1301 1199 1369 quod
1221 1301 1356 1356 dixit
1373 1301 1680 1370 Apostolus,
1696 1299 1959 1369 praestitit.

391 1389 480 1442 Ait
502 1389 646 1442 enim
672 1391 737 1444 de
768 1390 1058 1460 Evangelia
1080 1392 1224 1460 quod
1249 1409 1278 1446 a
1305 1391 1532 1446 Domino
1557 1392 1817 1445 donatum
1843 1399 1924 1444 est
1947 1407 1958 1440 :

393 1479 561 1532 Virtus
595 1480 688 1533 Dei
715 1491 787 1534 est
820 1481 873 1532 in
902 1482 1124 1535 salutem
1147 1483 1286 1536 omni
1311 1483 1560 1546 credenti,
1588 1481 1770 1535 Judwo
1793 1481 1960 1550 primo

386 1582 434 1622 et
499 1569 678 1623 Gra'co
705 1570 766 1622 ³⁷.
801 1572 916 1626 Non
971 1574 1270 1628 secundum
1315 1573 1547 1642 aliquam
1603 1588 1960 1642 personarum

386 1665 778 1732 acceptionem,
805 1665 897 1717 sed
929 1665 1053 1732 quia
1082 1665 1238 1733 primi
1269 1663 1444 1719 Judaei
1468 1665 1607 1719 banc
1629 1664 1856 1718 salutem
1905 1671 1960 1716 et

385 1753 777 1818 liberationem,
814 1765 1001 1825 utpote
1051 1757 1215 1810 etiam
1253 1757 1386 1810 alios
1419 1757 1760 1820 seducentes,
1796 1757 1959 1812 habe-

2071 571 2297 625 sentiam
2350 573 2610 642 potuisse.
2657 574 2765 628 Cur
2811 578 2957 631 enim
3007 579 3244 635 triennio
3273 580 3509 637 fructum
3557 585 3638 640 eis

2070 663 2246 716 onmis
2271 662 2400 732 ligni
2431 679 2541 717 non
2561 679 2681 719 esse
2706 667 2951 722 esibilem
2992 669 3240 725 dicebat?
3262 670 3369 727 Sed
3395 688 3496 729 nee
3528 675 3638 727 ullo

2070 755 2230 809 modo
2251 757 2535 818 mundum,
2560 757 2650 812 sed
2686 767 2741 812 et
2787 760 3196 816 mundationem
3250 772 3446 832 quarto
3492 782 3640 821 anno

2071 849 2432 912 necessariam
2465 850 2778 905 habentem.
2811 853 2877 906 Et
2905 869 3022 922 qure
3047 855 3162 910 haec
3189 865 3308 911 erat
3334 859 3640 915 mundatio?

2069 936 2185 991 Non
2215 939 2479 1008 aspersio,
2513 954 2621 993 non
2657 940 3004 1007 sacriﬁcium,
3041 958 3148 997 non
3180 945 3322 1000 aliud
3358 947 3640 1016 quidpiam

2071 1027 2402 1098 hujusmodi,
2427 1030 2586 1099 quale
2623 1030 2730 1085 alio
2769 1030 2888 1086 loco
2911 1035 3211 1089 secundum
3245 1037 3483 1091 litteram
3549 1037 3637 1090 lex

2069 1121 2343 1190 praecepit.
2372 1122 2512 1192 Ergo
2539 1133 2697 1176 vocat
2731 1123 3041 1178 necessarie
3095 1126 3166 1179 ad
3226 1126 3638 1195 contemplatio-

2069 1223 2195 1263 nem
2229 1211 2476 1280 spiritus,
2505 1227 2629 1267 eum
2660 1213 2754 1282 qui
2777 1229 2886 1267 non
2914 1214 3088 1269 solum
3129 1216 3380 1271 meditari
3436 1217 3636 1287 legem,

2069 1297 2164 1350 sed
2214 1307 2268 1352 et
2295 1299 2510 1369 aliquod
2573 1315 2636 1355 ex
2681 1316 2745 1356 ea
2767 1303 3048 1372 percipere
3068 1305 3414 1360 commodum
3463 1307 3634 1376 cupit.

2069 1385 2292 1442 Terram
2317 1407 2445 1461 ergo
2483 1392 2626 1446 Deus
2679 1393 2793 1459 dat,
2827 1411 2990 1464 quam
3046 1397 3223 1464 ipsum
3280 1396 3409 1452 dare
3459 1399 3634 1462 decet,

2069 1479 2122 1534 id
2150 1491 2256 1545 est,
2286 1482 2524 1537 divinam
2555 1485 2914 1553 Scripturam,
2949 1502 3069 1556 qua:
3111 1491 3374 1542 virtutum
3421 1488 3636 1544 fruetus

2068 1570 2190 1635 fert,
2219 1587 2339 1640 quae
2370 1573 2536 1628 habet
2565 1574 2706 1630 illam
2737 1576 2927 1640 vitam,
2947 1586 3003 1632 et
3025 1577 3176 1642 colit,
3207 1579 3322 1632 sive
3352 1589 3633 1648 Operatur,

2065 1677 2228 1730 quam
2279 1663 2447 1718 David
2474 1665 2652 1719 colere
2686 1675 2742 1720 et
2782 1669 2994 1734 operari
3023 1670 3315 1738 promittit,
3346 1671 3440 1724 ubi
3485 1673 3636 1726 enim

2071 1749 2176 1807 Deo
2231 1755 2444 1823 placere
2493 1761 2663 1828 inagis
2724 1757 2907 1823 homo,
2949 1773 3112 1827 quam
3135 1759 3188 1812 in
3240 1759 3530 1822 mandatis,
3581 1770 3637 1814 et

387 1843 516 1898 bant
545 1846 925 1899 necessariam.
949 1846 1086 1900 Cum
1141 1847 1339 1915 bisqui
1396 1846 1616 1910 dormit,
1641 1846 1694 1899 id
1720 1855 1822 1909 est,
1868 1827 1961 1916 qui
1994 1838 2035 1896 Β
2062 1845 2320 1912 operibus
2358 1846 2518 1902 bonis
2547 1827 2762 1918 potest:
2804 1850 2904 1918 Ait,
2925 1850 3071 1904 enim
3108 1867 3120 1902 :
3159 1850 3383 1904 Placelio
3413 1851 3636 1906 Domino

387 1935 596 2000 miscet,
651 1946 710 1990 ut
761 1937 990 1991 seminis
1040 1953 1226 1991 eorum
1275 1946 1331 1992 et
1387 1937 1647 1992 doctrinae
1694 1937 1960 2008 particeps

382 2027 664 2092 efﬁciatur,
700 2029 823 2082 huic
850 2045 948 2098 per
976 2029 1300 2084 sacriﬁcium
1338 2037 1628 2098 prazstatur
1669 2028 1957 2083 remissio:

384 2119 474 2171 sed
501 2135 599 2188 per
623 2118 855 2182 Christi,
895 2121 998 2173 hoc
1045 2120 1192 2174 enim
1254 2119 1576 2174 sacriﬁcium
1627 2119 1959 2190 signiﬁcans,

383 2209 608 2261 arietem
642 2227 740 2278 pro
771 2219 992 2279 peccato
1044 2210 1301 2278 prazcepit
1344 2209 1550 2272 oﬁ‘erri,
1580 2218 1636 2262 et
1693 2225 1790 2278 per
1830 2210 1962 2280 ejus

383 2299 709 2352 oblationem
740 2301 1081 2354 sacerdotem
1132 2302 1432 2368 deprecari.
1469 2300 1602 2365 Quis
1653 2300 1722 2352 sit
1777 2309 1959 2354 autem

384 2390 492 2452 hic,
523 2391 613 2458 qui
651 2408 748 2460 pro
778 2393 925 2445 omni
975 2391 1178 2444 mundo
1205 2392 1546 2460 fdeprecatrts
1577 2399 1684 2453 est,
1741 2401 1796 2445 et
1839 2391 1960 2460 quis

382 2483 542 2548 aries,
566 2483 658 2551 qui
703 2500 798 2552 pro
831 2494 1054 2552 peccato
1100 2483 1348 2547 oﬁ'crtur,
1387 2492 1442 2536 et
1485 2499 1582 2536 cur
1607 2491 1731 2536 autc
1761 2483 1958 2535 ostium

385 2574 714 2627 tabernaculi
794 2573 1084 2627 testimonii
1195 2575 1263 2628 ad
1336 2575 1658 2628 sacriﬁcium
1729 2575 1960 2629 deduca-

381 2676 489 2725 tur,
547 2667 639 2720 sed
670 2676 724 2720 et
781 2666 910 2734 quid
959 2666 1176 2735 proprie
1207 2666 1401 2720 debeat
1424 2667 1646 2733 intelligi
1677 2674 1956 2736 peccatum

381 2758 582 2820 delicti,
612 2774 675 2811 ea
711 2774 830 2826 qua:
859 2757 926 2810 de
953 2757 1232 2811 sacriﬁciis
1283 2758 1410 2812 olim
1453 2759 1667 2811 sancita
1724 2768 1872 2820 sunt,
1905 2768 1960 2810 et

381 2851 622 2917 exposita
649 2859 1013 2918 perscrutans,
1052 2851 1299 2903 invenies
1334 2848 1608 2902 Christum
1641 2848 1694 2902 in
1731 2848 1830 2912 eis,
1860 2862 1954 2901 ve-

380 2939 459 2994 lut
493 2940 544 2992 in
583 2941 815 3009 imagine
848 2940 1135 3011 ﬁguratum
1167 2958 1188 3008 ε,
1219 2939 1313 3009 qui
1336 2955 1433 3010 per
1465 2953 1681 2995 crucem
1708 2939 1952 2994 immola-

380 3042 488 3092 tus,
521 3049 643 3086 cum
665 3032 784 3086 aliis
811 3031 1065 3086 omnibus
1102 3034 1338 3101 peccatis
1367 3031 1529 3084 etiam
1581 3031 1685 3087 hoc
1729 3031 1953 3102 ignovit,

381 3124 522 3193 quod
556 3123 869 3177 Juda‘orum
898 3123 1172 3177 commisit
1204 3123 1454 3192 p0pulus,
1491 3132 1546 3177 et
1573 3123 1618 3176 is
1649 3123 1739 3188 qui
1763 3132 1879 3177 erat
1905 3124 1957 3176 ei

380 3218 574 3270 misttts
595 3234 658 3270 ex
689 3217 960 3287 gentibus,
995 3214 1271 3283 quietiam
1308 3215 1547 3270 dormire
1588 3231 1713 3269 cum
1758 3216 1836 3270 eis
1876 3215 1957 3269 di-

380 3311 538 3372 citur,
573 3312 742 3380 legem
768 3325 876 3362 non
905 3310 1202 3364 secundum
1237 3308 1598 3364 intentionem
1632 3309 1956 3379 legislatoris

380 3401 714 3470 accipiendo.
739 3397 864 3455 llaac
885 3408 1065 3454 autem
1092 3415 1197 3455 non
1221 3399 1530 3469 importune
1572 3400 1625 3453 in
1654 3400 1758 3454 hoc
1809 3399 1952 3461 loco,

381 3491 475 3546 sed
508 3493 614 3544 imo
645 3491 809 3546 nimis
833 3499 1142 3560 opportuno
1164 3499 1428 3560 tempore,
1455 3507 1564 3561 quo
1589 3492 1829 3560 iumenta
1846 3508 1952 3546 non

381 3591 658 3650 oporteret
707 3581 928 3636 alterius
985 3580 1201 3652 generis
1243 3581 1508 3650 jumentis
1557 3584 1848 3651 conjungi,
1901 3583 1953 3635 id

381 3685 482 3732 est.
514 3690 621 3728 non
654 3675 844 3727 liceret
870 3689 964 3728 eos
985 3673 1075 3742 qui
1095 3673 1196 3726 sub
1215 3673 1402 3743 jugum
1427 3673 1551 3728 facti
1579 3683 1706 3728 sunt
1730 3673 1952 3738 Christi,

380 3765 666 3821 Iudaicum
693 3766 881 3836 jugum
910 3765 1207 3834 suscipere,
1243 3764 1583 3834 signiﬁcavit.
1613 3764 1955 3821 Conﬁrmans

381 3858 525 3910 enim
576 3859 696 3921 hoc,
729 3857 1013 3926 praesentia
1071 3855 1333 3919 subdidit,
1365 3869 1464 3924 per
1517 3871 1636 3923 qua:
1692 3857 1950 3920 ostendit,

380 3953 503 4020 quia
525 3959 579 4003 et
623 3959 751 4004 ante
782 3949 1072 4003 adventum
1114 3947 1339 4011 Christi,
1363 3949 1676 4018 quicunque
1735 3959 1952 4004 extero-

380 4058 499 4095 rum
531 4041 636 4095 illis
669 4039 1142 4102 commiscebatur,
1168 4053 1305 4108 opus
1337 4039 1571 4093 habebat
1601 4039 1953 4110 intelligibilis

378 4133 564 4187 arietis
595 4132 861 4187 sacriﬁcio
893 4133 958 4186 ad
992 4131 1435 4202 propitiationem
1460 4146 1633 4196 suam,
1664 4134 1952 4187 conferens

379 4225 507 4279 illud
538 4234 739 4291 tuente,
774 4235 825 4278 et
846 4215 1163 4278 describens
1185 4222 1326 4288 apud
1352 4224 1710 4293 semetipsum
1739 4240 1835 4293 per
1885 4227 1951 4280 ﬁ-

377 4331 539 4386 guras
575 4314 876 4369 veritatem.
906 4313 994 4368 Sic
1021 4313 1167 4367 enim
1210 4329 1318 4366 non
1349 4313 1521 4367 solum
1550 4328 1656 4367 non
1695 4315 1953 4370 condem-

377 4406 495 4460 nari
522 4422 584 4458 ex
620 4405 945 4459 obveniente
975 4404 1074 4458 sibi
1125 4405 1390 4460 servitute
1423 4404 1661 4459 Judaicae.
1731 4406 1945 4472 litterm,

2062 1936 2117 1988 in
2143 1936 2349 2006 regione
2407 1939 2639 1994 vivorum
2665 1940 2730 1995 ³⁸.
2768 1938 2844 1994 De
2895 1940 3094 2009 quibus
3138 1941 3254 2010 ipse
3304 1942 3441 1997 dicit
3481 1961 3494 1995 :
3532 1942 3635 2008 Qui

2062 2042 2180 2079 vero
2197 2037 2492 2094 exspectant
2509 2029 2814 2095 Dominum,
2837 2033 3141 2087 luereditate
3170 2035 3501 2102 possidebunt
3530 2047 3637 2090 ter-

2063 2135 2177 2171 ram
2199 2120 2264 2171 ".
2298 2119 2660 2176 Possidebunt
2683 2125 2829 2178 enim
2860 2125 3074 2194 plenam
3108 2125 3201 2179 Dei
3251 2126 3445 2196 spiritu
3485 2127 3632 2182 Scri-

2062 2219 2299 2278 pturam,
2331 2221 2386 2266 et
2406 2229 2525 2282 qua:
2555 2230 2618 2268 ex
2659 2231 2723 2270 ea
2758 2227 2886 2270 sunt
2914 2219 3075 2280 bona,
3114 2218 3206 2286 qui
3236 2217 3407 2272 Deum
3433 2234 3633 2289 exspe-

2063 2310 2234 2363 ctant,
2287 2304 2380 2372 qui
2435 2305 2834 2372 mandatorum,
2866 2323 2987 2376 quas
3029 2307 3083 2361 in
3136 2324 3202 2362 ea
3256 2309 3630 2374 continentur,

2061 2391 2482 2447 retributionem
2513 2396 2802 2464 promittit.
2841 2396 2993 2451 llanc
3026 2407 3223 2451 terram
3257 2399 3466 2470 ingredi
3507 2400 3633 2468 qui-

2060 2481 2182 2534 dem
2215 2483 2306 2536 ﬁlii
2343 2482 2654 2539 Judaeorum
2718 2486 2974 2556 praecepti
3013 2496 3160 2552 sunt,
3201 2500 3258 2543 et
3303 2499 3636 2558 acceperunt

2061 2574 2286 2641 priores.
2320 2575 2483 2630 Primi
2527 2579 2670 2646 enim
2714 2584 2930 2634 ‘saeras
2991 2593 3349 2651 susceperunt
3405 2585 3630 2646 litteras,

2060 2672 2282 2732 propter
2310 2665 2454 2734 quod
2489 2675 2546 2719 et
2595 2665 2800 2735 lignum
2861 2667 3005 2736 quod
3061 2668 3146 2722 edi
3174 2678 3373 2738 potest,
3405 2669 3460 2724 id
3524 2681 3630 2730 est.

2060 2755 2332 2815 mandata.
2364 2771 2483 2824 qua:
2508 2756 2764 2820 diximus,
2789 2756 3035 2825 plantare
3061 2759 3316 2826 praecepti
3378 2767 3524 2822 sunt,
3577 2759 3634 2812 hi

2058 2845 2274 2914 quidem
2302 2861 2395 2899 eas
2452 2846 2798 2910 meditantes,
2825 2847 2878 2900 hi
2917 2857 3098 2902 autem
3134 2856 3189 2901 et
3247 2849 3628 2918 praedicantes.

2059 2937 2194 3002 Quia
2225 2937 2369 2991 enim
2405 2938 2729 3008 plantationi
2775 2937 3044 3008 lignorum
3078 2939 3357 2994 meditatio
3382 2940 3536 3010 legis,
3578 2953 3633 2995 et

2059 3029 2368 3098 praedicatio
2393 3039 2614 3099 propter
2645 3044 2771 3084 eum
2802 3031 3126 3100 profectum,
3153 3032 3245 3100 qui
3287 3047 3385 3101 per
3448 3041 3632 3101 patres

2059 3121 2329 3189 provenit,
2356 3121 2706 3183 assimilatur,
2758 3123 2883 3178 audi
2914 3123 3083 3178 David
3114 3125 3387 3180 dicentem
3424 3144 3437 3179 :
3476 3125 3543 3180 Et
3577 3128 3631 3179 in

2059 3212 2168 3281 lege
2191 3213 2304 3282 ejus
2347 3212 2687 3267 meditabitur
2721 3214 2804 3268 die
2819 3231 2881 3267 ac
2907 3224 3077 3270 nocte.
3111 3215 3180 3270 Et
3214 3217 3312 3270 erit
3373 3226 3632 3287 tanquam

2059 3304 2277 3374 lignum,
2335 3305 2472 3373 quod
2512 3304 2814 3371 plantatum
2843 3315 2916 3361 est
2947 3323 3092 3361 secus
3145 3308 3394 3362 decursus
3455 3325 3628 3378 aqua-

2057 3412 2175 3449 rum
2205 3395 2268 3452 W.
2311 3396 2508 3450 Paulus
2535 3396 2680 3451 enim
2711 3396 2778 3451 de
2807 3398 3190 3466 praedicatione
3217 3414 3379 3469 quam
3435 3398 3630 3469 praedi-

2056 3488 2196 3542 cavit
2218 3488 2514 3542 Corinthiis
2536 3490 2755 3559 scripsit
2781 3506 2794 3542 :
2827 3486 2940 3560 Ego
2969 3489 3228 3559 plantaui,
3251 3490 3438 3560 Apollo
3482 3491 3629 3562 riga-

2057 3581 2149 3641 vit,
2185 3581 2274 3634 sed
2331 3579 2467 3634 Deus
2505 3581 2880 3636 incrementum
2941 3583 3082 3636 dedit
3107 3583 3172 3637 δι.
3209 3581 3318 3637 Sed
3373 3583 3627 3637 mandata

2056 3673 2273 3742 quidem
2313 3672 2452 3725 bona
2481 3671 2646 3726 nimis
2675 3681 2852 3738 erant,
2885 3683 3107 3742 propter
3135 3672 3278 3743 quod
3319 3681 3375 3727 et
3421 3673 3626 3741 lignum

2056 3763 2244 3816 csibile
2269 3761 2574 3832 appellavit.
2607 3762 2688 3816 Illi
2747 3772 2928 3817 autem
2982 3763 3145 3817 modo
3190 3779 3299 3834 quo
3329 3762 3625 3824 debebant,

2057 3867 2165 3904 non
2196 3851 2562 3919 operabantur
2593 3851 2893 3906 secundum
2942 3849 3179 3907 litteram
3236 3851 3350 3921 lege
3387 3860 3622 3906 utentes.

2056 3942 2186 3996 Erat
2209 3957 2338 4012 ergo
2391 3957 2580 3995 eorum
2634 3942 2861 4007 fructus,
2893 3943 3138 4011 operatio
3182 3943 3430 4000 videlicet
3491 3945 3627 4015 legis

2057 4030 2292 4086 triennio
2313 4031 2612 4086 immunda.
2639 4031 2778 4086 Dicit
2806 4040 2988 4087 autem
3049 4033 3369 4098 triennium,
3403 4049 3433 4088 a
3484 4043 3627 4089 tem-

2053 4137 2184 4192 pore
2215 4121 2346 4191 legis
2373 4137 2544 4192 usque
2567 4123 2634 4176 ad
2657 4123 2818 4177 David
2855 4133 3087 4194 tempus,
3109 4133 3162 4178 et
3187 4141 3218 4179 a
3251 4123 3420 4180 David
3456 4142 3627 4194 usque

2053 4212 2119 4264 ad
2169 4210 2701 4278 transmigrationem
2761 4210 3087 4279 Babyloniae,
3119 4222 3174 4268 et
3212 4230 3240 4267 a
3274 4213 3628 4284 transmigra-

2053 4302 2200 4355 tione
2273 4299 2576 4371 Babyloniae
2654 4318 2824 4371 usque
2870 4303 2936 4356 ad
2991 4303 3284 4357 adventum
3344 4303 3552 4358 Domini
3612 4322 3624 4356 :

2051 4395 2130 4448 sic
2191 4394 2337 4447 enim
2383 4402 2440 4447 et
2509 4393 2796 4448 Matthzeus
2853 4394 3100 4449 distinxit
3155 4397 3223 4450 δ’.
3306 4393 3444 4460 Quia
3499 4411 3628 4466 ergo

376 4497 472 4551 sed
501 4497 664 4550 etiam
720 4495 933 4549 liberari
983 4495 1051 4548 ab
1081 4510 1164 4557 ea,
1199 4505 1310 4551 eta
1373 4505 1548 4549 morte
1611 4495 1947 4551 inﬁdelitatis

2060 4493 2242 4553 quarto
2304 4483 2406 4538 hoc
2463 4499 2628 4546 anno,
2681 4499 2899 4537 omnem
2956 4483 3191 4537 fructum
3246 4483 3418 4554 ipsius
3469 4485 3626 4555 legis,

376 4589 888 4662 spiritaliterlcgem
955 4589 1252 4658 accipiens,
1278 4599 1333 4642 et
1375 4589 1636 4643 sacriﬁcia
1696 4591 1814 4659 ejus
1880 4590 1946 4644 ad

377 4684 657 4738 Christum
687 4682 952 4744 referens,
985 4688 1226 4749 poterat.
1662 4749 1668 4755 .

449 4773 608 4828 \‘Ens.
642 4773 830 4828 23-25.
872 4792 890 4823 ‹
919 4771 1147 4838 Quando
1183 4771 1408 4840 ingressi
1462 4768 1672 4824 fueritis
1727 4780 1945 4832 terram,

375 4875 431 4920 et
479 4864 853 4934 plantaveritis
913 4863 966 4916 in
1021 4877 1082 4916 ea
1149 4862 1289 4931 ligna
1342 4860 1641 4930 pomifera,
1688 4861 1949 4915 auferetis

377 4956 640 5025 praeputia
674 4971 882 5009 eorum.
907 4953 1069 5006 Poma
1116 4967 1239 5020 quae
1305 4952 1632 5022 germinant,
1670 4952 1948 5005 immunda

375 5055 538 5100 erunt
573 5045 744 5110 vobis,
784 5059 886 5098 nec
913 5041 1084 5098 edetis
1117 5057 1184 5094 ex
1223 5041 1322 5095 eis.
1356 5040 1560 5106 Quarto
1598 5055 1742 5093 anno
1771 5040 1950 5094 omnis

353 5117 589 5190 fructus
611 5149 794 5189 eorum
813 5131 1239 5188 sanctiﬁcabitur
1257 5132 1507 5186 laudabili
1528 5129 1951 5196 Domino.Quin~

379 5237 434 5281 to
459 5237 639 5282 autem
669 5243 812 5281 anno
840 5241 948 5280 non
987 5225 1282 5281 comedetis
1323 5223 1549 5285 fructus,
1618 5237 1950 5292 congregan-

378 5327 461 5373 tes
478 5333 636 5386 poma
666 5327 784 5387 qum
800 5316 1098 5386 proferunt.
1123 5315 1233 5385 Ego
1251 5314 1524 5366 'Dominus
1551 5312 1688 5368 Deus
1711 5319 1910 5366 vester.
1926 5333 1942 5361 ι

453 5407 742 5462 l’er'manet
797 5408 851 5460 in
903 5406 1206 5460 intentione
1255 5405 1415 5459 etiam
1451 5419 1596 5457 nunc
1658 5403 1950 5473 legislator,

375 5516 540 5571 quam
569 5501 757 5556 habuit
798 5499 970 5570 prius,
1001 5499 1123 5553 aliis
1174 5499 1356 5554 verbis
1411 5497 1844 5567 praecedentibus
1882 5497 1953 5572 si-

379 5591 527 5647 milia
569 5591 841 5656 sanciens,
875 5592 1168 5646 ostendens
1197 5591 1416 5661 quidem
1462 5604 1563 5643 nec
1596 5588 1794 5642 habere
1838 5588 1952 5641 fru-

450 5726 496 5760 ⁸³
524 5725 694 5782 Exod.
726 5741 809 5789 ιιι,
836 5723 923 5778 16.
1026 5725 1070 5755 ³⁸
1107 5723 1304 5786 l.uc.1,
1335 5725 1424 5778 68.
1533 5725 1574 5754 ³⁷
1602 5723 1757 5775 Rom.
1793 5740 1829 5784 l,
1871 5722 1954 5776 l6.

378 5796 436 5863 Ω,
465 5797 518 5852 5.
593 5799 638 5828 δι
676 5797 695 5849 1
728 5795 856 5850 Cor.
891 5809 973 5856 Ill,
1015 5793 1068 5845 ϐ.
1149 5795 1194 5823 ⁸⁸
1229 5795 1415 5849 Matth.
1444 5795 1528 5859 t,l
1569 5809 1718 5862 seqq.

670 5887 1101 5949 PATaOL.~Gu.
1135 5888 1345 5952 XCllL

2055 4583 2300 4628 sanctum
2321 4583 2375 4629 et
2394 4564 2664 4627 laudabile
2696 4573 2924 4628 Domino
2953 4574 3374 4638 commendavit,
3406 4589 3516 4629 non
3545 4584 3628 4628 ta-

2056 4681 2181 4720 men
2214 4665 2299 4719 vel
2334 4674 2460 4719 tunc
2491 4665 2682 4720 csibile
2713 4663 2841 4719 illud
2874 4680 2995 4720 esse
3049 4664 3254 4721 ludatis
3290 4666 3522 4731 dixerat,
3560 4668 3640 4740 11-⁴

2057 4756 2145 4809 Iud
2179 4756 2296 4810 siue
2327 4756 2502 4824 aliqua
2531 4754 2870 4810 dubitatione
2913 4757 3182 4826 probavit,
3217 4773 3322 4827 qua
3359 4757 3525 4813 totius
3549 4758 3629 4812 le-

2057 4847 2138 4918 gis
2168 4846 2400 4911 fructus,
2433 4847 2487 4901 in
2542 4847 2783 4902 adventu
2836 4849 3049 4904 Domini
3097 4860 3218 4905 est:
3253 4850 3425 4922 llujus
3481 4851 3630 4905 enim

2059 4950 2292 5010 tempus,
2357 4940 2659 4995 secundum
2704 4941 2954 4995 ordinem
3005 4951 3312 5013 temporum
3373 4943 3630 5013 superius
3690 4971 3698 4977 -

2058 5028 2459 5082 nominatornm
2518 5043 2694 5083 annus
2759 5039 2906 5084 recte
2963 5031 3335 5086 nominabitur
3378 5041 3625 5100 quartus,

2057 5127 2276 5172 sanctus
2305 5118 2560 5172 laudabili
2598 5118 2726 5173 Deo.
2757 5119 2894 5185 Quia
2915 5119 3167 5175 Christus
3205 5137 3328 5176 eum
3382 5120 3628 5176 fructife-

2059 5225 2180 5261 rum
2234 5209 2484 5274 faciebat,
2537 5211 2995 5280 quemadmodum
3051 5221 3262 5282 oportet
3324 5213 3486 5266 etiam
3530 5227 3630 5266 nos

2059 5305 2382 5360 fructiﬁcare
2429 5306 2652 5361 docens.
2690 5309 2858 5363 Recte
2911 5323 3040 5379 ergo
3102 5320 3322 5362 sanctus
3369 5317 3505 5370 erat,
3541 5317 3628 5361 ut-

2062 5405 2185 5465 pote
2209 5413 2239 5450 a
2278 5397 2476 5450 Sancto
2498 5408 2810 5452 sanctorum
2841 5398 3138 5468 perfectus.
3177 5397 3284 5453 Sed
3320 5409 3374 5452 ct
3438 5399 3629 5453 lauda-

2062 5492 2226 5547 bilis:
2277 5493 2458 5546 omnia
2487 5494 2632 5549 enim
2688 5509 2808 5562 qua:
2862 5493 3114 5546 Christus
3153 5505 3430 5562 operatur,
3489 5493 3630 5547 bona

2062 5585 2200 5638 fama
2237 5593 2364 5637 sunt
2393 5593 2556 5654 atque
2586 5586 2844 5655 gloriosa,
2882 5587 2955 5638 ita
2993 5593 3051 5638 ut
3080 5585 3243 5638 etiam
3293 5585 3360 5638 ab
3404 5585 3631 5654 ingratis

2051 5721 2092 5753 3"
2128 5719 2266 5773 Psal.
2293 5735 2434 5783 cm,
2465 5719 2517 5772 9.
2641 5719 2683 5751 ³9
2720 5717 2919 5772 Psalm.
2951 5731 3138 5782 xxxvr,
3174 5717 3226 5771 9.
3323 5716 3368 5748 ‘°
3404 5714 3545 5772 Psal.
3590 5733 3630 5783 ι,

3243 5881 3314 5943 33
