3962 6220
436 384 577 452 1035

1622 368 1985 438 IIESYCHII
2022 363 2501 435 PRESBYTER!

3602 355 3783 423 1036

436 493 639 551 Judmis
665 489 1053 564 gloriﬁcentur.
1085 485 1221 542 Cum
1282 486 1429 540 enim
1479 482 1837 556 paralyticum
1880 494 2012 551 por-
2038 488 2091 546 Α
2116 478 2409 534 admodum
2472 475 2639 532 etiam
2679 473 2737 529 bi
2767 472 2948 530 facere
2984 477 3428 564 consueverunt,
3463 467 3576 564 qui
3616 466 3774 522 har-

438 596 644 642 tantem
671 599 836 654 super
856 583 1116 638 humeros
1151 579 1433 652 grabatum
1486 575 1778 640 vidissent,
1810 572 2013 644 gloriﬁ-

438 679 627 733 cabant
671 676 859 741 Deum,
883 675 974 745 qui
997 674 1160 728 talem
1194 680 1505 740 potestatem
1526 669 1750 724 dedisset
1786 667 2013 721 homini-

438 770 533 823 bus
562 768 631 821 ⁸³.
663 765 818 821 Unde
839 780 951 821 non
979 765 1324 837 simpliciter,
1352 764 1454 818 sed
1479 761 1754 817 laudabile
1779 760 2013 816 Domino

432 859 672 914 fructum
706 857 852 912 hunc
887 855 977 910 lex
1032 853 1345 925 appellavit.
1372 851 1615 906 Necdum
1666 857 1850 905 autem
1899 858 2016 905 erat

436 948 641 1019 populo
666 944 889 1011 esihilis,
919 944 1155 999 necdum
1181 943 1329 998 enim
1368 942 1465 997 hic
1497 940 1797 996 secundum
1848 937 2015 1010 spiri-

432 1050 555 1094 tum
577 1036 786 1093 Christi
824 1035 1294 1091 conversationem
1318 1034 1548 1104 adeptus
1570 1031 1749 1087 fuerat
1780 1032 1916 1087 :sed
1957 1032 2015 1086 in

436 1145 580 1185 anno
600 1129 813 1199 quinto,
842 1129 896 1182 in
921 1127 1216 1197 apostolica
1241 1126 1497 1182 videlicet
1543 1125 1912 1197 generatione,
1950 1124 2016 1178 il-

430 1222 548 1277 linc
571 1222 718 1276 enim
739 1220 856 1290 ipse
883 1220 1197 1275 Judteorum
1233 1217 1491 1289 populus,
1523 1218 1579 1273 id
1606 1227 1710 1283 est,
1744 1218 1798 1272 hi
1823 1217 1914 1287 qui
1946 1232 2012 1271 ex

430 1315 520 1371 eis
573 1312 946 1378 crediderunt,
996 1318 1049 1365 et
1086 1318 1278 1381 gentes
1316 1324 1529 1374 omnes,
1582 1308 1830 1364 esibilem
1882 1308 2016 1379 legis

434 1403 699 1465 fructum,
730 1402 1103 1472 operationem
1140 1401 1391 1457 videlicet
1442 1402 1773 1456 habuerunt.
1809 1401 1875 1456 Et
1927 1416 2016 1456 se-

434 1493 676 1549 eundum
704 1493 1061 1563 Septuaginta
1111 1493 1343 1563 adjectio
1401 1494 1677 1548 fructuum
1716 1494 1850 1564 legis
1897 1502 2015 1549 erat

434 1585 658 1655 populo,
692 1586 743 1638 id
786 1592 869 1639 est
906 1583 1120 1638 lucrum
1184 1594 1240 1638 et
1276 1587 1646 1642 commodum.
1692 1584 1824 1652 Qure
1867 1586 2013 1640 enim

433 1682 735 1745 operantur
783 1673 935 1742 prius
992 1673 1114 1728 sine
1159 1673 1332 1739 lucro,
1384 1675 1655 1731 inutiliter
1689 1684 2012 1745 operantur.

432 1764 581 1819 Bene
604 1773 789 1819 autem
817 1763 1140 1834 adiectionis
1184 1764 1273 1819 lex
1301 1766 1624 1821 memoriam
1671 1765 1801 1821 facit
1848 1765 2015 1821 verbo

408 1857 750 1925 convenire,
781 1857 928 1926 quod
956 1856 1093 1911 dixit
1141 1856 1405 1911 Dominus
1444 1857 1500 1911 in
1531 1857 1864 1928 Evangelia:
1899 1857 2014 1926 ipse
2048 1840 2089 1896 Β

432 1946 579 2001 enim
610 1953 766 2010 erat,
801 1946 896 2015 qui
953 1947 1070 2001 haec
1096 1953 1153 2001 et
1182 1945 1271 1999 illa
1326 1945 1565 2002 dicebat.
1598 1945 1754 2001 Omni
1801 1946 2012 2000 habenti

432 2038 710 2092 dubitaret
739 2036 1022 2106 adjiciatur
1038 2036 1105 2091 “.
1122 2036 1451 2108 Quicunque
1475 2047 1680 2105 autem,
1704 2047 2010 2109 utoportel,

429 2139 591 2187 vetus
622 2126 774 2185 ténet
794 2138 1199 2193 testamentum,
1229 2130 1279 2185 ei
1324 2139 1379 2183 et
1408 2144 1610 2184 novum
1641 2129 1916 2200 adjicitur,
1960 2141 2015 2186 et

431 2236 533 2291 per
561 2221 666 2276 hoc
691 2219 744 2275 ei
767 2219 975 2276 esihilis
1011 2203 1176 2276 etiam
1201 2220 1412 2275 fructus
1451 2221 1768 2275 testamenti
1816 2221 2014 2277 veteris

435 2313 735 2369 invenitur.
1230 2364 1235 2371 .

504 2404 668 2461 Vsus.
692 2404 881 2461 26-28.
921 2425 940 2459 ι
974 2403 1097 2461 Non
1131 2404 1432 2461 comedetis
1462 2420 1683 2462 carnem
1725 2421 1851 2462 cum
1886 2422 2013 2462 san-

433 2496 619 2565 guine,
645 2511 760 2549 non
790 2495 1215 2566 augurabimini.
1245 2510 1350 2550 nec
1366 2495 1730 2552 obscrvabitis
1780 2498 2012 2563 somnia,

434 2603 538 2643 nec
569 2588 623 2642 in
645 2588 941 2643 rotundum
962 2587 1199 2643 tondetis
1235 2601 1468 2651 comam,
1510 2603 1613 2642 nec
1659 2587 1860 2644 radetis
1892 2589 2017 2643 har-

434 2678 582 2741 bam,
609 2685 664 2731 et
689 2691 856 2745 super
873 2683 1091 2730 mortuo
1119 2689 1230 2728 non
1254 2673 1505 2730 incidetis
1527 2689 1748 2730 carnem
1776 2685 2016 2729 vestram

433 2780 615 2837 neque
637 2766 854 2837 ﬁguras,
881 2774 936 2820 et
956 2765 1207 2837 stigmata
1236 2762 1450 2820 facietis
1480 2764 1657 2820 vobis.
1688 2765 1803 2837 Ego
1833 2766 2016 2822 Domi-

436 2872 566 2912 nus.
609 2875 629 2909 ι

507 2948 592 3003 Ab
618 2946 769 3001 omni
802 2944 1073 3001 fermento
1094 2942 1315 2998 malitia:
1348 2923 1613 2998 mundum
1641 2956 1764 2998 esse
1803 2942 2017 2998 fidelem

434 3042 573 3107 vult,
603 3049 659 3096 et
683 3045 972 3109 propterea
1003 3050 1151 3091 nunc
1176 3033 1395 3105 quidem
1426 3032 1732 3104 prohibeta
1753 3033 2019 3089 servitute

437 3132 571 3205 legis
621 3130 835 3194 litterae,
866 3136 923 3183 ct
976 3127 1260 3183 Judaicam
1309 3124 1615 3181 doctrinam
1677 3123 2018 3181 demonstrat

440 3197 708 3280 inutilem.
733 3221 887 3276 Nunc
915 3227 1097 3275 autem
1129 3233 1324 3274 rursus
1349 3217 1416 3272 ad
1441 3231 1685 3272 errorem
1732 3217 2016 3289 gentilium
2043 3197 2086 3256 (ἶ

438 3328 747 3374 sermonem
790 3311 975 3379 vertit,
1021 3324 1203 3381 neque
1254 3309 1402 3364 enim
1453 3309 1659 3376 omnia,
1702 3325 1825 3379 qua:
1871 3326 2021 3365 nunc

437 3408 607 3465 vetita
639 3414 787 3471 sunt,
819 3404 1111 3460 studeatur
1136 3418 1152 3459 :
1180 3403 1382 3474 quippe
1401 3417 1525 3459 cum
1570 3418 1682 3459 non
1704 3403 1881 3460 solum
1910 3406 2022 3461 sint

435 3499 684 3566 ridicula,
720 3498 818 3555 sed
871 3496 1035 3551 etiam
1074 3504 1131 3551 et
1182 3495 1348 3550 noxia
1392 3496 1744 3551 studentibus
1777 3512 1863 3564 ea,
1900 3513 2021 3568 qua:

439 3591 672 3649 maxime
712 3588 951 3645 ostendit
978 3586 1366 3653 Ecclesiastes;
1399 3586 1476 3642 ait
1507 3587 1653 3642 enim
1677 3607 1691 3643 :
1711 3587 1815 3653 Qui
1844 3590 2022 3643 obser-

438 3694 529 3741 vat
553 3693 781 3749 ventum,
810 3696 914 3737 non
955 3681 1180 3736 seminat
1213 3695 1227 3731 :
1261 3687 1313 3733 et
1353 3680 1442 3751 qui
1485 3680 1779 3735 considerat
1810 3682 2017 3750 nubem,

438 3792 707 3848 nunquam
738 3783 890 3830 metet
918 3773 987 3830 ⁵⁸.
1013 3771 1314 3843 Augurium
1350 3787 1479 3844 ergo
1522 3786 1635 3827 non
1688 3772 1863 3828 solum
1917 3789 2019 3829 vox

438 3873 555 3928 avis
593 3871 886 3943 cujuslibet
916 3877 1012 3924 aut
1045 3868 1261 3924 volatus
1290 3863 1551 3935 appellat,
1584 3863 1677 3935 qui
1709 3864 1797 3919 vel
1827 3865 2018 3934 prohi-

435 3954 532 4022 bet
569 3980 599 4018 a
631 3964 863 4034 quadam
893 3962 1110 4017 actione
1136 3958 1225 4014 vel
1266 3972 1386 4013 eam
1414 3955 1712 4012 studiosius
1751 3956 2020 4012 admonet

438 4057 867 4123 accelerandam,
896 4055 992 4111 sed
1017 4062 1072 4109 et
1097 4052 1268 4125 signis
1290 4050 1370 4106 uti
1401 4049 1766 4121 loquentium,
1792 4058 2020 4120 prmter-

428 4150 725 4217 euntium,
772 4146 1152 4210 obviantium,
1197 4151 1253 4198 et
1301 4139 1660 4212 quorumdam
1712 4140 1768 4195 in
1824 4140 2020 4196 itinere

437 4240 846 4301 obvenientium
896 4235 1375 4301 oﬂendiculorum,
1435 4233 1733 4301 taliumque
1788 4231 2019 4287 aliorum

435 4343 543 4391 est.
594 4331 677 4389 Ab
726 4330 919 4387 avibus
976 4328 1123 4384 enim
1184 4340 1473 4397 augurum,
1525 4324 1623 4380 sed
1673 4333 1728 4380 et
1784 4322 2018 4381 aliorum

428 4419 717 4499 'signorum
742 4421 1052 4479 observatio
1081 4416 1303 4474 dicitur.
1357 4414 1677 4499 Auspicium
1720 4423 1904 4469 autem
1933 4424 2016 4471 est

433 4494 785 4574 transeuntes
810 4511 1159 4571 considerare
1184 4521 1332 4575 aves,
1366 4515 1423 4561 et
1455 4494 1682 4576 propter
1702 4505 1800 4560 has
1832 4503 1888 4560 in
1918 4505 2017 4560 de-

435 4620 633 4664 sertam
664 4610 733 4663 ab
764 4601 1080 4663 hominibus
1108 4602 1255 4659 viam
1294 4598 1476 4673 egredi
1520 4605 1615 4653 aut
1641 4598 1823 4652 avium
1863 4598 2018 4653 vola-

436 4708 574 4760 tum,
605 4705 698 4751 aut
732 4712 896 4752 voces
923 4695 1111 4766 quales
1138 4692 1248 4747 sint
1287 4695 1725 4763 perscrutentur,
1757 4695 1817 4742 ut
1844 4702 1908 4744 ex
1940 4688 2019 4745 eis

436 4795 787 4861 cognoscant,
814 4803 936 4858 quae
992 4786 1173 4840 futura
1234 4793 1382 4840 sunt.
1415 4783 1569 4851 Quod
1627 4796 1885 4838 accusare
1935 4790 2019 4839 est

432 4880 630 4945 Deum,
664 4878 791 4948 quia
819 4892 880 4932 ea
913 4876 1034 4946 quae
1062 4874 1295 4941 homini,
1323 4890 1483 4944 quem
1532 4872 1831 4930 secundum
1862 4887 2017 4931 suam

435 4973 729 5047 imaginem
761 4970 1003 5029 omnium
1026 4969 1341 5025 animalium
1371 4970 1670 5042 principem
1712 4969 2015 5035 constituit,

433 5068 736 5130 alscondit,
770 5074 823 5121 et
876 5063 946 5118 ab
978 5062 1056 5118 eis
1094 5060 1365 5131 quispiam
1424 5061 1603 5124 discit,
1634 5077 1756 5130 qum
1810 5076 1914 5116 nec
1951 5061 2020 5117 ab

436 5159 773 5229 spiritalibus
804 5153 956 5219 viris,
990 5153 1084 5209 sed
1118 5167 1224 5206 nec
1249 5168 1279 5205 a
1307 5152 1438 5216 Deo,
1497 5153 1591 5221 qui
1637 5153 1743 5207 illis
1791 5153 2017 5217 revelat,

434 5260 617 5322 potest
638 5251 872 5309 discere.
908 5248 1051 5303 sicut
1104 5246 1181 5309 hi,
1213 5244 1307 5314 qui
1339 5244 1395 5298 in
1422 5244 1682 5315 pracdicto
1719 5261 1905 5301 crrorc
1934 5260 2022 5301 se-

436 5342 580 5398 ducti
613 5352 760 5403 sunt.
791 5340 1144 5396 arbitrantur.
1180 5336 1408 5407 Insuper
1432 5351 1537 5392 nec
1566 5353 1776 5393 comam
1836 5339 1890 5393 in
1931 5354 2024 5393 ro-

436 5435 667 5490 tundum
699 5433 944 5497 tondere,
977 5430 1029 5486 id
1079 5437 1183 5494 est,
1220 5443 1332 5483 non
1376 5428 1568 5483 radere
1609 5429 1665 5484 in
1724 5429 2019 5485 rotundum

437 5534 711 5595 aspectum
745 5524 959 5593 capitis,
978 5522 1118 5579 sicut
1151 5527 1207 5575 et
1230 5518 1590 5593 Symmachus
1619 5521 2016 5593 cdidit,qucm-

506 5722 551 5753 “
576 5719 769 5775 Matth.
807 5735 884 5781 Ix,
919 5719 973 5773 8.
1074 5718 1120 5751 “
1155 5718 1348 5775 Matth.
1384 5737 1517 5784 xxv,
1559 5719 1630 5775 29
1726 5719 1771 5751 ⁸⁸
1803 5719 1984 5774 Ecrlc.
2007 5735 2078 5785 x1,

432 5806 524 5852 λι..
560 5794 612 5847 4.
689 5793 733 5824 ⁸³
767 5789 957 5845 Matth.
990 5801 1106 5856 xttt,
1134 5791 1236 5862 19;
1283 5792 1415 5847 Luc.
1454 5807 1542 5858 XL,
1573 5792 1664 5845 24.
1729 5793 1774 5825 δ’
1819 5790 2009 5845 Matth.
2042 5807 2095 5855 Σ,

2046 4556 2093 4615 D

2113 569 2326 625 baricas
2363 568 2586 623 student
2632 580 2836 630 comas,
2866 571 3094 636 propter
3113 563 3261 633 quod
3294 562 3404 616 hoc
3476 556 3774 627 Septua-

2112 662 2260 734 ginta
2286 661 2495 732 σισὸην,
2520 658 2746 715 forsitan
2800 667 3021 730 propter
3067 655 3521 727 magnitudinem
3603 674 3772 712 con-

2112 768 2399 810 cursorum
2452 751 2775 822 capillorum
2823 749 3258 820 appellaverunt.
3302 746 3428 802 Non
3495 758 3771 818 oportet

2113 854 2298 900 autem
2327 843 2431 897 hoc
2462 840 2602 901 fieri.
2627 838 2723 893 sed
2745 845 3037 892 contentos
3067 850 3191 891 esse
3219 835 3601 889 naturalibus
3658 851 3759 889 or.

2113 937 2409 997 namentts,
2444 930 2582 985 nihil
2633 917 2954 999 exquirere,
2992 926 3106 982 nisi
3137 925 3325 981 forsan
3387 926 3765 981 Creatorem

2114 1025 2319 1096 aliquid
2349 1023 2648 1094 indiguisse
2667 1022 2734 1077 ad
2758 1020 3152 1092 perﬁciendum
3209 1019 3421 1073 animal
3475 1033 3761 1073 accusa-

2108 1134 2258 1173 mus.
2288 1117 2394 1172 Sed
2425 1130 2528 1171 nec
2548 1114 2833 1170 cincinnos
2860 1110 3074 1167 nutrire
3097 1111 3154 1165 in
3180 1110 3459 1165 honorem
3507 1110 3759 1164 daemo-

2115 1227 2268 1278 num,
2299 1210 2512 1280 capillis
2537 1207 2658 1262 aliis
2684 1205 2961 1269 fortiores,
2986 1212 3044 1259 et
3081 1201 3188 1257 hoc
3211 1215 3417 1257 vovere
3446 1217 3464 1255 :
3495 1201 3759 1255 student

2111 1305 2261 1358 enim
2295 1302 2400 1357 hoc
2419 1300 2638 1372 pagani,
2675 1306 3168 1383 capt‘puerorum
3200 1293 3403 1348 oﬂerre
3441 1293 3758 1348 dramati—

2114 1397 2235 1452 bus.
2271 1394 2426 1451 Unde
2445 1393 2513 1449 de
2536 1393 2640 1447 hoc
2668 1390 2907 1445 maxime
2932 1397 3151 1459 oportet
3192 1385 3376 1457 putari
3424 1385 3755 1457 legislatu-

2114 1503 2230 1544 rem
2254 1486 2572 1557 praecipere.
2603 1481 2713 1538 Sed
2742 1496 2847 1536 nec
2874 1480 3097 1534 barbam
3142 1478 3341 1532 radere
3365 1476 3460 1531 vel
3511 1488 3750 1531 secun—

2106 1581 2245 1636 dum
2295 1577 2650 1649 Septuaginta
2693 1586 3048 1642 corrumpere
3093 1570 3286 1625 faciem
3332 1570 3533 1625 barba:
3568 1586 3586 1620 :
3638 1584 3755 1624 nec

2111 1672 2384 1728 ineisuras
2413 1670 2467 1724 in
2497 1681 2730 1738 corpore
2759 1665 2867 1721 sibi
2899 1665 3080 1720 facere
3107 1679 3203 1719 eos
3221 1662 3317 1734 qui
3363 1662 3511 1719 flent
3556 1678 3749 1732 supra

2096 1772 2363 1823 .mortuos
2388 1761 2575 1827 etiam,
2603 1760 2709 1814 hoc
2739 1759 2887 1814 enim
2918 1758 3112 1828 pagani
3142 1765 3600 1811 consueverunt.
3650 1757 3751 1809 Sic

2115 1855 2263 1910 enim
2286 1852 2450 1924 allligi
2490 1864 2656 1922 supra
2692 1859 2937 1905 mortuos
2966 1857 3204 1918 oportet,
3239 1856 3301 1902 ut
3341 1861 3455 1901 nec
3518 1846 3746 1901 faciem

2116 1946 2297 2012 lmdat,
2338 1960 2442 2000 nec
2468 1957 2670 2012 corpus
2708 1948 3040 2009 corrumpat,
3072 1954 3103 1993 a
3125 1938 3326 2008 quibus
3360 1951 3471 1992 nos
3514 1938 3748 1991 Paulus

2116 2038 2413 2109 prohibens
2468 2036 2545 2091 ait
2575 2053 2589 2089 :
2624 2032 2764 2087 Nolo
2791 2048 2878 2086 vos
2903 2032 3169 2102 ignorare,
3232 2032 3455 2100 fratres,
3490 2040 3553 2083 ut
3633 2047 3748 2084 non

2117 2126 2518 2190 contristcmini,
2549 2125 2683 2178 sicut
2710 2133 2756 2176 et
2793 2122 2968 2177 cwteri
2993 2122 3083 2192 qui
3102 2137 3245 2189 spem
3285 2136 3393 2174 non
3422 2122 3646 2176 habent
3670 2121 3742 2173 “.

2116 2219 2251 2274 Nam
2281 2218 2561 2289 quodlibet
2589 2232 2800 2279 eorum,
2819 2230 2941 2285 qua:
2969 2215 3228 2285 praedicta
3250 2222 3384 2269 sunt
3407 2229 3591 2284 agere
3620 2230 3745 2267 non

2117 2320 2201 2367 est
2234 2326 2385 2382 spem
2423 2310 2626 2365 habere
2685 2306 3105 2364 resurrectionis
3157 2312 3542 2369 mortuorum,
3598 2304 3739 2377 quia

2118 2412 2375 2473 tanquam
2409 2400 2516 2456 illis
2545 2398 2838 2468 corruptis,
2873 2397 3196 2466 semetipsos
3223 2395 3512 2465 dissipant
3558 2410 3739 2467 atque

2116 2501 2497 2565 corrumpunt.
2538 2490 2801 2546 Prohibet
2848 2489 3101 2561 stigmata
3152 2488 3270 2543 fieri
3332 2488 3393 2543 in
3450 2503 3735 2560 corpore,

2118 2589 2363 2658 undique
2416 2584 2629 2641 decoris
2664 2581 2944 2655 legislator
2984 2596 3173 2637 curam
3233 2595 3457 2652 gerens,
3497 2591 3561 2636 et
3609 2597 3731 2636 non

2116 2678 2430 2735 concedens
2476 2675 2626 2732 abuti
2674 2687 2840 2730 carne
2895 2672 2952 2726 in
3011 2671 3254 2742 quolibet
3308 2669 3561 2737 horum;
3604 2687 3735 2741 quae

2117 2769 2336 2841 quidem
2380 2768 2483 2840 ipsi
2522 2773 2750 2829 nocent,
2797 2773 2970 2819 totum
3008 2770 3192 2817 autem
3239 2761 3444 2816 animal
3499 2762 3727 2818 fundum

2118 2860 2371 2916 reddunt.
2404 2856 2706 2913 Comedere
2734 2855 2882 2911 enim
2915 2870 3081 2923 super
3111 2863 3345 2919 montes,
3400 2856 3564 2924 quod
3629 2857 3734 2911 Se-

2118 2951 2401 3024 ptuaginta
2439 2949 2496 3003 in
2528 2949 2687 3004 initio
2738 2947 3024 3018 praesentis
3067 2945 3200 3017 legis
3246 2957 3591 3017 posuerunt,
3625 2964 3733 3020 pro

2119 3060 2187 3101 eo
2217 3043 2363 3114 quod
2382 3048 2569 3097 nostra
2598 3040 2766 3095 editio
2792 3039 2977 3104 habet,
3006 3039 3126 3093 Non
3147 3038 3432 3092 comedetis
3456 3054 3588 3093 cum
3605 3056 3734 3095 san-

2121 3139 2296 3209 guine,
2335 3144 2559 3207 propter
2587 3148 2683 3189 eos
2720 3132 2812 3202 qui
2854 3131 3121 3187 idolorum
3158 3129 3566 3187 festivitatibus
3597 3149 3733 3189 con-

2119 3229 2262 3286 sueti
2308 3238 2437 3283 sunt
2464 3225 2766 3298 prohibuit.
2790 3225 2907 3279 Hoc
2955 3223 3100 3279 enim
3149 3232 3206 3278 et
3260 3222 3403 3279 Osee
3447 3241 3733 3281 accusans

2120 3322 2379 3394 populum
2423 3318 2758 3383 Judmorum,
2816 3316 2994 3372 dixit:
3028 3314 3260 3385 Spiritus
3301 3316 3730 3387 fornicationum

2122 3412 2322 3483 decepit
2346 3425 2451 3475 eos,
2481 3421 2530 3464 et
2556 3407 2802 3481 fornicati
2826 3414 2948 3461 sunt
2976 3423 3011 3460 a
3045 3405 3151 3460 Deo
3185 3422 3301 3462 suo.
3333 3405 3512 3478 Super
3558 3412 3728 3463 uerti-

2125 3521 2232 3558 cem
2260 3503 2511 3557 montium
2550 3500 2818 3554 incensum
2851 3496 3154 3561 adolebant,
3180 3506 3228 3551 et
3257 3514 3417 3566 super
3440 3499 3607 3553 colles
3631 3518 3727 3554 so-

2121 3595 2429 3664 criﬁcabaut
2483 3591 2549 3645 ‘7.
2574 3590 2681 3646 Sed
2727 3588 3010 3645 videamus
3037 3598 3237 3659 praeter
3290 3589 3431 3654 haec,
3463 3604 3594 3659 qua:
3622 3607 3727 3648 nos

2116 3688 2306 3760 jubcat
2329 3702 2521 3743 cavere
2552 3704 2566 3741 :
2593 3685 2893 3741 secundum
2941 3683 3242 3755 spiritalem
3281 3684 3724 3754 contemplatio-

2120 3798 2245 3838 nem
2279 3797 2391 3837 non
2438 3781 2727 3837 comedere
2755 3794 2921 3852 super
2962 3788 3201 3843 montes,
3234 3778 3288 3833 id
3340 3788 3447 3844 est,
3506 3781 3724 3851 cogita-

2122 3873 2361 3929 tionibus
2392 3872 2642 3943 superbis
2666 3887 2778 3927 non
2824 3871 2998 3941 pasci,
3035 3871 3104 3926 de
3139 3871 3338 3940 quibus
3364 3870 3538 3927 Isaias
3591 3873 3671 3927 ait
3702 3893 3717 3926 :

2120 3963 2300 4021 Omnis
2333 3979 2480 4019 mons
2507 3974 2555 4018 et
2583 3962 2728 4018 collis
2757 3959 3128 4018 liumiliabitur
3160 3962 3225 4016 ⁸⁸.
3271 3961 3390 4018 Non
3429 3965 3716 4034 augurari,

2118 4070 2231 4113 non
2263 4055 2555 4127 auspicari,
2588 4064 2777 4111 utnon
2800 4054 3149 4110 intendentes
3191 4055 3469 4110 datmones
3510 4069 3715 4111 secun-

2118 4148 2249 4205 dum
2277 4162 2466 4204 eorum
2494 4147 2829 4204 voluntatem
2862 4146 3129 4212 vivamus,
3147 4160 3330 4215 neque
3346 4160 3442 4201 cor
3456 4155 3712 4210 nostrum

2120 4240 2434 4295 volucribus
2463 4239 2762 4306 tradamus,
2794 4254 2916 4309 quae
2942 4237 3163 4308 rapiunt
3189 4253 3378 4293 semen
3421 4239 3639 4307 pictatis
3676 4255 3710 4295 a

2119 4329 2298 4396 nobis,
2341 4329 2486 4385 sicut
2516 4328 2780 4385 Dominus
2828 4329 2884 4383 in
2925 4328 3204 4400 parabolis
3235 4328 3568 4400 evangelicis
3615 4330 3707 4386 di-

2120 4421 2203 4477 xit
2226 4422 2292 4476 ".
2325 4421 2548 4476 Comam
2573 4436 2686 4475 non
2721 4420 3013 4476 tendamus
3048 4436 3065 4475 :
3101 4420 3187 4475 vel
3222 4420 3363 4475 sicut
3384 4419 3705 4493 Septuagin-

2123 4522 2175 4568 ta
2207 4515 2394 4586 σισόην
2430 4513 2498 4568 de
2522 4514 2733 4583 capillis
2790 4514 3007 4586 capitis,
3040 4529 3149 4568 non
3193 4513 3479 4570 faciamus.
3510 4513 3702 4586 Capilli

2122 4606 2268 4663 enim
2313 4605 2486 4660 nostri
2540 4621 2639 4676 pro
2678 4605 3125 4677 cogitationibus,
3174 4605 3542 4676 accipiuntur,
3571 4621 3701 4675 pro-

2121 4707 2243 4769 pter
2283 4698 2429 4768 quod
2469 4698 2605 4753 dixit
2629 4698 2933 4754 Dominus:
2967 4697 3138 4752 Vestri
3177 4707 3355 4752 autem
3383 4705 3431 4751 et
3497 4698 3676 4765 capilli

2122 4790 2309 4858 capitis
2338 4806 2514 4844 omnes
2539 4793 2804 4844 numerati
2833 4799 2955 4844 sunt
2981 4790 3048 4845 ⁵⁸.
3092 4789 3197 4860 Ipsi
3220 4789 3365 4844 enim
3406 4789 3700 4860 utpoteju-

2120 4881 2248 4945 dici,
2283 4891 2338 4938 et
2368 4883 2532 4936 corda
2551 4882 2838 4948 scrutanti,
2862 4891 3160 4939 numeratae
3206 4891 3338 4939 sunt
3363 4896 3555 4936 omnes
3602 4897 3700 4937 no-

2121 4982 2247 5028 stra:
2299 4973 2675 5044 cogitationes.
2729 4972 2846 5029 Non
2904 4983 3120 5044 oportet
3176 4988 3460 5044 ergo‘cas
3499 4972 3700 5043 agitare

2119 5065 2451 5136 quempiam,
2484 5064 2571 5119 vel
2593 5071 2908 5131 concutere,
2941 5064 3037 5119 sed
3068 5079 3171 5119 nec
3223 5065 3424 5119 oll‘errc
3472 5063 3698 5129 diabolo,

2125 5157 2270 5228 quod
2320 5157 2530 5211 faciunt
2577 5156 2822 5227 quidam,
2858 5164 2913 5212 et
2970 5156 3039 5211 de
3093 5154 3446 5211 sensibilibus
3498 5157 3699 5226 capillis

2126 5249 2334 5303 crinem
2368 5249 2682 5315 offerentes,
2711 5249 2851 5304 sicut
2878 5249 3133 5319 superius
3185 5236 3441 5305 diximus.
3473 5248 3697 5318 Insuper

2126 5357 2238 5395 non
2259 5350 2494 5411 oportet,
2527 5342 2670 5396 sicut
2704 5340 3073 5412 pra-diximus,
3108 5343 3332 5397 barbam
3369 5341 3580 5407 radere,
3616 5342 3697 5396 vel

2128 5435 2430 5489 secundum
2481 5433 2835 5505 Septuaginta
2871 5449 3224 5504 corrumpere
3266 5433 3464 5488 faciem
3503 5432 3694 5494 barbae,

2126 5525 2251 5596 quia
2275 5524 2624 5595 perfectionis
2648 5533 2841 5579 ttustrae
2877 5524 3091 5597 signum
3135 5524 3302 5580 barba
3341 5533 3443 5580 cst.
3471 5523 3693 5579 Virtutes

2113 5722 2167 5774 Δ.

2132 5791 2222 5845 '50.

2262 5722 2309 5754 ⁸⁸
2338 5719 2672 5790 l'l‘bess.1v,
2707 5724 2794 5777 l2.
2890 5722 2935 5755 ⁸⁷
2962 5720 3099 5778 Osee
3130 5738 3203 5786 tv,
3254 5718 3337 5788 12,
3369 5719 3452 5774 l5.
3526 5717 3567 5751 ⁴⁸
3590 5718 3665 5776 lsa
