3988 6222
369 430 505 497 1037

1500 436 1579 495 ΙΝ
1620 434 2055 496 LEVITICUM.
2086 460 2155 470 -
2190 436 2338 497 LIB.
2382 436 2485 497 VI.

3479 434 3618 501 1038

362 556 544 602 autem
576 547 861 619 designant
889 564 1076 605 veram
1115 560 1356 607 nostram
1385 550 1778 622 perfectionem
1804 565 1939 620 quas
1967 560 2015 613 Α
2042 547 2243 620 laques,
2273 558 2323 604 et
2348 530 2710 618 veneﬁcisnou
2751 549 3145 620 adjungamini,
3202 558 3260 604 ut
3301 548 3620 619 polluamini

362 638 720 711 incongruum
752 650 837 696 est
891 656 1242 713 corrumpere
1274 652 1567 712 operantes
1615 656 1725 696 non
1784 647 1932 703 vero.

363 732 459 787 sed
486 733 589 787 sub
613 732 745 787 falso
770 743 825 788 et
858 732 982 788 ﬁcto
1005 733 1213 789 habitu.
1245 732 1358 788 Nec
1409 733 1705 789 incisiones
1756 733 1941 789 facere

363 835 529 890 super
572 821 810 876 animam
864 822 1068 877 bonum
1096 822 1261 878 estin
1307 838 1575 893 corpore:
1612 833 1741 878 sunt
1791 823 1940 878 enim

363 912 773 980 delectationes,
798 929 920 983 quae
946 914 1013 969 ad
1067 915 1367 970 nocendum
1397 915 1635 970 animam
1693 915 1941 972 incidunt

364 1018 585 1073 corpus,
618 1013 672 1057 et
701 1013 1079 1074 corrumpunt.
1111 1004 1220 1060 Sed
1244 1013 1300 1059 et
1322 1004 1593 1076 stigmata,
1623 1004 1679 1059 id
1705 1013 1810 1068 est,
1832 1021 1943 1063 tua-

363 1094 426 1148 la:
451 1094 713 1150 doctrinae
741 1095 1015 1166 dogmata,
1061 1096 1187 1166 quia
1227 1096 1522 1161 inhaerent,
1544 1105 1602 1151 et
1641 1096 1942 1167 infiguntur

362 1186 558 1239 animae
586 1201 683 1256 per
728 1186 973 1255 quaedam
1025 1186 1415 1251 blandimenta,
1447 1185 1533 1241 vel
1578 1186 1938 1258 syllogismos,

362 1276 448 1332 vel
476 1276 775 1347 quemlibet
796 1277 962 1333 alium
1027 1278 1245 1333 modum
1292 1278 1609 1334 docentium
1671 1277 1941 1348 intelliga-

362 1384 503 1423 mus.
544 1367 808 1440 Praecepit
832 1385 961 1441 ergo
986 1370 1145 1424 nobis
1170 1369 1258 1423 lex
1300 1378 1355 1424 et
1410 1370 1480 1424 ab
1522 1369 1609 1424 his
1641 1369 1939 1432 abstinere,

361 1461 487 1529 quia
518 1460 783 1530 impressa
814 1460 899 1516 vel
958 1460 1237 1535 immersa,
1265 1460 1407 1516 sicut
1439 1460 1619 1516 solent
1666 1460 1936 1531 stigmata,

362 1552 648 1607 difﬁculter
684 1552 988 1608 abolentur.

434 1643 597 1699 Vens.
626 1643 715 1700 29.
750 1662 769 1695 ι
807 1643 888 1699 Ne
916 1644 1213 1715 prostituas
1239 1645 1404 1700 ﬁliam
1459 1654 1625 1710 tuam,
1671 1653 1728 1699 ut
1758 1656 1938 1700 conta-

364 1740 604 1794 minelur
635 1752 799 1804 terra,
824 1748 879 1794 et
910 1739 1199 1809 impleatur
1224 1740 1463 1810 piaculo.
1501 1759 1520 1791 ι

434 1829 492 1884 Si
518 1829 665 1883 enim
692 1839 877 1900 patres
893 1846 1033 1900 quos
1082 1841 1300 1900 oportet
1331 1831 1474 1886 ﬁlios
1499 1832 1817 1897 emendare,
1868 1832 1937 1885 ad

2042 642 2099 695 in
2118 643 2210 696 eis.
2242 638 2355 710 Ego
2380 657 2499 696 sum
2529 639 2789 695 Dominus
2817 640 2959 696 Deus
2989 649 3179 697 vester.
3214 640 3449 696 Maxima
3500 642 3620 696 dia-

2040 730 2205 787 bolici
2239 730 2460 797 erroris,
2511 740 2568 786 et
2598 730 2808 787 fraudis
2862 731 3096 801 species,
3148 731 3625 803 ventriloquorum

2041 832 2129 878 est
2155 820 2468 892 exquisitio.
2511 821 2673 879 Unde
2702 830 2759 876 et
2788 821 2989 877 Paulus
3036 822 3273 892 puellam
3304 822 3623 889 inveniens,

2026 902 2296 985 [spiritum
2331 914 2626 970 habentem
2656 913 2941 984 Pythonis,
2987 913 3238 984 quamvis
3289 914 3624 972 daemonium

2042 1019 2239 1075 magna
2269 1004 2339 1060 de
2367 1003 2487 1073 ipso
2515 1011 2572 1059 et
2593 1003 2704 1058 Sila
2731 1004 3071 1072 praedicaret,
3118 1012 3177 1061 et
3232 1005 3444 1062 diceret
3477 1024 3491 1059 :
3552 1007 3625 1062 Hi

2042 1094 2275 1149 homines
2293 1094 2430 1149 servi
2448 1093 2549 1149 Dei
2574 1094 2769 1151 excelsi
2797 1104 2938 1160 sunt,
2990 1096 3080 1165 qui
3131 1096 3451 1150 aununtiant
3482 1098 3628 1151 uobis

2041 1186 2185 1239 uiam
2213 1185 2454 1240 ueritatis
2478 1185 2554 1252 ἰς
2590 1185 2794 1241 malum
2811 1196 2992 1241 tamen
3021 1185 3276 1256 spiritum
3307 1185 3623 1258 increpans,

2040 1277 2320 1350 eﬁugavit.
2338 1277 2643 1334 Pessimum
2692 1286 2777 1333 est
2829 1276 2996 1333 etiam
3025 1285 3083 1333 et
3128 1276 3388 1333 veneﬁcis
3443 1277 3631 1334 adhae-

2041 1384 2186 1437 rere,
2214 1368 2344 1440 quia
2371 1370 2683 1427 dmmonum
2734 1368 3087 1425 inimicorum
3137 1368 3319 1435 nobis,
3353 1378 3411 1426 et
3454 1372 3632 1441 pesti-

2043 1461 2279 1516 lentium
2311 1460 2538 1516 nomina
2556 1459 2768 1515 dicunt.
2796 1458 2901 1526 Qui
2924 1460 3026 1515 etsi
3077 1460 3147 1515 ad
3169 1459 3337 1517 breve
3378 1470 3620 1532 tempus,

2042 1552 2178 1608 utin
2202 1566 2443 1608 errorem
2461 1550 2702 1616 mittant,
2727 1550 2983 1606 videntur
2995 1550 3212 1626 operari
3232 1551 3458 1620 aliquid,
3479 1559 3629 1622 quod

2043 1645 2111 1697 ad
2135 1642 2476 1713 corporalem
2499 1642 2793 1698 sanitatem
2813 1641 2922 1697 vile
2942 1651 2998 1697 et
3015 1658 3270 1713 parvum,
3283 1645 3444 1713 quale
3460 1647 3627 1701 etiam

2047 1736 2287 1806 imperiti
2309 1734 2508 1791 medici
2536 1733 2754 1805 operari
2789 1743 3040 1804 possunt,
3101 1744 3477 1792 verumtamen
3525 1752 3631 1793 nec

2047 1828 2152 1883 hoc
2187 1836 2248 1881 ut
2278 1826 2430 1890 boni,
2494 1840 2674 1897 neque
2735 1835 2793 1881 ut
2823 1825 2964 1881 bene
3015 1825 3264 1882 volentes
3310 1827 3630 1884 hominibus

365 1918 782 1975 fornicationem
811 1936 914 1977 nos
945 1921 1259 1986 hortantur,
1304 1931 1662 1993 provocantes
1717 1931 1811 1977 aut
1856 1922 1938 1976 vi-
1971 1916 2012 1971 Β
2040 1925 2358 1987 operantur,
2386 1916 2482 1971 sed
2508 1916 2566 1971 ill
2600 1915 2917 1972 servitutem
2947 1916 3069 1972 11108
3118 1917 3363 1989 redigere
3382 1927 3449 1975 et.
3469 1919 3635 1975 εἰ)εο

362 2022 552 2068 ventes
578 2013 828 2082 turpiter,
859 2022 921 2068 ιιι
938 2013 1041 2083 ipsi
1061 2014 1129 2068 ad
1159 2014 1520 2070 imitationem
1548 2014 1942 2085 parentum,ad

365 2106 567 2161 malum
592 2106 905 2171 illiciantur,
942 2107 1177 2176 piaculo,
1226 2107 1314 2163 vel
1370 2109 1673 2163 secundum
1710 2106 1942 2177 Septua-

363 2198 537 2269 ginta,
559 2197 933 2294 fornicatione
954 2208 1098 2252 terra
1133 2199 1458 2269 completur,
1508 2206 1566 2254 et
1608 2199 1679 2254 ad
1716 2213 1939 2254 onmem

364 2285 601 2356 speciem
638 2285 933 2356 impietatis
960 2286 1199 2357 proﬁcit,
1232 2289 1359 2357 quia
1404 2303 1501 2344 eos
1518 2288 1612 2359 qui
1635 2288 1944 2344 eruditores

364 2393 487 2432 esse
528 2378 857 2445 debuerunt,
913 2379 982 2434 ad
1042 2379 1244 2434 malum
1295 2380 1448 2451 pueri
1474 2381 1798 2453 paedagogos
1845 2380 1942 2435 ha—

363 2469 514 2525 bent.
576 2468 684 2525 Sed
726 2486 831 2526 nec
880 2471 1120 2526 animam
1168 2480 1437 2538 nostram,
1476 2488 1597 2542 quae
1625 2472 1781 2528 nobis
1835 2472 1943 2527 ﬁlia

365 2560 641 2631 unigenita
669 2570 772 2626 est,
816 2562 891 2616 ita
910 2570 969 2616 ut
991 2560 1158 2617 David
1196 2562 1408 2619 diceret
1435 2580 1449 2617 :
1480 2562 1673 2618 Libera
1702 2582 1736 2619 a
1775 2563 1943 2618 leoni-

363 2653 457 2708 bus
480 2654 694 2707 unicam
724 2670 897 2708 meum
928 2655 972 2686 ⁵¹
1006 2672 1020 2708 :
1051 2663 1108 2709 et
1149 2671 1163 2707 :
1220 2655 1300 2710 De
1326 2672 1489 2711 manu
1529 2658 1678 2711 cauis
1724 2657 1937 2711 unicam

365 2762 537 2801 meam
571 2745 640 2811 ⁸¹,
680 2746 1101 2816 prostituamus,
1138 2762 1174 2802 a
1225 2747 1336 2803 Deo
1362 2748 1507 2803 illam
1551 2748 1943 2804 discessionem

364 2837 647 2903 docentes,
669 2853 739 2892 ne
771 2836 1075 2893 fornicante
1122 2837 1306 2892 anima
1357 2836 1664 2894 fornicetur
1716 2847 1775 2893 et
1820 2853 1944 2894 cor-

364 2944 492 3000 pus.
523 2928 639 2985 Hoc
662 2930 808 2985 enim
840 2938 1008 2997 terra,
1037 2939 1225 3001 utpote
1254 2932 1400 3001 quod
1455 2930 1525 2986 de
1568 2940 1715 2986 terra
1762 2940 1942 2988 ortum

364 3030 469 3084 est,
493 3030 548 3077 et
587 3022 640 3075 in
672 3030 872 3077 terram
902 3030 1230 3089 revertetur,
1264 3022 1588 3093 appellatur.

437 3111 508 3167 Et
532 3112 819 3184 impleatur
845 3113 1078 3184 piaculo,
1110 3114 1198 3169 vel
1224 3114 1368 3170 sicut
1392 3113 1943 3186 Septuaginta,qu-

366 3203 519 3259 terio.
543 3202 707 3257 Ebrio
733 3202 936 3274 quippe
961 3217 1198 3268 scssore,
1231 3218 1406 3274 equus
1429 3203 1675 3259 defertur
1700 3204 1756 3259 in
1804 3220 1944 3276 pra:-

365 3309 515 3364 ceps.
551 3294 597 3350 A
631 3293 742 3350 Deo
770 3294 1061 3353 recedente
1104 3295 1308 3363 anima,
1332 3295 1515 3352 omnis
1548 3294 1813 3367 iniquitas
1848 3296 1946 3353 do-

366 3384 607 3440 minatur
628 3385 684 3439 in
717 3400 967 3456 corpore.

437 3474 601 3532 Vens.
630 3478 718 3534 50.
759 3496 778 3530 ι
818 3478 1057 3536 Sabbata
1100 3495 1222 3536 mea
1250 3480 1545 3548 custodite,
1598 3489 1655 3538 et
1692 3490 1947 3539 sanctua-

364 3570 509 3625 rium
539 3586 722 3627 meum
750 3573 1000 3629 metuite.
1026 3572 1137 3645 Ego
1155 3572 1443 3631 Dominus.
1485 3591 1505 3626 ι

439 3661 592 3717 Sicut
654 3678 763 3719 uno
816 3664 1117 3720 exsistente
1164 3665 1389 3734 speciali
1414 3664 1674 3732 Sabbato,
1710 3666 1947 3736 septima

365 3749 621 3806 videlicet
639 3751 746 3818 die,
780 3768 943 3809 omne
970 3752 1118 3809 aliud
1145 3753 1451 3825 legitimum
1476 3754 1678 3810 ostium
1737 3753 1947 3810 Sabbu—

368 3853 482 3898 tum
511 3843 836 3913 appellatur,
863 3844 909 3899 si
939 3860 1063 3900 cum
1091 3845 1364 3917 generalis
1407 3845 1478 3900 sit
1525 3844 1860 3901 abstinentia
1914 3862 1946 3902 a

366 3933 532 3997 malo.
558 3935 664 3990 hoc
692 3936 842 3990 enim
872 3952 1063 3992 revera
1080 3936 1267 3991 studet
1312 3935 1593 4009 legislator
1621 3935 1944 4002 Sabbatum,

365 4034 423 4079 et
446 4040 543 4094 per
573 4024 783 4097 singula
812 4041 1043 4096 quaeque
1095 4025 1353 4082 recedere
1381 4024 1541 4079 nobis
1567 4038 1599 4079 a
1622 4022 1767 4079 malo
1802 4039 1946 4094 prae-

364 4119 530 4189 cepit.
560 4118 676 4173 Iloc
706 4118 854 4174 enim
885 4118 1135 4185 fulciens,
1167 4117 1413 4173 addidit:

436 4211 819 4266 Sanctuarium
866 4219 1040 4265 meum
1076 4210 1312 4265 metuite.
1369 4208 1466 4263 Vel
1517 4208 1663 4265 sicut
1716 4208 1948 4279 Septua-

363 4302 535 4375 ginta,
553 4299 750 4356 Sancta
774 4318 891 4356 mea
919 4301 1198 4356 timcbitis:
1219 4300 1347 4371 quia
1370 4299 1832 4369 quemadmodum
1854 4313 1942 4363 eo,

364 4394 459 4465 qui
489 4409 600 4464 quo
622 4392 827 4448 debent
847 4393 1009 4449 modo
1029 4393 1300 4449 accedunt
1324 4393 1392 4449 ad
1440 4408 1522 4457 ea,
1580 4392 1943 4458 sanctiﬁcent,

364 4486 447 4541 sic
480 4484 536 4539 lii
582 4485 676 4555 qui
711 4485 895 4556 inique
952 4493 1292 4555 praesumunt
1326 4484 1384 4539 in
1421 4485 1524 4549 eis,
1559 4493 1752 4539 etnon
1787 4483 1946 4554 prius

2045 2022 2299 2077 separare
2350 2006 2652 2075 cupientes.
2706 2005 2814 2063 Sed
2872 2021 2976 2061 nec
3013 2007 3403 2078 ventriloquos,
3436 2010 3492 2065 id
3522 2019 3629 2078 est,

2044 2098 2210 2154 falsos
2236 2097 2532 2169 prophetas
2559 2113 2871 2169 sequamur,
2913 2099 3008 2169 qui
3047 2100 3269 2157 nomine
3315 2101 3413 2158 Dei
3446 2102 3627 2160 aliena

2044 2204 2075 2243 a
2106 2189 2218 2244 Deo
2243 2189 2462 2255 docent,
2494 2199 2551 2244 et
2580 2190 2912 2261 prophetam
2944 2208 2958 2245 :
2989 2189 3083 2262 Qui
3126 2193 3453 2264 ventriloqui
3484 2194 3633 2265 iuste

2045 2278 2320 2347 dicuntur,
2345 2281 2499 2350 quasi
2532 2280 2857 2353 inlelligibill
2902 2292 3092 2338 ventre
3114 2283 3200 2340 sui
3237 2285 3436 2351 cordis,
3470 2286 3632 2342 fabu-

2044 2371 2125 2426 las
2153 2371 2436 2441 quasdam,
2469 2371 2526 2426 id
2547 2380 2651 2437 est,
2679 2371 2843 2428 falsas
2885 2372 3180 2441 doctrinas,
3215 2384 3273 2430 et
3315 2376 3632 2446 prophetias

2044 2464 2405 2535 proferentes,
2462 2465 2532 2520 de
2579 2465 2780 2535 quibus
2828 2480 2929 2536 per
2970 2466 3314 2523 Ezechielem
3371 2467 3637 2526 Dominus

2045 2556 2216 2613 dixit:
2254 2556 2339 2612 Va:
2362 2555 2628 2626 prophetis
2680 2556 3051 2627 insipientibus
3098 2559 3189 2627 qui
3216 2570 3506 2630 sequuntur
3524 2562 3634 2629 spi-

2045 2651 2211 2704 ritum
2246 2665 2403 2705 suum
2432 2651 2500 2704 ".
2524 2648 2590 2704 lli
2608 2656 2665 2705 et
2693 2649 2944 2713 veneﬁci,
2981 2660 3043 2707 ut
3096 2650 3192 2721 qui
3242 2666 3368 2706 cum
3425 2652 3636 2709 blandi-

2044 2750 2231 2797 mento
2260 2741 2518 2811 quodam,
2552 2751 2610 2796 et
2657 2740 2849 2796 fraude
2895 2741 3089 2798 domos
3134 2742 3522 2814 ingredientes,
3576 2754 3637 2800 et

2044 2831 2285 2901 captivas
2312 2831 2577 2886 ducentes
2602 2829 2952 2886 mulierculas
2984 2841 3241 2888 oneratas
3265 2833 3525 2903 peccatis,
3555 2837 3636 2890 si-

2044 2930 2135 2978 cut
2160 2922 2236 2977 ait
2264 2921 2463 2977 Paulus
2484 2921 2549 2987 ⁸⁶,
2574 2929 2722 2977 recte
2748 2922 3127 2992 appellantur:
3154 2922 3211 2978 in
3234 2924 3322 2981 his
3345 2939 3476 2996 ergo
3486 2939 3635 2996 pra:-

2043 3013 2189 3086 cepit
2223 3029 2335 3069 non
2362 3010 2550 3084 pollui.
2581 3012 2840 3068 Polluunt
2886 3013 3033 3069 enim
3092 3030 3379 3071 sermones
3439 3031 3632 3073 eorum

2043 3121 2141 3162 eos
2176 3104 2270 3176 qui
2296 3103 2378 3160 eis
2406 3104 2690 3162 obediuut.
2737 3104 2894 3161 Unde
2940 3114 2997 3160 et
3055 3106 3265 3165 addidit
3302 3123 3316 3161 :
3358 3106 3466 3178 Ego
3512 3125 3634 3163 sum

2048 3198 2309 3253 Dominus
2342 3197 2478 3252 Deus
2503 3207 2691 3252 vester.
2748 3197 2852 3253 Per
2898 3197 3270 3268 evangelicam
3324 3198 3633 3256 doctrinam

2050 3289 2240 3346 dicens
2271 3306 2288 3341 :
2317 3290 2586 3362 Attendite
2619 3290 2699 3344 liis
2748 3290 2840 3361 qui
2867 3290 3083 3345 veniunt
3142 3290 3212 3344 ad
3238 3306 3326 3345 vos
3366 3286 3424 3344 in
3472 3292 3635 3346 uesti-

2050 3383 2236 3438 mentis
2265 3382 2460 3451 arium,
2520 3382 2839 3437 intrinsecus
2895 3391 3073 3437 autem
3122 3391 3242 3437 sunt
3297 3381 3403 3452 lupi
3465 3399 3634 3451 rapa-

2048 3491 2131 3530 ces
2147 3475 2213 3529 ⁸⁷.
2689 3533 2694 3538 ,

2120 3566 2284 3624 Vens.
2315 3568 2404 3626 52.
2440 3588 2458 3621 ι
2487 3569 2685 3628 Coram
2732 3584 2872 3626 cano
2900 3570 3079 3639 capite
3110 3582 3397 3640 consurge,
3427 3577 3485 3623 et
3530 3569 3637 3624 ho—

2047 3674 2183 3714 nora
2213 3674 2504 3731 personam
2528 3660 2677 3718 senis
2698 3670 2754 3717 et
2776 3662 2909 3716 time
2940 3658 3230 3714 Dominum
3256 3659 3424 3714 Deum
3453 3668 3630 3714 tuum.

2049 3752 2162 3824 Ego
2183 3767 2307 3808 sum
2344 3752 2628 3809 Dominus.
2668 3771 2686 3803 ›

2121 3841 2334 3898 Bonum
2364 3852 2452 3898 est
2469 3843 2714 3912 quidem,
2749 3852 2807 3898 et
2826 3857 2953 3897 eum
2983 3843 3076 3913 qui
3092 3843 3208 3912 jam
3264 3843 3335 3898 ad
3376 3842 3635 3899 canitiem

2048 3935 2298 4005 pervenit
2320 3935 2612 4000 honorare,
2644 3935 2809 3990 habet
2864 3934 3014 3989 enim
3046 3943 3263 4005 tempus
3290 3934 3495 4005 aliquid
3515 3935 3636 3990 ain-

2047 4028 2191 4098 plius
2210 4027 2405 4099 procul
2428 4026 2595 4083 dubio
2628 4028 2699 4084 ad
2724 4027 3090 4098 prudentiam,
3138 4028 3235 4083 sed
3264 4037 3321 4084 et
3368 4029 3634 4084 honorem

2047 4134 2213 4190 quem
2277 4117 2715 4189 provectioribus
2770 4118 3172 4188 impendimus,
3239 4135 3351 4176 non
3416 4135 3636 4190 quoque

2047 4227 2078 4266 a
2109 4210 2410 4266 minoribus
2431 4211 2783 4277 merebimur,
2829 4219 2994 4280 atque
3029 4226 3096 4265 ex
3134 4212 3239 4266 hoc
3269 4212 3405 4267 ordo
3458 4213 3638 4268 bonus

2047 4303 2216 4359 vitam
2246 4311 2495 4358 nostram
2521 4300 2579 4355 in
2606 4301 2895 4358 honestate
2931 4301 3267 4365 custodiens,
3316 4301 3476 4357 nobis
3498 4303 3636 4371 “pro-

2047 4393 2282 4466 ﬁigatur.
2309 4393 2520 4450 Canum
2552 4400 2757 4459 autem,
2780 4407 2911 4448 vere
2968 4407 3179 4458 senem,
3231 4392 3288 4449 id
3347 4401 3451 4457 est,
3508 4409 3635 4448 cum

2047 4486 2309 4560 intelligo,
2339 4487 2409 4541 de
2435 4499 2546 4556 quo
2565 4485 2642 4541 ait
2664 4484 2907 4556 Moyses:
2932 4484 3206 4554 Interroga
3236 4493 3441 4552 patrem
3464 4495 3634 4543 tuum.

365 4576 691 4648 semetipsos
737 4577 898 4632 sorde
944 4576 1166 4633 malitiae
1213 4584 1467 4647 purgant,
1533 4584 1699 4646 atque
1758 4575 1839 4630 sic
1877 4574 1945 4629 ad
1978 4609 2023 4665 υ
2050 4588 2100 4634 et
2129 4577 2467 4633 annuntiabit
2491 4576 2863 4642 tibi;seuiores
2902 4584 3037 4641 tuos,
3062 4584 3111 4630 et
3133 4577 3303 4630 dicent
3321 4577 3415 4630 tibi
3441 4576 3639 4634 “.Sed

365 4668 571 4724 munda
606 4668 896 4735 accedunt,
926 4676 1307 4738 corrumpunt,
1334 4666 1451 4722 sive
1505 4666 1850 4737 disperdunt,
1882 4666 1950 4722 si-

366 4770 463 4816 cut
499 4759 703 4825 Nadab,
745 4766 801 4814 et
824 4757 987 4825 Abiu,
1018 4767 1075 4813 et
1108 4758 1203 4812 lilii
1232 4757 1373 4812 Heli.
1427 4756 1585 4812 Unde
1630 4766 1687 4812 et
1744 4755 1948 4812 Paulus

366 4851 546 4907 dehis
574 4852 667 4921 qui
700 4851 1158 4920 incircumspecte
1191 4850 1420 4921 mystica
1452 4848 1788 4920 percipiunt,
1814 4850 1951 4905 sub-

364 4943 503 4998 didit
532 4960 544 4995 :
575 4941 860 5013 Propterea
892 4941 1043 4997 multi
1073 4942 1128 4996 in
1160 4942 1303 4997 vobis
1329 4923 1547 5012 ir’ﬁrmi,
1574 4954 1620 4997 et
1644 4942 1945 5010 imbecilles,

363 5044 416 5089 et
450 5034 717 5088 dormiunt
744 5034 983 5088 multi”.
1020 5032 1177 5090 Unde
1203 5043 1257 5089 et
1294 5048 1441 5089 nunc
1485 5033 1761 5105 legislator
1795 5034 1950 5089 addi-

364 5123 486 5178 dit:
547 5121 659 5194 Ego
699 5123 975 5189 Dominus,
1012 5122 1066 5178 id
1119 5132 1222 5189 est,
1273 5133 1516 5188 sanctus,
1576 5124 1707 5179 etin
1744 5124 1949 5179 sanctis

368 5214 648 5281 habitans,
706 5225 762 5270 et
822 5215 1134 5271 necessario
1192 5215 1416 5288 exigens
1479 5225 1795 5271 sanctorum
1823 5216 1948 5271 viu-

369 5304 595 5360 dictam.

443 5395 605 5451 Vsns.
627 5397 716 5452 3i.
757 5417 775 5449 ι
805 5396 917 5453 Nec
937 5398 1226 5453 declinetis
1263 5397 1333 5454 ad
1363 5414 1569 5469 magos,
1590 5414 1695 5454 nec
1715 5399 1784 5455 ab
1806 5398 1952 5454 ario-

369 5485 441 5541 lis
472 5486 679 5557 aliquid
718 5487 1093 5551 sciscitemiui,
1123 5499 1181 5543 ut
1212 5489 1529 5559 polluamini
1557 5506 1654 5559 per
1676 5504 1793 5545 eos.
1832 5509 1850 5541 ι

438 5578 794 5653 Septuaginta
831 5589 1013 5635 autem
1038 5580 1208 5635 edunt
1240 5598 1253 5634 :
1305 5579 1426 5635 Non
1449 5582 1729 5651 sequimini
1751 5583 1951 5636 ventri-
1984 5583 1993 5591 ’

2055 4681 2113 4728 et
2138 4670 2340 4726 Paulus
2372 4685 2385 4724 :
2425 4669 2721 4738 Presbyteri
2742 4667 2944 4736 duplici
2999 4667 3195 4722 honore
3223 4668 3371 4739 digni
3398 4668 3635 4723 habean-

2057 4773 2165 4828 tur,
2201 4762 2433 4816 maxime
2451 4761 2542 4832 qui
2570 4760 2818 4814 laborant
2844 4759 2900 4813 in
2920 4761 3074 4814 verbo
3094 4769 3142 4814 et
3166 4760 3407 4815 doctrina
3439 4760 3508 4817 ⁸⁸.
3529 4759 3638 4815 Sed

2055 4863 2113 4911 et
2140 4853 2332 4910 Daniel
2359 4868 2484 4909 cum
2510 4860 2657 4907 esset
2676 4865 2833 4921 puer,
2879 4860 2937 4906 et
2964 4851 3178 4920 iudices
3219 4860 3384 4921 atque
3410 4852 3637 4923 presby-

2056 4956 2204 5002 teros
2231 4945 2418 5017 populi
2437 4942 2812 5000 criminantes.
2847 4942 3156 4997 Susannam
3179 4951 3453 5013 argueret,
3484 4942 3639 4998 dicc-
3705 4978 3721 4990 .

2055 5039 2189 5095 bant
2210 5037 2299 5094 alii
2322 5034 2622 5108 presbyteri
2650 5053 2665 5092 :
2706 5034 2850 5098 Veni,
2882 5036 3004 5090 sede
3024 5035 3081 5088 in
3104 5035 3277 5089 medio
3302 5044 3559 5096 nostrum,
3588 5042 3638 5087 et

2056 5134 2107 5180 et
2131 5127 2392 5179 annuntia
2427 5122 2594 5188 nobis,
2619 5124 2745 5194 quia
2780 5123 2875 5177 tibi
2901 5123 3042 5178 Deus
3060 5123 3202 5177 dedit
3223 5123 3469 5177 honorem
3487 5138 3638 5176 sene-

2058 5220 2212 5273 ctutis
2245 5217 2291 5249 ⁶⁰
2334 5233 2348 5270 :
2384 5225 2445 5271 ut
2490 5216 2891 5280 ostenderetur,
2942 5215 3068 5284 quia
3130 5213 3410 5283 sapientia:
3468 5213 3639 5284 magis

2056 5323 2220 5377 quam
2268 5307 2442 5362 aetatis
2474 5314 2558 5361 est
2586 5305 2903 5377 presbyterii
2925 5304 3175 5375 dignitas.
3266 5333 3275 5340 -

2048 5464 2049 5467 η
2137 5395 2531 5460 γειιε.55,54.
2564 5414 2582 5447 ι
2622 5395 2680 5451 Si
2730 5393 3057 5450 habitaverit
3115 5396 3325 5449 advena
3384 5392 3440 5446 in
3496 5401 3640 5448 terra

2061 5497 2259 5552 vestra,
2288 5495 2342 5541 et
2367 5496 2613 5542 moratus
2642 5486 2808 5541 fuerit
2832 5485 2975 5539 inter
3005 5498 3121 5549 vos,
3184 5499 3254 5538 ne
3297 5485 3641 5556 exprobretis

2060 5580 2131 5648 ei,
2164 5579 2260 5634 sed
2282 5579 2356 5633 sit
2384 5579 2526 5635 inter
2555 5594 2653 5634 vos
2681 5576 2836 5649 quasi
2875 5575 3150 5649 indigena,
3173 5584 3230 5632 et
3250 5577 3485 5649 diligetis
3511 5593 3633 5633 cum

437 5783 483 5817 "
508 5746 653 5839 Psal.
695 5798 877 5849 xxxrv,
915 5781 1004 5835 17.
1079 5783 1125 5852 η
1159 5781 1300 5851 Psal.
1338 5799 1449 5847 nt,
1471 5784 1563 5839 2|.
1641 5783 1693 5815 ⁸³
1728 5782 1747 5838 l
1777 5783 1903 5838 Cor.
1942 5799 2022 5845 ιιι,
2046 5781 2134 5835 50.
2166 5783 2171 5788 ’
2211 5781 2256 5813 ³⁵
2278 5783 2399 5837 Act.
2436 5798 2548 5843 xvi.
2585 5781 2674 5836 Π.
2763 5782 2809 5817 ⁸⁸
2842 5783 3040 5840 Ezech.
3072 5798 3192 5852 xm,
3223 5781 3278 5840 5.
3352 5782 3465 5841 "ll
3495 5782 3637 5844 Tim.

362 5866 459 5921 ιιι,
489 5853 544 5908 6.
624 5853 673 5886 ⁸⁷
697 5852 887 5908 Matth.
915 5867 1010 5919 vn,
1060 5851 1145 5909 15,

1225 5854 1271 5885 ⁸⁵
1294 5848 1456 5908 Deut.
1486 5870 1653 5919 xxxn,
1688 5856 1739 5908 7.
1816 5855 1859 5886 ”
1900 5852 1917 5905 Ι
1951 5853 2092 5909 Τίιυ.
2135 5871 2187 5920 v,
2215 5853 2302 5906 l7.
2380 5855 2439 5929 ⁶⁰⁴
2459 5852 2593 5912 Dan.
2625 5868 2740 5923 xm,
2768 5854 2855 5911 50.
