3988 6222
480 388 618 457 1039

1677 380 2038 441 HESYCHH
2077 379 2552 454 PRESBYTERI

3573 378 3628 445 10
3636 383 3678 447 ill

478 509 627 569 quasi
658 502 1018 573 vosmetipsos
1053 518 1069 557 :
1105 501 1309 555 Fuistis
1337 500 1483 554 enim
1513 508 1566 553 et
1602 513 1699 554 vos
1725 498 1950 553 advenae
2004 498 2059 552 in
2095 510 2134 563 Α
2164 512 2258 555 aut
2308 502 2416 557 alio
2469 501 2713 572 quolibet
2752 502 2915 556 modo
2975 498 3416 554 contrahentibus
3458 517 3681 559 mensula.-

476 607 618 651 terra
641 594 878 665 Egypti.
920 594 1033 664 Ego
1065 590 1329 647 Dominus
1367 590 1512 645 Deus
1546 598 1744 646 vester.
1789 608 1807 640 ι

544 683 771 738 Terram
832 682 1013 744 nobis.
1063 696 1094 735 ιι
1146 682 1259 735 Deo
1314 681 1495 734 datam
1530 721 1544 744 ,
1604 694 1725 733 esse
1788 678 2057 732 culturam

472 774 735 831 virtutum
767 816 781 841 ,
838 773 1149 842 bonamque
1214 773 1336 839 ejus
1395 770 1701 826 doctrinam
1739 810 1753 834 ,
1805 768 2059 838 superius

472 868 729 923 diximus.
762 866 817 921 Si
843 865 968 935 quis
983 873 1165 919 autem
1209 864 1277 919 ad
1310 865 1451 917 hanc
1476 860 1772 916 accesserit
1826 861 2054 923 advena,

470 957 724 1013 videlicet
758 956 948 1010 velens
976 954 1218 1010 converti
1240 953 1307 1007 ad
1335 961 1578 1007 nostram
1607 952 1788 1013 tidem,
1820 960 1875 1004 et
1902 958 2058 1005 terra:

473 1045 619 1099 illius
642 1044 781 1100 civis
805 1044 1101 1108 conscribi,
1126 1044 1193 1097 de
1223 1058 1330 1112 qua
1359 1043 1560 1098 Paulus
1605 1042 1680 1096 ait
1712 1060 1724 1095 :
1752 1040 2055 1103 Accessistis

472 1138 543 1190 ad
578 1134 708 1191 Sion
736 1144 986 1197 montem,
1007 1144 1055 1189 et
1079 1135 1149 1188 ad
1175 1136 1439 1188 civitatem
1468 1134 1566 1187 Dei
1596 1134 1807 1187 viventis
1838 1134 2058 1186 Jerusa-

474 1230 575 1284 lem
598 1229 884 1294 ewlestrm,
918 1236 968 1281 et
992 1227 1279 1281 multarum
1302 1227 1528 1280 millium
1589 1224 1897 1296 angelorum
1950 1225 2057 1293 fre-

475 1325 767 1394 quentiam,
798 1331 846 1376 et
879 1321 1169 1375 Ecclesiam
1225 1319 1632 1389 primitivorum,
1661 1319 1749 1388 qui
1776 1320 2059 1387 conscripti

473 1426 593 1471 sunt
616 1416 673 1469 in
701 1415 840 1469 caelis
872 1412 938 1468 ⁶¹.
959 1436 1029 1452 -ι
1052 1411 1171 1465 Νοη
1207 1411 1504 1481 aﬂiigamus
1535 1426 1678 1473 eum,
1708 1410 1762 1464 id
1789 1418 1891 1475 est,
1945 1425 2055 1464 non

476 1522 764 1581 gravemus
802 1514 990 1581 contra
1023 1519 1150 1559 eum
1206 1504 1417 1574 jngum,
1455 1510 1516 1555 ut
1556 1502 1716 1557 modo
1768 1502 1953 1573 genito
2005 1511 2061 1557 et

472 1580 689 1655 naviter
712 1580 957 1653 credcnii
987 1596 1233 1668 graviora
1272 1594 1527 1649 mandata
1573 1594 1939 1663 imponamus,
2000 1602 2060 1647 ut

472 1708 583 1748 non
610 1692 752 1747 sicut
784 1690 1038 1745 Pharismi
1060 1698 1116 1743 et
1143 1688 1348 1742 Scriba:
1389 1700 1702 1757 peccemus,
1735 1700 1873 1754 quos
1894 1700 2059 1739 accu-

472 1802 599 1842 sans
628 1785 888 1841 Dominus
910 1783 1125 1838 dicebat
1158 1800 1169 1834 ε
1196 1781 1437 1852 Alligant
1464 1795 1626 1833 onera
1652 1781 1839 1850 gravia
1886 1788 1935 1832 et
1957 1779 2059 1832 im-

471 1877 781 1947 portubilia,
816 1886 864 1931 et
894 1884 1092 1945 ponunt
1139 1888 1294 1942 super
1317 1872 1560 1925 humeros
1613 1870 1905 1935 hominum,
1955 1869 2057 1937 ipsi
2090 1856 2132 1916 Β

474 1980 655 2024 autem
686 1970 853 2039 digito
873 1984 968 2021 suo
995 1984 1097 2020 non
1129 1965 1313 2020 volunt
1358 1982 1421 2019 ea
1451 1978 1656 2017 movere
1680 1964 1747 2018 °’.
1775 1961 1896 2017 Non
1926 1970 2057 2033 ergo

473 2059 522 2127 ei
553 2058 649 2128 qui
681 2058 896 2112 accedit
921 2057 988 2111 ad
1018 2055 1203 2121 ﬁdem,
1232 2056 1336 2110 hoe
1382 2056 1665 2121 facientes,
1703 2062 1759 2109 et
1808 2053 2057 2124 quasdam

474 2150 664 2222 iugalia
697 2149 766 2203 ab
795 2162 862 2203 eo
885 2148 1185 2218 exigentes,
1218 2146 1522 2218 allligamus
1549 2162 1697 2201 eum.
1735 2144 1818 2200 Sit
1873 2153 2058 2199 autem

473 2238 632 2295 nobis
684 2239 827 2295 sicut
891 2238 1143 2310 indigena
1191 2242 1283 2309 qui
1340 2239 1584 2294 nutritus
1614 2248 1698 2294 est
1732 2239 1790 2292 in
1817 2237 1944 2305 dde,
2002 2247 2058 2292 et

473 2332 647 2389 crevit
675 2334 729 2386 in
753 2332 972 2402 pietate.
1000 2330 1155 2387 Unde
1183 2342 1238 2386 et
1260 2332 1453 2387 Petrus
1506 2333 1610 2387 boc
1637 2331 1925 2387 evidenter
1941 2344 2061 2384 san-

473 2428 644 2491 ciens,
677 2427 745 2481 ad
774 2441 869 2481 eos
895 2426 988 2496 qui
1008 2426 1265 2481 volebant
1293 2425 1685 2481 circumcidere
1714 2425 1782 2480 de
1806 2423 2061 2496 gentibus

477 2520 827 2575 credentibus
873 2520 1087 2574 dicebat
1120 2535 1131 2570 :
1167 2518 1304 2584 Quid
1330 2519 1543 2572 tentatis
1575 2517 1859 2572 Dominum
1889 2517 2060 2585 impo-

476 2629 598 2668 nere
611 2613 803 2683 jugum
857 2627 1014 2681 super
1054 2610 1274 2665 cervices
1327 2609 1726 2679 discipulorum,
1775 2609 1913 2680 quod
1969 2624 2064 2662 nec

475 2712 653 2773 patres
685 2703 859 2768 vestri,
899 2718 991 2756 nec
1015 2717 1108 2755 nos
1142 2702 1407 2771 potuimus
1467 2710 1682 2769 portare
1709 2700 1792 2754 “‘2
1817 2699 1913 2754 sed
1963 2713 2062 2769 per

478 2796 704 2868 gratiam
733 2796 864 2851 Jesu
888 2794 1096 2850 Christi
1117 2794 1391 2848 credimus
1442 2793 1661 2859 salvari,
1690 2793 1833 2848 sicut
1858 2792 1957 2846 illi.
2002 2790 2059 2846 lu

478 2889 586 2944 hoc
608 2902 740 2959 ergo
765 2899 1213 2956 unumquemque
1249 2886 1537 2949 advenam,
1569 2883 1685 2938 sive
1716 2892 1778 2938 ut
1800 2882 1944 2937 LXX
1975 2881 2060 2937 di-

478 2991 627 3048 cunt,
677 2981 1021 3050 proselytum,
1053 2977 1194 3033 sicut
1222 2977 1589 3046 nosmetipsos
1636 2975 1945 3047 diligamus,
2003 2986 2065 3032 ut

477 3074 569 3129 illa
597 3072 979 3143 praecipiamus
995 3070 1074 3125 eis
1106 3078 1337 3135 tantum,
1367 3084 1468 3140 per
1495 3083 1636 3138 quos
1663 3068 2059 3139 nosmetipsos,

478 3164 524 3223 si
552 3181 615 3221 ea
647 3165 910 3237 gerimus,
942 3162 1138 3219 salvari
1184 3162 1484 3218 credimus.
1514 3161 1657 3217 Num
1685 3163 1787 3217 etsi
1826 3162 2061 3232 amplius

479 3257 743 3330 temporis
768 3257 835 3312 ab
863 3257 950 3311 his
978 3257 1071 3326 qui
1093 3270 1243 3310 nunc
1268 3255 1334 3309 ad
1354 3254 1513 3310 tidem
1545 3254 1837 3320 accedunt,
1871 3268 1975 3309 nos
2005 3253 2062 3309 in

479 3348 585 3405 ﬁde
610 3348 697 3418 pia
728 3347 1015 3411 habemus,
1037 3353 1419 3403 verumtamen
1437 3354 1492 3400 et
1518 3360 1624 3401 nos
1660 3360 1727 3401 ex
1753 3345 2068 3403 inﬁdelibus

479 3456 695 3508 sumus,
733 3450 829 3496 aut
854 3455 958 3494 nos
987 3440 1091 3511 ipsi
1148 3438 1302 3510 prius
1352 3437 1667 3495 inﬁdelibus
1712 3439 2063 3507 exsistentes,

479 3542 575 3591 aut
601 3533 669 3591 de
700 3532 902 3589 talibus
924 3531 1091 3604 geniti
1112 3531 1380 3601 patribus,
1408 3539 1464 3586 et
1488 3545 1682 3587 omnes
1706 3529 1930 3586 advena:
1958 3531 2068 3586 fui-

477 3642 603 3683 mus
630 3627 689 3682 in
741 3634 889 3682 terra
930 3623 1171 3697 Egypti,
1206 3624 1260 3679 id
1302 3632 1407 3689 est,
1465 3623 1520 3677 in
1563 3623 1833 3679 diabolica
1879 3639 2067 3681 errore

479 3727 533 3773 et
563 3717 811 3773 doctrina
838 3715 1214 3771 tenebrarum.
1238 3713 1507 3786 Egyptus
1535 3712 1683 3769 enim
1707 3715 1951 3781 tenear-az,
1980 3714 2068 3770 vel

481 3809 777 3864 obscuritas
810 3806 1224 3877 interpretatur.
1253 3805 1396 3877 Ergo
1420 3806 1584 3862 nimis
1607 3805 1909 3862 secundum
1925 3815 2067 3862 tem-

478 3916 585 3971 pus
614 3900 825 3956 addidit
858 3919 871 3955 :

550 3993 662 4063 Ego
716 3991 974 4046 Dominus
1008 3990 1149 4046 Deus
1175 3999 1365 4045 tester.
1420 3989 1479 4044 ld
1512 3997 1616 4056 est,
1645 3990 1737 4059 qui
1769 3999 1822 4046 et
1850 4005 1950 4047 vos
1996 3989 2067 4046 ab

479 4100 667 4139 errore
685 4083 922 4154 suscepi,
957 4083 1023 4138 de
1055 4097 1165 4152 quo
1196 4081 1396 4136 Paulus
1425 4080 1562 4135 dixit
1586 4098 1602 4134 :
1631 4079 1899 4137 Conclusit
1923 4080 2064 4136 Deus

481 4174 659 4228 omnia
700 4175 795 4229 sub
832 4173 1227 4237 incredulitate,
1257 4182 1316 4226 ut
1369 4173 1610 4227 omnibus
1650 4175 1966 4227 misereatur
1996 4175 2061 4227 “.

551 4265 715 4321 Vens.
747 4266 937 4321 '55-’57.
982 4283 1003 4315 ι
1029 4262 1209 4320 Nolite
1257 4261 1440 4317 facere
1468 4262 1716 4332 iniquum
1748 4262 1971 4333 aliquid,
2008 4263 2065 4317 in

475 4358 702 4430 judicio,
731 4357 786 4411 in
816 4355 1022 4429 regula,
1056 4355 1111 4409 in
1133 4354 1395 4425 pondere,
1430 4353 1486 4408 in
1517 4368 1798 4408 mensura.
1849 4354 2064 4409 Statera

474 4450 711 4518 justa,et
734 4464 888 4520 ecqua
920 4446 1034 4503 sint
1062 4446 1327 4518 pondera.
1356 4444 1550 4499 Justus
1580 4444 1818 4506 modius,
1843 4456 2064 4513 aequus-

2159 591 2360 645 dautur
2392 602 2442 647 et
2474 592 2734 662 pondera.
2770 591 3226 662 quemadmodum
3280 592 3417 663 leges
3448 593 3687 662 indit-anu-

2159 683 2260 737 bus
2300 703 2312 737 :
2339 685 2482 739 unde
2511 686 2579 739 de
2611 701 2719 739 non
2744 684 2991 739 faciendo
3021 686 3076 738 in
3098 684 3306 753 justum
3331 685 3538 754 judicio,
3555 685 3681 739 etiam

2159 776 2228 828 de
2270 788 2381 827 non
2413 775 2767 830 immutandis
2794 776 3013 830 stateris
3042 784 3097 829 et
3149 775 3490 845 ponderibus,
3524 791 3604 830 sex
3639 788 3685 829 et

2160 864 2228 917 de
2287 864 2545 929 sextario,
2603 864 2852 920 modiove
2906 865 3160 920 habendo
3214 866 3382 934 justo,
3414 866 3462 921 id
3504 877 3593 931 est,
3638 869 3688 921 de

2159 960 2307 1015 omni
2339 974 2595 1013 mensura
2623 959 2736 1013 vini
2778 968 2871 1013 aut
2895 960 3000 1013 olei
3051 957 3276 1014 addidit.
3315 958 3394 1014 Ab
3447 960 3579 1014 omni
3614 962 3693 1014 uti-

2159 1066 2267 1120 que
2296 1049 2582 1119 injustitia,
2614 1066 2733 1120 qua:
2764 1065 2893 1121 ergo
2934 1049 3242 1120 proximum
3272 1050 3487 1121 geritur,
3523 1060 3613 1104 tam
3649 1052 3688 1103 in

2161 1143 2482 1211 majoribus,
2506 1158 2670 1212 quam
2698 1143 2789 1196 in’
2804 1142 3112 1198 minoribus
3157 1142 3416 1212 praecepit
3459 1143 3689 1196 abstinen-

2160 1234 2310 1298 dum,
2337 1235 2462 1303 quia
2497 1234 2643 1303 quod
2679 1234 2942 1303 injustum
2992 1242 3095 1298 est,
3130 1234 3334 1303 ubique
3376 1233 3689 1288 abominabil-J

2160 1335 2281 1380 est:
2317 1326 2493 1395 placet
2522 1333 2707 1380 autem
2758 1326 2869 1380 Deo
2915 1341 3134 1395 semper
3163 1326 3311 1395 quod
3371 1327 3562 1396 justum
3610 1334 3690 1379 est.

2162 1417 2605 1487 l’rmtereﬁquod
2630 1417 2785 1471 diviti
2806 1418 3082 1487 possessio
3116 1417 3254 1488 agri,
3297 1427 3351 1472 et
3398 1419 3576 1473 domus
3613 1427 3690 1477 est,

2162 1509 2267 1563 hoc
2290 1508 2513 1578 pauperi
2537 1523 2794 1563 mensura
2822 1508 2955 1567 vini.
2988 1517 3045 1562 et
3075 1508 3261 1573 tritici,
3304 1517 3359 1563 et
3402 1509 3548 1578 panis
3589 1522 3691 1575 pon-

2161 1600 2263 1654 dus
2293 1608 2394 1665 est,
2421 1608 2479 1653 et
2500 1599 2606 1654 alia
2638 1614 2705 1653 ex
2729 1598 2931 1668 quibus
2975 1600 3140 1654 vitam
3169 1600 3529 1668 quotidianam
3559 1599 3693 1654 ducit.

2163 1688 2272 1745 Sed
2324 1690 2716 1760 necinjustum
2762 1688 3052 1759 injudieio
3079 1690 3281 1745 mentis
3310 1690 3574 1751 faciamus,
3620 1704 3697 1741 uec

2162 1797 2449 1837 mensuras
2473 1791 2530 1837 et
2559 1791 2793 1837 staterae
2847 1782 2990 1852 ejus,
3047 1798 3169 1852 quae
3209 1784 3524 1839 naturaliter
3571 1782 3698 1835 nobis

2161 1877 2322 1932 insita
2347 1884 2434 1931 est
2475 1875 2720 1945 iustitiae,
2786 1891 3204 1947 corrumpamus
3247 1878 3405 1932 aliter
3447 1885 3631 1938 nostra,
3656 1883 3698 1927 et

2159 1969 2399 2040 proximi
2440 1976 2669 2038 peccata
2701 1967 3032 2039 judicantes,
3066 1969 3145 2022 ait
3179 1969 3327 2022 enim
3349 1969 3625 2023 Dominus:
3650 1965 3700 2019 In

2159 2078 2261 2133 quo
2278 2061 2485 2131 judicio
2528 2060 2893 2129 judicaveritis
2947 2058 3328 2127 judicabimini
3368 2076 3386 2114 :
3439 2069 3484 2114 et
3525 2060 3573 2112 in
3617 2073 3699 2126 qua

2160 2169 2407 2209 mensura
2437 2153 2601 2207 mensi
2633 2152 2863 2223 fueritis,
2915 2152 3163 2205 metietur
3180 2151 3327 2205 vobis
3350 2152 3416 2204 ".
3447 2149 3587 2217 Quod
3610 2148 3702 2218 ipse

2162 2243 2551 2315 interpretans,
2583 2242 3051 2315 quemadmodum
3077 2243 3305 2298 deberet
3335 2241 3569 2313 intelligi,
3597 2243 3701 2294 sub-

2162 2336 2300 2393 didit
2339 2355 2353 2391 :
2398 2336 2537 2403 Quid
2561 2344 2739 2390 autem
2764 2336 2906 2389 vides
2927 2336 3187 2407 festucam
3242 2337 3300 2389 in
3361 2335 3503 2389 oculo
3552 2333 3701 2404 fratris

2162 2431 2263 2495 tui,
2296 2430 2499 2484 trabem
2522 2438 2720 2493 autem,
2749 2443 2867 2498 qua:
2893 2428 2949 2480 in
2978 2427 3130 2480 oculo
3155 2437 3246 2481 tuo
3269 2430 3371 2492 est,
3396 2443 3492 2481 non
3514 2423 3705 2479 uides"?

2166 2520 2281 2576 Sed
2311 2536 2412 2575 nec
2442 2521 2498 2574 in
2521 2519 2880 2591 ponderibus,
2917 2527 2975 2574 et
3020 2519 3244 2574 statcris
3282 2529 3338 2576 et
3366 2518 3618 2574 mensuris
3643 2516 3701 2570 di-

2161 2614 2304 2669 vinis
2329 2628 2648 2679 noceamus,
2675 2613 2772 2668 sed
2807 2612 2986 2683 justas
3043 2620 3301 2677 stateras,
3335 2623 3391 2668 et
3438 2622 3704 2671 mensuras,

2161 2713 2220 2758 et
2241 2704 2504 2774 pondera,
2540 2703 2593 2757 id
2618 2712 2724 2766 est,
2758 2702 2905 2774 leges
2928 2701 3227 2772 Scriptura:
3253 2703 3452 2758 divina:
3478 2699 3707 2756 custodia-

2167 2809 2311 2858 mus,
2344 2793 2666 2848 nullatenus
2697 2794 2778 2848 eis
2805 2801 3087 2859 stateram,
3116 2802 3213 2849 aut
3244 2795 3456 2865 pondus
3480 2792 3705 2864 superim-

2163 2894 2433 2955 ponentes
2471 2885 2754 2954 proprium
2793 2901 2807 2936 :
2844 2893 2900 2939 et
2928 2899 3107 2954 neque
3149 2886 3258 2941 hoc
3293 2885 3440 2956 quod
3467 2879 3708 2944 Pharisai,

2163 2978 2455 3046 patiamur,
2478 2977 2547 3032 de
2566 2976 2764 3046 quibus
2780 2976 2837 3031 in
2858 2977 3167 3049 Evangeliis
3192 2979 3459 3035 Dominus
3484 2977 3670 3033 dicebat
3692 3009 3705 3024 .

2164 3067 2341 3134 Quare
2365 3069 2802 3140 transgredimini
2832 3072 3090 3124 mandata
3140 3071 3259 3137 Dei,
3317 3082 3522 3142 propter
3568 3067 3707 3123 tradi-

2168 3163 2333 3216 tiones
2363 3171 2562 3217 vestras
2587 3162 2670 3214 ‘7?
2695 3161 2853 3215 illum
2873 3162 3018 3217 enim
3040 3164 3107 3218 ad
3140 3165 3462 3220 memoriam
3482 3170 3708 3221 nostrain.

2167 3256 2261 3327 qui
2291 3256 2408 3311 haec
2439 3255 2656 3312 locutus
2691 3264 2794 3321 est,
2822 3257 2910 3312 lex
2939 3270 3225 3321 revocans,
3248 3256 3520 3312 subdidit:

2235 3345 2350 3417 Ego
2381 3346 2638 3401 Dominus
2666 3348 2808 3402 Deus
2831 3357 3014 3415 vester,
3045 3349 3136 3418 qui
3166 3349 3328 3403 eduxi
3380 3364 3465 3402 vos
3487 3347 3545 3400 de
3595 3353 3709 3399 terra

2161 3437 2406 3509 Egypti.
2434 3438 2701 3494 Custodite
2733 3440 2909 3493 omnia
2928 3449 3191 3510 praecepta
3229 3454 3371 3505 mea,
3406 3448 3453 3494 et
3505 3438 3709 3493 universa

2155 3528 2391 3597 judicia,
2441 3538 2489 3583 et
2542 3529 2700 3599 facite
2737 3545 2822 3583 ea.
2878 3528 3237 3600 Septuaginta
3301 3539 3480 3585 autem
3526 3526 3709 3582 edunt:

2165 3619 2384 3676 Omnem
2411 3621 2574 3692 legem
2595 3638 2791 3689 meam,
2816 3631 2863 3676 et
2896 3624 3074 3676 omnia
3123 3616 3394 3693 praecepta
3444 3636 3590 3676 utea:
3623 3616 3713 3685 Ego

2165 3711 2441 3766 Dominus.
2475 3711 2780 3784 Duplicant,
2821 3713 2930 3784 Ego
2956 3714 3237 3780 Dominus,
3266 3725 3329 3771 ut
3359 3724 3417 3770 tu
3449 3724 3712 3785 cognosce-

2164 3820 2275 3871 res,
2303 3805 2431 3876 quia
2459 3806 2553 3876 qui
2587 3820 2690 3860 nos
2716 3802 2785 3861 de
2822 3815 2968 3861 terra
2991 3805 3208 3879 Αἴθῃ)ιί
3241 3807 3514 3863 sensibilis
3531 3802 3712 3863 eduxit.

2167 3905 2299 3953 tunc
2324 3898 2501 3969 legem
2524 3897 2681 3963 dans,
2705 3898 2823 3968 ipse
2851 3913 3000 3953 nunc
3022 3898 3091 3953 de
3131 3899 3464 3971 intelligibili
3517 3896 3714 3966 Egypt)

2167 3990 2524 4061 Evangelium
2554 3989 2858 4058 praedicans
2911 3988 3180 4048 liberavit.
3255 3988 3411 4046 Unde
3460 3997 3713 4061 postquam

2164 4081 2301 4136 dixit
2324 4081 2625 4136 secundum
2658 4080 3018 4152 Septuaginta
3049 4099 3065 4134 :
3113 4082 3390 4152 Custodite
3418 4097 3608 4137 omnem
3653 4076 3710 4128 le-

2164 4190 2280 4246 gem
2303 4190 2496 4239 meam,
2516 4175 2805 4244 oportebat
2832 4150 3315 4239 sullicerexomnia
3338 4177 3482 4232 enim
3499 4177 3575 4230 lex
3591 4184 3714 4227 com—

2162 4266 2449 4337 plectitur,
2475 4266 2682 4321 addidit
2731 4274 2913 4321 autem
2945 4281 2957 4318 :
2993 4266 3061 4320 Et
3098 4268 3281 4322 omnia
3311 4278 3564 4339 praecepta
3585 4274 3712 4319 mea;

2163 4374 2276 4414 non
2295 4357 2520 4428 judicia,
2549 4357 3098 4428 autjustiﬁcationes,
3149 4369 3248 4414 aut
3280 4358 3598 4421 testimonia,
3616 4367 3713 4424 qua:

2166 4450 2245 4505 sic
2279 4448 2541 4520 appellari
2572 4465 2673 4520 per
2723 4449 2898 4522 legem
2947 4449 3114 4519 Moysi
3167 4460 3588 4513 consueverunt,
3638 4448 3713 4500 sed

477 4557 585 4611 que
647 4541 938 4596 sextarius.
1009 4541 1122 4612 Ego
1178 4538 1442 4594 Dominus
1504 4537 1653 4590 Deus
1706 4543 1918 4601 vester,
1967 4535 2060 4604 qui
2096 4556 2138 4615 ο
2166 4549 2430 4609 prtecepta
2477 4556 2611 4600 mea,
2655 4540 2971 4609 evangelica
3028 4541 3287 4596 mandata
3348 4541 3712 4596 demonstrans,

479 4632 642 4687 eduxi
662 4646 758 4688 vos
785 4633 854 4690 de
873 4622 1018 4688 terra
1037 4631 1276 4704 Aigypti.
1321 4627 1608 4686 Custodite
1637 4626 1822 4681 omnia
1853 4640 2063 4696 praece-

478 4733 571 4794 pta
600 4738 743 4789 mea,
774 4732 828 4778 et
858 4723 1113 4778 universa
1157 4721 1383 4793 judicia,
1407 4728 1463 4776 et
1495 4718 1656 4774 facite
1679 4731 1764 4773 ea.
1803 4715 1913 4788 Ego
1970 4716 2068 4770 Do-

478 4816 681 4870 minus.
723 4833 741 4865 ι
1021 4838 1025 4842 -

553 4909 758 4965 Similis
802 4916 891 4964 est
946 4908 1112 4962 etiam
1168 4907 1285 4962 haec
1341 4905 1552 4962 sanctio
1605 4903 2062 4975 praecedentibus,

477 5001 698 5072 quando
720 5009 841 5072 post
860 5001 1070 5054 lucrum
1087 4998 1283 5053 littera:
1299 4998 1419 5067 ejus
1442 4996 1606 5051 etiam
1637 4994 1889 5065 spiritum
1920 5008 2063 5063 prae-

479 5093 701 5149 scrutati
727 5091 1012 5148 fuerimus.
1040 5088 1158 5142 Non
1194 5104 1324 5158 ergo
1362 5086 1477 5142 ﬁeri
1514 5093 1768 5154 oportere
1799 5084 2064 5154 iniustum

478 5185 535 5238 in
563 5183 789 5255 judicio,
826 5183 882 5237 in
913 5162 1351 5253 prata-dentibus
1393 5176 1674 5247 praecepit,
1713 5189 1857 5229 nunc
1880 5183 2065 5229 autem

480 5291 582 5331 nec
606 5275 658 5328 in
684 5273 956 5330 mensuris
981 5273 1184 5341 injuste
1240 5284 1418 5341 agere,
1444 5284 1548 5324 nec
1578 5268 1631 5321 in
1651 5267 1914 5338 pondere,
1963 5282 2067 5321 nec

481 5367 535 5421 in
566 5368 783 5421 stateris
801 5365 1059 5437 praecepit
1094 5380 1107 5417 :
1146 5377 1217 5417 ne
1243 5362 1383 5417 forte
1422 5360 1507 5415 bis
1537 5360 1691 5430 ipsis,
1732 5374 1854 5429 qua:
1910 5358 2067 5428 quasi

482 5458 699 5512 termini
722 5456 1121 5527 suntjustitize,
1176 5455 1242 5509 ad
1285 5452 1609 5523 iniustitiam
1655 5462 1894 5506 utamur.
1955 5450 2063 5505 Pro

481 5548 725 5601 terminis
751 5564 896 5603 enim
921 5549 1164 5619 iustitiae,
1209 5547 1594 5612 vendentibus,
1646 5553 1701 5600 et
1730 5544 2060 5609 ementibus,

554 5748 795 5821 ‘_'_llebr.
820 5766 915 5821 an,
947 5750 1152 5816 22,23.
1229 5753 1273 5784 "
1309 5733 1495 5808 biattb.
1540 5768 1696 5821 χχιιι,
1723 5751 1776 5806 4.
1853 5751 1899 5783 ⁸³
1920 5750 2041 5806 Act.
2078 5766 2164 5813 xv,
2200 5748 2283 5805 lO.
2364 5751 2408 5784 “
2439 5750 2599 5807 Rom.
2631 5768 2705 5819 χι,
2740 5751 2829 5807 2'2.
2907 5752 2952 5785 “
2982 5751 3172 5807 Matth.
3204 5765 3301 5817 vn,
3333 5750 3389 5803 2.

486 5813 526 5841 ⁵⁷
568 5818 755 5871 Matth.
792 5820 955 5883 xv,5.

2170 4647 2293 4702 quae
2318 4646 2383 4686 ex
2418 4631 2741 4687 auctoritate
2771 4631 3036 4687 Dominus
3066 4633 3351 4704 praecepit.

2765 4789 2991 4847 CAPUT
3033 4789 3152 4846 XX.

2164 4930 2167 4933 ·
2244 4904 2407 4962 Vens.
2438 4908 2558 4963 {-5.
2598 4927 2616 4961 ι
2653 4907 3002 4976 Locutusque
3050 4915 3137 4960 est
3164 4905 3430 4959 Dominus
3446 4902 3510 4957 ad
3531 4901 3716 4970 Moysen

2173 4999 2363 5055 dicens
2399 4999 2567 5055 :Htec
2595 5001 2821 5069 loquere
2848 4999 2972 5055 (iliis
2997 4998 3208 5053 Israel:
3270 4997 3449 5052 llomo
3497 4993 3562 5049 de
3619 4985 3720 5044 ﬁliis

2170 5087 2356 5153 Israel,
2389 5098 2445 5144 et
2473 5090 2540 5144 de
2566 5089 2810 5154 advenis,
2837 5089 2929 5158 qui
2980 5089 3232 5143 habitant
3260 5087 3314 5141 in
3333 5085 3519 5151 Israel,
3550 5082 3591 5137 si
3621 5076 3719 5148 quis

2170 5180 2383 5236 dederit
2403 5181 2470 5236 de
2494 5180 2706 5236 semine
2736 5196 2836 5236 suo
2868 5181 3010 5236 idolo
3077 5180 3310 5245 Moloch,
3343 5187 3519 5234 morte
3550 5172 3718 5231 moria‘

2171 5280 2279 5324 tur.
2326 5272 2570 5342 Populus
2600 5281 2761 5328 terrae
2791 5273 3229 5343 lapidabiteum,
3291 5282 3349 5326 et
3400 5286 3499 5342 ego
3554 5274 3718 5338 ponam

2171 5361 2363 5416 faciem
2425 5378 2600 5418 meam
2653 5373 2841 5419 contra
2885 5364 3054 5430 iilum,
3114 5350 3502 5433 succidamque
3531 5372 3643 5416 eum
3668 5352 3721 5406 d0

2172 5454 2354 5508 medio
2372 5456 2554 5526 populi
2583 5457 2687 5520 sui,
2717 5472 2784 5511 eo
2826 5458 2973 5526 quod
3028 5457 3240 5511 dederit
3282 5454 3351 5509 de
3392 5453 3593 5508 semine
3640 5457 3721 5499 suo

2171 5545 2406 5615 Moloeb,
2464 5557 2520 5603 et
2541 5550 2997 5605 contaminaverit
3027 5547 3401 5605 sanetuarium
3430 5558 3625 5608 meum.
3672 5548 3721 5591 ac

3468 5748 3513 5781 “
3541 5735 3719 5799 ibid.3.
