3962 6220
347 346 496 414 1041

1506 349 1591 413 IN
1622 352 2063 414 LEVITICUM.
2098 375 2168 386 —
2205 351 2354 412 LIB.
2388 351 2490 411 VI.

3484 341 3619 407 10i2

338 463 613 534 polluerit
642 477 843 520 nomen
870 469 1123 519 sanctum
1145 477 1350 520 meum.
1374 463 1516 532 Quid
1543 466 1589 521 si
1648 465 1933 538 negligens
1963 470 2007 525 Α
2036 464 2399 527 consuetudo,
2435 470 2492 516 et
2518 461 2712 532 bisqui
2737 461 2795 516 in
2840 475 3030 518 errore
3085 460 3305 516 illorum
3356 458 3619 515 labeban-

337 557 590 625 populus
638 563 815 621 terrae,
855 564 924 609 "et
972 556 1129 625 quasi
1184 557 1587 627 parvipendens
1640 558 1929 628 imperium

337 658 556 711 meum,
576 645 843 700 dimiserit
872 647 1171 713 hominem,
1202 648 1295 717 qui
1327 649 1478 703 dedit
1497 649 1565 703 de
1586 649 1797 704 semine
1828 663 1929 703 suo

341 735 587 810 Moloch,
624 752 726 791 nec
747 737 981 791 voluerit
1003 737 1154 791 illum
1188 739 1459 803 occidere,
1493 755 1694 810 ponam
1734 739 1931 796 faciem

340 808 531 880 meam
562 842 730 895 super
768 827 1047 882 hominem
1079 827 1249 894 illum,
1300 837 1356 883 et
1381 831 1760 901 cognationem
1790 830 1929 899 ejus,

340 918 737 988 succidamque
765 919 964 989 ipsum,
990 927 1045 974 et
1075 935 1268 975 omnes
1304 921 1395 990 qui
1429 929 1830 976 consenserunt
1857 921 1928 986 ei,

343 1019 417 1064 ut
475 1009 878 1066 fornicarentur
931 1027 1055 1067 cum
1128 1012 1340 1068 Moloch
1387 1014 1455 1069 de
1498 1014 1683 1069 medio
1746 1012 1934 1084 populi

343 1102 460 1156 sui.
493 1120 515 1153 ι

422 1188 594 1259 Cujus
629 1189 706 1244 rei
724 1190 897 1261 gratia
925 1190 993 1245 de
1019 1190 1219 1259 iisdem
1277 1192 1385 1257 bis,
1437 1203 1493 1247 et
1521 1202 1606 1248 ter
1639 1194 1933 1265 aliquando

340 1281 437 1335 lex
472 1282 753 1351 praecepit,
774 1282 1091 1352 frequenter
1129 1285 1185 1339 in
1215 1287 1654 1355 praecedentibus
1669 1288 1929 1352 diximus,

337 1372 475 1441 quia
500 1382 721 1443 pmpter
758 1377 1077 1431 memoriam
1104 1377 1400 1447 legentium
1435 1380 1540 1434 hoc
1564 1380 1745 1434 faciat.
1778 1380 1933 1435 Unde

284 1520 287 1523 γ
339 1462 515 1517 etiam
547 1466 914 1535 recapitulans
933 1468 1186 1523 mandata
1216 1485 1356 1525 nova
1384 1472 1633 1541 quaedam
1663 1472 1743 1526 eis
1770 1472 1937 1526 inter-

341 1550 521 1617 serit,
576 1562 767 1609 utnon
798 1555 1078 1626 superﬂua
1121 1557 1375 1614 videatur
1427 1560 1605 1631 legum
1655 1560 1932 1631 repetitio,

339 1649 405 1693 et
429 1641 785 1711 inquisitione
807 1661 1098 1713 novorum,
1121 1648 1288 1701 etiam
1319 1650 1687 1706 anterioribus
1730 1651 1937 1706 studio-

343 1731 466 1786 sius
502 1733 867 1789 intendamus.
902 1736 1072 1807 llujus
1094 1739 1171 1793 rei
1202 1739 1371 1810 gratia
1402 1741 1646 1796 actiones
1673 1743 1932 1811 quasdam

334 1822 410 1875 in
443 1824 737 1891 praeteritis
776 1825 1103 1895 prohibens,
1159 1845 1351 1900 poenas
1405 1847 1596 1887 earum
1618 1833 1808 1900 tacuit,
1871 1845 1931 1890 ut
1965 1819 2004 1872 Β

345 1929 475 1983 quae
504 1916 576 1970 sit
612 1917 748 1984 hinc,
768 1920 853 1974 vel
870 1922 1045 1991 qualis
1074 1934 1403 1993 quaerentes,
1438 1940 1502 1980 ea
1529 1943 1651 1997 quae
1699 1928 1931 1985 inferius

345 2006 554 2071 sancit,
599 2019 951 2066 scrutemur:
1001 2014 1057 2068 in
1104 2016 1191 2069 his
1221 2016 1370 2071 enim
1421 2033 1613 2088 pinnas
1675 2021 1930 2088 inseruit,

340 2114 488 2167 quas
514 2108 643 2183 tunc
670 2106 1039 2172 praetermisit.
1073 2105 1212 2184 Olim
1252 2123 1384 2180 ergo
1422 2112 1722 2180 prohibens
1749 2114 1818 2168 de
1842 2129 1931 2168 se-

345 2189 499 2244 uiine
526 2206 624 2247 suo
645 2192 873 2261 Moloeh,
901 2196 1015 2251 sive
1041 2200 1344 2254 secundum
1380 2200 1740 2275 Septuaginta
1765 2205 1932 2260 Prin-

347 2281 459 2349 cipi
490 2282 627 2338 dari.
664 2284 793 2339 Erat
815 2289 1135 2345 autem‘hoc
1163 2290 1293 2344 idoli
1335 2295 1623 2363 cujusdam
1674 2296 1760 2351 vel
1818 2297 1933 2353 da:-

334 2374 540 2428 ‘monis
572 2391 791 2444 nomen,
818 2383 1121 2436 secundum
1182 2384 1329 2453 quod
1380 2384 1704 2456 Stephanus
1768 2392 1935 2447 Amos

354 2464 661 2522 introduxit
721 2470 1042 2527 dicentem:
1104 2474 1175 2528 Et
1233 2477 1499 2544 recepistis
1539 2480 1937 2537 tabernaculum

358 2554 584 2620 Moloch,
609 2568 659 2611 et
682 2561 826 2615 sidus
860 2562 958 2617 Dei
1002 2567 1161 2620 uestri
1208 2566 1519 2635 Rempham,
1550 2571 1751 2639 figuras
1806 2591 1938 2644 quas

356 2647 575 2715 fecistis,
610 2660 668 2704 ut
698 2654 929 2709 adoretis
957 2672 1045 2711 eas
1070 2659 1137 2712 ⁸⁸.
1188 2659 1345 2714 Nunc
1373 2676 1503 2732 ergo
1532 2662 1768 2732 idipsum
1824 2682 1940 2723 rur-

358 2751 454 2791 sus
487 2749 823 2806 contestans.
853 2746 1055 2812 quibus
1082 2748 1264 2805 verbis
1292 2752 1451 2806 orsus
1478 2752 1550 2807 sit
1577 2756 1799 2811 exordia
1835 2758 1933 2812 hu-

353 2824 445 2894 jus
468 2829 603 2900 legis
627 2835 875 2890 audistis.

429 2920 759 2991 Loeutusque
790 2937 868 2982 est
889 2930 1149 2987 Dominus
1207 2935 1280 2989 ad
1304 2935 1511 3006 Moysen
1541 2941 1716 2996 dicens
1745 2961 1764 2999 :
1811 2944 1939 3000 Htec

357 3009 569 3080 loquere
595 3016 718 3081 [iliis
745 3018 933 3074 Israel.
963 3021 1118 3087 Quod
1143 3023 1497 3100 Septuaginta
1529 3031 1845 3101 ediderunt,
1888 3047 1938 3092 et

356 3101 670 3194 ﬁliislsrael
707 3108 936 3179 loquere.
971 3112 1091 3167 Non
1136 3115 1242 3171 hoc
1273 3118 1480 3174 dictum
1516 3131 1603 3177 est
1624 3126 1780 3194 quasi
1844 3129 1934 3183 alii

357 3193 592 3251 fuissent
627 3199 826 3267 quibus
856 3205 1217 3271 przecedentia
1270 3221 1542 3279 sanxerat,
1593 3193 1688 3271 sed
1747 3226 1938 3274 osten-
1965 3193 2008 3222 ι’

357 3285 495 3341 dens
531 3287 656 3356 quia
690 3289 795 3347 hoc
828 3295 1117 3360 personale
1146 3299 1463 3355 mandatum
1493 3313 1784 3375 propterea
1801 3322 1934 3362 con-

357 3385 438 3432 tra
483 3394 675 3436 omnes
726 3383 992 3450 dilatavit,
1043 3388 1169 3458 quia
1222 3377 1509 3460 peccatum
1561 3406 1751 3453 contra
1789 3402 1936 3470 quod

355 3472 836 3530 comminationem
865 3477 1189 3548 praesentem
1250 3485 1495 3551 protulit,
1546 3496 1758 3543 tantum
1816 3491 1937 3547 aliis

278 3586 288 3595 ο
355 3565 747 3621 exsecrabilius
768 3577 873 3634 est,
908 3579 967 3625 ut
989 3571 1095 3626 alia
1124 3574 1346 3643 quidem
1390 3587 1611 3646 peccata
1634 3582 1781 3637 solos
1804 3599 1935 3652 pec-

354 3664 546 3709 cantes
583 3672 706 3712 reos
735 3660 911 3727 poenis
937 3662 1241 3728 adicerent,
1283 3666 1388 3722 hoc
1416 3678 1600 3724 autem
1626 3679 1683 3726 et
1717 3689 1813 3727 eos
1841 3675 1935 3744 qui

355 3744 714 3813 neglexerunt
743 3761 1081 3818 peccantem,
1105 3755 1456 3827 iudicemque
1483 3761 1554 3825 ei,
1586 3762 1681 3817 sed
1709 3772 1765 3817 et
1792 3764 1937 3818 ulto-

359 3847 494 3898 rem,
513 3851 622 3890 non
649 3838 826 3893 solum
846 3843 1118 3914 principes
1144 3847 1351 3916 populi,
1370 3850 1465 3904 sed
1486 3859 1543 3905 et
1569 3858 1734 3907 totam
1754 3853 1930 3924 Syna-

356 3940 547 3997 gogam
578 3970 592 3993 ,
628 3940 684 3984 et
717 3934 979 4002 populum
1025 3936 1175 3992 facit.
1227 3938 1463 4010 Papulas
1523 3943 1691 4010 enim,
1729 3945 1928 4016 inquit,

358 4027 512 4074 terra:
533 4020 792 4091 lapidabit
819 4041 959 4080 eum.
988 4026 1101 4083 Nec
1133 4029 1220 4084 his
1250 4040 1548 4088 contentus
1573 4035 1781 4091 addidit
1809 4051 1825 4090 :

425 4108 496 4163 Et
539 4128 634 4182 ego
653 4129 849 4181 ponam
873 4117 1068 4186 faciem
1112 4136 1287 4174 meam
1319 4131 1503 4176 contra
1532 4123 1704 4191 illum,
1763 4129 1936 4181 succi-

355 4198 582 4269 damque
610 4218 729 4256 eum
765 4205 829 4257 de
851 4206 1022 4259 medio
1041 4208 1224 4277 populi
1270 4211 1375 4265 sui.
1429 4212 1532 4267 Per
1585 4214 1692 4268 hoc
1744 4231 1936 4272 omnes

355 4291 587 4361 erigens,
603 4303 658 4349 et
673 4312 975 4364 provocans
997 4311 1185 4355 contra
1201 4318 1346 4368 eum,
1362 4305 1452 4373 qui
1470 4305 1596 4360 talia
1612 4298 1893 4364 commisit
1918 4328 1931 4363 :

355 4383 449 4435 sed
479 4392 533 4438 ct
558 4394 818 4440 terrorem
836 4378 1109 4456 indicens,
1141 4392 1187 4448 si
1218 4394 1576 4463 neglexerint,
1608 4405 1663 4451 et
1685 4413 1793 4451 non
1809 4414 1933 4455 cum

2041 563 2148 620 tur,
2185 555 2254 610 de
2280 555 2493 625 quibus.
2524 554 2670 610 Deus
2702 570 2801 625 per
2847 553 3046 610 Oscam
3085 552 3220 609 dicit
3268 570 3283 605 :
3341 550 3479 618 Quia
3531 551 3621 606 isti

2036 663 2156 701 cum
2185 647 2488 717 fornicariis
2511 647 3005 716 corrumpebantur,
3041 656 3090 701 et
3124 662 3244 701 cum
3305 645 3621 715 effeminatis

2033 738 2432 808 sacriﬁcabant,
2458 737 2649 807 polluit
2676 737 2775 792 Dei
2824 751 3010 793 sancta
3032 739 3096 791 ".
3135 735 3457 803 Quomodo?
3489 737 3620 807 quia

2036 830 2229 900 polluit
2245 844 2446 884 nomen
2475 838 2724 887 sanctum
2752 830 2892 900 ejus.
2926 828 2997 884 Ut
3029 828 3179 883 enim
3214 829 3507 914 imaginem
3523 828 3620 885 Dei

2037 922 2346 993 percipiens
2380 922 2544 977 homo
2564 922 2760 987 sancti,
2792 930 2848 976 et
2881 922 2935 976 in
2968 920 3174 976 sanctis
3198 922 3616 992 requiescentis,

2035 1023 2260 1069 sanctus
2284 1023 2436 1070 recte
2465 1022 2523 1070 et
2570 1015 2944 1070 sanctificatus
2975 1014 3072 1080 illi,
3103 1014 3261 1085 cujus
3292 1014 3619 1069 habet-ima-

2035 1105 2237 1176 ginem,
2261 1104 2483 1160 dicitur.
2519 1104 2872 1160 Contaminat
2901 1120 3050 1175 ergo,
3074 1112 3132 1159 et
3166 1104 3360 1175 polluit
3416 1120 3621 1160 nomen

2037 1199 2175 1268 ejus,
2194 1196 2289 1268 qui
2311 1199 2360 1252 ei
2385 1198 2536 1253 dedit
2560 1199 2873 1266 imaginem,
2912 1205 2968 1251 et
3017 1212 3117 1266 per
3145 1197 3289 1251 bane
3315 1197 3493 1267 ipsum
3526 1197 3623 1266 qui

2035 1287 2417 1353 sanctiﬁcavit,
2441 1288 2609 1357 quiet
2635 1287 2882 1357 spiritum
2917 1286 3042 1341 vita:
3101 1288 3152 1340 ei
3180 1302 3245 1341 ex
3303 1302 3400 1341 sua
3451 1287 3623 1356 gratia

2036 1376 2350 1443 insulilavit,
2379 1378 2503 1447 quia
2537 1377 2736 1448 spiritu
2764 1377 2929 1441 malo,
2983 1387 3041 1432 et
3094 1380 3330 1432 adverso
3360 1376 3475 1431 Deo
3507 1391 3626 1431 cor-

2037 1471 2331 1539 rumpitur,
2376 1478 2434 1523 et
2485 1468 2823 1549 Dominicam
2881 1466 3174 1538 imaginem
3214 1468 3272 1522 in
3313 1467 3624 1522 daemonum

2038 1559 2360 1613 servitutem
2384 1559 2602 1629 redigit,
2640 1559 2989 1629 regalemque
3015 1557 3364 1629 margaritam
3389 1573 3419 1611 a
3444 1559 3626 1626 porcis

2038 1651 2305 1721 permittit
2339 1651 2527 1721 pollui.
2566 1650 2715 1705 Idem
2755 1659 2842 1707 est
2866 1659 2923 1705 et
2949 1649 3199 1720 quisquis
3214 1649 3282 1705 de
3301 1649 3625 1721 cognatione

2039 1751 2094 1798 et
2124 1743 2192 1798 de
2222 1743 2472 1799 doctrina
2495 1759 2593 1798 sua
2627 1743 2870 1798 avaritiae
2893 1742 3077 1810 oll‘ert,
3103 1752 3160 1798 et
3212 1743 3278 1798 ad
3334 1742 3625 1798 avaritiam

2029 1838 2291 1907 operibus
2316 1848 2410 1892 aut
2429 1837 2611 1893 verbis
2640 1837 3142 1901 consuefaciteum,
3184 1835 3277 1907 qui
3299 1850 3626 1906 quocunque

2031 1928 2195 1983 modo
2248 1927 2552 1998 discipulus
2611 1928 2755 1998 ejus,
2819 1928 2905 1983 vel
2954 1937 3219 2000 cognatus
3259 1937 3365 1993 est,
3395 1942 3620 1983 servum

2031 2037 2160 2078 eum
2188 2022 2522 2087 daemonum,
2555 2022 2815 2077 devotum
2871 2022 3034 2077 idolis
3063 2022 3180 2077 sive
3241 2029 3625 2077 consecratum

2030 2116 2372 2187 militemque
2403 2116 2624 2188 maligni
2651 2115 2913 2186 principis
2932 2115 3099 2185 hujus
3122 2114 3304 2168 saeculi
3335 2113 3578 2169 elﬁciens
3607 2129 3621 2164 :

2031 2206 2212 2262 Radix
2234 2210 2374 2262 enim
2400 2210 2636 2262 omnium
2681 2208 2949 2263 malorum
3001 2208 3334 2274 avaritia";
3389 2222 3505 2277 qua:
3549 2216 3625 2260 est

2034 2299 2297 2354 idolorum
2322 2302 2545 2355 seruitus
2569 2303 2638 2355 '“.
2668 2301 2910 2355 Dicimus
2953 2309 3136 2355 autem
3168 2300 3275 2355 hoc
3341 2300 3520 2369 ipsum
3568 2306 3626 2352 et

2033 2400 2226 2445 contra
2257 2406 2353 2446 eos
2386 2393 2478 2462 qui
2510 2391 2840 2447 adulterium
2873 2391 3093 2453 docent,
3145 2397 3502 2461 suggerentes
3522 2404 3622 2443 ne-

2035 2482 2200 2537 farias
2234 2485 2503 2550 actiones,
2531 2485 2824 2540 suadentes
2864 2484 3286 2555 turpitudinem,
3312 2484 3624 2554 polluentes

2034 2585 2228 2631 sancta
2254 2577 2368 2644 Dei,
2403 2578 2456 2633 id
2488 2588 2593 2644 est,
2650 2580 2990 2652 signatorum
3040 2579 3152 2635 Deo
3195 2594 3451 2650 corpora,
3489 2594 3625 2648 quo-

2038 2684 2159 2722 rum
2194 2685 2324 2724 caro
2350 2672 2610 2741 templum
2640 2671 2758 2739 Dei,
2802 2681 2859 2727 et
2881 2673 3120 2743 Spiritus
3146 2673 3322 2727 sancti
3352 2680 3435 2727 est
3470 2670 3624 2725 babi-

2037 2761 2299 2815 taeulum.
2339 2760 2497 2817 Unde
2535 2772 2591 2818 et
2644 2764 2891 2833 polluere
2941 2774 3089 2821 recte
3112 2780 3315 2820 nomen
3372 2773 3624 2820 sanctum

2038 2852 2318 2916 dicuntur,
2353 2854 2468 2909 sive
2498 2857 2803 2912 secundum
2830 2858 3212 2928 Septuaginta,
3260 2856 3622 2925 sanctiﬁcato-

2039 2964 2175 3009 rum,
2205 2948 2334 3016 quia
2367 2964 2437 3003 ex
2457 2965 2591 3013 uno,
2626 2958 2722 3003 aut
2750 2950 2985 3013 duobus,
3011 2959 3107 3005 aut
3148 2948 3398 3019 pluribus
3440 2947 3625 3001 forsan

2030 3020 2523 3105 'abominabilibus,
2560 3040 2806 3093 omnium
2850 3049 3167 3096 sanctorum
3202 3040 3296 3094 Dei
3351 3057 3365 3092 :
3423 3039 3515 3109 qui
3567 3040 3624 3092 in

2039 3142 2107 3181 eo
2135 3128 2505 3193 crediderunt,
2530 3138 2585 3184 et
2615 3130 2879 3199 ﬁdelium,
2916 3131 3366 3187 manifestissime
3411 3131 3624 3186 abomi-

2042 3219 2226 3274 nabile
2250 3235 2450 3275 nomen
2474 3229 2528 3276 et
2558 3224 2989 3277 contaminatum
3050 3223 3193 3278 inter
3227 3221 3622 3277 hominesvefli-

2041 3309 2203 3373 citur,
2235 3310 2360 3364 talia
2385 3320 2442 3365 et
2471 3311 2538 3366 de
2562 3314 2777 3367 caeteris
2800 3314 3228 3382 conjicientibus
3259 3315 3344 3368 his
3370 3315 3461 3385 qui
3488 3314 3623 3369 foris

2040 3410 2191 3464 sunt,
2228 3401 2284 3455 in
2315 3402 2494 3471 qualia
2512 3406 2776 3472 quosdam
2805 3398 3061 3461 viderunt
3099 3406 3456 3460 luxuriantes.
3488 3405 3624 3458 Pro-

2042 3500 2225 3559 pterea
2258 3508 2353 3547 eos
2385 3494 2477 3562 qui
2507 3496 2585 3549 sic
2612 3496 2753 3550 mala
2806 3505 2863 3551 et
2910 3496 3297 3551 abominabilia
3339 3497 3621 3567 cperibus.

2037 3594 2136 3638 aut
2174 3588 2354 3643 verbis
2385 3589 2603 3652 docent,
2627 3606 2737 3644 non
2753 3591 3227 3662 unius-praecepit,
3255 3594 3351 3649 sed
3376 3595 3620 3648 omnium

2038 3677 2222 3746 puniri
2252 3679 2540 3734 manibus:
2574 3687 2765 3750 utpote
2788 3683 3034 3737 omnium
3055 3682 3313 3738 inimicus
3344 3694 3399 3738 et
3427 3685 3625 3738 adver-

2040 3767 2218 3822 sarius
2272 3779 2328 3824 et
2357 3773 2605 3824 omnium
2665 3773 2872 3843 gloriae,
2935 3773 3085 3829 sicut
3138 3775 3458 3844 praidictum
3513 3782 3620 3841 est,

2037 3868 2323 3914 nocentes.

2108 3948 2261 4014 Quod
2300 3951 2346 4005 si
2390 3952 2652 4023 negligens
2700 3955 2925 4023 populus
2974 3965 3147 4023 term,
3181 3968 3230 4012 et
3274 3960 3427 4028 quasi
3470 3961 3622 4033 parvi

2039 4042 2273 4111 pendens
2295 4043 2572 4112 imperium
2605 4060 2778 4107 meum
2800 4047 3055 4101 dimiserit
3083 4050 3365 4111 hominem,
3400 4051 3492 4120 qui
3527 4051 3622 4105 de-

2040 4133 2176 4186 derit
2208 4134 2271 4186 de
2304 4135 2502 4188 semine
2538 4151 2633 4188 suo
2658 4136 2876 4202 Moloclt,
2908 4154 3002 4192 nec
3029 4140 3251 4193 voluerit
3292 4141 3444 4196 illaut
3481 4144 3621 4198 occi-

2040 4225 2180 4279 dere.
2214 4225 2273 4280 ld
2299 4237 2403 4292 est,
2429 4227 2474 4282 si
2503 4228 2579 4292 hi,
2610 4229 2704 4298 qui
2741 4231 2963 4285 enutriti
2997 4241 3125 4286 sunt
3154 4233 3210 4287 in
3243 4234 3491 4300 scientia,
3520 4251 3622 4291 ne-

2038 4316 2307 4387 glexerint
2344 4333 2470 4372 eum
2502 4320 2593 4389 qui
2639 4321 2765 4374 talia
2795 4323 2952 4378 docet
2990 4341 3004 4378 :
3042 4325 3160 4380 iure
3194 4333 3279 4379 est
3309 4326 3455 4380 enim
3496 4343 3621 4382 vera

2040 4418 2094 4463 et
2117 4418 2266 4464 recta
2293 4420 2457 4474 terra,
2487 4412 2554 4466 de
2580 4429 2684 4482 qua
2713 4413 2790 4469 ait
2814 4414 2980 4471 David
3014 4434 3028 4470 :
3057 4416 3289 4487 Spiritus
3315 4429 3436 4474 tuus
3459 4421 3621 4475 bonus

357 4473 538 4527 studio
568 4485 894 4547 praeceptam
928 4496 1145 4550 prunam
1205 4486 1319 4540 suis
1350 4488 1402 4540 in
1432 4503 1554 4543 eam
1582 4494 1933 4548 exercuerim
1969 4532 2012 4587 Β
2041 4502 2259 4555 deducet
2299 4518 2383 4556 me
2424 4505 2481 4557 in
2529 4512 2726 4559 terram
2772 4515 2969 4561 rectam
2997 4509 3065 4563 ⁷⁸.
3112 4508 3250 4576 Quia
3294 4512 3495 4569 malum
3538 4524 3623 4570 est

359 4565 608 4587 -..η-ειη--
689 4578 861 4587 .-Λ-.ν
924 4572 936 4583 ο
1036 4582 1047 4587 -
1135 4584 1143 4587 .
1314 4577 1326 4587 .
1516 4581 1548 4587 ._
1826 4585 1835 4587 _

359 4565 629 4630 titanibus,
688 4578 874 4638 utpote
922 4572 978 4625 in
1032 4582 1243 4629 tantum
1311 4577 1452 4634 irato
1516 4581 1648 4646 Deo,
1701 4592 1763 4637 ut
1820 4585 1938 4655 ipse

359 4664 547 4723 aperte
578 4661 895 4726 praedictam
939 4667 1269 4722 sententiam
1314 4680 1506 4726 contra
1562 4688 1689 4728 eum
1743 4675 1934 4744 ferret,

356 4759 457 4799 cur
475 4750 691 4803 autem?

428 4837 564 4904 Quia
581 4842 645 4895 de
670 4845 868 4899 semine
899 4862 994 4899 suo
1023 4848 1166 4901 dedit
1194 4848 1416 4915 Moloclt,
1456 4860 1514 4906 ut
1552 4860 1935 4916 contaminaret

352 4934 718 4988 sanctuarium
771 4952 965 5004 meum,
1016 4947 1064 4992 et
1116 4938 1373 5007 pollueret
1445 4960 1634 5000 nomen
1695 4961 1936 5006 sanctum

356 5038 549 5076 nteum.
575 5024 897 5095 Quicunque
923 5028 1072 5083 enim
1120 5029 1291 5085 filium
1342 5042 1439 5087 aut
1483 5045 1799 5106 cognatum,
1843 5051 1938 5097 aut

356 5110 701 5182 discipulum,
732 5125 828 5171 aut
873 5118 1134 5184 amicum,
1180 5128 1277 5174 aut
1323 5136 1707 5195 quemcunque
1734 5128 1803 5184 de
1835 5144 1935 5185 suo

358 5204 585 5268 semine,
620 5207 706 5260 vel
725 5209 1068 5279 cognatione,
1124 5221 1219 5267 aut
1249 5213 1520 5281 doctrina,
1553 5218 1791 5289 principi
1830 5237 1935 5277 sae-

354 5293 464 5346 culi
497 5295 675 5363 hujus,
700 5300 791 5369 qui
820 5317 968 5357 nune
1018 5313 1276 5373 operatur
1318 5306 1376 5361 in
1449 5308 1574 5365 (iliis
1622 5310 1936 5370 dilIidentiae

357 5384 591 5452 dederit,
614 5405 818 5446 vovens
846 5409 972 5449 eum
989 5404 1044 5450 et
1077 5412 1408 5454 consecratis
1428 5400 1785 5471 daemonibus,
1846 5405 1935 5460 hic

355 5477 580 5549 quidem
613 5481 680 5535 ad
711 5498 863 5538 sacra
893 5485 1234 5554 daemonum,
1268 5490 1407 5545 alter
1426 5502 1610 5548 autem
1640 5497 1802 5552 mista
1851 5499 1932 5553 vi-

355 5570 441 5624 rili
470 5571 826 5643 muliebriquc
850 5575 983 5644 vita,
1009 5586 1299 5651 utrumque
1356 5583 1505 5639 enim
1546 5596 1663 5642 erat
1706 5590 1929 5660 paganis

424 5709 655 5790 Ϊῗθίηοε
682 5732 735 5780 νυ
755 5716 868 5790 ἓῧῖ
901 5719 1020 5775 Act.
1047 5737 1143 5790 vn,
1177 5724 1280 5778 43;

354 5769 401 5801 η
425 5725 655 5801 :ﬂmos
682 5725 868 5801 v,-‘z.li;
901 5725 1020 5775 Act.
1047 5737 1143 5790 vn,
1177 5725 1280 5778 43;
1360 5727 1402 5759 ⁶⁹
1445 5725 1581 5785 Osce
1612 5746 1685 5796 tv,
1722 5732 1805 5785 ll.
1856 5758 1859 5761 λ

287 5848 291 5852 ι
342 5780 401 5865 ’⁷⁸
427 5780 626 5851 Ephcs.
657 5801 709 5851 γ,
748 5785 833 5840 ll.

1911 5733 1955 5765 ⁷⁰
1978 5732 1995 5787 Ι
2022 5730 2163 5786 Tim.
2222 5748 2297 5799 vr,
2332 5733 2428 5800 10;

2041 4593 2276 4647 maxime
2304 4595 2408 4649 tale
2441 4606 2724 4664 peccatum
2760 4613 2871 4652 non
2902 4603 3148 4672 exsequi.
3180 4602 3321 4670 Quid
3358 4617 3440 4663 est
3475 4611 3621 4678 quod

2039 4685 2324 4753 sequitur?
2358 4686 2423 4740 Et
2471 4703 2630 4756 super
2651 4691 3016 4760 cognationem
3057 4694 3193 4763 ejus.
3235 4695 3343 4752 Eos
3375 4700 3468 4768 qui
3506 4708 3622 4755 stu-

2038 4775 2173 4827 dent
2226 4774 2483 4829 videlicet
2538 4777 2756 4842 similia,
2796 4777 2891 4848 qui
2940 4784 3153 4853 cognati
3211 4796 3345 4843 sunt
3397 4800 3623 4861 propter

2038 4864 2452 4920 similitudinem
2482 4866 2715 4922 actionis
2746 4877 2803 4922 et
2831 4868 3117 4927 doctrinae.

2108 4956 2493 5028 Succidamque
2534 4959 2707 5028 ipsum
2736 4968 2788 5013 et
2818 4978 2994 5017 omnes
3026 4965 3117 5034 qui
3146 4978 3514 5022 consenserunt
3549 4972 3617 5034 ei,

2038 5059 2095 5100 ut
2128 5051 2516 5119 fornicarentttr
2564 5066 2684 5103 cum
2720 5051 2920 5107 Moloclt
2967 5056 3033 5109 de
3080 5058 3248 5111 medio
3293 5061 3615 5128 populi'sui.

2037 5134 2155 5188 Non
2190 5137 2365 5189 solum
2407 5138 2652 5192 minatus
2684 5148 2768 5193 est
2799 5143 2997 5210 punire
3036 5160 3152 5208 eos,
3181 5147 3272 5215 qui
3310 5148 3507 5203 dicunt
3533 5155 3618 5207 vel

2037 5227 2246 5281 faciunt
2272 5228 2396 5293 hoc,
2421 5237 2478 5282 et
2503 5239 2801 5299 propterea
2820 5244 3082 5304 cognatos
3111 5246 3259 5290 recte
3286 5239 3615 5305 nominatos,

2036 5318 2134 5372 sed
2181 5327 2236 5373 et
2285 5322 2690 5377 consentientes
2736 5324 2809 5387 ei,
2846 5324 2901 5380 id
2950 5335 3039 5381 est
3080 5329 3476 5386 concordantes
3524 5347 3620 5391 aut

2037 5419 2450 5475 concurrentes,
2492 5421 2589 5468 aut
2627 5415 3099 5471 communicantes
3131 5420 3391 5488 operibus
3424 5438 3615 5480 eorum

2038 5498 2416 5568 infructuosis,
2448 5503 2590 5559 sicut
2622 5504 2824 5560 Paulus
2852 5506 2987 5561 dixit
3020 5507 3085 5562 ⁷³.
3116 5506 3316 5565 Malum
3347 5521 3431 5567 est
3466 5515 3613 5570 enim

2040 5590 2357 5662 permittere
2385 5603 2481 5649 aut
2507 5596 2819 5652 consentire
2847 5598 3013 5654 etiam
3043 5614 3157 5666 eos,
3185 5601 3273 5671 qui
3304 5602 3439 5667 foris
3466 5618 3612 5671 sunt,
3660 5622 3663 5625 ‘

2529 5736 2566 5767 ⁷¹
2596 5734 2797 5806 Ephcs.
2835 5755 2886 5806 v,
2918 5739 2972 5796 5.
3075 5742 3120 5773 ⁷⁸
3154 5740 3294 5797 Psal.
3329 5758 3488 5809 chu,
3529 5742 3640 5800 l0-'
