  <div class='ocr_page' id='page_1' title='image "/cluster/home/n/w/nwhite01/storage/ocr_20150623/93/mdp.39015078384313/529.png"; bbox 0 0 3962 6220; ppageno 0'>
   <div class='ocr_carea' id='block_1_1' title="bbox 399 325 534 394">
    <p class='ocr_par' dir='ltr' id='par_1_1' title="bbox 399 325 534 394">
     <span class='ocr_line' id='line_1_1' title="bbox 399 325 534 394; baseline 0.022 -3"><span class='ocrx_word' id='word_1_1' title='bbox 399 325 534 394; x_wconf 70' lang='grc'><strong>1043</strong></span> 
     </span>
    </p>
   </div>
   <div class='ocr_carea' id='block_1_2' title="bbox 1599 332 2478 396">
    <p class='ocr_par' dir='ltr' id='par_1_2' title="bbox 1599 332 2478 396">
     <span class='ocr_line' id='line_1_2' title="bbox 1599 332 2478 396; baseline 0.003 -5"><span class='ocrx_word' id='word_1_2' title='bbox 1599 332 1964 394; x_wconf 84' lang='lat' dir='ltr'><strong>HESYCHII</strong></span> <span class='ocrx_word' id='word_1_3' title='bbox 2002 334 2478 396; x_wconf 81' lang='lat' dir='ltr'><strong>PRESBYTERI</strong></span> 
     </span>
    </p>
   </div>
   <div class='ocr_carea' id='block_1_3' title="bbox 3543 330 3702 400">
    <p class='ocr_par' dir='ltr' id='par_1_3' title="bbox 3543 330 3702 400">
     <span class='ocr_line' id='line_1_3' title="bbox 3543 330 3702 400; baseline -0.025 1"><span class='ocrx_word' id='word_1_4' title='bbox 3543 330 3702 400; x_wconf 62' lang='lat' dir='ltr'><strong>si)“</strong></span> 
     </span>
    </p>
   </div>
   <div class='ocr_carea' id='block_1_4' title="bbox 395 439 3696 518">
    <p class='ocr_par' dir='ltr' id='par_1_4' title="bbox 395 439 3696 518">
     <span class='ocr_line' id='line_1_4' title="bbox 395 439 3696 518; baseline 0.002 -22"><span class='ocrx_word' id='word_1_5' title='bbox 395 442 652 498; x_wconf 82' lang='lat' dir='ltr'><strong>fornicari</strong></span> <span class='ocrx_word' id='word_1_6' title='bbox 687 459 716 497; x_wconf 91' lang='lat' dir='ltr'><strong>a</strong></span> <span class='ocrx_word' id='word_1_7' title='bbox 748 439 880 509; x_wconf 83' lang='lat' dir='ltr'><strong>Deo,</strong></span> <span class='ocrx_word' id='word_1_8' title='bbox 913 454 968 499; x_wconf 89' lang='lat' dir='ltr'><strong>et</strong></span> <span class='ocrx_word' id='word_1_9' title='bbox 1000 443 1281 500; x_wconf 67' lang='lat' dir='ltr'><strong>adhaarere</strong></span> <span class='ocrx_word' id='word_1_10' title='bbox 1321 440 1647 515; x_wconf 86' lang='lat' dir='ltr'><strong>intelligibili</strong></span> <span class='ocrx_word' id='word_1_11' title='bbox 1691 447 1927 516; x_wconf 84' lang='lat' dir='ltr'><strong>principi</strong></span> <span class='ocrx_word' id='word_1_12' title='bbox 1963 463 1977 501; x_wconf 76' lang='grc' dir='ltr'><strong>ε</strong></span> <span class='ocrx_word' id='word_1_13' title='bbox 2010 451 2056 506; x_wconf 81' lang='grc' dir='ltr'><strong>Α</strong></span> <span class='ocrx_word' id='word_1_14' title='bbox 2086 463 2178 500; x_wconf 86' lang='lat' dir='ltr'><strong>nos</strong></span> <span class='ocrx_word' id='word_1_15' title='bbox 2209 463 2328 502; x_wconf 81' lang='lat' dir='ltr'><strong>vero</strong></span> <span class='ocrx_word' id='word_1_16' title='bbox 2355 449 2544 512; x_wconf 87' lang='lat' dir='ltr'><strong>lutum,</strong></span> <span class='ocrx_word' id='word_1_17' title='bbox 2571 455 2619 500; x_wconf 85' lang='lat' dir='ltr'><strong>et</strong></span> <span class='ocrx_word' id='word_1_18' title='bbox 2651 455 2704 500; x_wconf 88' lang='lat' dir='ltr'><strong>tu</strong></span> <span class='ocrx_word' id='word_1_19' title='bbox 2730 447 2880 516; x_wconf 77' lang='lat' dir='ltr'><strong>ﬁctor</strong></span> <span class='ocrx_word' id='word_1_20' title='bbox 2918 453 3109 511; x_wconf 83' lang='lat' dir='ltr'><strong>noster,</strong></span> <span class='ocrx_word' id='word_1_21' title='bbox 3143 455 3192 501; x_wconf 81' lang='lat' dir='ltr'><strong>et</strong></span> <span class='ocrx_word' id='word_1_22' title='bbox 3221 464 3384 518; x_wconf 87' lang='lat' dir='ltr'><strong><em>opera</em></strong></span> <span class='ocrx_word' id='word_1_23' title='bbox 3415 462 3696 502; x_wconf 82' lang='lat' dir='ltr'><strong>manuum</strong></span> 
     </span>
    </p>
   </div>
   <div class='ocr_carea' id='block_1_5' title="bbox 395 529 1982 606">
    <p class='ocr_par' dir='ltr' id='par_1_5' title="bbox 395 529 1982 606">
     <span class='ocr_line' id='line_1_5' title="bbox 395 529 1982 606; baseline 0.003 -18"><span class='ocrx_word' id='word_1_24' title='bbox 395 534 568 588; x_wconf 89' lang='lat' dir='ltr'><strong>multo</strong></span> <span class='ocrx_word' id='word_1_25' title='bbox 599 535 770 604; x_wconf 82' lang='lat' dir='ltr'><strong>magis</strong></span> <span class='ocrx_word' id='word_1_26' title='bbox 801 543 986 591; x_wconf 89' lang='lat' dir='ltr'><strong>autem</strong></span> <span class='ocrx_word' id='word_1_27' title='bbox 1017 536 1087 591; x_wconf 87' lang='lat' dir='ltr'><strong>de</strong></span> <span class='ocrx_word' id='word_1_28' title='bbox 1116 529 1299 592; x_wconf 87' lang='lat' dir='ltr'><strong>medio</strong></span> <span class='ocrx_word' id='word_1_29' title='bbox 1329 537 1534 606; x_wconf 86' lang='lat' dir='ltr'><strong>populi.</strong></span> <span class='ocrx_word' id='word_1_30' title='bbox 1566 536 1679 592; x_wconf 83' lang='lat' dir='ltr'><strong>Hoc</strong></span> <span class='ocrx_word' id='word_1_31' title='bbox 1713 547 1798 592; x_wconf 88' lang='lat' dir='ltr'><strong>est</strong></span> <span class='ocrx_word' id='word_1_32' title='bbox 1835 538 1982 592; x_wconf 86' lang='lat' dir='ltr'><strong>enim</strong></span> 
     </span>
    </p>
   </div>
   <div class='ocr_carea' id='block_1_6' title="bbox 395 629 1985 700">
    <p class='ocr_par' dir='ltr' id='par_1_6' title="bbox 395 629 1985 700">
     <span class='ocr_line' id='line_1_6' title="bbox 395 629 1985 700; baseline 0.003 -21"><span class='ocrx_word' id='word_1_33' title='bbox 395 634 571 680; x_wconf 89' lang='lat' dir='ltr'><strong>totum</strong></span> <span class='ocrx_word' id='word_1_34' title='bbox 613 641 836 698; x_wconf 77' lang='lat' dir='ltr'><strong>gregem</strong></span> <span class='ocrx_word' id='word_1_35' title='bbox 886 629 1028 700; x_wconf 88' lang='lat' dir='ltr'><strong>lupis</strong></span> <span class='ocrx_word' id='word_1_36' title='bbox 1068 629 1315 693; x_wconf 82' lang='lat' dir='ltr'><strong>credere,</strong></span> <span class='ocrx_word' id='word_1_37' title='bbox 1349 637 1404 683; x_wconf 91' lang='lat' dir='ltr'><strong>et</strong></span> <span class='ocrx_word' id='word_1_38' title='bbox 1447 643 1640 684; x_wconf 89' lang='lat' dir='ltr'><strong>omnes</strong></span> <span class='ocrx_word' id='word_1_39' title='bbox 1679 643 1811 684; x_wconf 91' lang='lat' dir='ltr'><strong>oves</strong></span> <span class='ocrx_word' id='word_1_40' title='bbox 1855 629 1985 683; x_wconf 90' lang='lat' dir='ltr'><strong>feris</strong></span> 
     </span>
    </p>
   </div>
   <div class='ocr_carea' id='block_1_7' title="bbox 396 721 1984 793">
    <p class='ocr_par' dir='ltr' id='par_1_7' title="bbox 396 721 1984 793">
     <span class='ocr_line' id='line_1_7' title="bbox 396 721 1984 793; baseline 0.003 -19"><span class='ocrx_word' id='word_1_41' title='bbox 396 721 613 774; x_wconf 75' lang='lat' dir='ltr'><strong>tradere</strong></span> <span class='ocrx_word' id='word_1_42' title='bbox 645 739 658 774; x_wconf 88' lang='lat'>:</span> <span class='ocrx_word' id='word_1_43' title='bbox 691 721 962 791; x_wconf 86' lang='lat' dir='ltr'><strong>siquidem</strong></span> <span class='ocrx_word' id='word_1_44' title='bbox 995 723 1064 777; x_wconf 91' lang='lat' dir='ltr'><strong>de</strong></span> <span class='ocrx_word' id='word_1_45' title='bbox 1101 723 1281 777; x_wconf 89' lang='lat' dir='ltr'><strong>medio</strong></span> <span class='ocrx_word' id='word_1_46' title='bbox 1306 723 1493 792; x_wconf 86' lang='lat' dir='ltr'><strong>populi</strong></span> <span class='ocrx_word' id='word_1_47' title='bbox 1522 723 1760 778; x_wconf 85' lang='lat' dir='ltr'><strong>inimicis</strong></span> <span class='ocrx_word' id='word_1_48' title='bbox 1791 737 1984 793; x_wconf 88' lang='lat' dir='ltr'><strong>rapere</strong></span> 
     </span>
    </p>
   </div>
   <div class='ocr_carea' id='block_1_8' title="bbox 396 812 1980 884">
    <p class='ocr_par' dir='ltr' id='par_1_8' title="bbox 396 812 1980 884">
     <span class='ocr_line' id='line_1_8' title="bbox 396 812 1980 884; baseline 0.001 -18"><span class='ocrx_word' id='word_1_49' title='bbox 396 812 784 880; x_wconf 76' lang='lat' dir='ltr'><strong>permittimus,</strong></span> <span class='ocrx_word' id='word_1_50' title='bbox 830 823 926 868; x_wconf 91' lang='lat' dir='ltr'><strong>aut</strong></span> <span class='ocrx_word' id='word_1_51' title='bbox 972 814 1020 868; x_wconf 88' lang='lat' dir='ltr'><strong>si</strong></span> <span class='ocrx_word' id='word_1_52' title='bbox 1070 828 1294 867; x_wconf 90' lang='lat' dir='ltr'><strong>manum</strong></span> <span class='ocrx_word' id='word_1_53' title='bbox 1348 813 1680 883; x_wconf 89' lang='lat' dir='ltr'><strong>porrigimus</strong></span> <span class='ocrx_word' id='word_1_54' title='bbox 1726 814 1980 884; x_wconf 72' lang='lat' dir='ltr'><strong>rapienti.</strong></span> 
     </span>
    </p>
   </div>
   <div class='ocr_carea' id='block_1_9' title="bbox 395 901 1983 974">
    <p class='ocr_par' dir='ltr' id='par_1_9' title="bbox 395 901 1983 974">
     <span class='ocr_line' id='line_1_9' title="bbox 395 901 1983 974; baseline 0.003 -18"><span class='ocrx_word' id='word_1_55' title='bbox 395 901 504 968; x_wconf 93' lang='lat' dir='ltr'><strong>Qui</strong></span> <span class='ocrx_word' id='word_1_56' title='bbox 533 903 682 958; x_wconf 90' lang='lat' dir='ltr'><strong>enim</strong></span> <span class='ocrx_word' id='word_1_57' title='bbox 725 904 1004 959; x_wconf 86' lang='lat' dir='ltr'><strong>consentit</strong></span> <span class='ocrx_word' id='word_1_58' title='bbox 1038 921 1051 957; x_wconf 89' lang='lat'><strong>:</strong></span> <span class='ocrx_word' id='word_1_59' title='bbox 1084 913 1140 960; x_wconf 89' lang='lat' dir='ltr'><strong>et</strong></span> <span class='ocrx_word' id='word_1_60' title='bbox 1173 913 1315 959; x_wconf 87' lang='lat' dir='ltr'><strong>tacet</strong></span> <span class='ocrx_word' id='word_1_61' title='bbox 1354 919 1615 960; x_wconf 83' lang='lat' dir='ltr'><strong>accusare</strong></span> <span class='ocrx_word' id='word_1_62' title='bbox 1654 921 1779 960; x_wconf 89' lang='lat' dir='ltr'><strong>eum</strong></span> <span class='ocrx_word' id='word_1_63' title='bbox 1819 921 1983 974; x_wconf 84' lang='lat' dir='ltr'><strong>quem</strong></span> 
     </span>
    </p>
   </div>
   <div class='ocr_carea' id='block_1_10' title="bbox 396 997 1979 1068">
    <p class='ocr_par' dir='ltr' id='par_1_10' title="bbox 396 997 1979 1068">
     <span class='ocr_line' id='line_1_10' title="bbox 396 997 1979 1068; baseline 0.004 -20"><span class='ocrx_word' id='word_1_64' title='bbox 396 1010 629 1066; x_wconf 78' lang='lat' dir='ltr'><strong>arguere</strong></span> <span class='ocrx_word' id='word_1_65' title='bbox 656 1004 1026 1058; x_wconf 77' lang='lat' dir='ltr'><strong>necesseest,</strong></span> <span class='ocrx_word' id='word_1_66' title='bbox 1065 997 1152 1051; x_wconf 86' lang='lat' dir='ltr'><strong>vel</strong></span> <span class='ocrx_word' id='word_1_67' title='bbox 1179 997 1497 1062; x_wconf 90' lang='lat' dir='ltr'><strong>admonere,</strong></span> <span class='ocrx_word' id='word_1_68' title='bbox 1528 997 1614 1052; x_wconf 88' lang='lat' dir='ltr'><strong>vel</strong></span> <span class='ocrx_word' id='word_1_69' title='bbox 1647 998 1932 1068; x_wconf 81' lang='lat' dir='ltr'><strong>increpare</strong></span> <span class='ocrx_word' id='word_1_70' title='bbox 1964 1017 1979 1054; x_wconf 93' lang='lat'>:</span> 
     </span>
    </p>
   </div>
   <div class='ocr_carea' id='block_1_11' title="bbox 399 1083 1983 1155">
    <p class='ocr_par' dir='ltr' id='par_1_11' title="bbox 399 1083 1983 1155">
     <span class='ocr_line' id='line_1_11' title="bbox 399 1083 1983 1155; baseline 0.003 -18"><span class='ocrx_word' id='word_1_71' title='bbox 399 1083 490 1139; x_wconf 91' lang='lat' dir='ltr'><strong>hic</strong></span> <span class='ocrx_word' id='word_1_72' title='bbox 522 1100 632 1138; x_wconf 92' lang='lat' dir='ltr'><strong>non</strong></span> <span class='ocrx_word' id='word_1_73' title='bbox 669 1084 842 1155; x_wconf 82' lang='lat' dir='ltr'><strong>fugiet</strong></span> <span class='ocrx_word' id='word_1_74' title='bbox 876 1086 1122 1140; x_wconf 86' lang='lat' dir='ltr'><strong>divinum</strong></span> <span class='ocrx_word' id='word_1_75' title='bbox 1160 1085 1450 1155; x_wconf 88' lang='lat' dir='ltr'><strong>judicium.</strong></span> <span class='ocrx_word' id='word_1_76' title='bbox 1484 1086 1645 1141; x_wconf 89' lang='lat' dir='ltr'><strong>Ponit</strong></span> <span class='ocrx_word' id='word_1_77' title='bbox 1680 1095 1860 1141; x_wconf 87' lang='lat' dir='ltr'><strong>autem</strong></span> <span class='ocrx_word' id='word_1_78' title='bbox 1901 1087 1983 1142; x_wconf 86' lang='lat' dir='ltr'><strong>fa-</strong></span> 
     </span>
    </p>
   </div>
   <div class='ocr_carea' id='block_1_12' title="bbox 398 1175 1984 1249">
    <p class='ocr_par' dir='ltr' id='par_1_12' title="bbox 398 1175 1984 1249">
     <span class='ocr_line' id='line_1_12' title="bbox 398 1175 1984 1249; baseline 0.003 -19"><span class='ocrx_word' id='word_1_79' title='bbox 398 1175 538 1231; x_wconf 89' lang='lat' dir='ltr'><strong>ciem</strong></span> <span class='ocrx_word' id='word_1_80' title='bbox 583 1189 741 1230; x_wconf 90' lang='lat' dir='ltr'><strong>suam</strong></span> <span class='ocrx_word' id='word_1_81' title='bbox 795 1191 962 1246; x_wconf 89' lang='lat' dir='ltr'><strong>super</strong></span> <span class='ocrx_word' id='word_1_82' title='bbox 1007 1193 1132 1232; x_wconf 91' lang='lat' dir='ltr'><strong>eum</strong></span> <span class='ocrx_word' id='word_1_83' title='bbox 1181 1177 1326 1232; x_wconf 84' lang='lat' dir='ltr'><strong>Dens</strong></span> <span class='ocrx_word' id='word_1_84' title='bbox 1372 1178 1518 1232; x_wconf 87' lang='lat' dir='ltr'><strong>illam</strong></span> <span class='ocrx_word' id='word_1_85' title='bbox 1557 1178 1626 1234; x_wconf 90' lang='lat' dir='ltr'><strong>de</strong></span> <span class='ocrx_word' id='word_1_86' title='bbox 1668 1195 1774 1249; x_wconf 91' lang='lat' dir='ltr'><strong>qua</strong></span> <span class='ocrx_word' id='word_1_87' title='bbox 1817 1180 1984 1236; x_wconf 80' lang='lat' dir='ltr'><strong>David</strong></span> 
     </span>
    </p>
   </div>
   <div class='ocr_carea' id='block_1_13' title="bbox 399 1263 1983 1340">
    <p class='ocr_par' dir='ltr' id='par_1_13' title="bbox 399 1263 1983 1340">
     <span class='ocr_line' id='line_1_13' title="bbox 399 1263 1983 1340; baseline 0.006 -23"><span class='ocrx_word' id='word_1_88' title='bbox 399 1263 617 1318; x_wconf 87' lang='lat' dir='ltr'><strong>dicebat</strong></span> <span class='ocrx_word' id='word_1_89' title='bbox 645 1283 658 1318; x_wconf 93' lang='lat'>:</span> <span class='ocrx_word' id='word_1_90' title='bbox 694 1265 872 1320; x_wconf 79' lang='lat' dir='ltr'><strong>Vultus</strong></span> <span class='ocrx_word' id='word_1_91' title='bbox 898 1276 1075 1321; x_wconf 86' lang='lat' dir='ltr'><strong>autem</strong></span> <span class='ocrx_word' id='word_1_92' title='bbox 1101 1267 1314 1321; x_wconf 77' lang='lat' dir='ltr'><strong>Domini</strong></span> <span class='ocrx_word' id='word_1_93' title='bbox 1343 1283 1501 1337; x_wconf 89' lang='lat' dir='ltr'><strong>super</strong></span> <span class='ocrx_word' id='word_1_94' title='bbox 1537 1271 1787 1340; x_wconf 74' lang='lat' dir='ltr'><strong>facientes</strong></span> <span class='ocrx_word' id='word_1_95' title='bbox 1817 1273 1983 1337; x_wconf 89' lang='lat' dir='ltr'><strong>mala,</strong></span> 
     </span>
    </p>
   </div>
   <div class='ocr_carea' id='block_1_14' title="bbox 400 1355 1986 1422">
    <p class='ocr_par' dir='ltr' id='par_1_14' title="bbox 400 1355 1986 1422">
     <span class='ocr_line' id='line_1_14' title="bbox 400 1355 1986 1422; baseline 0.009 -16"><span class='ocrx_word' id='word_1_96' title='bbox 400 1364 460 1407; x_wconf 85' lang='lat' dir='ltr'><strong>ut</strong></span> <span class='ocrx_word' id='word_1_97' title='bbox 487 1355 758 1422; x_wconf 83' lang='lat' dir='ltr'><strong>disperdat</strong></span> <span class='ocrx_word' id='word_1_98' title='bbox 803 1359 868 1411; x_wconf 82' lang='lat' dir='ltr'><strong>de</strong></span> <span class='ocrx_word' id='word_1_99' title='bbox 905 1367 1046 1412; x_wconf 86' lang='lat' dir='ltr'><strong>terra</strong></span> <span class='ocrx_word' id='word_1_100' title='bbox 1077 1361 1388 1413; x_wconf 85' lang='lat' dir='ltr'><strong>memoriam</strong></span> <span class='ocrx_word' id='word_1_101' title='bbox 1423 1376 1602 1414; x_wconf 80' lang='lat' dir='ltr'><strong>eorum</strong></span> <span class='ocrx_word' id='word_1_102' title='bbox 1633 1362 1698 1417; x_wconf 75' lang='grc'><strong>⁷⁵.</strong></span> <span class='ocrx_word' id='word_1_103' title='bbox 1735 1363 1853 1419; x_wconf 88' lang='lat' dir='ltr'><strong>Non</strong></span> <span class='ocrx_word' id='word_1_104' title='bbox 1883 1380 1986 1420; x_wconf 89' lang='lat' dir='ltr'><strong>so—</strong></span> 
     </span>
    </p>
   </div>
   <div class='ocr_carea' id='block_1_15' title="bbox 399 1447 1987 1521">
    <p class='ocr_par' dir='ltr' id='par_1_15' title="bbox 399 1447 1987 1521">
     <span class='ocr_line' id='line_1_15' title="bbox 399 1447 1987 1521; baseline 0.008 -23"><span class='ocrx_word' id='word_1_105' title='bbox 399 1447 515 1499; x_wconf 90' lang='lat' dir='ltr'><strong>lum</strong></span> <span class='ocrx_word' id='word_1_106' title='bbox 541 1462 670 1517; x_wconf 87' lang='lat' dir='ltr'><strong>ergo</strong></span> <span class='ocrx_word' id='word_1_107' title='bbox 700 1448 793 1517; x_wconf 88' lang='lat' dir='ltr'><strong>qui</strong></span> <span class='ocrx_word' id='word_1_108' title='bbox 844 1450 969 1503; x_wconf 89' lang='lat' dir='ltr'><strong>talia</strong></span> <span class='ocrx_word' id='word_1_109' title='bbox 1016 1449 1242 1515; x_wconf 87' lang='lat' dir='ltr'><strong>faciunt,</strong></span> <span class='ocrx_word' id='word_1_110' title='bbox 1273 1451 1367 1506; x_wconf 90' lang='lat' dir='ltr'><strong>sed</strong></span> <span class='ocrx_word' id='word_1_111' title='bbox 1415 1461 1470 1505; x_wconf 92' lang='lat' dir='ltr'><strong>et</strong></span> <span class='ocrx_word' id='word_1_112' title='bbox 1504 1453 1596 1521; x_wconf 91' lang='lat' dir='ltr'><strong>qui</strong></span> <span class='ocrx_word' id='word_1_113' title='bbox 1632 1457 1987 1512; x_wconf 89' lang='lat' dir='ltr'><strong>consentiunt</strong></span> 
     </span>
    </p>
   </div>
   <div class='ocr_carea' id='block_1_16' title="bbox 400 1532 1984 1612">
    <p class='ocr_par' dir='ltr' id='par_1_16' title="bbox 400 1532 1984 1612">
     <span class='ocr_line' id='line_1_16' title="bbox 400 1532 1984 1612; baseline 0.008 -27"><span class='ocrx_word' id='word_1_114' title='bbox 400 1532 750 1596; x_wconf 78' lang='lat' dir='ltr'><strong>facientibus,</strong></span> <span class='ocrx_word' id='word_1_115' title='bbox 782 1535 926 1590; x_wconf 90' lang='lat' dir='ltr'><strong>sicut</strong></span> <span class='ocrx_word' id='word_1_116' title='bbox 957 1535 1234 1592; x_wconf 81' lang='lat' dir='ltr'><strong>Romanos</strong></span> <span class='ocrx_word' id='word_1_117' title='bbox 1279 1537 1479 1593; x_wconf 85' lang='lat' dir='ltr'><strong>Paulus</strong></span> <span class='ocrx_word' id='word_1_118' title='bbox 1517 1539 1765 1596; x_wconf 91' lang='lat' dir='ltr'><strong>scribens</strong></span> <span class='ocrx_word' id='word_1_119' title='bbox 1797 1557 1984 1612; x_wconf 89' lang='lat' dir='ltr'><strong>repre-</strong></span> 
     </span>
    </p>
   </div>
   <div class='ocr_carea' id='block_1_17' title="bbox 385 1623 1982 1695">
    <p class='ocr_par' dir='ltr' id='par_1_17' title="bbox 385 1623 1982 1695">
     <span class='ocr_line' id='line_1_17' title="bbox 385 1623 1982 1695; baseline 0.008 -19"><span class='ocrx_word' id='word_1_120' title='bbox 385 1623 678 1690; x_wconf 55' lang='lat' dir='ltr'><strong>hendebat</strong></span> <span class='ocrx_word' id='word_1_121' title='bbox 727 1625 830 1679; x_wconf 90' lang='lat' dir='ltr'><strong>sub</strong></span> <span class='ocrx_word' id='word_1_122' title='bbox 878 1641 1039 1694; x_wconf 76' lang='lat' dir='ltr'><strong>poena</strong></span> <span class='ocrx_word' id='word_1_123' title='bbox 1075 1627 1139 1692; x_wconf 77' lang='grc'><strong>⁷³,</strong></span> <span class='ocrx_word' id='word_1_124' title='bbox 1171 1641 1294 1695; x_wconf 72' lang='lat' dir='ltr'><strong>qua:</strong></span> <span class='ocrx_word' id='word_1_125' title='bbox 1338 1642 1483 1682; x_wconf 90' lang='lat' dir='ltr'><strong>nunc</strong></span> <span class='ocrx_word' id='word_1_126' title='bbox 1529 1629 1672 1684; x_wconf 85' lang='lat' dir='ltr'><strong>dicta</strong></span> <span class='ocrx_word' id='word_1_127' title='bbox 1719 1641 1804 1686; x_wconf 80' lang='lat' dir='ltr'><strong>est</strong></span> <span class='ocrx_word' id='word_1_128' title='bbox 1837 1648 1867 1686; x_wconf 87' lang='lat' dir='ltr'><strong>a</strong></span> <span class='ocrx_word' id='word_1_129' title='bbox 1907 1633 1982 1689; x_wconf 77' lang='grc' dir='ltr'><strong>Ιε·</strong></span> 
     </span>
    </p>
   </div>
   <div class='ocr_carea' id='block_1_18' title="bbox 398 1713 1046 1782">
    <p class='ocr_par' dir='ltr' id='par_1_18' title="bbox 398 1713 1046 1782">
     <span class='ocr_line' id='line_1_18' title="bbox 398 1713 1046 1782; baseline 0.006 -16"><span class='ocrx_word' id='word_1_130' title='bbox 398 1713 678 1782; x_wconf 83' lang='lat' dir='ltr'><strong>gislatnre,</strong></span> <span class='ocrx_word' id='word_1_131' title='bbox 713 1714 1046 1770; x_wconf 76' lang='lat' dir='ltr'><strong>efﬁciuntur.</strong></span> 
     </span>
    </p>
   </div>
   <div class='ocr_carea' id='block_1_19' title="bbox 2088 536 3698 607">
    <p class='ocr_par' dir='ltr' id='par_1_19' title="bbox 2088 536 3698 607">
     <span class='ocr_line' id='line_1_19' title="bbox 2088 536 3698 607; baseline 0 -18"><span class='ocrx_word' id='word_1_132' title='bbox 2088 548 2302 590; x_wconf 86' lang='lat' dir='ltr'><strong>tuarum</strong></span> <span class='ocrx_word' id='word_1_133' title='bbox 2334 553 2512 592; x_wconf 87' lang='lat' dir='ltr'><strong>omnes</strong></span> <span class='ocrx_word' id='word_1_134' title='bbox 2544 553 2636 591; x_wconf 88' lang='lat' dir='ltr'><strong>nos</strong></span> <span class='ocrx_word' id='word_1_135' title='bbox 2664 537 2732 592; x_wconf 87' lang='lat'><strong>&quot;.</strong></span> <span class='ocrx_word' id='word_1_136' title='bbox 2778 536 2946 591; x_wconf 77' lang='lat' dir='ltr'><strong>Recte</strong></span> <span class='ocrx_word' id='word_1_137' title='bbox 2996 551 3126 607; x_wconf 88' lang='lat' dir='ltr'><strong>ergo</strong></span> <span class='ocrx_word' id='word_1_138' title='bbox 3171 537 3488 606; x_wconf 85' lang='lat' dir='ltr'><strong>quicunque</strong></span> <span class='ocrx_word' id='word_1_139' title='bbox 3535 537 3698 606; x_wconf 84' lang='lat' dir='ltr'><strong>patri</strong></span> 
     </span>
    </p>
   </div>
   <div class='ocr_carea' id='block_1_20' title="bbox 2087 625 3695 698">
    <p class='ocr_par' dir='ltr' id='par_1_20' title="bbox 2087 625 3695 698">
     <span class='ocr_line' id='line_1_20' title="bbox 2087 625 3695 698; baseline -0.002 -15"><span class='ocrx_word' id='word_1_140' title='bbox 2087 630 2344 693; x_wconf 86' lang='lat' dir='ltr'><strong>detrahit,</strong></span> <span class='ocrx_word' id='word_1_141' title='bbox 2377 630 2472 684; x_wconf 90' lang='lat' dir='ltr'><strong>sed</strong></span> <span class='ocrx_word' id='word_1_142' title='bbox 2504 639 2560 684; x_wconf 91' lang='lat' dir='ltr'><strong>et</strong></span> <span class='ocrx_word' id='word_1_143' title='bbox 2601 631 2784 693; x_wconf 85' lang='lat' dir='ltr'><strong>matri,</strong></span> <span class='ocrx_word' id='word_1_144' title='bbox 2821 637 2997 683; x_wconf 88' lang='lat' dir='ltr'><strong>morte</strong></span> <span class='ocrx_word' id='word_1_145' title='bbox 3045 628 3308 682; x_wconf 84' lang='lat' dir='ltr'><strong>multatus</strong></span> <span class='ocrx_word' id='word_1_146' title='bbox 3341 636 3446 682; x_wconf 90' lang='lat' dir='ltr'><strong>est.</strong></span> <span class='ocrx_word' id='word_1_147' title='bbox 3485 625 3695 698; x_wconf 83' lang='lat' dir='ltr'><strong>Ingra-</strong></span> 
     </span>
    </p>
   </div>
   <div class='ocr_carea' id='block_1_21' title="bbox 2088 712 3697 782">
    <p class='ocr_par' dir='ltr' id='par_1_21' title="bbox 2088 712 3697 782">
     <span class='ocr_line' id='line_1_21' title="bbox 2088 712 3697 782; baseline -0.001 -14"><span class='ocrx_word' id='word_1_148' title='bbox 2088 723 2178 769; x_wconf 88' lang='lat' dir='ltr'><strong>tus</strong></span> <span class='ocrx_word' id='word_1_149' title='bbox 2210 725 2296 770; x_wconf 91' lang='lat' dir='ltr'><strong>cst</strong></span> <span class='ocrx_word' id='word_1_150' title='bbox 2334 716 2481 770; x_wconf 86' lang='lat' dir='ltr'><strong>enim</strong></span> <span class='ocrx_word' id='word_1_151' title='bbox 2513 722 2744 779; x_wconf 63' lang='lat' dir='ltr'><strong>natura,</strong></span> <span class='ocrx_word' id='word_1_152' title='bbox 2780 721 2838 768; x_wconf 92' lang='lat' dir='ltr'><strong>et</strong></span> <span class='ocrx_word' id='word_1_153' title='bbox 2879 712 3260 768; x_wconf 85' lang='lat' dir='ltr'><strong>benefactores</strong></span> <span class='ocrx_word' id='word_1_154' title='bbox 3305 713 3697 782; x_wconf 83' lang='lat' dir='ltr'><strong>blasphemat.</strong></span> 
     </span>
    </p>
   </div>
   <div class='ocr_carea' id='block_1_22' title="bbox 2085 805 3701 878">
    <p class='ocr_par' dir='ltr' id='par_1_22' title="bbox 2085 805 3701 878">
     <span class='ocr_line' id='line_1_22' title="bbox 2085 805 3701 878; baseline -0.002 -17"><span class='ocrx_word' id='word_1_155' title='bbox 2085 824 2184 878; x_wconf 93' lang='lat' dir='ltr'><strong>per</strong></span> <span class='ocrx_word' id='word_1_156' title='bbox 2211 823 2352 877; x_wconf 87' lang='lat' dir='ltr'><strong>quos</strong></span> <span class='ocrx_word' id='word_1_157' title='bbox 2379 823 2410 861; x_wconf 88' lang='lat' dir='ltr'><strong>a</strong></span> <span class='ocrx_word' id='word_1_158' title='bbox 2443 807 2553 863; x_wconf 92' lang='lat' dir='ltr'><strong>Deo</strong></span> <span class='ocrx_word' id='word_1_159' title='bbox 2583 821 2704 862; x_wconf 88' lang='lat' dir='ltr'><strong>esse</strong></span> <span class='ocrx_word' id='word_1_160' title='bbox 2735 805 3126 875; x_wconf 88' lang='lat' dir='ltr'><strong>percipientes,</strong></span> <span class='ocrx_word' id='word_1_161' title='bbox 3159 813 3216 859; x_wconf 92' lang='lat' dir='ltr'><strong>et</strong></span> <span class='ocrx_word' id='word_1_162' title='bbox 3247 819 3345 873; x_wconf 91' lang='lat' dir='ltr'><strong>per</strong></span> <span class='ocrx_word' id='word_1_163' title='bbox 3373 820 3519 874; x_wconf 91' lang='lat' dir='ltr'><strong>quos</strong></span> <span class='ocrx_word' id='word_1_164' title='bbox 3563 819 3701 857; x_wconf 79' lang='lat' dir='ltr'><strong>me-</strong></span> 
     </span>
    </p>
   </div>
   <div class='ocr_carea' id='block_1_23' title="bbox 2086 896 3699 969">
    <p class='ocr_par' dir='ltr' id='par_1_23' title="bbox 2086 896 3699 969">
     <span class='ocr_line' id='line_1_23' title="bbox 2086 896 3699 969; baseline -0.004 -14"><span class='ocrx_word' id='word_1_165' title='bbox 2086 901 2300 956; x_wconf 74' lang='lat' dir='ltr'><strong>dientes</strong></span> <span class='ocrx_word' id='word_1_166' title='bbox 2335 899 2578 969; x_wconf 75' lang='lat' dir='ltr'><strong>generati</strong></span> <span class='ocrx_word' id='word_1_167' title='bbox 2627 913 2838 960; x_wconf 92' lang='lat' dir='ltr'><strong>sumus,</strong></span> <span class='ocrx_word' id='word_1_168' title='bbox 2869 908 2927 951; x_wconf 92' lang='lat' dir='ltr'><strong>et</strong></span> <span class='ocrx_word' id='word_1_169' title='bbox 2954 897 3177 966; x_wconf 88' lang='lat' dir='ltr'><strong>injuriat</strong></span> <span class='ocrx_word' id='word_1_170' title='bbox 3200 896 3478 951; x_wconf 86' lang='lat' dir='ltr'><strong>Creatoris</strong></span> <span class='ocrx_word' id='word_1_171' title='bbox 3512 911 3699 966; x_wconf 81' lang='lat' dir='ltr'><strong>orga-</strong></span> 
     </span>
    </p>
   </div>
   <div class='ocr_carea' id='block_1_24' title="bbox 2085 989 3700 1060">
    <p class='ocr_par' dir='ltr' id='par_1_24' title="bbox 2085 989 3700 1060">
     <span class='ocr_line' id='line_1_24' title="bbox 2085 989 3700 1060; baseline -0.002 -15"><span class='ocrx_word' id='word_1_172' title='bbox 2085 1007 2177 1055; x_wconf 88' lang='lat' dir='ltr'><strong>na,</strong></span> <span class='ocrx_word' id='word_1_173' title='bbox 2208 1000 2270 1045; x_wconf 91' lang='lat' dir='ltr'><strong>ut</strong></span> <span class='ocrx_word' id='word_1_174' title='bbox 2294 991 2507 1046; x_wconf 89' lang='lat' dir='ltr'><strong>labores</strong></span> <span class='ocrx_word' id='word_1_175' title='bbox 2538 1005 2673 1060; x_wconf 88' lang='lat' dir='ltr'><strong>quos</strong></span> <span class='ocrx_word' id='word_1_176' title='bbox 2705 991 2986 1059; x_wconf 88' lang='lat' dir='ltr'><strong>patiuntur</strong></span> <span class='ocrx_word' id='word_1_177' title='bbox 3013 990 3068 1043; x_wconf 95' lang='lat' dir='ltr'><strong>in</strong></span> <span class='ocrx_word' id='word_1_178' title='bbox 3103 997 3290 1042; x_wconf 89' lang='lat' dir='ltr'><strong>nostra</strong></span> <span class='ocrx_word' id='word_1_179' title='bbox 3317 989 3700 1059; x_wconf 77' lang='lat' dir='ltr'><strong>generatione</strong></span> 
     </span>
    </p>
   </div>
   <div class='ocr_carea' id='block_1_25' title="bbox 2087 1079 3698 1152">
    <p class='ocr_par' dir='ltr' id='par_1_25' title="bbox 2087 1079 3698 1152">
     <span class='ocr_line' id='line_1_25' title="bbox 2087 1079 3698 1152; baseline -0.003 -15"><span class='ocrx_word' id='word_1_180' title='bbox 2087 1092 2385 1146; x_wconf 88' lang='lat' dir='ltr'><strong>taceamus,</strong></span> <span class='ocrx_word' id='word_1_181' title='bbox 2409 1097 2535 1136; x_wconf 89' lang='lat' dir='ltr'><strong>nam</strong></span> <span class='ocrx_word' id='word_1_182' title='bbox 2563 1083 2688 1152; x_wconf 87' lang='lat' dir='ltr'><strong>quia</strong></span> <span class='ocrx_word' id='word_1_183' title='bbox 2712 1081 3001 1136; x_wconf 77' lang='lat' dir='ltr'><strong>maximam</strong></span> <span class='ocrx_word' id='word_1_184' title='bbox 3031 1095 3248 1150; x_wconf 62' lang='lat' dir='ltr'><strong>poenam</strong></span> <span class='ocrx_word' id='word_1_185' title='bbox 3277 1086 3471 1133; x_wconf 88' lang='lat' dir='ltr'><strong>contra</strong></span> <span class='ocrx_word' id='word_1_186' title='bbox 3504 1079 3698 1141; x_wconf 85' lang='lat' dir='ltr'><strong>hunc.</strong></span> 
     </span>
    </p>
   </div>
   <div class='ocr_carea' id='block_1_26' title="bbox 2085 1172 3700 1258">
    <p class='ocr_par' dir='ltr' id='par_1_26' title="bbox 2085 1172 3700 1258">
     <span class='ocr_line' id='line_1_26' title="bbox 2085 1172 3700 1258; baseline -0.001 -31"><span class='ocrx_word' id='word_1_187' title='bbox 2085 1174 2177 1243; x_wconf 90' lang='lat' dir='ltr'><strong>qui</strong></span> <span class='ocrx_word' id='word_1_188' title='bbox 2220 1174 2532 1243; x_wconf 74' lang='lat' dir='ltr'><strong>huiusmodi</strong></span> <span class='ocrx_word' id='word_1_189' title='bbox 2563 1183 2667 1239; x_wconf 91' lang='lat' dir='ltr'><strong>est,</strong></span> <span class='ocrx_word' id='word_1_190' title='bbox 2704 1174 2758 1228; x_wconf 89' lang='lat' dir='ltr'><strong>id</strong></span> <span class='ocrx_word' id='word_1_191' title='bbox 2787 1181 2875 1258; x_wconf 72' lang='lat' dir='ltr'><strong>est</strong></span> <span class='ocrx_word' id='word_1_192' title='bbox 2903 1182 3136 1227; x_wconf 88' lang='lat' dir='ltr'><strong>mortem</strong></span> <span class='ocrx_word' id='word_1_193' title='bbox 3171 1172 3455 1242; x_wconf 68' lang='lat' dir='ltr'><strong>praecepit,</strong></span> <span class='ocrx_word' id='word_1_194' title='bbox 3485 1182 3700 1226; x_wconf 85' lang='lat' dir='ltr'><strong>osten-</strong></span> 
     </span>
    </p>
   </div>
   <div class='ocr_carea' id='block_1_27' title="bbox 2084 1263 3706 1337">
    <p class='ocr_par' dir='ltr' id='par_1_27' title="bbox 2084 1263 3706 1337">
     <span class='ocr_line' id='line_1_27' title="bbox 2084 1263 3706 1337; baseline -0.001 -16"><span class='ocrx_word' id='word_1_195' title='bbox 2084 1266 2244 1332; x_wconf 88' lang='lat' dir='ltr'><strong>dens,</strong></span> <span class='ocrx_word' id='word_1_196' title='bbox 2276 1268 2404 1337; x_wconf 86' lang='lat' dir='ltr'><strong>quia</strong></span> <span class='ocrx_word' id='word_1_197' title='bbox 2455 1268 2610 1322; x_wconf 84' lang='lat' dir='ltr'><strong>valde</strong></span> <span class='ocrx_word' id='word_1_198' title='bbox 2656 1275 2825 1331; x_wconf 87' lang='lat' dir='ltr'><strong>recte,</strong></span> <span class='ocrx_word' id='word_1_199' title='bbox 2867 1276 2923 1322; x_wconf 90' lang='lat' dir='ltr'><strong>et</strong></span> <span class='ocrx_word' id='word_1_200' title='bbox 2966 1263 3584 1320; x_wconf 87' lang='lat' dir='ltr'><strong>rationabiliter.talem</strong></span> <span class='ocrx_word' id='word_1_201' title='bbox 3630 1279 3706 1319; x_wconf 84' lang='lat' dir='ltr'><strong>se</strong></span> 
     </span>
    </p>
   </div>
   <div class='ocr_carea' id='block_1_28' title="bbox 2086 1357 3202 1428">
    <p class='ocr_par' dir='ltr' id='par_1_28' title="bbox 2086 1357 3202 1428">
     <span class='ocr_line' id='line_1_28' title="bbox 2086 1357 3202 1428; baseline -0.004 -14"><span class='ocrx_word' id='word_1_202' title='bbox 2086 1374 2263 1428; x_wconf 76' lang='lat' dir='ltr'><strong>poenae</strong></span> <span class='ocrx_word' id='word_1_203' title='bbox 2298 1359 2585 1428; x_wconf 87' lang='lat' dir='ltr'><strong>scripsisse</strong></span> <span class='ocrx_word' id='word_1_204' title='bbox 2614 1359 2970 1423; x_wconf 86' lang='lat' dir='ltr'><strong>sententiam,</strong></span> <span class='ocrx_word' id='word_1_205' title='bbox 2995 1357 3202 1413; x_wconf 85' lang='lat' dir='ltr'><strong>subdit.</strong></span> 
     </span>
    </p>
   </div>
   <div class='ocr_carea' id='block_1_29' title="bbox 2156 1448 3703 1522">
    <p class='ocr_par' dir='ltr' id='par_1_29' title="bbox 2156 1448 3703 1522">
     <span class='ocr_line' id='line_1_29' title="bbox 2156 1448 3703 1522; baseline 0.001 -18"><span class='ocrx_word' id='word_1_206' title='bbox 2156 1449 2310 1504; x_wconf 82' lang='lat' dir='ltr'><strong>Patri</strong></span> <span class='ocrx_word' id='word_1_207' title='bbox 2357 1453 2620 1522; x_wconf 78' lang='lat' dir='ltr'><strong>matrique</strong></span> <span class='ocrx_word' id='word_1_208' title='bbox 2650 1450 2945 1516; x_wconf 77' lang='lat' dir='ltr'><strong>maledixit,</strong></span> <span class='ocrx_word' id='word_1_209' title='bbox 2974 1450 3190 1520; x_wconf 75' lang='lat' dir='ltr'><strong>sanguis</strong></span> <span class='ocrx_word' id='word_1_210' title='bbox 3230 1449 3344 1518; x_wconf 87' lang='lat' dir='ltr'><strong>ejus</strong></span> <span class='ocrx_word' id='word_1_211' title='bbox 3380 1448 3480 1502; x_wconf 88' lang='lat' dir='ltr'><strong>erit</strong></span> <span class='ocrx_word' id='word_1_212' title='bbox 3522 1464 3703 1516; x_wconf 74' lang='lat' dir='ltr'><strong>super</strong></span> 
     </span>
    </p>
   </div>
   <div class='ocr_carea' id='block_1_30' title="bbox 2085 1541 3702 1612">
    <p class='ocr_par' dir='ltr' id='par_1_30' title="bbox 2085 1541 3702 1612">
     <span class='ocr_line' id='line_1_30' title="bbox 2085 1541 3702 1612; baseline -0.001 -16"><span class='ocrx_word' id='word_1_213' title='bbox 2085 1558 2222 1597; x_wconf 85' lang='lat' dir='ltr'><strong>eum.</strong></span> <span class='ocrx_word' id='word_1_214' title='bbox 2268 1541 2363 1597; x_wconf 80' lang='lat' dir='ltr'><strong>Vel</strong></span> <span class='ocrx_word' id='word_1_215' title='bbox 2395 1543 2539 1598; x_wconf 88' lang='lat' dir='ltr'><strong>sicut</strong></span> <span class='ocrx_word' id='word_1_216' title='bbox 2570 1541 2736 1604; x_wconf 76' lang='lat' dir='ltr'><strong>LXX,</strong></span> <span class='ocrx_word' id='word_1_217' title='bbox 2761 1559 2880 1597; x_wconf 87' lang='lat' dir='ltr'><strong>reus</strong></span> <span class='ocrx_word' id='word_1_218' title='bbox 2910 1552 2986 1596; x_wconf 88' lang='lat' dir='ltr'><strong>est</strong></span> <span class='ocrx_word' id='word_1_219' title='bbox 3013 1543 3090 1596; x_wconf 82' lang='lat' dir='ltr'><strong>ad</strong></span> <span class='ocrx_word' id='word_1_220' title='bbox 3117 1541 3586 1612; x_wconf 76' lang='lat' dir='ltr'><strong>satisfaciendum.</strong></span> <span class='ocrx_word' id='word_1_221' title='bbox 3620 1541 3702 1594; x_wconf 86' lang='lat' dir='ltr'><strong>de</strong></span> 
     </span>
    </p>
   </div>
   <div class='ocr_carea' id='block_1_31' title="bbox 2088 1633 3698 1707">
    <p class='ocr_par' dir='ltr' id='par_1_31' title="bbox 2088 1633 3698 1707">
     <span class='ocr_line' id='line_1_31' title="bbox 2088 1633 3698 1707; baseline -0.003 -16"><span class='ocrx_word' id='word_1_222' title='bbox 2088 1651 2266 1705; x_wconf 65' lang='lat' dir='ltr'><strong>paena:</strong></span> <span class='ocrx_word' id='word_1_223' title='bbox 2300 1636 2675 1707; x_wconf 82' lang='lat' dir='ltr'><strong>magnitudine</strong></span> <span class='ocrx_word' id='word_1_224' title='bbox 2705 1636 3042 1692; x_wconf 86' lang='lat' dir='ltr'><strong>mentionem</strong></span> <span class='ocrx_word' id='word_1_225' title='bbox 3075 1643 3130 1689; x_wconf 90' lang='lat' dir='ltr'><strong>et</strong></span> <span class='ocrx_word' id='word_1_226' title='bbox 3164 1633 3698 1703; x_wconf 84' lang='lat' dir='ltr'><strong>recapitulationem</strong></span> 
     </span>
    </p>
   </div>
   <div class='ocr_carea' id='block_1_32' title="bbox 2091 1725 3699 1800">
    <p class='ocr_par' dir='ltr' id='par_1_32' title="bbox 2091 1725 3699 1800">
     <span class='ocr_line' id='line_1_32' title="bbox 2091 1725 3699 1800; baseline -0.002 -18"><span class='ocrx_word' id='word_1_227' title='bbox 2091 1727 2302 1784; x_wconf 80' lang='lat' dir='ltr'><strong>t‘aciens</strong></span> <span class='ocrx_word' id='word_1_228' title='bbox 2333 1730 2565 1798; x_wconf 86' lang='lat' dir='ltr'><strong>peccati.</strong></span> <span class='ocrx_word' id='word_1_229' title='bbox 2614 1727 2675 1782; x_wconf 89' lang='lat' dir='ltr'><strong>Si</strong></span> <span class='ocrx_word' id='word_1_230' title='bbox 2716 1743 2848 1800; x_wconf 85' lang='lat' dir='ltr'><strong>ergo</strong></span> <span class='ocrx_word' id='word_1_231' title='bbox 2891 1727 3010 1783; x_wconf 69' lang='lat' dir='ltr'><strong>haec</strong></span> <span class='ocrx_word' id='word_1_232' title='bbox 3046 1727 3101 1780; x_wconf 91' lang='lat' dir='ltr'><strong>in</strong></span> <span class='ocrx_word' id='word_1_233' title='bbox 3131 1741 3218 1788; x_wconf 89' lang='lat' dir='ltr'><strong>eo,</strong></span> <span class='ocrx_word' id='word_1_234' title='bbox 3246 1726 3339 1794; x_wconf 91' lang='lat' dir='ltr'><strong>qui</strong></span> <span class='ocrx_word' id='word_1_235' title='bbox 3384 1725 3699 1779; x_wconf 83' lang='lat' dir='ltr'><strong>sensibiles</strong></span> 
     </span>
    </p>
   </div>
   <div class='ocr_carea' id='block_1_33' title="bbox 470 1782 3698 1890">
    <p class='ocr_par' dir='ltr' id='par_1_33' title="bbox 470 1782 3698 1890">
     <span class='ocr_line' id='line_1_33' title="bbox 470 1782 3698 1890; baseline 0.004 -34"><span class='ocrx_word' id='word_1_236' title='bbox 470 1803 632 1860; x_wconf 80' lang='lat' dir='ltr'><strong>Vens.</strong></span> <span class='ocrx_word' id='word_1_237' title='bbox 664 1805 780 1862; x_wconf 87' lang='lat'><strong>6-8.</strong></span> <span class='ocrx_word' id='word_1_238' title='bbox 830 1826 846 1857; x_wconf 87' lang='grc'><em>‹</em></span> <span class='ocrx_word' id='word_1_239' title='bbox 885 1807 1081 1863; x_wconf 82' lang='lat' dir='ltr'><strong>Anima</strong></span> <span class='ocrx_word' id='word_1_240' title='bbox 1127 1825 1250 1880; x_wconf 85' lang='lat' dir='ltr'><strong>quae</strong></span> <span class='ocrx_word' id='word_1_241' title='bbox 1289 1795 1649 1869; x_wconf 83' lang='lat' dir='ltr'><strong>declinaverit</strong></span> <span class='ocrx_word' id='word_1_242' title='bbox 1690 1815 1757 1870; x_wconf 90' lang='lat' dir='ltr'><strong>ad</strong></span> <span class='ocrx_word' id='word_1_243' title='bbox 1797 1831 1986 1888; x_wconf 87' lang='lat' dir='ltr'><strong>magos</strong></span> <span class='ocrx_word' id='word_1_244' title='bbox 2013 1782 2063 1844; x_wconf 68' lang='grc' dir='ltr'><strong>Β</strong></span> <span class='ocrx_word' id='word_1_245' title='bbox 2092 1782 2598 1890; x_wconf 69' lang='lat' dir='ltr'><strong>maledixitpatres,</strong></span> <span class='ocrx_word' id='word_1_246' title='bbox 2622 1782 2993 1890; x_wconf 56' lang='lat' dir='ltr'><strong>multovmagis</strong></span> <span class='ocrx_word' id='word_1_247' title='bbox 3021 1819 3115 1888; x_wconf 88' lang='lat' dir='ltr'><strong>qui</strong></span> <span class='ocrx_word' id='word_1_248' title='bbox 3141 1782 3488 1888; x_wconf 76' lang='lat' dir='ltr'><strong>blasphemat</strong></span> <span class='ocrx_word' id='word_1_249' title='bbox 3516 1817 3698 1870; x_wconf 84' lang='lat' dir='ltr'><strong>Chri-</strong></span> 
     </span>
    </p>
   </div>
   <div class='ocr_carea' id='block_1_34' title="bbox 395 1897 1980 1980">
    <p class='ocr_par' dir='ltr' id='par_1_34' title="bbox 395 1897 1980 1980">
     <span class='ocr_line' id='line_1_34' title="bbox 395 1897 1980 1980; baseline 0.01 -30"><span class='ocrx_word' id='word_1_250' title='bbox 395 1905 454 1951; x_wconf 89' lang='lat' dir='ltr'><strong>et</strong></span> <span class='ocrx_word' id='word_1_251' title='bbox 501 1897 570 1952; x_wconf 90' lang='lat' dir='ltr'><strong>ad</strong></span> <span class='ocrx_word' id='word_1_252' title='bbox 617 1899 841 1965; x_wconf 89' lang='lat' dir='ltr'><strong>ariolos,</strong></span> <span class='ocrx_word' id='word_1_253' title='bbox 873 1910 930 1954; x_wconf 92' lang='lat' dir='ltr'><strong>et</strong></span> <span class='ocrx_word' id='word_1_254' title='bbox 981 1900 1248 1957; x_wconf 78' lang='lat' dir='ltr'><strong>fornicata</strong></span> <span class='ocrx_word' id='word_1_255' title='bbox 1289 1903 1474 1970; x_wconf 88' lang='lat' dir='ltr'><strong>fuerit,</strong></span> <span class='ocrx_word' id='word_1_256' title='bbox 1510 1920 1634 1961; x_wconf 91' lang='lat' dir='ltr'><strong>cum</strong></span> <span class='ocrx_word' id='word_1_257' title='bbox 1672 1907 1752 1963; x_wconf 91' lang='lat' dir='ltr'><strong>eis</strong></span> <span class='ocrx_word' id='word_1_258' title='bbox 1781 1924 1980 1980; x_wconf 86' lang='lat' dir='ltr'><strong>ponam</strong></span> 
     </span>
    </p>
   </div>
   <div class='ocr_carea' id='block_1_35' title="bbox 394 1989 1982 2061">
    <p class='ocr_par' dir='ltr' id='par_1_35' title="bbox 394 1989 1982 2061">
     <span class='ocr_line' id='line_1_35' title="bbox 394 1989 1982 2061; baseline 0.011 -18"><span class='ocrx_word' id='word_1_259' title='bbox 394 1989 592 2045; x_wconf 85' lang='lat' dir='ltr'><strong>faciem</strong></span> <span class='ocrx_word' id='word_1_260' title='bbox 641 2007 821 2047; x_wconf 86' lang='lat' dir='ltr'><strong>meam</strong></span> <span class='ocrx_word' id='word_1_261' title='bbox 869 2002 1060 2049; x_wconf 89' lang='lat' dir='ltr'><strong>contra</strong></span> <span class='ocrx_word' id='word_1_262' title='bbox 1103 2010 1246 2060; x_wconf 92' lang='lat' dir='ltr'><strong>eam,</strong></span> <span class='ocrx_word' id='word_1_263' title='bbox 1277 2007 1334 2052; x_wconf 89' lang='lat' dir='ltr'><strong>et</strong></span> <span class='ocrx_word' id='word_1_264' title='bbox 1373 1997 1696 2056; x_wconf 88' lang='lat' dir='ltr'><strong>interﬁciam</strong></span> <span class='ocrx_word' id='word_1_265' title='bbox 1736 2002 1880 2058; x_wconf 89' lang='lat' dir='ltr'><strong>illam</strong></span> <span class='ocrx_word' id='word_1_266' title='bbox 1914 2005 1982 2061; x_wconf 91' lang='lat' dir='ltr'><strong>de</strong></span> 
     </span>
    </p>
   </div>
   <div class='ocr_carea' id='block_1_36' title="bbox 392 2083 1982 2164">
    <p class='ocr_par' dir='ltr' id='par_1_36' title="bbox 392 2083 1982 2164">
     <span class='ocr_line' id='line_1_36' title="bbox 392 2083 1982 2164; baseline 0.009 -28"><span class='ocrx_word' id='word_1_267' title='bbox 392 2083 579 2138; x_wconf 89' lang='lat' dir='ltr'><strong>medio</strong></span> <span class='ocrx_word' id='word_1_268' title='bbox 608 2085 817 2156; x_wconf 90' lang='lat' dir='ltr'><strong>populi.</strong></span> <span class='ocrx_word' id='word_1_269' title='bbox 849 2086 1303 2153; x_wconf 88' lang='lat' dir='ltr'><strong>Sanctiﬁcamini,</strong></span> <span class='ocrx_word' id='word_1_270' title='bbox 1329 2098 1385 2144; x_wconf 90' lang='lat' dir='ltr'><strong>et</strong></span> <span class='ocrx_word' id='word_1_271' title='bbox 1422 2100 1598 2147; x_wconf 87' lang='lat' dir='ltr'><strong>estote</strong></span> <span class='ocrx_word' id='word_1_272' title='bbox 1629 2095 1826 2160; x_wconf 86' lang='lat' dir='ltr'><strong>sancti,</strong></span> <span class='ocrx_word' id='word_1_273' title='bbox 1857 2097 1982 2164; x_wconf 84' lang='lat' dir='ltr'><strong>quia</strong></span> 
     </span>
    </p>
   </div>
   <div class='ocr_carea' id='block_1_37' title="bbox 393 2176 1978 2256">
    <p class='ocr_par' dir='ltr' id='par_1_37' title="bbox 393 2176 1978 2256">
     <span class='ocr_line' id='line_1_37' title="bbox 393 2176 1978 2256; baseline 0.009 -28"><span class='ocrx_word' id='word_1_274' title='bbox 393 2190 498 2245; x_wconf 84' lang='lat' dir='ltr'><strong>ego</strong></span> <span class='ocrx_word' id='word_1_275' title='bbox 522 2176 784 2232; x_wconf 87' lang='lat' dir='ltr'><strong>Dominus</strong></span> <span class='ocrx_word' id='word_1_276' title='bbox 815 2178 961 2234; x_wconf 89' lang='lat' dir='ltr'><strong>Deus</strong></span> <span class='ocrx_word' id='word_1_277' title='bbox 986 2190 1187 2236; x_wconf 80' lang='lat' dir='ltr'><strong>vester.</strong></span> <span class='ocrx_word' id='word_1_278' title='bbox 1219 2181 1504 2237; x_wconf 89' lang='lat' dir='ltr'><strong>Custodite</strong></span> <span class='ocrx_word' id='word_1_279' title='bbox 1529 2195 1798 2256; x_wconf 67' lang='lat' dir='ltr'><strong>praecepta</strong></span> <span class='ocrx_word' id='word_1_280' title='bbox 1837 2203 1978 2252; x_wconf 86' lang='lat' dir='ltr'><strong>mea,</strong></span> 
     </span>
    </p>
   </div>
   <div class='ocr_carea' id='block_1_38' title="bbox 394 2269 1834 2341">
    <p class='ocr_par' dir='ltr' id='par_1_38' title="bbox 394 2269 1834 2341">
     <span class='ocr_line' id='line_1_38' title="bbox 394 2269 1834 2341; baseline 0.006 -19"><span class='ocrx_word' id='word_1_281' title='bbox 394 2279 452 2322; x_wconf 86' lang='lat' dir='ltr'><strong>et</strong></span> <span class='ocrx_word' id='word_1_282' title='bbox 483 2269 646 2324; x_wconf 82' lang='lat' dir='ltr'><strong>facite</strong></span> <span class='ocrx_word' id='word_1_283' title='bbox 676 2285 761 2331; x_wconf 85' lang='lat' dir='ltr'><strong>ea.</strong></span> <span class='ocrx_word' id='word_1_284' title='bbox 791 2286 891 2341; x_wconf 78' lang='lat' dir='ltr'><strong>ego</strong></span> <span class='ocrx_word' id='word_1_285' title='bbox 921 2270 1182 2326; x_wconf 81' lang='lat' dir='ltr'><strong>Dominus</strong></span> <span class='ocrx_word' id='word_1_286' title='bbox 1213 2273 1307 2341; x_wconf 90' lang='lat' dir='ltr'><strong>qui</strong></span> <span class='ocrx_word' id='word_1_287' title='bbox 1341 2275 1626 2331; x_wconf 88' lang='lat' dir='ltr'><strong>sanctiﬁco</strong></span> <span class='ocrx_word' id='word_1_288' title='bbox 1656 2293 1775 2332; x_wconf 90' lang='lat' dir='ltr'><strong>vos.</strong></span> <span class='ocrx_word' id='word_1_289' title='bbox 1815 2297 1834 2330; x_wconf 71' lang='grc' dir='ltr'><strong><em>ι</em></strong></span> 
     </span>
    </p>
   </div>
   <div class='ocr_carea' id='block_1_39' title="bbox 466 2359 1982 2432">
    <p class='ocr_par' dir='ltr' id='par_1_39' title="bbox 466 2359 1982 2432">
     <span class='ocr_line' id='line_1_39' title="bbox 466 2359 1982 2432; baseline 0.009 -19"><span class='ocrx_word' id='word_1_290' title='bbox 466 2359 584 2415; x_wconf 77' lang='lat' dir='ltr'><strong>Non</strong></span> <span class='ocrx_word' id='word_1_291' title='bbox 637 2362 1020 2432; x_wconf 80' lang='lat' dir='ltr'><strong>qualecunque</strong></span> <span class='ocrx_word' id='word_1_292' title='bbox 1075 2372 1358 2432; x_wconf 87' lang='lat' dir='ltr'><strong>peccatum</strong></span> <span class='ocrx_word' id='word_1_293' title='bbox 1413 2380 1537 2421; x_wconf 91' lang='lat' dir='ltr'><strong>esse</strong></span> <span class='ocrx_word' id='word_1_294' title='bbox 1587 2368 1861 2425; x_wconf 90' lang='lat' dir='ltr'><strong>declinare</strong></span> <span class='ocrx_word' id='word_1_295' title='bbox 1912 2370 1982 2426; x_wconf 86' lang='lat' dir='ltr'><strong>ad</strong></span> 
     </span>
    </p>
   </div>
   <div class='ocr_carea' id='block_1_40' title="bbox 392 2453 1981 2528">
    <p class='ocr_par' dir='ltr' id='par_1_40' title="bbox 392 2453 1981 2528">
     <span class='ocr_line' id='line_1_40' title="bbox 392 2453 1981 2528; baseline 0.008 -20"><span class='ocrx_word' id='word_1_296' title='bbox 392 2469 604 2524; x_wconf 82' lang='lat' dir='ltr'><strong>magos,</strong></span> <span class='ocrx_word' id='word_1_297' title='bbox 657 2453 773 2509; x_wconf 90' lang='lat' dir='ltr'><strong>sive</strong></span> <span class='ocrx_word' id='word_1_298' title='bbox 831 2463 890 2508; x_wconf 91' lang='lat' dir='ltr'><strong>ut</strong></span> <span class='ocrx_word' id='word_1_299' title='bbox 940 2453 1103 2518; x_wconf 80' lang='lat' dir='ltr'><strong>LXX,</strong></span> <span class='ocrx_word' id='word_1_300' title='bbox 1155 2457 1530 2528; x_wconf 83' lang='lat' dir='ltr'><strong>ventriloquos,</strong></span> <span class='ocrx_word' id='word_1_301' title='bbox 1574 2462 1660 2515; x_wconf 84' lang='lat' dir='ltr'><strong>vel</strong></span> <span class='ocrx_word' id='word_1_302' title='bbox 1708 2463 1981 2519; x_wconf 88' lang='lat' dir='ltr'><strong>veneﬁcos</strong></span> 
     </span>
    </p>
   </div>
   <div class='ocr_carea' id='block_1_41' title="bbox 395 2543 1977 2621">
    <p class='ocr_par' dir='ltr' id='par_1_41' title="bbox 395 2543 1977 2621">
     <span class='ocr_line' id='line_1_41' title="bbox 395 2543 1977 2621; baseline 0.009 -25"><span class='ocrx_word' id='word_1_303' title='bbox 395 2543 749 2612; x_wconf 67' lang='lat' dir='ltr'><strong>praediximus</strong></span> <span class='ocrx_word' id='word_1_304' title='bbox 795 2562 808 2598; x_wconf 85' lang='lat'><strong>:</strong></span> <span class='ocrx_word' id='word_1_305' title='bbox 853 2544 909 2598; x_wconf 90' lang='lat' dir='ltr'><strong>in</strong></span> <span class='ocrx_word' id='word_1_306' title='bbox 963 2555 1196 2614; x_wconf 80' lang='lat' dir='ltr'><strong>utroque</strong></span> <span class='ocrx_word' id='word_1_307' title='bbox 1243 2547 1387 2601; x_wconf 87' lang='lat' dir='ltr'><strong>enim</strong></span> <span class='ocrx_word' id='word_1_308' title='bbox 1441 2563 1469 2602; x_wconf 91' lang='lat' dir='ltr'><strong>a</strong></span> <span class='ocrx_word' id='word_1_309' title='bbox 1521 2551 1632 2605; x_wconf 92' lang='lat' dir='ltr'><strong>Deo</strong></span> <span class='ocrx_word' id='word_1_310' title='bbox 1686 2555 1977 2621; x_wconf 88' lang='lat' dir='ltr'><strong>receditur,</strong></span> 
     </span>
    </p>
   </div>
   <div class='ocr_carea' id='block_1_42' title="bbox 393 2632 1980 2706">
    <p class='ocr_par' dir='ltr' id='par_1_42' title="bbox 393 2632 1980 2706">
     <span class='ocr_line' id='line_1_42' title="bbox 393 2632 1980 2706; baseline 0.009 -20"><span class='ocrx_word' id='word_1_311' title='bbox 393 2632 511 2686; x_wconf 86' lang='lat' dir='ltr'><strong>sive</strong></span> <span class='ocrx_word' id='word_1_312' title='bbox 541 2633 831 2687; x_wconf 79' lang='lat' dir='ltr'><strong>sensibiles</strong></span> <span class='ocrx_word' id='word_1_313' title='bbox 859 2634 1191 2704; x_wconf 73' lang='lat' dir='ltr'><strong>Pythonieos</strong></span> <span class='ocrx_word' id='word_1_314' title='bbox 1222 2649 1277 2692; x_wconf 90' lang='lat' dir='ltr'><strong>et</strong></span> <span class='ocrx_word' id='word_1_315' title='bbox 1308 2640 1601 2706; x_wconf 89' lang='lat' dir='ltr'><strong>veneﬁcos,</strong></span> <span class='ocrx_word' id='word_1_316' title='bbox 1629 2645 1744 2699; x_wconf 82' lang='lat' dir='ltr'><strong>sive</strong></span> <span class='ocrx_word' id='word_1_317' title='bbox 1776 2646 1980 2700; x_wconf 90' lang='lat' dir='ltr'><strong>intelli-</strong></span> 
     </span>
    </p>
   </div>
   <div class='ocr_carea' id='block_1_43' title="bbox 391 2721 1982 2804">
    <p class='ocr_par' dir='ltr' id='par_1_43' title="bbox 391 2721 1982 2804">
     <span class='ocr_line' id='line_1_43' title="bbox 391 2721 1982 2804; baseline 0.009 -29"><span class='ocrx_word' id='word_1_318' title='bbox 391 2721 588 2792; x_wconf 80' lang='lat' dir='ltr'><strong>gibilcs</strong></span> <span class='ocrx_word' id='word_1_319' title='bbox 623 2721 793 2788; x_wconf 87' lang='lat' dir='ltr'><strong>dicas,</strong></span> <span class='ocrx_word' id='word_1_320' title='bbox 822 2721 876 2777; x_wconf 87' lang='lat' dir='ltr'><strong>id</strong></span> <span class='ocrx_word' id='word_1_321' title='bbox 907 2734 1014 2786; x_wconf 91' lang='lat' dir='ltr'><strong>est,</strong></span> <span class='ocrx_word' id='word_1_322' title='bbox 1047 2739 1142 2779; x_wconf 86' lang='lat' dir='ltr'><strong>eos</strong></span> <span class='ocrx_word' id='word_1_323' title='bbox 1165 2727 1257 2794; x_wconf 92' lang='lat' dir='ltr'><strong>qui</strong></span> <span class='ocrx_word' id='word_1_324' title='bbox 1309 2729 1530 2784; x_wconf 87' lang='lat' dir='ltr'><strong>nomine</strong></span> <span class='ocrx_word' id='word_1_325' title='bbox 1561 2731 1654 2786; x_wconf 91' lang='lat' dir='ltr'><strong>Dei</strong></span> <span class='ocrx_word' id='word_1_326' title='bbox 1687 2733 1818 2788; x_wconf 89' lang='lat' dir='ltr'><strong>falsa</strong></span> <span class='ocrx_word' id='word_1_327' title='bbox 1853 2750 1982 2804; x_wconf 89' lang='lat' dir='ltr'><strong>pro-</strong></span> 
     </span>
    </p>
   </div>
   <div class='ocr_carea' id='block_1_44' title="bbox 392 2813 1982 2890">
    <p class='ocr_par' dir='ltr' id='par_1_44' title="bbox 392 2813 1982 2890">
     <span class='ocr_line' id='line_1_44' title="bbox 392 2813 1982 2890; baseline 0.01 -25"><span class='ocrx_word' id='word_1_328' title='bbox 392 2813 641 2883; x_wconf 88' lang='lat' dir='ltr'><strong>phetant,</strong></span> <span class='ocrx_word' id='word_1_329' title='bbox 688 2813 1033 2883; x_wconf 86' lang='lat' dir='ltr'><strong>deceptores,</strong></span> <span class='ocrx_word' id='word_1_330' title='bbox 1083 2825 1140 2870; x_wconf 91' lang='lat' dir='ltr'><strong>et</strong></span> <span class='ocrx_word' id='word_1_331' title='bbox 1195 2817 1527 2884; x_wconf 87' lang='lat' dir='ltr'><strong>adulatores,</strong></span> <span class='ocrx_word' id='word_1_332' title='bbox 1580 2823 1671 2890; x_wconf 89' lang='lat' dir='ltr'><strong>qui</strong></span> <span class='ocrx_word' id='word_1_333' title='bbox 1725 2825 1982 2882; x_wconf 89' lang='lat' dir='ltr'><strong>veneﬁcis</strong></span> 
     </span>
    </p>
   </div>
   <div class='ocr_carea' id='block_1_45' title="bbox 395 2907 1979 2985">
    <p class='ocr_par' dir='ltr' id='par_1_45' title="bbox 395 2907 1979 2985">
     <span class='ocr_line' id='line_1_45' title="bbox 395 2907 1979 2985; baseline 0.008 -25"><span class='ocrx_word' id='word_1_334' title='bbox 395 2907 746 2962; x_wconf 86' lang='lat' dir='ltr'><strong>sermonibus</strong></span> <span class='ocrx_word' id='word_1_335' title='bbox 794 2909 1012 2964; x_wconf 88' lang='lat' dir='ltr'><strong>auditus</strong></span> <span class='ocrx_word' id='word_1_336' title='bbox 1063 2911 1360 2965; x_wconf 90' lang='lat' dir='ltr'><strong>multorum</strong></span> <span class='ocrx_word' id='word_1_337' title='bbox 1416 2927 1799 2985; x_wconf 89' lang='lat' dir='ltr'><strong>corrumpunt,</strong></span> <span class='ocrx_word' id='word_1_338' title='bbox 1851 2927 1908 2972; x_wconf 90' lang='lat' dir='ltr'><strong>ut</strong></span> <span class='ocrx_word' id='word_1_339' title='bbox 1949 2933 1979 2972; x_wconf 91' lang='lat' dir='ltr'><strong>a</strong></span> 
     </span>
    </p>
   </div>
   <div class='ocr_carea' id='block_1_46' title="bbox 391 2997 1981 3070">
    <p class='ocr_par' dir='ltr' id='par_1_46' title="bbox 391 2997 1981 3070">
     <span class='ocr_line' id='line_1_46' title="bbox 391 2997 1981 3070; baseline 0.009 -20"><span class='ocrx_word' id='word_1_340' title='bbox 391 2997 622 3053; x_wconf 84' lang='lat' dir='ltr'><strong>veritate</strong></span> <span class='ocrx_word' id='word_1_341' title='bbox 675 2999 899 3068; x_wconf 89' lang='lat' dir='ltr'><strong>quidem</strong></span> <span class='ocrx_word' id='word_1_342' title='bbox 952 3001 1172 3056; x_wconf 86' lang='lat' dir='ltr'><strong>auditus</strong></span> <span class='ocrx_word' id='word_1_343' title='bbox 1230 3010 1502 3070; x_wconf 90' lang='lat' dir='ltr'><strong>avertant,</strong></span> <span class='ocrx_word' id='word_1_344' title='bbox 1548 3007 1616 3060; x_wconf 90' lang='lat' dir='ltr'><strong>ad</strong></span> <span class='ocrx_word' id='word_1_345' title='bbox 1665 3006 1878 3063; x_wconf 88' lang='lat' dir='ltr'><strong>fabulas</strong></span> <span class='ocrx_word' id='word_1_346' title='bbox 1926 3017 1981 3064; x_wconf 90' lang='lat' dir='ltr'><strong>et</strong></span> 
     </span>
    </p>
   </div>
   <div class='ocr_carea' id='block_1_47' title="bbox 393 3099 1978 3168">
    <p class='ocr_par' dir='ltr' id='par_1_47' title="bbox 393 3099 1978 3168">
     <span class='ocr_line' id='line_1_47' title="bbox 393 3099 1978 3168; baseline 0.008 -24"><span class='ocrx_word' id='word_1_347' title='bbox 393 3105 634 3144; x_wconf 87' lang='lat' dir='ltr'><strong>errorem</strong></span> <span class='ocrx_word' id='word_1_348' title='bbox 676 3099 1094 3154; x_wconf 87' lang='lat' dir='ltr'><strong>convertuntur.</strong></span> <span class='ocrx_word' id='word_1_349' title='bbox 1137 3103 1193 3149; x_wconf 86' lang='lat' dir='ltr'><strong>et</strong></span> <span class='ocrx_word' id='word_1_350' title='bbox 1228 3108 1519 3167; x_wconf 87' lang='lat' dir='ltr'><strong>propterea</strong></span> <span class='ocrx_word' id='word_1_351' title='bbox 1553 3114 1759 3168; x_wconf 89' lang='lat' dir='ltr'><strong>ponere</strong></span> <span class='ocrx_word' id='word_1_352' title='bbox 1784 3100 1978 3157; x_wconf 84' lang='lat' dir='ltr'><strong>faciem</strong></span> 
     </span>
    </p>
   </div>
   <div class='ocr_carea' id='block_1_48' title="bbox 392 3181 1980 3260">
    <p class='ocr_par' dir='ltr' id='par_1_48' title="bbox 392 3181 1980 3260">
     <span class='ocr_line' id='line_1_48' title="bbox 392 3181 1980 3260; baseline 0.009 -24"><span class='ocrx_word' id='word_1_353' title='bbox 392 3196 548 3237; x_wconf 82' lang='lat' dir='ltr'><strong>suam</strong></span> <span class='ocrx_word' id='word_1_354' title='bbox 578 3181 767 3250; x_wconf 82' lang='lat' dir='ltr'><strong>judex.</strong></span> <span class='ocrx_word' id='word_1_355' title='bbox 805 3191 860 3237; x_wconf 91' lang='lat' dir='ltr'><strong>et</strong></span> <span class='ocrx_word' id='word_1_356' title='bbox 897 3184 1212 3252; x_wconf 80' lang='lat' dir='ltr'><strong>disperdere</strong></span> <span class='ocrx_word' id='word_1_357' title='bbox 1239 3203 1337 3243; x_wconf 91' lang='lat' dir='ltr'><strong>cos</strong></span> <span class='ocrx_word' id='word_1_358' title='bbox 1367 3189 1434 3244; x_wconf 91' lang='lat' dir='ltr'><strong>de</strong></span> <span class='ocrx_word' id='word_1_359' title='bbox 1466 3190 1666 3260; x_wconf 86' lang='lat' dir='ltr'><strong>pOpulo</strong></span> <span class='ocrx_word' id='word_1_360' title='bbox 1701 3206 1802 3248; x_wconf 89' lang='lat' dir='ltr'><strong>suo</strong></span> <span class='ocrx_word' id='word_1_361' title='bbox 1829 3207 1980 3250; x_wconf 83' lang='lat' dir='ltr'><strong>com-</strong></span> 
     </span>
    </p>
   </div>
   <div class='ocr_carea' id='block_1_49' title="bbox 395 3273 1276 3332">
    <p class='ocr_par' dir='ltr' id='par_1_49' title="bbox 395 3273 1276 3332">
     <span class='ocr_line' id='line_1_49' title="bbox 395 3273 1276 3332; baseline 0.008 -6"><span class='ocrx_word' id='word_1_362' title='bbox 395 3273 635 3328; x_wconf 85' lang='lat' dir='ltr'><strong>minatus</strong></span> <span class='ocrx_word' id='word_1_363' title='bbox 665 3283 768 3328; x_wconf 89' lang='lat' dir='ltr'><strong>est.</strong></span> <span class='ocrx_word' id='word_1_364' title='bbox 800 3274 1022 3330; x_wconf 78' lang='lat' dir='ltr'><strong>Addidit</strong></span> <span class='ocrx_word' id='word_1_365' title='bbox 1048 3287 1232 3332; x_wconf 89' lang='lat' dir='ltr'><strong>autem</strong></span> <span class='ocrx_word' id='word_1_366' title='bbox 1263 3298 1276 3332; x_wconf 75' lang='grc' dir='ltr'><strong>ε</strong></span> 
     </span>
    </p>
   </div>
   <div class='ocr_carea' id='block_1_50' title="bbox 467 3363 1980 3450">
    <p class='ocr_par' dir='ltr' id='par_1_50' title="bbox 467 3363 1980 3450">
     <span class='ocr_line' id='line_1_50' title="bbox 467 3363 1980 3450; baseline 0.013 -32"><span class='ocrx_word' id='word_1_367' title='bbox 467 3363 909 3433; x_wconf 61' lang='lat' dir='ltr'><strong>Sancti/immitti,</strong></span> <span class='ocrx_word' id='word_1_368' title='bbox 948 3377 1000 3421; x_wconf 89' lang='lat' dir='ltr'><strong>et</strong></span> <span class='ocrx_word' id='word_1_369' title='bbox 1051 3378 1212 3422; x_wconf 74' lang='lat' dir='ltr'><strong>estote</strong></span> <span class='ocrx_word' id='word_1_370' title='bbox 1253 3373 1444 3427; x_wconf 84' lang='lat' dir='ltr'><strong>sancti.</strong></span> <span class='ocrx_word' id='word_1_371' title='bbox 1492 3373 1802 3433; x_wconf 90' lang='lat' dir='ltr'><strong>Ostendens</strong></span> <span class='ocrx_word' id='word_1_372' title='bbox 1852 3380 1980 3450; x_wconf 82' lang='lat' dir='ltr'><strong>quia</strong></span> 
     </span>
    </p>
   </div>
   <div class='ocr_carea' id='block_1_51' title="bbox 393 3457 1982 3533">
    <p class='ocr_par' dir='ltr' id='par_1_51' title="bbox 393 3457 1982 3533">
     <span class='ocr_line' id='line_1_51' title="bbox 393 3457 1982 3533; baseline 0.012 -23"><span class='ocrx_word' id='word_1_373' title='bbox 393 3465 660 3526; x_wconf 88' lang='lat' dir='ltr'><strong>quotquot</strong></span> <span class='ocrx_word' id='word_1_374' title='bbox 693 3457 812 3511; x_wconf 88' lang='lat' dir='ltr'><strong>illos</strong></span> <span class='ocrx_word' id='word_1_375' title='bbox 838 3458 1015 3512; x_wconf 88' lang='lat' dir='ltr'><strong>secuti</strong></span> <span class='ocrx_word' id='word_1_376' title='bbox 1052 3470 1204 3527; x_wconf 90' lang='lat' dir='ltr'><strong>sunt,</strong></span> <span class='ocrx_word' id='word_1_377' title='bbox 1237 3462 1426 3531; x_wconf 88' lang='lat' dir='ltr'><strong>polluti</strong></span> <span class='ocrx_word' id='word_1_378' title='bbox 1454 3477 1600 3533; x_wconf 88' lang='lat' dir='ltr'><strong>sunt,</strong></span> <span class='ocrx_word' id='word_1_379' title='bbox 1623 3478 1678 3524; x_wconf 90' lang='lat' dir='ltr'><strong>et</strong></span> <span class='ocrx_word' id='word_1_380' title='bbox 1700 3471 1982 3528; x_wconf 86' lang='lat' dir='ltr'><strong>abomina—</strong></span> 
     </span>
    </p>
   </div>
   <div class='ocr_carea' id='block_1_52' title="bbox 394 3547 1980 3625">
    <p class='ocr_par' dir='ltr' id='par_1_52' title="bbox 394 3547 1980 3625">
     <span class='ocr_line' id='line_1_52' title="bbox 394 3547 1980 3625; baseline 0.011 -23"><span class='ocrx_word' id='word_1_381' title='bbox 394 3547 553 3612; x_wconf 89' lang='lat' dir='ltr'><strong>biles,</strong></span> <span class='ocrx_word' id='word_1_382' title='bbox 589 3556 752 3616; x_wconf 91' lang='lat' dir='ltr'><strong>atque</strong></span> <span class='ocrx_word' id='word_1_383' title='bbox 801 3547 1090 3613; x_wconf 88' lang='lat' dir='ltr'><strong>immundi,</strong></span> <span class='ocrx_word' id='word_1_384' title='bbox 1146 3561 1338 3621; x_wconf 90' lang='lat' dir='ltr'><strong>utpote</strong></span> <span class='ocrx_word' id='word_1_385' title='bbox 1381 3556 1474 3625; x_wconf 89' lang='lat' dir='ltr'><strong>qui</strong></span> <span class='ocrx_word' id='word_1_386' title='bbox 1523 3559 1980 3619; x_wconf 86' lang='lat' dir='ltr'><strong>abominabilibus</strong></span> 
     </span>
    </p>
   </div>
   <div class='ocr_carea' id='block_1_53' title="bbox 391 3640 1981 3725">
    <p class='ocr_par' dir='ltr' id='par_1_53' title="bbox 391 3640 1981 3725">
     <span class='ocr_line' id='line_1_53' title="bbox 391 3640 1981 3725; baseline 0.011 -33"><span class='ocrx_word' id='word_1_387' title='bbox 391 3640 599 3704; x_wconf 82' lang='lat' dir='ltr'><strong>verbis,</strong></span> <span class='ocrx_word' id='word_1_388' title='bbox 639 3649 690 3694; x_wconf 85' lang='lat' dir='ltr'><strong>et</strong></span> <span class='ocrx_word' id='word_1_389' title='bbox 716 3641 901 3710; x_wconf 88' lang='lat' dir='ltr'><strong>pravis</strong></span> <span class='ocrx_word' id='word_1_390' title='bbox 923 3642 1270 3713; x_wconf 79' lang='lat' dir='ltr'><strong>dogmatibus</strong></span> <span class='ocrx_word' id='word_1_391' title='bbox 1298 3660 1722 3707; x_wconf 85' lang='lat' dir='ltr'><strong>consenserunt.</strong></span> <span class='ocrx_word' id='word_1_392' title='bbox 1754 3653 1981 3725; x_wconf 80' lang='lat' dir='ltr'><strong>Insuper</strong></span> 
     </span>
    </p>
   </div>
   <div class='ocr_carea' id='block_1_54' title="bbox 391 3731 1602 3787">
    <p class='ocr_par' dir='ltr' id='par_1_54' title="bbox 391 3731 1602 3787">
     <span class='ocr_line' id='line_1_54' title="bbox 391 3731 1602 3787; baseline -0.004 -1"><span class='ocrx_word' id='word_1_393' title='bbox 391 3731 604 3787; x_wconf 84' lang='lat' dir='ltr'><strong>addidit</strong></span> <span class='ocrx_word' id='word_1_394' title='bbox 637 3751 649 3785; x_wconf 92' lang='lat'><strong>:</strong></span> <span class='ocrx_word' id='word_1_395' title='bbox 1600 3749 1602 3751; x_wconf 43' lang='grc' dir='ltr'>δ</span> 
     </span>
    </p>
   </div>
   <div class='ocr_carea' id='block_1_55' title="bbox 465 3823 1976 3902">
    <p class='ocr_par' dir='ltr' id='par_1_55' title="bbox 465 3823 1976 3902">
     <span class='ocr_line' id='line_1_55' title="bbox 465 3823 1976 3902; baseline 0.01 -23"><span class='ocrx_word' id='word_1_396' title='bbox 465 3823 735 3879; x_wconf 86' lang='lat' dir='ltr'><strong>Custodite</strong></span> <span class='ocrx_word' id='word_1_397' title='bbox 766 3836 1024 3895; x_wconf 69' lang='lat' dir='ltr'><strong>pracepta</strong></span> <span class='ocrx_word' id='word_1_398' title='bbox 1068 3843 1186 3881; x_wconf 89' lang='lat' dir='ltr'><strong>mea</strong></span> <span class='ocrx_word' id='word_1_399' title='bbox 1221 3839 1269 3884; x_wconf 89' lang='lat' dir='ltr'><strong>et</strong></span> <span class='ocrx_word' id='word_1_400' title='bbox 1296 3833 1454 3902; x_wconf 79' lang='lat' dir='ltr'><strong>facile</strong></span> <span class='ocrx_word' id='word_1_401' title='bbox 1490 3851 1572 3888; x_wconf 87' lang='lat' dir='ltr'><strong>ea.</strong></span> <span class='ocrx_word' id='word_1_402' title='bbox 1621 3834 1976 3895; x_wconf 74' lang='lat' dir='ltr'><strong>Manifestans‘</strong></span> 
     </span>
    </p>
   </div>
   <div class='ocr_carea' id='block_1_56' title="bbox 392 3918 1978 4000">
    <p class='ocr_par' dir='ltr' id='par_1_56' title="bbox 392 3918 1978 4000">
     <span class='ocr_line' id='line_1_56' title="bbox 392 3918 1978 4000; baseline 0.01 -30"><span class='ocrx_word' id='word_1_403' title='bbox 392 3927 448 3972; x_wconf 86' lang='lat' dir='ltr'><strong>et</strong></span> <span class='ocrx_word' id='word_1_404' title='bbox 494 3932 590 3987; x_wconf 86' lang='lat' dir='ltr'><strong>per</strong></span> <span class='ocrx_word' id='word_1_405' title='bbox 639 3918 762 3982; x_wconf 89' lang='lat' dir='ltr'><strong>hoc,</strong></span> <span class='ocrx_word' id='word_1_406' title='bbox 799 3918 945 3987; x_wconf 88' lang='lat' dir='ltr'><strong>quod</strong></span> <span class='ocrx_word' id='word_1_407' title='bbox 996 3922 1498 3988; x_wconf 65' lang='lat' dir='ltr'><strong>praevaricationem</strong></span> <span class='ocrx_word' id='word_1_408' title='bbox 1551 3927 1625 3980; x_wconf 92' lang='lat' dir='ltr'><strong>illi</strong></span> <span class='ocrx_word' id='word_1_409' title='bbox 1672 3941 1978 4000; x_wconf 74' lang='lat' dir='ltr'><strong>praecepto-</strong></span> 
     </span>
    </p>
   </div>
   <div class='ocr_carea' id='block_1_57' title="bbox 392 4008 1976 4085">
    <p class='ocr_par' dir='ltr' id='par_1_57' title="bbox 392 4008 1976 4085">
     <span class='ocr_line' id='line_1_57' title="bbox 392 4008 1976 4085; baseline 0.01 -23"><span class='ocrx_word' id='word_1_410' title='bbox 392 4024 514 4062; x_wconf 91' lang='lat' dir='ltr'><strong>rum</strong></span> <span class='ocrx_word' id='word_1_411' title='bbox 547 4008 642 4062; x_wconf 92' lang='lat' dir='ltr'><strong>Dei</strong></span> <span class='ocrx_word' id='word_1_412' title='bbox 690 4009 943 4070; x_wconf 78' lang='lat' dir='ltr'><strong>doceant,</strong></span> <span class='ocrx_word' id='word_1_413' title='bbox 990 4011 1106 4066; x_wconf 85' lang='lat' dir='ltr'><strong>sive</strong></span> <span class='ocrx_word' id='word_1_414' title='bbox 1145 4013 1318 4085; x_wconf 80' lang='lat' dir='ltr'><strong>legem</strong></span> <span class='ocrx_word' id='word_1_415' title='bbox 1366 4017 1620 4079; x_wconf 86' lang='lat' dir='ltr'><strong>doceant,</strong></span> <span class='ocrx_word' id='word_1_416' title='bbox 1651 4021 1768 4076; x_wconf 86' lang='lat' dir='ltr'><strong>sive</strong></span> <span class='ocrx_word' id='word_1_417' title='bbox 1795 4022 1976 4078; x_wconf 84' lang='lat' dir='ltr'><strong>divina</strong></span> 
     </span>
    </p>
   </div>
   <div class='ocr_carea' id='block_1_58' title="bbox 391 4101 1974 4179">
    <p class='ocr_par' dir='ltr' id='par_1_58' title="bbox 391 4101 1974 4179">
     <span class='ocr_line' id='line_1_58' title="bbox 391 4101 1974 4179; baseline 0.009 -24"><span class='ocrx_word' id='word_1_418' title='bbox 391 4115 453 4156; x_wconf 86' lang='lat' dir='ltr'><strong>se</strong></span> <span class='ocrx_word' id='word_1_419' title='bbox 493 4101 840 4172; x_wconf 88' lang='lat' dir='ltr'><strong>interpretari</strong></span> <span class='ocrx_word' id='word_1_420' title='bbox 885 4102 1140 4158; x_wconf 87' lang='lat' dir='ltr'><strong>mandata</strong></span> <span class='ocrx_word' id='word_1_421' title='bbox 1184 4105 1410 4177; x_wconf 86' lang='lat' dir='ltr'><strong>fingant,</strong></span> <span class='ocrx_word' id='word_1_422' title='bbox 1445 4119 1500 4163; x_wconf 90' lang='lat' dir='ltr'><strong>et</strong></span> <span class='ocrx_word' id='word_1_423' title='bbox 1529 4124 1819 4179; x_wconf 82' lang='lat' dir='ltr'><strong>pmplerca</strong></span> <span class='ocrx_word' id='word_1_424' title='bbox 1859 4129 1974 4178; x_wconf 82' lang='lat' dir='ltr'><strong>eos,</strong></span> 
     </span>
    </p>
   </div>
   <div class='ocr_carea' id='block_1_59' title="bbox 391 4198 1976 4264">
    <p class='ocr_par' dir='ltr' id='par_1_59' title="bbox 391 4198 1976 4264">
     <span class='ocr_line' id='line_1_59' title="bbox 391 4198 1976 4264; baseline 0.008 -16"><span class='ocrx_word' id='word_1_425' title='bbox 391 4203 448 4248; x_wconf 91' lang='lat' dir='ltr'><strong>et</strong></span> <span class='ocrx_word' id='word_1_426' title='bbox 476 4209 736 4264; x_wconf 84' lang='lat' dir='ltr'><strong>sequaces</strong></span> <span class='ocrx_word' id='word_1_427' title='bbox 764 4209 956 4249; x_wconf 90' lang='lat' dir='ltr'><strong>eorum</strong></span> <span class='ocrx_word' id='word_1_428' title='bbox 990 4203 1295 4251; x_wconf 88' lang='lat' dir='ltr'><strong>aversatur.</strong></span> <span class='ocrx_word' id='word_1_429' title='bbox 1345 4198 1454 4254; x_wconf 91' lang='lat' dir='ltr'><strong>Sed</strong></span> <span class='ocrx_word' id='word_1_430' title='bbox 1488 4210 1544 4255; x_wconf 90' lang='lat' dir='ltr'><strong>et</strong></span> <span class='ocrx_word' id='word_1_431' title='bbox 1587 4202 1808 4258; x_wconf 84' lang='lat' dir='ltr'><strong>brevem</strong></span> <span class='ocrx_word' id='word_1_432' title='bbox 1844 4221 1976 4259; x_wconf 89' lang='lat' dir='ltr'><strong>con-</strong></span> 
     </span>
    </p>
   </div>
   <div class='ocr_carea' id='block_1_60' title="bbox 389 4283 1439 4349">
    <p class='ocr_par' dir='ltr' id='par_1_60' title="bbox 389 4283 1439 4349">
     <span class='ocr_line' id='line_1_60' title="bbox 389 4283 1439 4349; baseline -0.001 -6"><span class='ocrx_word' id='word_1_433' title='bbox 389 4287 694 4344; x_wconf 85' lang='lat' dir='ltr'><strong>clusionem</strong></span> <span class='ocrx_word' id='word_1_434' title='bbox 729 4283 910 4340; x_wconf 85' lang='lat' dir='ltr'><strong>verbis</strong></span> <span class='ocrx_word' id='word_1_435' title='bbox 944 4285 1172 4349; x_wconf 90' lang='lat' dir='ltr'><strong>addidit,</strong></span> <span class='ocrx_word' id='word_1_436' title='bbox 1201 4287 1392 4342; x_wconf 89' lang='lat' dir='ltr'><strong>dicens</strong></span> <span class='ocrx_word' id='word_1_437' title='bbox 1424 4305 1439 4342; x_wconf 88' lang='lat'><strong>:</strong></span> 
     </span>
    </p>
   </div>
   <div class='ocr_carea' id='block_1_61' title="bbox 464 4377 1971 4451">
    <p class='ocr_par' dir='ltr' id='par_1_61' title="bbox 464 4377 1971 4451">
     <span class='ocr_line' id='line_1_61' title="bbox 464 4377 1971 4451; baseline 0.005 -17"><span class='ocrx_word' id='word_1_438' title='bbox 464 4379 574 4451; x_wconf 85' lang='lat' dir='ltr'><strong>Ego</strong></span> <span class='ocrx_word' id='word_1_439' title='bbox 609 4377 884 4440; x_wconf 85' lang='lat' dir='ltr'><strong>Dominus,</strong></span> <span class='ocrx_word' id='word_1_440' title='bbox 920 4377 1010 4447; x_wconf 85' lang='lat' dir='ltr'><strong>qui</strong></span> <span class='ocrx_word' id='word_1_441' title='bbox 1041 4379 1313 4447; x_wconf 78' lang='lat' dir='ltr'><strong>sancti/ica</strong></span> <span class='ocrx_word' id='word_1_442' title='bbox 1346 4395 1452 4435; x_wconf 82' lang='lat' dir='ltr'><strong>vos.</strong></span> <span class='ocrx_word' id='word_1_443' title='bbox 1491 4379 1542 4436; x_wconf 90' lang='lat' dir='ltr'><strong>ld</strong></span> <span class='ocrx_word' id='word_1_444' title='bbox 1574 4391 1676 4451; x_wconf 87' lang='lat' dir='ltr'><strong>est,</strong></span> <span class='ocrx_word' id='word_1_445' title='bbox 1713 4399 1811 4440; x_wconf 90' lang='lat' dir='ltr'><strong>cur</strong></span> <span class='ocrx_word' id='word_1_446' title='bbox 1849 4401 1971 4442; x_wconf 92' lang='lat' dir='ltr'><strong>cum</strong></span> 
     </span>
    </p>
   </div>
   <div class='ocr_carea' id='block_1_62' title="bbox 2090 1908 3697 1982">
    <p class='ocr_par' dir='ltr' id='par_1_62' title="bbox 2090 1908 3697 1982">
     <span class='ocr_line' id='line_1_62' title="bbox 2090 1908 3697 1982; baseline -0.003 -16"><span class='ocrx_word' id='word_1_447' title='bbox 2090 1921 2258 1976; x_wconf 86' lang='lat' dir='ltr'><strong>stum,</strong></span> <span class='ocrx_word' id='word_1_448' title='bbox 2294 1912 2412 1982; x_wconf 90' lang='lat' dir='ltr'><strong>ipse</strong></span> <span class='ocrx_word' id='word_1_449' title='bbox 2441 1912 2591 1967; x_wconf 89' lang='lat' dir='ltr'><strong>enim</strong></span> <span class='ocrx_word' id='word_1_450' title='bbox 2629 1925 2732 1966; x_wconf 93' lang='lat' dir='ltr'><strong>nos</strong></span> <span class='ocrx_word' id='word_1_451' title='bbox 2765 1909 3082 1981; x_wconf 87' lang='lat' dir='ltr'><strong>spiritaliter</strong></span> <span class='ocrx_word' id='word_1_452' title='bbox 3110 1909 3471 1980; x_wconf 88' lang='lat' dir='ltr'><strong>regeneravit.</strong></span> <span class='ocrx_word' id='word_1_453' title='bbox 3509 1908 3697 1978; x_wconf 86' lang='lat' dir='ltr'><strong>Igitur</strong></span> 
     </span>
    </p>
   </div>
   <div class='ocr_carea' id='block_1_63' title="bbox 2089 1996 3697 2072">
    <p class='ocr_par' dir='ltr' id='par_1_63' title="bbox 2089 1996 3697 2072">
     <span class='ocr_line' id='line_1_63' title="bbox 2089 1996 3697 2072; baseline -0.006 -14"><span class='ocrx_word' id='word_1_454' title='bbox 2089 2004 2180 2072; x_wconf 91' lang='lat' dir='ltr'><strong>qui</strong></span> <span class='ocrx_word' id='word_1_455' title='bbox 2226 2003 2346 2072; x_wconf 89' lang='lat' dir='ltr'><strong>ejus</strong></span> <span class='ocrx_word' id='word_1_456' title='bbox 2388 2001 2732 2072; x_wconf 89' lang='lat' dir='ltr'><strong>mysterium,</strong></span> <span class='ocrx_word' id='word_1_457' title='bbox 2765 2009 2820 2055; x_wconf 91' lang='lat' dir='ltr'><strong>et</strong></span> <span class='ocrx_word' id='word_1_458' title='bbox 2853 1999 3080 2070; x_wconf 84' lang='lat' dir='ltr'><strong>gratiam</strong></span> <span class='ocrx_word' id='word_1_459' title='bbox 3119 1997 3345 2066; x_wconf 85' lang='lat' dir='ltr'><strong>injuriat</strong></span> <span class='ocrx_word' id='word_1_460' title='bbox 3373 1996 3697 2064; x_wconf 77' lang='lat' dir='ltr'><strong>baptisma-</strong></span> 
     </span>
    </p>
   </div>
   <div class='ocr_carea' id='block_1_64' title="bbox 2090 2086 3694 2159">
    <p class='ocr_par' dir='ltr' id='par_1_64' title="bbox 2090 2086 3694 2159">
     <span class='ocr_line' id='line_1_64' title="bbox 2090 2086 3694 2159; baseline -0.006 -9"><span class='ocrx_word' id='word_1_461' title='bbox 2090 2097 2192 2159; x_wconf 90' lang='lat' dir='ltr'><strong>tis,</strong></span> <span class='ocrx_word' id='word_1_462' title='bbox 2241 2109 2353 2149; x_wconf 90' lang='lat' dir='ltr'><strong>non</strong></span> <span class='ocrx_word' id='word_1_463' title='bbox 2405 2094 2666 2149; x_wconf 89' lang='lat' dir='ltr'><strong>obediens</strong></span> <span class='ocrx_word' id='word_1_464' title='bbox 2714 2092 2836 2148; x_wconf 91' lang='lat' dir='ltr'><strong>voci</strong></span> <span class='ocrx_word' id='word_1_465' title='bbox 2890 2089 3190 2144; x_wconf 82' lang='lat' dir='ltr'><strong>Dominieae</strong></span> <span class='ocrx_word' id='word_1_466' title='bbox 3241 2106 3255 2142; x_wconf 90' lang='lat'><strong>:</strong></span> <span class='ocrx_word' id='word_1_467' title='bbox 3295 2086 3353 2142; x_wconf 91' lang='lat' dir='ltr'><strong>Si</strong></span> <span class='ocrx_word' id='word_1_468' title='bbox 3401 2088 3522 2156; x_wconf 82' lang='lat' dir='ltr'><strong>quis</strong></span> <span class='ocrx_word' id='word_1_469' title='bbox 3577 2103 3694 2140; x_wconf 83' lang='lat' dir='ltr'><strong>non</strong></span> 
     </span>
    </p>
   </div>
   <div class='ocr_carea' id='block_1_65' title="bbox 2089 2167 3694 2258">
    <p class='ocr_par' dir='ltr' id='par_1_65' title="bbox 2089 2167 3694 2258">
     <span class='ocr_line' id='line_1_65' title="bbox 2089 2167 3694 2258; baseline -0.004 -17"><span class='ocrx_word' id='word_1_470' title='bbox 2089 2188 2247 2258; x_wconf 79' lang='lat' dir='ltr'><strong>fuerit</strong></span> <span class='ocrx_word' id='word_1_471' title='bbox 2280 2194 2618 2257; x_wconf 84' lang='lat' dir='ltr'><strong>regeneratus</strong></span> <span class='ocrx_word' id='word_1_472' title='bbox 2646 2200 2710 2238; x_wconf 79' lang='lat' dir='ltr'><strong>ea:</strong></span> <span class='ocrx_word' id='word_1_473' title='bbox 2737 2167 2886 2254; x_wconf 41' lang='lat' dir='ltr'><strong>aqua.</strong></span> <span class='ocrx_word' id='word_1_474' title='bbox 2905 2192 2954 2238; x_wconf 84' lang='lat' dir='ltr'><strong>et</strong></span> <span class='ocrx_word' id='word_1_475' title='bbox 2985 2182 3195 2250; x_wconf 87' lang='lat' dir='ltr'><strong>spiritu,</strong></span> <span class='ocrx_word' id='word_1_476' title='bbox 3229 2196 3334 2233; x_wconf 89' lang='lat' dir='ltr'><strong>non</strong></span> <span class='ocrx_word' id='word_1_477' title='bbox 3365 2168 3594 2233; x_wconf 61' lang='lat' dir='ltr'><strong>int’abit</strong></span> <span class='ocrx_word' id='word_1_478' title='bbox 3626 2182 3694 2234; x_wconf 68' lang='lat' dir='ltr'><strong>in</strong></span> 
     </span>
    </p>
   </div>
   <div class='ocr_carea' id='block_1_66' title="bbox 2089 2270 3690 2347">
    <p class='ocr_par' dir='ltr' id='par_1_66' title="bbox 2089 2270 3690 2347">
     <span class='ocr_line' id='line_1_66' title="bbox 2089 2270 3690 2347; baseline -0.004 -17"><span class='ocrx_word' id='word_1_479' title='bbox 2089 2292 2307 2347; x_wconf 79' lang='lat' dir='ltr'><strong>regnum</strong></span> <span class='ocrx_word' id='word_1_480' title='bbox 2354 2276 2598 2332; x_wconf 72' lang='lat' dir='ltr'><strong>caelorum</strong></span> <span class='ocrx_word' id='word_1_481' title='bbox 2629 2276 2699 2339; x_wconf 80' lang='grc'><strong>⁷⁸,</strong></span> <span class='ocrx_word' id='word_1_482' title='bbox 2732 2275 2822 2329; x_wconf 86' lang='lat' dir='ltr'><strong>hic</strong></span> <span class='ocrx_word' id='word_1_483' title='bbox 2873 2281 3050 2328; x_wconf 89' lang='lat' dir='ltr'><strong>morte</strong></span> <span class='ocrx_word' id='word_1_484' title='bbox 3097 2271 3364 2327; x_wconf 89' lang='lat' dir='ltr'><strong>morietur</strong></span> <span class='ocrx_word' id='word_1_485' title='bbox 3411 2270 3690 2340; x_wconf 74' lang='lat' dir='ltr'><strong>pessima,</strong></span> 
     </span>
    </p>
   </div>
   <div class='ocr_carea' id='block_1_67' title="bbox 2086 2363 3688 2440">
    <p class='ocr_par' dir='ltr' id='par_1_67' title="bbox 2086 2363 3688 2440">
     <span class='ocr_line' id='line_1_67' title="bbox 2086 2363 3688 2440; baseline -0.004 -16"><span class='ocrx_word' id='word_1_486' title='bbox 2086 2371 2358 2425; x_wconf 88' lang='lat' dir='ltr'><strong>alienatus</strong></span> <span class='ocrx_word' id='word_1_487' title='bbox 2403 2384 2434 2423; x_wconf 88' lang='lat' dir='ltr'><strong>a</strong></span> <span class='ocrx_word' id='word_1_488' title='bbox 2475 2383 2644 2440; x_wconf 86' lang='lat' dir='ltr'><strong>regno</strong></span> <span class='ocrx_word' id='word_1_489' title='bbox 2691 2368 2974 2430; x_wconf 78' lang='lat' dir='ltr'><strong>ecelorum,</strong></span> <span class='ocrx_word' id='word_1_490' title='bbox 3005 2374 3062 2421; x_wconf 91' lang='lat' dir='ltr'><strong>et</strong></span> <span class='ocrx_word' id='word_1_491' title='bbox 3091 2374 3313 2420; x_wconf 70' lang='lat' dir='ltr'><strong>aaternae</strong></span> <span class='ocrx_word' id='word_1_492' title='bbox 3339 2363 3467 2419; x_wconf 69' lang='lat' dir='ltr'><strong>vitae</strong></span> <span class='ocrx_word' id='word_1_493' title='bbox 3499 2363 3688 2418; x_wconf 71' lang='lat' dir='ltr'><strong>detri-</strong></span> 
     </span>
    </p>
   </div>
   <div class='ocr_carea' id='block_1_68' title="bbox 2089 2455 3686 2531">
    <p class='ocr_par' dir='ltr' id='par_1_68' title="bbox 2089 2455 3686 2531">
     <span class='ocr_line' id='line_1_68' title="bbox 2089 2455 3686 2531; baseline -0.006 -13"><span class='ocrx_word' id='word_1_494' title='bbox 2089 2473 2333 2518; x_wconf 90' lang='lat' dir='ltr'><strong>mentum</strong></span> <span class='ocrx_word' id='word_1_495' title='bbox 2379 2461 2678 2526; x_wconf 89' lang='lat' dir='ltr'><strong>sustinens,</strong></span> <span class='ocrx_word' id='word_1_496' title='bbox 2710 2459 2804 2531; x_wconf 92' lang='lat' dir='ltr'><strong>qui</strong></span> <span class='ocrx_word' id='word_1_497' title='bbox 2853 2466 2911 2514; x_wconf 89' lang='lat' dir='ltr'><strong>et</strong></span> <span class='ocrx_word' id='word_1_498' title='bbox 2943 2465 3230 2528; x_wconf 79' lang='lat' dir='ltr'><strong>propterea</strong></span> <span class='ocrx_word' id='word_1_499' title='bbox 3273 2469 3402 2509; x_wconf 89' lang='lat' dir='ltr'><strong>reus</strong></span> <span class='ocrx_word' id='word_1_500' title='bbox 3435 2463 3544 2518; x_wconf 84' lang='lat' dir='ltr'><strong>est,</strong></span> <span class='ocrx_word' id='word_1_501' title='bbox 3582 2455 3686 2524; x_wconf 84' lang='lat' dir='ltr'><strong>qui</strong></span> 
     </span>
    </p>
   </div>
   <div class='ocr_carea' id='block_1_69' title="bbox 2087 2545 3685 2625">
    <p class='ocr_par' dir='ltr' id='par_1_69' title="bbox 2087 2545 3685 2625">
     <span class='ocr_line' id='line_1_69' title="bbox 2087 2545 3685 2625; baseline -0.007 -16"><span class='ocrx_word' id='word_1_502' title='bbox 2087 2555 2420 2625; x_wconf 68' lang='lat' dir='ltr'><strong>praedicante</strong></span> <span class='ocrx_word' id='word_1_503' title='bbox 2474 2552 2724 2616; x_wconf 90' lang='lat' dir='ltr'><strong>Domino,</strong></span> <span class='ocrx_word' id='word_1_504' title='bbox 2780 2560 2836 2605; x_wconf 90' lang='lat' dir='ltr'><strong>et</strong></span> <span class='ocrx_word' id='word_1_505' title='bbox 2886 2549 3217 2620; x_wconf 70' lang='lat' dir='ltr'><strong>praedicante</strong></span> <span class='ocrx_word' id='word_1_506' title='bbox 3260 2546 3397 2600; x_wconf 93' lang='lat' dir='ltr'><strong>nihil</strong></span> <span class='ocrx_word' id='word_1_507' title='bbox 3446 2545 3685 2608; x_wconf 84' lang='lat' dir='ltr'><strong>durum,</strong></span> 
     </span>
    </p>
   </div>
   <div class='ocr_carea' id='block_1_70' title="bbox 2087 2639 3689 2719">
    <p class='ocr_par' dir='ltr' id='par_1_70' title="bbox 2087 2639 3689 2719">
     <span class='ocr_line' id='line_1_70' title="bbox 2087 2639 3689 2719; baseline -0.007 -16"><span class='ocrx_word' id='word_1_508' title='bbox 2087 2662 2190 2703; x_wconf 88' lang='lat' dir='ltr'><strong>nec</strong></span> <span class='ocrx_word' id='word_1_509' title='bbox 2229 2663 2412 2719; x_wconf 86' lang='lat' dir='ltr'><strong>grave,</strong></span> <span class='ocrx_word' id='word_1_510' title='bbox 2447 2661 2626 2715; x_wconf 89' lang='lat' dir='ltr'><strong>neque</strong></span> <span class='ocrx_word' id='word_1_511' title='bbox 2661 2645 2810 2714; x_wconf 89' lang='lat' dir='ltr'><strong>quod</strong></span> <span class='ocrx_word' id='word_1_512' title='bbox 2858 2641 3141 2711; x_wconf 89' lang='lat' dir='ltr'><strong>temporis,</strong></span> <span class='ocrx_word' id='word_1_513' title='bbox 3174 2649 3230 2695; x_wconf 93' lang='lat' dir='ltr'><strong>ct</strong></span> <span class='ocrx_word' id='word_1_514' title='bbox 3277 2639 3547 2703; x_wconf 67' lang='lat' dir='ltr'><strong>materiae,</strong></span> <span class='ocrx_word' id='word_1_515' title='bbox 3583 2649 3689 2692; x_wconf 82' lang='lat' dir='ltr'><strong>aut</strong></span> 
     </span>
    </p>
   </div>
   <div class='ocr_carea' id='block_1_71' title="bbox 2087 2730 3686 2806">
    <p class='ocr_par' dir='ltr' id='par_1_71' title="bbox 2087 2730 3686 2806">
     <span class='ocr_line' id='line_1_71' title="bbox 2087 2730 3686 2806; baseline -0.007 -13"><span class='ocrx_word' id='word_1_516' title='bbox 2087 2739 2254 2803; x_wconf 88' lang='lat' dir='ltr'><strong>artis,</strong></span> <span class='ocrx_word' id='word_1_517' title='bbox 2315 2748 2412 2793; x_wconf 89' lang='lat' dir='ltr'><strong>aut</strong></span> <span class='ocrx_word' id='word_1_518' title='bbox 2474 2736 2775 2806; x_wconf 79' lang='lat' dir='ltr'><strong>disciplinae</strong></span> <span class='ocrx_word' id='word_1_519' title='bbox 2822 2741 3056 2804; x_wconf 86' lang='lat' dir='ltr'><strong>&#39;egeret,</strong></span> <span class='ocrx_word' id='word_1_520' title='bbox 3126 2731 3222 2786; x_wconf 85' lang='lat' dir='ltr'><strong>sed</strong></span> <span class='ocrx_word' id='word_1_521' title='bbox 3292 2730 3686 2785; x_wconf 87' lang='lat' dir='ltr'><strong>tantummodo</strong></span> 
     </span>
    </p>
   </div>
   <div class='ocr_carea' id='block_1_72' title="bbox 2087 2819 3684 2892">
    <p class='ocr_par' dir='ltr' id='par_1_72' title="bbox 2087 2819 3684 2892">
     <span class='ocr_line' id='line_1_72' title="bbox 2087 2819 3684 2892; baseline -0.007 -9"><span class='ocrx_word' id='word_1_522' title='bbox 2087 2828 2277 2883; x_wconf 92' lang='lat' dir='ltr'><strong>mundi</strong></span> <span class='ocrx_word' id='word_1_523' title='bbox 2334 2825 2538 2892; x_wconf 90' lang='lat' dir='ltr'><strong>cordis,</strong></span> <span class='ocrx_word' id='word_1_524' title='bbox 2588 2835 2644 2880; x_wconf 91' lang='lat' dir='ltr'><strong>et</strong></span> <span class='ocrx_word' id='word_1_525' title='bbox 2697 2823 2844 2887; x_wconf 84' lang='lat' dir='ltr'><strong>fidei,</strong></span> <span class='ocrx_word' id='word_1_526' title='bbox 2895 2823 2996 2877; x_wconf 89' lang='lat' dir='ltr'><strong>iste</strong></span> <span class='ocrx_word' id='word_1_527' title='bbox 3051 2830 3248 2892; x_wconf 87' lang='lat' dir='ltr'><strong>sponte</strong></span> <span class='ocrx_word' id='word_1_528' title='bbox 3302 2821 3408 2876; x_wconf 90' lang='lat' dir='ltr'><strong>hoc</strong></span> <span class='ocrx_word' id='word_1_529' title='bbox 3462 2819 3684 2874; x_wconf 78' lang='lat' dir='ltr'><strong>donum</strong></span> 
     </span>
    </p>
   </div>
   <div class='ocr_carea' id='block_1_73' title="bbox 2087 2929 3180 2985">
    <p class='ocr_par' dir='ltr' id='par_1_73' title="bbox 2087 2929 3180 2985">
     <span class='ocr_line' id='line_1_73' title="bbox 2087 2929 3180 2985; baseline -0.003 -8"><span class='ocrx_word' id='word_1_530' title='bbox 2087 2929 2371 2977; x_wconf 84' lang='lat' dir='ltr'><strong>aversatus</strong></span> <span class='ocrx_word' id='word_1_531' title='bbox 2397 2930 2502 2976; x_wconf 87' lang='lat' dir='ltr'><strong>est.</strong></span> <span class='ocrx_word' id='word_1_532' title='bbox 3178 2983 3180 2985; x_wconf 18' lang='lat'><strong>,</strong></span> 
     </span>
    </p>
   </div>
   <div class='ocr_carea' id='block_1_74' title="bbox 2159 3002 3682 3074">
    <p class='ocr_par' dir='ltr' id='par_1_74' title="bbox 2159 3002 3682 3074">
     <span class='ocr_line' id='line_1_74' title="bbox 2159 3002 3682 3074; baseline -0.008 -7"><span class='ocrx_word' id='word_1_533' title='bbox 2159 3009 2322 3066; x_wconf 76' lang='lat' dir='ltr'><strong>Vens.</strong></span> <span class='ocrx_word' id='word_1_534' title='bbox 2355 3011 2444 3065; x_wconf 75' lang='lat' dir='ltr'><strong>to.</strong></span> <span class='ocrx_word' id='word_1_535' title='bbox 2485 3029 2502 3060; x_wconf 80' lang='grc' dir='ltr'><strong>ι</strong></span> <span class='ocrx_word' id='word_1_536' title='bbox 2539 3007 2594 3063; x_wconf 87' lang='lat' dir='ltr'><strong>Si</strong></span> <span class='ocrx_word' id='word_1_537' title='bbox 2640 3006 2944 3062; x_wconf 66' lang='lat' dir='ltr'><strong>moechatus</strong></span> <span class='ocrx_word' id='word_1_538' title='bbox 2986 3003 3110 3074; x_wconf 86' lang='lat' dir='ltr'><strong>quis</strong></span> <span class='ocrx_word' id='word_1_539' title='bbox 3143 3002 3310 3057; x_wconf 85' lang='lat' dir='ltr'><strong>fuerit</strong></span> <span class='ocrx_word' id='word_1_540' title='bbox 3342 3015 3466 3056; x_wconf 90' lang='lat' dir='ltr'><strong>cum</strong></span> <span class='ocrx_word' id='word_1_541' title='bbox 3497 3015 3682 3055; x_wconf 74' lang='lat' dir='ltr'><strong>uxore</strong></span> 
     </span>
    </p>
   </div>
   <div class='ocr_carea' id='block_1_75' title="bbox 2087 3095 3680 3167">
    <p class='ocr_par' dir='ltr' id='par_1_75' title="bbox 2087 3095 3680 3167">
     <span class='ocr_line' id='line_1_75' title="bbox 2087 3095 3680 3167; baseline -0.007 -9"><span class='ocrx_word' id='word_1_542' title='bbox 2087 3103 2331 3167; x_wconf 87' lang='lat' dir='ltr'><strong>alterius,</strong></span> <span class='ocrx_word' id='word_1_543' title='bbox 2387 3112 2441 3156; x_wconf 90' lang='lat' dir='ltr'><strong>et</strong></span> <span class='ocrx_word' id='word_1_544' title='bbox 2487 3099 2811 3156; x_wconf 90' lang='lat' dir='ltr'><strong>adulterium</strong></span> <span class='ocrx_word' id='word_1_545' title='bbox 2869 3095 3267 3166; x_wconf 85' lang='lat' dir='ltr'><strong>perpetraverit</strong></span> <span class='ocrx_word' id='word_1_546' title='bbox 3316 3109 3442 3150; x_wconf 90' lang='lat' dir='ltr'><strong>cum</strong></span> <span class='ocrx_word' id='word_1_547' title='bbox 3497 3109 3680 3147; x_wconf 78' lang='lat' dir='ltr'><strong>uxore</strong></span> 
     </span>
    </p>
   </div>
   <div class='ocr_carea' id='block_1_76' title="bbox 2087 3187 3680 3265">
    <p class='ocr_par' dir='ltr' id='par_1_76' title="bbox 2087 3187 3680 3265">
     <span class='ocr_line' id='line_1_76' title="bbox 2087 3187 3680 3265; baseline -0.005 -17"><span class='ocrx_word' id='word_1_548' title='bbox 2087 3196 2320 3265; x_wconf 75' lang='lat' dir='ltr'><strong>proximi</strong></span> <span class='ocrx_word' id='word_1_549' title='bbox 2371 3194 2478 3260; x_wconf 87' lang='lat' dir='ltr'><strong>sui,</strong></span> <span class='ocrx_word' id='word_1_550' title='bbox 2511 3203 2686 3248; x_wconf 88' lang='lat' dir='ltr'><strong>morte</strong></span> <span class='ocrx_word' id='word_1_551' title='bbox 2725 3191 2991 3246; x_wconf 88' lang='lat' dir='ltr'><strong>moriatur</strong></span> <span class='ocrx_word' id='word_1_552' title='bbox 3034 3197 3090 3244; x_wconf 87' lang='lat' dir='ltr'><strong>et</strong></span> <span class='ocrx_word' id='word_1_553' title='bbox 3142 3188 3390 3244; x_wconf 73' lang='lat' dir='ltr'><strong>mtechus</strong></span> <span class='ocrx_word' id='word_1_554' title='bbox 3423 3196 3479 3241; x_wconf 91' lang='lat' dir='ltr'><strong>et</strong></span> <span class='ocrx_word' id='word_1_555' title='bbox 3511 3187 3680 3240; x_wconf 84' lang='lat' dir='ltr'><strong>adul-</strong></span> 
     </span>
    </p>
   </div>
   <div class='ocr_carea' id='block_1_77' title="bbox 2087 3299 2282 3342">
    <p class='ocr_par' dir='ltr' id='par_1_77' title="bbox 2087 3299 2282 3342">
     <span class='ocr_line' id='line_1_77' title="bbox 2087 3299 2282 3342; baseline -0.015 0"><span class='ocrx_word' id='word_1_556' title='bbox 2087 3299 2220 3342; x_wconf 91' lang='lat' dir='ltr'><strong>tera.</strong></span> <span class='ocrx_word' id='word_1_557' title='bbox 2262 3307 2282 3339; x_wconf 69' lang='grc' dir='ltr'><strong>ι</strong></span> 
     </span>
    </p>
   </div>
   <div class='ocr_carea' id='block_1_78' title="bbox 2157 3369 3778 3443">
    <p class='ocr_par' dir='ltr' id='par_1_78' title="bbox 2157 3369 3778 3443">
     <span class='ocr_line' id='line_1_78' title="bbox 2157 3369 3778 3443; baseline -0.007 -9"><span class='ocrx_word' id='word_1_558' title='bbox 2157 3379 2270 3435; x_wconf 84' lang='grc' dir='ltr'>Νεε</span> <span class='ocrx_word' id='word_1_559' title='bbox 2300 3389 2492 3435; x_wconf 89' lang='lat' dir='ltr'><strong>contra</strong></span> <span class='ocrx_word' id='word_1_560' title='bbox 2515 3375 2660 3434; x_wconf 80' lang='lat' dir='ltr'><strong>hun&#39;e</strong></span> <span class='ocrx_word' id='word_1_561' title='bbox 2687 3376 2842 3441; x_wconf 84' lang='lat' dir='ltr'><strong>dura,</strong></span> <span class='ocrx_word' id='word_1_562' title='bbox 2867 3375 2960 3431; x_wconf 91' lang='lat' dir='ltr'><strong>sed</strong></span> <span class='ocrx_word' id='word_1_563' title='bbox 2989 3374 3098 3429; x_wconf 92' lang='lat' dir='ltr'><strong>imo</strong></span> <span class='ocrx_word' id='word_1_564' title='bbox 3127 3372 3298 3443; x_wconf 85' lang='lat' dir='ltr'><strong>magis</strong></span> <span class='ocrx_word' id='word_1_565' title='bbox 3328 3369 3493 3424; x_wconf 87' lang='lat' dir='ltr'><strong>nimis</strong></span> <span class='ocrx_word' id='word_1_566' title='bbox 3521 3370 3678 3438; x_wconf 81' lang='lat' dir='ltr'><strong>justa</strong></span> <span class='ocrx_word' id='word_1_567' title='bbox 3762 3397 3778 3410; x_wconf 86' lang='lat'><strong>-</strong></span> 
     </span>
    </p>
   </div>
   <div class='ocr_carea' id='block_1_79' title="bbox 2083 3465 3676 3535">
    <p class='ocr_par' dir='ltr' id='par_1_79' title="bbox 2083 3465 3676 3535">
     <span class='ocr_line' id='line_1_79' title="bbox 2083 3465 3676 3535; baseline -0.011 -5"><span class='ocrx_word' id='word_1_568' title='bbox 2083 3472 2293 3530; x_wconf 79' lang='lat' dir='ltr'><strong>exstitit</strong></span> <span class='ocrx_word' id='word_1_569' title='bbox 2335 3473 2446 3528; x_wconf 80' lang='lat' dir='ltr'><strong>lex.</strong></span> <span class='ocrx_word' id='word_1_570' title='bbox 2487 3470 2625 3526; x_wconf 91' lang='lat' dir='ltr'><strong>Cum</strong></span> <span class='ocrx_word' id='word_1_571' title='bbox 2675 3470 2864 3524; x_wconf 80' lang='lat' dir='ltr'><strong>liceret</strong></span> <span class='ocrx_word' id='word_1_572' title='bbox 2914 3467 3059 3522; x_wconf 88' lang='lat' dir='ltr'><strong>enim</strong></span> <span class='ocrx_word' id='word_1_573' title='bbox 3111 3465 3390 3535; x_wconf 85' lang='lat' dir='ltr'><strong>propriam</strong></span> <span class='ocrx_word' id='word_1_574' title='bbox 3437 3477 3676 3516; x_wconf 81' lang='lat' dir='ltr'><strong>uxorem</strong></span> 
     </span>
    </p>
   </div>
   <div class='ocr_carea' id='block_1_80' title="bbox 2084 3554 3677 3634">
    <p class='ocr_par' dir='ltr' id='par_1_80' title="bbox 2084 3554 3677 3634">
     <span class='ocr_line' id='line_1_80' title="bbox 2084 3554 3677 3634; baseline -0.008 -14"><span class='ocrx_word' id='word_1_575' title='bbox 2084 3567 2306 3628; x_wconf 87' lang='lat' dir='ltr'><strong>habere,</strong></span> <span class='ocrx_word' id='word_1_576' title='bbox 2342 3563 2643 3634; x_wconf 91' lang='lat' dir='ltr'><strong>corrumpit</strong></span> <span class='ocrx_word' id='word_1_577' title='bbox 2683 3562 2908 3616; x_wconf 88' lang='lat' dir='ltr'><strong>alterius</strong></span> <span class='ocrx_word' id='word_1_578' title='bbox 2941 3577 2954 3612; x_wconf 87' lang='lat'><strong>:</strong></span> <span class='ocrx_word' id='word_1_579' title='bbox 2993 3574 3118 3613; x_wconf 87' lang='lat' dir='ltr'><strong>cum</strong></span> <span class='ocrx_word' id='word_1_580' title='bbox 3162 3558 3353 3611; x_wconf 89' lang='lat' dir='ltr'><strong>liceret</strong></span> <span class='ocrx_word' id='word_1_581' title='bbox 3394 3555 3452 3609; x_wconf 90' lang='lat' dir='ltr'><strong>in</strong></span> <span class='ocrx_word' id='word_1_582' title='bbox 3497 3554 3677 3608; x_wconf 87' lang='lat' dir='ltr'><strong>casti-</strong></span> 
     </span>
    </p>
   </div>
   <div class='ocr_carea' id='block_1_81' title="bbox 2082 3645 3675 3720">
    <p class='ocr_par' dir='ltr' id='par_1_81' title="bbox 2082 3645 3675 3720">
     <span class='ocr_line' id='line_1_81' title="bbox 2082 3645 3675 3720; baseline -0.008 -8"><span class='ocrx_word' id='word_1_583' title='bbox 2082 3668 2192 3713; x_wconf 90' lang='lat' dir='ltr'><strong>tate</strong></span> <span class='ocrx_word' id='word_1_584' title='bbox 2243 3657 2473 3720; x_wconf 89' lang='lat' dir='ltr'><strong>nubere,</strong></span> <span class='ocrx_word' id='word_1_585' title='bbox 2507 3664 2563 3710; x_wconf 86' lang='lat' dir='ltr'><strong>et</strong></span> <span class='ocrx_word' id='word_1_586' title='bbox 2621 3654 2674 3707; x_wconf 93' lang='lat' dir='ltr'><strong>in</strong></span> <span class='ocrx_word' id='word_1_587' title='bbox 2731 3652 3164 3709; x_wconf 84' lang='lat' dir='ltr'><strong>sanctiﬁcatione</strong></span> <span class='ocrx_word' id='word_1_588' title='bbox 3221 3663 3455 3718; x_wconf 65' lang='lat' dir='ltr'><strong>promite</strong></span> <span class='ocrx_word' id='word_1_589' title='bbox 3505 3645 3675 3700; x_wconf 82' lang='lat' dir='ltr'><strong>uxori</strong></span> 
     </span>
    </p>
   </div>
   <div class='ocr_carea' id='block_1_82' title="bbox 2082 3737 3678 3822">
    <p class='ocr_par' dir='ltr' id='par_1_82' title="bbox 2082 3737 3678 3822">
     <span class='ocr_line' id='line_1_82' title="bbox 2082 3737 3678 3822; baseline -0.007 -22"><span class='ocrx_word' id='word_1_590' title='bbox 2082 3745 2386 3800; x_wconf 78' lang='lat' dir='ltr'><strong>secundum</strong></span> <span class='ocrx_word' id='word_1_591' title='bbox 2438 3745 2609 3813; x_wconf 81' lang='lat' dir='ltr'><strong>legem</strong></span> <span class='ocrx_word' id='word_1_592' title='bbox 2661 3740 2900 3822; x_wconf 62' lang='lat' dir='ltr'><strong>misceri,</strong></span> <span class='ocrx_word' id='word_1_593' title='bbox 2933 3741 2986 3794; x_wconf 92' lang='lat' dir='ltr'><strong>in</strong></span> <span class='ocrx_word' id='word_1_594' title='bbox 3021 3737 3418 3808; x_wconf 76' lang='lat' dir='ltr'><strong>impudicitiam</strong></span> <span class='ocrx_word' id='word_1_595' title='bbox 3457 3745 3512 3789; x_wconf 90' lang='lat' dir='ltr'><strong>et</strong></span> <span class='ocrx_word' id='word_1_596' title='bbox 3549 3751 3678 3790; x_wconf 80' lang='lat' dir='ltr'><strong>cor-</strong></span> 
     </span>
    </p>
   </div>
   <div class='ocr_carea' id='block_1_83' title="bbox 2081 3828 3674 3908">
    <p class='ocr_par' dir='ltr' id='par_1_83' title="bbox 2081 3828 3674 3908">
     <span class='ocr_line' id='line_1_83' title="bbox 2081 3828 3674 3908; baseline -0.006 -16"><span class='ocrx_word' id='word_1_597' title='bbox 2081 3838 2392 3908; x_wconf 90' lang='lat' dir='ltr'><strong>ruptionem</strong></span> <span class='ocrx_word' id='word_1_598' title='bbox 2425 3835 2651 3890; x_wconf 86' lang='lat' dir='ltr'><strong>alterius</strong></span> <span class='ocrx_word' id='word_1_599' title='bbox 2685 3833 2948 3888; x_wconf 84' lang='lat' dir='ltr'><strong>miscetur</strong></span> <span class='ocrx_word' id='word_1_600' title='bbox 2970 3831 3147 3893; x_wconf 77' lang='lat' dir='ltr'><strong>uxori,</strong></span> <span class='ocrx_word' id='word_1_601' title='bbox 3179 3839 3234 3885; x_wconf 91' lang='lat' dir='ltr'><strong>et</strong></span> <span class='ocrx_word' id='word_1_602' title='bbox 3267 3829 3498 3898; x_wconf 85' lang='lat' dir='ltr'><strong>dissipat</strong></span> <span class='ocrx_word' id='word_1_603' title='bbox 3529 3828 3674 3882; x_wconf 86' lang='lat' dir='ltr'><strong>ﬁlio-</strong></span> 
     </span>
    </p>
   </div>
   <div class='ocr_carea' id='block_1_84' title="bbox 2081 3919 3672 3992">
    <p class='ocr_par' dir='ltr' id='par_1_84' title="bbox 2081 3919 3672 3992">
     <span class='ocr_line' id='line_1_84' title="bbox 2081 3919 3672 3992; baseline -0.006 -12"><span class='ocrx_word' id='word_1_604' title='bbox 2081 3943 2202 3983; x_wconf 91' lang='lat' dir='ltr'><strong>rum</strong></span> <span class='ocrx_word' id='word_1_605' title='bbox 2227 3927 2630 3990; x_wconf 87' lang='lat' dir='ltr'><strong>successiones,</strong></span> <span class='ocrx_word' id='word_1_606' title='bbox 2665 3925 3001 3992; x_wconf 88' lang='lat' dir='ltr'><strong>duhiumque</strong></span> <span class='ocrx_word' id='word_1_607' title='bbox 3042 3919 3285 3975; x_wconf 83' lang='lat' dir='ltr'><strong>mulieris</strong></span> <span class='ocrx_word' id='word_1_608' title='bbox 3324 3929 3564 3988; x_wconf 83' lang='lat' dir='ltr'><strong>partum,</strong></span> <span class='ocrx_word' id='word_1_609' title='bbox 3599 3919 3672 3972; x_wconf 85' lang='lat' dir='ltr'><strong>ad</strong></span> 
     </span>
    </p>
   </div>
   <div class='ocr_carea' id='block_1_85' title="bbox 2079 4013 3673 4089">
    <p class='ocr_par' dir='ltr' id='par_1_85' title="bbox 2079 4013 3673 4089">
     <span class='ocr_line' id='line_1_85' title="bbox 2079 4013 3673 4089; baseline -0.003 -17"><span class='ocrx_word' id='word_1_610' title='bbox 2079 4035 2242 4089; x_wconf 85' lang='lat' dir='ltr'><strong>quem</strong></span> <span class='ocrx_word' id='word_1_611' title='bbox 2278 4019 2570 4088; x_wconf 87' lang='lat' dir='ltr'><strong>pertineat,</strong></span> <span class='ocrx_word' id='word_1_612' title='bbox 2603 4017 2750 4072; x_wconf 89' lang='lat' dir='ltr'><strong>facit.</strong></span> <span class='ocrx_word' id='word_1_613' title='bbox 2784 4015 2888 4070; x_wconf 92' lang='lat' dir='ltr'><strong>Sed</strong></span> <span class='ocrx_word' id='word_1_614' title='bbox 2921 4023 2976 4069; x_wconf 90' lang='lat' dir='ltr'><strong>et</strong></span> <span class='ocrx_word' id='word_1_615' title='bbox 3017 4022 3304 4084; x_wconf 90' lang='lat' dir='ltr'><strong>postquam</strong></span> <span class='ocrx_word' id='word_1_616' title='bbox 3339 4013 3494 4075; x_wconf 75' lang='lat' dir='ltr'><strong>dixit,</strong></span> <span class='ocrx_word' id='word_1_617' title='bbox 3538 4027 3673 4067; x_wconf 73' lang='lat' dir='ltr'><strong>ma:-</strong></span> 
     </span>
    </p>
   </div>
   <div class='ocr_carea' id='block_1_86' title="bbox 2080 4106 3342 4182">
    <p class='ocr_par' dir='ltr' id='par_1_86' title="bbox 2080 4106 3342 4182">
     <span class='ocr_line' id='line_1_86' title="bbox 2080 4106 3342 4182; baseline -0.006 -16"><span class='ocrx_word' id='word_1_618' title='bbox 2080 4114 2263 4166; x_wconf 73' lang='lat' dir='ltr'><strong>clratus</strong></span> <span class='ocrx_word' id='word_1_619' title='bbox 2293 4112 2451 4182; x_wconf 79' lang='lat' dir='ltr'><strong>fuerit</strong></span> <span class='ocrx_word' id='word_1_620' title='bbox 2485 4126 2604 4163; x_wconf 80' lang='lat' dir='ltr'><strong>cum</strong></span> <span class='ocrx_word' id='word_1_621' title='bbox 2632 4126 2792 4163; x_wconf 73' lang='lat' dir='ltr'><strong>uxore</strong></span> <span class='ocrx_word' id='word_1_622' title='bbox 2821 4107 3060 4170; x_wconf 81' lang='lat' dir='ltr'><strong>alterius,</strong></span> <span class='ocrx_word' id='word_1_623' title='bbox 3093 4106 3300 4160; x_wconf 89' lang='lat' dir='ltr'><strong>addidit</strong></span> <span class='ocrx_word' id='word_1_624' title='bbox 3327 4121 3342 4158; x_wconf 90' lang='lat'><strong>:</strong></span> 
     </span>
    </p>
   </div>
   <div class='ocr_carea' id='block_1_87' title="bbox 2149 4191 3671 4271">
    <p class='ocr_par' dir='ltr' id='par_1_87' title="bbox 2149 4191 3671 4271">
     <span class='ocr_line' id='line_1_87' title="bbox 2149 4191 3671 4271; baseline -0.007 -16"><span class='ocrx_word' id='word_1_625' title='bbox 2149 4203 2218 4256; x_wconf 84' lang='lat' dir='ltr'><strong>Et</strong></span> <span class='ocrx_word' id='word_1_626' title='bbox 2247 4201 2581 4255; x_wconf 86' lang='lat' dir='ltr'><strong>adulteratus</strong></span> <span class='ocrx_word' id='word_1_627' title='bbox 2607 4200 2765 4271; x_wconf 79' lang='lat' dir='ltr'><strong>fuerit</strong></span> <span class='ocrx_word' id='word_1_628' title='bbox 2795 4214 2914 4251; x_wconf 88' lang='lat' dir='ltr'><strong>cum</strong></span> <span class='ocrx_word' id='word_1_629' title='bbox 2939 4211 3101 4250; x_wconf 76' lang='lat' dir='ltr'><strong>uxore</strong></span> <span class='ocrx_word' id='word_1_630' title='bbox 3124 4194 3356 4265; x_wconf 73' lang='lat' dir='ltr'><strong>proximi</strong></span> <span class='ocrx_word' id='word_1_631' title='bbox 3384 4193 3486 4247; x_wconf 88' lang='lat' dir='ltr'><strong>sui.</strong></span> <span class='ocrx_word' id='word_1_632' title='bbox 3517 4191 3671 4246; x_wconf 87' lang='lat' dir='ltr'><strong>Tan-</strong></span> 
     </span>
    </p>
   </div>
   <div class='ocr_carea' id='block_1_88' title="bbox 2077 4284 3670 4364">
    <p class='ocr_par' dir='ltr' id='par_1_88' title="bbox 2077 4284 3670 4364">
     <span class='ocr_line' id='line_1_88' title="bbox 2077 4284 3670 4364; baseline -0.008 -16"><span class='ocrx_word' id='word_1_633' title='bbox 2077 4309 2239 4364; x_wconf 87' lang='lat' dir='ltr'><strong>quam</strong></span> <span class='ocrx_word' id='word_1_634' title='bbox 2289 4293 2427 4347; x_wconf 87' lang='lat' dir='ltr'><strong>alter</strong></span> <span class='ocrx_word' id='word_1_635' title='bbox 2471 4292 2544 4346; x_wconf 93' lang='lat' dir='ltr'><strong>sit</strong></span> <span class='ocrx_word' id='word_1_636' title='bbox 2586 4291 2696 4355; x_wconf 89' lang='lat' dir='ltr'><strong>ille,</strong></span> <span class='ocrx_word' id='word_1_637' title='bbox 2726 4291 2864 4344; x_wconf 87' lang='lat' dir='ltr'><strong>alter</strong></span> <span class='ocrx_word' id='word_1_638' title='bbox 2892 4295 3074 4343; x_wconf 90' lang='lat' dir='ltr'><strong>autem</strong></span> <span class='ocrx_word' id='word_1_639' title='bbox 3115 4286 3204 4340; x_wconf 86' lang='lat' dir='ltr'><strong>hic</strong></span> <span class='ocrx_word' id='word_1_640' title='bbox 3234 4285 3380 4354; x_wconf 90' lang='lat' dir='ltr'><strong>quod</strong></span> <span class='ocrx_word' id='word_1_641' title='bbox 3416 4284 3670 4338; x_wconf 85' lang='lat' dir='ltr'><strong>invenire</strong></span> 
     </span>
    </p>
   </div>
   <div class='ocr_carea' id='block_1_89' title="bbox 2079 4371 3668 4448">
    <p class='ocr_par' dir='ltr' id='par_1_89' title="bbox 2079 4371 3668 4448">
     <span class='ocr_line' id='line_1_89' title="bbox 2079 4371 3668 4448; baseline -0.008 -13"><span class='ocrx_word' id='word_1_642' title='bbox 2079 4381 2392 4436; x_wconf 87' lang='lat' dir='ltr'><strong>nullatenus</strong></span> <span class='ocrx_word' id='word_1_643' title='bbox 2434 4387 2687 4448; x_wconf 89' lang='lat' dir='ltr'><strong>possunt,</strong></span> <span class='ocrx_word' id='word_1_644' title='bbox 2722 4376 2814 4446; x_wconf 89' lang='lat' dir='ltr'><strong>qui</strong></span> <span class='ocrx_word' id='word_1_645' title='bbox 2867 4375 3170 4431; x_wconf 87' lang='lat' dir='ltr'><strong>secundum</strong></span> <span class='ocrx_word' id='word_1_646' title='bbox 3212 4372 3450 4426; x_wconf 89' lang='lat' dir='ltr'><strong>litteram</strong></span> <span class='ocrx_word' id='word_1_647' title='bbox 3491 4371 3668 4425; x_wconf 88' lang='lat' dir='ltr'><strong>solam</strong></span> 
     </span>
    </p>
   </div>
   <div class='ocr_carea' id='block_1_90' title="bbox 391 4465 3664 4545">
    <p class='ocr_par' dir='ltr' id='par_1_90' title="bbox 391 4465 3664 4545">
     <span class='ocr_line' id='line_1_90' title="bbox 391 4465 3664 4545; baseline -0.003 -18"><span class='ocrx_word' id='word_1_648' title='bbox 391 4473 478 4527; x_wconf 88' lang='lat' dir='ltr'><strong>his</strong></span> <span class='ocrx_word' id='word_1_649' title='bbox 511 4471 606 4542; x_wconf 87' lang='lat' dir='ltr'><strong>qui</strong></span> <span class='ocrx_word' id='word_1_650' title='bbox 635 4471 739 4524; x_wconf 89' lang='lat' dir='ltr'><strong>alia</strong></span> <span class='ocrx_word' id='word_1_651' title='bbox 773 4477 964 4525; x_wconf 89' lang='lat' dir='ltr'><strong>contra</strong></span> <span class='ocrx_word' id='word_1_652' title='bbox 996 4485 1175 4525; x_wconf 88' lang='lat' dir='ltr'><strong>meam</strong></span> <span class='ocrx_word' id='word_1_653' title='bbox 1201 4471 1396 4543; x_wconf 84' lang='lat' dir='ltr'><strong>legem,</strong></span> <span class='ocrx_word' id='word_1_654' title='bbox 1420 4483 1514 4528; x_wconf 89' lang='lat' dir='ltr'><strong>aut</strong></span> <span class='ocrx_word' id='word_1_655' title='bbox 1548 4490 1728 4531; x_wconf 84' lang='lat' dir='ltr'><strong>meam</strong></span> <span class='ocrx_word' id='word_1_656' title='bbox 1766 4479 1973 4534; x_wconf 87' lang='lat' dir='ltr'><strong>doetri-</strong></span> <span class='ocrx_word' id='word_1_657' title='bbox 2005 4477 2049 4534; x_wconf 91' lang='lat' dir='ltr'><strong>D</strong></span> <span class='ocrx_word' id='word_1_658' title='bbox 2078 4475 2249 4545; x_wconf 85' lang='lat' dir='ltr'><strong>legem</strong></span> <span class='ocrx_word' id='word_1_659' title='bbox 2281 4473 2558 4542; x_wconf 89' lang='lat' dir='ltr'><strong>accipiunt</strong></span> <span class='ocrx_word' id='word_1_660' title='bbox 2590 4489 2604 4524; x_wconf 89' lang='lat'>:</span> <span class='ocrx_word' id='word_1_661' title='bbox 2638 4471 2734 4525; x_wconf 88' lang='lat' dir='ltr'><strong>sed</strong></span> <span class='ocrx_word' id='word_1_662' title='bbox 2761 4471 3046 4524; x_wconf 85' lang='lat' dir='ltr'><strong>invenient</strong></span> <span class='ocrx_word' id='word_1_663' title='bbox 3074 4467 3148 4520; x_wconf 91' lang='lat' dir='ltr'><strong>illi</strong></span> <span class='ocrx_word' id='word_1_664' title='bbox 3181 4467 3271 4536; x_wconf 89' lang='lat' dir='ltr'><strong>qui</strong></span> <span class='ocrx_word' id='word_1_665' title='bbox 3300 4467 3369 4521; x_wconf 91' lang='lat' dir='ltr'><strong>ad</strong></span> <span class='ocrx_word' id='word_1_666' title='bbox 3401 4465 3664 4519; x_wconf 89' lang='lat' dir='ltr'><strong>moralem</strong></span> 
     </span>
    </p>
   </div>
   <div class='ocr_carea' id='block_1_91' title="bbox 390 4561 1973 4634">
    <p class='ocr_par' dir='ltr' id='par_1_91' title="bbox 390 4561 1973 4634">
     <span class='ocr_line' id='line_1_91' title="bbox 390 4561 1973 4634; baseline 0.006 -19"><span class='ocrx_word' id='word_1_667' title='bbox 390 4578 518 4616; x_wconf 88' lang='lat' dir='ltr'><strong>nam</strong></span> <span class='ocrx_word' id='word_1_668' title='bbox 549 4561 762 4625; x_wconf 88' lang='lat' dir='ltr'><strong>dicunt,</strong></span> <span class='ocrx_word' id='word_1_669' title='bbox 801 4562 1272 4633; x_wconf 87' lang='lat' dir='ltr'><strong>corrumpemini?</strong></span> <span class='ocrx_word' id='word_1_670' title='bbox 1303 4561 1414 4634; x_wconf 86' lang='lat' dir='ltr'><strong>Ego</strong></span> <span class='ocrx_word' id='word_1_671' title='bbox 1453 4566 1601 4620; x_wconf 88' lang='lat' dir='ltr'><strong>enim</strong></span> <span class='ocrx_word' id='word_1_672' title='bbox 1633 4583 1753 4621; x_wconf 91' lang='lat' dir='ltr'><strong>sum</strong></span> <span class='ocrx_word' id='word_1_673' title='bbox 1789 4567 1973 4624; x_wconf 87' lang='lat' dir='ltr'><strong>Domi-</strong></span> 
     </span>
    </p>
   </div>
   <div class='ocr_carea' id='block_1_92' title="bbox 388 4653 1970 4723">
    <p class='ocr_par' dir='ltr' id='par_1_92' title="bbox 388 4653 1970 4723">
     <span class='ocr_line' id='line_1_92' title="bbox 388 4653 1970 4723; baseline 0.005 -16"><span class='ocrx_word' id='word_1_674' title='bbox 388 4669 518 4717; x_wconf 85' lang='lat' dir='ltr'><strong>nus,</strong></span> <span class='ocrx_word' id='word_1_675' title='bbox 549 4653 642 4723; x_wconf 90' lang='lat' dir='ltr'><strong>qui</strong></span> <span class='ocrx_word' id='word_1_676' title='bbox 677 4669 772 4707; x_wconf 91' lang='lat' dir='ltr'><strong>vos</strong></span> <span class='ocrx_word' id='word_1_677' title='bbox 801 4655 1101 4719; x_wconf 90' lang='lat' dir='ltr'><strong>sanctiﬁeo,</strong></span> <span class='ocrx_word' id='word_1_678' title='bbox 1135 4663 1191 4709; x_wconf 88' lang='lat' dir='ltr'><strong>et</strong></span> <span class='ocrx_word' id='word_1_679' title='bbox 1224 4655 1410 4709; x_wconf 89' lang='lat' dir='ltr'><strong>nullus</strong></span> <span class='ocrx_word' id='word_1_680' title='bbox 1439 4655 1747 4722; x_wconf 89' lang='lat' dir='ltr'><strong>hominum,</strong></span> <span class='ocrx_word' id='word_1_681' title='bbox 1784 4675 1889 4714; x_wconf 85' lang='lat' dir='ltr'><strong>nec</strong></span> <span class='ocrx_word' id='word_1_682' title='bbox 1926 4662 1970 4715; x_wconf 89' lang='lat' dir='ltr'><strong>si</strong></span> 
     </span>
    </p>
   </div>
   <div class='ocr_carea' id='block_1_93' title="bbox 387 4744 1970 4817">
    <p class='ocr_par' dir='ltr' id='par_1_93' title="bbox 387 4744 1970 4817">
     <span class='ocr_line' id='line_1_93' title="bbox 387 4744 1970 4817; baseline 0.006 -21"><span class='ocrx_word' id='word_1_683' title='bbox 387 4744 716 4814; x_wconf 85' lang='lat' dir='ltr'><strong>prophetam</strong></span> <span class='ocrx_word' id='word_1_684' title='bbox 739 4758 798 4798; x_wconf 86' lang='lat' dir='ltr'><strong>sc</strong></span> <span class='ocrx_word' id='word_1_685' title='bbox 827 4759 948 4797; x_wconf 88' lang='lat' dir='ltr'><strong>esse</strong></span> <span class='ocrx_word' id='word_1_686' title='bbox 969 4745 1133 4808; x_wconf 87' lang='lat' dir='ltr'><strong>dicat,</strong></span> <span class='ocrx_word' id='word_1_687' title='bbox 1156 4761 1259 4800; x_wconf 87' lang='lat' dir='ltr'><strong>nec</strong></span> <span class='ocrx_word' id='word_1_688' title='bbox 1283 4747 1327 4800; x_wconf 92' lang='lat' dir='ltr'><strong>si</strong></span> <span class='ocrx_word' id='word_1_689' title='bbox 1357 4748 1659 4817; x_wconf 88' lang='lat' dir='ltr'><strong>quamlibet</strong></span> <span class='ocrx_word' id='word_1_690' title='bbox 1686 4749 1970 4806; x_wconf 89' lang='lat' dir='ltr'><strong>scientiam</strong></span> 
     </span>
    </p>
   </div>
   <div class='ocr_carea' id='block_1_94' title="bbox 387 4834 1974 4905">
    <p class='ocr_par' dir='ltr' id='par_1_94' title="bbox 387 4834 1974 4905">
     <span class='ocr_line' id='line_1_94' title="bbox 387 4834 1974 4905; baseline 0.006 -17"><span class='ocrx_word' id='word_1_691' title='bbox 387 4834 694 4905; x_wconf 80' lang='lat' dir='ltr'><strong>promittat,</strong></span> <span class='ocrx_word' id='word_1_692' title='bbox 725 4834 830 4887; x_wconf 86' lang='lat' dir='ltr'><strong>nisi</strong></span> <span class='ocrx_word' id='word_1_693' title='bbox 864 4835 1024 4897; x_wconf 84' lang='lat' dir='ltr'><strong>forte,</strong></span> <span class='ocrx_word' id='word_1_694' title='bbox 1048 4851 1170 4902; x_wconf 75' lang='lat' dir='ltr'><strong>qua:</strong></span> <span class='ocrx_word' id='word_1_695' title='bbox 1197 4852 1315 4890; x_wconf 84' lang='lat' dir='ltr'><strong>mea</strong></span> <span class='ocrx_word' id='word_1_696' title='bbox 1340 4849 1471 4892; x_wconf 89' lang='lat' dir='ltr'><strong>sunt</strong></span> <span class='ocrx_word' id='word_1_697' title='bbox 1494 4839 1716 4905; x_wconf 80' lang='lat' dir='ltr'><strong>dixerit,</strong></span> <span class='ocrx_word' id='word_1_698' title='bbox 1740 4851 1797 4896; x_wconf 89' lang='lat' dir='ltr'><strong>et</strong></span> <span class='ocrx_word' id='word_1_699' title='bbox 1823 4857 1852 4895; x_wconf 91' lang='lat' dir='ltr'><strong>a</strong></span> <span class='ocrx_word' id='word_1_700' title='bbox 1885 4858 1974 4898; x_wconf 91' lang='lat' dir='ltr'><strong>me</strong></span> 
     </span>
    </p>
   </div>
   <div class='ocr_carea' id='block_1_95' title="bbox 387 4925 1896 4999">
    <p class='ocr_par' dir='ltr' id='par_1_95' title="bbox 387 4925 1896 4999">
     <span class='ocr_line' id='line_1_95' title="bbox 387 4925 1896 4999; baseline 0.003 -17"><span class='ocrx_word' id='word_1_701' title='bbox 387 4925 682 4997; x_wconf 63' lang='lat' dir='ltr'><strong>act-operit,</strong></span> <span class='ocrx_word' id='word_1_702' title='bbox 712 4934 768 4979; x_wconf 92' lang='lat' dir='ltr'><strong>ct</strong></span> <span class='ocrx_word' id='word_1_703' title='bbox 793 4939 950 4978; x_wconf 87' lang='lat' dir='ltr'><strong>meus</strong></span> <span class='ocrx_word' id='word_1_704' title='bbox 979 4925 1213 4994; x_wconf 87' lang='lat' dir='ltr'><strong>Spiritus</strong></span> <span class='ocrx_word' id='word_1_705' title='bbox 1243 4926 1299 4980; x_wconf 87' lang='lat' dir='ltr'><strong>in</strong></span> <span class='ocrx_word' id='word_1_706' title='bbox 1330 4944 1399 4984; x_wconf 90' lang='lat' dir='ltr'><strong>eo</strong></span> <span class='ocrx_word' id='word_1_707' title='bbox 1423 4941 1680 4999; x_wconf 86' lang='lat' dir='ltr'><strong>operatus</strong></span> <span class='ocrx_word' id='word_1_708' title='bbox 1711 4933 1896 4988; x_wconf 80' lang='lat' dir='ltr'><strong>fuerit.</strong></span> 
     </span>
    </p>
   </div>
   <div class='ocr_carea' id='block_1_96' title="bbox 464 5017 1966 5090">
    <p class='ocr_par' dir='ltr' id='par_1_96' title="bbox 464 5017 1966 5090">
     <span class='ocr_line' id='line_1_96' title="bbox 464 5017 1966 5090; baseline 0.003 -15"><span class='ocrx_word' id='word_1_709' title='bbox 464 5022 623 5076; x_wconf 76' lang='lat' dir='ltr'><strong>Vens.</strong></span> <span class='ocrx_word' id='word_1_710' title='bbox 657 5023 710 5074; x_wconf 78' lang='lat'><strong>9.</strong></span> <span class='ocrx_word' id='word_1_711' title='bbox 749 5037 766 5068; x_wconf 86' lang='grc'>‹</span> <span class='ocrx_word' id='word_1_712' title='bbox 803 5017 906 5084; x_wconf 89' lang='lat' dir='ltr'><strong>Qui</strong></span> <span class='ocrx_word' id='word_1_713' title='bbox 947 5017 1289 5073; x_wconf 84' lang='lat' dir='ltr'><strong>maledixerit</strong></span> <span class='ocrx_word' id='word_1_714' title='bbox 1340 5023 1482 5090; x_wconf 90' lang='lat' dir='ltr'><strong>patri</strong></span> <span class='ocrx_word' id='word_1_715' title='bbox 1537 5039 1638 5078; x_wconf 93' lang='lat' dir='ltr'><strong>suo</strong></span> <span class='ocrx_word' id='word_1_716' title='bbox 1685 5035 1742 5079; x_wconf 91' lang='lat' dir='ltr'><strong>et</strong></span> <span class='ocrx_word' id='word_1_717' title='bbox 1785 5027 1966 5090; x_wconf 86' lang='lat' dir='ltr'><strong>matri,</strong></span> 
     </span>
    </p>
   </div>
   <div class='ocr_carea' id='block_1_97' title="bbox 386 5105 1968 5179">
    <p class='ocr_par' dir='ltr' id='par_1_97' title="bbox 386 5105 1968 5179">
     <span class='ocr_line' id='line_1_97' title="bbox 386 5105 1968 5179; baseline 0 -12"><span class='ocrx_word' id='word_1_718' title='bbox 386 5121 564 5167; x_wconf 86' lang='lat' dir='ltr'><strong>morte</strong></span> <span class='ocrx_word' id='word_1_719' title='bbox 611 5108 898 5164; x_wconf 78' lang='lat' dir='ltr'><strong>nioriatur.</strong></span> <span class='ocrx_word' id='word_1_720' title='bbox 945 5105 1049 5172; x_wconf 90' lang='lat' dir='ltr'><strong>Qui</strong></span> <span class='ocrx_word' id='word_1_721' title='bbox 1096 5107 1236 5174; x_wconf 90' lang='lat' dir='ltr'><strong>patri</strong></span> <span class='ocrx_word' id='word_1_722' title='bbox 1289 5111 1560 5179; x_wconf 84' lang='lat' dir='ltr'><strong>matrique</strong></span> <span class='ocrx_word' id='word_1_723' title='bbox 1603 5112 1968 5176; x_wconf 66' lang='lat' dir='ltr'><strong>male-dixerit,</strong></span> 
     </span>
    </p>
   </div>
   <div class='ocr_carea' id='block_1_98' title="bbox 387 5201 1312 5273">
    <p class='ocr_par' dir='ltr' id='par_1_98' title="bbox 387 5201 1312 5273">
     <span class='ocr_line' id='line_1_98' title="bbox 387 5201 1312 5273; baseline -0.011 -14"><span class='ocrx_word' id='word_1_724' title='bbox 387 5201 610 5273; x_wconf 81' lang='lat' dir='ltr'><strong>sanguis</strong></span> <span class='ocrx_word' id='word_1_725' title='bbox 646 5201 767 5269; x_wconf 86' lang='lat' dir='ltr'><strong>ejus</strong></span> <span class='ocrx_word' id='word_1_726' title='bbox 799 5201 868 5253; x_wconf 88' lang='lat' dir='ltr'><strong>sit</strong></span> <span class='ocrx_word' id='word_1_727' title='bbox 906 5213 1072 5267; x_wconf 86' lang='lat' dir='ltr'><strong>super</strong></span> <span class='ocrx_word' id='word_1_728' title='bbox 1101 5213 1249 5252; x_wconf 90' lang='lat' dir='ltr'><strong>cum.</strong></span> <span class='ocrx_word' id='word_1_729' title='bbox 1293 5217 1312 5249; x_wconf 74' lang='grc' dir='ltr'><strong>ι</strong></span> 
     </span>
    </p>
   </div>
   <div class='ocr_carea' id='block_1_99' title="bbox 459 5291 1966 5366">
    <p class='ocr_par' dir='ltr' id='par_1_99' title="bbox 459 5291 1966 5366">
     <span class='ocr_line' id='line_1_99' title="bbox 459 5291 1966 5366; baseline 0.002 -18"><span class='ocrx_word' id='word_1_730' title='bbox 459 5295 587 5348; x_wconf 88' lang='lat' dir='ltr'><strong>Sive</strong></span> <span class='ocrx_word' id='word_1_731' title='bbox 617 5302 677 5346; x_wconf 92' lang='lat' dir='ltr'><strong>ut</strong></span> <span class='ocrx_word' id='word_1_732' title='bbox 721 5291 884 5359; x_wconf 77' lang='lat' dir='ltr'><strong>LXX,</strong></span> <span class='ocrx_word' id='word_1_733' title='bbox 917 5307 1035 5345; x_wconf 83' lang='lat' dir='ltr'><strong>reus</strong></span> <span class='ocrx_word' id='word_1_734' title='bbox 1065 5300 1162 5353; x_wconf 88' lang='lat' dir='ltr'><strong>est,</strong></span> <span class='ocrx_word' id='word_1_735' title='bbox 1211 5300 1270 5345; x_wconf 91' lang='lat' dir='ltr'><strong>ut</strong></span> <span class='ocrx_word' id='word_1_736' title='bbox 1313 5292 1417 5346; x_wconf 89' lang='lat' dir='ltr'><strong>hoc</strong></span> <span class='ocrx_word' id='word_1_737' title='bbox 1459 5309 1658 5349; x_wconf 89' lang='lat' dir='ltr'><strong>nomen</strong></span> <span class='ocrx_word' id='word_1_738' title='bbox 1690 5296 1755 5349; x_wconf 89' lang='lat' dir='ltr'><strong>ad</strong></span> <span class='ocrx_word' id='word_1_739' title='bbox 1789 5297 1966 5366; x_wconf 90' lang='lat' dir='ltr'><strong>ipsum</strong></span> 
     </span>
    </p>
   </div>
   <div class='ocr_carea' id='block_1_100' title="bbox 388 5384 1970 5460">
    <p class='ocr_par' dir='ltr' id='par_1_100' title="bbox 388 5384 1970 5460">
     <span class='ocr_line' id='line_1_100' title="bbox 388 5384 1970 5460; baseline 0.002 -19"><span class='ocrx_word' id='word_1_740' title='bbox 388 5389 561 5443; x_wconf 74' lang='lat' dir='ltr'><strong>Deum</strong></span> <span class='ocrx_word' id='word_1_741' title='bbox 611 5386 900 5440; x_wconf 82' lang='lat' dir='ltr'><strong>referatur.</strong></span> <span class='ocrx_word' id='word_1_742' title='bbox 961 5384 1254 5439; x_wconf 81' lang='lat' dir='ltr'><strong>Malachias</strong></span> <span class='ocrx_word' id='word_1_743' title='bbox 1301 5386 1446 5440; x_wconf 87' lang='lat' dir='ltr'><strong>enim</strong></span> <span class='ocrx_word' id='word_1_744' title='bbox 1498 5387 1634 5441; x_wconf 73' lang='lat' dir='ltr'><strong>dixit</strong></span> <span class='ocrx_word' id='word_1_745' title='bbox 1671 5407 1682 5441; x_wconf 90' lang='lat'><strong>:</strong></span> <span class='ocrx_word' id='word_1_746' title='bbox 1717 5388 1970 5460; x_wconf 76' lang='lat' dir='ltr'><strong>Nunquid</strong></span> 
     </span>
    </p>
   </div>
   <div class='ocr_carea' id='block_1_101' title="bbox 383 5478 1969 5549">
    <p class='ocr_par' dir='ltr' id='par_1_101' title="bbox 383 5478 1969 5549">
     <span class='ocr_line' id='line_1_101' title="bbox 383 5478 1969 5549; baseline 0.001 -15"><span class='ocrx_word' id='word_1_747' title='bbox 383 5496 490 5534; x_wconf 84' lang='lat' dir='ltr'><strong>non</strong></span> <span class='ocrx_word' id='word_1_748' title='bbox 539 5479 677 5534; x_wconf 83' lang='lat' dir='ltr'><strong>Deus</strong></span> <span class='ocrx_word' id='word_1_749' title='bbox 735 5494 868 5532; x_wconf 85' lang='lat' dir='ltr'><strong>unus</strong></span> <span class='ocrx_word' id='word_1_750' title='bbox 925 5478 1043 5546; x_wconf 77' lang='lat' dir='ltr'><strong>fecit</strong></span> <span class='ocrx_word' id='word_1_751' title='bbox 1100 5478 1223 5531; x_wconf 80' lang='lat' dir='ltr'><strong>vos?</strong></span> <span class='ocrx_word' id='word_1_752' title='bbox 1260 5480 1494 5549; x_wconf 86' lang='lat' dir='ltr'><strong>nunquid</strong></span> <span class='ocrx_word' id='word_1_753' title='bbox 1537 5491 1688 5549; x_wconf 84' lang='lat' dir='ltr'><strong>pater</strong></span> <span class='ocrx_word' id='word_1_754' title='bbox 1734 5484 1969 5536; x_wconf 87' lang='lat' dir='ltr'><strong>omnium</strong></span> 
     </span>
    </p>
   </div>
   <div class='ocr_carea' id='block_1_102' title="bbox 385 5568 1964 5642">
    <p class='ocr_par' dir='ltr' id='par_1_102' title="bbox 385 5568 1964 5642">
     <span class='ocr_line' id='line_1_102' title="bbox 385 5568 1964 5642; baseline -0.001 -14"><span class='ocrx_word' id='word_1_755' title='bbox 385 5583 553 5628; x_wconf 80' lang='lat' dir='ltr'><strong>uester</strong></span> <span class='ocrx_word' id='word_1_756' title='bbox 589 5574 670 5624; x_wconf 73' lang='lat'><strong>7°?</strong></span> <span class='ocrx_word' id='word_1_757' title='bbox 701 5573 766 5626; x_wconf 75' lang='lat' dir='ltr'><strong>Et</strong></span> <span class='ocrx_word' id='word_1_758' title='bbox 802 5585 996 5624; x_wconf 83' lang='lat' dir='ltr'><strong>rursus</strong></span> <span class='ocrx_word' id='word_1_759' title='bbox 1029 5587 1042 5623; x_wconf 88' lang='lat'><strong>:</strong></span> <span class='ocrx_word' id='word_1_760' title='bbox 1074 5568 1314 5639; x_wconf 83' lang='lat' dir='ltr'><strong>Domine,</strong></span> <span class='ocrx_word' id='word_1_761' title='bbox 1369 5582 1521 5642; x_wconf 81' lang='lat' dir='ltr'><strong>pater</strong></span> <span class='ocrx_word' id='word_1_762' title='bbox 1576 5583 1750 5627; x_wconf 84' lang='lat' dir='ltr'><strong>noster</strong></span> <span class='ocrx_word' id='word_1_763' title='bbox 1787 5591 1840 5628; x_wconf 83' lang='lat' dir='ltr'><strong>es</strong></span> <span class='ocrx_word' id='word_1_764' title='bbox 1888 5584 1964 5638; x_wconf 84' lang='lat' dir='ltr'><strong>tu,</strong></span> 
     </span>
    </p>
   </div>
   <div class='ocr_carea' id='block_1_103' title="bbox 458 5690 1976 5775">
    <p class='ocr_par' dir='ltr' id='par_1_103' title="bbox 458 5690 1976 5775">
     <span class='ocr_line' id='line_1_103' title="bbox 458 5690 1976 5775; baseline 0 -13"><span class='ocrx_word' id='word_1_765' title='bbox 458 5707 500 5775; x_wconf 67' lang='grc'><strong>7⁸</strong></span> <span class='ocrx_word' id='word_1_766' title='bbox 525 5705 666 5761; x_wconf 90' lang='lat' dir='ltr'><strong>Psal.</strong></span> <span class='ocrx_word' id='word_1_767' title='bbox 702 5719 894 5771; x_wconf 63' lang='grc' dir='ltr'>χχχιιι,</span> <span class='ocrx_word' id='word_1_768' title='bbox 927 5703 1012 5762; x_wconf 84' lang='lat' dir='ltr'><strong>l7.</strong></span> <span class='ocrx_word' id='word_1_769' title='bbox 1091 5706 1137 5738; x_wconf 84' lang='grc'>⁷⁸</span> <span class='ocrx_word' id='word_1_770' title='bbox 1168 5705 1326 5766; x_wconf 80' lang='lat' dir='ltr'><strong>Rom.</strong></span> <span class='ocrx_word' id='word_1_771' title='bbox 1359 5727 1398 5775; x_wconf 85' lang='grc' dir='ltr'>ι,</span> <span class='ocrx_word' id='word_1_772' title='bbox 1429 5710 1518 5764; x_wconf 76' lang='lat'><strong>5‘2.</strong></span> <span class='ocrx_word' id='word_1_773' title='bbox 1597 5712 1642 5743; x_wconf 76' lang='lat'><strong>7“</strong></span> <span class='ocrx_word' id='word_1_774' title='bbox 1678 5690 1914 5765; x_wconf 32' lang='lat' dir='ltr'><strong>Malach.‘</strong></span> <span class='ocrx_word' id='word_1_775' title='bbox 1939 5726 1976 5763; x_wconf 90' lang='grc' dir='ltr'><strong>ιι</strong></span> 
     </span>
    </p>
   </div>
   <div class='ocr_carea' id='block_1_104' title="bbox 2088 5690 3142 5775">
    <p class='ocr_par' dir='ltr' id='par_1_104' title="bbox 2088 5708 3142 5775">
     <span class='ocr_line' id='line_1_104' title="bbox 2088 5708 3142 5775; baseline 0.002 -15"><span class='ocrx_word' id='word_1_776' title='bbox 2088 5709 2118 5760; x_wconf 65' lang='grc' dir='ltr'>ι.</span> <span class='ocrx_word' id='word_1_777' title='bbox 2199 5709 2241 5738; x_wconf 85' lang='grc'><strong>⁷⁷</strong></span> <span class='ocrx_word' id='word_1_778' title='bbox 2268 5708 2371 5764; x_wconf 89' lang='lat' dir='ltr'><strong>lsa.</strong></span> <span class='ocrx_word' id='word_1_779' title='bbox 2403 5725 2543 5775; x_wconf 78' lang='lat' dir='ltr'><strong>Lxrv,</strong></span> <span class='ocrx_word' id='word_1_780' title='bbox 2577 5709 2629 5764; x_wconf 92' lang='lat'><strong>8.</strong></span> <span class='ocrx_word' id='word_1_781' title='bbox 2709 5711 2755 5743; x_wconf 82' lang='grc'><strong>⁷⁸</strong></span> <span class='ocrx_word' id='word_1_782' title='bbox 2785 5708 2945 5764; x_wconf 84' lang='lat' dir='ltr'><strong>Joan.</strong></span> <span class='ocrx_word' id='word_1_783' title='bbox 2980 5724 3060 5775; x_wconf 85' lang='grc' dir='ltr'>ιιι,</span> <span class='ocrx_word' id='word_1_784' title='bbox 3090 5708 3142 5763; x_wconf 86' lang='grc'><strong>5.</strong></span> 
     </span>
    </p>
   </div>
   <div class='ocr_carea' id='block_1_105' title="bbox 386 5773 840 5843">
    <p class='ocr_par' dir='ltr' id='par_1_105' title="bbox 386 5773 840 5843">
     <span class='ocr_line' id='line_1_105' title="bbox 386 5773 840 5843; baseline 0 -13"><span class='ocrx_word' id='word_1_785' title='bbox 386 5773 430 5806; x_wconf 76' lang='grc'><strong>⁸⁸</strong></span> <span class='ocrx_word' id='word_1_786' title='bbox 455 5774 497 5830; x_wconf 90' lang='lat' dir='ltr'><strong>ll</strong></span> <span class='ocrx_word' id='word_1_787' title='bbox 527 5777 649 5832; x_wconf 72' lang='lat' dir='ltr'><strong>Cor.</strong></span> <span class='ocrx_word' id='word_1_788' title='bbox 680 5791 756 5843; x_wconf 78' lang='lat' dir='ltr'><strong>xl,</strong></span> <span class='ocrx_word' id='word_1_789' title='bbox 786 5775 840 5830; x_wconf 75' lang='grc'><strong>2.</strong></span> 
     </span>
    </p>
   </div>
   <div class='ocr_carea' id='block_1_106' title="bbox 2079 4559 3661 4633">
    <p class='ocr_par' dir='ltr' id='par_1_106' title="bbox 2079 4559 3661 4633">
     <span class='ocr_line' id='line_1_106' title="bbox 2079 4559 3661 4633; baseline -0.006 -13"><span class='ocrx_word' id='word_1_790' title='bbox 2079 4567 2415 4627; x_wconf 86' lang='lat' dir='ltr'><strong>intellectum</strong></span> <span class='ocrx_word' id='word_1_791' title='bbox 2448 4574 2504 4620; x_wconf 91' lang='lat' dir='ltr'><strong>et</strong></span> <span class='ocrx_word' id='word_1_792' title='bbox 2532 4563 3053 4633; x_wconf 89' lang='lat' dir='ltr'><strong>contemplationem</strong></span> <span class='ocrx_word' id='word_1_793' title='bbox 3084 4559 3387 4630; x_wconf 88' lang='lat' dir='ltr'><strong>spiritalem</strong></span> <span class='ocrx_word' id='word_1_794' title='bbox 3410 4568 3661 4612; x_wconf 91' lang='lat' dir='ltr'><strong>currunt.</strong></span> 
     </span>
    </p>
   </div>
   <div class='ocr_carea' id='block_1_107' title="bbox 2075 4651 3663 4729">
    <p class='ocr_par' dir='ltr' id='par_1_107' title="bbox 2075 4651 3663 4729">
     <span class='ocr_line' id='line_1_107' title="bbox 2075 4651 3663 4729; baseline -0.007 -15"><span class='ocrx_word' id='word_1_795' title='bbox 2075 4658 2352 4725; x_wconf 89' lang='lat' dir='ltr'><strong>Quantum</strong></span> <span class='ocrx_word' id='word_1_796' title='bbox 2401 4673 2534 4729; x_wconf 84' lang='lat' dir='ltr'><strong>ergo</strong></span> <span class='ocrx_word' id='word_1_797' title='bbox 2586 4656 2848 4712; x_wconf 88' lang='lat' dir='ltr'><strong>sensibile</strong></span> <span class='ocrx_word' id='word_1_798' title='bbox 2905 4652 3239 4708; x_wconf 86' lang='lat' dir='ltr'><strong>adulterium</strong></span> <span class='ocrx_word' id='word_1_799' title='bbox 3295 4651 3500 4706; x_wconf 89' lang='lat' dir='ltr'><strong>malum</strong></span> <span class='ocrx_word' id='word_1_800' title='bbox 3557 4661 3663 4712; x_wconf 87' lang='lat' dir='ltr'><strong>est,</strong></span> 
     </span>
    </p>
   </div>
   <div class='ocr_carea' id='block_1_108' title="bbox 2076 4741 3662 4818">
    <p class='ocr_par' dir='ltr' id='par_1_108' title="bbox 2076 4741 3662 4818">
     <span class='ocr_line' id='line_1_108' title="bbox 2076 4741 3662 4818; baseline -0.006 -14"><span class='ocrx_word' id='word_1_801' title='bbox 2076 4760 2286 4804; x_wconf 84' lang='lat' dir='ltr'><strong>tantum</strong></span> <span class='ocrx_word' id='word_1_802' title='bbox 2320 4759 2404 4806; x_wconf 88' lang='lat' dir='ltr'><strong>est</strong></span> <span class='ocrx_word' id='word_1_803' title='bbox 2437 4748 2778 4818; x_wconf 83' lang='lat' dir='ltr'><strong>intelligibile</strong></span> <span class='ocrx_word' id='word_1_804' title='bbox 2809 4745 3072 4801; x_wconf 82' lang='lat' dir='ltr'><strong>deterius.</strong></span> <span class='ocrx_word' id='word_1_805' title='bbox 3123 4744 3261 4798; x_wconf 89' lang='lat' dir='ltr'><strong>Nam</strong></span> <span class='ocrx_word' id='word_1_806' title='bbox 3295 4743 3373 4797; x_wconf 89' lang='lat' dir='ltr'><strong>illi</strong></span> <span class='ocrx_word' id='word_1_807' title='bbox 3400 4741 3574 4808; x_wconf 88' lang='lat' dir='ltr'><strong>carni,</strong></span> <span class='ocrx_word' id='word_1_808' title='bbox 3605 4741 3662 4793; x_wconf 89' lang='lat' dir='ltr'><strong>hi</strong></span> 
     </span>
    </p>
   </div>
   <div class='ocr_carea' id='block_1_109' title="bbox 2073 4834 3658 4910">
    <p class='ocr_par' dir='ltr' id='par_1_109' title="bbox 2073 4834 3658 4910">
     <span class='ocr_line' id='line_1_109' title="bbox 2073 4834 3658 4910; baseline -0.008 -14"><span class='ocrx_word' id='word_1_809' title='bbox 2073 4851 2255 4896; x_wconf 87' lang='lat' dir='ltr'><strong>autem</strong></span> <span class='ocrx_word' id='word_1_810' title='bbox 2287 4840 2522 4910; x_wconf 79' lang='lat' dir='ltr'><strong>spiritui.</strong></span> <span class='ocrx_word' id='word_1_811' title='bbox 2545 4837 2930 4895; x_wconf 90' lang='lat' dir='ltr'><strong>contumeliam</strong></span> <span class='ocrx_word' id='word_1_812' title='bbox 2959 4835 3171 4891; x_wconf 85' lang='lat' dir='ltr'><strong>faciunt</strong></span> <span class='ocrx_word' id='word_1_813' title='bbox 3207 4852 3223 4888; x_wconf 88' lang='lat'><strong>:</strong></span> <span class='ocrx_word' id='word_1_814' title='bbox 3251 4844 3307 4890; x_wconf 89' lang='lat' dir='ltr'><strong>et</strong></span> <span class='ocrx_word' id='word_1_815' title='bbox 3337 4835 3396 4888; x_wconf 92' lang='lat' dir='ltr'><strong>hi</strong></span> <span class='ocrx_word' id='word_1_816' title='bbox 3425 4834 3658 4895; x_wconf 87' lang='lat' dir='ltr'><strong>homini,</strong></span> 
     </span>
    </p>
   </div>
   <div class='ocr_carea' id='block_1_110' title="bbox 2073 4920 3660 5001">
    <p class='ocr_par' dir='ltr' id='par_1_110' title="bbox 2073 4920 3660 5001">
     <span class='ocr_line' id='line_1_110' title="bbox 2073 4920 3660 5001; baseline -0.006 -15"><span class='ocrx_word' id='word_1_817' title='bbox 2073 4933 2147 4986; x_wconf 91' lang='lat' dir='ltr'><strong>illi</strong></span> <span class='ocrx_word' id='word_1_818' title='bbox 2178 4920 2364 4988; x_wconf 79' lang='lat' dir='ltr'><strong>autem</strong></span> <span class='ocrx_word' id='word_1_819' title='bbox 2401 4931 2502 5001; x_wconf 91' lang='lat' dir='ltr'><strong>ipsi</strong></span> <span class='ocrx_word' id='word_1_820' title='bbox 2537 4929 2666 4995; x_wconf 89' lang='lat' dir='ltr'><strong>Deo,</strong></span> <span class='ocrx_word' id='word_1_821' title='bbox 2697 4929 2766 4984; x_wconf 93' lang='lat' dir='ltr'><strong>de</strong></span> <span class='ocrx_word' id='word_1_822' title='bbox 2805 4929 3007 4998; x_wconf 87' lang='lat' dir='ltr'><strong>quibus</strong></span> <span class='ocrx_word' id='word_1_823' title='bbox 3049 4927 3222 4982; x_wconf 87' lang='lat' dir='ltr'><strong>Oseas</strong></span> <span class='ocrx_word' id='word_1_824' title='bbox 3253 4926 3432 4981; x_wconf 78' lang='lat' dir='ltr'><strong>dixit:</strong></span> <span class='ocrx_word' id='word_1_825' title='bbox 3467 4924 3660 4979; x_wconf 76' lang='lat' dir='ltr'><strong>Omnes</strong></span> 
     </span>
    </p>
   </div>
   <div class='ocr_carea' id='block_1_111' title="bbox 2073 5018 3657 5092">
    <p class='ocr_par' dir='ltr' id='par_1_111' title="bbox 2073 5018 3657 5092">
     <span class='ocr_line' id='line_1_111' title="bbox 2073 5018 3657 5092; baseline -0.006 -14"><span class='ocrx_word' id='word_1_826' title='bbox 2073 5025 2438 5078; x_wconf 85' lang='lat' dir='ltr'><strong>adulterantes</strong></span> <span class='ocrx_word' id='word_1_827' title='bbox 2480 5023 2632 5092; x_wconf 84' lang='lat' dir='ltr'><strong>quasi</strong></span> <span class='ocrx_word' id='word_1_828' title='bbox 2680 5022 2916 5075; x_wconf 83' lang='lat' dir='ltr'><strong>clibanus</strong></span> <span class='ocrx_word' id='word_1_829' title='bbox 2952 5037 3230 5074; x_wconf 83' lang='lat' dir='ltr'><strong>succensus</strong></span> <span class='ocrx_word' id='word_1_830' title='bbox 3257 5036 3290 5072; x_wconf 93' lang='lat' dir='ltr'><strong>a</strong></span> <span class='ocrx_word' id='word_1_831' title='bbox 3327 5028 3573 5088; x_wconf 74' lang='lat' dir='ltr'><strong>sequente</strong></span> <span class='ocrx_word' id='word_1_832' title='bbox 3601 5018 3657 5069; x_wconf 67' lang='lat' dir='ltr'><strong>in</strong></span> 
     </span>
    </p>
   </div>
   <div class='ocr_carea' id='block_1_112' title="bbox 2071 5106 3657 5180">
    <p class='ocr_par' dir='ltr' id='par_1_112' title="bbox 2071 5106 3657 5180">
     <span class='ocr_line' id='line_1_112' title="bbox 2071 5106 3657 5180; baseline -0.006 -12"><span class='ocrx_word' id='word_1_833' title='bbox 2071 5115 2228 5168; x_wconf 78' lang='lat' dir='ltr'><strong>corde</strong></span> <span class='ocrx_word' id='word_1_834' title='bbox 2254 5131 2349 5167; x_wconf 87' lang='lat' dir='ltr'><strong>suo</strong></span> <span class='ocrx_word' id='word_1_835' title='bbox 2380 5114 2446 5164; x_wconf 84' lang='lat'><strong>&quot;.</strong></span> <span class='ocrx_word' id='word_1_836' title='bbox 2488 5112 2831 5167; x_wconf 86' lang='lat' dir='ltr'><strong>Adulterium</strong></span> <span class='ocrx_word' id='word_1_837' title='bbox 2865 5110 3200 5180; x_wconf 86' lang='lat' dir='ltr'><strong>intelligibile</strong></span> <span class='ocrx_word' id='word_1_838' title='bbox 3229 5123 3496 5164; x_wconf 90' lang='lat' dir='ltr'><strong>accusans</strong></span> <span class='ocrx_word' id='word_1_839' title='bbox 3528 5124 3543 5160; x_wconf 71' lang='grc' dir='ltr'><strong><em>ι</em></strong></span> <span class='ocrx_word' id='word_1_840' title='bbox 3586 5106 3657 5160; x_wconf 88' lang='lat' dir='ltr'><strong>ab</strong></span> 
     </span>
    </p>
   </div>
   <div class='ocr_carea' id='block_1_113' title="bbox 2071 5200 3652 5274">
    <p class='ocr_par' dir='ltr' id='par_1_113' title="bbox 2071 5200 3652 5274">
     <span class='ocr_line' id='line_1_113' title="bbox 2071 5200 3652 5274; baseline -0.005 -14"><span class='ocrx_word' id='word_1_841' title='bbox 2071 5207 2220 5260; x_wconf 75' lang='lat' dir='ltr'><strong>nimii</strong></span> <span class='ocrx_word' id='word_1_842' title='bbox 2264 5206 2411 5260; x_wconf 89' lang='lat' dir='ltr'><strong>enim</strong></span> <span class='ocrx_word' id='word_1_843' title='bbox 2457 5205 2656 5274; x_wconf 80' lang='lat' dir='ltr'><strong>pepulo</strong></span> <span class='ocrx_word' id='word_1_844' title='bbox 2699 5202 3013 5258; x_wconf 60' lang='lat' dir='ltr'><strong>Iudaeorum</strong></span> <span class='ocrx_word' id='word_1_845' title='bbox 3051 5203 3157 5256; x_wconf 90' lang='lat' dir='ltr'><strong>hoc</strong></span> <span class='ocrx_word' id='word_1_846' title='bbox 3189 5200 3652 5263; x_wconf 77' lang='lat' dir='ltr'><strong>committebatur,</strong></span> 
     </span>
    </p>
   </div>
   <div class='ocr_carea' id='block_1_114' title="bbox 2077 5293 3655 5366">
    <p class='ocr_par' dir='ltr' id='par_1_114' title="bbox 2077 5293 3655 5366">
     <span class='ocr_line' id='line_1_114' title="bbox 2077 5293 3655 5366; baseline -0.005 -16"><span class='ocrx_word' id='word_1_847' title='bbox 2077 5304 2464 5365; x_wconf 86' lang='lat' dir='ltr'><strong>eorrumpente</strong></span> <span class='ocrx_word' id='word_1_848' title='bbox 2517 5297 2688 5366; x_wconf 89' lang='lat' dir='ltr'><strong>legem</strong></span> <span class='ocrx_word' id='word_1_849' title='bbox 2741 5295 2981 5366; x_wconf 76' lang='lat' dir='ltr'><strong>legisque</strong></span> <span class='ocrx_word' id='word_1_850' title='bbox 3021 5294 3294 5364; x_wconf 88' lang='lat' dir='ltr'><strong>dogmata.</strong></span> <span class='ocrx_word' id='word_1_851' title='bbox 3335 5293 3655 5360; x_wconf 87' lang='lat' dir='ltr'><strong>Quicunque</strong></span> 
     </span>
    </p>
   </div>
   <div class='ocr_carea' id='block_1_115' title="bbox 2073 5385 3654 5458">
    <p class='ocr_par' dir='ltr' id='par_1_115' title="bbox 2073 5385 3654 5458">
     <span class='ocr_line' id='line_1_115' title="bbox 2073 5385 3654 5458; baseline -0.006 -16"><span class='ocrx_word' id='word_1_852' title='bbox 2073 5404 2202 5457; x_wconf 81' lang='lat' dir='ltr'><strong>ergo</strong></span> <span class='ocrx_word' id='word_1_853' title='bbox 2231 5389 2377 5442; x_wconf 89' lang='lat' dir='ltr'><strong>illius</strong></span> <span class='ocrx_word' id='word_1_854' title='bbox 2403 5389 2527 5451; x_wconf 89' lang='lat' dir='ltr'><strong>viri,</strong></span> <span class='ocrx_word' id='word_1_855' title='bbox 2558 5389 2626 5442; x_wconf 92' lang='lat' dir='ltr'><strong>de</strong></span> <span class='ocrx_word' id='word_1_856' title='bbox 2652 5404 2761 5458; x_wconf 91' lang='lat' dir='ltr'><strong>quo</strong></span> <span class='ocrx_word' id='word_1_857' title='bbox 2785 5387 2861 5441; x_wconf 87' lang='lat' dir='ltr'><strong>ait</strong></span> <span class='ocrx_word' id='word_1_858' title='bbox 2887 5388 3093 5441; x_wconf 83' lang='lat' dir='ltr'><strong>Paulus</strong></span> <span class='ocrx_word' id='word_1_859' title='bbox 3117 5404 3130 5440; x_wconf 87' lang='lat'><strong>:</strong></span> <span class='ocrx_word' id='word_1_860' title='bbox 3157 5385 3424 5452; x_wconf 82' lang='lat' dir='ltr'><strong>Despondi</strong></span> <span class='ocrx_word' id='word_1_861' title='bbox 3450 5400 3535 5437; x_wconf 82' lang='lat' dir='ltr'><strong>vos</strong></span> <span class='ocrx_word' id='word_1_862' title='bbox 3563 5386 3654 5436; x_wconf 82' lang='lat' dir='ltr'><strong>uni</strong></span> 
     </span>
    </p>
   </div>
   <div class='ocr_carea' id='block_1_116' title="bbox 2072 5475 3656 5548">
    <p class='ocr_par' dir='ltr' id='par_1_116' title="bbox 2072 5475 3656 5548">
     <span class='ocr_line' id='line_1_116' title="bbox 2072 5475 3656 5548; baseline -0.004 -17"><span class='ocrx_word' id='word_1_863' title='bbox 2072 5480 2204 5542; x_wconf 79' lang='lat' dir='ltr'><strong>viro,</strong></span> <span class='ocrx_word' id='word_1_864' title='bbox 2236 5480 2488 5548; x_wconf 83' lang='lat' dir='ltr'><strong>virginem</strong></span> <span class='ocrx_word' id='word_1_865' title='bbox 2526 5488 2728 5531; x_wconf 80' lang='lat' dir='ltr'><strong>castum</strong></span> <span class='ocrx_word' id='word_1_866' title='bbox 2759 5477 2997 5531; x_wconf 69' lang='lat' dir='ltr'><strong>exhibere</strong></span> <span class='ocrx_word' id='word_1_867' title='bbox 3026 5477 3232 5530; x_wconf 81' lang='lat' dir='ltr'><strong>Christo</strong></span> <span class='ocrx_word' id='word_1_868' title='bbox 3253 5476 3322 5540; x_wconf 79' lang='grc'><strong>⁸⁸,</strong></span> <span class='ocrx_word' id='word_1_869' title='bbox 3351 5475 3656 5529; x_wconf 71' lang='lat' dir='ltr'><strong>mmchatur</strong></span> 
     </span>
    </p>
   </div>
   <div class='ocr_carea' id='block_1_117' title="bbox 2071 5568 3648 5639">
    <p class='ocr_par' dir='ltr' id='par_1_117' title="bbox 2071 5568 3648 5639">
     <span class='ocr_line' id='line_1_117' title="bbox 2071 5568 3648 5639; baseline -0.005 -14"><span class='ocrx_word' id='word_1_870' title='bbox 2071 5571 2378 5638; x_wconf 89' lang='lat' dir='ltr'><strong>mulierem,</strong></span> <span class='ocrx_word' id='word_1_871' title='bbox 2427 5571 2680 5626; x_wconf 85' lang='lat' dir='ltr'><strong>videlicet</strong></span> <span class='ocrx_word' id='word_1_872' title='bbox 2721 5571 3043 5634; x_wconf 80' lang='lat' dir='ltr'><strong>Ecclesiam,</strong></span> <span class='ocrx_word' id='word_1_873' title='bbox 3087 5571 3156 5625; x_wconf 89' lang='lat' dir='ltr'><strong>de</strong></span> <span class='ocrx_word' id='word_1_874' title='bbox 3193 5585 3302 5639; x_wconf 86' lang='lat' dir='ltr'><strong>qua</strong></span> <span class='ocrx_word' id='word_1_875' title='bbox 3345 5569 3486 5624; x_wconf 89' lang='lat' dir='ltr'><strong>idem</strong></span> <span class='ocrx_word' id='word_1_876' title='bbox 3531 5568 3648 5620; x_wconf 81' lang='lat' dir='ltr'><strong>ait:</strong></span> 
     </span>
    </p>
   </div>
   <div class='ocr_carea' id='block_1_118' title="bbox 3228 5701 3651 5768">
    <p class='ocr_par' dir='ltr' id='par_1_118' title="bbox 3228 5701 3651 5768">
     <span class='ocr_line' id='line_1_118' title="bbox 3228 5701 3651 5768; baseline -0.012 -7"><span class='ocrx_word' id='word_1_877' title='bbox 3228 5705 3272 5738; x_wconf 85' lang='lat'><strong>&quot;</strong></span> <span class='ocrx_word' id='word_1_878' title='bbox 3294 5701 3434 5761; x_wconf 85' lang='lat' dir='ltr'><strong>Osee</strong></span> <span class='ocrx_word' id='word_1_879' title='bbox 3465 5717 3563 5768; x_wconf 87' lang='lat' dir='ltr'><strong>vu,</strong></span> <span class='ocrx_word' id='word_1_880' title='bbox 3596 5704 3651 5758; x_wconf 72' lang='grc' dir='ltr'>ι.</span> 
     </span>
    </p>
   </div>
  </div>
