3988 6222
413 370 549 439 1045

1547 371 1636 434 ru
1669 372 2108 437 LEVITICUM.
2141 397 2210 413 η-
2248 352 2394 438 L113.
2428 375 2526 436 v1.

3527 374 3661 439 ποιεδ

411 489 543 554 Viri,
574 489 797 562 diligite,
827 489 1071 546 mulieres
1111 497 1329 557 vestras,
1368 490 1523 555 sicut,
1550 498 1598 544 et
1638 489 1876 546 Christus
1904 491 1986 544 dis
2016 495 2058 550 Α
2086 487 2441 560 delinquitur,
2482 489 2613 546 illud
2660 500 2841 547 autem
2877 491 2932 546 i‘n
2974 489 3143 547 filium
3180 507 3209 548 a
3243 499 3419 563 patre.
3463 492 3667 548 Similis

411 582 537 639 lexit
580 582 872 638 Ecclesium
899 583 967 639 ⁸¹.
1015 582 1083 639 Et
1129 599 1362 640 rursus:
1395 583 1685 654 Propterea
1727 581 1983 653 relinquet

408 675 560 730 homo
590 684 795 744 patrem
824 684 871 729 et
900 685 1145 742 matrem,
1180 686 1230 731 et
1267 677 1548 732 adltwrebit
1586 678 1743 732 uxori
1779 693 1906 738 sum.
1936 684 1984 731 et

408 774 560 821 erunt
613 768 715 823 duo
757 768 821 821 in.
857 785 1016 822 carne
1058 785 1186 823 una.
1236 769 1637 825 Sacramentum
1682 779 1860 824 autent
1894 772 1988 824 1106

410 875 663 929 magnum
691 869 785 915 est.
826 858 934 932 Ego
965 870 1141 915 autem
1171 862 1286 922 dico
1320 863 1375 915 in
1401 860 1610 918 Christo
1638 872 1687 918 et
1726 865 1781 917 in
1811 864 1988 918 Eccle-

410 949 495 1004 sia
525 948 593 1002 “.
633 947 934 1008 Mmchatu's
982 958 1164 1009 autem
1202 950 1383 1007 verbis
1425 951 1696 1021 turpibus,
1738 951 1989 1007 dissemi-

412 1056 551 1096 nans
573 1040 624 1095 in
648 1056 713 1096 ea
737 1041 1043 1098 doctrinam
1072 1041 1372 1112 propriam,
1392 1052 1448 1097 et
1465 1057 1572 1097 non
1597 1042 1821 1107 Christi,
1848 1042 1988 1098 sicut

412 1132 491 1188 ait
534 1131 762 1201 Paulus,
783 1134 952 1204 turpis
986 1133 1117 1187 lucri
1141 1134 1317 1204 gratia
1346 1133 1415 1196 ⁸³,
1447 1163 1520 1174 —
1546 1142 1710 1188 morte
1732 1135 1991 1189 moriatur

412 1232 463 1279 et
507 1225 733 1280 machus
775 1237 827 1279 et
865 1224 1131 1279 adultera.
1163 1224 1222 1279 Id
1267 1233 1373 1289 est,
1397 1224 1488 1295 qui
1532 1225 1765 1280 alienum
1799 1240 1994 1295 super-

415 1314 650 1374 seminat
680 1317 930 1382 verbum,
975 1326 1032 1372 et
1072 1318 1339 1383 Ecclesia,
1370 1333 1491 1388 qua:
1530 1317 1585 1372 in
1619 1318 1744 1372 talia
1786 1318 1990 1388 patitur

415 1408 697 1463 seminari.
731 1407 885 1463 Hanc
914 1408 1083 1475 enim,
1117 1408 1257 1464 sicut
1287 1407 1547 1473 diximus,
1579 1424 1800 1464 uxorem
1832 1410 1990 1464 intel-

415 1496 666 1569 ligamus.
712 1497 957 1554 Primum
1001 1499 1223 1573 quidem
1275 1498 1393 1554 veri
1445 1500 1691 1571 conjugis
1740 1500 1994 1555 videlicet

415 1587 640 1655 Christi,
687 1589 889 1646 deinde
936 1601 993 1646 et
1042 1590 1330 1663 coniugem
1381 1590 1521 1662 ejus,
1565 1592 1651 1646 cui
1702 1607 1733 1647 a
1776 1590 1994 1648 Christo

416 1682 628 1737 credita
653 1691 739 1737 est
769 1680 1012 1738 Ecclesia
1063 1683 1386 1748 sacerdotis,
1419 1691 1514 1740 aut
1554 1683 1692 1738 forte
1732 1683 1988 1738 doctoris.

413 1772 695 1843 Quotquot
741 1774 886 1833 enim
932 1774 1238 1833 aemulando
1283 1775 1585 1837 Christum,
1625 1782 1680 1830 et
1723 1776 1791 1830 ad
1832 1791 1990 1831 suum

417 1863 604 1920 odium
651 1864 879 1919 verbum
936 1875 1332 1936 corrumpunt,
1387 1867 1531 1922 circa
1588 1867 1992 1938 naufragantes,

418 1952 559 2008 sicut
585 1951 908 2024 Hymenaeus
942 1963 995 2009 et
1028 1955 1348 2022 Alexander,
1381 1972 1518 2027 quos
1554 1957 1776 2012 tradidit
1802 1955 2000 2012 Paulus

420 2042 755 2107 Satanae”,
780 2051 839 2097 ut
890 2043 1168 2099 discerent
1205 2060 1317 2100 non
1345 2045 1753 2116 blasphemare,
1802 2047 1996 2101 horum

418 2134 746 2233 adultegium
784 2135 838 2188 in
872 2150 1161 2206 personam
1192 2135 1396 2191 Christi
1428 2147 1728 2207 reputatur.
1753 2135 1998 2203 Quicun-

417 2241 528 2301 que
559 2227 743 2281 a'utem
780 2227 1126 2281 aemulatione
1157 2227 1471 2298 hominum,
1492 2229 1583 2298 qui
1615 2228 1872 2300 regendas
1898 2229 1999 2282 Ec-

419 2318 616 2376 clesias
644 2327 773 2374 sunt
801 2319 1001 2382 sortiti,
1027 2320 1130 2373 tale
1156 2320 1436 2390 quidpiam
1465 2320 1693 2383 faciunt,
1719 2328 1780 2375 ut
1808 2335 1998 2375 eorum

421 2411 727 2471 doctrinam
771 2413 1062 2477 subruunt,
1102 2414 1247 2484 quod
1281 2412 1481 2468 Paulus
1509 2415 1875 2471 Alexandrum
1918 2417 1999 2471 fc-

422 2503 562 2559 cisse
614 2502 750 2557 dixit
787 2503 1060 2565 aerarium.
1100 2506 1177 2559 ait
1222 2505 1367 2560 enim
1398 2524 1411 2561 :
1439 2506 1736 2561 Alexander
1778 2510 2001 2563 wrarius

422 2594 592 2650 multa
629 2593 772 2647 mala
808 2594 937 2647 mihi
964 2595 1210 2659 ostendit,
1256 2594 1432 2649 reddet
1462 2597 1509 2648 ei
1543 2595 1794 2650 Dominus
1818 2614 2002 2651 secun-

423 2690 549 2739 dum
596 2700 755 2754 opera
803 2700 925 2751 sua,
971 2701 1123 2755 quem
1171 2694 1220 2740 et
1267 2695 1324 2738 tu
1361 2687 1555 2748 devita.
1602 2687 1823 2742 multum
1863 2688 2003 2743 enim

424 2778 615 2832 restitit
638 2778 806 2832 verbis
829 2778 1019 2832 nostris
1048 2777 1115 2833 ⁸⁸.
1143 2779 1349 2833 Horum
1378 2778 1789 2852 adulteriumin
1817 2782 2000 2850 proxi—

422 2882 575 2921 mum
608 2874 914 2936 reputatur,
938 2883 1061 2922 cum
1104 2868 1387 2924 sacerdote
1427 2868 1696 2933 videlicet,
1731 2869 1845 2926 sive
1874 2886 2005 2925 con-

423 2957 672 3024 ductore,
706 2968 931 3031 propter
967 2960 1125 3030 cujus
1158 2960 1580 3025 azmulationem,
1614 2961 1682 3018 ad
1715 2962 1877 3017 talem
1922 2962 2003 3016 in-

418 3049 689 3121 justitiam
751 3051 1121 3124 progreditur.
1170 3052 1277 3109 Sed
1324 3061 1381 3108 et
1428 3052 1592 3123 hujus
1636 3067 1801 3123 ptena
1858 3068 2004 3117 mors

425 3150 514 3215 est
547 3144 741 3214 :quia,
773 3144 879 3199 etsi
934 3160 1043 3199 non
1100 3145 1411 3215 specialiter
1460 3153 1651 3201 contra
1697 3144 2000 3208 Christum,

425 3244 611 3292 tamen
633 3245 825 3292 contra
847 3235 1127 3292 hominem
1154 3236 1514 3301 contendens,
1532 3237 1777 3307 corrupit
1800 3236 2003 3293 Christi

424 3340 566 3398 opus
614 3341 942 3398 gregemque
996 3326 1290 3397 dispersit,
1342 3336 1568 3398 propter
1625 3327 1769 3399 quod
1824 3328 2006 3385 socius

425 3418 547 3488 ejus
591 3416 824 3473 edicitur
858 3433 1056 3489 poenae,
1083 3417 1397 3490 quicunque
1435 3419 1503 3476 ab
1536 3433 1602 3474 eo
1641 3420 1915 3491 corrumpi
1946 3435 2005 3477 se

425 3509 652 3580 patitur.

498 3599 662 3657 Vens.
703 3601 892 3657 11-12.
941 3620 961 3653 ι
998 3601 1102 3669 Qui
1136 3602 1421 3659 dormierit
1453 3617 1577 3657 cum
1609 3618 1849 3660 noverca
1882 3620 2003 3671 sua,

425 3701 483 3749 et
526 3692 853 3748 revelaverit
896 3692 1252 3765 ignominiam
1296 3694 1470 3763 patris
1514 3695 1620 3759 sui,
1659 3704 1839 3751 morte
1889 3712 2008 3752 mo-

426 3784 641 3839 riantur
690 3784 884 3846 ambo,
935 3784 1159 3855 sanguis
1203 3798 1395 3838 eorum
1449 3784 1520 3838 sit
1570 3799 1735 3854 super
1784 3799 1898 3840 eos.
1950 3785 2007 3841 Si

426 3873 552 3943 quis
599 3872 889 3927 dormierit
934 3887 1059 3927 eum
1116 3887 1259 3927 nuru
1299 3887 1431 3934 sua,
1481 3880 1712 3942 uterque
1765 3874 2009 3929 morian-

427 3972 538 4030 tur,
563 3965 692 4036 quia
726 3965 906 4021 scelus
934 3964 1144 4036 operati
1175 3972 1322 4030 sunt,
1347 3966 1566 4037 sanguis
1594 3981 1782 4022 eorum
1816 3966 1886 4022 sit
1913 3984 2010 4023 su-

427 4071 527 4128 per
558 4072 667 4113 eos.
687 4075 705 4109 ι
1444 4068 1452 4075 ‘

499 4144 653 4201 Dicta
690 4154 821 4202 sunt
858 4146 975 4201 haec
1008 4145 1066 4201 in
1096 4146 1203 4202 hoc
1225 4145 1452 4202 Levitici
1481 4146 1620 4202 libro
1645 4163 1676 4202 a
1706 4145 2011 4219 legislatore

430 4235 708 4306 superius,
743 4236 838 4291 sed
870 4236 979 4292 illic
1032 4235 1251 4306 quidem
1279 4254 1295 4293 :
1330 4235 1452 4291 Non
1483 4236 1737 4292 reuelabis
1777 4240 2010 4309 turpitu-

430 4327 607 4381 dinem
636 4326 807 4397 patris
839 4327 916 4380 tui
947 4335 995 4380 et
1030 4327 1239 4393 matris,
1277 4343 1371 4381 nec
1403 4329 1621 4395 sororis,
1653 4336 1703 4383 et
1737 4346 1923 4395 nurus,
1955 4339 2013 4386 et

430 4416 768 4487 reliquorum
814 4433 914 4487 per
969 4417 1218 4472 ordinem
1271 4418 1412 4475 dixit
1438 4418 1508 4486 ⁸⁵,
1544 4420 1766 4491 quando
1810 4430 1864 4476 et
1909 4437 2011 4478 nos

2087 590 2268 636 autem
2301 581 2554 653 impietas
2586 592 2667 639 est
2701 584 2868 641 filium
2899 586 3070 656 patris
3099 587 3183 641 sui
3215 586 3514 651 denudare,
3548 585 3667 641 sive

2086 671 2372 726 didamare
2408 681 2715 742 peccatum,
2747 690 2870 728 cum
2911 683 2964 729 et
3000 676 3099 745 ipsi
3136 676 3191 729 in
3232 674 3501 730 similibus
3528 675 3669 729 deli-

2087 765 2328 837 querint.
2386 764 2468 819 Ad
2521 781 2661 836 quos
2707 766 2909 821 Paulus
2944 766 3158 822 dicebat
3205 785 3218 820 :
3268 767 3495 836 Propter
3534 783 3670 836 quoa
3730 797 3739 826 ε

2088 857 2458 912 inexcusabilis
2503 874 2576 923 es,
2609 874 2639 910 ο
2674 857 2827 912 homo
2856 859 3023 912 omnis
3062 859 3151 928 qui
3186 859 3402 928 judicas
3427 876 3444 914 :
3470 859 3524 911 in
3569 876 3671 929 quo

2090 950 2228 1004 enim
2252 949 2674 1019 aliumajudicas,
2699 951 2921 1020 teipsum
2947 951 3286 1017 condemnas,
3315 953 3501 1005 eadem
3531 953 3672 1005 enim

2091 1039 2226 1110 agis,
2259 1047 2309 1093 et
2333 1039 2553 1108 Judicas
2582 1038 2652 1093 ⁸⁸.

2163 1130 2328 1185 Vens.
2379 1130 2467 1186 i5.
2503 1148 2522 1182 ι
2559 1128 2673 1197 Qui
2719 1131 3005 1187 dormierit
3056 1147 3181 1188 cum
3236 1132 3478 1189 masculo
3525 1133 3675 1190 coitu

2094 1221 2352 1288 femineo,
2385 1229 2620 1292 uterque
2669 1232 2928 1293 operatus
2971 1233 3059 1279 est.
3098 1225 3273 1291 nefas,
3322 1234 3499 1280 morte
3543 1241 3674 1279 mo»

2092 1313 2305 1368 riantnr
2333 1331 2348 1371 :
2382 1314 2454 1369 sit
2483 1318 2712 1387 sanguis
2738 1331 2929 1372 eorum
2960 1331 3127 1389 super
3154 1332 3269 1373 eos;
3306 1336 3331 1368 λ

2163 1403 2300 1471 Quia
2345 1404 2547 1476 injuria
2587 1414 2801 1462 natura:
2835 1415 2921 1462 est
2954 1407 3059 1462 hoc
3087 1416 3396 1478 peccatum,
3435 1407 3677 1463 ostendit

2093 1503 2202 1550 tum
2243 1496 2460 1552 novitas
2484 1496 2624 1564 ejus,
2656 1512 2823 1567 quam
2865 1497 3097 1554 facinus.
3140 1499 3284 1571 Ergo
3326 1515 3435 1553 non
3476 1499 3676 1554 frustra

2093 1602 2308 1658 poenam
2341 1588 2396 1642 in
2429 1588 2523 1643 illo
2558 1588 2753 1643 mortis
2782 1589 2868 1643 lex
2901 1587 3169 1645 decernit.
3210 1589 3323 1645 Nos
3356 1598 3540 1646 autem
3572 1590 3677 1646 hu-

2089 1679 2326 1749 jusmodi
2362 1688 2417 1734 et
2454 1679 2643 1735 auditu
2682 1696 3020 1737 aversamur.
3067 1681 3370 1737 Careamus
3391 1692 3582 1737 autem
3624 1693 3679 1738 et

2094 1786 2218 1826 eum
2264 1772 2357 1842 qui
2407 1771 2565 1827 fortis
2616 1781 2701 1828 est
2750 1773 2954 1838 anima,
2995 1782 3158 1843 atque
3202 1773 3326 1828 ideo
3373 1772 3678 1845 appellatur

2098 1862 2401 1928 masculus,
2449 1862 2535 1919 vir
2588 1862 2733 1918 enim
2787 1862 2988 1933 ubique
3042 1864 3099 1918 in
3151 1863 3338 1920 divina
3394 1860 3677 1932 Scriptura

2097 1957 2372 2029 perfectus
2398 1959 2690 2015 virtutibus
2718 1960 3055 2024 nominatur,
3084 1958 3232 2015 unde
3256 1967 3310 2015 et
3335 1958 3535 2013 Paulus
3564 1957 3638 2013 ait
3662 1979 3676 2016 :

2098 2052 2272 2105 Donec
2326 2068 2665 2106 occurramus
2714 2068 2893 2106 omnes
2941 2053 3000 2106 in
3052 2052 3224 2107 virum
3276 2053 3585 2122 perfectum,
3622 2053 3681 2106 in

2096 2158 2374 2210 personam
2424 2143 2599 2198 aztatis
2646 2143 2992 2211 plenitudinis
3040 2142 3239 2199 Christi
3272 2143 3341 2200 ⁸⁷.
3379 2140 3681 2198 Cavcamus

2098 2248 2227 2304 ergo
2262 2232 2445 2288 verbis
2494 2232 2811 2305 incongruis
2844 2234 3184 2300 edeminare,
3217 2234 3304 2290 vel
3348 2233 3676 2297 actionibus,

2098 2336 2154 2382 et
2189 2326 2489 2383 dissolvere
2528 2327 2693 2398 hujus
2725 2328 2924 2384 animae
2961 2329 3243 2395 virtutem,
3284 2328 3412 2384 dum
3459 2343 3582 2383 cum
3614 2343 3681 2382 eo

2101 2415 2351 2471 videlicet
2381 2424 2437 2471 et
2463 2432 2565 2472 nos
2596 2416 2985 2473 dissolvamur.
3016 2418 3313 2481 Utriusque
3341 2416 3510 2483 enim,
3538 2417 3683 2473 sicut

2100 2501 2303 2568 cernis,
2344 2518 2507 2574 paena
2543 2518 2693 2559 mors
2725 2510 2830 2560 est.

2170 2591 2334 2649 Vsus.
2391 2594 2478 2650 11.
2519 2611 2539 2646 ι
2583 2593 2686 2660 Qui
2738 2610 2904 2666 supra
2953 2611 3178 2653 uxorem
3231 2595 3419 2661 ﬁliam,
3465 2595 3683 2650 duxerit

2101 2694 2333 2741 matrem
2383 2685 2528 2757 ejus,
2580 2686 2761 2743 scelus
2815 2697 3076 2759 operatus
3119 2698 3221 2754 est,
3269 2688 3426 2742 vivus
3471 2687 3684 2746 ardebit

2101 2789 2226 2829 cum
2257 2774 2361 2840 eis,
2396 2789 2501 2831 nec
2553 2775 2897 2846 permanebit
2947 2784 3158 2832 tantum
3209 2775 3365 2831 nefas
3405 2777 3460 2831 in
3503 2777 3683 2835 medio

2101 2866 2291 2921 vestri.
2333 2884 2353 2917 ι

2172 2953 2345 3011 Nimis
2377 2962 2528 3012 recte
2567 2955 2646 3011 sic
2681 2970 2881 3011 saevam
2910 2969 3127 3026 poenam
3165 2953 3290 3009 huic
3330 2954 3568 3009 minatus
3598 2962 3685 3009 est

2102 3045 2324 3113 delicto,
2354 3061 2450 3102 eos
2482 3047 2633 3103 enim
2673 3046 2764 3118 qui
2805 3060 2874 3103 ex
2915 3057 3091 3102 matre
3120 3045 3286 3118 geniti
3319 3055 3464 3112 sunt,
3498 3046 3567 3101 ab
3597 3047 3684 3099 his

2030 3175 2073 3234 ο
2105 3139 2197 3209 qui
2227 3154 2259 3193 a
2289 3137 2397 3193 ﬁlia
2421 3138 2593 3211 geniti
2621 3148 2770 3206 sunt,
2793 3154 2916 3194 cum
2944 3154 3087 3194 unus
3115 3139 3184 3193 sit
3206 3148 3382 3209 pater,
3411 3138 3684 3193 incertum

2106 3238 2194 3286 est
2224 3239 2406 3286 utrum
2436 3231 2657 3298 fratres,
2686 3246 2756 3287 an
2786 3231 3087 3287 avunculos
3120 3239 3370 3302 oporteat
3398 3230 3681 3300 appellari.

2104 3322 2242 3378 Nam
2265 3338 2390 3378 cum
2420 3330 2576 3394 pater
2605 3338 2749 3378 unus
2777 3324 2868 3389 sit,
2894 3322 3093 3378 fratres
3116 3337 3210 3378 cos
3242 3322 3384 3394 cogit
3403 3322 3681 3378 aestimari.

2106 3412 2185 3467 Ex
2217 3412 2431 3469 duabus
2472 3421 2655 3468 autem
2694 3413 3035 3485 parientibus
3071 3429 3194 3470 cum
3235 3430 3341 3468 una
3382 3413 3453 3468 sit
3490 3422 3683 3477 mater,

2107 3504 2211 3559 alia
2247 3505 2378 3573 ﬁlia,
2416 3504 2719 3561 avunculos
2749 3505 2873 3564 hos.
2899 3505 2991 3577 qui
3026 3515 3207 3580 matre
3229 3513 3359 3561 sunt
3395 3505 3586 3576 geniti,
3618 3506 3687 3559 ab

2109 3596 2194 3653 his
2227 3596 2322 3667 qui
2353 3597 2464 3652 nati
2501 3605 2633 3653 sunt
2666 3597 2735 3653 de
2775 3597 2906 3663 filia,
2929 3597 3207 3669 compellit
3249 3597 3549 3652 necessitas
3592 3614 3689 3667 ap-

2108 3686 2299 3757 pellari
2337 3706 2349 3741 :
2385 3695 2443 3743 et
2482 3687 2587 3743 hoc
2632 3686 2853 3757 quidem
2897 3687 3057 3742 valde
3098 3686 3403 3743 secundum
3456 3687 3713 3749 litteram

2108 3776 2435 3841 custoditur,
2463 3786 2520 3833 et
2538 3785 2765 3833 cavetur
2786 3777 3097 3848 hujusmodi
3123 3778 3333 3833 incerta
3356 3778 3691 3840 commistio,

2108 3868 2432 3939 generisque
2486 3868 2757 3926 confusio.
2821 3869 2960 3937 Quia
3011 3869 3191 3925 omnis
3244 3870 3455 3940 peccati
3514 3879 3691 3926 mater

2110 3958 2556 4030 concupiscentia
2583 3968 2687 4023 est,
2731 3968 2948 4031 oportet
2975 3968 3031 4016 et
3060 3960 3166 4017 hoc
3202 3961 3517 4031 praecaveri,
3548 3971 3608 4016 ut
3645 3964 3691 4018 si

2113 4067 2217 4124 qua
2269 4052 2431 4110 nobis
2487 4053 2700 4125 peccati
2754 4054 3203 4125 concupiscentia
3254 4055 3353 4118 sit,
3406 4071 3578 4125 usque
3620 4056 3692 4115 ad

2112 4145 2257 4199 hanc
2312 4151 2546 4215 stemus,
2575 4153 2634 4201 et
2678 4160 2793 4201 non
2843 4145 2895 4201 ei
2950 4144 3346 4217 conjungamus
3395 4146 3687 4204 actionem.

2112 4235 2216 4305 Qui
2244 4247 2426 4293 autem
2452 4237 2777 4312 conjungit,.
2798 4238 2855 4293 in
2895 4238 3018 4310 igne
3046 4237 3419 4304 succenditur,
3449 4254 3558 4294 non
3604 4254 3695 4293 so-

2113 4328 2224 4384 lum
2255 4337 2438 4385 autem
2467 4329 2606 4401 ipse,
2629 4330 2727 4387 sed
2756 4339 2812 4388 et
2839 4330 3172 4387 desiderium
3202 4331 3436 4403 peccati,
3468 4331 3696 4402 insuper

2114 4428 2170 4476 et
2212 4422 2355 4478 actio
2402 4422 2538 4493 ipsa.
2571 4421 2693 4489 Quo
2738 4423 2905 4495 igne?
2950 4422 3019 4479 de
3056 4439 3164 4493 quo
3216 4424 3353 4479 dixit
3395 4422 3643 4478 Christus
3678 4441 3691 4475 :

429 4506 551 4563 haec
578 4516 937 4578 exponentes,
971 4523 1082 4563 non
1121 4509 1299 4566 solum
1330 4511 1506 4581 turpis
1541 4522 1920 4583 cognatorum,
1949 4523 2005 4570 et
2037 4509 2083 4566 D
2118 4510 2301 4582 Ignem
2330 4513 2448 4568 ueni
2483 4514 2691 4568 mittere
2712 4515 2768 4568 in
2789 4523 2955 4580 terra,
2987 4523 3040 4568 et
3058 4514 3172 4568 vola
3197 4525 3252 4568 ut
3282 4515 3602 4569 accendatur
3621 4515 3703 4579 3',

428 4599 654 4657 nefariae
699 4600 1098 4657 commistionis
1152 4602 1550 4658 aversationem
1591 4603 1765 4675 legem
1812 4605 2008 4676 praeci-

432 4707 587 4764 pere,
623 4692 720 4749 sed
757 4702 813 4748 et
849 4694 917 4749 de
964 4708 1074 4749 non
1113 4694 1439 4762 revelandis,
1473 4710 1596 4766 quas
1633 4698 2009 4767 cognovimus,

430 4800 613 4855 neque
672 4785 1020 4842 didamandis
1087 4787 1427 4854 carnalium,
1493 4787 1858 4858 spiritalium,
1925 4791 2014 4847 vel

432 4883 791 4947 cognatorum
844 4875 1087 4947 peccatis
1124 4877 1269 4933 dicta
1316 4891 1438 4934 esse
1489 4878 1861 4949 exposuimus.
1912 4880 2014 4937 Hic

433 4974 619 5022 autem
663 4967 830 5034 Deus,
884 4970 930 5023 si
980 4969 1274 5035 dormierit,
1324 4970 1533 5025 addidit
1570 4987 1586 5025 :
1620 4971 1775 5027 illum
1819 4975 2014 5044 procul

432 5059 602 5115 dubio
630 5061 905 5118 deducens
935 5062 1005 5118 ad
1032 5063 1296 5128 medium,
1333 5064 1428 5133 qui
1460 5064 1709 5121 eamdem
1741 5066 2013 5122 actionem

434 5167 682 5223 pravam,
719 5168 879 5223 quam
926 5156 1235 5225 proximum
1273 5155 1455 5227 egisse
1501 5157 1776 5228 cognovit,
1816 5157 2016 5214 nihilo-

435 5246 619 5302 minus
673 5248 819 5319 agit,
874 5263 977 5304 nec
1027 5246 1239 5320 peccati
1292 5250 1608 5306 societatem
1665 5251 2014 5316 erubescens,

436 5338 604 5394 etiam
642 5339 724 5394 sic
751 5339 970 5395 exsistit
996 5341 1243 5411 proditor
1268 5339 1323 5395 in
1352 5356 1461 5411 quo
1493 5349 1550 5396 et
1574 5344 1766 5398 mortis
1796 5358 2014 5413 poenam

436 5429 717 5500 legislator
744 5439 893 5485 recte
920 5431 1190 5487 deﬁnivit.
1226 5430 1374 5488 Bene
1408 5440 1590 5489 autem
1620 5448 1873 5491 noverca:
1910 5450 2017 5490 nu-

438 5536 561 5577 rum
599 5521 905 5593 conjunxit,
932 5524 1060 5593 quia
1109 5523 1211 5579 hoc
1256 5522 1475 5594 quidem
1524 5523 1581 5579 in
1630 5534 1786 5610 patre
1832 5540 1864 5581 a
1903 5525 2014 5582 tilio

453 5723 1103 5817 υἷ’,9ξ1¹⁰ῗῗῖ-ξέ¹νη¹9;-κ
1150 5724 1195 5757 θ’
1207 5723 1428 5817 ,1⁵⁸3ξὶθὲ
1454 5741 1511 5817 ῗξ
1540 5725 1602 5817 ⁵3
1661 5723 1750 5817 ³Ξ’

518 5793 692 5851 Levit.
725 5811 878 5861 xvm,
906 5795 937 5817 "
976 5808 1126 5866 seqq.
1207 5795 1253 5828 ”
1276 5793 1439 5851 Rom.
1472 5810 1532 5863 tt,
1570 5797 1624 5851 1.

1876 5725 1925 5758 ⁸³
1953 5724 2062 5781 Tit.
2095 5741 2135 5786 ι.
2162 5724 2248 5781 11.

1696 5796 1738 5829 ⁸⁷
1773 5794 1975 5865 Ephcs.
2005 5810 2079 5862 tv,
2108 5796 2191 5850 15.
2261 5793 2469 5850 “Luc.
2497 5809 2596 5861 xu,
2657 5794 2735 5848 i9.
2812 5793 2857 5825 °’
2896 5788 3055 5847 lion).
3084 5806 3201 5857 Vill,
3230 5791 3312 5844 13.

2113 4605 2168 4661 id
2210 4614 2294 4661 est
2326 4605 2858 4662 administrationem
2893 4606 3142 4677 spiritus,
3176 4606 3266 4677 qui
3308 4606 3457 4672 ipsos
3497 4622 3692 4677 pecca-

2114 4705 2260 4753 tores
2289 4697 2359 4753 de
2386 4698 2571 4754 medio
2599 4683 2829 4764 auferet,
2857 4712 3158 4768 eorumque
3190 4706 3431 4770 peccata.
3466 4697 3525 4753 Si
3555 4700 3694 4754 enim

2114 4791 2326 4860 spiritu,
2364 4789 2442 4845 ait
2489 4788 2712 4857 Paulus,
2761 4792 2903 4861 facta
2952 4791 3129 4849 carnis
3179 4790 3525 4860 mortiﬁcetis,
3555 4793 3693 4846 vice-

2116 4880 2184 4935 tis
2210 4879 2276 4933 ⁸⁹.

2186 4969 2352 5027 Vens.
2378 4971 2473 5040 J5,
2506 4971 2594 5028 16.
2629 4990 2650 5026 ‹
2681 4971 2786 5043 Qui
2816 4988 2939 5031 cum
2969 4973 3241 5043 jumento,
3274 4981 3331 5030 et
3364 4989 3563 5046 pecore
3602 4989 3696 5031 co.-

2114 5062 2260 5133 ierit,
2293 5074 2469 5121 morte
2508 5064 2774 5126 moriatur
2810 5083 2823 5118 :
2860 5080 3027 5136 pecus
3054 5080 3271 5136 quoque
3301 5066 3596 5121 occidetur.
3631 5064 3699 5119 Et

2116 5155 2333 5222 mulier,
2360 5171 2482 5227 quae
2512 5157 2865 5217 succnbuerit
2893 5158 3162 5228 jumento,
3201 5157 3365 5213 simul
3400 5156 3697 5213 interficie-

2119 5255 2209 5302 tur
2236 5263 2360 5305 cum
2393 5263 2482 5309 eo.
2517 5247 2750 5321 Sanguis
2780 5264 2969 5304 eorum
3002 5266 3166 5319 super
3190 5264 3305 5303 eos.
3343 5268 3362 5301 ι
3646 5300 3650 5304 .

2190 5338 2376 5401 Nimia
2409 5347 2599 5395 contra
2637 5339 2895 5409 populum
2943 5321 3257 5394 Iudaeorum
3287 5337 3559 5413 legislator
3590 5337 3697 5397 uti-

2124 5438 2215 5486 tur
2253 5429 2617 5498 districtione,
2646 5430 2775 5500 quia
2812 5429 2869 5484 in
2900 5436 3113 5483 tantum
3158 5428 3349 5498 iniqui,
3378 5438 3544 5499 atque
3567 5429 3700 5484 libi-

2121 5520 2238 5579 dini
2271 5520 2447 5577 dediti
2470 5528 2646 5587 erant,
2672 5529 2735 5575 ut
2763 5520 2831 5576 ad
2864 5528 3079 5575 exteras
3110 5519 3271 5575 etiam
3303 5518 3698 5589 concupiscen-

2348 5723 2417 5755 ⁸³⁸
2451 5722 2470 5778 l
2503 5721 2645 5777 Tim.
2688 5738 2746 5788 t,
2781 5721 2876 5785 20;
3001 5719 3048 5753 ”
3076 5718 3119 5776 ll
3168 5714 3289 5775 Tim
3330 5736 3383 5775 tv
3417 5760 3431 5787 ,
3471 5718 3584 5784 14,.
3621 5718 3680 5771 l5
