3962 6220
346 277 510 360 ’ωε-ι

1550 258 1912 366 Hssvctm
1959 296 2431 359 PRESBYTERI

3505 273 3685 338 lOiS

372 406 475 461 tias
518 403 856 469 aberrarent,
891 412 951 461 et
993 416 1281 476 propterea
1333 422 1457 462 cum
1505 403 1948 478 quadrupedibus
1977 413 2023 468 Α
2049 416 2239 477 spectu
2284 407 2516 463 borum?
2565 404 2636 461 Ut
2681 405 2845 461 unius
2885 416 3045 475 poena
3079 395 3262 457 caeteri
3304 389 3681 466 pudicitiam

370 492 497 559 viri,
533 493 884 565 mulierisque
916 497 1317 553 commistionis
1349 497 1680 552 mentionem
1712 496 1948 564 faciens,

372 583 567 639 mortis
618 598 740 639 esse
790 586 1105 656 hujusmodi
1141 603 1360 659 prunam
1406 586 1820 643 demonstravit.
1868 588 1948 642 Tu

372 688 574 747 autem,
608 680 837 738 forsitan
885 680 1215 752 superfluam
1257 697 1380 738 esse
1419 681 1667 739 ﬁdelibus
1702 685 1845 739 hanc
1874 683 1952 737 le-

373 788 495 843 gem
523 773 826 844 judicabis;
860 790 1040 845 neque
1088 775 1257 837 enim,
1303 774 1507 844 inquis,
1553 784 1715 847 egent
1763 776 1952 846 hujus-

374 865 522 920 modi
566 865 691 936 jure
735 868 968 922 censeri.
1011 867 1133 923 Non
1176 875 1356 922 autem
1404 876 1488 921 est
1531 867 1825 937 superﬂua,
1859 866 1952 922 sed

375 955 542 1010 nimis
572 956 691 1026 ejus
728 972 831 1011 nos
870 956 1062 1026 iuvare
1095 957 1353 1026 spiritalis
1393 966 1576 1029 potest
1613 958 1951 1029 contempla-

376 1045 454 1100 tio
483 1063 496 1099 :
528 1044 571 1099 si
604 1045 1002 1116 quadrupedia,
1027 1047 1338 1117 voluptates
1370 1064 1586 1118 pravas,
1614 1058 1671 1105 et
1697 1050 1951 1105 deorsum

377 1141 580 1187 terram
610 1144 932 1192 contuentes
974 1133 1343 1206 intelligamus
1378 1154 1393 1194 :
1426 1145 1614 1207 utpote
1656 1138 1806 1192 omni
1848 1139 1953 1193 ltu-

377 1225 540 1275 mana
586 1233 838 1278 carentes
894 1221 1108 1278 actione
1156 1239 1169 1274 :
1213 1232 1269 1279 et
1321 1233 1611 1295 propterea
1661 1227 1955 1296 appellatas

379 1308 772 1379 quadrupedia,
813 1325 940 1379 quia
983 1313 1362 1384 quadrupedia‘
1409 1331 1623 1378 manus,
1670 1316 1811 1371 sicut
1854 1318 1955 1371 bo—

378 1397 577 1464 mines,
616 1412 726 1451 non
773 1398 994 1465 habent,
1033 1410 1193 1471 atque
1222 1403 1345 1457 ideo
1371 1405 1606 1458 maxima
1639 1417 1824 1459 nostra
1861 1420 1955 1460 co-

381 1490 640 1558 gnatione
691 1501 901 1546 carent.
955 1490 1279 1564 Quicunque
1325 1510 1457 1566 ergo
1491 1496 1593 1563 vir,
1626 1506 1720 1551 aut
1763 1498 1958 1552 mulier

381 1578 451 1633 ad
485 1579 822 1651 alienigenas
862 1582 1170 1652 voluptates
1217 1585 1274 1639 in
1319 1595 1528 1642 tantum
1573 1587 1863 1652 incumbit,
1897 1597 1957 1642 ut

380 1684 453 1723 ne
480 1669 697 1738 quidem
728 1685 828 1740 per
863 1671 1128 1728 desidiam
1171 1674 1240 1730 ab
1281 1676 1364 1731 eis
1413 1677 1680 1749 capiatur,
1713 1678 1810 1733 sed
1844 1678 1953 1733 imo

2051 499 2279 555 disca‘nt.
2310 500 2641 571 lnterempto
2675 507 2857 554 autem
2897 502 3209 573 peccatore,
3241 496 3299 543 et
3336 491 3677 556 peccatum

2049 590 2209 647 simul
2258 589 2462 655 interit,
2494 586 2951 659 quemadmodum
2994 582 3163 639 semel
3201 581 3255 633 in
3303 573 3674 649 praeceden-

2051 680 2196 735 tibus
2224 679 2482 735 diximus.

2122 769 2286 824 Vens.
2337 769 2426 825 l8.
2474 787 2493 820 ι
2534 768 2639 834 Qui
2676 765 2871 822 coierit
2918 779 3041 818 cum
3088 759 3318 815 muliere
3371 756 3436 810 in
3488 755 3669 806 flium

2051 869 2352 923 menstruo,
2394 868 2450 913 et
2492 856 2821 914 revelaverit
2859 852 3248 925 turpitudinem
3295 851 3444 917 ejus,
3496 847 3672 914 ipsa-

2052 964 2158 1020 que
2205 950 2481 1020 aperuerit
2525 948 2734 1005 fontem
2785 946 3065 1019 sanguinis
3104 942 3187 998 sui
3225 938 3669 995 interﬁcientur

2053 1041 2211 1095 ambo
2244 1039 2312 1095 de
2343 1041 2521 1095 medio
2548 1041 2732 1111 populi
2764 1041 2865 1095 sui.
2900 1057 2919 1090 ι
3118 1037 3122 1041 ⁴

2123 1131 2164 1184 A
2225 1140 2558 1187 menstruata
2614 1131 2880 1187 abstineri
2930 1129 3205 1201 legislator
3253 1141 3368 1179 non
3429 1122 3665 1176 frustra

2053 1224 2327 1293 praecepit,
2354 1225 2448 1278 sed
2477 1223 2754 1278 hominem
2778 1222 3014 1277 suadens
3038 1221 3104 1274 ad
3130 1213 3452 1291 pudicitiam
3478 1213 3668 1267 casti-

2054 1314 2285 1383 tatisque
2307 1330 2428 1368 cum
2450 1314 2784 1384 diligentiam
2806 1313 3027 1377 habere,
3046 1326 3110 1365 ex
3132 1325 3235 1379 qua
3262 1305 3667 1363 sanctiﬁcatio

2054 1406 2336 1475 provenit.
2383 1405 2576 1459 nolens
2618 1414 2673 1458 et
2719 1404 2774 1457 in
2818 1403 2982 1457 modo
3031 1415 3318 1472 porcorum
3362 1396 3663 1452 continue

2054 1492 2373 1548 mulieribus
2399 1492 2637 1559 misceri,
2664 1501 2721 1546 et
2748 1493 2815 1546 ad
2840 1504 3187 1546 communem
3217 1485 3659 1556 corruptionem

2053 1598 2266 1645 vacare,
2301 1584 2393 1638 sed
2438 1599 2505 1637 ex
2550 1592 2736 1638 coacta
2783 1582 3109 1637 abstinentia
3148 1595 3304 1633 usum
3343 1577 3544 1631 facere
3578 1576 3655 1631 ad

2057 1673 2468 1728 continentiam.
2516 1673 2621 1729 Sed
2657 1673 3110 1743 quemadmodum
3146 1669 3386 1739 disperdi
3430 1683 3538 1722 eos
3579 1669 3656 1722 de

378 1758 538 1814 valde
566 1760 646 1815 eis
668 1739 958 1829 cohaereat,
988 1772 1190 1818 etcum
1217 1764 1300 1820 eis
1324 1739 1500 1831 coeat;
1533 1776 1593 1821 ut
1621 1768 1953 1823 commistio-
1985 1739 2028 1798 Β
2056 1764 2256 1835 populo
2301 1779 2401 1819 suo
2450 1766 2742 1834 praecepit.
2797 1780 2923 1818 cum
2976 1762 3354 1834 purgationem
3397 1760 3450 1813 ei
3471 1802 3487 1825 ,
3549 1759 3651 1828 qui

326 1890 329 1891 ν
376 1864 508 1904 nem
539 1864 663 1905 cum
696 1850 778 1906 eis
810 1851 1127 1909 diuturnam
1169 1864 1225 1920 et
1262 1866 1698 1927 perseverantem
1733 1859 1950 1922 habeat,

380 1954 510 1995 reus
534 1950 620 1996 est
649 1941 717 2005 is,
752 1943 847 2013 qui
896 1945 1020 2001 talis
1063 1955 1167 2011 est,
1200 1947 1384 2001 morti.
1421 1947 1522 2002 llic
1554 1957 1640 2004 est
1676 1949 1822 2003 enim
1853 1964 1954 2003 ne-

378 2028 641 2085 fariarum
674 2033 960 2089 libidinum
993 2036 1136 2101 ﬁnis,
1166 2037 1260 2106 qui
1299 2040 1652 2106 operantibus
1676 2055 1771 2095 eas
1795 2039 1954 2110 puni-

381 2121 476 2189 tis,
511 2131 659 2178 recte
705 2124 808 2195 ipsi
858 2125 1024 2181 etiam
1079 2127 1218 2182 mori
1270 2128 1548 2184 dicuntur.
1588 2128 1776 2201 Neque
1805 2134 1954 2185 enim

378 2226 480 2281 per
507 2226 566 2267 se
595 2213 977 2282 subsistentes,
1009 2216 1137 2286 quia
1170 2217 1318 2271 nulla
1348 2227 1432 2273 est
1459 2219 1669 2289 peccati
1698 2220 1953 2274 substan-

362 2300 456 2356 ‘tia
494 2302 549 2357 in
591 2307 994 2374 peccatoribus,
1031 2317 1349 2378 operantur,
1377 2310 1576 2380 quibus
1609 2319 1791 2365 tamen
1828 2327 1955 2381 per-

381 2395 529 2461 ditis,
562 2407 620 2451 ct
655 2396 789 2466 ipsae
814 2399 976 2454 simul
1002 2408 1254 2471 pereunt.

453 2485 616 2543 Vens.
656 2489 743 2543 17.
780 2490 937 2557 σ-ρυί
986 2493 1258 2563 acceperit
1304 2510 1548 2551 sororem
1594 2513 1751 2553 suam
1790 2497 1954 2552 ﬁliam

380 2580 559 2650 patris
599 2581 706 2647 sui,
732 2582 819 2635 vel
856 2582 1023 2637 ﬁliam
1056 2583 1247 2639 matris
1288 2601 1421 2652 suae,
1464 2595 1520 2641 et
1551 2586 1751 2643 viderit
1780 2589 1957 2659 turpi-

385 2667 631 2722 tudinem
673 2670 811 2739 ejus,
848 2670 1047 2742 illaque
1093 2676 1443 2743 conspexerit
1491 2677 1676 2732 fratris
1723 2679 1956 2751 ignomi-

385 2756 556 2822 niam,
590 2757 855 2813 nefariam
908 2764 1022 2814 l'em
1076 2763 1289 2833 operati
1336 2775 1464 2819 sunt
1497 2782 1517 2820 :
1547 2766 1865 2823 occidcutur
1902 2770 1959 2824 iu

386 2862 685 2922 conspectu
743 2853 965 2923 populi,
1021 2869 1089 2908 eo
1142 2855 1288 2924 quod
1346 2857 1739 2927 turpitudinem
1804 2874 1958 2915 suam

386 2952 578 2998 mutuo
656 2942 1019 3000 revelaverint
1081 2956 1152 3001 'et
1234 2948 1533 3017 portabunt
1618 2948 1959 3021 iniquitatem

386 3051 560 3091 suam.
598 3054 616 3087 ι
1936 3018 1945 3030 ⁴

456 3124 764 3189 Tolerabile
810 3141 931 3183 esse
971 3130 1095 3194 hoc,
1137 3145 1166 3183 a
1205 3129 1392 3184 multis
1439 3133 1755 3203 putabatur,
1803 3149 1959 3189 soro-

387 3221 541 3278 ribus
569 3221 690 3276 ﬁlite
721 3221 911 3292 patris,
948 3224 1034 3278 vel
1079 3222 1204 3279 ﬁlia;
1242 3222 1432 3281 matris
1461 3226 1698 3291 misceri,
1745 3227 1870 3296 quia
1907 3235 1962 3280 et

386 3313 660 3369 Abraham
690 3311 756 3367 de
785 3310 915 3367 Sara
946 3314 1162 3370 dicebat
1194 3334 1207 3369 :
1239 3313 1402 3369 Soror
1440 3332 1554 3370 mea
1592 3326 1666 3370 est
1695 3333 1759 3370 ea:
1786 3325 1957 3386 patre,

386 3412 439 3456 et
476 3418 579 3457 non
606 3418 670 3456 ea:
696 3411 866 3456 matre
908 3403 976 3456 ’°.
1018 3401 1172 3469 Quod
1224 3404 1447 3474 quidem
1496 3422 1605 3460 non
1647 3407 1961 3462 omnimodo

387 3492 466 3547 sic
494 3500 597 3556 est,
626 3491 768 3546 sicut
792 3491 991 3547 habere
1019 3501 1240 3562 putatur
1269 3494 1541 3550 historia:
1566 3511 1691 3549 nam
1724 3512 1838 3560 eos,
1867 3497 1958 3566 qui

385 3598 453 3638 ex
482 3580 660 3637 Tliare
688 3591 842 3652 patre
878 3584 1149 3639 Abraham
1189 3586 1360 3656 geniti
1401 3595 1548 3651 sunt,
1583 3584 1795 3657 Moyses
1831 3602 1960 3641 nar-

384 3690 532 3738 rans,
564 3690 833 3744 nusquam
873 3674 1023 3731 Sara:
1069 3676 1400 3732 mentionem
1450 3677 1599 3743 fecit,
1628 3677 1773 3747 quod
1816 3677 1862 3732 si
1904 3687 1960 3733 et

384 3764 558 3820 sorori
614 3782 727 3821 suae
782 3766 1055 3821 Abraham
1111 3768 1314 3837 nupsit,
1362 3777 1489 3823 ante
1551 3777 1733 3822 tamen
1794 3784 1957 3839 quam

381 3864 739 3927 cognosceret
784 3855 975 3913 Deum.
1018 3857 1218 3913 Malum
1251 3866 1335 3913 est
1366 3875 1494 3930 ergo
1521 3860 1800 3915 sororibus
1827 3876 1959 3915 con-

379 3946 516 4017 jugii
555 3947 814 4003 societate
852 3948 1091 4017 misceri,
1120 3950 1266 4005 unde
1292 3959 1348 4005 et
1374 3949 1506 4005 illud
1537 3951 1621 4005 lex
1650 3951 1954 4021 prohibuit.

374 4037 519 4094 Cum
562 4055 692 4111 ergo
741 4040 857 4096 haec
899 4042 978 4096 sic
1020 4059 1079 4097 se
1127 4044 1384 4108 habeant,
1418 4045 1728 4100 nullatenus
1758 4064 1788 4100 a
1820 4063 1958 4117 pra:-

381 4128 526 4184 dicta
599 4132 1062 4202 contemplatione
1127 4135 1467 4190 recedamus.
1539 4134 1957 4206 Turpitudinem

380 4228 566 4275 autem
593 4223 798 4276 sororis
822 4238 889 4276 ex
920 4232 1097 4292 patre,
1127 4232 1222 4279 aut
1258 4232 1324 4279 ex
1354 4236 1545 4289 matre,
1585 4242 1771 4281 revera
1806 4227 1957 4282 illum

381 4309 631 4381 intellige
677 4311 885 4375 videre,
915 4320 969 4368 et
1002 4312 1273 4384 accipere,
1306 4315 1400 4384 qui
1433 4323 1647 4387 turpem
1687 4318 1958 4374 actionem

2052 1852 2312 1908 dormivit
2348 1868 2471 1907 cum
2501 1860 2856 1916 menstruata,
2883 1852 3133 1922 superius
3159 1850 3467 1912 indixisset,
3496 1849 3655 1902 dixit

2051 1945 2196 2001 enim
2231 1964 2245 1998 :
2280 1943 2339 1999 Si
2394 1945 2573 1997 coierit
2630 1961 2749 1997 cum
2807 1961 2870 1997 ea
2926 1944 3008 1997 vir
3066 1953 3294 2011 tempore
3352 1941 3651 2010 sanguinis

2055 2034 2410 2097 menstrualis,
2447 2035 2746 2088 immundus
2772 2035 2869 2087 erit
2897 2044 3093 2102 septem
3117 2033 3296 2086 diebus
3325 2032 3393 2083 ".
3427 2030 3651 2085 Deinde

2053 2141 2150 2196 per
2192 2126 2326 2190 haec,
2364 2125 2747 2195 purgationum
2786 2124 3049 2179 sacriﬁcia
3082 2138 3311 2178 narrans
3338 2121 3596 2176 subdidit
3625 2138 3641 2174 :

2054 2218 2165 2273 Ista
2199 2229 2272 2272 est
2314 2218 2396 2273 lex
2423 2219 2536 2289 ejus
2567 2219 2656 2289 qui
2688 2221 2891 2289 ﬂuxum
2925 2218 3139 2272 seminis
3187 2217 3409 2286 patitur,
3456 2224 3511 2268 et
3545 2216 3641 2283 qui

2054 2310 2331 2380 polluitur,
2365 2320 2413 2363 et
2442 2324 2558 2379 qua?
2599 2310 2870 2380 sanguinis
2912 2309 3115 2377 ﬂuxum
3156 2307 3359 2375 patitur
3392 2305 3449 2357 in
3484 2321 3647 2357 men-

2054 2404 2214 2457 struis
2268 2403 2399 2465 suis,
2433 2411 2483 2456 et
2533 2401 2792 2468 iit/iurum
2844 2400 3054 2453 seminis
3100 2398 3332 2466 patiente
3377 2396 3436 2448 in
3483 2396 3646 2464 ﬂuxu

2055 2510 2149 2549 suo
2202 2493 2436 2547 masculo
2482 2501 2530 2546 et
2582 2491 2776 2561 femina
2813 2493 2879 2543 θ’.
2923 2488 2990 2543 Et
3040 2490 3191 2552 viro,
3240 2489 3285 2541 si
3345 2486 3648 2541 dormierit

2057 2604 2182 2644 cum
2207 2593 2567 2650 meustruata,
2594 2584 2674 2638 sic
2703 2581 2918 2653 purgari
2959 2591 3014 2635 et
3052 2581 3215 2643 hunc,
3245 2580 3383 2634 sicut
3411 2589 3470 2633 ct
3497 2578 3646 2632 alios

2058 2696 2166 2735 non
2198 2678 2378 2750 puniri
2422 2678 2556 2731 vult.
2601 2675 2742 2746 Ergo
2770 2673 3203 2742 contemplemur
3238 2679 3645 2725 menstruatam

2059 2771 2342 2842 gentilium
2372 2766 2714 2838 sapientiam,
2750 2764 2911 2835 longe
2937 2764 3086 2817 enim
3112 2778 3143 2817 a
3169 2762 3278 2816 Deo
3308 2769 3415 2826 est,
3448 2761 3552 2815 sed
3589 2770 3649 2816 et

2059 2856 2127 2910 de
2171 2855 2355 2909 volatu
2396 2853 2600 2916 avium,
2641 2868 2805 2907 cursu
2837 2850 3078 2906 siderum
3118 2862 3171 2905 et
3215 2849 3485 2903 mensuris
3512 2849 3645 2903 caeli

2061 2948 2249 3002 dicens
2279 2955 2443 3016 atque
2480 2946 2703 3001 docens.
2738 2943 2875 2999 Cum
2910 2944 3012 2998 hac
3052 2959 3180 3014 ergo
3221 2942 3521 3013 pessimum
3556 2953 3649 2995 est

2062 3037 2323 3103 dormire,
2359 3036 2411 3092 id
2437 3045 2521 3091 est
2552 3036 2809 3091 delectari
2845 3036 2901 3089 in
2930 3052 3014 3099 ea,
3043 3045 3098 3088 et
3128 3034 3219 3088 diu
3259 3033 3427 3096 coire,
3455 3031 3555 3085 sed
3588 3042 3648 3086 et

2063 3130 2325 3194 revelare,
2349 3139 2404 3182 et
2433 3128 2607 3198 palam
2638 3126 2907 3198 proferre,
2942 3125 3332 3196 turpitudinem
3361 3124 3501 3192 ejus,
3528 3132 3646 3177 tra-

2060 3219 2240 3276 dendo
2273 3235 2397 3287 eas,
2441 3234 2561 3288 qua:
2590 3217 2735 3288 apud
2772 3233 2892 3273 eam
2927 3225 3087 3281 sunt,
3120 3219 3310 3269 teletas
3334 3223 3391 3268 et
3420 3228 3645 3268 errores

2059 3327 2196 3382 quos
2225 3311 2409 3379 habet,
2442 3320 2497 3366 et
2532 3305 2736 3365 fon'tem
2783 3310 2950 3365 totius
2986 3308 3189 3364 erroris
3222 3298 3594 3377 exponentem
3627 3323 3642 3355 τ

2059 3404 2186 3474 quia
2211 3404 2298 3458 his
2325 3384 2636 3473 publicatis,
2665 3402 2869 3457 revelat
2896 3411 2952 3457 et
2982 3402 3096 3470 ipsa
3122 3400 3326 3455 fluxum
3357 3399 3644 3468 sanguinis

2060 3491 2166 3557 sui,
2191 3492 2244 3545 id
2272 3500 2357 3546 est
2385 3506 2449 3545 ea
2476 3506 2596 3560 qua:
2633 3499 2762 3545 sunt
2792 3490 2860 3545 de
2886 3489 3168 3544 sacriﬁciis
3207 3489 3475 3543 idolorum
3503 3489 3644 3541 sub-

2061 3583 2415 3638 introducens
2448 3602 2459 3637 :
2492 3586 2717 3652 propter
2764 3582 2908 3651 quod
2961 3596 3071 3634 non
3117 3580 3437 3651 simpliciter
3475 3578 3639 3643 dixit,

2059 3673 2455 3742 interﬁcientur,
2487 3675 2584 3728 sed
2615 3673 2823 3729 addidit
2853 3691 2865 3726 :

2132 3767 2207 3819 De
2237 3767 2405 3821 medio
2428 3766 2607 3836 populi
2626 3767 2728 3820 sui.
2755 3764 2875 3827 Vel,
2918 3764 3221 3819 secundum
3248 3763 3414 3830 LXX,
3447 3780 3511 3818 ea:
3542 3782 3639 3835 ge-

2061 3876 2180 3915 nere
2205 3877 2318 3915 suo.
2354 3859 2490 3926 Quia
2513 3861 2603 3930 qui
2636 3860 2962 3929 sapientiam
2991 3858 3154 3912 tradit
3183 3842 3639 3929 gentiliumpqua‘.

2060 3954 2443 4022 praavaricatur
2475 3967 2721 4005 errorem
2766 3957 3038 4011 nostrum,
3085 3958 3142 4003 et
3170 3949 3459 4003 scientiam
3489 3950 3634 4018 ejus,

2058 4051 2115 4096 et
2156 4042 2432 4111 pietatem,
2492 4056 2602 4095 non
2642 4050 2724 4095 est
2772 4042 2983 4109 justum
3033 4040 3144 4109 jam
3200 4048 3261 4093 ut
3324 4040 3638 4094 nominetur

2060 4135 2223 4188 homo
2256 4152 2268 4187 :
2304 4133 2397 4188 scd
2427 4142 2481 4187 et
2507 4133 2743 4201 imagine
2779 4131 2876 4185 Dei
2907 4130 3288 4199 semetipsum,
3334 4130 3638 4200 ignorando

2058 4227 2398 4290 Creatorem,
2433 4225 2706 4295 privavit;
2739 4234 2795 4278 et
2823 4223 2947 4278 ideo
2992 4222 3323 4276 interﬁcitur
3358 4222 3425 4276 de
3456 4222 3637 4275 medio

2060 4316 2285 4387 populo,
2339 4314 2455 4370 sive
2484 4315 2551 4369 de
2577 4330 2777 4386 genere
2821 4329 2940 4377 suo,
2977 4323 3036 4367 ut
3082 4328 3193 4365 non
3220 4313 3332 4382 jam
3370 4312 3634 4381 sapientia

381 4417 412 4456 a
442 4411 596 4473 patre
640 4411 735 4458 aut
778 4411 969 4470 matre,
1002 4403 1053 4459 id
1084 4411 1190 4471 est,
1233 4404 1287 4459 in
1327 4422 1434 4476 qua
1466 4414 1618 4477 pater
1657 4418 1750 4463 aut
1782 4420 1958 4465 mater
1990 4403 2032 4457 D
2063 4404 2395 4467 nominetur,
2443 4403 2538 4457 sed
2581 4412 2765 4457 careat
2810 4405 2956 4474 quod
3006 4402 3201 4457 habuit
3229 4402 3368 4458 falso
3414 4403 3634 4458 nomine

380 4493 628 4563 deliquit,
660 4510 770 4549 non
805 4494 980 4550 solum
1014 4495 1180 4561 videt,
1213 4496 1309 4552 sed
1340 4505 1395 4551 et
1422 4498 1639 4568 accipit,
1673 4514 1771 4568 per
1800 4498 1954 4553 simi-

380 4582 487 4637 lem
519 4594 574 4639 et
614 4601 796 4655 parem
822 4589 1093 4643 actionem
1125 4604 1139 4643 :
1171 4596 1227 4643 et
1259 4589 1501 4645 nefarius
1538 4597 1625 4644 est
1674 4590 1763 4644 hic
1792 4605 1806 4642 :
1846 4605 1952 4644 non

382 4672 558 4727 solum
589 4683 955 4743 perscrutans,
978 4693 1100 4748 quae
1129 4694 1238 4734 non
1266 4680 1528 4750 oportuit,
1562 4680 1656 4736 sed
1683 4690 1737 4736 et
1765 4698 1957 4752 super-

382 4762 678 4828 aediﬁcans,
711 4774 766 4819 et
815 4767 1156 4841 conjungens
1199 4785 1259 4826 se
1299 4778 1624 4841 perpetratae
1653 4787 1684 4824 a
1715 4771 1956 4841 parenti-

382 4856 486 4911 bus
517 4853 792 4924 pravitati.
825 4854 957 4922 Quae
986 4874 1141 4914 soror
1169 4862 1308 4930 ejus,
1338 4861 1494 4930 quasi
1537 4861 1689 4931 pravi
1722 4863 1959 4931 pravitas

381 4948 709 5020 appellatur.
753 4948 861 5004 Sed
895 4961 948 5005 et
983 4963 1038 5008 ut
1068 4953 1162 5023 qui
1189 4951 1493 5008 diffamavit
1523 4969 1664 5017 eam,
1697 4963 1752 5008 et
1789 4956 1961 5010 disse-

379 5039 636 5106 minavit,
666 5040 890 5096 latentia
915 5043 1062 5098 enim
1093 5043 1388 5114 plurimum
1421 5052 1706 5111 parentum
1739 5056 1959 5114 peccata

381 5131 671 5188 dit'famant
702 5132 820 5198 ﬁlii,
850 5137 1069 5204 quando
1123 5143 1292 5207 agunt
1339 5136 1557 5191 similia.
1607 5137 1764 5194 Unde
1814 5138 1963 5192 hunc

382 5225 476 5293 qui
526 5225 653 5281 talis
701 5236 805 5290 est.
857 5226 1097 5297 disperdi
1149 5225 1205 5279 in
1258 5235 1553 5297 couSpcctu
1602 5229 1808 5298 pOptlli,
1851 5229 1956 5292 vel,

383 5316 527 5371 sicut
555 5315 718 5383 LXX,
749 5319 805 5372 in
842 5327 1119 5387 conspectu
1157 5316 1390 5385 ﬁliorum
1427 5320 1629 5390 generis
1661 5321 1765 5385 sui,
1795 5320 1847 5374 id
1875 5330 1958 5375 est

384 5406 696 5464 videntibus
728 5410 930 5464 similia
966 5407 1350 5481 cogitantibus,
1382 5411 1639 5480 pra-cepit
1672 5429 1684 5465 :
1724 5410 1777 5465 hi
1809 5412 1954 5466 enim

385 5497 480 5554 lilii
509 5501 725 5569 generis
756 5502 874 5572 ejus
904 5511 1048 5557 recte
1077 5501 1350 5557 dicuntur.
1382 5503 1494 5559 Cur
1521 5512 1703 5559 autem
1735 5504 1788 5558 in
1828 5521 1958 5559 con--

451 5701 498 5734 "
521 5701 658 5759 Gen.
689 5719 779 5771 xx,
818 5705 903 5760 1‘2.
983 5706 1026 5740 "
1050 5707 1221 5767 chit.
1257 5726 1350 5779 xv,
1380 5710 1469 5765 24.
1545 5709 1589 5743 ’⁸
1621 5705 1753 5763 ibid.
1785 5706 1875 5773 52,
1900 5706 1990 5763 55.

2060 4506 2224 4566 atque
2271 4495 2421 4561 ﬁcto,
2461 4506 2597 4551 teste
2650 4495 2839 4560 Paulo,
2881 4497 2974 4567 qui
3009 4496 3122 4561 ait;
3166 4495 3438 4565 Sapientia
3479 4499 3635 4567 hujus

2063 4576 2263 4651 mundi,
2290 4587 2515 4642 stultitia
2551 4599 2625 4642 est
2655 4589 2800 4658 apud
2841 4587 3006 4643 Deum
3041 4589 3111 4641 ⁸⁸.

2130 4676 2292 4732 Vens.
2335 4679 2421 4733 19.
2479 4697 2498 4729 ι
2543 4676 2957 4748 Turpitudinem
3008 4688 3317 4735 matertera:
3362 4688 3419 4735 et
3452 4681 3631 4737 amita:

2066 4778 2173 4825 tua:
2211 4785 2322 4824 non
2376 4769 2783 4839 diseooperies:
2837 4770 2932 4840 qui
2981 4771 3088 4825 hoc
3136 4771 3349 4834 fecerit,
3400 4772 3626 4841 ignomi-

2066 4863 2211 4916 niam
2243 4862 2425 4916 carnis
2459 4875 2571 4916 suae
2600 4862 2859 4929 nudavit;
2892 4862 3190 4933 portabunt
3232 4863 3395 4921 ambo
3428 4862 3629 4933 iniqui-

2064 4961 2232 5009 tatem
2259 4968 2433 5008 suam.
2467 4972 2486 5004 ι

2130 5045 2243 5101 Nec
2291 5047 2569 5103 sororibus
2626 5048 2888 5119 praecepit
2933 5064 3123 5103 eorum
3166 5049 3391 5118 quinos
3428 5064 3633 5118 genue-

2065 5146 2212 5201 runt,
2268 5140 2634 5199 commisceri,
2684 5148 2793 5192 tam
2842 5147 3065 5209 propter
3111 5141 3530 5210 generationes,
3576 5149 3631 5193 ut

2064 5243 2172 5282 non
2205 5230 2632 5295 confundantur,
2670 5246 2838 5300 quam
2867 5239 2928 5286 ut
2949 5240 3349 5303 competentem
3381 5247 3631 5286 reveren-

2061 5324 2191 5376 tiam
2219 5323 2535 5393 parentibus
2561 5339 2969 5389 conservemus,
3008 5335 3230 5396 propter
3267 5340 3363 5379 eos
3390 5333 3445 5378 et
3473 5340 3505 5378 a
3535 5339 3621 5378 so-

2061 5414 2278 5468 roribus
2339 5428 2528 5468 eorum
2590 5415 2978 5470 abstinentes:
3050 5415 3195 5485 quod
3253 5414 3507 5469 similiter
3571 5424 3625 5469 et

2060 5505 2360 5560 secundum
2410 5504 2661 5574 spiritum
2705 5506 2993 5577 intelligas,
3048 5513 3106 5560 ut
3153 5520 3263 5561 non
3314 5504 3489 5560 solum
3541 5517 3630 5559 ve-

2069 5706 2115 5737 "
2147 5705 2166 5761 Ι
2193 5705 2319 5787 (ἔρι’.
2360 5721 2438 5771 nl,
2481 5705 2562 5761 19.
