3988 6222
296 253 433 319 1049

1421 257 1505 317 IN
1550 256 1998 318 LEVlTlCUM.
2025 279 2090 291 -
2131 256 2279 317 Lm.
2308 226 2439 321 vr,

3394 255 3545 327 .1be

291 367 475 423 lentur
499 375 789 436 parentum
810 376 1036 439 peccata
1065 369 1307 436 silentio,
1335 379 1394 426 et
1420 372 1706 431 tradantur
1725 373 1868 427 obli-
1897 373 1943 428 A
1973 369 2109 425 mori
2165 373 2442 442 pra-cepit,
2482 372 2601 428 sine
2635 372 2761 427 ﬁliis
2790 382 2972 428 autem
3027 373 3147 427 illos
3195 373 3329 428 mari
3387 375 3544 439 dicit,

290 458 460 523 vioni,
488 458 586 515 sed
627 468 928 524 eteorum,
965 462 1062 532 qui
1097 462 1179 518 eis
1207 463 1399 518 sociati
1432 473 1581 531 sunt,
1630 465 1776 519 unde
1810 473 1867 518 et

287 562 479 603 eorum
510 548 706 605 fratres
730 565 854 606 esse
882 550 1163 607 dicuntur.
1195 551 1473 609 Sileamus
1511 565 1697 610 autem
1738 556 1866 610 illo-

287 653 411 694 rum
440 648 684 708 peccata,
711 642 838 711 quia
867 641 1091 699 nudatis
1114 642 1243 708 illis,
1287 645 1461 701 latere
1484 660 1588 701 nec
1610 656 1866 717 parentes

286 740 540 799 possunt,
568 732 716 788 unde
742 733 857 789 ait:

356 823 714 893 Ignominiam
762 828 939 883 carnis
986 844 1097 882 sua:
1128 829 1368 883 nudavit.
1414 828 1517 897 Qui
1544 841 1727 886 autem
1763 835 1866 888 hoc

287 917 520 983 faciunt,
551 919 638 974 cui
669 936 846 989 pana:
884 922 1319 978 submittuntur?
1348 925 1654 982 Portabunt
1675 930 1861 991 ambo.

256 1007 499 1078 -inquit,
556 1009 897 1079 iniquitatem
955 1028 1132 1069 suam.
1190 1013 1336 1069 LXX
1390 1025 1575 1072 autem
1631 1020 1858 1081 addunt,

286 1097 400 1151 sine
449 1097 575 1166 filiis
629 1101 937 1156 morientur.
993 1101 1132 1169 Quia
1193 1105 1288 1175 qui
1342 1121 1455 1160 non
1499 1107 1733 1163 invicem
1762 1124 1863 1164 sua

285 1189 533 1258 pondera
574 1200 811 1260 portant,
850 1194 945 1249 sed
986 1196 1270 1251 diffamant
1308 1207 1473 1268 atque
1503 1199 1865 1258 disseminant

284 1285 663 1345 cognatorum,
710 1290 819 1335 tam
854 1285 1156 1340 secundum
1196 1301 1418 1341 carnem
1468 1304 1631 1357 quam
1665 1305 1864 1343 secun-

284 1367 418 1425 dum
477 1371 730 1439 spiritum
762 1384 1010 1443 peccata.
1041 1377 1161 1432 sine
1194 1380 1488 1436 virtutibus
1536 1384 1857 1448 morientur,

283 1474 408 1529 qua:
455 1472 539 1516 est
588 1464 822 1532 pessima
876 1469 1159 1522 sterilitas.
1200 1469 1321 1524 Filii
1346 1473 1551 1527 etenim
1593 1490 1695 1530 nos
1725 1485 1865 1529 tem-

281 1567 419 1619 pore
449 1553 640 1621 judicii
685 1572 796 1611 non
860 1558 1091 1628 juvant,
1140 1562 1373 1618 virtutes
1420 1576 1603 1618 autem
1642 1567 1856 1634 juvant,

281 1657 517 1710 quarum
555 1661 718 1701 causa
752 1648 1008 1704 videlicet
1046 1668 1394 1717 coronamur,
1439 1671 1669 1725 quarum
1698 1658 1857 1712 steri-

281 1732 437 1789 litate
481 1737 718 1793 animam
776 1750 1044 1809 aegrotare
1098 1745 1465 1801 miserrimum
1523 1759 1626 1802 est.
1664 1748 1859 1803 Ornari

280 1837 466 1881 autem
503 1831 810 1899 huiusmodi
859 1834 1091 1890 liliorum
1135 1840 1509 1907 generatione,
1537 1841 1863 1896 beatitudini

278 1927 387 1972 est.
411 1921 482 1975 Et
522 1923 623 1978 hoc
656 1934 746 1978 est
779 1941 903 1980 cum
940 1928 1080 1982 Isaia
1115 1927 1322 1985 dicere.
1356 1933 1402 1984 Α
1429 1933 1567 2002 {acie
1601 1942 1715 1997 tua,
1753 1933 1861 1987 Do-

276 2011 439 2075 mine,
502 2016 848 2082 concepimus,
891 2027 939 2071 et
978 2022 1132 2089 quasi
1158 2024 1540 2089 parturivimus
1571 2034 1619 2078 et
1651 2028 1860 2095 peperi-

275 2116 394 2155 mus
417 2103 662 2169 spiritum
697 2104 904 2163 salutis.
953 2108 1226 2176 justitiam
1266 2127 1371 2165 non
1402 2113 1620 2182 fecimus
1667 2116 1723 2168 in
1752 2125 1860 2170 ter-

273 2206 338 2242 ra
355 2190 421 2243 ³³⁵.
458 2189 522 2243 Et
557 2192 673 2246 haec
699 2193 973 2266 intelligis,
1003 2207 1060 2251 et
1092 2214 1215 2267 quae
1244 2202 1699 2271 subsequuntur:

351 2281 510 2336 Vens.
539 2282 631 2345 20.
657 2284 748 2337 21.
785 2302 803 2335 ι
842 2284 945 2352 Qui
977 2288 1168 2343 coierit
1195 2304 1319 2344 cum
1345 2309 1514 2348 uxore
1536 2296 1738 2364 patrui,
1770 2299 1857 2354 vel

270 2375 530 2430 avunculi
569 2378 677 2441 sui,
704 2386 758 2432 et
784 2382 1111 2438 rcvelaverit
1135 2384 1488 2456 ignominiam
1517 2378 1860 2460 cognationis

271 2480 423 2532 suae,
476 2469 776 2537 portabunt
834 2473 999 2528 ambo
1053 2486 1336 2544 peccatum
1391 2496 1590 2546 suum,
1647 2484 1855 2554 absque

268 2554 460 2612 liberis
507 2559 827 2631 morientur.
877 2561 979 2628 Qui
1011 2564 1231 2623 duxerit
1265 2585 1489 2624 uxorem
1521 2572 1713 2628 fratris
1744 2576 1851 2639 sui,

269 2660 391 2701 rem
422 2647 548 2704 iecit
572 2650 837 2720 illicitum,
874 2656 1270 2725 turpitudinem
1319 2660 1500 2716 fratris
1528 2664 1612 2718 sui
1642 2667 1854 2720 revela-

241 2739 369 2802 ‘vit,
393 2733 599 2811 absque
632 2743 755 2799 ﬁliis
784 2756 968 2802 erunt.
1014 2768 1048 2799 ι,
1537 2762 1556 2782 ι
1772 2768 1777 2772 ·

343 2830 599 2889 Ostendit
653 2852 784 2908 ergo
838 2839 1115 2910 legislator
1159 2845 1285 2913 quia
1344 2847 1581 2904 maxime
1610 2848 1848 2905 ﬁliorum

266 2938 438 2980 causa
497 2941 530 2980 a
617 2927 880 2986 Creatore
958 2935 1221 2991 societate
1296 2940 1529 3010 percipit
1601 2953 1851 2999 naturam

267 3019 547 3092 conjungi,
598 3036 661 3077 ea
706 3025 906 3095 quippe
936 3043 1058 3097 quae
1097 3046 1243 3086 nunc
1272 3041 1526 3104 tanquam
1566 3037 1852 3093 abomina-

264 3110 403 3166 bilia
434 3113 840 3187 incongruaque
890 3123 1188 3190 prohibuit.
1219 3125 1314 3180 Est
1357 3128 1503 3182 enim
1537 3145 1728 3186 revera
1763 3133 1850 3187 in-

266 3218 594 3274 congruum,
636 3216 691 3262 et
739 3210 1115 3279 iumentorum
1163 3216 1288 3270 vite
1322 3220 1637 3287 proximum
1665 3227 1852 3279 uxori-

266 3293 373 3348 bus
397 3293 647 3364 fratrum,
670 3310 1047 3370 cnguatornm,
1075 3305 1379 3363 vicinorum
1412 3310 1670 3368 videlicet
1697 3330 1850 3370 com—

266 3386 521 3441 misceri:
556 3399 611 3442 et
638 3390 753 3445 haec
780 3392 839 3446 in
871 3394 974 3449 alia
1007 3405 1162 3464 parte
1205 3398 1359 3470 legis,
1391 3401 1444 3456 id
1472 3413 1575 3468 est,
1616 3405 1669 3459 in
1710 3407 1850 3463 libro

264 3475 717 3547 Deuteronomii,
776 3496 886 3536 non
942 3484 1118 3539 solum
1184 3491 1465 3560 praecepit,
1526 3495 1622 3548 sed
1681 3497 1845 3552 etiam

263 3571 552 3641 compulit,
588 3572 822 3630 dicens:
879 3577 1106 3640 Quando
1163 3581 1516 3639 habitaverint
1563 3589 1754 3647 fratres
1775 3591 1847 3644 si-

265 3661 400 3728 mul,
449 3672 499 3717 et
544 3681 675 3719 unus
715 3683 779 3720 ea:
825 3668 901 3722 eis
944 3669 1140 3740 absque
1192 3673 1369 3729 liberis
1398 3687 1634 3733 mortuus
1661 3682 1843 3752 fuerit,

264 3772 403 3810 uxor
429 3757 660 3829 defuncti
685 3773 786 3811 non
806 3759 963 3813 nubet
993 3760 1171 3829 alteri,
1200 3764 1293 3818 sed
1313 3766 1534 3833 accipiet
1580 3787 1696 3824 eam
1729 3775 1844 3843 fra-

263 3858 346 3905 ter
373 3850 507 3918 ejus,
556 3857 605 3902 et
645 3849 917 3903 suscitabit
962 3868 1136 3906 semen
1187 3856 1372 3924 fratris
1415 3860 1500 3912 sui
1517 3861 1582 3913 ⁸³.
1646 3864 1714 3917 Et
1762 3864 1844 3920 his

262 3937 488 3991 similia.
519 3936 656 3991 Cum
685 3945 870 3991 autem
913 3938 1084 3995 frater
1110 3956 1222 3996 non
1257 3942 1445 4009 fuerit,
1471 3958 1568 4003 aut
1593 3965 1840 4008 avoncu-

260 4029 401 4093 lum,
453 4037 549 4083 aut
597 4044 722 4083 eum
772 4030 1009 4099 qualiter
1057 4041 1142 4089 est
1185 4048 1251 4088 ex
1286 4037 1459 4105 patris
1486 4043 1838 4112 cognatione,

259 4121 466 4175 ducere
492 4120 774 4177 mulierem
797 4121 1043 4179 defuncti
1067 4125 1187 4181 sine
1207 4127 1331 4184 ﬁliis
1347 4134 1628 4202 praecepit,
1642 4152 1839 4206 quem-

256 4211 555 4266 admodum
600 4221 655 4266 et
700 4211 842 4267 Booz
904 4213 1050 4269 Ruth
1109 4219 1415 4275 secundum
1443 4222 1617 4294 legem
1639 4241 1839 4298 cogna-

259 4303 428 4359 tionis
475 4303 766 4374 accepit“.
811 4305 902 4361 Sic
947 4307 1192 4364 libidinis
1247 4313 1466 4381 quidem
1510 4332 1673 4374 causa
1697 4320 1838 4390 fugit

255 4403 615 4463 cognatorum
655 4396 1119 4462 commistionem,
1172 4402 1601 4475 societatemque
1644 4412 1831 4479 prohi—

254 4485 373 4541 bet.
420 4483 647 4550 Quando
690 4495 873 4542 autem
922 4504 1113 4545 rursus
1145 4501 1361 4561 oportet
1388 4495 1839 4559 tribulationibus

255 4577 546 4632 sublevare
574 4579 661 4633 vel
691 4579 928 4646 casibus,
962 4583 1224 4653 pra'cepit
1267 4593 1323 4640 et
1356 4587 1472 4642 vult
1498 4606 1511 4642 :
1537 4598 1593 4645 et
1616 4594 1840 4664 nuptias

255 4681 368 4720 non
417 4666 473 4719 in
524 4667 826 4736 pollutione
867 4670 1259 4739 corruptionis,
1304 4673 1402 4728 sed
1426 4676 1495 4729 ad
1527 4682 1840 4737 successio-

203 4844 207 4847 _
254 4772 386 4811 nem
434 4758 650 4828 generis
687 4759 1008 4815 hominibus
1033 4764 1316 4834 praaccpit,
1350 4778 1578 4838 propter
1602 4775 1747 4841 quod
1781 4785 1836 4831 et

196 4858 207 4867 “
253 4863 384 4903 eum
411 4849 505 4918 qui
532 4850 612 4906 sic
640 4852 921 4919 miscetur,
946 4852 1065 4909 sine
1093 4853 1219 4910 ﬁliis
1247 4858 1389 4913 mori
1420 4864 1722 4932 praecepit;
1764 4867 1840 4922 ait

252 4938 425 5006 enim,
452 4947 645 5012 absque
665 4944 793 5010 ﬁliis
830 4956 983 5000 erunt
1013 4963 1032 5001 :
1057 4946 1185 5017 quia
1225 4948 1465 5007 ﬁliorum
1495 4959 1837 5024 procreatio-

252 5029 344 5083 nis
376 5030 571 5101 legem,
626 5035 768 5089 male
811 5034 1035 5103 utendo,
1067 5038 1374 5096 confundit.
1408 5041 1549 5110 Quid
1592 5062 1723 5119 ergo
1753 5059 1840 5105 cst

253 5124 396 5178 mori
422 5119 543 5179 sine
566 5126 735 5181 ﬁliis?
766 5138 868 5185 ί·οο
896 5129 1040 5185 enim
1063 5131 1167 5187 hac
1188 5133 1306 5206 lege
1324 5150 1571 5205 quaerere
1600 5142 1863 5213 maxime,

250 5217 631 5276 necessarium
672 5229 777 5285 est,
826 5231 1007 5278 utrum
1045 5223 1186 5280 ﬁlios
1229 5242 1418 5283 eorum
1445 5231 1537 5300 qui
1569 5236 1834 5291 uxoribus

252 5307 484 5394 fratrum
513 5313 1016 5385 avunculorumque
1059 5329 1389 5388 nupserunt,
1424 5322 1665 5379 interimi
1692 5342 1831 5396 pra--

249 5402 487 5470 ceperit,
534 5413 591 5460 et
624 5408 896 5475 quomodo
926 5407 1034 5462 ait:
1071 5407 1190 5463 Non
1219 5414 1508 5466 morientur
1536 5426 1713 5485 patres
1736 5436 1831 5487 pro

253 5492 403 5563 ﬁliis,
433 5510 527 5549 nec
567 5495 669 5564 ﬁlii
719 5513 813 5564 pro
856 5497 1096 5566 patribus
1116 5500 1202 5554 ’7?
1253 5501 1360 5558 Sed
1392 5504 1704 5561 nullatenus
1736 5525 1831 5563 eos

327 5695 499 5753 "lsa.
523 5712 667 5765 xxvi,
698 5696 785 5753 l8.
862 5699 908 5731 ’⁸
930 5698 1089 5756 Deut.
1114 5717 1237 5768 xxv,

222 5798 269 5816 _/

1969 465 2268 519 secundum
2310 463 2454 518 LXX
2498 465 2765 520 duntaxat
2807 466 3171 536 interpretum
3219 465 3538 530 editionem,

1971 565 2029 611 ut
2068 572 2176 611 non
2228 564 2514 626 reputatur
2547 558 2627 611 eis
2676 557 2911 611 ﬁliorum
2943 556 3241 618 successio.
3277 570 3381 609 nec
3414 556 3542 611 ﬁliis

1967 663 2121 702 suam
2154 648 2461 717 relinquant
2496 648 2892 703 haereditatem.
2925 647 3041 703 Hoc
3087 656 3268 702 autem
3303 646 3539 701 ostendit

1966 736 2130 789 etiam
2181 734 2540 805 Symmachus
2583 735 2753 789 edens
2799 735 3036 803 planius,
3068 733 3163 787 sed
3204 743 3258 787 et
3290 732 3542 787 Theodo-

1966 828 2101 891 tion,
2136 826 2228 897 qui
2256 841 2355 896 pro
2378 841 2443 878 eo
2469 824 2613 895 quod
2639 824 2845 879 dictum
2879 832 2980 889 est,
3017 823 3127 876 sine
3156 822 3280 891 ﬁliis
3309 823 3541 876 morien-

1966 929 2072 982 tur,
2104 919 2305 972 —sine
2349 918 2474 986 ﬁliis
2534 927 2706 979 erunt,
2769 924 2999 985 uterque
3033 914 3346 969 ediderunt.
3380 913 3537 969 Unde

1964 1020 2021 1067 ct
2069 1012 2368 1082 spiritalem
2403 1009 2911 1078 interpretationem
2942 1019 2999 1062 et
3044 1007 3432 1062 resolutionem
3461 1007 3537 1061 si-

1966 1103 2148 1157 milem
2182 1102 2348 1156 habet
2371 1099 2763 1171 superioribus.

2037 1196 2197 1252 Vens.
2231 1194 2321 1275 22.
2361 1214 2379 1246 ι
2416 1194 2699 1247 Custodite
2738 1190 2885 1261 leges
2914 1204 3085 1250 meas,
3117 1198 3278 1258 atque
3306 1188 3533 1258 judicia,

1964 1295 2020 1340 et
2046 1284 2207 1339 facite
2232 1300 2319 1345 ea,
2351 1298 2421 1336 ne
2436 1293 2490 1336 et
2520 1297 2614 1335 vos
2660 1287 2878 1334 evomat
2911 1288 3054 1332 terra
3086 1293 3248 1348 quam
3280 1277 3537 1331 iutraturi

1964 1376 2094 1430 estis
2114 1383 2169 1429 et
2198 1373 2453 1428 habituri.
2488 1390 2507 1421 ι

2033 1467 2151 1521 Νοη
2182 1465 2341 1519 nobis
2397 1462 2596 1518 sullicit
2650 1471 2856 1531 partem
2890 1462 3180 1530 quamdam
3214 1476 3539 1516 conservare

1962 1560 2117 1631 legis,
2174 1574 2275 1612 nec
2327 1572 2496 1611 unum
2535 1555 2754 1610 aliudve
2811 1555 3123 1608 mandatum
3149 1554 3216 1608 ad
3243 1555 3538 1608 correctio-

1963 1668 2090 1706 nem
2127 1652 2250 1704 vitae
2281 1663 2561 1720 peragere,
2604 1648 2697 1701 sed
2725 1648 2908 1699 omnia
2935 1650 3204 1715 praecepta
3245 1655 3301 1699 et
3331 1640 3538 1713 judicia

1893 1714 1935 1769 ῃ
1964 1747 2239 1801 custodire
2266 1758 2489 1798 necesse
2538 1743 2821 1805 habemus,
2866 1752 3204 1808 quaecunque
3228 1753 3258 1790 a
3291 1737 3401 1790 Deo
3423 1737 3541 1805 jus-

1879 3076 1921 3131 (Ζ

1874 4432 1917 4486 D

1401 5707 1446 5738 ’⁸
1476 5704 1638 5762 Ruth.
1676 5725 1757 5775 ut,
1800 5710 1819 5763 1
1862 5725 2012 5780 seqq.

1965 1849 2058 1889 sus
2104 1833 2380 1903 legislator
2433 1828 2671 1898 scripsit.
2725 1827 2851 1881 Haec
2877 1825 3023 1879 enim
3063 1824 3196 1878 dicit
3242 1834 3537 1893 przeecpta,

1962 1928 2047 1983 vel
2094 1928 2163 1981 de
2211 1926 2410 1995 quibus
2455 1925 2572 1993 ipse
2617 1921 2875 1975 dubitans
2920 1918 3229 1986 inquirebat
3260 1918 3455 1979 Deum,
3486 1925 3542 1972 et

1963 2019 2055 2073 illo
2084 2017 2274 2072 didicit
2305 2015 2610 2089 iudicante,
2644 2012 2786 2067 sicut
2811 2012 2865 2063 in
2898 2008 3039 2062 ﬁlios
3065 2008 3382 2063 lsraeiitidis
3414 2024 3540 2062 mu-

1962 2111 2129 2175 lieris,
2180 2110 2275 2180 qui
2324 2109 2540 2163 locutus
2592 2114 2678 2160 est
2711 2103 3140 2173 blaSphemiam:
3195 2102 3342 2172 leges
3392 2102 3538 2156 enim

1961 2219 2083 2274 quae
2120 2205 2194 2257 ita
2242 2202 2467 2272 prolata:
2518 2209 2665 2261 sunt,
2708 2196 2913 2267 judicia
2966 2197 3235 2250 nominat.
3287 2195 3390 2249 Per
3422 2196 3541 2249 inec

1960 2304 2138 2350 autem
2201 2305 2369 2349 totam
2419 2295 2561 2347 hanc
2590 2293 2762 2364 legem
2812 2291 3051 2347 breviter
3099 2289 3442 2361 signiﬁcavit.
3469 2289 3541 2343 de

1960 2401 2067 2456 qua
2114 2385 2253 2439 nihil
2299 2394 2517 2454 Oportet
2562 2384 2886 2454 transgredi,
2931 2393 3131 2437 utnon
3182 2381 3452 2451 ejiciatur,
3482 2381 3539 2434 id

1959 2489 2044 2532 est
2070 2479 2384 2548 projiciatur
2403 2477 2806 2548 praevaricator.
2831 2474 2945 2529 lloc
2975 2484 3060 2529 est
3085 2474 3233 2528 enim
3258 2488 3532 2534 evomere.

1957 2567 2104 2636 quod
2151 2575 2207 2620 et
2229 2564 2614 2637 Symmachus,
2647 2562 2903 2618 similiter
2931 2570 2989 2616 et
3028 2560 3369 2615 Theodotion
3397 2559 3538 2627 abji-

1957 2673 2083 2714 cere
2116 2659 2307 2713 edidit.
2343 2658 2533 2713 Evomi
2579 2666 2786 2722 autem,
2831 2655 3010 2709 unde?
3054 2652 3130 2707 De
3165 2661 3308 2708 terra
3341 2652 3537 2707 videli-

1957 2761 2063 2814 cet,
2093 2752 2146 2805 in
2176 2768 2283 2821 qua
2312 2767 2413 2807 nos
2475 2753 2618 2805 Deus
2652 2748 2924 2803 introduci
2959 2746 3231 2818 promittit
3257 2764 3270 2799 :
3322 2759 3444 2815 quze
3470 2745 3543 2798 sit

1955 2853 2138 2900 autem
2167 2845 2303 2910 lucc,
2343 2859 2408 2897 ex
2456 2841 2914 2911 subsequentibus
2946 2840 3115 2893 disce.

2029 2938 2193 2994 Vens.
2224 2939 2313 3003 25,
2353 2937 2442 2991 24.
2484 2956 2502 2988 ‹
2540 2934 2717 2990 Nolite
2770 2935 3050 2989 ambulare
3083 2935 3136 2987 in
3161 2931 3418 3002 legitimis
3444 2943 3541 2982 na-

1959 3033 2190 3094 tionum,
2218 3045 2353 3100 quas
2383 3044 2482 3100 ego
2511 3027 2842 3097 expulsurus
2872 3042 2992 3081 sum
3023 3035 3151 3079 ante
3194 3040 3311 3079 vos.
3343 3022 3540 3077 Omnia

1959 3123 2104 3178 enim
2163 3123 2279 3178 haec
2315 3121 2565 3176 fecerunt
2592 3129 2648 3174 et
2674 3119 3021 3173 abominatus
3053 3133 3176 3171 sum
3208 3130 3325 3170 eos.
3365 3112 3537 3169 Vobis

1958 3216 2106 3287 enim
2135 3215 2347 3284 loquor,
2380 3214 2655 3284 possidete
2703 3225 2901 3267 terram
2934 3227 3143 3275 eorum,
3191 3225 3352 3280 quam
3397 3210 3541 3265 dabo

1957 3308 2113 3362 vobis
2163 3306 2217 3360 in
2253 3306 2666 3361 liazreditatem:
2721 3314 2920 3359 terram
2970 3303 3229 3357 ﬂuentem
3286 3302 3426 3356 lacte
3483 3310 3539 3355 et

1957 3400 2138 3454 melle.
2175 3399 2288 3471 Ego
2321 3397 2580 3453 Dominus
2606 3396 2750 3452 Deus
2773 3404 2978 3461 vester,
3021 3395 3111 3466 qui
3149 3393 3398 3465 separavi
3442 3409 3540 3449 vos

1955 3509 1985 3547 a
2019 3493 2231 3548 caeteris
2257 3492 2495 3562 populis.
2523 3510 2556 3543 »ι

2023 3584 2147 3641 Non
2202 3584 2379 3638 solum
2440 3581 2504 3637 ad
2533 3580 2751 3636 Judaeos
2806 3580 2926 3634 haec
2959 3578 3104 3633 dicta
3157 3586 3288 3631 sunt
3346 3576 3437 3645 qui
3470 3575 3540 3629 ab

1954 3674 2210 3729 omnibus
2244 3673 2497 3744 gentibus
2526 3680 2746 3741 propter
2774 3668 3255 3724 circumcisionem
3282 3677 3338 3720 et
3367 3665 3533 3736 Moysi

1953 3765 2127 3836 legem
2159 3772 2442 3833 separatos
2480 3777 2539 3816 se
2567 3777 2690 3817 esse
2742 3760 2997 3826 credunt,
3037 3757 3129 3811 sed
3161 3764 3216 3810 et
3249 3756 3315 3809 ad
3344 3771 3535 3809 omnes

1951 3859 2043 3928 qui
2083 3858 2353 3913 accedunt
2387 3855 2594 3911 servire
2622 3854 2731 3908 Deo
2759 3871 2773 3906 :
2801 3852 2901 3906 hos
2936 3850 3084 3903 enim
3113 3848 3392 3902 ambulare
3420 3862 3536 3901 ma-

1949 3950 2094 4005 xime
2124 3950 2176 4003 in
2211 3947 2454 4019 gentium
2482 3945 2722 4016 legitima
2753 3959 2861 3998 non
2887 3943 3011 3997 licet
3044 3959 3058 3995 :
3087 3941 3331 4012 gentium
3354 3948 3534 3992 autem

1947 4045 2068 4099 sine
2100 4042 2406 4101 nationum,
2433 4037 2707 4109 quarum?
2736 4035 2882 4102 Quas
2901 4022 3005 4105 ego
3036 4032 3365 4104 expulsurus
3392 4045 3534 4093 sum,

1947 4134 2046 4201 ait,
2092 4140 2219 4188 ante
2256 4146 2393 4186 vos:
2424 4127 2569 4200 quod
2598 4126 2781 4183 caeleri
2823 4126 3184 4194 interpretum
3215 4122 3533 4184 ediderunt,

1946 4240 2077 4295 quas
2103 4222 2257 4293 ejicio
2287 4237 2378 4291 ego
2405 4237 2437 4273 a
2463 4218 2600 4291 facie
2652 4227 2846 4271 vestra.
2879 4213 3022 4268 LXX
3067 4222 3271 4276 autem,
3307 4228 3339 4265 a
3372 4210 3533 4271 vobis.

1944 4316 2001 4376 id
2028 4323 2113 4369 cst
2140 4312 2424 4369 daemonia.
2462 4309 2587 4365 llmc
2615 4309 2763 4364 enim
2796 4323 2827 4362 a
2870 4305 3010 4361 facie
3035 4304 3275 4359 ﬁdelium
3329 4301 3539 4373 expulit

1943 4405 2277 4464 dominantia
2329 4404 2432 4470 eis,
2482 4402 2636 4473 prius
2666 4416 2792 4456 cum
2838 4401 2892 4454 in
2932 4399 3216 4468 impietate
3262 4396 3533 4465 persiste-

1942 4507 2086 4563 rent,
2136 4505 2192 4552 et
2220 4510 2322 4550 nec
2363 4509 2506 4548 unus
2546 4493 2663 4556 uni,
2716 4491 2812 4545 sed
2846 4490 3003 4544 multi
3040 4489 3135 4542 uni
3175 4486 3537 4541 dominaban-

1943 4597 2052 4644 tur.
2092 4587 2248 4655 Quod
2279 4588 2477 4659 probat
2525 4584 2690 4639 Maria
2723 4582 3062 4654 Magdalenc,
3097 4580 3166 4635 de
3191 4595 3299 4650 qua
3326 4588 3536 4648 septem

1942 4681 2104 4751 ejceit
2146 4679 2436 4744 daemonia,
2473 4687 2529 4734 et
2561 4678 2652 4748 qui
2691 4677 2909 4731 vinctus
2947 4685 3067 4731 erat
3106 4660 3372 4739 catenis:
3399 4671 3535 4728 dicit

1945 4772 2089 4827 enim
2119 4772 2168 4825 ei
2196 4790 2210 4826 :
2242 4771 2400 4840 Legio
2432 4786 2622 4824 nomen
2647 4776 2721 4822 est
2757 4768 2900 4831 mihi,
2939 4769 3064 4839 quia
3096 4767 3250 4820 multi
3278 4764 3531 4820 sumus”.

1945 4866 2071 4921 Haec
2117 4880 2247 4933 ergo
2309 4879 2432 4934 quae
2481 4863 2569 4917 lex
2613 4861 2915 4933 prohibuit,
2964 4861 3033 4915 ab
3084 4860 3205 4913 aliis
3244 4859 3535 4914 cummissa

1943 4963 2090 5018 sunt,
2136 4965 2231 5008 aut
2271 4953 2373 5023 ipsi
2404 4969 2502 5024 per
2536 4970 2595 5008 se
2633 4954 2944 5025 agentibus,
2981 4960 3075 5006 aut
3122 4952 3177 5005 in
3213 4948 3534 5003 hominibus

1942 5047 2338 5117 operantibus:
2403 5053 2627 5115 propter
2677 5061 2816 5115 quos
2870 5061 2966 5100 eos
3015 5044 3160 5098 Deus
3190 5040 3536 5095 abominatus

1939 5149 2046 5205 est,
2101 5148 2156 5194 et
2215 5155 2319 5194 nos
2371 5139 2427 5192 in
2479 5139 2854 5194 btereditatem
2902 5138 3121 5193 illorum
3153 5133 3453 5189 introduxit
3478 5132 3532 5185 in

1943 5242 2147 5286 terram
2196 5229 2459 5285 ﬂuentem
2489 5231 2574 5285 lac
2604 5240 2661 5284 et
2692 5232 2819 5284 mel.
2852 5228 2973 5283 Non
3012 5228 3171 5290 dixit,
3213 5225 3531 5289 habentem,

1941 5334 2000 5379 ut
2030 5324 2098 5379 de
2129 5325 2233 5378 hac
2262 5322 2508 5379 sensibili
2547 5333 2690 5377 terra
2720 5322 2980 5391 accipias,
3014 5318 3159 5389 quod
3187 5318 3396 5373 dictum
3424 5325 3530 5382 est,

1938 5417 2034 5470 sed
2075 5417 2345 5485 ﬂuentem.
2399 5414 2532 5481 Quae
2565 5424 2651 5470 est
2695 5424 2877 5469 autem
2912 5423 3055 5467 terra
3084 5427 3205 5481 qua:
3232 5408 3314 5463 lac
3341 5418 3396 5464 et
3423 5415 3529 5467 mel

1939 5507 2107 5563 ﬂuat?
2164 5507 2396 5562 Delicias
2457 5507 2622 5579 igitur
2649 5506 2784 5561 dicit
2833 5505 3001 5560 futuri
3034 5507 3241 5575 szeculi,
3276 5520 3332 5567 ct
3378 5509 3520 5564 bona

2091 5709 2135 5743 ³⁷
2167 5708 2323 5765 Deut.
2356 5725 2502 5775 xxn',
2542 5708 2626 5764 l6.
2705 5708 2748 5740 ⁹⁸
2783 5706 2944 5764 Marc.
2978 5726 3030 5776 ν,
3055 5710 3107 5765 9-
