3988 6222
573 317 706 393 1051

1757 308 2122 381 HESYCHII
2142 311 2310 379 ῬΡιΕ
2319 314 2643 378 ΞΒΥΤΕΒῑ

3314 251 3368 265 ’θη

3655 311 3755 378 1052

564 454 687 515 qua
734 439 894 497 nobis
934 437 1080 494 Deus
1126 445 1253 510 post
1291 435 1749 494 resurrectionem
1796 446 2143 494 mortuorum
2176 444 2217 498 Α
2246 444 2487 492 scuntur'
2513 432 2844 500 actionibus,
2880 429 2986 488 etsi
3015 426 3255 488 ﬁdelium
3308 429 3514 503 ﬁngant
3538 429 3754 497 habitum.

565 538 765 602 donat;
830 547 953 604 quae.
1005 531 1089 587 lac
1147 539 1204 587 et
1241 530 1348 586 mel
1396 530 1710 602 appellavit,
1742 530 1870 601 quia
1901 546 1967 585 eo
2008 531 2141 585 nihil

562 634 647 683 est
675 625 898 680 suavius
926 623 982 679 in
1008 624 1095 680 his
1115 624 1314 695 quibus
1342 638 1491 678 nunc
1516 623 1720 677 utimur
1774 623 1934 689 cibis,
1966 638 2147 693 neque

561 717 801 774 dulcius.
849 715 959 773 Sed
986 724 1045 772 et
1074 716 1195 772 sine
1223 716 1411 772 labore
1459 730 1672 780 eorum,
1720 715 1876 771 cibus
1904 724 1990 771 est
2023 716 2147 769 nul-

561 809 669 864 lius
696 809 1039 880 operationis
1061 809 1148 864 vel
1176 793 1593 882 praeparationis
1622 823 1824 879 egens:
1857 807 1969 863 illic
1997 808 2149 863 enim

560 901 707 957 bona
735 900 917 956 futura
944 900 1127 957 smculi
1175 901 1294 956 sine
1329 899 1516 955 labore
1545 908 1710 955 erunt
1735 898 1917 968 aliquo
1938 899 2024 954 vel
2055 898 2149 954 do-

562 994 700 1059 lore,
738 994 943 1050 nullius
971 993 1167 1058 studii,
1208 993 1417 1047 nullius
1444 979 1763 1063 apparatus,
1791 992 1997 1047 nullius
2022 1006 2148 1063 ope-

562 1087 794 1143 rationis
827 1086 1065 1157 egentia.
1098 1087 1168 1141 Et
1204 1086 1327 1156 quis
1354 1086 1515 1141 nobis
1541 1086 1660 1141 haec
1692 1084 1808 1151 det,
1842 1093 2034 1156 aperte
2068 1099 2149 1140 se-

563 1177 786 1246 quentia
811 1177 979 1232 vcrba
1006 1176 1335 1248 legislatoris
1362 1175 1681 1231 ostendunt.

634 1268 751 1340 Ego
783 1269 1040 1324 Dominus
1082 1269 1217 1324 Deus
1251 1278 1433 1333 uester,
1468 1270 1556 1340 qui
1596 1268 1844 1338 separavi
1879 1283 1969 1321 vos
1991 1283 2023 1319 a
2049 1280 2151 1320 ea:-

568 1361 694 1414 teris
723 1361 947 1429 populis.
982 1360 1095 1414 Hoc
1133 1369 1315 1414 autem
1349 1358 1604 1414 Christus
1655 1357 1821 1415 fecit:
1853 1357 1969 1428 ipse
1999 1356 2149 1411 enim

566 1450 623 1504 in
667 1448 979 1521 Evangeliis
1017 1452 1086 1506 ab
1125 1451 1384 1506 omnibus
1431 1451 1684 1521 gentibus
1708 1466 1820 1505 non
1855 1449 2032 1504 solum
2063 1448 2150 1503 in-

568 1540 962 1612 telligibilibus,
1016 1542 1113 1596 sed
1161 1542 1538 1606 sensibilibus,
1603 1540 1892 1612 distinguit
1934 1555 2031 1596 eos
2058 1538 2150 1610 qui

567 1632 622 1687 in
656 1647 783 1686 eum
838 1634 1100 1699 credunt;
1143 1634 1220 1688 ait
1262 1634 1408 1687 enim
1436 1653 1450 1689 :
1483 1632 1563 1687 Ne
1595 1634 1850 1703 cogitetis,
1886 1633 2153 1687 dicentes:

567 1723 707 1789 Quid
728 1727 1057 1780 comedemus
1083 1726 1109 1780 ?
1156 1736 1248 1781 aut
1283 1728 1411 1797 quid
1465 1720 1741 1780 bibemus?
1791 1734 1885 1779 aut
1925 1742 2026 1795 quo
2053 1741 2153 1778 ve—

2246 537 2307 585 ut
2351 528 2625 583 immundi.
2682 525 2917 597 separati
2967 532 3212 590 sunt,et
3249 524 3392 580 inter
3433 525 3680 581 immunda
3697 529 3757 583 di-

2245 623 2432 678 stincti
2465 629 2614 685 sunt,
2647 635 2676 675 a
2706 634 2941 691 quorum
2966 633 3070 674 nos
3101 617 3422 673 omnimodo
3462 618 3607 675 malis
3631 620 3758 675 absti-

2200 708 2209 715 ’
2244 728 2377 767 nere
2408 711 2684 768 desiderat
2731 717 2959 781 propter
2982 709 3129 781 quod
3154 707 3399 764 addidit:

2316 804 2482 859 Eritis
2503 803 2673 857 sancti
2695 802 2841 866 mihi,
2875 800 2999 869 quia
3033 816 3127 871 ego
3153 809 3368 855 sanctus
3398 817 3511 854 sum
3542 799 3758 855 Dominus.

2246 895 2350 963 Qui
2400 895 2573 950 forma
2607 892 2760 950 vobis
2784 891 3223 948 conversationis
3275 890 3513 947 ell‘eetus
3555 907 3675 957 sum,
3697 908 3760 962 qut

2250 996 2462 1044 tantum
2506 993 2788 1041 aversatus
2837 999 2959 1039 sum
3015 993 3258 1046 terrena,
3300 992 3365 1037 ut
3420 997 3532 1037 nec
3558 982 3761 1038 haberem

2247 1097 2357 1152 quo
2403 1080 2731 1136 reclinarem
2769 1085 2955 1148 caput,
3008 1077 3105 1147 qui
3160 1077 3327 1132 etiam
3370 1078 3509 1131 meis
3538 1076 3762 1146 discipulis

2249 1169 2540 1226 mandavi:
2593 1168 2715 1223 Non
2756 1168 3071 1238 possideatis
3100 1183 3297 1221 aurum
3331 1181 3495 1235 neque
3524 1174 3760 1235 argenlunt,

2250 1281 2413 1334 neque
2434 1278 2504 1318 (τε
2529 1264 2585 1316 in
2606 1263 2751 1316 zonis
2776 1262 2979 1326 uestris,
3014 1278 3118 1315 non
3150 1279 3336 1332 peram
3358 1263 3418 1316 in
3442 1263 3546 1326 uia,
3575 1278 3652 1315 nec
3670 1263 3764 1315 duas

2252 1357 2474 1419 tunicas,
2504 1371 2666 1425 neque
2695 1354 3075 1418 calceamenta,
3118 1370 3287 1425 neque
3307 1355 3509 1425 virgam
3523 1354 3561 1406 ⁸.
3591 1354 3643 1408 ln
3680 1363 3765 1407 tan-

2251 1458 2364 1503 tum
2389 1462 2516 1519 ergo
2544 1463 2731 1502 eorum
2771 1462 2893 1517 quae
2924 1446 2982 1501 in
3020 1454 3168 1502 terra
3197 1454 3425 1517 repunt,
3459 1446 3589 1503 nihil
3607 1461 3686 1501 eos
3707 1461 3769 1500 sa-

2251 1556 2382 1613 pere
2409 1550 2502 1596 aut
2528 1555 2691 1612 agere
2711 1540 2914 1596 studet.

2322 1632 2487 1689 Vens.
2518 1632 2609 1687 27.
2657 1650 2677 1683 ι
2723 1631 2840 1697 Vir,
2889 1630 3006 1687 sive
3050 1631 3271 1695 mulier,
3315 1631 3372 1685 in
3406 1630 3595 1700 quibus
3618 1629 3769 1698 Pytho-

2253 1725 2429 1791 nicus,
2460 1725 2548 1780 vel
2595 1723 2947 1779 divinationis
2986 1722 3156 1778 fuerit
3203 1722 3458 1793 spiritus,
3504 1729 3661 1775 morte
3690 1735 3772 1774 mo-

565 1815 827 1869 stiemur?
870 1817 979 1871 Iure
1004 1827 1183 1877 autem
1206 1817 1384 1871 omnia
1421 1826 1595 1887 gentes
1618 1817 1974 1888 inquirunt”.
2006 1815 2148 1886 Ergo
2181 1798 2222 1868 Β
2253 1817 2481 1881 riantur,
2526 1814 2798 1886 lapidibus
2842 1814 3077 1870 obruent
3106 1828 3224 1869 eos.
3258 1811 3496 1884 Sanguis
3538 1825 3695 1866 eorum
3724 1809 3771 1863 sit

566 1914 754 1975 aperte
783 1923 886 1961 nos
934 1916 1218 1976 separatos
1262 1923 1385 1962 esse
1421 1924 1449 1962 a
1495 1908 1753 1979 gentibus
1789 1908 1927 1972 vult,
1979 1908 2152 1963 subli-

567 1999 796 2053 miorem
826 1999 1088 2055 sectando
1113 2000 1606 2055 conversationem.

641 2089 809 2146 Vens.
838 2091 929 2156 25,
962 2092 1053 2146 26.
1092 2111 1109 2145 ‹
1148 2092 1410 2162 Separatc
1444 2108 1574 2164 ergo
1607 2101 1669 2148 et
1705 2109 1802 2149 vos
1842 2094 2153 2163 iumentum

568 2182 835 2237 mundum
863 2183 931 2238 ab
972 2183 1276 2248 immundo,
1308 2199 1462 2238 avem
1516 2184 1775 2239 mundam
1813 2186 1880 2238 ah
1910 2185 2154 2239 immun-

569 2272 658 2327 da.
701 2272 781 2329 Ne
828 2274 1085 2343 polluatis
1133 2275 1344 2329 animas
1388 2283 1601 2331 vestras
1639 2276 1695 2330 in
1737 2291 1957 2345 pecore,
2010 2275 2155 2330 etin

569 2365 785 2429 avibus,
830 2373 886 2420 et
933 2365 1147 2420 cunctis
1196 2382 1317 2436 qua:
1345 2375 1637 2422 moventur
1672 2366 1727 2420 in
1753 2375 1918 2430 terra,
1949 2374 2002 2421 et
2033 2380 2155 2436 qua:

569 2457 725 2512 vobis
749 2457 961 2513 ostendi
992 2472 1114 2514 esse
1144 2459 1373 2528 polluta.
1420 2459 1585 2514 Erilis
1630 2459 1802 2514 sancti
1838 2459 1997 2523 mihi,
2029 2459 2155 2529 quia

569 2556 794 2603 sanctus
836 2563 956 2602 sum
989 2562 1090 2618 ego
1121 2547 1385 2604 Dominus
1425 2557 1481 2603 et
1514 2548 1763 2618 separavi
1795 2562 1892 2602 vos
1922 2563 1951 2600 a
1982 2563 2158 2618 popu-

570 2638 658 2701 lis,
693 2645 757 2691 ut
785 2637 982 2692 essetis
1007 2638 1138 2691 mei.
1177 2655 1197 2688 ι

640 2729 920 2793 Jumenta,
971 2729 1086 2784 sive
1134 2744 1354 2799 pecora,
1395 2729 1525 2799 quia
1563 2730 1854 2799 populares
1902 2729 2157 2785 homines

571 2820 841 2892 intelligat
864 2821 984 2885 lex;
1036 2820 1276 2875 volatilia
1319 2830 1500 2875 autem
1546 2822 2030 2890 contemplatores.
2063 2821 2157 2892 qui

572 2913 642 2969 ad
667 2914 1059 2969 sublimitatem
1088 2921 1284 2970 vacant
1329 2913 1596 2979 scientim,
1623 2921 1811 2983 aperte
1838 2929 1867 2967 a
1895 2913 2075 2978 nobis,
2104 2921 2161 2969 et

573 3020 698 3060 cum
728 3007 930 3076 quibus
965 3005 1254 3077 oportebat
1278 3005 1684 3076 Scripturarum
1718 3006 2156 3076 probationibus,

572 3105 852 3153 ostensum
876 3106 979 3162 est,
1011 3114 1136 3153 cum
1170 3098 1237 3154 de
1269 3097 1551 3153 sacrificiis
1583 3107 1638 3152 et
1681 3097 1816 3153 cibis
1859 3098 2163 3169 quadrupe-

573 3188 706 3244 dum
754 3189 1166 3260 volatiliumque
1194 3191 1522 3251 diceremus,
1559 3190 1683 3259 quia
1722 3192 1904 3244 omnis
1930 3191 2157 3261 popula-

573 3283 651 3336 ris
689 3282 929 3336 mundus
969 3294 1195 3353 prOpter
1237 3283 1645 3354 simplicitatem
1677 3301 1707 3339 a
1737 3284 2162 3355 pluribusjudi-

576 3383 753 3437 catur,
775 3374 1135 3445 similiterque
1164 3382 1220 3429 et
1251 3376 1343 3445 qui
1371 3376 1440 3430 ad
1471 3376 1752 3431 scientiam
1797 3376 2034 3431 divinam
2072 3392 2163 3431 sc-

577 3465 844 3535 rnetipsos
900 3466 1116 3522 tradere
1165 3475 1328 3537 atque
1380 3482 1646 3537 occupare
1684 3469 1961 3523 videntur.
2004 3468 2163 3535 Quod

581 3576 693 3613 non
745 3559 820 3613 ita
868 3574 927 3614 se
958 3560 1173 3615 habet:
1225 3569 1445 3632 oportet
1489 3563 1635 3617 cn’m
1672 3564 1991 3633 popularem
2037 3580 2167 3635 pru-

577 3653 797 3719 dentem
830 3669 951 3708 esse
982 3653 1034 3706 in
1069 3654 1243 3720 bono;
1276 3654 1328 3708 in
1358 3654 1500 3709 malo
1533 3663 1736 3720 autem,
1761 3655 1902 3710 sicut
1934 3655 2009 3709 ait
2036 3654 2167 3709 Pau-

580 3744 721 3810 lus‘,
780 3745 1104 3815 simplicem.
1151 3744 1246 3801 llic
1275 3746 1420 3800 enim
1454 3747 1543 3817 qui
1583 3747 1705 3802 talis
1759 3755 1874 3814 est,
1925 3748 2165 3804 mundus

580 3844 694 3902 est;
746 3836 838 3906 qui
879 3845 1061 3890 autem
1109 3836 1230 3891 talis
1270 3853 1377 3892 non
1415 3847 1519 3903 est,
1558 3837 1876 3893 immundus
1906 3846 2012 3894 est.
2058 3836 2166 3893 Sed

581 3937 637 3982 et
691 3928 782 3997 qui
828 3928 1270 3998 contemplandis
1329 3928 1528 3985 divinis
1574 3937 1754 3995 vacat,
1791 3930 2164 3985 necessarium

583 4022 749 4077 habet
772 4022 1036 4078 mundum
1087 4039 1202 4089 cor,
1252 4024 1621 4094 mundumque
1647 4023 2069 4086 conscientiam,
2114 4031 2169 4078 et

582 4113 743 4167 fidem
774 4128 884 4166 non
931 4112 1136 4166 ﬁctam.
1185 4111 1287 4178 Qui
1329 4122 1511 4168 autem
1553 4113 1673 4168 haec
1713 4128 1822 4167 non
1852 4113 2078 4175 habent,
2112 4111 2167 4166 in

581 4202 892 4272 vaniloquia
941 4210 1360 4267 convertuntur,
1402 4218 1505 4255 non
1534 4201 1885 4270 intelligentes
1920 4218 2084 4272 neque
2106 4201 2170 4255 de

583 4294 770 4364 quibus
834 4293 1138 4364 loquuntur,
1190 4310 1355 4364 neque
1380 4294 1444 4347 de
1478 4293 1665 4364 quibus
1712 4294 1999 4364 afﬁrmant,
2029 4293 2169 4349 sicut

584 4382 650 4438 ad
680 4380 1028 4437 Timotheum
1071 4382 1334 4453 scriptum
1368 4387 1512 4439 est'.
1567 4383 1885 4440 Necessario
1937 4400 2068 4456 ergo
2115 4392 2171 4439 et

2255 1923 2420 1977 super
2446 1908 2584 1962 illos.
2626 1925 2647 1960 ι
2961 1972 2969 1981 ,

2326 2000 2441 2054 Hoc
2475 2000 2650 2071 ipsum
2679 1996 3040 2070 Pythonicum
3070 2004 3223 2061 esse,
3253 1994 3345 2051 vel
3394 1994 3645 2056 divinum,
3672 1991 3770 2046 sive.

2254 2101 2316 2147 ut
2341 2089 2505 2157 LXX,
2556 2092 2963 2153 incantatorem,
3010 2086 3192 2143 nimiae
3246 2085 3552 2157 iniquitatis
3584 2080 3774 2148 estzqui

2256 2184 2401 2239 enim
2438 2183 2561 2238 talis
2585 2192 2691 2249 est,
2723 2190 2780 2237 et
2810 2182 2927 2253 ipse
2959 2187 3256 2257 corruptus
3304 2186 3414 2243 est,
3445 2177 3647 2234 et'alios
3680 2186 3773 2243 pro-

2256 2275 2342 2329 cui
2365 2274 2532 2329 dubio
2576 2274 2631 2328 in
2678 2289 2776 2329 sua
2815 2272 3103 2343 iniquitate
3132 2269 3456 2341 corrumpit.
3503 2267 3644 2323 Unde
3674 2278 3773 2334 prm-

2256 2365 2698 2434 cepitJapidibus
2739 2379 2865 2419 eum
2892 2363 3073 2428 obrui,
3105 2362 3234 2433 quia
3266 2377 3377 2417 nec
3418 2359 3656 2417 sensibile
3681 2352 3775 2425 quid

2257 2460 2490 2531 agimus,
2537 2459 2631 2514 sed
2667 2457 2883 2513 fabulas
2913 2458 2981 2513 de
3013 2457 3202 2521 corde,
3248 2455 3421 2511 veluti
3453 2450 3718 2523 superﬂuos
3738 2456 3776 2500 et

2256 2566 2426 2605 vanos
2478 2565 2780 2613 sermones,
2835 2549 2922 2605 vel
2977 2548 3226 2620 quredam
3292 2546 3453 2619 quasi
3508 2540 3775 2600 incantanlia

2258 2644 2652 2709 blandimenta,
2702 2641 3023 2714 incongruis
3069 2641 3446 2697 doctrinarum
3496 2633 3784 2693 sermonibus

2259 2735 2565 2798 studemus,
2612 2742 2673 2788 ut
2702 2733 3070 2804 popularium,
3102 2732 3217 2787 sive
3248 2730 3575 2802 simplicium
3605 2724 3777 2782 seduct-

2260 2843 2382 2881 mus
2405 2827 2644 2891 auditus,
2693 2827 2761 2883 ad
2795 2827 3119 2882 nutriendbs
3152 2836 3379 2881 ventres
3418 2832 3640 2885 nostros,
3661 2827 3780 2886 atque

2261 2919 2481 2988 explere
2511 2928 2729 2974 nostras
2774 2919 3083 2990 voluptates
3116 2919 3251 2975 alias
3282 2920 3482 2975 talibus
3523 2914 3780 2988 exquisitio-

2261 3011 2424 3066 nibus
2452 3011 2756 3081 cupientes.
2792 3011 2993 3083 Aperte
3040 3011 3189 3066 enim
3223 3010 3585 3084 intelligibiles
3630 3005 3782 3076 Pytho—

2262 3102 2418 3157 nieos
2471 3111 2527 3157 et
2584 3118 2784 3173 pravos
2840 3102 3209 3159 incautatores
3265 3102 3531 3159 Romanis
3589 3097 3780 3157 scribens

2261 3193 2462 3248 Paulus
2519 3209 2614 3247 vas
2664 3194 2948 3249 electionis
2987 3195 3300 3264 expressit:
3359 3194 3609 3265 Rogamus
3647 3197 3781 3242 autem

2262 3299 2370 3350 vos,
2408 3284 2620 3354 fratres,
2657 3293 2713 3336 ut
2745 3284 3025 3338 observetis
3054 3300 3141 3338 eos
3182 3285 3272 3355 qui
3320 3283 3647 3338 dissensiones
3684 3277 3783 3330 inter

2266 3393 2351 3430 vos
2381 3387 2430 3431 et
2467 3376 2776 3447 offendicula
2817 3385 3010 3445 praeter
3055 3377 3354 3431 doctrinam
3394 3393 3549 3448 quam
3579 3389 3655 3427 vos
3679 3366 3782 3423 didi-

2265 3469 2426 3530 cistis,
2475 3468 2697 3539 faciunt,
2730 3478 2778 3522 et
2807 3469 3066 3523 declinata
3092 3468 3157 3523 ab
3180 3470 3255 3523 eis
3276 3468 3319 3524 *.
3359 3467 3462 3536 Qui
3503 3475 3664 3523 autem
3707 3459 3785 3515 sint

2265 3560 2344 3624 hi,
2379 3560 2433 3614 in
2472 3560 2936 3629 subsequentibus
2964 3560 3300 3630 explanavit:
3334 3561 3406 3615 Hi
3454 3560 3583 3615 enim
3615 3551 3786 3611 Domino

2266 3660 2443 3708 nostro
2481 3651 2682 3708 Christo
2723 3669 2826 3705 non
2875 3653 3124 3716 serviunt,
3153 3655 3243 3707 sed
3284 3669 3383 3708 suo
3431 3652 3606 3715 uentri,
3643 3655 3687 3699 et
3722 3655 3786 3711 ρετ

2266 3744 2443 3799 dulces
2495 3761 2777 3811 sermones,
2829 3752 2878 3798 et
2926 3746 3347 3812 benedictiones,
3395 3748 3632 3803 seducunt
3670 3736 3785 3793 corda

2265 3837 2618 3891 innocentium
2641 3836 2683 3890 ⁸.
2720 3835 2861 3908 Ergo
2888 3836 3029 3892 bene
3059 3837 3140 3891 eis
3164 3838 3445 3910 legislator
3471 3837 3595 3893 dixit
3620 3852 3633 3888 :

2336 3925 2566 3995 Sanguis
2600 3942 2781 3981 eorum
2817 3927 2885 3980 sit
2904 3944 3063 3996 super
3091 3944 3194 3983 eos.
3240 3927 3382 3994 Quia
3408 3929 3462 3985 vi
3495 3924 3787 3992 corrumpunt

2268 4019 2553 4089 populum.

2863 4109 3093 4166 CAPUT
3123 4111 3266 4166 XXI.

2341 4200 2505 4257 Vsus.
2536 4202 2654 4258 {-4.
2714 4223 2732 4254 ‹
2765 4202 3021 4273 Dixitque
3055 4202 3319 4259 Dominus
3349 4205 3418 4259 ad
3453 4202 3683 4273 Moysen:
3711 4192 3786 4247 Lo-

2270 4310 2438 4365 quere
2467 4294 2536 4350 ad
2572 4294 2906 4358 sacerdotes,
2945 4295 3087 4350 filios
3120 4295 3321 4361 Aaron,
3371 4306 3427 4351 et
3456 4294 3596 4349 dices
3626 4287 3785 4343 ad‘eos.

2270 4386 2349 4440 Ne
2379 4387 2786 4441 contaminetur
2808 4387 3066 4442 sacerdos
3111 4385 3168 4440 in
3199 4387 3468 4442 mortibus
3494 4384 3670 4441 civium
3698 4387 3787 4431 suo-

584 4477 783 4531 horum
808 4476 1134 4546 illorumque
1164 4476 1399 4531 mundos
1440 4476 1681 4546 separari
1719 4477 1981 4546 praecepit
2007 4483 2171 4546 atque
2206 4492 2248 4547 ο
2277 4491 2418 4541 rum,
2449 4475 2554 4529 nisi
2584 4484 2793 4530 tantum
2826 4475 2879 4531 in
2903 4477 3331 4549 consanguineis
3365 4468 3463 4533 aut
3492 4466 3784 4547 propinquis;

586 4567 917 4633 immundos,
952 4577 1012 4622 ut
1037 4568 1106 4622 ab
1143 4568 1229 4623 his
1257 4568 1648 4635 abstineamus,
1684 4569 1790 4624 illis
1820 4570 2173 4626 commiscea-

587 4676 729 4714 mur.
785 4661 893 4715 Sed
940 4660 1169 4715 multam
1221 4660 1547 4730 sapientiam
1590 4676 1744 4715 suam
1801 4661 1963 4716 etiam
2021 4678 2173 4719 nunc

587 4748 861 4818 legislator
906 4748 1181 4813 ostendit,
1233 4749 1300 4803 de
1345 4749 1793 4819 quadrupedibus
1846 4749 2067 4821 quidem
2116 4758 2175 4806 et

588 4840 901 4896 volatilibus
956 4842 1031 4895 ita
1103 4840 1467 4913 distinguens,
1525 4841 1580 4895 in
1638 4842 1929 4912 'reptilibus
1982 4852 2167 4898 autem

588 4943 746 4988 terra:
775 4949 885 4988 non
915 4933 1007 4998 ita,
1044 4942 1240 4988 cuncta
1267 4933 1412 4988 enim
1432 4948 1552 5004 qua:
1583 4943 1876 4989 moventur
1905 4934 1961 4988 in
2003 4943 2168 4998 terra,

584 5029 868 5085 immunda
924 5038 1095 5084 sunt:
1129 5026 1231 5095 Qui
1265 5037 1480 5083 terrena
1523 5027 1778 5083 videlicet
1819 5028 1983 5098 sapit,
2014 5028 2173 5098 cuius

589 5124 733 5178 Deus
758 5129 950 5178 venter
994 5130 1097 5188 est,
1150 5122 1243 5193 qui
1287 5136 1500 5176 veneno
1558 5121 1800 5190 pascitur
1847 5121 2173 5177 constituta-

587 5231 710 5268 rum
742 5215 796 5268 in
828 5214 1053 5284 pulvere
1080 5213 1441 5282 voluptatum.
1479 5211 1552 5266 De
1584 5211 1717 5281 ipsis
1764 5212 2056 5284 siquidem,
2094 5213 2172 5268 si-

588 5316 678 5362 cut
717 5307 919 5370 cernis,
950 5305 1266 5360 indistincte
1299 5312 1504 5368 narrat,
1536 5303 1762 5358 dicens:

665 5395 732 5449 Et
770 5396 972 5450 cunctis
1022 5411 1142 5466 qua:
1192 5404 1466 5449 moventur
1518 5396 1574 5449 in
1613 5405 1778 5461 terra,
1811 5406 1859 5451 et
1893 5414 2010 5468 qua:
2036 5399 2175 5453 vobis

596 5489 793 5543 ostendi
839 5504 948 5543 esse
988 5488 1210 5558 polluta.
1260 5487 1400 5561 Ergo
1445 5504 1636 5545 omnes
1673 5489 1763 5561 qui
1810 5490 2046 5546 terrenis
2075 5507 2174 5562 pa-

602 5681 715 5803 ,8⁸³
753 5678 939 5735 Matth.
972 5701 1044 5748 τι,
1073 5685 1160 5739 51.

1240 5686 1252 5716 ¹
1283 5684 1436 5741 Rom.
1466 5703 1575 5755 xvi,
1606 5686 1686 5742 19.
1759 5686 1817 5742 ’l
1845 5687 1985 5744 Tim.
2020 5705 2056 5755 ι,
2087 5688 2142 5757 6,

2308 5691 2327 5723 ³
2357 5689 2546 5748 Matth.
2580 5710 2633 5761 π,
2667 5692 2729 5761 9;
2755 5691 2886 5750 Luc.
2914 5711 2988 5762 ιι,
3016 5695 3067 5750 ’5.

2276 4565 2327 4620 id
2351 4575 2455 4628 est,
2485 4581 2651 4636 super
2676 4574 2853 4637 patre,
2881 4582 2947 4623 ac
2973 4576 3171 4633 matre,
3198 4576 3254 4623 et
3282 4568 3417 4632 lilio,
3446 4576 3497 4622 et
3528 4564 3645 4623 lilia,
3665 4560 3786 4613 fratre

2277 4672 2492 4728 quoque
2526 4668 2581 4713 et
2605 4674 2792 4715 sorore
2817 4659 3045 4730 virgine,
3075 4676 3197 4731 quae
3226 4675 3335 4715 non
3388 4668 3471 4716 est
3498 4666 3650 4727 nupta
3674 4651 3784 4707 viro:

2278 4751 2376 4805 sed
2459 4766 2563 4806 nec
2623 4751 2677 4806 in
2741 4752 2991 4823 principe
3060 4754 3247 4824 populi
3304 4753 3388 4809 sui
3459 4737 3785 4809 eoutaminabi-

2282 4848 2389 4895 tur.
2431 4859 2450 4893 ι

2352 4932 2493 4988 LXX
2532 4943 2735 5001 autem,
2794 4934 2914 4990 Non
2941 4934 3207 5005 polluetur
3244 4954 3308 4991 ex
3336 4937 3502 4991 subito
3564 4935 3614 4987 in
3650 4921 3785 4996 popli-'0

2277 5044 2394 5094 suo,
2419 5028 2488 5081 ad
2515 5028 2939 5099 profanationem
2972 5046 3146 5086 suam.
3167 5030 3373 5085 Littera
3408 5028 3615 5098 quidem
3638 5037 3663 5076 a
3688 5028 3785 5072 mor-

2280 5128 2498 5174 tuorum
2542 5119 2944 5193 pollutionibus
2995 5121 3187 5193 fugere
3232 5122 3540 5178 sacerdotes
3566 5106 3781 5188 praecepi“

2282 5211 2378 5266 sed
2408 5227 2520 5267 non
2558 5212 2675 5267 haec
2698 5222 2782 5268 est
2808 5214 2944 5285 legis
2973 5214 3230 5278 intentio,
3255 5230 3436 5285 neque
3458 5213 3523 5268 de
3556 5211 3648 5265 hoc
3671 5197 3784 5270 Ιθεῖε·

2282 5301 2424 5357 lam"
2493 5304 2795 5373 Ρτονοειιίι,
2851 5305 2947 5361 sed
2976 5306 3182 5376 aliquid
3233 5308 3408 5377 majus
3456 5294 3714 5358 intellexit.
3749 5289 3785 5337 ει

2282 5395 2425 5465 quod
2461 5396 2629 5452 nimis
2675 5398 2742 5453 de
2778 5399 3156 5456 Sacerdotibus
3185 5398 3492 5455 necessarie
3535 5390 3785 5476 diceretur:

2280 5488 2407 5559 τιυίθ
2438 5489 2584 5545 enim
2619 5489 2766 5561 ῖρεοε
2794 5491 3086 5564 inspicere,
3117 5493 3336 5563 quando
3360 5491 3622 5563 negligunt
3649 5466 3785 5551 populi

3142 5697 3163 5729 ⁴
3192 5695 3347 5754 Rom.
3373 5690 3481 5761 in,
3510 5688 3588 5746 i7.
3651 5681 3669 5714 ⁸
3688 5670 3781 5739 η’ίά
