3988 6222
278 246 423 321 1053

1432 261 1517 324 IN
1551 262 1988 325 LEVITICUM.
2023 285 2090 300 ·-·
2125 266 2270 326 LIB.
2310 267 2411 328 Vl.

3408 265 3545 334 1058

269 377 515 443 peccata,
544 369 767 440 dicitur,
797 376 1098 435 secundum
1132 378 1280 452 quod
1310 379 1366 437 in
1409 380 1550 437 Osee
1590 380 1856 450 scriptum
1889 392 1931 441 Α
1962 383 2362 451 subsequenter
2402 380 2632 448 addidit,
2672 382 2979 441 secundum
3016 380 3182 447 LXX,
3216 398 3319 436 non
3351 384 3543 454 polluio

270 471 390 518 est:
422 461 649 517 Peccata
671 466 853 535 populi
883 469 987 522 mei
1018 473 1314 536 comedunt,
1351 481 1401 528 et
1428 475 1499 527 ad
1522 474 1857 544 iniquitatem

267 570 449 608 eorum
504 555 842 611 sublevabunt
886 561 1098 616 animas
1150 566 1385 620 eorum‘.
1457 565 1577 620 Non
1635 566 1857 635 quidem

267 645 472 711 omnia,
507 661 848 719 quascunque
894 652 1132 721 populus
1191 664 1405 724 peccat,
1458 656 1594 726 ipsis
1639 665 1859 727 Oportet

268 737 552 806 imputari,
616 740 712 795 sed
768 740 1102 799 intendenda
1162 754 1247 801 est
1302 745 1391 800 illa
1448 746 1518 802 ab
1572 745 1857 801 Ezechiele

265 821 536 901 propheta
590 831 734 888 dicta
769 832 1007 890 divisio:
1047 836 1158 891 Fili
1189 838 1438 902 hominis,
1469 840 1857 909 speculatorem

238 920 388 975 ‘dedi
415 930 465 975 te
501 922 680 977 domui
719 923 913 992 Israel,
944 936 993 981 et
1020 929 1204 983 audies
1227 929 1291 984 de
1321 946 1412 985 ore
1461 946 1576 986 meo
1619 930 1852 993 verbum,

265 1021 316 1065 et
346 1012 688 1067 annuntiabis
715 1015 791 1068 eis
830 1032 894 1070 ea:
927 1033 1009 1070 me
1030 1034 1051 1073 :
1090 1019 1137 1072 si
1159 1019 1361 1073 dicente
1386 1036 1468 1075 me
1505 1020 1578 1075 ad
1602 1021 1850 1090 impium,
1890 1013 1893 1018 “

263 1101 431 1156 Morte
452 1103 710 1167 morieris,
745 1122 851 1159 non
893 1110 1292 1164 annuntiaveris
1350 1111 1419 1172 ei,
1452 1126 1620 1181 neque
1639 1111 1867 1166 locutus

264 1195 449 1264 fueris,
501 1204 560 1248 ut
606 1205 878 1251 avertatur
923 1216 955 1252 a
986 1201 1072 1253 via
1106 1216 1206 1254 sua
1251 1202 1440 1271 impia,
1471 1212 1521 1255 et
1541 1203 1702 1267 vivat,
1745 1204 1855 1271 ipse

264 1284 459 1353 impius
494 1286 548 1338 in
593 1287 873 1357 iniquitate
897 1305 1000 1343 sua
1028 1292 1301 1356 morietur,
1330 1293 1641 1362 sanguinem
1666 1301 1849 1346 autem

261 1374 382 1442 ejus
399 1375 485 1428 de‘
513 1392 675 1428 manu
704 1385 795 1430 tua
823 1379 1117 1449 requiram.
1156 1378 1217 1434 Si
1251 1390 1431 1434 autem
1471 1389 1527 1434 tu
1558 1382 1851 1433 annuntia-

259 1465 399 1519 veris
430 1466 610 1535 impio,
646 1475 697 1520 et
734 1466 826 1521 ille
852 1484 955 1521 non
992 1470 1151 1540 fuerit
1185 1486 1458 1524 conversus
1485 1470 1551 1523 ab
1580 1470 1853 1538 impietate

259 1574 383 1622 sua,
419 1568 469 1611 et
498 1560 582 1612 via
607 1575 703 1611 sua
738 1560 923 1628 impia,
963 1562 1076 1632 ipse
1108 1562 1319 1630 quidem
1348 1563 1404 1615 in
1437 1562 1723 1632 iniquitate
1751 1578 1850 1615 sua

262 1650 537 1712 morietur,
588 1660 644 1703 tu
691 1660 871 1704 autem
912 1653 1147 1705 animam
1199 1661 1345 1706 tuam
1388 1653 1627 1707 liberasti
1644 1654 1684 1707 ⁷.
1736 1653 1853 1707 [loc

262 1746 446 1792 autem
475 1739 736 1808 apertius,
770 1741 867 1795 sed
899 1749 955 1795 et
975 1741 1233 1797 subtilius
1261 1742 1318 1796 in
1349 1742 1601 1812 praesenti
1631 1741 1850 1813 legisla-
1885 1717 1923 1770 Β

263 1835 351 1880 tor
389 1828 644 1896 exposuit
670 1845 685 1882 :

332 1915 397 1970 In
430 1919 704 1984 mortibus,
734 1919 927 1990 inquit,
953 1936 1057 1974 non
1087 1921 1514 1974 contaminemur
1546 1921 1684 1974 inter
1714 1920 1852 1974 cives

258 2023 401 2062 suos.
437 2009 497 2063 ln
525 2009 768 2078 quibus?
813 2011 875 2065 In
902 2013 1261 2081 peccantibus
1293 2011 1569 2076 videlicet,
1608 2011 1701 2081 qui
1730 2011 1849 2080 pol-

260 2100 471 2155 lutione
523 2102 886 2172 complentur,
952 2111 1010 2160 et
1069 2104 1191 2160 aliis
1257 2104 1477 2173 quidem
1545 2104 1847 2159 secundum

256 2194 525 2263 quosdam
554 2196 745 2251 modos
773 2197 1091 2267 pollutionis
1123 2205 1382 2252 auctores
1411 2196 1568 2263 ﬁunt,
1604 2196 1844 2251 maxime

258 2291 446 2338 tamen
493 2285 871 2341 sacerdotibus
912 2296 968 2342 et
996 2286 1339 2357 doctoribus,
1382 2287 1602 2357 quando
1632 2300 1727 2341 eos
1756 2300 1846 2340 ne-

257 2375 541 2446 glexerint.
575 2375 960 2433 Verumtamen
990 2377 1047 2433 in
1082 2378 1188 2442 his,
1215 2379 1311 2443 ait,
1359 2394 1470 2433 non
1498 2378 1844 2435 contamina-

259 2476 353 2521 tur
402 2467 459 2521 in
509 2469 779 2523 mortibus
827 2468 1032 2524 civium
1083 2485 1328 2536 suorum,
1386 2470 1441 2525 id
1487 2480 1593 2536 est,
1626 2470 1844 2539 quando

258 2561 396 2615 nihil
422 2561 628 2617 inventi
648 2561 872 2629 fuerint,
892 2564 1036 2633 quod
1063 2567 1144 2620 eis
1180 2565 1523 2635 expediebat,
1569 2564 1840 2624 omisisse.

258 2651 357 2705 sed
383 2650 486 2720 ipsi
514 2650 733 2720 quidem
756 2653 903 2720 quod
933 2653 1002 2707 ad
1030 2668 1090 2709 se
1114 2653 1379 2723 pertinuit
1408 2653 1627 2717 fecisse,
1660 2661 1715 2708 et
1748 2652 1841 2708 Dei

259 2738 434 2810 legem
482 2741 842 2809 praedicasse:
902 2741 982 2797 illi
1037 2751 1222 2797 autem
1277 2743 1526 2798 nolentes
1576 2743 1836 2806 obedire,

258 2844 492 2890 mortem
546 2836 766 2891 sibimet
814 2837 1198 2893 conduxerunt
1261 2837 1665 2894 inobedientias.
1721 2835 1839 2892 Non

258 2940 391 2996 ergo
435 2926 491 2981 in
524 2926 610 2981 his
652 2927 757 2997 qui
782 2938 1030 2998 praesunt
1079 2929 1423 2999 polluuntur,
1472 2928 1570 2985 sed
1618 2929 1674 2983 in
1710 2943 1840 2998 pro-

257 3016 465 3088 pinquo
509 3024 566 3070 et
612 3016 861 3085 proximo
913 3031 1033 3082 suo,
1089 3016 1143 3071 in
1196 3029 1354 3088 patre
1379 3025 1436 3074 et
1463 3017 1521 3071 in
1554 3024 1748 3083 matre,
1781 3016 1838 3072 in

258 3110 386 3166 ﬁliis
417 3118 473 3165 et
521 3109 755 3176 ﬁliabus,
805 3110 862 3165 in
918 3108 1091 3166 fratre
1121 3119 1177 3166 et
1209 3126 1396 3166 sorore
1454 3110 1685 3182 virgine,
1722 3125 1845 3179 quae

258 3218 372 3258 non
404 3212 487 3258 est
510 3211 682 3273 nupta
718 3202 858 3257 viro.
893 3201 1123 3273 Oportet
1151 3203 1301 3258 enim
1351 3202 1690 3258 sacerdotem
1723 3200 1849 3256 dili-

258 3291 499 3363 gentiam
532 3292 792 3347 adhibere
816 3299 872 3346 et
897 3292 1101 3362 populo
1130 3300 1191 3347 ut
1214 3307 1327 3346 non
1352 3298 1565 3362 peccet,
1589 3289 1687 3348 sed
1713 3305 1852 3360 prae-

258 3386 419 3455 cipue
452 3386 633 3441 domui
666 3400 780 3440 sum
809 3394 866 3440 et
888 3385 1173 3456 cognatis;
1214 3394 1440 3455 propter
1473 3385 1620 3454 quod
1649 3383 1851 3438 Paulus

256 3479 373 3533 ait:
407 3477 535 3533 Haec
549 3479 795 3547 praecipe,
861 3486 918 3531 ut
964 3476 1442 3544 irreprehensibiles
1481 3478 1605 3531 sint.
1641 3474 1701 3530 Si
1735 3476 1850 3546 quis

263 3576 437 3622 autem
490 3585 728 3631 suorum,
756 3578 804 3623 et
829 3570 1059 3624 maxime
1077 3569 1504 3633 domesticorum,
1533 3585 1719 3622 curam
1748 3585 1851 3622 non

259 3661 434 3724 habet,
474 3661 632 3729 ﬁdem
687 3661 918 3731 negavit,
974 3668 1025 3713 et
1073 3668 1149 3713 est
1197 3659 1400 3728 inﬁdeli
1458 3659 1743 3713 deterior“.
1784 3660 1855 3714 Et

258 3737 489 3807 rursus:
541 3751 601 3807 Si
628 3761 803 3807 autem
857 3753 975 3822 quis
1010 3767 1121 3806 suat
1168 3751 1350 3811 domui
1400 3767 1621 3819 praeesse
1667 3753 1848 3816 nescit,

260 3844 519 3915 quomodo
555 3843 804 3898 Ecclesia:
854 3843 953 3898 Dei
987 3859 1171 3897 curam
1193 3842 1486 3897 habebit’?
1518 3842 1579 3896 In
1614 3842 1752 3908 tilio,
1787 3847 1845 3896 et

164 3940 171 3945 ’
260 3934 485 4002 Ιὶιὶελθι
538 3935 726 4000 fratre,
754 3942 810 3990 et
835 3949 1026 3990 sorore
1070 3934 1300 4006 virgine,
1333 3933 1592 3989 videlicet
1613 3948 1852 4004 peccan-

258 4025 409 4081 tibus
430 4065 446 4090 ,
467 4026 780 4081 necessarie
805 4025 1062 4081 sacerdos
1095 4025 1389 4095 polluitur:
1425 4033 1613 4095 utpote
1640 4024 1732 4094 qui
1758 4024 1853 4079 de-

258 4118 354 4173 bet
384 4118 648 4188 quotidie,
698 4118 795 4174 sed
819 4126 876 4173 et
915 4117 1066 4173 omni
1090 4119 1250 4182 hora,
1276 4132 1342 4173 ea
1368 4132 1490 4187 qua:
1514 4117 1583 4172 ad
1616 4117 1848 4171 salutem

259 4211 544 4280 pertinent
593 4225 689 4265 eos
728 4209 1023 4275 instruere,
1084 4218 1141 4265 et
1192 4209 1416 4281 vigilare
1457 4210 1602 4265 circa
1643 4224 1763 4272 eos.
1792 4218 1853 4264 ut

256 4318 369 4359 non
401 4311 629 4373 peccent
649 4301 772 4356 talia
803 4318 925 4373 quae
945 4309 1123 4357 morte
1146 4311 1277 4357 sunt
1301 4301 1485 4372 digna.
1522 4300 1638 4356 Hoc
1666 4310 1851 4357 autem

1960 482 2044 527 tur
2103 474 2277 527 subito
2321 475 2377 531 in
2404 473 2596 543 papula
2639 490 2771 536 suo,
2806 474 2877 528 ad
2905 475 3327 546 profanationem
3366 490 3539 528 suam.

1958 561 2097 627 Quid
2136 578 2235 632 per
2262 562 2363 617 hoc
2391 564 2707 626 ostendens.
2739 564 2843 617 nisi
2872 565 2997 633 quia
3029 563 3290 634 polluitur
3316 564 3536 632 quidem

1917 668 1931 679 ·
1957 663 2013 708 et
2045 654 2103 708 in
2145 653 2345 724 populo
2389 662 2649 724 peccante
2695 655 2971 719 sacerdos,
3017 654 3116 709 sed
3172 668 3282 707 non
3316 652 3543 707 subito?

1957 743 2089 810 Quas
2144 751 2330 799 autem
2371 745 2638 800 accedunt
2695 742 2749 798 in
2819 742 3097 799 extraneis
3159 743 3351 811 culpae,
3424 741 3567 807 haec,

1956 850 2066 889 non
2127 834 2270 890 illico
2323 834 2662 890 sacerdotem
2719 833 3119 898 contaminant,
3176 834 3271 887 sed
3323 830 3540 902 quando

1956 927 2058 997 ipsi
2113 927 2335 997 quidem
2384 925 2790 996 permanserint
2818 924 2874 978 in
2928 922 3186 995 peccatis,
3229 922 3541 978 sacerdotes

1955 1028 2141 1075 autem
2185 1034 2283 1075 eos
2345 1033 2539 1074 curare
2605 1017 2967 1094 neglexerint.
3048 1015 3276 1086 Insuper
3357 1014 3541 1068 subito

1954 1110 2226 1180 quispiam
2256 1123 2493 1179 peccans
2526 1109 2594 1163 de
2641 1107 2866 1178 populo,
2906 1106 3064 1161 venia
3103 1105 3329 1175 dignum
3359 1118 3541 1157 sacer.

1954 1202 2161 1266 dotem,
2199 1210 2389 1270 utpote
2434 1200 2800 1271 ignorantem,
2852 1197 3014 1262 facit;
3059 1203 3304 1266 tempore
3355 1202 3539 1248 autem

1953 1291 2117 1360 longo
2139 1299 2503 1360 prteparatum
2536 1297 2822 1359 peccatum
2868 1285 3239 1349 committens,
3267 1283 3451 1337 locum
3483 1281 3538 1335 ei

1953 1380 2126 1434 venia:
2150 1395 2261 1434 non
2281 1379 2498 1449 reliquit
2521 1397 2534 1433 :
2563 1377 2853 1448 oportebat
2881 1375 3028 1430 enim
3054 1375 3392 1430 sacerdotem
3424 1388 3539 1427 non

1954 1472 2222 1543 ignorare,
2256 1471 2301 1525 si
2349 1478 2531 1525 tamen
2594 1470 2887 1540 diligenter
2918 1468 3120 1538 pOpulo
3170 1465 3535 1536 praesedisset,

1954 1572 2208 1631 essetque
2242 1562 2510 1617 sollicitus
2556 1560 2832 1631 quomodo
2886 1559 2999 1624 hic,
3037 1557 3311 1628 quomodo
3361 1557 3450 1610 illc
3478 1571 3539 1611 se

1956 1653 2202 1716 haberet,
2254 1659 2437 1720 utrum
2499 1659 2707 1706 starent
2743 1666 2815 1704 an
2856 1657 3138 1711 nularent,
3175 1657 3235 1702 ut
3280 1656 3540 1702 nutantes

1951 1744 2191 1800 fulciret.
2222 1743 2286 1799 lli
2327 1744 2476 1799 enim
2512 1744 2603 1814 qui
2661 1743 2847 1799 subito
2881 1742 3106 1808 cadunt,
3139 1756 3234 1795 eos
3259 1741 3350 1811 qui
3392 1756 3536 1810 prae-

1951 1844 2081 1891 sunt
2133 1835 2253 1890 sine
2307 1835 2467 1905 culpa
2521 1834 2749 1898 faciunt,
2800 1831 3258 1903 quemadmodum
3302 1829 3539 1900 procella

1949 1928 2338 1998 gubernantes.
2395 1942 2462 1982 ex
2503 1925 2799 1996 improviso
2836 1923 3257 1994 superveniens.
3313 1922 3381 1976 Et
3405 1935 3539 1991 pro-

1949 2027 2134 2087 pterea
2160 2032 2269 2072 non
2301 2017 2438 2073 dixit
2461 2017 2800 2072 sacerdotem
2832 2015 3016 2070 subito
3051 2013 3104 2067 in
3128 2012 3333 2084 populo
3363 2012 3535 2082 pollui

1946 2108 2015 2163 ad
2061 2107 2501 2177 protonationem
2549 2122 2725 2162 suam.
2768 2105 2887 2161 Non
2926 2105 3128 2160 frustra
3158 2111 3343 2158 autem
3375 2103 3534 2158 addi-

1946 2201 2027 2256 dit
2070 2201 2513 2272 profanationem,
2583 2200 2680 2254 sed
2708 2199 2861 2254 illud
2911 2214 3010 2269 per
3044 2199 3148 2253 hoc
3182 2197 3411 2252 verbum
3446 2196 3535 2250 in-

1944 2305 2152 2345 nuens:
2203 2291 2330 2358 quia
2368 2289 2588 2360 quando
2618 2287 2872 2344 sacerdos
2905 2287 3188 2358 polluitur,
3233 2285 3534 2340 secundum

1945 2381 2260 2451 praedictam
2302 2395 2545 2447 causam,
2593 2379 2775 2450 populi
2806 2377 3017 2449 peccati
3046 2376 3322 2440 videlicet,
3351 2375 3527 2445 negli-

1944 2488 2078 2544 gens
2099 2481 2154 2528 et
2181 2488 2292 2527 non
2321 2487 2488 2542 agens
2527 2486 2650 2541 quas
2678 2471 2854 2525 modis
2889 2468 3142 2523 omnibus
3191 2467 3533 2522 sacerdotem

1943 2566 2249 2635 oportebat,
2280 2562 2563 2635 profanus,
2601 2563 2656 2617 id
2687 2573 2773 2617 est
2801 2560 2982 2614 nudus
3009 2556 3301 2613 sacerdotii
3341 2554 3526 2626 digni-

1944 2663 2057 2711 tate
2106 2654 2382 2710 invenitur
2444 2669 2589 2708 unus
2641 2660 2697 2706 et
2751 2652 2867 2719 ipse
2924 2649 2992 2703 de
3021 2647 3247 2702 multis:
3310 2644 3532 2716 profani

1942 2747 2091 2803 enim
2145 2746 2200 2801 hi
2250 2746 2344 2816 qui
2395 2760 2506 2800 non
2553 2751 2684 2798 sunt
2732 2740 3056 2797 sanctiﬁcati
3128 2739 3428 2800 dicuntur,
3481 2744 3538 2791 et

1942 2839 2177 2897 multum
2232 2845 2401 2903 recte,
2462 2835 2590 2906 quia
2647 2849 2712 2890 ea
2743 2849 2864 2905 quae
2898 2841 3026 2888 sunt
3081 2830 3385 2888 sacerdotis
3424 2845 3536 2885 non

1941 2932 2208 3001 legerunt.

2015 3020 2177 3077 Vens.
2211 3022 2266 3077 5.
2310 3040 2329 3072 ι
2364 3020 2485 3075 Non
2511 3011 2711 3074 radent
2732 3025 2918 3088 caput,
2941 3032 3047 3072 nec
3072 3016 3326 3081 barbam,
3356 3029 3537 3085 neque

1952 3114 2006 3168 in
2045 3113 2303 3168 carnibus
2324 3112 2438 3167 suis
2468 3111 2672 3166 facient
2698 3109 2986 3165 incisuras.
3026 3127 3044 3159 ι
3552 3108 3555 3111 ’

2024 3204 2182 3259 Vinci
2227 3220 2259 3258 a
2311 3203 2690 3259 sacerdotibus
2754 3201 2919 3256 etiam
2979 3198 3256 3254 tristitiam
3301 3212 3421 3269 qum
3470 3197 3541 3253 de

1951 3308 2127 3355 morte
2151 3299 2294 3354 solet
2322 3298 2606 3365 accedere,
2636 3298 2723 3351 lex
2749 3305 2900 3352 recte
2934 3294 3201 3366 praecipit,
3225 3305 3413 3365 utpote
3443 3298 3534 3365 qui

1951 3398 2008 3443 et
2030 3388 2131 3458 ipsi
2158 3403 2312 3458 spem
2344 3387 2470 3443 vita:
2492 3387 2690 3442 futurae
2717 3387 2921 3443 habent
2942 3394 2998 3440 et
3026 3385 3284 3456 populum
3316 3386 3535 3440 docent.

1951 3478 2063 3534 Sed
2093 3486 2247 3533 extra
2274 3477 2393 3534 hrec
2423 3492 2535 3533 non
2566 3477 2745 3532 solum
2776 3476 2830 3529 in
2865 3474 3103 3544 propriis
3131 3474 3370 3544 peccatis
3399 3474 3540 3545 vigi-

1951 3570 2066 3625 lare
2095 3586 2193 3626 eos
2230 3579 2287 3625 et
2314 3580 2528 3625 mentes
2554 3569 2760 3624 habere
2788 3582 2970 3632 sanas,
3001 3567 3095 3621 sed
3126 3567 3287 3619 etiam
3312 3566 3364 3618 in
3405 3566 3541 3619 alie-

1952 3663 2060 3728 nis,
2088 3662 2143 3716 in
2172 3662 2258 3718 his
2272 3675 2558 3731 qurenunc
2583 3660 2727 3714 dicta
2755 3667 2906 3723 sunt,
2925 3658 3213 3712 evidenter
3240 3656 3520 3726 praecipit:

1950 3755 2227 3822 quomodo
2256 3762 2464 3819 autem,
2514 3751 2685 3806 disce.
2724 3748 2903 3819 Caput
2956 3758 3013 3803 et
3039 3747 3203 3803 barba
3256 3746 3537 3816 sapienti-.9.

1951 3854 2035 3901 est
2064 3854 2121 3902 et
2162 3843 2519 3914 perfectionis
2564 3850 2770 3896 nostrae
2821 3840 3073 3910 signum:
3108 3846 3334 3908 propter
3391 3838 3537 3906 quod

1951 3945 2117 4007 caput
2146 3944 2398 3990 nostrum
2434 3933 2741 4004 appellatur
2778 3931 3051 3996 Christus,
3086 3931 3142 3984 in
3188 3945 3297 3999 quo
3345 3942 3541 4000 sapere

1954 4030 2220 4084 habemus
2279 4027 2520 4082 maxima
2575 4040 2804 4096 quaeque
2854 4034 3019 4095 atque
3076 4024 3341 4095 perfecta,
3400 4031 3535 4079 teste

1953 4121 2141 4186 Paulo,
2172 4121 2263 4191 qui
2297 4121 2463 4179 dicit:
2506 4121 2681 4175 Donec
2712 4135 3053 4175 occurramus
3084 4134 3259 4172 omnes
3288 4119 3343 4170 in
3367 4117 3537 4170 virum

1950 4216 2272 4285 perfectum,
2321 4224 2370 4269 et
2422 4230 2723 4269 mensuram
2766 4213 2942 4268 relatis
2995 4210 3335 4279 plenitudinis
3385 4207 3539 4263 Chri-

1951 4308 2020 4361 sti
2053 4307 2117 4360 ³⁸.
2148 4307 2318 4362 Recte
2347 4312 2530 4362 autem
2562 4314 2617 4363 et
2648 4306 2813 4362 barba
2853 4305 3121 4377 signiﬁcat
3144 4302 3536 4373 perfectionem

257 4397 439 4465 ipsum
473 4394 529 4448 in
562 4404 719 4466 patre
762 4402 818 4449 et
848 4396 902 4448 in
935 4403 1109 4449 matre
1153 4393 1567 4466 intelligendum
1618 4403 1723 4450 est.
1758 4395 1849 4449 Fi-
1881 4398 1927 4454 ο
1952 4395 2260 4466 sapientius,
2297 4396 2534 4451 alterum
2595 4405 2779 4450 autem
2836 4393 3274 4465 intelligentiam,
3315 4390 3441 4459 quia
3480 4389 3537 4442 in

260 4485 397 4540 lium
427 4485 630 4556 quippe
662 4485 937 4541 doctorem
964 4485 1137 4556 patris
1166 4485 1467 4554 matrisque
1489 4486 1847 4541 sacerdotalis

256 4577 498 4648 dignitas
524 4577 672 4633 facit.
706 4577 906 4632 Dicens
933 4577 1153 4647 quidem
1192 4591 1467 4639 sororem,
1492 4591 1610 4647 qua:
1632 4593 1737 4630 non
1767 4585 1847 4631 est

258 4677 428 4738 nupta
452 4669 584 4735 viro,
605 4668 845 4724 ostendit
866 4663 1145 4738 per‘hanc,
1164 4667 1311 4736 quia,
1336 4667 1382 4722 si
1413 4667 1631 4738 cognati
1659 4682 1847 4723 sacer-

256 4760 420 4815 dotes
448 4759 771 4829 semetipsos
817 4757 1213 4827 separaverint,
1243 4765 1299 4811 et
1340 4756 1538 4812 domus
1572 4758 1842 4827 quodam-

256 4848 427 4905 modo
455 4849 559 4904 alia
589 4848 911 4919 semetipsos
948 4854 1264 4918 separantes
1300 4845 1429 4901 facti
1456 4846 1686 4910 iuerint,
1714 4846 1842 4900 nul-

258 4941 369 4995 lam
423 4928 709 5010 patiuntur
764 4940 821 4994 in
877 4937 1231 5009 peccantibus
1300 4936 1385 4992 his
1463 4937 1846 5008 pollutionem.

258 5030 517 5099 Quandiu
546 5040 730 5087 autem
759 5031 841 5086 eis
864 5031 1168 5094 adhaerent,
1212 5028 1639 5099 pr0pinquitatis
1669 5037 1724 5083 et
1753 5044 1848 5083 co-

260 5122 538 5193 gnationis
592 5122 765 5194 legem
823 5118 1298 5186 custodientibus,
1357 5119 1848 5175 contaminationis

260 5226 457 5267 eorum
507 5219 654 5266 recte
691 5211 981 5280 participes
1012 5203 1343 5273 elliciuntur,
1397 5210 1524 5279 quia
1562 5225 1662 5264 nec
1692 5210 1845 5281 igno-

258 5313 387 5354 rare
428 5313 622 5356 eorum
674 5308 916 5368 peccata,
983 5306 1172 5368 utpote
1224 5297 1842 5368 cohabitantium,‘pos-

261 5395 586 5465 sunt,un
628 5395 709 5450 eis
747 5403 805 5450 et
850 5393 1335 5450 contaminationis
1388 5408 1616 5450 causam
1672 5395 1838 5464 parit.

263 5484 427 5542 Unde
472 5500 605 5559 ergo
656 5486 844 5542 dicens
889 5485 1035 5555 quod
1086 5485 1142 5540 in
1194 5485 1280 5540 his
1327 5486 1839 5542 contaminarentur

1950 4485 2037 4540 his
2059 4485 2152 4555 qui
2184 4486 2252 4540 ad
2298 4486 2593 4553 iuvenilem
2651 4491 2922 4540 venerunt
2974 4492 3213 4547 aetatem,
3253 4480 3365 4550 jam
3415 4494 3537 4547 quas

1949 4586 2081 4632 sunt
2103 4577 2255 4632 utilia
2284 4577 2426 4631 scire
2453 4576 2763 4631 valentibus
2785 4574 2953 4630 barba
2983 4572 3245 4627 nascitur.
3266 4569 3535 4636 Quoniam

1946 4684 2076 4738 ergo
2109 4677 2356 4723 mortuos
2384 4677 2700 4739 peccatores
2750 4683 2864 4722 non
2894 4667 3068 4721 solum
3111 4656 3398 4723 Dominus.
3438 4662 3536 4717 sed

1946 4767 2001 4834 et
2032 4756 2234 4813 Paulus
2255 4759 2513 4828 appellat,
2538 4772 2661 4812 cum
2691 4757 2826 4812 dicit
2849 4775 2863 4813 :
2896 4756 2964 4811 Et
2991 4773 3109 4810 cum
3144 4771 3369 4809 essemus
3393 4770 3536 4809 mor-

1952 4851 2030 4904 tui
2056 4851 2286 4919 peccatis
2310 4850 2524 4912 nostris,
2552 4849 2939 4918 conviviﬁcavit
2981 4864 3072 4901 nos
3100 4845 3384 4903 Christo“.
3414 4844 3532 4899 Non

1946 4948 2166 5009 oportet
2219 4939 2520 4997 sacerdotis
2569 4937 2804 4994 maxime
2862 4947 3031 5007 caput
3079 4945 3174 4991 aut
3202 4937 3372 4991 barba
3416 4934 3534 4989 radi

1949 5045 2118 5100 super
2166 5038 2467 5112 mortuum,
2502 5030 2555 5086 id
2609 5039 2693 5085 est
2728 5045 2894 5100 super
2931 5038 3300 5100 peccatorem.
3345 5026 3535 5096 Neque

1946 5124 2091 5178 enim
2114 5131 2335 5193 oportet
2358 5123 2741 5195 cogitationes,
2777 5139 2900 5194 quae
2927 5124 3070 5177 sicut
3107 5120 3285 5190 capilli
3308 5127 3534 5172 ornatus

1953 5224 2081 5269 sunt
2114 5216 2327 5285 capitis,
2359 5223 2414 5270 et
2445 5215 2575 5286 ipsae
2601 5226 2826 5270 ornatus
2850 5223 2978 5269 sunt
3008 5222 3210 5268 nostrae
3231 5209 3532 5280 sapicntirc,

1950 5307 2170 5376 quando
2190 5317 2369 5360 tamen
2393 5315 2523 5362 sunt
2546 5306 2813 5362 ordinata:
2841 5315 3006 5376 atque
3037 5305 3253 5365 sobriae,
3278 5303 3534 5359 sacerdo-
3594 5338 3603 5361 ε

1953 5407 2059 5453 tem
2085 5412 2439 5467 corrumpere
2472 5397 2578 5454 alio
2597 5408 2884 5470 peccante,
2915 5397 3010 5452 sed
3039 5411 3365 5451 conservare
3391 5393 3534 5448 inte-

1959 5505 2110 5560 gras,
2135 5498 2193 5543 ut
2223 5488 2716 5559 possitexhortari,
2739 5491 3045 5555 obsecrare,
3071 5503 3316 5559 arguere,
3351 5487 3531 5542 incrc-

342 5663 523 5722 °Osee
559 5681 634 5734 tv,
789 5669 810 5700 ⁷
846 5667 1045 5724 Ezech.
1082 5683 1164 5738 Ill,
1201 5645 1386 5727 ιῆ-ιο.
1465 5673 1485 5706 ⁸
1530 5674 1551 5728 I
1584 5673 1723 5728 Tim.
1757 5693 1808 5739 v,
1844 5675 1849 5691 '

1977 5675 1997 5705 ⁹
2024 5650 2053 5728 Vl
2081 5675 2222 5731 Tim.
2255 5692 2338 5744 Ill,
2366 5677 2419 5732 5.
2503 5675 2763 5747 “Ephcs.
2804 5693 2875 5745 tv,
2916 5676 2998 5731 15.
3078 5675 3116 5708 ¹¹
3148 5673 3343 5742 Ephcs.
3377 5690 3433 5740 u,
3464 5674 3516 5729 ii.
