3962 6220
442 3882 445 3885 η
540 3813 852 3882 abstinuere,
915 3819 1012 3873 sed
1072 3819 1368 3877 indiscrete
1429 3822 1691 3878 terribilia
1742 3823 2017 3894 permittit
2064 3833 2123 3878 et

542 331 686 401 1055
1736 320 2104 385 HESYCHII
2138 315 2615 379 PRESBYTEBI
3726 312 3853 387 ωδε

538 465 697 523 pare,
723 448 1026 505 secundum
1063 449 1208 518 quod
1243 444 1446 502 Paulus
1474 443 1542 498 ad
1587 439 1942 495 Timotheum
1982 436 2124 492 scri-
2152 437 2199 493 Α
2230 447 2395 501 neque
2431 430 2898 523 communicaret-is
2928 431 3154 499 peccatis
3197 428 3398 523 alienis
3431 445 3458 523 ἐ
3502 428 3850 493 temetipsum

539 521 667 612 psit.
705 541 901 611 Argue,
933 540 1169 610 increpa,
1222 539 1435 593 obsecra
1482 542 1540 589 in
1568 535 1710 588 omni
1760 531 2020 602 patientia
2071 536 2120 581 et
2223 531 2428 577 castum
2468 522 2761 576 custodi“.
2799 522 2942 593 Ergo
2977 537 3141 577 causa
3195 521 3482 578 castitatis
3525 531 3595 575 ct
3648 523 3849 576 sancti-

539 631 781 685 doetrina
801 630 865 684 η.
898 628 1188 696 Quomodo
1219 635 1401 682 autem
1430 627 1537 680 hoc
1576 623 1687 687 llat,
1730 619 2003 677 subdidit:
2043 616 2122 672 Tu
2224 616 2491 672 ticationis
2524 625 2615 671 est
2644 616 2938 682 sacerdoti,
2969 615 3029 692 in
3052 660 3055 661 ν
3082 616 3237 677 nullo
3294 615 3731 687 praedictorum
3757 616 3847 669 uti-

539 729 719 774 autem
748 719 931 790 vigila,
974 720 1031 771 in
1062 717 1303 772 omnibus
1351 716 1556 778 labora,
1601 729 1729 781 opus
1777 712 1862 781 {ac
1895 723 2121 774 evange-
2222 709 2392 764 sceri.

542 812 758 867 iisne”.
794 811 934 882 Ergo
974 810 1226 864 sacerdos
1253 808 1345 878 qui
1377 822 1484 861 non
1510 806 1829 859 exhortatur
1860 810 1917 856 et
1945 800 2124 869 arguit
2295 796 2459 854 Vsus.
2505 797 2624 853 7-8.
2666 816 2686 849 α
2744 795 2998 855 Scortum
3047 808 3104 854 et
3126 799 3232 853 vile
3284 800 3701 869 prostibulum
3751 818 3844 856 non

541 911 889 972 peccantem,
908 890 1029 954 'non
1053 897 1362 968 vigilat;qui
1386 905 1566 950 autem
1586 909 1695 948 non
1712 893 1916 964 vigilat,
1931 889 2123 944 radere
2223 890 2386 945 ducet
2416 905 2665 956 uxorem,
2694 904 2798 945 nec
2818 905 2940 945 eam
2960 906 3083 960 quae
3111 891 3404 961 repudiata
3433 899 3535 945 est.
3563 908 3601 945 a
3635 894 3841 956 marito.

543 1003 708 1062 caput
733 1000 789 1046 et
820 992 1040 1045 barbam
1083 988 1380 1043 secundum
1433 987 1690 1041 virtutem
1736 983 2122 1054 praedictorum
2222 982 2350 1052 quia
2375 990 2724 1039 consecratus
2752 991 2837 1036 est
2866 982 2985 1037 Deo
3008 998 3131 1047 suo,
3148 992 3199 1038 et
3230 998 3406 1052 panes
3428 986 3843 1054 propositionis

478 1140 481 1155 ι
545 1091 693 1136 recte
721 1081 939 1134 dicitur.
964 1079 1070 1133 Sed
1093 1092 1268 1148 neque
1299 1076 1480 1131 facere
1516 1077 1571 1130 in
1603 1090 1769 1129 carne
1801 1089 1901 1128 sua
1932 1072 2121 1127 conci-
2223 1072 2435 1127 oderat.
2466 1075 2552 1127 Sit
2578 1088 2707 1142 ergo
2732 1083 2981 1135 sanctus,
3020 1074 3149 1144 quia
3170 1080 3230 1127 et
3266 1089 3369 1143 ego
3416 1085 3687 1130 sanctus
3738 1092 3838 1129 sum

544 1172 729 1227 siones
759 1187 923 1240 super
949 1180 1165 1225 mortuo
1188 1168 1527 1224 sacerdotem
1556 1168 1732 1232 decet,
1786 1165 1841 1219 id
1895 1174 1980 1219 est
2014 1178 2122 1217 non
2226 1162 2509 1228 Dominus,
2539 1167 2632 1233 qui
2663 1164 2946 1220 sanetilico
2970 1179 3087 1219 vos.
3125 1184 3146 1216 ι

545 1259 898 1313 scandalizari
942 1260 995 1312 in
1033 1265 1339 1328 peccatore,
1376 1272 1483 1313 nec
1531 1256 1816 1312 offendero
1862 1263 2124 1325 peccante
2294 1252 2553 1309 Mirabilis
2575 1264 2658 1310 est
2685 1270 2926 1324 praesens
2949 1255 3158 1310 sanctio
3187 1255 3242 1309 in
3270 1252 3419 1310 LXX
3452 1256 3840 1313 translatione,
3910 1276 3911 1333 i

545 1348 750 1418 aliquo,
785 1365 962 1419 neque
986 1349 1262 1403 carnalem
1287 1364 1351 1403 ex
1383 1348 1488 1404 hoc
1517 1363 1736 1403 sumere
1773 1346 2119 1417 sapientiam,
2224 1344 2350 1413 quia
2390 1344 2531 1400 idem
2586 1345 2903 1401 mandatum
2950 1345 3006 1398 in
3054 1361 3347 1415 personam
3401 1346 3762 1409 multorum,
3802 1362 3841 1399 ft

546 1439 615 1493 ad
680 1440 978 1494 illicitatetn
1027 1440 1221 1494 similis
1283 1440 1606 1509 iniquitatis.
1662 1438 1904 1493 lncisura
1973 1436 2126 1490 enim
2226 1452 2415 1491 rursus
2442 1438 2496 1491 in
2540 1437 2720 1493 medio
2751 1437 3055 1507 proferens,
3105 1439 3453 1503 advocavit;
3497 1438 3582 1492 Et
3631 1440 3841 1493 manife-

546 1532 815 1601 sapientia
833 1532 1013 1587 carnis
1036 1542 1152 1587 est:
1180 1532 1327 1601 quod
1353 1532 1422 1586 de
1449 1532 1674 1595 iudicis,
1710 1532 1803 1602 qui
1833 1530 2126 1586 carnaliter
2226 1533 2370 1580 stum
2410 1527 2600 1596 procul
2626 1527 2796 1582 dubio
2822 1543 2891 1582 ex
2920 1528 3025 1583 hoc
3054 1536 3161 1592 est,
3189 1530 3339 1599 quod
3370 1529 3449 1584 de
3487 1530 3839 1584 multitudine

545 1624 736 1677 vivunt
760 1634 815 1677 et
839 1623 1059 1692 sapiunt
1088 1631 1329 1687 terrena,
1360 1624 1439 1678 ait
1460 1623 1689 1677 Paulus:
1745 1622 1921 1677 Videte
1945 1640 2121 1686 canes,
2225 1617 2444 1686 quidem
2476 1617 2822 1674 sacerdotum
2848 1620 3128 1689 praecepit,
3159 1621 3214 1674 in
3256 1635 3438 1674 unum
3490 1630 3707 1675 autem
3748 1638 3839 1674 om-

542 1716 711 1770 υίιιριε
737 1713 903 1767 malos
924 1716 1212 1783 operarios,
1237 1716 1406 1769 videte
1438 1717 1865 1770 σοηείδίοηεῃμδ,
2155 1772 2192 1783 __
2226 1708 2378 1762 nium
2415 1707 2897 1765 sanctiﬁcationem
2940 1711 3185 1774 deduxit,
3219 1710 3383 1765 aiunt
3427 1712 3608 1766 enim
3638 1731 3654 1765 Ξ
3682 1712 3841 1766 uitii:-

614 1805 777 1860 Vans.
811 1805 864 1859 6.
911 1826 931 1857 ι
964 1806 1151 1861 Sancti
1181 1808 1476 1862 eruntDeo
1498 1824 1597 1862 suo
1654 1816 1710 1861 et
1735 1823 1842 1862 non
1874 1808 2114 1877 polluenl

2228 1814 2337 1851 rem
2366 1800 2688 1853 meretricem
2718 1809 2766 1853 et
2790 1803 3074 1871 profanant
3103 1817 3205 1854 non
3234 1803 3548 1872 accipient,
3603 1813 3668 1857 et
3706 1804 3841 1872 paulo

543 1909 743 1949 nomen
775 1897 915 1966 ejus.
956 1896 1247 1951 Incensum
1278 1897 1423 1952 enim
1462 1897 1677 1952 Domini
1719 1907 1774 1953 et
1804 1913 1973 1969 panes
2027 1898 2114 1953 Dei

2227 1898 2368 1957 post,
2403 1888 2629 1944 Sanctus
2652 1894 2788 1946 erit:
2808 1902 2861 1947 et
2884 1907 3096 1956 rursus,
3121 1891 3494 1960 Sancti/icabo
3524 1910 3693 1956 eum,
3714 1896 3840 1964 quasi

542 1988 628 2043 sui
657 1987 932 2054 oderunt;
967 1990 1165 2043 etideo
1194 1989 1366 2043 sancti
1402 1997 1582 2043 erunt.
1637 2009 1655 2040 ι
2226 1982 2307 2035 dc-
2324 1981 2428 2035 illis
2469 1982 2601 2037 dicit
2638 1984 2730 2053 qui
2759 1984 2943 2047 unius,
2987 1983 3041 2039 id
3067 1992 3152 2039 est
3204 1984 3350 2038 illius
3393 1986 3503 2054 qui
3544 1987 3841 2040 secundum

613 2076 900 2143 Quomodo
924 2081 1173 2151 polluant
1213 2082 1527 2136 sacerdotes
1580 2097 1779 2136 nomen
1816 2083 1928 2146 Dei,
1958 2082 2125 2135 Mala-
2225 2074 2471 2129 ordinem
2516 2075 2913 2132 Melchisedech
2948 2076 3314 2131 ministrantis
3349 2076 3633 2133 oﬂicium
3683 2095 3842 2133 susco

542 2170 695 2225 chias
724 2164 992 2239 propheta
1024 2173 1309 2242 exposuit:
1346 2172 1440 2226 Vos
1465 2176 1783 2234 sacerdotes,
1816 2176 1905 2245 qui
1926 2175 2123 2243 pollui-
2227 2175 2424 2233 Ρθτηηῑ
2460 2184 2473 2219 ε
2502 2167 2651 2222 illum
2686 2168 2833 2223 enim
2866 2177 2923 2223 ει
2950 2169 3067 2238 ipsa
3105 2176 3287 2222 ιθιιυδ
3340 2170 3529 2224 Verba
3587 2172 3721 2226 Sine
3753 2172 3839 2225 dif“

542 2262 606 2315 tis
639 2279 827 2315 nomen
855 2280 1048 2326 meum,
1079 2273 1127 2317 et
1170 2264 1380 2318 dixistis
1408 2281 1427 2319 :
1468 2268 1535 2320 In
1559 2282 1659 2335 quo
1692 2266 1974 2333 polluimus
2031 2268 2126 2320 te?
2226 2257 2464 2314 “Cllilale
2492 2259 2822 2330 Signiﬁcant.
2859 2260 3003 2314 Sicut
3035 2268 3191 2314 exim
3218 2268 3478 2315 nostram
3528 2263 3842 2317 translatio-

540 2354 737 2423 oﬂ‘erlis
758 2371 916 2424 super
936 2355 1112 2410 altare
1142 2373 1316 2411 meum
1353 2373 1544 2429 panem
1571 2356 1825 2425 pollutum
1848 2359 1913 2411 ’⁵.
1947 2358 2010 2410 Et
2042 2358 2124 2411 his
2224 2365 2350 2404 Item
2376 2350 2539 2405 etiam
2571 2352 2750 2406 Caneri
2781 2352 3142 2420 interpretum
3164 2352 3577 2410 οεῑωὶάθτυηῑ·
3616 2354 3840 2417 Eli-"lilii.

540 2448 739 2501 similia
761 2448 969 2502 addens
1015 2450 1288 2505 subdidit:
1341 2449 1566 2520 Propter
1614 2451 1751 2519 quod
1790 2450 1836 2503 si
1892 2449 2124 2518 oﬂ'emtis
2224 2443 2371 2511 quod
2427 2441 2569 2497 LXX
2591 2444 2876 2506 dixerunt.
2910 2444 3065 2499 Dona
3097 2445 3315 2499 Domini
3369 2445 3481 2501 Dei
3530 2450 3714 2501 vestri
3752 2449 3841 2515 ipse

540 2557 735 2594 arcum
767 2542 837 2594 ad
870 2542 1270 2603 immolandum.
1307 2559 1478 2597 nonne
1509 2542 1711 2596 malum
1733 2553 1827 2607 est,
1855 2552 1903 2596 et
1925 2545 1970 2595 si
1999 2545 2114 2613 olfe-

2224 2536 2420 2604 o/feret,
2450 2536 2522 2589 illi
2540 2536 2860 2591 ediderunt:
2882 2533 3019 2600 Quia
3051 2552 3214 2606 panes
3251 2536 3344 2589 Dei
3379 2538 3470 2590 tui
3494 2539 3628 2608 ipse
3657 2542 3836 2609 oﬂ'ertt.

540 2632 682 2684 ralis
707 2648 724 2685 :
748 2631 997 2685 claudum
1028 2642 1077 2686 et
1096 2633 1428 2703 languidum,
1451 2650 1622 2687 nonne
1637 2634 1839 2687 malum
1861 2646 1935 2688 est
1954 2635 2037 2688 “1'
2059 2636 2125 2689 Et
2222 2625 2381 2679 Νυηο
2411 2627 2572 2680 πηοίῘο
2603 2634 2785 2681 amem
2814 2626 3031 2697 ignoras
3063 2627 3192 2696 (Ιυί³
3225 2625 3667 2685 Μθιοῗιίδθάθείι
3701 2633 3834 2685 Obb-

538 2738 765 2776 rursus:
793 2726 1050 2792 Magnum
1080 2734 1155 2777 est
1177 2740 1364 2777 nomen
1407 2741 1578 2778 meum
1607 2727 1664 2779 in
1690 2727 1946 2797 gentibus.
1995 2728 2124 2781 dicit
2212 2719 2429 2773 -ιὶθηεεηὶ
2458 2726 2514 2772 el
2543 2719 2909 2774 sacerdotium
2940 2719 2997 2774 in
3026 2719 3259 2789 Panibus
3280 2721 3654 2791 POSSidebal-
3682 2722 3836 2789 Pror-

539 2814 818 2886 Dominus,
847 2832 936 2869 vos
963 2825 1141 2869 autem
1170 2816 1429 2885 polluistis
1471 2817 1605 2871 illud
1634 2819 1687 2871 in
1718 2834 1778 2871 eo
1825 2823 1964 2887 quod
1990 2819 2125 2871 dici-
2224 2815 2308 2861 ἴθι·
2342 2808 2485 2876 quoa
2535 2816 2592 2862 ει
2621 2809 2852 2864 Abram"
2887 2824 3058 2880 Ρθηθε
3105 2825 3300 2880 gerens
3330 2819 3385 2865 ει
3466 2812 3704 2875 Vinum:
3730 2827 3835 2881 ⁸1³³³

540 2905 627 2968 tis,
666 2909 847 2959 Mensa
891 2905 1105 2959 Domini
1132 2908 1338 2961 deserta
1386 2916 1462 2961 est
1483 2908 1546 2960 ".
1597 2906 1738 2978 Ergo
1792 2907 1849 2961 in
1898 2918 2123 2977 peccato
2222 2905 2380 2951 0mm
2411 2897 2564 2968 δίεπε·
2603 2899 2722 2968 eius
2753 2898 3062 2965 δθοθτάοῐίίν
3099 2900 3376 2956 occurri“
3414 2901 3671 2971 Βετεδεη
3696 2904 3834 2957 enim

540 2994 936 3049 sacriﬁciorum
964 2995 1058 3049 Dei
1080 3012 1279 3051 nomen
1322 2997 1577 3066 polluunt
1609 2998 1938 3052 sacerdotes.
1966 2997 2122 3054 Unde
2223 2987 2514 3059 ὶιηειεῖηθηι
2563 2988 2786 3053 Chiis“:
2831 2990 2898 3044 de
2935 3005 3044 3060 qu"
3082 2989 3248 3045 θθνίά
3300 2998 3527 3060 patrem
3583 2993 3835 3048 ειδίδιιὶι

539 3102 665 3139 cum
714 3087 987 3156 lcgislator
1024 3087 1250 3142 dixisset
1280 3104 1293 3141 :
1326 3088 1448 3142 Non
1479 3088 1714 3159 polluent
1758 3105 1944 3143 nomen
1984 3089 2117 3159 ejus,
2151 3143 2191 3161 Π
2224 3080 2280 3134 in
2305 3080 2591 3150 prophetia
2621 3081 2893 3136 dicentem
2925 3100 2939 3135 :
2972 3081 3045 3135 Tu
3079 3100 3130 3137 es
3162 3081 3423 3139 Sacerdos
3453 3084 3512 3136 in
3541 3094 3833 3147 ωεετκκιιιν

542 3191 651 3230 non
674 3177 872 3232 frustra
903 3178 1129 3243 addidit,
1152 3180 1431 3235 Incensum
1461 3183 1602 3239 enim
1629 3181 1862 3247 Domini,
1883 3190 1929 3234 et
1960 3197 2114 3249 punet

2225 3172 2507 3225 secundum
2563 3173 2799 3227 ordinem
2852 3173 3219 3230 Melchisedech
3257 3176 3326 3228 “.
3373 3175 3563 3243 Cujus
3605 3186 3667 3230 et
3697 3192 3836 3230 nunc

545 3266 643 3319 Dei
674 3266 756 3318 sui
789 3267 1031 3336 offerunt.
1064 3267 1162 3323 Vel
1196 3269 1336 3325 sicut
1367 3270 1528 3337 LXX,
1562 3269 1699 3336 Quia
1740 3273 1840 3342 ipsi
1894 3272 2122 3340 o/ferunt
2226 3262 2499 3332 legisialor
2526 3263 2618 3319 ilic
2636 3264 2957 3336 dignitale
2983 3281 3095 3320 non
3137 3266 3315 3321 solum
3353 3281 3572 3335 panum
3620 3284 3834 3322 memo-

542 3356 806 3426 sacriﬁcia
834 3357 970 3422 Dei;
1005 3375 1126 3428 quae
1157 3376 1269 3414 non
1303 3371 1515 3416 tantum
1565 3364 1632 3418 dc
1660 3363 2114 3418 irrationabilibus

2228 3352 2362 3405 riam
2407 3352 2610 3409 iaciens
2636 3354 2876 3409 ostendit
2910 3373 2925 3409 :
2957 3356 3054 3410 sed
3092 3363 3146 3410 et
3178 3356 3597 3424 subsequentia
3645 3360 3831 3419 verba.

545 3447 757 3513 bestiis,
785 3460 1052 3517 quantum
1079 3452 1145 3506 de
1168 3453 1530 3509 rationalibus
1575 3456 1870 3525 praecipere
1906 3455 2124 3527 legisla-
2225 3443 2270 3498 Si
2288 3459 2478 3499 80mm
2492 3446 2747 3501 ειιιιῑῦίυε
2759 3447 3005 3503 ordinem
3023 3448 3388 3508 θιῑεηάθῐηιιεν
3412 3446 3524 3503 hoc
3541 3450 3833 3505 ονίάεηιεΐ

546 3549 719 3595 torem
744 3551 799 3594 et
844 3543 1169 3612 prophetam
1205 3555 1382 3614 putes.
1412 3546 1680 3601 Pollutam
1721 3548 1870 3602 enim
1899 3549 2030 3603 dicit
2068 3559 2114 3603 el

2223 3534 2480 3596 innuunt.
2508 3538 2633 3607 quia
2671 3539 3017 3594 sacerdotum
3043 3539 3401 3594 sanctiﬁcatio
3442 3539 3515 3593 ad
3546 3540 3830 3595 Christum

542 3632 786 3686 ostendit
831 3632 1043 3689 Domini
1100 3652 1349 3690 mensam
1384 3639 1641 3693 sacerdos
1699 3639 1789 3693 ille
1827 3639 1917 3710 qui
1951 3641 2020 3694 ab
2059 3656 2114 3694 ea

2222 3623 2418 3689 tendit,
2441 3642 2552 3682 non
2573 3628 2748 3682 solum
2765 3629 2890 3698 quia
2916 3630 2986 3684 ab
3001 3645 3066 3684 eo
3083 3629 3373 3684 sacerdotii
3399 3629 3590 3700 legem
3614 3641 3677 3686 et
3707 3649 3831 3686 ωε»,

543 3738 638 3777 cos
666 3723 759 3792 qui
789 3723 1078 3794 iniquitate
1116 3729 1323 3798 peccati
1354 3730 1546 3799 polluti
1575 3739 1722 3797 sunt,
1747 3746 1857 3786 non
1876 3731 2124 3802 praecipit
2223 3713 2355 3769 dum
2381 3727 2732 3787 acceperunt,
2766 3720 2863 3791 ξίεά
2892 3720 3018 3790 quia
3060 3720 3457 3795 εθίέτίθείοτυω
3486 3737 3625 3791 quin
3652 3726 3732 3781 ab
3754 3726 3829 3780 eis

2224 3806 2549 3876 offeruntur,
2602 3819 2766 3880 atque
2819 3812 3178 3875 oblationum,
3230 3813 3351 3884 ipse
3405 3816 3563 3884 apud
3612 3827 3828 3888 patrem

539 3918 729 3964 sancta
757 3910 1036 3982 contingi;
1094 3912 1163 3966 de
1202 3913 1403 3983 quibus
1450 3915 1528 3968 ait
1569 3906 1807 3970 Paulus:
1850 3915 1952 3981 Qui
2017 3932 2122 3969 non
2223 3897 2492 3954 mediator
2527 3908 2629 3955 θεί-
2657 3901 3031 3972 Eivlll‘oi’lm‘ﬁil
3058 3902 3171 3957 θίῑε

538 4004 785 4056 discernit
813 4020 1022 4073 corpus,
1041 4005 1309 4073 judicium
1348 4005 1448 4059 sibi
1480 4008 1766 4061 manduca!
1799 4016 1847 4061 et
1899 4009 2027 4061 bibit
2053 4009 2116 4063 “.

536 4092 744 4150 Oll‘eret
777 4105 962 4149 autem
997 4106 1051 4151 et
1084 4096 1340 4152 claudum
1374 4100 1440 4152 ad
1469 4098 1664 4162 altare,
1712 4101 1806 4170 qui
1840 4100 2117 4156 inﬁdelem

2293 4014 2570 4067 Incensum
2616 4014 2757 4068 enim
2787 4014 3002 4068 Domini
3042 4025 3093 4069 et
3116 4033 3281 4086 panes
3313 4017 3408 4071 Dei
3444 4020 3534 4072 sui
3574 4022 3826 4091 oﬂ’mu.

2222 4100 2349 4156 Sive
2372 4103 2670 4158 secundum
2694 4103 2866 4159 LXX:
2894 4105 3042 4159 Dona
3063 4107 3279 4161 Domini
3300 4110 3454 4163 vestri
3482 4110 3603 4177 ipse
3624 4115 3824 4182 offeret.

536 4187 604 4241 ad
636 4188 1004 4242 ministerium
1035 4189 1329 4258 provehit;
1363 4189 1445 4245 sic
1495 4191 1643 4246 cnim
1676 4192 1925 4247 inﬁdeles
1969 4193 2118 4248 Elias

538 4280 828 4336 Thesbites
891 4282 1215 4351 appellavit,
1290 4284 1509 4354 quando
1580 4284 1787 4339 Iudaeis
1854 4286 2112 4342 dicebat:

540 4373 813 4445 Usquequo
835 4373 1150 4429 elaudicatis
1176 4376 1233 4428 in
1261 4384 1540 4447 utramque
1566 4386 1772 4446 partem
1790 4377 1832 4409 “
1854 4377 1879 4431 ?
1898 4377 2113 4433 Cacum

532 4477 591 4522 et
616 4467 842 4521 surdum
872 4467 1147 4538 provehit,
1179 4468 1272 4539 qui
1308 4467 1693 4524 inobedicntia:
1739 4470 1823 4524 vel
1854 4469 2114 4540 ignoran-

534 4556 624 4611 tia!
656 4555 752 4611 Dei
796 4557 991 4613 morbo
1046 4558 1384 4614 laborantem
1436 4558 1730 4628 producit;
1785 4559 1853 4614 de
1907 4560 2110 4629 quibus

531 4650 699 4706 Isaias
729 4651 903 4705 Deum
944 4668 1102 4706 suum
1130 4653 1431 4709 introduxit
1460 4652 1767 4708 dicentem:
1805 4652 1985 4717 Sardi,
2013 4671 2116 4708 an-

532 4741 661 4806 dite,
702 4752 752 4793 et
798 4743 940 4808 caeci,
991 4742 1288 4815 intelligite.
1339 4742 1466 4807 Quis
1522 4758 1710 4807 aecus,
1775 4744 1875 4798 nisi
1924 4743 2116 4799 Servus

531 4833 713 4886 meus?
755 4842 804 4886 et
842 4834 958 4904 quis
1001 4838 1212 4902 surdus,
1264 4837 1367 4890 nisi
1409 4838 1481 4890 ad
1530 4853 1684 4905 quem
1726 4838 1936 4891 nuntios
1976 4854 2114 4893 meos

531 4926 654 4981 misi
669 4927 754 4980 ὀἳ
782 4926 1011 4994 Quando
1046 4946 1177 5003 ergo
1211 4931 1312 4986 hos
1336 4930 1428 5000 qui
1470 4931 1607 4986 tales
1641 4940 1794 4997 sunt,
1817 4930 2018 4986 oli‘crrc
2045 4933 2111 4987 ad

529 5020 701 5075 altare
738 5029 793 5075 et
819 5022 1099 5093 suscipere
1129 5022 1418 5094 mysticum
1451 5023 1818 5077 ministerium
1858 5025 2112 5079 sacerdos

530 5112 901 5183 proposuerit,
931 5129 1116 5169 nonne
1168 5113 1588 5183 polluitnomen
1642 5114 1739 5168 Dei
1768 5113 1888 5168 sui?
1933 5130 2113 5185 neque

529 5203 677 5258 enim
711 5204 815 5259 erit
858 5205 910 5261 ei
965 5205 1073 5259 hoc
1120 5204 1245 5259 sine
1310 5204 1600 5260 maledicto
1635 5214 1692 5260 et
1733 5206 2112 5271 detractione,

530 5304 721 5368 utpote
750 5296 841 5366 qui
871 5295 1192 5350 ministrare
1240 5294 1353 5351 Deo
1384 5295 1559 5353 malos
1596 5297 1866 5367 praecipit.
1918 5298 2026 5353 Sed
2061 5309 2117 5352 et

532 5389 652 5459 ipse
677 5396 901 5444 sanctus
931 5387 1058 5452 erit,
1089 5389 1159 5444 ab
1183 5388 1272 5443 his
1300 5403 1360 5444 se
1382 5389 1708 5457 continens;
1741 5390 1887 5459 quod
1913 5400 2117 5445 osten—

534 5480 615 5537 dit
656 5481 863 5536 Paulus
895 5480 1123 5536 dicens:
1167 5478 1363 5535 Manus
1411 5483 1514 5534 cito
1545 5483 1744 5537 nemini
1781 5484 2114 5552 imposueris,

612 5678 728 5733 "ll
753 5677 897 5748 Tim.
940 5693 1013 5743 tv,
1054 5675 1110 5732 2.
1180 5680 1224 5711 ⁸³
1251 5678 1381 5736 ibid.
1429 5678 1480 5732 5.
1562 5677 1602 5708 “
1632 5675 1845 5748 Philipp

536 5745 627 5803 2‘).
703 5749 748 5780 ¹⁹
778 5747 842 5801 ιιι
880 5746 1008 5820 Reg.
1036 5766 1191 5820 xvm,
1223 5750 1313 5806 21.
1395 5751 1440 5781 ²⁰
1467 5748 1570 5804 lsa.
1608 5764 1716 5815 xu,
1763 5745 1958 5809 £8.19.

1852 5719 1865 5734 .
1907 5695 1988 5743 tu,
2012 5679 2067 5731 2.
2147 5680 2190 5710 ⁸⁸
2221 5678 2448 5734 Malach.
2475 5695 2513 5735 ι.
2541 5680 2591 5732 7.
2667 5678 2708 5708 ³⁵
2736 5676 2865 5731 ibid.
2894 5677 2946 5731 8.
3027 5681 3068 5710 ¹⁷
3100 5679 3233 5734 ibid.
3271 5679 3357 5734 Η.

2039 5750 2081 5780 ¹¹
2112 5749 2133 5803 1
2162 5747 2303 5804 'lim.
2334 5763 2389 5815 γ,
2414 5749 2501 5801 i2.
2581 5746 2627 5778 "
2666 5746 2804 5803 Psal.
2836 5762 2943 5814 cur,
2970 5748 3022 5802 4.

2219 4193 2331 4250 Cur
2356 4204 2540 4252 autem
2565 4197 2774 4252 addidit
2797 4216 2811 4253 :
2835 4196 2918 4253 Sit
2939 4216 3060 4270 ergo
3088 4210 3322 4266 sanctus,
3339 4204 3464 4273 quia
3490 4214 3545 4256 et
3581 4222 3685 4276 ego
3713 4224 3827 4260 sum

2220 4300 2433 4342 sanctus
2467 4287 2743 4355 Dominus,
2767 4289 2857 4359 qui
2900 4293 3170 4360 sancti/ica
3202 4294 3328 4347 vos?
3356 4294 3478 4348 Non
3513 4295 3687 4361 dixit,
3726 4299 3824 4366 Qui

2218 4378 2498 4433 sanctiﬁco
2546 4386 2634 4443 te,
2683 4394 2754 4433 ne
2783 4379 2922 4434 forte
2955 4381 3231 4438 existimes
3279 4382 3432 4437 illum
3478 4387 3823 4443 sanctiﬁcari

2149 4511 2194 4566 υ
2218 4471 2310 4542 qui
2337 4472 2479 4526 dona
2513 4471 2580 4525 ad
2608 4471 2848 4538 Patrem,
2878 4486 2938 4527 ut
2962 4474 3230 4529 mediator
3266 4475 3481 4539 oﬁ‘eret,
3527 4479 3631 4533 sed
3691 4498 3823 4533 san-

2223 4564 2463 4632 ctiﬁcans
2487 4580 2595 4629 vos,
2626 4563 2877 4619 videlicet
2898 4565 2990 4635 qui
3015 4567 3070 4619 in
3096 4566 3216 4635 ejus
3239 4566 3465 4638 ﬁguram
3496 4571 3823 4625 sacerdotes

2224 4657 2481 4714 Ecclesiae
2515 4659 2793 4714 constituti
2823 4668 2972 4714 sunt.
3012 4659 3155 4726 Quid
3180 4676 3308 4732 ergo
3334 4677 3567 4717 necesse
3595 4675 3724 4720 erat
3744 4667 3822 4719 sic

2220 4752 2386 4805 verba
2413 4751 2685 4814 connecti,
2704 4760 2800 4806 aut
2820 4767 2986 4821 quam
3007 4752 3238 4808 omnino
3269 4754 3436 4808 habet
3463 4769 3820 4826 consequen-

2221 4842 2353 4897 tiam
2401 4841 2587 4895 talium
2610 4841 2840 4911 prolatio
2867 4843 3156 4897 verborum
3180 4843 3236 4897 in
3261 4845 3619 4901 translatione
3633 4847 3781 4903 LXX
3802 4869 3818 4902 :

2221 4930 2448 4986 Sanctus
2495 4932 2614 4997 erit,
2662 4933 2786 5001 quia
2834 4941 3048 4987 sanctus
3094 4951 3232 4999 sum,
3280 4951 3373 5005 ego
3414 4933 3684 4991 Dominus
3732 4942 3820 5010 qui

2221 5023 2492 5091 sancti/ica
2547 5039 2633 5077 vos
2668 5025 2695 5077 .9
2735 5023 2996 5094 Superius
3044 5026 3194 5080 enim
3240 5027 3709 5087 sanctiﬁcationis
3768 5034 3816 5085 ei

2223 5115 2595 5170 testimonium
2623 5115 2909 5185 praebitum
2932 5125 3035 5179 est,
3057 5116 3198 5172 sicut
3221 5118 3463 5188 praedicti
3485 5120 3813 5187 ediderunt,

2223 5208 2501 5263 dicentes:
2533 5208 2669 5272 Quia
2698 5218 2911 5263 sanctus
2934 5219 3007 5263 est
3033 5210 3253 5264 Domino
3286 5212 3391 5266 Deo
3418 5229 3534 5265 suo.
3569 5213 3817 5280 Quomo-

2223 5300 2294 5354 do
2327 5315 2455 5371 ergo
2504 5315 2693 5354 rursus
2723 5300 2940 5362 inferet,
2983 5300 3050 5354 Et
3079 5303 3431 5371 sanetiﬁcabis
3462 5321 3587 5358 eunt
3610 5307 3636 5359 ?
3660 5306 3815 5361 Dona

2226 5390 2363 5444 enim
2392 5390 2600 5444 Domini
2632 5389 2725 5443 Dei
2754 5392 2911 5444 vestri
2941 5392 3049 5459 ipse
3093 5393 3289 5462 offeret.
3339 5392 3465 5446 Tria
3514 5410 3656 5465 ergo
3699 5396 3817 5451 haec

2226 5497 2323 5551 per
2358 5497 2422 5536 ea
2449 5497 2569 5552 quae
2597 5482 2738 5537 dicta
2768 5491 2895 5536 sunt
2918 5483 3173 5547 ostendit,
3207 5484 3260 5538 id
3287 5492 3367 5539 est
3400 5484 3531 5553 quia
3554 5486 3819 5541 Christus

3437 5679 3479 5711 "'
3505 5680 3527 5736 ι
3568 5679 3702 5739 Cor.
3738 5700 3817 5749 ιι.
