3962 6220
165 309 358 380 1057

1401 323 1485 414 IN
1524 320 1962 385 LEVl'I‘lCUM.
2008 349 2074 361 -
2110 294 2258 387 LIB.
2292 324 2395 388 v1.

3398 331 3535 399 1058

151 435 557 489 svcnndum
587 436 730 506 quod
775 444 859 492 est
888 436 1061 505 'Deus,
1096 444 1150 491 et
1172 446 1391 493 sanctus
1421 450 1525 501 est,
1562 456 1594 494 a
1641 449 1831 494 διδωμι·
1874 448 1916 502 Α
1948 440 2311 511 legitimorum
2340 442 2617 510 praedicet,
2640 458 2744 499 nec
2794 452 2977 499 utatur
3002 445 3081 501 eis
3106 446 3305 515 quibus
3331 448 3420 503 illa
3443 466 3536 504 se-

163 522 323 589 ipso
343 527 871 581 szmctiﬁcationem
887 527 1093 581 habens
1110 529 1222 592 ,sed
1240 535 1294 582 et
1310 544 1408 582 nos
1421 530 1842 596 sanctiﬁcamus;

162 609 257 663 de
293 629 443 682 quo
490 616 625 669 dixit
651 617 847 670 Paulus
883 635 894 669 :
937 614 1038 680 Qui
1080 617 1376 685 sanctiﬁcat
1400 628 1448 671 et
1478 620 1569 688 qui
1602 620 1846 688 sancti/i-

166 715 456 771 cuntur,
509 724 573 761 ea:
631 725 735 761 uno
776 725 952 762 omnes
985 707 1052 761 ".
1108 708 1215 762 Sed
1257 709 1343 762 ille
1385 710 1606 780 quidem
1654 729 1683 764 ει
1734 710 1847 766 Deo

166 806 405 850 unum
468 798 645 852 solum
695 797 893 864 Filius,
928 799 1021 854 sed
1053 807 1107 854 et
1133 799 1225 854 Dei
1264 809 1482 864 natura,
1519 818 1622 857 nos
1663 810 1845 858 autem

170 888 407 957 gratia
452 907 471 956 ;
524 898 749 960 propter
800 890 944 960 quod
993 892 1083 946 ille
1126 892 1344 961 quidem
1379 893 1698 961 sanctiﬁcat,
1745 908 1846 949 nos

177 983 424 1031 autem
453 980 877 1045 sanctiﬁcamur;
897 982 1196 1036 secundum
1214 991 1392 1037 autem
1410 982 1553 1053 quod
1571 985 1843 1040 incarnari

183 1067 251 1121 ei
294 1069 552 1136 placuit,
578 1077 632 1124 et
658 1086 766 1124 non
797 1071 975 1125 solum
1001 1072 1354 1135 sacriﬁcium,
1395 1074 1488 1128 sed
1515 1081 1569 1129 et
1596 1075 1844 1145 pontifex

188 1156 373 1225 fieri,
407 1161 715 1217 secundum
744 1163 846 1216 hoc
879 1162 1116 1225 Patrem,
1150 1172 1203 1218 et
1234 1165 1545 1227 Dominum,
1580 1175 1634 1220 et
1676 1166 1844 1220 Deum

197 1250 456 1307 habere
500 1253 718 1318 dicitur,
763 1255 903 1309 sicut
941 1254 1058 1323 ipse
1098 1256 1164 1309 ad
1199 1256 1421 1311 Mariam
1472 1256 1840 1329 Magdclenam

195 1341 370 1396 dixit
417 1361 431 1396 :
467 1344 604 1399 Vade
637 1345 709 1398 ad
741 1347 933 1417 fratres
977 1363 1113 1400 meos
1143 1357 1190 1401 et
1224 1348 1308 1401 dic
1354 1349 1427 1402 eis
1458 1364 1477 1402 :
1510 1350 1743 1403 Ascendo
1772 1352 1844 1404 ad

198 1431 476 1489 Patrem
505 1454 696 1502 meum,
720 1448 768 1491 et
788 1437 1007 1492 Patrem
1033 1449 1278 1504 vestrum,
1309 1440 1381 1494 ad
1401 1441 1568 1495 Deum
1595 1459 1767 1496 meum
1794 1452 1845 1497 et

198 1525 419 1582 Deum
444 1539 670 1585 vestrum
695 1531 762 1598 “,
790 1539 845 1585 et
872 1539 1161 1601 prepterea
1191 1531 1266 1585 ait
1296 1550 1309 1585 :

293 1617 455 1683 Quia
477 1629 690 1675 sanctus
712 1631 785 1675 est
811 1622 1035 1675 Domino
1063 1622 1167 1676 Deo
1199 1639 1310 1675 suo.
1339 1622 1568 1678 Sanctus
1597 1633 1681 1679 est
1704 1625 1843 1680 sicut

207 1706 413 1777 Deus,
447 1712 677 1767 Domino
705 1721 887 1767 autem
924 1710 1034 1767 Deo
1066 1713 1184 1783 ejus
1215 1722 1273 1767 ut
1299 1714 1483 1768 homo.

1949 528 2187 581 cundum
2216 527 2449 583 litteram
2475 532 2732 586 utebatur
2766 551 2779 586 :
2808 533 2862 587 id
2890 543 2993 599 est,
3019 545 3082 590 ut
3137 550 3314 605 neque
3363 539 3535 593 sacri-

1950 620 2508 687 ﬁeiairrationalium,
2543 634 2599 679 et
2650 624 3058 695 puriﬁcationes
3108 629 3423 694 sensibiles,
3475 630 3533 685 in

1946 712 2147 782 quibus
2180 712 2538 784 intelligibilia
2571 716 2775 770 credita
2808 726 2955 783 sunt,
2989 733 3171 788 agant.

2022 802 2261 859 “2115.9.
2309 824 2326 855 α
2364 803 2674 860 Sacerdotis
2732 806 2837 860 ﬁlia
2866 808 2912 862 si
2966 808 3312 878 deprehensa
3367 811 3535 866 fuerit

1947 894 2001 948 in
2024 903 2239 966 stupro,
2278 904 2335 951 et
2359 897 2648 952 violaverit
2674 912 2876 952 nomen
2926 900 3098 968 patris
3147 901 3251 967 sui,
3302 901 3535 957 flammis

1945 991 2227 1039 exuratur.
2261 1001 2280 1033 s

2016 1068 2195 1125 Grave
2220 1078 2305 1123 est
2327 1069 2544 1139 quidem
2572 1071 2738 1126 etiam
2758 1071 2991 1126 cuilibet
3020 1073 3136 1128 viro
3156 1073 3416 1129 fornicari
3468 1075 3534 1129 ﬁ-

1945 1157 2097 1225 liam,
2161 1159 2397 1215 maxime
2442 1168 2626 1215 tamen
2688 1163 3011 1225 sacerdotis,
3049 1165 3175 1233 quia
3229 1166 3532 1221 secundum

1944 1245 2091 1315 quod
2114 1246 2250 1299 dixit
2276 1246 2474 1302 Paulus
2501 1268 2513 1302 :
2563 1247 2780 1316 Oportet
2831 1252 3125 1305 sacerdotes
3172 1253 3309 1320 ﬁlios
3340 1253 3533 1308 habere

1942 1335 2176 1390 subditos
2207 1353 2325 1391 cum
2346 1340 2492 1391 omni
2518 1341 2762 1394 castitate
2790 1341 2856 1407 '°,
2905 1342 2978 1396 ita
3032 1352 3092 1397 ut
3155 1358 3269 1397 non
3313 1344 3532 1399 dicatur

1944 1428 2013 1482 de
2044 1443 2110 1483 eo
2141 1429 2285 1498 quod
2306 1431 2554 1500 sequitur
2584 1450 2598 1465 ο
2656 1431 2715 1488 Si
2766 1434 2889 1502 quis
2941 1451 3052 1489 sua:
3084 1435 3266 1489 domui
3309 1453 3531 1506 prwesse
3574 1458 3579 1465 δ

1943 1528 2129 1588 nescit,
2160 1530 2417 1598 quomodo
2452 1527 2695 1582 Ecclesim
2721 1529 2820 1583 Dei
2838 1547 3029 1583 curam
3058 1531 3260 1588 habebit
3283 1533 3365 1585 ³⁸⁸1
3389 1532 3525 1586 Pro-

1944 1625 2132 1684 pterca
2160 1616 2475 1671 Iudaeorum
2505 1618 2786 1686 Synagoga
2815 1633 2924 1672 non
2950 1620 3126 1673 solum
3158 1636 3314 1685 uxor,
3345 1621 3440 1675 sed
3468 1632 3526 1676 et

1948 1703 2058 1756 lilia
2085 1703 2173 1756 l“ei
2196 1705 2459 1773 appellata
2481 1705 2535 1759 in
2560 1705 2842 1774 prophetis
2863 1705 3162 1761 invenitur.
3187 1707 3292 1763 Sed
3313 1718 3529 1762 utrum-

303 1802 543 1874 Propter
567 1805 705 1873 quod
740 1814 789 1857 et
819 1779 1172 1871 sanctiﬁcaliis
1206 1821 1345 1870 eum,
1379 1807 1517 1859 dona
1566 1807 1703 1859 enim
1732 1807 1835 1859 Do-

1946 1808 2053 1862 que
2090 1792 2206 1861 ipsa
2248 1794 2600 1861 depravatis,
2660 1794 2884 1864 indigna
2935 1796 3095 1850 donis
3144 1797 3418 1865 apparuit,
3470 1804 3527 1850 et

216 1896 381 1948 mini
408 1895 502 1948 Dei
518 1897 677 1949 vestri
702 1898 812 1967 ipse
840 1898 1040 1967 offeret.
1078 1896 1184 1951 Sed
1212 1904 1266 1951 et
1295 1898 1419 1968 quia
1446 1899 1501 1952 in
1529 1899 1649 1968 ejus
1671 1898 1839 1968 ﬁgura

216 1987 335 2057 qui
368 1988 438 2041 ab
462 2003 529 2042 eo
557 1988 911 2043 constituitur
933 1988 1246 2045 sacerdotes
1272 1989 1601 2056 ministrant,
1628 1991 1685 2044 in
1708 1990 1840 2060 ipsis

222 2089 291 2136 et
335 2081 410 2135 ah
454 2081 586 2151 ipsis
616 2081 944 2136 sanctiﬁcari
1000 2081 1216 2149 dicitur,
1277 2090 1333 2162 et
1375 2089 1665 2153 propterea
1715 2099 1837 2139 cum

221 2173 420 2226 semel
446 2172 695 2237 dixisset,
729 2170 957 2228 Sanctus
989 2182 1087 2239 est,
1121 2173 1335 2229 addidit
1378 2182 1560 2228 tamen
1591 2174 1840 2240 Sanctifi-

228 2264 392 2318 cabis
423 2279 562 2328 eum,
588 2271 645 2318 et
675 2280 890 2330 rursus,
922 2263 1154 2319 Sanctus
1187 2266 1306 2319 erit.
1341 2263 1625 2330 Quomodo
1656 2275 1837 2321 autem

228 2371 350 2409 nos
381 2371 506 2408 eum
556 2355 900 2411 sanctiﬁcare
943 2356 1287 2425 possumus?
1336 2355 1492 2412 Unde
1543 2369 1639 2412 aut
1669 2373 1695 2410 a
1730 2375 1837 2428 quo

233 2448 738 2503 sanctiﬁcatiouem
772 2448 1060 2514 habentes,
1094 2449 1391 2504 ostendens
1419 2450 1624 2505 addidit
1654 2471 1666 2505 :

316 2539 457 2603 Quia
499 2551 712 2593 sanctus
748 2556 842 2612 ego
870 2556 988 2594 sum
1040 2540 1298 2595 Dominus
1344 2542 1680 2611 sancti/imus
1727 2559 1833 2597 eos.

237 2626 307 2683 Si
351 2644 481 2698 ergo
515 2645 547 2683 a
591 2628 704 2683 Deo
749 2629 931 2684 datam
990 2630 1151 2685 nobis
1194 2630 1682 2687 sanctiﬁcationem
1734 2648 1836 2688 nos

234 2719 559 2775 sacerdotes
599 2720 991 2787 custodiamus,
1026 2721 1432 2777 sanctificamus
1456 2740 1555 2794 per
1594 2735 1834 2779 nostram

236 2808 739 2866 sanctiﬁcationem
769 2826 894 2866 eum
923 2812 1016 2883 qui
1057 2822 1279 2868 sanctus
1322 2815 1623 2869 secundum
1671 2825 1835 2871 natu-

237 2919 362 2957 ram
395 2913 501 2968 est,
531 2905 586 2957 in
616 2904 778 2960 nobis
806 2904 1092 2971 duntaxat,
1119 2907 1247 2976 quia
1278 2906 1334 2959 in
1375 2906 1753 2962 conformibus
1780 2918 1835 2963 et

236 2994 609 3065 participibus
669 2995 789 3066 ejus
835 2996 1021 3066 gloriae
1080 2977 1255 3049 voluit
1316 2996 1670 3065 sanctiﬁcari,
1730 3000 1833 3054 hac

1945 1890 2239 1949 propterea
2273 1881 2448 1935 aliena
2482 1881 2622 1937 facta
2657 1894 2780 1950 est;
2815 1885 2890 1937 ita
2932 1892 2993 1938 ut
3026 1884 3167 1939 Deus
3207 1899 3304 1953 per
3324 1884 3524 1940 Isaiam

1943 1972 2157 2027 diceret
2186 1988 2200 2024 ε
2233 1969 2573 2042 Relinquetur
2601 1972 2717 2040 ﬁlia
2747 1972 2877 2028 Sion
2910 1977 3043 2029 sicut
3071 1974 3437 2028 umbraculum
3469 1976 3526 2030 in

1944 2064 2118 2128 vinea,
2142 2073 2190 2115 et
2221 2064 2354 2116 sicut
2381 2066 2651 2132 tugurium
2674 2064 2726 2118 in
2748 2067 3134 2127 cucumerario,
3166 2076 3218 2118 et
3244 2066 3380 2119 sicut
3400 2067 3530 2120 civi-

1948 2164 2028 2209 tas
2056 2171 2174 2226 qua:
2193 2164 2441 2210 vastatur
2462 2156 2529 2209 ³¹.
2556 2158 2675 2225 Ipsa
2700 2157 2987 2226 profanata
3016 2167 3072 2212 et
3090 2158 3394 2213 adulterata
3414 2167 3528 2213 est.

1951 2246 2029 2302 De
2059 2247 2160 2302 hac
2194 2249 2443 2302 invenies
2471 2247 2767 2303 Dominum
2794 2263 2893 2317 per
2923 2247 3267 2318 prophetiam
3299 2250 3354 2303 in
3389 2247 3531 2303 Osea

1951 2339 2225 2395 dicentem
2256 2357 2272 2394 :
2308 2338 2465 2394 Filiis
2497 2341 2611 2409 ejus
2628 2357 2733 2394 non
2762 2342 3065 2405 miserebor,
3085 2342 3208 2410 quia
3233 2340 3334 2406 ﬁlii
3359 2342 3531 2411 [orni-

1955 2432 2175 2486 cationis
2195 2440 2344 2500 sunt,
2362 2434 2487 2502 quia
2509 2432 2773 2502 fornicata
2790 2442 2867 2486 est
2891 2442 3063 2486 mater
3091 2449 3271 2486 eorum
3290 2432 3372 2497 ³³;
3405 2446 3530 2483 nam

1940 2532 1995 2576 et
2024 2524 2144 2592 igne
2184 2530 2375 2589 exusta
2411 2532 2515 2577 est.
2555 2523 2710 2588 Quod
2768 2524 3085 2579 manifestat
3141 2527 3420 2596 templum,
3469 2536 3528 2584 et

1937 2612 2132 2667 civitas
2160 2613 2278 2668 haec
2304 2611 2611 2668 Jerusalem
2642 2613 2887 2684 antiqua,
2917 2616 3103 2672 adhuc
3120 2619 3524 2673 ostendensin-

1939 2703 2118 2758 cendii
2145 2704 2428 2774 reliquias.
2462 2705 2604 2775 Ergo
2626 2720 2754 2758 vera
2769 2714 2825 2760 et
2852 2706 3254 2778 irrefragahilis
3303 2717 3389 2764 est
3412 2710 3530 2776 spi-

1941 2796 2117 2851 ritalis
2164 2796 2298 2867 legis
2347 2796 2741 2866 contemplatio
2798 2814 2813 2851 :
2890 2808 3095 2868 ueque‘
3133 2798 3280 2853 enim
3351 2800 3527 2859 solum

1939 2883 2205 2948 succensa
2231 2900 2337 2955 est,
2361 2892 2458 2947 sed
2516 2893 2821 2947 secundum
2867 2895 3013 2963 quod
3036 2894 3113 2948 ait
3139 2894 3224 2949 les
3277 2894 3530 2951 funditus

1936 2996 2123 3043 exusta
2148 2995 2251 3042 85L

239 3083 727 3137 transformatione
776 3099 909 3138 usus
954 3091 1059 3148 est,
1112 3085 1267 3155 quasi
1315 3085 1541 3157 ﬁgurate
1573 3095 1628 3142 et,
1659 3089 1834 3160 typice
1862 3107 1905 3165 ο
2008 3080 2173 3135 Vitas.
2211 3080 2392 3135 10-12.
2427 3100 2445 3132 ι
2477 3080 2747 3147 Pontifex,
2768 3080 2822 3136 id
2855 3090 2940 3137 est
2965 3083 3220 3138 sacerdos
3252 3083 3529 3141 maximus

241 3175 496 3246 loquens.
533 3173 941 3230 Verumtamen
973 3191 1067 3231 eos
1098 3172 1629 3247 quisanctilicantur
1657 3182 1725 3236 ab
1752 3197 1835 3247 eo,

245 3272 491 3320 scortum
521 3273 577 3319 et
603 3264 710 3320 vile
739 3264 1105 3335 prostibulum
1131 3264 1332 3320 ducere
1360 3282 1471 3320 non
1493 3267 1625 3332 vult,
1651 3278 1841 3338 aperte

244 3366 437 3413 contra
473 3357 786 3413 Judtcorum
831 3356 1170 3429 Synagogam
1197 3357 1491 3413 intendens
1521 3377 1534 3414 :
1560 3375 1680 3430 qute
1709 3362 1836 3431 quia

246 3449 509 3504 meretrix
555 3457 659 3516 est,
703 3449 831 3503 audi
876 3449 1169 3504 Dominum
1214 3450 1269 3504 in
1332 3450 1472 3505 Isaia
1519 3451 1834 3507 dicentem:

250 3541 515 3606 Quomodo
535 3544 679 3610 facta
714 3551 793 3596 est
830 3543 1079 3596 meretrix
1102 3543 1286 3596 civitas
1323 3542 1497 3611 ﬁdelis
1530 3541 1655 3598 Sion
1684 3547 1839 3614 plena

243 3634 467 3703 judicii?
480 3633 699 3687 Iustitia
712 3633 965 3687 habitavit
980 3633 1033 3686 in
1055 3649 1137 3695 ea,
1152 3642 1473 3688 nuncautem
1487 3634 1838 3694 Itomicidte“.

253 3725 353 3779 Sed
379 3734 434 3779 et
476 3725 529 3779 in
555 3723 736 3779 Osca:
780 3724 847 3779 Et
869 3727 1114 3795 auferam
1168 3726 1567 3794 fornicationem
1623 3727 1738 3795 ejus
1782 3729 1837 3781 in

254 3817 422 3870 medio
461 3816 596 3885 ejus,
646 3824 695 3869 et
744 3814 1070 3868 adulterium
1114 3815 1230 3883 ejus
1290 3815 1354 3868 de
1403 3816 1575 3868 medio
1616 3817 1836 3871 uberum

254 3909 450 3979 ejus".
490 3908 724 3978 Insuper
773 3914 827 3962 et
875 3905 1044 3962 David
1097 3906 1357 3976 praedicat
1400 3905 1835 3976 profanationem

255 4002 454 4070 hujus;
484 4001 560 4055 ait
603 3999 751 4055 enim
773 3998 882 4053 Deo
927 3996 1036 4070 [de
1066 4013 1132 4053 eo
1154 3996 1210 4070 ]:
1260 3995 1566 4067 l’rofanasti
1602 4000 1658 4052 in
1693 4010 1834 4055 terra

254 4093 582 4146 sanctitatem
610 4090 743 4159 ejus,
785 4089 1092 4143 destruxisti
1124 4104 1300 4143 omnes
1347 4090 1607 4143 macerias
1634 4090 1832 4160 ejus".

257 4180 625 4236 Sanctiﬁcatio
695 4188 880 4233 autem
941 4177 1277 4242 Judazorum,
1329 4176 1606 4250 Synagoga
1647 4194 1835 4234 eorum

255 4280 367 4327 erat
399 4269 585 4341 porcul
616 4268 783 4324 dubio
810 4286 824 4323 :
862 4267 920 4320 in
954 4266 1071 4336 ipsa
1102 4266 1247 4320 enim
1277 4274 1394 4321 erat
1425 4275 1479 4321 et
1506 4267 1833 4323 sacriﬁcium

257 4361 606 4427 tabernaculi,
652 4359 709 4413 in
741 4374 846 4429 qua
881 4373 1072 4413 eorum
1103 4359 1626 4413 consummabantur
1650 4358 1832 4430 legiti-

1944 3174 2091 3228 inter
2135 3172 2333 3229 fratres
2387 3189 2535 3240 suos,
2598 3190 2766 3245 super
2786 3176 2944 3245 cujus
2988 3184 3152 3245 caput
3208 3177 3392 3232 fusum
3443 3187 3530 3234 est

1944 3264 2222 3319 unctionis
2244 3266 2444 3333 oleum,
2471 3275 2527 3320 et
2555 3267 2715 3337 cujus
2749 3281 2942 3322 manus
2977 3266 3030 3321 in
3058 3269 3366 3323 sacerdotio
3395 3284 3529 3324 con-

1943 3367 2171 3412 secratae
2201 3366 2350 3423 sunt,
2378 3358 2720 3428 vestitusque
2748 3369 2832 3413 est
2851 3360 3058 3414 sanctis
3080 3361 3529 3430 vestibus,caput

1943 3465 2103 3503 suum
2126 3465 2237 3504 non
2267 3450 2622 3521 discooperit,
2654 3451 2982 3507 vestimenta
3006 3468 3103 3507 sua
3135 3468 3248 3507 non
3286 3453 3526 3520 scindet,

1943 3548 1998 3595 et
2031 3539 2097 3594 ad
2130 3556 2295 3596 omne
2335 3550 2611 3597 mortuum
2638 3556 2750 3596 non
2782 3543 3121 3614 ingrediatur
3141 3545 3391 3600 omnino.
3417 3546 3528 3600 Su-

1941 3645 2040 3699 per
2074 3640 2230 3700 patre
2255 3646 2474 3700 quoque
2504 3646 2624 3695 suo,
2652 3641 2746 3686 aut
2780 3643 2953 3687 matre
2983 3649 3094 3687 non
3130 3634 3529 3688 contaminahi-

1942 3730 2051 3787 tur,
2096 3736 2200 3776 nec
2229 3724 2542 3792 egredietur
2565 3723 2633 3777 de
2649 3724 2876 3788 sanctis,
2905 3738 2976 3778 ne
3033 3724 3242 3793 polluat
3270 3734 3528 3779 sanctua-

1916 3813 2082 3866 'rium
2124 3812 2358 3877 Domini,
2386 3815 2512 3883 quia
2536 3815 2718 3869 oleum
2751 3823 2954 3870 sancta:
3014 3815 3295 3871 unctionis
3312 3818 3407 3872 Dei
3442 3820 3527 3874 sui

1942 3917 2108 3972 super
2138 3918 2262 3957 eum
2293 3912 2397 3958 est.
2426 3904 2538 3974 Ego
2564 3903 2845 3958 Dominus.
2886 3923 2904 3956 ι

2011 3993 2145 4059 Quis
2177 4003 2261 4050 est
2284 3995 2540 4050 sacerdos
2567 4010 2798 4065 magnus
2824 3995 2971 4050 inter
3001 3995 3199 4056 fratres
3245 4012 3396 4066 suos,
3420 3999 3527 4056 nisi

1938 4087 2132 4157 utique
2163 4087 2341 4143 ill‘ede
2373 4103 2484 4158 quo
2537 4088 2677 4143 dixit
2708 4088 2918 4142 David:
2969 4088 3197 4158 Magnus
3246 4089 3528 4159 Dominus,

1938 4189 1988 4233 et
2022 4195 2214 4250 magna
2238 4182 2406 4235 virtus
2433 4182 2569 4252 ejus,
2600 4191 2649 4235 et
2665 4181 2945 4251 sapientia:
2970 4180 3086 4251 ejus
3119 4196 3222 4234 non
3250 4168 3324 4236 Est
3343 4198 3526 4237 nume-

1936 4273 2115 4336 rus“,
2149 4271 2283 4339 Quis
2313 4275 2462 4330 enim
2509 4276 2769 4331 virtutem
2823 4276 2944 4345 ejus
2977 4274 3349 4339 considerare,
3401 4276 3526 4345 quis

1937 4382 2235 4422 numerare
2289 4367 2618 4438 sapientiam
2661 4376 2756 4422 aut
2797 4368 3270 4437 comprehendere
3307 4368 3526 4438 potest?

258 4470 359 4511 ma.
390 4453 513 4522 Ipsa
558 4460 644 4506 est
672 4461 727 4505 et
776 4449 1064 4519 repudiata
1103 4466 1134 4504 a
1182 4450 1309 4514 Deo,
1357 4458 1614 4520 tanquam
1653 4466 1684 4504 a
1712 4451 1832 4507 viro
1865 4470 1907 4525 ι)
1936 4458 2086 4529 quia,
2116 4472 2241 4513 cum
2274 4458 2422 4514 Deus
2445 4460 2517 4513 sit
2539 4467 2764 4530 propter
2786 4458 3248 4529 dispensationem
3276 4469 3522 4514 actorum

258 4560 368 4610 suo,
419 4545 511 4615 qui
563 4544 612 4597 ei
670 4560 768 4613 per
793 4543 1118 4598 electionem
1173 4542 1258 4596 vir
1290 4541 1467 4596 factus
1494 4542 1691 4597 fuerat.
1725 4542 1835 4598 Sed

258 4639 375 4709 quia
408 4644 598 4708 postea
631 4650 751 4690 eam
805 4635 1131 4705 culpabilem
1175 4634 1401 4705 reperit,
1433 4643 1723 4706 propterea
1750 4652 1838 4690 re-

259 4731 517 4803 pudiavit,
548 4729 672 4800 quia
697 4728 921 4784 omnino
950 4729 1122 4798 ejecta
1151 4736 1253 4783 est.
1273 4725 1475 4783 Vocem
1500 4727 1649 4792 audi,
1672 4742 1836 4798 quam

258 4828 387 4879 Osee
429 4823 653 4893 protulit
685 4839 698 4874 :
729 4818 980 4875 Judicate
1009 4830 1234 4875 matrem
1294 4829 1546 4886 vestram,
1574 4822 1835 4890 jndicate,

261 4919 370 4980 quia
401 4917 516 4984 ipsa
550 4931 653 4968 non
680 4929 812 4969 uxor
841 4929 978 4971 mea.
1009 4921 1057 4967 et
1084 4929 1177 4983 ego
1214 4929 1317 4966 non
1345 4914 1428 4966 vir
1453 4913 1567 4982 ejus
1599 4914 1666 4967 ".
1686 4913 1838 4977 ,Audi

260 5017 429 5063 autem
460 5014 694 5076 etquam
729 5005 896 5061 Isaias
954 5006 1218 5075 propheta
1259 5005 1485 5060 tradidit
1519 5022 1532 5057 :
1580 5004 1668 5059 Sic
1714 5006 1839 5059 dicit

263 5099 504 5153 Dominus
532 5116 550 5152 :
575 5098 703 5163 Quis
722 5109 795 5153 est
815 5100 897 5152 hic
928 5098 1133 5152 libellus
1160 5099 1368 5168 repudii
1424 5100 1611 5152 matris
1658 5110 1841 5152 vestra:

262 5208 352 5256 quo
373 5191 550 5243 dimisi
581 5208 698 5244 eam
715 5191 799 5243 "?
819 5189 920 5245 Ubi
951 5200 1136 5245 autem
1175 5200 1263 5246 est
1292 5190 1583 5260 repudium
1609 5201 1665 5245 et
1703 5191 1837 5245 mis-

267 5281 359 5337 sio?
378 5282 726 5337 manifestum
759 5294 843 5338 est
866 5284 992 5354 quia
1025 5299 1163 5338 uxor
1193 5292 1311 5338 erat
1341 5284 1409 5338 de
1441 5298 1547 5353 qua
1578 5284 1694 5339 hare
1751 5282 1836 5338 di-

263 5372 427 5427 cebat.
451 5371 571 5427 Non
607 5374 721 5428 vult
748 5389 877 5445 ergo
898 5390 1017 5429 eam
1064 5390 1292 5429 uxorem
1340 5375 1677 5430 sacerdotem
1737 5376 1834 5430 du-

264 5481 395 5531 cere,
432 5475 491 5521 nt
520 5481 630 5519 non
692 5467 1073 5537 aliquacorum
1118 5484 1240 5539 qua:
1262 5469 1329 5523 ad
1380 5485 1499 5524 eam
1558 5470 1837 5539 pertinent

323 5621 365 5653 ’³
390 5622 554 5678 Hebr.
580 5639 642 5688 ll,
684 5624 768 5678 lt.
882 5625 929 5657 ’³
965 5625 1122 5680 Joau.
1154 5643 1241 5686 xx,
1275 5626 1361 5679 i7.

265 5690 302 5723 "
330 5692 434 5745 lsa.
464 5708 516 5759 ι,
545 5693 595 5746 1.
677 5695 761 5749 ³⁰Ι
797 5694 938 5749 Tim.
984 5710 1066 5760 tu,
1103 5696 1155 5748 4.
1235 5696 1272 5726 ³¹
1301 5695 1435 5749 ibi}.
1467 5696 1518 5750 5.

266 5774 346 5827 xu,
380 5760 468 5817 50.

1474 5627 1520 5658 ’⁵
1547 5625 1652 5679 Isn.
1691 5642 1728 5691 ι,
1756 5626 1846 5680 2!.

1925 5626 1970 5656 ’⁸
1999 5624 2139 5681 Osee
2168 5642 2228 5689 ιι,
2254 5626 2308 5680 2.

1598 5697 1641 5727 ³¹
1679 5697 1783 5750 lsa.
1819 5711 1852 5762 I,
1882 5695 1936 5751 8.

1936 4566 2037 4621 pro
2064 4551 2230 4607 nobis
2256 4553 2666 4622 mysteriorum,
2698 4551 2863 4606 etiam
2878 4552 3135 4608 sacerdos
3167 4551 3397 4608 effectus
3416 4563 3520 4610 est.

1938 4641 2108 4698 Recte
2135 4658 2266 4714 ergo
2296 4644 2385 4697 hic
2414 4657 2649 4713 magnus
2674 4642 2954 4708 sacerdos,
2983 4651 3175 4713 utpote
3194 4643 3286 4714 qui
3309 4654 3518 4699 semet-
3563 4644 3569 4668 ί

1937 4732 2119 4802 ipsum
2175 4748 2275 4802 pro
2313 4732 2473 4787 nobis
2518 4732 2755 4786 bestiam
2807 4741 2864 4787 et
2915 4732 3250 4788 oblationem
3292 4733 3521 4798 obtulit,

1940 4822 2268 4892 appellatur.
2318 4823 2550 4893 Propter
2609 4823 2758 4892 quod
2819 4831 2876 4878 et
2919 4838 3110 4879 servos
3158 4824 3359 4879 fratres
3393 4839 3524 4878 suos

1942 4914 2124 4969 dicere
2155 4929 2351 4983 passus
2383 4923 2487 4979 est,
2524 4914 2579 4968 id
2609 4921 2694 4970 est
2724 4923 2964 4981 sanctos,
3016 4914 3109 4984 qui
3143 4929 3364 4984 semper
3401 4913 3523 4982 ejus

1940 5004 2146 5060 faciunt
2192 5005 2554 5061 voluntatem.
2611 5006 2703 5060 Ait
2754 5007 2942 5060 enim:
2987 5005 3299 5076 Quicunque
3342 5003 3528 5075 fecerit

1935 5096 2259 5150 voluntatem
2287 5095 2471 5150 Patris
2500 5097 2624 5159 mei,
2655 5096 2745 5150 ille
2777 5113 2923 5150 mens
2951 5106 2998 5150 et
3037 5097 3226 5164 frater,
3253 5104 3300 5147 et
3348 5108 3521 5156 soror,

1937 5201 1983 5242 et
2011 5198 2180 5242 mater
2202 5198 2277 5242 est
2300 5190 2366 5243 ⁸⁸.
2404 5187 2583 5258 Super
2616 5189 2783 5258 hujus
2819 5197 2983 5257 caput
3029 5188 3208 5242 oleum
3242 5185 3551 5241 unctionis

1936 5280 2171 5335 eﬁusum
2206 5290 2310 5347 est,
2342 5281 2409 5336 de
2440 5297 2549 5351 quo
2584 5280 2753 5335 dixit:
2787 5280 2944 5334 Sedes
2974 5288 3089 5344 tua,
3125 5277 3287 5344 Deus,
3336 5278 3390 5330 in
3419 5293 3522 5331 stc-

1940 5374 2116 5428 cnlum
2146 5374 2347 5438 steculi,
2377 5375 2525 5445 virga
2552 5382 2693 5428 recta
2719 5381 2816 5435 est,
2839 5372 2988 5441 virga
3019 5371 3165 5441 regni
3196 5370 3296 5423 tui.
3326 5369 3525 5423 Dilexi-

1943 5471 2013 5523 sti
2047 5469 2321 5540 justitiam
2346 5477 2393 5521 et
2421 5468 2580 5521 odisti
2615 5464 2972 5535 iniquitatem,
2992 5472 3272 5532 propterea
3296 5461 3445 5514 unxit
3473 5471 3523 5513 te

3138 5615 3185 5648 ³⁸
3207 5615 3346 5670 Osee
3370 5630 3429 5677 tt,
3464 5613 3521 5669 2.

3246 5685 3291 5717 ³⁸
3325 5685 3520 5740 Matth.

2400 5624 2445 5654 ’⁷
2469 5620 2607 5676 Psal.
2633 5634 2899 5679 txxxvm,
2936 5616 3027 5672 ΔΟ.

2040 5695 2084 5727 ³⁸
2117 5686 2256 5752 Osee
2303 5711 2363 5761 tt,
2394 5694 2450 5759 4,
2481 5693 2534 5748 5.
2622 5690 2668 5722 ³³
2698 5689 2840 5747 Psal.
2878 5702 3054 5753 cnvr,
3082 5686 3136 5742 5.
