3988 6222
464 287 600 353 1059

1633 276 1990 339 HESYCHII
2060 275 2532 338 PRESBYTERI

3593 279 3741 346 1060

463 403 624 464 Deus,
668 380 805 452 Dens
836 403 955 448 tuus
977 392 1090 446 oleo
1109 390 1331 452 latitia,
1359 403 1472 458 pra:
1498 387 1828 440 consortibus
1852 387 1956 439 tuis
1974 386 2040 439 “.
2074 396 2121 448 Α
2147 387 2382 441 animam
2416 401 2544 457 ergo
2575 394 2866 450 mortuam,
2892 385 2977 441 vel
3006 385 3074 441 ad
3092 401 3255 441 omne
3290 397 3595 458 mortuum,
3619 409 3737 450 non

464 485 867 548 Concordantia
929 483 1060 538 huic
1114 481 1217 552 legi
1270 479 1484 545 dicens,
1524 493 1636 532 non
1697 476 1875 531 solum
1916 476 2041 546 quia

465 577 738 637 unctionis
775 583 1007 644 uterque
1036 572 1359 627 memoriam
1387 569 1540 634 facit,
1557 568 1656 624 sed
1676 568 1804 638 quia
1828 567 1969 622 sicut
1989 575 2045 621 et

462 672 657 735 David,
692 668 964 724 excellere
989 665 1350 732 semetipsum
1378 663 1436 716 in
1471 662 1590 732 ipsa
1635 661 1898 715 unctione
1931 660 2045 714 suis

459 761 832 835 participibus
880 765 1243 829 protestatur.
1295 753 1454 820 Quod
1505 749 1667 807 enim'
1715 751 1872 832 dixit,
1934 765 2045 820 pra:

459 852 849 926 participibus,
909 863 1077 918 super
1136 846 1435 917 participes
1501 854 1626 898 tuos
1685 843 1804 897 sine
1863 842 2045 910 aliqua

461 946 745 1002 dubietate
810 939 1163 1010 intelligitur:
1235 936 1318 991 sic
1377 950 1501 990 eum
1555 934 1721 988 etiam
1772 931 2047 1004 legislator

460 1027 760 1095 maximuin'
778 1033 913 1089 dixit
953 1032 1097 1085 inter
1122 1028 1323 1082 fratres
1372 1040 1530 1091 suos,
1583 1024 1638 1079 id
1669 1033 1753 1079 est
1795 1021 2046 1093 superio-

461 1110 602 1187 rem.
661 1126 821 1193 Quod
879 1134 1066 1178 autem
1120 1120 1360 1174 maxime
1414 1117 1472 1170 in
1523 1113 1785 1186 praesenti
1834 1121 2048 1183 oportet

463 1220 668 1277 intueri
713 1216 939 1271 historia
965 1255 978 1279 ,
1023 1228 1148 1266 cum
1210 1208 1509 1265 secundum
1554 1204 1692 1259 LXX
1748 1205 2046 1259 editionem

464 1313 666 1368 addere
697 1308 998 1369 debuisset,
1033 1303 1133 1356 cui.
1153 1300 1368 1371 effusum
1394 1308 1467 1353 est
1507 1314 1662 1367 super
1687 1305 1847 1366 caput
1875 1294 2047 1348 oleum

467 1402 751 1463 unctionis,
785 1404 894 1453 non
940 1396 1022 1451 sic
1055 1394 1167 1448 ait:
1220 1393 1336 1458 sed,
1376 1391 1638 1445 maximus
1679 1394 1743 1444 de
1795 1388 2047 1458 fratribus

468 1497 602 1567 ejus,
626 1494 715 1565 qui
739 1490 917 1560 effudit
946 1503 1104 1557 super
1123 1494 1284 1553 caput
1314 1483 1452 1552 ejus.
1481 1479 1622 1546 Quia
1652 1482 1797 1535 enim
1843 1477 2044 1534 Christi

468 1603 598 1643 caro
625 1594 731 1648 est,
772 1596 898 1650 qua:
953 1577 1198 1647 suscepit
1245 1576 1561 1632 unctionem
1610 1573 1665 1627 in
1698 1574 2045 1642 semetipsum

465 1675 883 1734 communicata:
914 1671 1030 1726 sive
1053 1668 1221 1723 unita:
1243 1667 1570 1723 divinitatis.
1615 1666 1697 1719 Ex
1725 1667 1826 1719 hac
1863 1674 2043 1719 autem

465 1783 633 1826 carne
654 1767 852 1821 fratres
881 1763 1002 1834 ejus
1039 1769 1094 1816 et
1130 1759 1349 1832 cognati
1392 1757 1574 1814 eﬂ'ecti
1619 1771 1827 1812 sumus.
1878 1754 2045 1809 Recte

468 1862 547 1917 ait
576 1858 844 1931 pontifex,
876 1857 931 1911 id
957 1864 1064 1922 est,
1091 1852 1349 1909 sacerdos
1376 1850 1649 1906 maximus
1678 1849 1821 1904 inter
1848 1847 2045 1902 fratres

466 1968 619 2019 suos,
678 1964 847 2020 super
892 1947 1054 2017 cujus
1109 1951 1276 2015 caput
1330 1942 1566 1998 eﬂ'usum
1627 1951 1710 1996 est
1771 1938 2046 1994 unctionis

467 2046 765 2109 oleum,ut
788 2047 981 2111 aperte
1024 2037 1338 2092 inveniatur
1372 2036 1478 2090 hoc
1533 2034 1681 2103 quod
1736 2030 2045 2099 intelligen-

406 2156 409 2159 ·
467 2136 599 2192 dum
627 2143 730 2200 est,
755 2132 1028 2186 maximus
1058 2131 1204 2182 inter
1244 2127 1460 2192 fratres,
1495 2125 1545 2181 id
1569 2132 1676 2190 est,
1705 2121 1887 2177 carnis
1906 2135 2041 2175 suae.

467 2227 590 2297 Ipsa
625 2234 711 2280 est
735 2223 886 2278 enim
917 2237 1041 2291 qua:
1066 2219 1310 2288 suscepit
1339 2216 1610 2272 unctionis
1656 2215 1838 2270 oleum
1878 2211 2044 2281 hujus
2080 2206 2081 2209 “

466 2314 791 2380 sacerdotis,
834 2322 889 2367 et
919 2319 1272 2366 consecratas
1299 2308 1473 2363 fuisse
1524 2321 1741 2370 manus,
1792 2304 1931 2368 sive,
1983 2311 2046 2357 ut

465 2406 630 2473 LXX,
660 2412 1050 2460 consummatus
1076 2417 1172 2471 per
1202 2400 1380 2455 crucis
1417 2398 1777 2454 conlisionem
1810 2394 2043 2450 manife-

466 2511 612 2557 stum
642 2511 748 2554 est.
783 2498 940 2551 Tunc
962 2497 1113 2551 enim
1137 2492 1601 2564 quemadmodum
1635 2490 1691 2544 hi
1722 2489 1814 2559 qui
1846 2502 2043 2543 secun-

465 2594 596 2648 dum
624 2590 801 2661 legem
836 2596 967 2642 sunt
991 2587 1326 2647 sacerdotes,
1362 2585 1421 2638 in
1469 2582 1735 2654 sanguine
1763 2581 1938 2647 vituli,
1989 2588 2045 2635 et

467 2684 656 2739 arietis
692 2679 1174 2742 consummabant,
1229 2679 1346 2732 sive
1399 2676 1798 2732 consecrabant
1851 2690 2045 2729 manus

469 2789 628 2830 suas:
671 2773 753 2828 sic
775 2781 831 2827 et
854 2772 971 2843 ipse
996 2770 1219 2841 proprio
1249 2769 1515 2839 sanguine
1545 2783 1673 2824 suas
1698 2782 1892 2821 manus
1914 2782 2044 2823 con-

467 2867 707 2924 secravit
736 2866 849 2922 sive
871 2864 1292 2921 consummavit.
1333 2862 1408 2917 De
1429 2877 1539 2931 quo
1562 2861 1640 2916 ait
1680 2861 1910 2915 Paulus:
1941 2858 2044 2924 Qui

467 2978 586 3016 cum
626 2969 757 3015 esset
785 2957 979 3025 Filius,
1021 2957 1205 3011 didicit
1234 2973 1297 3011 ea:
1318 2956 1396 3010 his
1426 2971 1543 3026 qua:
1571 2970 1758 3024 passus
1785 2963 1881 3019 est,
1926 2955 2045 3007 obe-

468 3144 776 3215 perantibus
811 3142 930 3206 sibi,
987 3157 1149 3194 causa
1197 3139 1384 3193 salutis
1427 3148 1634 3193 ceterum
1685 3138 1980 3207 appellatus
2012 3155 2046 3191 α

468 3233 605 3287 Deo-
637 3230 900 3301 Pontifex,
947 3229 1110 3298 juxta
1170 3228 1407 3282 ordinem
1466 3226 1835 3281 Melchisedech
1865 3227 1932 3282 ³⁷.
1980 3226 2048 3281 Et

474 3338 702 3378 rursus:
746 3321 973 3375 Docebat
1004 3320 1144 3373 enim
1175 3334 1315 3383 eum,
1351 3327 1563 3387 propter
1590 3334 1742 3388 quem
1777 3321 1974 3382 omnia,
1998 3328 2047 3372 et

470 3431 565 3486 per
589 3429 741 3482 quem
769 3412 971 3472 omnia.
1002 3412 1127 3480 quia
1163 3409 1355 3464 multos
1378 3409 1517 3478 filios
1549 3411 1606 3464 in
1637 3409 1860 3480 gloriam
1878 3411 2049 3464 addu-

468 3514 641 3571 uerat,
683 3511 949 3557 auctorem
982 3501 1171 3556 salutis
1214 3516 1394 3554 eorum
1437 3517 1532 3569 per
1581 3501 1877 3569 passionem
1928 3516 2050 3554 con-

468 3610 739 3648 summare
758 3592 827 3645 ³⁸.
862 3590 963 3646 Hic
984 3601 1040 3646 et
1072 3590 1414 3646 vestimentis
1440 3591 1546 3645 illis
1575 3590 1801 3645 indutus
1820 3600 1904 3646 est
1926 3607 2048 3662 qua:

474 3684 644 3739 David
716 3684 774 3738 in
833 3683 1065 3737 Psalmis
1125 3683 1419 3737 cantabat:
1476 3683 1732 3736 Dominus
1774 3684 2050 3753 regnavit,

472 3778 710 3831 decorem
730 3775 922 3840 induit,
951 3774 1124 3828 induit
1150 3773 1404 3827 Dominus
1431 3774 1812 3844 fortitudinem,
1835 3786 1884 3828 et
1912 3790 2049 3844 pra:-

473 3869 635 3922 cinxit
665 3884 720 3921 se
760 3867 951 3920 virtute
970 3866 1037 3920 ³³.
1080 3865 1181 3920 Hic
1212 3874 1379 3935 caput
1413 3880 1576 3920 suum
1607 3882 1719 3920 non
1760 3865 2048 3935 discoope-

473 3961 602 4025 ruit,
628 3974 732 4014 nec
759 3957 1093 4012 vestimenta
1122 3972 1221 4013 sua
1252 3956 1515 4012 concidit.
1538 3956 1716 4027 Caput
1750 3972 1911 4011 suum
1934 3972 2046 4010 non

470 4050 875 4119 discooperuit,
941 4049 1067 4119 quia
1113 4065 1144 4103 a
1199 4049 1359 4105 Patre
1407 4064 1530 4117 suo,
1583 4049 1677 4119 qui
1721 4049 1841 4118 ejus
1884 4059 2050 4118 caput

471 4143 801 4212 appellatur,
832 4156 937 4196 nec
967 4141 1253 4212 passiones
1282 4141 1464 4195 carnis
1490 4141 1772 4195 sustinens
1821 4154 2048 4209 separa-
2100 4213 2105 4217 η

472 4243 581 4287 tur.
608 4232 716 4287 Sed
736 4247 839 4288 nec
868 4233 1197 4287 vestimenta
1218 4231 1513 4297 conscidit,
1545 4230 1600 4287 id
1633 4240 1719 4286 est
1744 4231 1957 4286 carnis:
1982 4245 2048 4285 cx

472 4341 582 4394 quo
619 4325 768 4381 enim
821 4324 1050 4379 verbum
1096 4338 1224 4379 caro
1279 4323 1486 4379 factum
1545 4331 1650 4389 est,
1698 4323 1842 4377 inest
1898 4331 2047 4377 totus

2151 477 2535 548 ingredietur:
2565 477 2716 546 quia,
2752 476 2858 532 etsi
2891 477 3138 531 omnium
3186 488 3413 547 peccata
3460 485 3737 551 portabit,

2146 576 2527 624 verumtamen
2558 566 2876 637 impollutus
2908 576 3214 637 permanet,
3257 579 3444 624 etnec
3482 575 3736 642 gentium

2145 657 2391 730 peccatis
2441 656 2729 727 polluitur.
2772 654 2849 711 De
2883 656 2972 711 his
3027 656 3177 711 enim
3228 659 3533 713 secundum
3588 661 3738 717 LXX

2146 749 2295 806 omni
2348 747 2548 804 animae
2576 756 2828 814 mortuae,
2856 756 3048 819 ulpote
3070 756 3265 803 contra
3325 766 3521 806 omnes
3554 753 3739 809 effusa

2148 842 2429 913 impietate
2450 850 2507 897 et
2544 840 2854 897 idololatria
2882 840 3105 897 dicitur.

2217 934 2287 990 Et
2317 950 2410 989 nec
2434 949 2590 1001 super
2625 943 2779 1001 patre
2799 943 2850 988 et
2871 943 3061 988 matre.
3097 932 3275 1005 Super
3296 936 3558 1006 populum
3585 938 3742 994 vide-

2147 1023 2281 1080 licet
2317 1025 2658 1089 Judazornm,
2697 1041 2763 1078 ex
2789 1024 2992 1095 quibus
3020 1034 3106 1081 est
3155 1028 3457 1082 secundum
3484 1045 3739 1093 carnem,

2145 1125 2204 1173 et
2234 1126 2524 1188 propterea
2556 1116 2869 1187 appellatur
2901 1120 3022 1188 ejus
3052 1128 3209 1189 pater
3230 1131 3286 1176 ct
3308 1131 3514 1176 mater:

2218 1207 2709 1274 Contaminabitur,
2756 1224 2850 1263 nec
2892 1209 2959 1263 de
2999 1211 3197 1264 sanctis
3253 1213 3572 1281 egredietur.
3620 1213 3741 1268 Etsi

2148 1300 2534 1371 peccatoribus
2548 1301 2991 1357 condescendere
3021 1302 3203 1374 elegit,
3240 1314 3526 1374 permanet
3545 1315 3736 1360 tamen

2148 1402 2394 1460 sanctus,
2424 1402 2483 1448 et
2508 1393 2564 1447 in
2597 1393 2803 1448 sanctis
2834 1393 3150 1464 requiescit,
3175 1404 3232 1450 et
3269 1412 3300 1450 a
3333 1399 3540 1453 sanctis
3565 1400 3739 1468 quiin

2149 1485 2290 1540 coelo
2340 1493 2472 1540 sunt
2520 1478 2728 1555 angelis
2756 1483 3152 1540 circumdatur.
3214 1486 3322 1542 Sed
3367 1504 3471 1543 nec
3522 1491 3741 1560 polluet

2149 1577 2527 1632 s:mctuarium
2553 1576 2791 1643 Domini,
2833 1577 2960 1647 quia
2998 1578 3181 1633 oleum
3209 1591 3413 1636 sancta:
3453 1584 3739 1638 unctionis

2102 1667 2119 1740 λ
2150 1668 2248 1721 Dei
2280 1668 2367 1721 sui
2393 1683 2563 1737 super
2590 1683 2655 1723 eo
2701 1675 2806 1722 est.
2865 1669 3011 1740 Ergo
3049 1671 3152 1724 etsi
3185 1670 3387 1726 videris
3430 1688 3557 1727 eum
3609 1690 3735 1729 cum

2154 1758 2491 1828 publicanis,
2553 1766 2612 1813 et
2662 1774 2788 1813 cum
2844 1760 3226 1816 meretricibus
3284 1774 3734 1830 conversantem,

2146 1850 2421 1905 dicentem
2449 1851 2874 1921 peccatoribus:
2920 1852 3042 1906 Non
3069 1855 3188 1908 veni
3215 1857 3609 1925 vocarejustos,
3644 1858 3736 1912 sed

2146 1952 2447 2014 peccatores
2481 1945 2537 1997 in
2567 1943 3009 2013 paenitentiam“,
3044 1952 3228 2000 tamen
3257 1947 3311 2000 in
3338 1949 3488 2003 nullo
3531 1950 3733 2005 horum

2147 2036 2635 2102 contaminahitnr,
2672 2037 2902 2093 actionis
2954 2037 3102 2093 enim
3131 2054 3321 2094 eorum
3348 2041 3506 2097 mala:
3556 2045 3734 2113 parti-

2148 2137 2279 2194 ceps
2308 2139 2420 2179 non
2450 2124 2704 2180 efﬁcitur.

2222 2213 2367 2271 Unde
2391 2229 2493 2266 non
2524 2213 2713 2282 polluit
2743 2215 3108 2268 sanctuarium
3144 2214 3257 2272 Dei.
3306 2217 3359 2276 ld
3378 2231 3480 2288 est,
3546 2222 3732 2294 Spiri-

2145 2313 2262 2359 tum
2282 2312 2554 2372 sanctum,
2595 2304 2663 2360 de
2700 2305 2823 2375 ipso
2854 2306 3000 2360 enim
3031 2307 3107 2362 ait
3148 2325 3161 2360 :
3219 2309 3355 2375 Quia
3392 2312 3567 2368 oleum
3610 2333 3735 2370 san-

2147 2406 2244 2452 cta:
2266 2398 2526 2451 unctionis
2549 2396 2649 2451 Dei
2680 2399 2764 2452 sui
2797 2415 2954 2466 super
3000 2418 3078 2454 eo.
3108 2399 3461 2459 Concordans
3498 2415 3553 2460 et
3610 2407 3731 2478 ipse

2144 2489 2213 2545 de
2235 2489 2456 2545 Christo
2484 2489 2641 2545 lsaite
2665 2490 2847 2545 verbis
2872 2507 2887 2545 :
2918 2489 3149 2561 Spiritus
3191 2494 3404 2548 Domini
3435 2513 3596 2566 super
3624 2517 3729 2564 me,

2144 2592 2360 2653 propter
2385 2582 2524 2653 quod
2552 2582 2702 2636 unxit
2725 2599 2806 2651 me
2821 2581 2888 2649 “,
2915 2581 3152 2652 Spiritus
3182 2593 3366 2640 autem
3395 2588 3651 2657 pollutio,
3676 2590 3730 2645 id

2146 2683 2252 2738 est,
2288 2673 2492 2745 injuria
2527 2682 2582 2727 et
2608 2672 2970 2736 contristatio,
3020 2684 3105 2729 est
3140 2676 3321 2730 omnis
3366 2679 3576 2746 peccati
3612 2679 3734 2749 pol-

2146 2764 2303 2830 lutio,
2323 2772 2547 2834 propter
2571 2764 2719 2833 quod
2750 2773 2804 2820 et
2826 2764 3027 2820 Paulus
3073 2781 3104 2820 a
3151 2768 3392 2836 peccatis
3443 2769 3731 2826 abstinen-

2146 2856 2275 2910 tiam
2301 2855 2504 2910 docens
2532 2855 2748 2911 dieebat
2802 2878 2816 2913 :
2888 2856 3068 2912 Nolite
3099 2860 3412 2915 contristare
3466 2860 3731 2933 Spiritum

2146 2955 2389 3001 sanctum
2409 2947 2591 3012 Dei,in
2606 2964 2706 3018 quo
2720 2950 2914 3017 signati
2933 2951 3053 3004 estis
3070 2951 3126 3004 in
3137 2952 3222 3005 die
3237 2953 3610 3022 redemptionis
3662 2948 3730 3009 ”.

367 3074 371 3078 ·
468 3054 743 3115 dientiam,
778 3060 826 3105 et
856 3058 1243 3104 consummatus
1274 3050 1445 3119 factus
1469 3057 1542 3102 est
1590 3046 1825 3101 omnibus
1848 3046 2044 3099 obtem-
2070 3056 2116 3113 ο
2148 3039 2240 3095 Sic
2287 3038 2356 3095 de
2402 3039 2641 3094 maximo
2688 3041 2976 3096 sacerdote
3033 3057 3145 3099 non
3203 3043 3377 3098 solum
3422 3046 3735 3115 praeceden-

2148 3132 2221 3185 tia
2258 3132 2544 3203 intelliges,
2563 3134 2658 3187 sed
2678 3134 3292 3205 etsubsequentia,Nec
3325 3138 3477 3192 enim
3512 3139 3733 3194 income

2149 3224 2446 3294 patientem
2475 3225 2765 3294 quemdam
2799 3234 2853 3279 et
2883 3226 3305 3281 immansuetum
3333 3242 3481 3295 eum,
3503 3228 3597 3299 qui
3618 3229 3732 3299 pri-

2148 3331 2272 3370 mus
2325 3317 2583 3371 sacerdos
2619 3325 2733 3382 est,
2794 3316 3072 3387 legislator
3115 3319 3266 3384 vult,
3306 3327 3367 3373 ut
3416 3318 3482 3374 ad
3521 3321 3734 3376 milium

2149 3417 2427 3466 mortuum
2477 3408 2719 3474 accedat,
2782 3409 2877 3463 sed
2902 3410 3133 3464 suadere
3176 3410 3336 3466 nobis
3387 3412 3528 3477 vult,
3605 3413 3734 3483 quia

2148 3509 2296 3554 tanta
2357 3499 2734 3564 sanctiﬁcatio,
2780 3517 2886 3572 qua
2941 3502 3189 3573 pontifex
3220 3503 3375 3559 indui
3393 3502 3622 3572 dicitur,
3667 3506 3734 3561 de

2148 3597 2490 3643 mortuorum
2512 3589 2719 3644 visione
2736 3592 3092 3659 pollueretur.

2229 3680 2388 3736 Vens.
2431 3683 2622 3736 15-15.
2674 3702 2692 3734 ι
2743 3681 2853 3753 Ego
2914 3683 3198 3752 Dominus,
3256 3686 3524 3758 virginem
3572 3689 3741 3746 ducet

2150 3789 2394 3838 uxorem,
2422 3775 2643 3829 viduam
2686 3785 2741 3829 et
2775 3776 3112 3844 repudiatam
3139 3787 3195 3832 et
3224 3780 3504 3835 sordidam
3568 3792 3735 3853 atque

2149 3867 2496 3922 meretricem
2524 3882 2635 3921 non
2658 3867 2842 3929 ducet.
2874 3870 2969 3924 sed
3016 3870 3252 3939 puellam
3276 3872 3344 3927 de
3385 3874 3588 3943 popqu
3635 3891 3755 3936 suo.

2149 3972 2220 4010 ne
2248 3960 2600 4013 commiscent
2620 3960 2846 4030 stirpem
2881 3963 3096 4031 generis
3126 3964 3213 4018 sui
3246 3966 3411 4037 vulgo
3427 3968 3576 4039 genti
3594 3983 3734 4036 suae,

2148 4047 2277 4116 quia
2306 4063 2407 4120 ego
2432 4049 2695 4105 Dominus
2717 4051 2810 4120 qui
2830 4053 3112 4109 sanctifico
3134 4070 3280 4111 cum.
3315 4074 3334 4107 ι

2222 4138 2476 4209 Seipsum
2494 4157 2618 4196 esse
2649 4142 3035 4212 legislaturem,
3074 4155 3128 4200 et
3166 4146 3508 4217 impietorem
3569 4150 3737 4219 hujus

2150 4229 2445 4285 sattctionis
2465 4231 2702 4287 maxime
2735 4234 3047 4290 ostendens.
3089 4237 3196 4306 h‘go
3232 4239 3487 4293 Dominus
3539 4257 3734 4295 neces-

2150 4323 2296 4377 sarie
2329 4322 2558 4389 addidit,
2583 4325 2760 4394 qualis
2780 4334 2986 4392 autem,
3023 4329 3484 4399 subsequentibus
3510 4335 3735 4389 edocuit

474 4433 588 4474 sua:
608 4417 782 4483 carni,
815 4426 869 4473 et
902 4432 1183 4487 nunquam
1212 4416 1283 4471 ab
1308 4431 1393 4478 ea,
1435 4430 1540 4471 nec
1578 4430 1610 4470 a
1636 4414 1918 4478 cruciﬁxa,
1942 4429 2044 4469 nec
2076 4396 2119 4451 D
2152 4413 2348 4468 verbis.

475 4525 507 4564 a
551 4510 784 4579 sepulta,
837 4525 942 4566 nec
1007 4509 1157 4564 aliud
1198 4507 1476 4579 quodlibet
1528 4522 1726 4579 passa,
1782 4506 1928 4577 quod
1983 4507 2052 4562 ad

477 4608 728 4656 naturam
748 4609 992 4655 nostram
1023 4601 1283 4670 pertinet,
1308 4614 1370 4654 se
1404 4597 1657 4653 abscidit.

546 4688 613 4741 Et
660 4691 730 4742 ad
753 4694 918 4743 omne
969 4700 1235 4744 mortuum
1277 4705 1380 4742 non
1430 4688 1771 4758 ingredietur.
1827 4686 2053 4743 Omnino

473 4793 629 4844 super
651 4786 800 4846 patre
826 4795 1028 4849 quoque
1046 4795 1141 4832 suo
1174 4788 1222 4831 et
1255 4787 1426 4849 matre
1458 4794 1563 4831 non
1582 4776 2047 4832 contaminabitur.

476 4870 615 4927 LXX
636 4884 819 4928 autem
843 4873 1065 4928 dicunt:
1098 4871 1269 4941 Super
1297 4888 1501 4926 omnem
1521 4874 1759 4925 animant
1784 4881 2049 4925 mortuam

475 4981 577 5019 non
607 4964 951 5036 ingredietur.
998 4963 1282 5031 Quomodo
1323 4972 1508 5019 autem
1559 4962 1743 5017 anima
1795 4963 2045 5027 moritur,

473 5071 597 5111 cum
665 5055 735 5110 sit
791 5056 1011 5111 condita
1079 5054 1450 5110 immortalis?
1518 5052 1658 5106 Audi
1724 5053 2049 5122 prephetam

473 5146 779 5200 dicentem:
815 5145 1007 5199 Anima
1041 5162 1157 5216 qua:
1207 5144 1519 5214 peccaverit,
1555 5144 1672 5210 ipsa
1702 5143 2046 5207 morietur“,

474 5238 776 5307 impietatis
803 5238 989 5308 utique
1015 5245 1212 5299 morte,
1238 5238 1356 5315 lure
1373 5245 1457 5290 est
1485 5235 1634 5289 enim
1659 5235 1855 5289 anima:
1878 5250 2046 5298 mors,

472 5343 636 5397 quam
665 5330 905 5384 maxime
943 5340 1134 5401 gentes
1169 5344 1343 5398 passa:
1391 5336 1542 5390 sunt,
1574 5343 1696 5397 quae
1727 5342 1831 5383 nec
1873 5328 2049 5399 legem

477 5419 592 5484 Dei,
634 5435 734 5474 nec
765 5421 924 5474 aliam
969 5423 1091 5491 ejus
1139 5419 1426 5475 scientiam
1485 5418 1818 5473 habuerunt.
1870 5416 2049 5488 Super

556 5617 767 5689 ᾔει-1³6³1.
790 5638 934 5687 xuv,
977 5624 1029 5689 7,
1064 5625 1116 5678 8.

528 5624 767 5698 {19531,
790 5638 934 5698 μιν,
977 5624 1029 5689 7,
1166 5626 1235 5698 ,³⁷
1267 5624 1433 5681 Ilebr.
1475 5641 1529 5698 δ’,
1564 5628 1618 5692 8,
1649 5628 1704 5682 9.
1762 5628 1807 5660 sa
1841 5628 2008 5684 "cbn
2038 5647 2099 5698 η’
2130 5631 2216 5686 ίθ.

484 5689 533 5751 v,
566 5685 652 5739 52.
718 5694 759 5721 ι’
792 5691 892 5748 lsa.
922 5685 1029 5762 LXI,
1069 5695 1091 5746 i
1122 5712 1136 5762 ;
1165 5695 1294 5752 Luc.
1330 5713 1402 5765 tv,
1439 5685 1528 5751 18:
1598 5685 1643 5730 ί³
1667 5698 1868 5768 Ephes.
1898 5716 1970 5768 Iv,
2002 5701 2048 5755 51

2165 5702 2212 5733 “
2235 5700 2281 5755 Il
2305 5702 2429 5757 Cor.
2446 5685 2611 5771 Πχιίέξξ

2228 4504 2495 4575 Virginem
2541 4513 2692 4560 ducet
2722 4523 2939 4562 uxorem
2988 4511 3052 4564 de
3072 4513 3262 4578 papula
3311 4531 3426 4569 suo.
3454 4516 3609 4585 Sive,
3672 4530 3729 4576 ut

2150 4594 2313 4661 LXX,
2332 4597 2395 4650 de
2417 4614 2604 4667 genere
2623 4615 2736 4661 suo,
2766 4600 2891 4669 quia
2922 4616 3096 4672 genus
3126 4605 3325 4660 Christi
3352 4617 3582 4678 propter
3605 4629 3728 4669 car-

2149 4702 2276 4743 nem
2304 4704 2468 4744 omne
2483 4690 2766 4745 hominum
2782 4707 2954 4762 genus
2978 4709 3123 4760 esse,
3148 4697 3371 4754 cuilibet
3395 4712 3611 4757 certum
3624 4715 3729 4768 est.

2153 4779 2242 4833 hic
2273 4795 2342 4834 ex
2372 4780 2475 4835 hac
2504 4798 2731 4837 uxorem
2762 4783 3045 4855 virginem,
3079 4787 3135 4842 id
3177 4796 3280 4854 est,
3311 4790 3618 4850 Ecclesiam
3674 4797 3732 4851 in

2149 4884 2274 4925 eum
2313 4872 2652 4928 credentium
2681 4874 2855 4939 duxit,
2877 4877 2945 4932 de
2976 4894 3084 4947 qua
3110 4879 3310 4937 Paulus
3337 4882 3559 4943 dicebat
3584 4906 3599 4943 :
3627 4888 3732 4943 De-

2147 4964 2335 5030 spondi
2365 4981 2451 5018 vos
2482 4965 2572 5018 uni
2611 4966 2722 5019 viro
2748 4967 3001 5039 virginem
3029 4981 3233 5027 castam
3276 4975 3520 5034 exhibere
3578 4979 3732 5037 Chri-

2146 5062 2224 5107 sto
2253 5057 2319 5107 ⁸³.

2225 5149 2446 5204 Viduam
2476 5160 2524 5205 et
2544 5154 2882 5221 repudiatam
2898 5164 2946 5210 et
2978 5160 3266 5228 sordidam,
3346 5172 3511 5235 atque
3567 5184 3726 5222 mere-

2156 5240 2338 5294 tricem
2368 5257 2473 5296 non
2501 5244 2672 5299 ducet.
2709 5246 3020 5303 Judaeorum
3055 5250 3395 5326 Synagogam
3422 5257 3645 5313 viduam
3674 5260 3728 5312 in

2156 5335 2441 5403 prophetis
2509 5340 2835 5410 appellatam
2894 5344 3170 5411 novimus,
3219 5349 3286 5403 ad
3322 5364 3492 5418 quam
3549 5352 3725 5407 dixit:

2120 5492 2129 5503 '
2157 5425 2385 5483 Tendere
2407 5440 2455 5484 et
2485 5432 2655 5501 gaude
2677 5450 2833 5502 super
2855 5434 2992 5503 ﬁlios
3019 5446 3135 5492 tuos
3178 5449 3401 5509 teneros,
3450 5444 3622 5498 dilata
3658 5445 3728 5498 ri-

2299 5631 2343 5705 ³ξ
2367 5630 2504 5686 Psal.
2532 5650 2661 5701 cxn,
2695 5634 2747 5689 1.
2804 5634 2850 5667 ⁴⁸
2874 5636 3075 5697 Ezech.
3099 5655 3249 5705 mn,
3277 5640 3367 5697 20.
3454 5644 3501 5676 δ’
3534 5643 3728 5699 Matth.
