3988 6222
253 212 415 338 ἰοηι

1388 242 1497 337 ἰΝ
1537 268 1976 340 LEVITICUM.
2009 299 2078 310 —
2121 273 2270 336 LIB.
2308 274 2410 336 vr.

3412 281 3548 350 1062

286 389 542 443 ciuitatem
569 394 716 443 tuam
745 388 878 441 sicut
898 386 1090 455 Aquila
1127 386 1191 440 ⁵⁸η.
1221 384 1328 441 Sed
1361 394 1417 440 et
1445 387 1512 441 de
1537 388 1740 458 populo
1769 388 1865 442 Ju-
1894 396 1938 450 Λ
1973 385 2396 455 quioﬂ'eruntur
2419 387 2476 439 in
2507 387 2835 455 sanctuario,
2872 389 2948 445 ita
2973 390 3256 461 duntaxat,
3291 400 3354 448 ut
3403 397 3549 453 intra

287 474 549 542 timorum,
632 477 746 530 sive
793 475 1077 546 proditore
1113 474 1273 539 Juda,
1331 477 1639 531 communis
1717 476 1863 530 enim

285 580 475 620 eorum
514 574 598 619 est
631 564 910 633 iniquitas,
944 564 1075 620 dicit
1105 580 1120 617 :
1146 564 1308 618 Fiant
1326 564 1428 633 ﬁlii
1459 567 1574 634 ejus
1616 566 1860 635 orphani,

285 666 487 710 etuxor
513 657 627 725 ejus
655 656 813 709 vidua
841 656 906 721 ⁸⁸,
957 656 1132 726 ipsam
1188 664 1371 710 autem
1424 658 1765 726 repudiatam
1809 665 1866 712 et

282 749 504 804 viduam
532 749 834 804 secundum
858 732 921 802 ea
942 762 1062 817 qua:
1079 758 1207 802 ante
1243 748 1526 817 paululum
1562 748 1705 803 dicta
1733 756 1865 803 sunt

282 837 655 908 intelligimus.
692 835 995 907 Repudiata
1033 847 1116 893 est
1171 838 1319 892 enim
1350 854 1380 893 a
1430 839 1527 893 Dei
1577 840 1861 906 societate,

282 944 406 984 cum
430 929 597 984 idolis
633 928 931 993 fornicans,
957 938 1179 999 propter
1195 931 1342 1000 quod
1372 945 1494 985 eam
1527 931 1583 986 in
1607 915 1865 1004 conjugio

281 1020 537 1089 accipere
570 1034 683 1074 non
702 1019 1009 1089 patitur,ut
1061 1019 1332 1091 intelligas
1369 1022 1496 1091 quia
1553 1036 1675 1076 eam
1733 1037 1866 1077 eone

280 1110 674 1173 versationem,
695 1124 817 1179 quae
847 1109 902 1163 in
933 1109 1144 1163 umbris
1195 1118 1250 1163 et
1303 1110 1493 1180 ﬁguris
1540 1118 1625 1166 est
1678 1112 1866 1180 prohi-

283 1202 428 1264 buit,
450 1209 507 1256 et
537 1202 594 1255 in
618 1200 770 1254 nullo
793 1201 843 1256 ei
876 1200 1287 1257 communicare
1352 1205 1468 1255 vult
1515 1201 1639 1267 hos,
1668 1202 1763 1272 qui
1811 1203 1863 1258 ei

284 1298 616 1363 exspectant
634 1308 733 1363 per
764 1291 933 1347 vitam
961 1292 1183 1358 bonam,
1238 1293 1513 1362 ﬁdemque
1562 1294 1860 1349 cohmrere.

286 1384 449 1440 Unde
491 1398 614 1439 cum
670 1384 839 1439 semel
894 1383 1119 1439 dixisset
1157 1398 1173 1438 :
1228 1383 1473 1438 Puellam
1501 1384 1755 1455 virginem
1801 1387 1866 1439 de

281 1475 473 1546 popqu
504 1489 617 1540 suo,
649 1476 757 1528 sive
778 1489 965 1545 genere
982 1489 1082 1527 suo
1132 1474 1376 1543 accipiet,
1415 1489 1525 1529 non
1570 1482 1863 1530 contentus

276 1568 404 1632 fuit,
425 1557 696 1623 subdidit:
739 1565 984 1631 Viduam,
1018 1574 1065 1620 et
1084 1566 1407 1619 meretricem
1445 1576 1497 1619 et
1526 1567 1863 1636 repudiatam

282 1671 387 1713 non
411 1660 650 1729 accipiet.
683 1657 998 1713 Secundum
1027 1656 1173 1712 LXX
1205 1666 1389 1712 autem
1420 1676 1434 1712 :
1489 1658 1751 1729 Virginem
1798 1660 1864 1713 de

276 1766 471 1824 ‘gcuere
494 1767 588 1805 suo
613 1751 854 1819 accipiet,
885 1759 944 1805 ut
962 1751 1197 1820 primum
1220 1750 1355 1805 illud
1378 1749 1601 1820 quidem
1619 1753 1688 1806 de
1709 1751 1860 1806 omni

275 1844 553 1914 intelligas
579 1842 832 1897 Ecclesiae
848 1854 1078 1912 corpore
1122 1857 1138 1894 :
1189 1843 1294 1897 hoc
1327 1853 1512 1898 autem
1534 1844 1860 1910 secundum,

282 1934 352 1989 de
377 1934 560 1987 anima
589 1933 760 1987 omni.
797 1933 1267 1999 Quemadmodum
1298 1934 1449 1989 enim
1507 1935 1740 1991 societas
1794 1938 1861 1991 ﬁ-

280 2027 503 2089 delium,
542 2026 620 2081 sic
641 2035 696 2080 et
718 2026 901 2080 anima
946 2025 1379 2097 uniuscujusque
1410 2041 1615 2096 sponsa
1652 2029 1775 2095 Dei,
1805 2038 1862 2085 et

276 2118 539 2175 Ecclesia:
594 2126 694 2173 est.
749 2119 859 2173 Cur
937 2126 1122 2173 autem
1164 2118 1550 2188 desponsatam
1601 2120 1704 2176 sibi
1749 2137 1860 2176 non

280 2212 395 2267 vult
429 2211 753 2282 participem
802 2210 920 2265 ﬁeri
967 2209 1214 2265 Judaicae
1263 2212 1689 2280 conversationi,
1744 2213 1862 2283 ipse

272 2303 554 2358 subinl’ert
586 2320 601 2357 :

344 2397 426 2452 Ne
452 2397 786 2451 commisceat
802 2397 1020 2465 stirpem
1042 2397 1244 2466 generis
1261 2397 1366 2451 sui.
1433 2397 1628 2470 Vulgo,
1683 2398 1860 2468 gentis

274 2503 412 2543 suae.
438 2486 583 2541 LXX
622 2496 842 2542 autem:
875 2485 940 2539 Et
961 2501 1064 2539 non
1090 2486 1395 2557 profanabit
1445 2502 1622 2541 semen
1665 2488 1721 2540 in
1762 2503 1858 2556 po-

272 2581 402 2651 pulo
418 2596 532 2635 suo.
559 2579 699 2651 Ergo
731 2578 1036 2650 proianatio
1068 2577 1307 2634 fidelium
1332 2586 1438 2641 est,
1483 2578 1541 2633 hi
1570 2579 1861 2634 enimsunt

258 2678 466 2727 semen
489 2679 543 2726 et
570 2670 724 2740 plebs
766 2668 936 2724 nostri
979 2668 1292 2734 sacerdotis,
1329 2667 1570 2723 Judaicis
1616 2668 1861 2723 moribus

273 2764 490 2819 sociati.
518 2762 587 2817 Et
619 2769 907 2832 propterea
930 2759 1134 2815 Paulus
1151 2758 1368 2814 dicebat
1398 2773 1410 2807 :
1453 2757 1714 2813 Evacuati
1739 2759 1860 2813 estis

275 2856 498 2923 Christo,
517 2856 606 2926 qui
626 2856 681 2908 in
699 2853 808 2924 lege
825 2852 1218 2922 justiﬁcamini,
1249 2868 1282 2905 a
1308 2851 1485 2923 gratia
1515 2852 1781 2906 excidistis
1792 2850 1858 2906 ".

280 2950 375 3005 llis
398 2947 660 3004 subdidit.

346 3040 459 3113 Ego
487 3040 742 3094 Dominus
767 3040 857 3111 qui
881 3037 1150 3107 sanctifico
1202 3053 1344 3091 eum.
1386 3036 1446 3092 Id
1473 3043 1579 3104 est,
1606 3043 1857 3107 propter-
1885 3065 1925 3121 ε

222 3150 237 3159 ·
277 3149 341 3190 ea
368 3148 509 3203 opus
544 3147 657 3186 non
686 3131 851 3186 habet
897 3129 1031 3200 legis
1061 3129 1282 3200 ﬁguras,
1320 3144 1423 3183 nec
1449 3128 1855 3194 saeriﬁcia,nec

274 3225 709 3298 puriﬁcationes,
742 3223 1000 3293 quoniam
1050 3236 1154 3293 ego
1189 3221 1454 3276 Dominus
1474 3237 1574 3291 pro
1603 3208 1859 3277 omnibus

278 3321 387 3376 illis
419 3328 475 3376 et
512 3317 835 3373 sacriﬁcium
867 3314 1090 3380 eﬁicior,
1116 3324 1173 3369 et
1229 3312 1571 3385 puriﬁcatio;
1599 3322 1654 3367 et
1682 3312 1858 3382 quod-

277 3427 496 3481 cunque
525 3408 727 3465 dixeris
750 3407 1024 3478 pertinere
1063 3404 1129 3460 ad
1159 3404 1321 3459 aliam
1352 3402 1857 3459 sanctiﬁcationem.

277 3503 380 3571 Qui
412 3511 616 3566 autem,
650 3498 870 3570 quando
901 3496 1099 3563 vidum,
1128 3502 1187 3550 et
1224 3494 1550 3560 meretricis,
1608 3501 1665 3549 et
1692 3509 1858 3563 repu-

277 3595 439 3650 diata:
464 3591 798 3646 mentionem
823 3587 974 3653 fecit,
1025 3587 1146 3652 bas,
1192 3584 1389 3654 inquit,
1440 3599 1554 3639 non
1605 3583 1856 3655 accipiet,

277 3686 511 3742 dicimus
539 3683 711 3738 ethoc
738 3682 807 3737 de
849 3678 1232 3736 haereticorum
1254 3675 1649 3732 conventiculis
1692 3676 1854 3747 legis-

278 3779 506 3833 latorcm
532 3771 542 3782 ’
566 3773 768 3830 dixisse
798 3790 811 3826 :
843 3772 1079 3825 viduata:
1119 3775 1248 3823 sunt
1269 3766 1417 3822 enim
1449 3766 1545 3821 Dei
1606 3766 1857 3830 scientia,

276 3877 503 3941 propter
521 3864 664 3936 quod
691 3872 745 3918 et
766 3880 795 3917 a
825 3863 1042 3934 piorum
1075 3857 1461 3915 communione
1477 3858 1689 3928 expulsi
1707 3867 1855 3926 sunt,

278 3963 375 4018 scd
406 3971 459 4017 ct
486 3958 827 4014 fornicatttur
888 3952 1207 4024 incongruis
1241 3961 1296 4007 et
1328 3951 1552 4006 nefariis
1590 3951 1861 4022 dogmati-

278 4058 402 4111 bus.
430 4054 573 4123 Ergo
605 4058 750 4105 recte
773 4048 991 4103 viduam
1017 4045 1333 4116 praeposuit,
1372 4044 1668 4099 secundam
1696 4058 1857 4113 repu-

277 4149 505 4207 diatam,
541 4142 757 4197 tertiam
779 4139 1121 4194 meretricem
1149 4136 1394 4192 subdidit
1433 4135 1625 4191 harum
1650 4135 1858 4189 nullam

279 4241 385 4298 sibi
416 4235 678 4293 Dominus
710 4233 777 4289 ad
824 4232 1139 4287 societatem
1176 4228 1345 4292 ducit,
1369 4236 1430 4283 ut
1456 4242 1568 4282 non
1615 4224 1860 4297 polluant

279 4335 522 4390 ﬁdelium
558 4344 768 4392 semen,
799 4326 927 4397 quia
970 4316 1314 4394 corrumpunt
1362 4337 1528 4375 mores
1550 4321 1723 4375 bonos-
1757 4319 1861 4399 col-

283 4426 459 4496 loquia
495 4423 638 4477 mala
676 4420 743 4474 "'.

348 4514 512 4571 Vens.
547 4512 736 4569 16-23.
773 4529 792 4563 ι
826 4510 1173 4576 Locutusque
1211 4512 1297 4561 est
1319 4503 1587 4559 Dominus
1614 4501 1684 4557 ad
1716 4500 1862 4572 Moy-

279 4621 379 4663 sen
409 4607 619 4663 dicens.
648 4603 897 4673 Loquere
924 4600 991 4654 ad
1017 4600 1199 4652 Aaron
1232 4612 1248 4651 :
1298 4593 1471 4649 llomo
1525 4593 1595 4649 de
1650 4592 1860 4648 semine

277 4711 376 4758 tuo
407 4716 507 4773 per
546 4695 777 4754 familias
804 4694 896 4764 qui
937 4689 1190 4747 habuerit
1228 4686 1499 4742 maculam
1530 4700 1643 4740 non
1666 4684 1860 4740 otl'eret

283 4806 458 4865 panes
482 4789 714 4845 Domino
735 4784 848 4839 Deo
878 4797 979 4837 suo
1007 4795 1079 4835 ne
1128 4778 1355 4834 accedat
1385 4776 1456 4831 ad
1489 4774 1860 4830 ministerium

284 4886 426 4956 ejus.
461 4882 519 4938 Si
538 4894 715 4937 caecus
741 4876 925 4940 fuerit,
970 4873 1016 4929 si
1079 4870 1324 4935 claudus,
1395 4867 1511 4923 sive
1552 4882 1721 4936 parvo
1773 4866 1860 4921 vel

277 4973 492 5049 grandi,
521 4972 609 5029 vel
644 4978 784 5025 torto
817 4980 972 5031 naso,
1007 4963 1052 5019 si
1083 4961 1255 5017 fracto
1292 4957 1435 5030 pede
1463 4956 1549 5012 vel
1582 4970 1769 5021 manu,
1812 4969 1859 5049 si

280 5046 500 5141 gibbus,
521 5067 568 5122 si
593 5067 794 5136 lippus,
831 5062 876 5118 si
906 5057 1218 5129 albuginem
1268 5050 1555 5108 habensin
1585 5049 1766 5141 oculo,
1813 5046 1860 5102 si

277 5139 464 5233 jugem
492 5158 752 5221 scabiem,
784 5155 828 5210 si
860 5148 1237 5222 impetiginem
1257 5145 1314 5200 in
1331 5155 1586 5233 corpore,
1607 5141 1695 5196 vel
1730 5139 1866 5233 her-_

278 5229 493 5306 niosus.
539 5246 728 5302 Omnis
768 5244 862 5315 qui
914 5239 1166 5296 habuerit
1215 5235 1487 5292 maculam
1529 5232 1597 5287 de
1650 5229 1857 5284 semine

278 5344 465 5397 Aaron
513 5337 834 5402 sacerdotis,
875 5349 988 5389 non
1032 5329 1257 5387 accedet
1289 5325 1490 5382 oll'erre
1508 5322 1716 5378 hostias
1753 5320 1859 5374 Do-

278 5436 457 5502 mino,
490 5447 593 5490 nec
610 5446 778 5504 panes
800 5430 912 5484 Deo
937 5441 1058 5491 suo,
1084 5430 1338 5493 vescetur
1369 5427 1555 5474 tamen
1599 5414 1855 5487 panibus,

349 5617 396 5650 "
421 5614 584 5670 Mich.
609 5630 649 5675 ι,
685 5611 774 5665 16.
834 5568 841 5579 ἴ
877 5608 923 5640 ⁸⁸
950 5609 1093 5663 Psal.
1140 5621 1292 5675 cvui,
1325 5602 1378 5655 9.

280 5704 438 5754 CXLV,
465 5687 519 5742 8.
595 5686 639 5719 “
674 5681 849 5752 Illeg.
882 5695 994 5744 xvi,
1023 5678 1074 5733 ἴ.

1478 5601 1519 5632 ⁸⁷
1545 5601 1716 5656 Galat.
1748 5615 1803 5659 v,
1842 5594 1898 5648 4ο

1165 5677 1209 5709 ⁸³
1237 5659 1376 5730 Gen.
1416 5687 1601 5741 xum,
1632 5672 1717 5726 li).
1792 5666 1838 5700 ⁸³
1867 5660 2009 5719 l’sal.
2037 5674 2168 5727 xvn,
2204 5659 2290 5714 46.

1965 477 2147 531 velum
2175 491 2285 530 non
2310 477 2664 547 ingrediatur,
2683 494 2787 535 nec
2813 484 3034 538 accedat
3080 484 3147 538 ad
3196 485 3386 565 altare,
3419 489 3549 557 quia

1965 565 2233 621 maculam
2261 566 2446 633 habet,
2474 579 2531 622 et
2568 572 2945 629 contaminare
2977 589 3087 628 non
3112 576 3274 631 debet
3296 588 3550 635 sanctua-

1967 654 2109 708 rium
2137 669 2343 719 meum,
2376 669 2478 725 ego
2512 656 2781 714 Dominus
2809 661 2902 729 qui
2933 662 3218 717 sanctiﬁco
3253 679 3366 718 vos.
3416 684 3434 716 ι

2039 744 2095 798 Si
2120 746 2421 800 secundum
2457 746 2692 802 litteram
2732 748 2876 804 hanc
2928 751 3270 807 sanctionem
3297 755 3548 825 accipere

1964 835 2324 902 voluerimus,
2355 838 2630 907 quomodo
2682 838 3175 910 legislatoris-csse
3201 844 3355 913 juxta
3393 846 3547 901 video

1965 926 2113 980 bitur
2135 926 2399 982 intentio?
2433 928 2623 998 Neque
2672 930 2818 983 enim
2863 930 3143 988 voluntate
3189 949 3287 988 sua
3319 936 3547 991 maculae

1967 1015 2286 1071 hominibus
2317 1018 2597 1073 eveniunt.
2657 1017 2945 1085 Quomodo
2990 1037 3120 1093 ergo
3178 1039 3288 1080 non
3355 1027 3549 1081 incon-

1966 1122 2160 1178 gruum
2189 1117 2273 1163 est
2305 1108 2363 1162 in
2397 1110 2503 1169 his.
2534 1126 2656 1180 quas
2671 1120 2867 1181 sponte
2895 1127 3006 1167 non
3058 1114 3230 1184 ﬁunt,
3279 1119 3540 1173 sacerdo-

1966 1205 2079 1252 tem
2098 1198 2167 1253 ab
2197 1198 2375 1254 oﬁicio
2405 1201 2617 1271 repelli.
2650 1199 2790 1266 Quid
2825 1211 3007 1257 autem
3035 1212 3089 1258 et
3142 1206 3188 1260 si
3259 1207 3384 1275 quis
3441 1209 3547 1263 hoc

1965 1287 2147 1357 ipsum
2175 1290 2310 1363 legis
2338 1305 2676 1362 cegnoscens
2731 1304 3100 1364 praeceptum,
3154 1298 3423 1352 sacerdoti
3457 1299 3545 1352 in-

1964 1382 2194 1448 videns,
2218 1383 2525 1438 membrum
2559 1384 2710 1453 ejus,
2736 1400 2961 1440 manum
2983 1428 2998 1452 ,
3046 1388 3134 1442 vel
3188 1389 3383 1458 pedem
3404 1431 3418 1457 ,
3450 1400 3547 1445 aut

1964 1474 2184 1528 oculum
2206 1513 2220 1536 ,
2241 1483 2337 1527 aut
2369 1472 2570 1543 aliquid
2599 1474 2747 1529 aliud
2767 1475 3038 1531 attriverit
3060 1518 3074 1543 ,
3102 1488 3197 1533 aut
3231 1479 3275 1533 si
3293 1495 3546 1552 pugnans

1965 1574 2153 1618 contra
2184 1564 2536 1636 alienigenas,
2553 1574 2608 1620 et
2630 1580 2728 1634 pro
2751 1567 2955 1623 sanctis
2980 1568 3077 1623 Dei
3102 1579 3375 1638 armatus,
3401 1589 3545 1642 prae—

1964 1671 2085 1712 esse
2099 1657 2248 1711 enim
2270 1657 2426 1712 bellis
2451 1658 2762 1713 sacerdotes
2782 1659 2838 1712 in
2868 1659 3293 1718 Deuteronomio
3312 1664 3379 1718 ⁸³.
3393 1664 3545 1737 Moy-

1964 1763 2054 1803 ses
2083 1749 2376 1819 prmcepit,
2418 1749 2620 1804 vulnus
2654 1751 2897 1820 accepit,
2933 1765 3001 1806 ex
3033 1768 3142 1822 quo
3175 1756 3431 1823 quaelibet
3492 1758 3544 1812 ei

1963 1854 2031 1893 ex
2060 1840 2336 1909 praedictis
2352 1841 2580 1896 maculis
2612 1843 2887 1908 eveniret,
2942 1853 3175 1914 putasne
3210 1846 3406 1917 dignus
3424 1858 3544 1903 erat

1963 1938 2188 2000 propter
2217 1931 2323 1987 hoc
2350 1933 2417 1987 de
2447 1933 2750 1988 sacerdotio
2779 1937 3150 1990 removeri?ln
3168 1942 3542 1995 tantumcnim

1961 2037 2077 2076 non
2125 2030 2254 2076 sunt
2299 2018 2588 2093 corporum
2617 2024 2844 2078 maculae
2896 2026 3291 2083 abominabiles
3316 2028 3449 2094 Deo,
3483 2009 3552 2086 ut.

1962 2112 2254 2168 Dominum
2310 2114 2621 2168 illuminare
2670 2130 2848 2170 caecos
2888 2116 3058 2171 David
3115 2118 3321 2173 diceret
3351 2120 3419 2173 ιο.
3480 2119 3536 2175 Si

1961 2203 2428 2274 pulchritudinem
2465 2220 2576 2259 non
2606 2204 2790 2276 elegit,
2845 2221 2947 2260 nec
2988 2206 3271 2261 robustum
3317 2223 3538 2278 corpus,

1961 2309 2065 2348 nec
2093 2293 2239 2364 quod
2259 2293 2631 2349 videturbene
2677 2294 2938 2364 positum;
2990 2304 3052 2350 ut
3100 2296 3170 2350 ad
3227 2296 3537 2353 Samuelem

1958 2385 2167 2440 diceret
2211 2386 2280 2441 de
2309 2387 2518 2456 majore
2576 2384 2688 2441 ﬁlio
2729 2384 2902 2451 Jesse,
2971 2386 3095 2456 quia
3156 2389 3393 2458 speciem
3426 2390 3538 2445 Deo

1960 2476 2177 2546 placere
2198 2485 2525 2547 putaverat:
2575 2477 2697 2532 Non
2753 2479 2997 2547 respicies
3055 2480 3126 2533 ad
3181 2480 3382 2535 vultum
3425 2482 3538 2550 ejus

1923 2572 2126 2644 ‘neque
2157 2568 2228 2621 ad
2258 2566 2595 2621 altitudinem
2621 2577 2843 2622 statura:
2871 2568 3007 2636 ejus,
3066 2570 3316 2638 quoniam
3369 2571 3539 2641 abjeci

1961 2674 2080 2712 eum
2113 2658 2182 2712 ⁸¹.
2210 2659 2376 2729 Atqui
2404 2673 2502 2713 rex
2527 2674 2639 2714 non
2665 2659 2921 2714 sacerdos
2978 2668 3098 2714 erat
3155 2662 3247 2731 qui
3305 2665 3541 2733 ungeba-

1963 2760 2086 2818 tur;
2121 2750 2233 2823 regi
2259 2760 2442 2805 autem
2477 2751 2785 2806 necessaria
2822 2762 2943 2807 erat
2967 2753 3180 2822 species
3226 2763 3281 2809 et
3322 2757 3541 2826 magni-

1963 2844 2094 2899 tudo
2132 2842 2397 2913 corporis.
2432 2842 2541 2898 Sed
2598 2842 2729 2914 quid
2766 2842 2854 2900 bis
2899 2843 3149 2899 addidit?
3211 2843 3322 2899 Nec
3374 2846 3537 2916 juxta

1963 2934 2215 2987 intuitum
2234 2933 2459 2988 hominis
2487 2933 2693 3003 judico.
2735 2934 2908 2990 llomo
2933 2935 3080 2991 videt
3101 2951 3164 2991 ea
3184 2953 3303 3006 qua:
3325 2944 3536 3007 patent,

1963 3024 2108 3078 Deus
2126 3034 2309 3079 autem
2334 3023 2577 3079 intuetur
2617 3037 2708 3079 cor
2746 3038 2761 3090 ;
2797 3040 2892 3079 cor
2931 3024 3078 3080 enim
3136 3035 3428 3093 scrutatur,
3490 3029 3540 3084 si

1962 3116 2228 3171 maculam
2260 3117 2476 3183 habeat,
2509 3124 2564 3171 et
2584 3132 2679 3172 eos
2703 3116 2799 3187 qui
2819 3117 3148 3172 immaculati
3170 3128 3298 3174 sunt
3331 3120 3535 3188 animo,

1960 3207 2061 3262 bos
2083 3208 2289 3263 electos
2320 3207 2530 3278 judicat
2561 3226 2576 3263 :
2601 3223 2697 3263 eos
2725 3216 2911 3263 autem
2927 3209 3019 3280 qui
3045 3210 3314 3265 maculam
3336 3190 3391 3266 in
3416 3213 3538 3267 ani-

1959 3316 2048 3355 ma
2077 3300 2301 3366 habent,
2328 3300 2607 3370 reprobat.
2669 3298 2728 3355 Si
2768 3300 2915 3355 enim
2966 3300 3170 3356 malum
3229 3310 3313 3357 est
3387 3303 3541 3358 clau-

1959 3391 2142 3446 dicare
2175 3390 2426 3460 pedibus,
2445 3397 2545 3445 aut
2561 3391 2750 3447 oculos
2776 3389 3022 3446 inﬁrmos
3050 3390 3274 3460 habere;
3310 3401 3365 3446 et
3380 3408 3410 3447 a
3426 3393 3539 3448 Deo

1959 3491 2237 3553 separant,
2261 3483 2538 3552 quomodo
2566 3482 2738 3549 Isaac,
2806 3483 3081 3553 quomodo
3114 3482 3282 3540 Jacob
3303 3485 3540 3556 caligare

1959 3573 2205 3642 permisit
2231 3580 2288 3627 et
2316 3573 2548 3628 salutem
2581 3574 2811 3644 perdere
2867 3572 3132 3629 visionis?
3157 3575 3361 3630 etenim
3387 3575 3540 3629 Isaac

1958 3676 2067 3716 non
2087 3662 2343 3734 cognovit
2368 3662 2558 3729 Jacob,
2604 3663 2748 3718 Esau
2783 3662 3075 3734 ﬁngentem
3113 3680 3425 3732 personam.
3462 3664 3548 3724 De.

1956 3751 2124 3809 Jacob
2150 3765 2332 3810 autem
2365 3756 2569 3811 dictum
2598 3767 2714 3812 est:
2750 3755 2899 3812 Oculi
2922 3755 3092 3810 Israel
3120 3757 3538 3827 caligarereprw

1958 3847 2126 3901 nimia
2154 3856 2441 3912 senectute,
2474 3851 2522 3900 et
2549 3847 2692 3902 clare
2719 3848 2894 3902 uidere
2924 3862 3026 3900 non
3071 3857 3278 3917 poterat
3295 3849 3363 3901 ⁵³.
3402 3848 3538 3905 Pro-
3569 3901 3586 3915 ,

1958 3943 2144 4005 pterea
2174 3944 2230 3990 et
2252 3952 2400 3992 nunc
2423 3934 2701 4007 legislator
2732 3938 2814 3993 sic
2864 3934 3185 3992 indistincte
3227 3937 3295 3993 de
3325 3940 3537 3995 macula

1958 4022 2133 4075 sancit
2154 4020 2340 4077 dicens
2359 4021 2507 4077 enim
2528 4041 2543 4077 :

2034 4115 2206 4172 Homo
2232 4117 2295 4170 de
2325 4118 2520 4173 semine
2543 4127 2634 4172 tuo
2693 4119 2785 4189 qui
2848 4118 3093 4173 habuerit
3139 4119 3426 4175 maculam.
3473 4120 3538 4177 Et

1958 4225 2083 4267 cum
2111 4225 2219 4265 non
2245 4209 2585 4267 distiuxisset
2618 4210 2820 4279 locum,
2883 4210 3029 4271 illico
3066 4211 3308 4266 subdidit
3339 4229 3354 4265 :
3412 4210 3536 4266 Non

1958 4305 2134 4375 offeret
2162 4318 2325 4373 panes
2354 4302 2465 4357 Deo
2515 4319 2611 4357 suo
2659 4318 2752 4357 nec
2804 4304 3013 4358 accedet
3059 4305 3132 4358 ad
3188 4305 3538 4359 ministerium

1889 4405 1934 4460 ι)
1963 4395 2099 4465 ejus.
2133 4392 2279 4448 LXX
2299 4402 2481 4448 autem
2510 4393 2700 4449 dicunt
2725 4410 2738 4446 :
2768 4394 2834 4448 In
2865 4410 2968 4465 quo
2990 4395 3150 4466 fuerit
3183 4394 3415 4461 macula,
3435 4411 3539 4449 non

1959 4485 2375 4542 accedetVides
2406 4486 2552 4557 quia,
2585 4486 2643 4539 in
2673 4501 2784 4555 quo
2813 4486 2970 4551 dixit,
2996 4501 3108 4540 non
3166 4486 3223 4540 in
3268 4502 3536 4558 corpore,

1958 4579 2012 4634 in
2047 4579 2207 4634 nobis
2239 4587 2422 4633 autem
2452 4577 2674 4648 proprie
2710 4578 2834 4642 boc,
2866 4576 3013 4646 quod
3047 4577 3103 4632 in
3134 4577 3316 4632 anima
3348 4586 3538 4634 nostra
3566 4641 3571 4645 ,

1956 4680 2062 4740 est,
2099 4686 2223 4726 esse
2242 4671 2467 4726 dicitur.
2507 4671 2651 4741 Ergo
2672 4669 2924 4724 claudum
2943 4669 3096 4737 dicit,
3126 4669 3272 4726 viam
3296 4669 3392 4726 Dei
3415 4686 3538 4726 cor-
3570 4662 3571 4667 “

1956 4768 2323 4831 rumpentem,
2345 4742 2439 4829 qui
2472 4773 2538 4815 ex
2560 4766 2736 4828 parte,
2764 4757 2949 4813 divina
2977 4758 3253 4826 mandata,
3277 4768 3333 4815 et
3363 4759 3538 4839 legem

1959 4851 2248 4917 subvertit,
2275 4849 2346 4904 de
2369 4848 2568 4920 quibus
2594 4848 2651 4903 in
2676 4848 2906 4904 Psalmis
2936 4848 3066 4905 dicit
3104 4867 3117 4903 :
3186 4848 3314 4904 Filii
3371 4850 3538 4904 alieni

1960 4941 2166 4996 mentiti
2190 4950 2310 4994 sunt
2333 4939 2482 5005 mihi,
2513 4938 2614 5009 ﬁlii
2636 4938 2800 4994 alieni
2840 4939 3284 5007 inveteraverunt,
3313 4949 3363 4993 et
3383 4938 3536 4992 clau-

1959 5037 2264 5091 dicaverunt
2298 5051 2331 5087 a
2360 5033 2560 5088 semitis
2598 5032 2709 5088 suis
2737 5033 2803 5086 ⁸³.
2849 5031 3319 5098 Quemadmodum
3390 5030 3539 5084 enim

1959 5126 2139 5181 claudi
2185 5139 2326 5180 unus
2391 5136 2489 5193 pes
2530 5137 2699 5177 sanus
2752 5137 2873 5177 esse
2938 5121 3173 5187 videtur,
3199 5121 3335 5175 alter
3354 5127 3539 5174 autem

1963 5220 2235 5275 claudicat
2270 5235 2284 5271 :
2344 5215 2425 5269 sic
2469 5225 2525 5270 et
2563 5216 2727 5286 hujus
2778 5229 2947 5268 unum
3001 5212 3276 5281 quidpiam
3319 5211 3537 5266 interim

1965 5326 2160 5367 sanum
2191 5323 2314 5363 esse
2338 5305 2574 5372 videtur,
2601 5306 2862 5378 gloriatur
2899 5305 3048 5360 enim
3077 5303 3283 5358 servire
3309 5317 3370 5357 se
3403 5300 3534 5354 Deo.

1966 5405 2125 5462 Aliud
2148 5412 2329 5459 autem
2359 5399 2632 5455 inﬁrmum
2667 5409 2772 5468 est,
2803 5399 2932 5454 dum
2962 5406 3276 5467 corrumpat
3324 5410 3536 5466 praeva-

3314 5579 3357 5611 ⁸⁰
3392 5575 3533 5634 Psal.

1987 5590 2032 5621 ⁸⁸
2060 5589 2082 5643 ι
2112 5588 2234 5642 Cor.
2277 5604 2368 5653 xv,
2409 5589 2501 5643 55.
2594 5584 2639 5617 ’δ’
2662 5583 2820 5640 Deut.
2858 5598 2948 5649 xx,
2996 5582 3020 5634 l
3057 5594 3209 5651 seqq.
