  <div class='ocr_page' id='page_1' title='image "/cluster/home/n/w/nwhite01/storage/ocr_20150623/93/mdp.39015078384313/539.png"; bbox 0 0 3988 6222; ppageno 0'>
   <div class='ocr_carea' id='block_1_1' title="bbox 608 339 746 403">
    <p class='ocr_par' dir='ltr' id='par_1_1' title="bbox 608 339 746 403">
     <span class='ocr_line' id='line_1_1' title="bbox 608 339 746 403; baseline 0 0"><span class='ocrx_word' id='word_1_1' title='bbox 608 339 746 403; x_wconf 81' lang='lat'><strong>1063</strong></span> 
     </span>
    </p>
   </div>
   <div class='ocr_carea' id='block_1_2' title="bbox 1797 338 2675 401">
    <p class='ocr_par' dir='ltr' id='par_1_2' title="bbox 1797 338 2675 401">
     <span class='ocr_line' id='line_1_2' title="bbox 1797 338 2675 401; baseline -0.005 0"><span class='ocrx_word' id='word_1_2' title='bbox 1797 340 2161 401; x_wconf 82' lang='lat' dir='ltr'><strong>llESYCHll</strong></span> <span class='ocrx_word' id='word_1_3' title='bbox 2202 338 2675 400; x_wconf 65' lang='lat' dir='ltr'><strong>PRESBYTERI</strong></span> 
     </span>
    </p>
   </div>
   <div class='ocr_carea' id='block_1_3' title="bbox 3668 345 3755 415">
    <p class='ocr_par' dir='ltr' id='par_1_3' title="bbox 3668 345 3755 415">
     <span class='ocr_line' id='line_1_3' title="bbox 3668 345 3755 415; baseline 0.057 -5"><span class='ocrx_word' id='word_1_4' title='bbox 3668 345 3755 415; x_wconf 67' lang='grc'><strong>1064</strong></span> 
     </span>
    </p>
   </div>
   <div class='ocr_carea' id='block_1_4' title="bbox 606 445 3758 523">
    <p class='ocr_par' dir='ltr' id='par_1_4' title="bbox 606 445 3758 523">
     <span class='ocr_line' id='line_1_4' title="bbox 606 445 3758 523; baseline -0 -15"><span class='ocrx_word' id='word_1_5' title='bbox 606 453 867 508; x_wconf 88' lang='lat' dir='ltr'><strong>ricatione</strong></span> <span class='ocrx_word' id='word_1_6' title='bbox 910 451 1094 521; x_wconf 85' lang='lat' dir='ltr'><strong>legem.</strong></span> <span class='ocrx_word' id='word_1_7' title='bbox 1138 449 1546 518; x_wconf 78' lang='lat' dir='ltr'><strong>mandatorum,</strong></span> <span class='ocrx_word' id='word_1_8' title='bbox 1603 466 1727 523; x_wconf 69' lang='lat' dir='ltr'><strong>qua:</strong></span> <span class='ocrx_word' id='word_1_9' title='bbox 1790 453 2191 523; x_wconf 66' lang='lat' dir='ltr'><strong>transgreditur</strong></span> <span class='ocrx_word' id='word_1_10' title='bbox 2219 460 2266 516; x_wconf 74' lang='grc' dir='ltr'>Α</span> <span class='ocrx_word' id='word_1_11' title='bbox 2292 451 2387 519; x_wconf 85' lang='lat' dir='ltr'><strong>qui</strong></span> <span class='ocrx_word' id='word_1_12' title='bbox 2418 448 2704 504; x_wconf 74' lang='lat' dir='ltr'><strong>scientiam</strong></span> <span class='ocrx_word' id='word_1_13' title='bbox 2728 464 2792 502; x_wconf 74' lang='lat' dir='ltr'><strong>cs</strong></span> <span class='ocrx_word' id='word_1_14' title='bbox 2814 448 3049 518; x_wconf 86' lang='lat' dir='ltr'><strong>quodam</strong></span> <span class='ocrx_word' id='word_1_15' title='bbox 3075 456 3309 510; x_wconf 85' lang='lat' dir='ltr'><strong>tumore,</strong></span> <span class='ocrx_word' id='word_1_16' title='bbox 3329 446 3409 501; x_wconf 88' lang='lat' dir='ltr'><strong>vel</strong></span> <span class='ocrx_word' id='word_1_17' title='bbox 3438 445 3544 502; x_wconf 72' lang='lat' dir='ltr'><strong>vita:</strong></span> <span class='ocrx_word' id='word_1_18' title='bbox 3567 452 3758 520; x_wconf 84' lang='lat' dir='ltr'><strong>pravitate</strong></span> 
     </span>
    </p>
   </div>
   <div class='ocr_carea' id='block_1_5' title="bbox 606 541 2184 613">
    <p class='ocr_par' dir='ltr' id='par_1_5' title="bbox 606 541 2184 613">
     <span class='ocr_line' id='line_1_5' title="bbox 606 541 2184 613; baseline -0.001 -14"><span class='ocrx_word' id='word_1_19' title='bbox 606 543 987 599; x_wconf 88' lang='lat' dir='ltr'><strong>intentionem.</strong></span> <span class='ocrx_word' id='word_1_20' title='bbox 1018 541 1212 597; x_wconf 82' lang='lat' dir='ltr'><strong>Caecus</strong></span> <span class='ocrx_word' id='word_1_21' title='bbox 1249 550 1351 608; x_wconf 88' lang='lat' dir='ltr'><strong>est,</strong></span> <span class='ocrx_word' id='word_1_22' title='bbox 1387 543 1482 613; x_wconf 88' lang='lat' dir='ltr'><strong>qui</strong></span> <span class='ocrx_word' id='word_1_23' title='bbox 1513 558 1579 597; x_wconf 84' lang='lat' dir='ltr'><strong>ex</strong></span> <span class='ocrx_word' id='word_1_24' title='bbox 1617 552 1728 597; x_wconf 84' lang='lat' dir='ltr'><strong>tota</strong></span> <span class='ocrx_word' id='word_1_25' title='bbox 1751 543 2056 613; x_wconf 78' lang='lat' dir='ltr'><strong>ignorantia</strong></span> <span class='ocrx_word' id='word_1_26' title='bbox 2086 543 2184 597; x_wconf 88' lang='lat' dir='ltr'><strong>Dei</strong></span> 
     </span>
    </p>
   </div>
   <div class='ocr_carea' id='block_1_6' title="bbox 603 631 2183 694">
    <p class='ocr_par' dir='ltr' id='par_1_6' title="bbox 603 631 2183 694">
     <span class='ocr_line' id='line_1_6' title="bbox 603 631 2183 694; baseline 0 -9"><span class='ocrx_word' id='word_1_27' title='bbox 603 633 855 686; x_wconf 85' lang='lat' dir='ltr'><strong>morbum</strong></span> <span class='ocrx_word' id='word_1_28' title='bbox 883 631 1136 694; x_wconf 86' lang='lat' dir='ltr'><strong>sustinet.</strong></span> <span class='ocrx_word' id='word_1_29' title='bbox 1188 640 1245 687; x_wconf 90' lang='lat' dir='ltr'><strong>et</strong></span> <span class='ocrx_word' id='word_1_30' title='bbox 1266 633 1441 687; x_wconf 91' lang='lat' dir='ltr'><strong>lucem</strong></span> <span class='ocrx_word' id='word_1_31' title='bbox 1466 633 1714 688; x_wconf 70' lang='lat' dir='ltr'><strong>veritatis</strong></span> <span class='ocrx_word' id='word_1_32' title='bbox 1739 633 2021 687; x_wconf 81' lang='lat' dir='ltr'><strong>intendere</strong></span> <span class='ocrx_word' id='word_1_33' title='bbox 2071 647 2183 686; x_wconf 89' lang='lat' dir='ltr'><strong>non</strong></span> 
     </span>
    </p>
   </div>
   <div class='ocr_carea' id='block_1_7' title="bbox 600 721 2179 792">
    <p class='ocr_par' dir='ltr' id='par_1_7' title="bbox 600 721 2179 792">
     <span class='ocr_line' id='line_1_7' title="bbox 600 721 2179 792; baseline -0.001 -19"><span class='ocrx_word' id='word_1_34' title='bbox 600 724 763 777; x_wconf 84' lang='lat' dir='ltr'><strong>valet.</strong></span> <span class='ocrx_word' id='word_1_35' title='bbox 792 721 1020 792; x_wconf 87' lang='lat' dir='ltr'><strong>Propter</strong></span> <span class='ocrx_word' id='word_1_36' title='bbox 1051 723 1197 792; x_wconf 88' lang='lat' dir='ltr'><strong>quod</strong></span> <span class='ocrx_word' id='word_1_37' title='bbox 1237 723 1305 778; x_wconf 89' lang='lat' dir='ltr'><strong>de</strong></span> <span class='ocrx_word' id='word_1_38' title='bbox 1351 723 1552 778; x_wconf 67' lang='lat' dir='ltr'><strong>Iudaeis</strong></span> <span class='ocrx_word' id='word_1_39' title='bbox 1611 722 1872 778; x_wconf 86' lang='lat' dir='ltr'><strong>Dominus</strong></span> <span class='ocrx_word' id='word_1_40' title='bbox 1926 722 2179 776; x_wconf 86' lang='lat' dir='ltr'><strong>diccbat:</strong></span> 
     </span>
    </p>
   </div>
   <div class='ocr_carea' id='block_1_8' title="bbox 599 813 2183 886">
    <p class='ocr_par' dir='ltr' id='par_1_8' title="bbox 599 813 2183 886">
     <span class='ocr_line' id='line_1_8' title="bbox 599 813 2183 886; baseline -0.002 -17"><span class='ocrx_word' id='word_1_41' title='bbox 599 813 778 869; x_wconf 83' lang='lat' dir='ltr'><strong>Ccecus</strong></span> <span class='ocrx_word' id='word_1_42' title='bbox 812 831 947 869; x_wconf 72' lang='lat' dir='ltr'><strong>caeco</strong></span> <span class='ocrx_word' id='word_1_43' title='bbox 978 816 1024 869; x_wconf 90' lang='lat' dir='ltr'><strong>si</strong></span> <span class='ocrx_word' id='word_1_44' title='bbox 1053 816 1306 869; x_wconf 78' lang='lat' dir='ltr'><strong>ducatum</strong></span> <span class='ocrx_word' id='word_1_45' title='bbox 1338 819 1592 884; x_wconf 75' lang='lat' dir='ltr'><strong>prwbeat,</strong></span> <span class='ocrx_word' id='word_1_46' title='bbox 1657 815 1812 868; x_wconf 84' lang='lat' dir='ltr'><strong>ambo</strong></span> <span class='ocrx_word' id='word_1_47' title='bbox 1876 815 1930 867; x_wconf 86' lang='lat' dir='ltr'><strong>in</strong></span> <span class='ocrx_word' id='word_1_48' title='bbox 1981 815 2183 886; x_wconf 78' lang='lat' dir='ltr'><strong>foveam</strong></span> 
     </span>
    </p>
   </div>
   <div class='ocr_carea' id='block_1_9' title="bbox 600 903 2197 974">
    <p class='ocr_par' dir='ltr' id='par_1_9' title="bbox 600 903 2197 974">
     <span class='ocr_line' id='line_1_9' title="bbox 600 903 2197 974; baseline 0 -18"><span class='ocrx_word' id='word_1_49' title='bbox 600 905 794 957; x_wconf 86' lang='lat' dir='ltr'><strong>cadunt</strong></span> <span class='ocrx_word' id='word_1_50' title='bbox 831 904 900 957; x_wconf 77' lang='lat'><strong>“.</strong></span> <span class='ocrx_word' id='word_1_51' title='bbox 947 904 1089 959; x_wconf 83' lang='lat' dir='ltr'><strong>Naso</strong></span> <span class='ocrx_word' id='word_1_52' title='bbox 1129 905 1411 974; x_wconf 87' lang='lat' dir='ltr'><strong>proprium</strong></span> <span class='ocrx_word' id='word_1_53' title='bbox 1459 917 1543 960; x_wconf 86' lang='lat' dir='ltr'><strong>est</strong></span> <span class='ocrx_word' id='word_1_54' title='bbox 1603 903 1843 959; x_wconf 88' lang='lat' dir='ltr'><strong>odorari.</strong></span> <span class='ocrx_word' id='word_1_55' title='bbox 1894 903 2009 957; x_wconf 87' lang='lat' dir='ltr'><strong>lloc</strong></span> <span class='ocrx_word' id='word_1_56' title='bbox 2053 918 2197 973; x_wconf 13' lang='lat' dir='ltr'><strong>ergo.</strong></span> 
     </span>
    </p>
   </div>
   <div class='ocr_carea' id='block_1_10' title="bbox 601 994 2182 1066">
    <p class='ocr_par' dir='ltr' id='par_1_10' title="bbox 601 994 2182 1066">
     <span class='ocr_line' id='line_1_10' title="bbox 601 994 2182 1066; baseline -0.002 -16"><span class='ocrx_word' id='word_1_57' title='bbox 601 1012 754 1063; x_wconf 87' lang='lat' dir='ltr'><strong>sano,</strong></span> <span class='ocrx_word' id='word_1_58' title='bbox 805 998 945 1051; x_wconf 86' lang='lat' dir='ltr'><strong>bene</strong></span> <span class='ocrx_word' id='word_1_59' title='bbox 1006 996 1130 1066; x_wconf 88' lang='lat' dir='ltr'><strong>quis</strong></span> <span class='ocrx_word' id='word_1_60' title='bbox 1187 997 1468 1062; x_wconf 85' lang='lat' dir='ltr'><strong>odoratnr,</strong></span> <span class='ocrx_word' id='word_1_61' title='bbox 1518 996 1792 1051; x_wconf 87' lang='lat' dir='ltr'><strong>terebrato</strong></span> <span class='ocrx_word' id='word_1_62' title='bbox 1851 1005 2036 1050; x_wconf 88' lang='lat' dir='ltr'><strong>autem</strong></span> <span class='ocrx_word' id='word_1_63' title='bbox 2098 994 2182 1048; x_wconf 90' lang='lat' dir='ltr'><strong>vel</strong></span> 
     </span>
    </p>
   </div>
   <div class='ocr_carea' id='block_1_11' title="bbox 601 1086 2182 1158">
    <p class='ocr_par' dir='ltr' id='par_1_11' title="bbox 601 1086 2182 1158">
     <span class='ocr_line' id='line_1_11' title="bbox 601 1086 2182 1158; baseline -0.002 -16"><span class='ocrx_word' id='word_1_64' title='bbox 601 1097 874 1152; x_wconf 89' lang='lat' dir='ltr'><strong>truncato,</strong></span> <span class='ocrx_word' id='word_1_65' title='bbox 905 1103 1017 1143; x_wconf 90' lang='lat' dir='ltr'><strong>non</strong></span> <span class='ocrx_word' id='word_1_66' title='bbox 1045 1089 1184 1143; x_wconf 87' lang='lat' dir='ltr'><strong>bene</strong></span> <span class='ocrx_word' id='word_1_67' title='bbox 1210 1088 1334 1158; x_wconf 88' lang='lat' dir='ltr'><strong>quis</strong></span> <span class='ocrx_word' id='word_1_68' title='bbox 1386 1088 1667 1154; x_wconf 88' lang='lat' dir='ltr'><strong>odoralur,</strong></span> <span class='ocrx_word' id='word_1_69' title='bbox 1691 1088 1879 1157; x_wconf 88' lang='lat' dir='ltr'><strong>quales</strong></span> <span class='ocrx_word' id='word_1_70' title='bbox 1901 1095 2028 1140; x_wconf 89' lang='lat' dir='ltr'><strong>sunt</strong></span> <span class='ocrx_word' id='word_1_71' title='bbox 2057 1086 2182 1156; x_wconf 82' lang='lat' dir='ltr'><strong>qui-</strong></span> 
     </span>
    </p>
   </div>
   <div class='ocr_carea' id='block_1_12' title="bbox 599 1178 2181 1250">
    <p class='ocr_par' dir='ltr' id='par_1_12' title="bbox 599 1178 2181 1250">
     <span class='ocr_line' id='line_1_12' title="bbox 599 1178 2181 1250; baseline -0.001 -16"><span class='ocrx_word' id='word_1_72' title='bbox 599 1181 724 1234; x_wconf 88' lang='lat' dir='ltr'><strong>dam</strong></span> <span class='ocrx_word' id='word_1_73' title='bbox 741 1182 938 1250; x_wconf 86' lang='lat' dir='ltr'><strong>quibus</strong></span> <span class='ocrx_word' id='word_1_74' title='bbox 965 1182 1105 1235; x_wconf 88' lang='lat' dir='ltr'><strong>mala</strong></span> <span class='ocrx_word' id='word_1_75' title='bbox 1134 1182 1369 1250; x_wconf 84' lang='lat' dir='ltr'><strong>placent,</strong></span> <span class='ocrx_word' id='word_1_76' title='bbox 1413 1190 1638 1250; x_wconf 84' lang='lat' dir='ltr'><strong>propter</strong></span> <span class='ocrx_word' id='word_1_77' title='bbox 1692 1181 1796 1233; x_wconf 89' lang='lat' dir='ltr'><strong>hoc</strong></span> <span class='ocrx_word' id='word_1_78' title='bbox 1822 1179 1947 1248; x_wconf 85' lang='lat' dir='ltr'><strong>quia</strong></span> <span class='ocrx_word' id='word_1_79' title='bbox 1977 1178 2181 1233; x_wconf 89' lang='lat' dir='ltr'><strong>malum</strong></span> 
     </span>
    </p>
   </div>
   <div class='ocr_carea' id='block_1_13' title="bbox 602 1271 2180 1343">
    <p class='ocr_par' dir='ltr' id='par_1_13' title="bbox 602 1271 2180 1343">
     <span class='ocr_line' id='line_1_13' title="bbox 602 1271 2180 1343; baseline -0.002 -17"><span class='ocrx_word' id='word_1_80' title='bbox 602 1273 810 1327; x_wconf 83' lang='lat' dir='ltr'><strong>habent</strong></span> <span class='ocrx_word' id='word_1_81' title='bbox 835 1273 1227 1343; x_wconf 80' lang='lat' dir='ltr'><strong>cogitationum</strong></span> <span class='ocrx_word' id='word_1_82' title='bbox 1258 1273 1567 1327; x_wconf 90' lang='lat' dir='ltr'><strong>odoratum.</strong></span> <span class='ocrx_word' id='word_1_83' title='bbox 1628 1272 1767 1337; x_wconf 85' lang='lat' dir='ltr'><strong>Quia</strong></span> <span class='ocrx_word' id='word_1_84' title='bbox 1789 1271 1938 1325; x_wconf 88' lang='lat' dir='ltr'><strong>enim</strong></span> <span class='ocrx_word' id='word_1_85' title='bbox 1963 1271 2180 1325; x_wconf 89' lang='lat' dir='ltr'><strong>odorari</strong></span> 
     </span>
    </p>
   </div>
   <div class='ocr_carea' id='block_1_14' title="bbox 601 1360 2180 1431">
    <p class='ocr_par' dir='ltr' id='par_1_14' title="bbox 601 1360 2180 1431">
     <span class='ocr_line' id='line_1_14' title="bbox 601 1360 2180 1431; baseline -0.001 -16"><span class='ocrx_word' id='word_1_86' title='bbox 601 1361 783 1415; x_wconf 90' lang='lat' dir='ltr'><strong>divina</strong></span> <span class='ocrx_word' id='word_1_87' title='bbox 820 1360 1102 1431; x_wconf 86' lang='lat' dir='ltr'><strong>Scriptura</strong></span> <span class='ocrx_word' id='word_1_88' title='bbox 1125 1362 1179 1414; x_wconf 91' lang='lat' dir='ltr'><strong>in</strong></span> <span class='ocrx_word' id='word_1_89' title='bbox 1218 1377 1305 1426; x_wconf 92' lang='lat' dir='ltr'><strong>eo,</strong></span> <span class='ocrx_word' id='word_1_90' title='bbox 1324 1361 1468 1431; x_wconf 88' lang='lat' dir='ltr'><strong>quod</strong></span> <span class='ocrx_word' id='word_1_91' title='bbox 1489 1362 1746 1431; x_wconf 87' lang='lat' dir='ltr'><strong>placitum</strong></span> <span class='ocrx_word' id='word_1_92' title='bbox 1789 1361 1972 1427; x_wconf 80' lang='lat' dir='ltr'><strong>fuerit,</strong></span> <span class='ocrx_word' id='word_1_93' title='bbox 2033 1361 2180 1415; x_wconf 84' lang='lat' dir='ltr'><strong>acci-</strong></span> 
     </span>
    </p>
   </div>
   <div class='ocr_carea' id='block_1_15' title="bbox 603 1449 2178 1519">
    <p class='ocr_par' dir='ltr' id='par_1_15' title="bbox 603 1449 2178 1519">
     <span class='ocr_line' id='line_1_15' title="bbox 603 1449 2178 1519; baseline 0 -16"><span class='ocrx_word' id='word_1_94' title='bbox 603 1465 733 1519; x_wconf 88' lang='lat' dir='ltr'><strong>pere</strong></span> <span class='ocrx_word' id='word_1_95' title='bbox 782 1451 939 1516; x_wconf 82' lang='lat' dir='ltr'><strong>solet,</strong></span> <span class='ocrx_word' id='word_1_96' title='bbox 992 1450 1120 1505; x_wconf 89' lang='lat' dir='ltr'><strong>audi</strong></span> <span class='ocrx_word' id='word_1_97' title='bbox 1175 1450 1342 1504; x_wconf 82' lang='lat' dir='ltr'><strong>David</strong></span> <span class='ocrx_word' id='word_1_98' title='bbox 1395 1451 1670 1505; x_wconf 89' lang='lat' dir='ltr'><strong>dicentem</strong></span> <span class='ocrx_word' id='word_1_99' title='bbox 1714 1451 1780 1505; x_wconf 90' lang='lat' dir='ltr'><strong>ad</strong></span> <span class='ocrx_word' id='word_1_100' title='bbox 1800 1450 2065 1505; x_wconf 87' lang='lat' dir='ltr'><strong>Saulem:</strong></span> <span class='ocrx_word' id='word_1_101' title='bbox 2120 1449 2178 1504; x_wconf 81' lang='lat' dir='ltr'><strong>Si</strong></span> 
     </span>
    </p>
   </div>
   <div class='ocr_carea' id='block_1_16' title="bbox 602 1541 2178 1611">
    <p class='ocr_par' dir='ltr' id='par_1_16' title="bbox 602 1541 2178 1611">
     <span class='ocr_line' id='line_1_16' title="bbox 602 1541 2178 1611; baseline 0 -17"><span class='ocrx_word' id='word_1_102' title='bbox 602 1541 857 1594; x_wconf 81' lang='lat' dir='ltr'><strong>Dominus</strong></span> <span class='ocrx_word' id='word_1_103' title='bbox 887 1543 1073 1595; x_wconf 82' lang='lat' dir='ltr'><strong>incitat</strong></span> <span class='ocrx_word' id='word_1_104' title='bbox 1126 1552 1175 1595; x_wconf 88' lang='lat' dir='ltr'><strong>te</strong></span> <span class='ocrx_word' id='word_1_105' title='bbox 1238 1543 1519 1596; x_wconf 87' lang='lat' dir='ltr'><strong>adversum</strong></span> <span class='ocrx_word' id='word_1_106' title='bbox 1543 1558 1625 1595; x_wconf 87' lang='lat' dir='ltr'><strong>me</strong></span> <span class='ocrx_word' id='word_1_107' title='bbox 1682 1543 1930 1594; x_wconf 79' lang='lat' dir='ltr'><strong>adoretur</strong></span> <span class='ocrx_word' id='word_1_108' title='bbox 1979 1543 2178 1611; x_wconf 83' lang='lat' dir='ltr'><strong>sacri/i-</strong></span> 
     </span>
    </p>
   </div>
   <div class='ocr_carea' id='block_1_17' title="bbox 600 1632 2175 1702">
    <p class='ocr_par' dir='ltr' id='par_1_17' title="bbox 600 1632 2175 1702">
     <span class='ocr_line' id='line_1_17' title="bbox 600 1632 2175 1702; baseline 0.003 -19"><span class='ocrx_word' id='word_1_109' title='bbox 600 1633 737 1684; x_wconf 90' lang='lat' dir='ltr'><strong>cium</strong></span> <span class='ocrx_word' id='word_1_110' title='bbox 764 1632 830 1685; x_wconf 67' lang='lat'><strong>5‘.</strong></span> <span class='ocrx_word' id='word_1_111' title='bbox 858 1633 926 1686; x_wconf 83' lang='lat' dir='ltr'><strong>Et</strong></span> <span class='ocrx_word' id='word_1_112' title='bbox 959 1648 1174 1696; x_wconf 89' lang='lat' dir='ltr'><strong>rursus,</strong></span> <span class='ocrx_word' id='word_1_113' title='bbox 1201 1634 1419 1702; x_wconf 86' lang='lat' dir='ltr'><strong>quando</strong></span> <span class='ocrx_word' id='word_1_114' title='bbox 1465 1632 1578 1687; x_wconf 90' lang='lat' dir='ltr'><strong>Noe</strong></span> <span class='ocrx_word' id='word_1_115' title='bbox 1607 1633 1928 1696; x_wconf 83' lang='lat' dir='ltr'><strong>immolavit,</strong></span> <span class='ocrx_word' id='word_1_116' title='bbox 1953 1635 2029 1687; x_wconf 88' lang='lat' dir='ltr'><strong>ait</strong></span> <span class='ocrx_word' id='word_1_117' title='bbox 2059 1650 2073 1684; x_wconf 88' lang='lat'>:</span> <span class='ocrx_word' id='word_1_118' title='bbox 2109 1635 2175 1687; x_wconf 84' lang='lat' dir='ltr'><strong>Et</strong></span> 
     </span>
    </p>
   </div>
   <div class='ocr_carea' id='block_1_18' title="bbox 599 1723 2174 1790">
    <p class='ocr_par' dir='ltr' id='par_1_18' title="bbox 599 1723 2174 1790">
     <span class='ocr_line' id='line_1_18' title="bbox 599 1723 2174 1790; baseline 0.003 -15"><span class='ocrx_word' id='word_1_119' title='bbox 599 1723 847 1777; x_wconf 85' lang='lat' dir='ltr'><strong>odoratus</strong></span> <span class='ocrx_word' id='word_1_120' title='bbox 870 1735 957 1790; x_wconf 58' lang='lat' dir='ltr'><strong>est.</strong></span> <span class='ocrx_word' id='word_1_121' title='bbox 978 1725 1233 1780; x_wconf 81' lang='lat' dir='ltr'><strong>Dominus</strong></span> <span class='ocrx_word' id='word_1_122' title='bbox 1260 1727 1400 1780; x_wconf 89' lang='lat' dir='ltr'><strong>Deus</strong></span> <span class='ocrx_word' id='word_1_123' title='bbox 1444 1731 1659 1780; x_wconf 83' lang='lat' dir='ltr'><strong>odorem</strong></span> <span class='ocrx_word' id='word_1_124' title='bbox 1689 1727 1972 1780; x_wconf 82' lang='lat' dir='ltr'><strong>suavitatis</strong></span> <span class='ocrx_word' id='word_1_125' title='bbox 2000 1728 2068 1780; x_wconf 79' lang='lat'><strong>&quot;.</strong></span> <span class='ocrx_word' id='word_1_126' title='bbox 2116 1728 2174 1780; x_wconf 88' lang='lat' dir='ltr'><strong>ln</strong></span> 
     </span>
    </p>
   </div>
   <div class='ocr_carea' id='block_1_19' title="bbox 2287 538 3761 610">
    <p class='ocr_par' dir='ltr' id='par_1_19' title="bbox 2287 538 3761 610">
     <span class='ocr_line' id='line_1_19' title="bbox 2287 538 3761 610; baseline 0.003 -16"><span class='ocrx_word' id='word_1_127' title='bbox 2287 541 2625 595; x_wconf 85' lang='lat' dir='ltr'><strong>vulneratam</strong></span> <span class='ocrx_word' id='word_1_128' title='bbox 2668 540 2892 604; x_wconf 82' lang='lat' dir='ltr'><strong>habent,</strong></span> <span class='ocrx_word' id='word_1_129' title='bbox 2924 539 3104 593; x_wconf 91' lang='lat' dir='ltr'><strong>abhis</strong></span> <span class='ocrx_word' id='word_1_130' title='bbox 3154 540 3248 610; x_wconf 90' lang='lat' dir='ltr'><strong>qui</strong></span> <span class='ocrx_word' id='word_1_131' title='bbox 3273 538 3561 610; x_wconf 73' lang='lat' dir='ltr'><strong>ignorantia:</strong></span> <span class='ocrx_word' id='word_1_132' title='bbox 3598 542 3761 600; x_wconf 81' lang='lat' dir='ltr'><strong>inﬁrmi-</strong></span> 
     </span>
    </p>
   </div>
   <div class='ocr_carea' id='block_1_20' title="bbox 2286 629 3759 702">
    <p class='ocr_par' dir='ltr' id='par_1_20' title="bbox 2286 629 3759 702">
     <span class='ocr_line' id='line_1_20' title="bbox 2286 629 3759 702; baseline 0.002 -15"><span class='ocrx_word' id='word_1_133' title='bbox 2286 629 2451 688; x_wconf 82' lang='lat' dir='ltr'><strong>tatem</strong></span> <span class='ocrx_word' id='word_1_134' title='bbox 2483 633 2786 702; x_wconf 89' lang='lat' dir='ltr'><strong>patiuntur,</strong></span> <span class='ocrx_word' id='word_1_135' title='bbox 2814 632 2951 686; x_wconf 85' lang='lat' dir='ltr'><strong>nihil</strong></span> <span class='ocrx_word' id='word_1_136' title='bbox 2998 631 3287 696; x_wconf 75' lang='lat' dir='ltr'><strong>differunt,</strong></span> <span class='ocrx_word' id='word_1_137' title='bbox 3316 646 3477 699; x_wconf 86' lang='lat' dir='ltr'><strong>usque</strong></span> <span class='ocrx_word' id='word_1_138' title='bbox 3500 633 3605 686; x_wconf 85' lang='lat' dir='ltr'><strong>dum</strong></span> <span class='ocrx_word' id='word_1_139' title='bbox 3636 644 3759 690; x_wconf 86' lang='lat' dir='ltr'><strong>tumo-</strong></span> 
     </span>
    </p>
   </div>
   <div class='ocr_carea' id='block_1_21' title="bbox 2289 722 3762 795">
    <p class='ocr_par' dir='ltr' id='par_1_21' title="bbox 2289 722 3762 795">
     <span class='ocr_line' id='line_1_21' title="bbox 2289 722 3762 795; baseline 0.006 -20"><span class='ocrx_word' id='word_1_140' title='bbox 2289 738 2401 776; x_wconf 88' lang='lat' dir='ltr'><strong>rem</strong></span> <span class='ocrx_word' id='word_1_141' title='bbox 2455 723 2628 787; x_wconf 87' lang='lat' dir='ltr'><strong>illum,</strong></span> <span class='ocrx_word' id='word_1_142' title='bbox 2664 734 2760 778; x_wconf 88' lang='lat' dir='ltr'><strong>aut</strong></span> <span class='ocrx_word' id='word_1_143' title='bbox 2818 725 2943 779; x_wconf 75' lang='lat' dir='ltr'><strong>vitm</strong></span> <span class='ocrx_word' id='word_1_144' title='bbox 2990 725 3312 793; x_wconf 84' lang='lat' dir='ltr'><strong>pravitatem</strong></span> <span class='ocrx_word' id='word_1_145' title='bbox 3359 722 3621 795; x_wconf 83' lang='lat' dir='ltr'><strong>detergant.</strong></span> <span class='ocrx_word' id='word_1_146' title='bbox 3659 727 3762 783; x_wconf 83' lang='lat' dir='ltr'><strong>Licet</strong></span> 
     </span>
    </p>
   </div>
   <div class='ocr_carea' id='block_1_22' title="bbox 2284 813 3757 878">
    <p class='ocr_par' dir='ltr' id='par_1_22' title="bbox 2284 813 3757 878">
     <span class='ocr_line' id='line_1_22' title="bbox 2284 813 3757 878; baseline 0.004 -13"><span class='ocrx_word' id='word_1_147' title='bbox 2284 813 2432 866; x_wconf 79' lang='lat' dir='ltr'><strong>eiiim</strong></span> <span class='ocrx_word' id='word_1_148' title='bbox 2465 814 2549 869; x_wconf 88' lang='lat' dir='ltr'><strong>eis</strong></span> <span class='ocrx_word' id='word_1_149' title='bbox 2589 822 2722 870; x_wconf 92' lang='lat' dir='ltr'><strong>tunc</strong></span> <span class='ocrx_word' id='word_1_150' title='bbox 2747 829 2879 869; x_wconf 90' lang='lat' dir='ltr'><strong>sano</strong></span> <span class='ocrx_word' id='word_1_151' title='bbox 2906 815 3007 878; x_wconf 86' lang='lat' dir='ltr'><strong>uti,</strong></span> <span class='ocrx_word' id='word_1_152' title='bbox 3055 822 3113 868; x_wconf 89' lang='lat' dir='ltr'><strong>et</strong></span> <span class='ocrx_word' id='word_1_153' title='bbox 3141 814 3347 868; x_wconf 88' lang='lat' dir='ltr'><strong>mundo</strong></span> <span class='ocrx_word' id='word_1_154' title='bbox 3405 815 3546 868; x_wconf 89' lang='lat' dir='ltr'><strong>oculo</strong></span> <span class='ocrx_word' id='word_1_155' title='bbox 3571 815 3757 871; x_wconf 70' lang='lat' dir='ltr'><strong>scientia.</strong></span> 
     </span>
    </p>
   </div>
   <div class='ocr_carea' id='block_1_23' title="bbox 2280 901 3762 974">
    <p class='ocr_par' dir='ltr' id='par_1_23' title="bbox 2280 901 3762 974">
     <span class='ocr_line' id='line_1_23' title="bbox 2280 901 3762 974; baseline 0.003 -18"><span class='ocrx_word' id='word_1_156' title='bbox 2280 901 2477 974; x_wconf 81' lang='lat' dir='ltr'><strong>Jugem</strong></span> <span class='ocrx_word' id='word_1_157' title='bbox 2522 906 2760 961; x_wconf 88' lang='lat' dir='ltr'><strong>scabiem</strong></span> <span class='ocrx_word' id='word_1_158' title='bbox 2802 907 3080 961; x_wconf 88' lang='lat' dir='ltr'><strong>detractor</strong></span> <span class='ocrx_word' id='word_1_159' title='bbox 3139 906 3354 961; x_wconf 83' lang='lat' dir='ltr'><strong>habet:</strong></span> <span class='ocrx_word' id='word_1_160' title='bbox 3404 905 3762 974; x_wconf 82' lang='lat' dir='ltr'><strong>quemadmodum</strong></span> 
     </span>
    </p>
   </div>
   <div class='ocr_carea' id='block_1_24' title="bbox 2281 993 3762 1068">
    <p class='ocr_par' dir='ltr' id='par_1_24' title="bbox 2281 993 3762 1068">
     <span class='ocr_line' id='line_1_24' title="bbox 2281 993 3762 1068; baseline 0.003 -22"><span class='ocrx_word' id='word_1_161' title='bbox 2281 993 2429 1047; x_wconf 87' lang='lat' dir='ltr'><strong>enim</strong></span> <span class='ocrx_word' id='word_1_162' title='bbox 2466 997 2703 1064; x_wconf 72' lang='lat' dir='ltr'><strong>pessima</strong></span> <span class='ocrx_word' id='word_1_163' title='bbox 2735 997 2945 1052; x_wconf 86' lang='lat' dir='ltr'><strong>scabies</strong></span> <span class='ocrx_word' id='word_1_164' title='bbox 2966 997 3283 1063; x_wconf 83' lang='lat' dir='ltr'><strong>demolitur,</strong></span> <span class='ocrx_word' id='word_1_165' title='bbox 3314 996 3387 1050; x_wconf 87' lang='lat' dir='ltr'><strong>ita</strong></span> <span class='ocrx_word' id='word_1_166' title='bbox 3411 997 3645 1068; x_wconf 87' lang='lat' dir='ltr'><strong>detractor</strong></span> <span class='ocrx_word' id='word_1_167' title='bbox 3658 996 3762 1050; x_wconf 80' lang='lat' dir='ltr'><strong>facile</strong></span> 
     </span>
    </p>
   </div>
   <div class='ocr_carea' id='block_1_25' title="bbox 2284 1087 3764 1159">
    <p class='ocr_par' dir='ltr' id='par_1_25' title="bbox 2284 1087 3764 1159">
     <span class='ocr_line' id='line_1_25' title="bbox 2284 1087 3764 1159; baseline 0.003 -24"><span class='ocrx_word' id='word_1_168' title='bbox 2284 1095 2630 1153; x_wconf 84' lang='lat' dir='ltr'><strong>provocatur.</strong></span> <span class='ocrx_word' id='word_1_169' title='bbox 2657 1087 3010 1159; x_wconf 84' lang='lat' dir='ltr'><strong>Impetigines</strong></span> <span class='ocrx_word' id='word_1_170' title='bbox 3066 1088 3366 1143; x_wconf 83' lang='lat' dir='ltr'><strong>fornicator</strong></span> <span class='ocrx_word' id='word_1_171' title='bbox 3399 1087 3563 1148; x_wconf 83' lang='lat' dir='ltr'><strong>habet,</strong></span> <span class='ocrx_word' id='word_1_172' title='bbox 3606 1087 3764 1141; x_wconf 72' lang='lat' dir='ltr'><strong>macula</strong></span> 
     </span>
    </p>
   </div>
   <div class='ocr_carea' id='block_1_26' title="bbox 2282 1175 3763 1249">
    <p class='ocr_par' dir='ltr' id='par_1_26' title="bbox 2282 1175 3763 1249">
     <span class='ocr_line' id='line_1_26' title="bbox 2282 1175 3763 1249; baseline 0.002 -21"><span class='ocrx_word' id='word_1_173' title='bbox 2282 1175 2430 1229; x_wconf 89' lang='lat' dir='ltr'><strong>enim</strong></span> <span class='ocrx_word' id='word_1_174' title='bbox 2465 1186 2668 1246; x_wconf 73' lang='lat' dir='ltr'><strong>aperta:</strong></span> <span class='ocrx_word' id='word_1_175' title='bbox 2717 1187 2847 1233; x_wconf 90' lang='lat' dir='ltr'><strong>sunt</strong></span> <span class='ocrx_word' id='word_1_176' title='bbox 2902 1178 3440 1249; x_wconf 89' lang='lat' dir='ltr'><strong>impetigocorporis.</strong></span> <span class='ocrx_word' id='word_1_177' title='bbox 3485 1176 3763 1243; x_wconf 81' lang='lat' dir='ltr'><strong>Quemadmo-</strong></span> 
     </span>
    </p>
   </div>
   <div class='ocr_carea' id='block_1_27' title="bbox 2282 1266 3764 1341">
    <p class='ocr_par' dir='ltr' id='par_1_27' title="bbox 2282 1266 3764 1341">
     <span class='ocr_line' id='line_1_27' title="bbox 2282 1266 3764 1341; baseline 0.003 -20"><span class='ocrx_word' id='word_1_178' title='bbox 2282 1266 2411 1324; x_wconf 91' lang='lat' dir='ltr'><strong>dum</strong></span> <span class='ocrx_word' id='word_1_179' title='bbox 2432 1271 2583 1325; x_wconf 88' lang='lat' dir='ltr'><strong>enim</strong></span> <span class='ocrx_word' id='word_1_180' title='bbox 2606 1270 2892 1325; x_wconf 81' lang='lat' dir='ltr'><strong>fomicatio</strong></span> <span class='ocrx_word' id='word_1_181' title='bbox 2906 1270 3123 1335; x_wconf 70' lang='lat' dir='ltr'><strong>animm,</strong></span> <span class='ocrx_word' id='word_1_182' title='bbox 3149 1279 3204 1326; x_wconf 91' lang='lat' dir='ltr'><strong>et</strong></span> <span class='ocrx_word' id='word_1_183' title='bbox 3231 1271 3470 1341; x_wconf 86' lang='lat' dir='ltr'><strong>corporis</strong></span> <span class='ocrx_word' id='word_1_184' title='bbox 3496 1271 3626 1324; x_wconf 86' lang='lat' dir='ltr'><strong>testis</strong></span> <span class='ocrx_word' id='word_1_185' title='bbox 3639 1271 3764 1327; x_wconf 83' lang='lat' dir='ltr'><strong>unius.</strong></span> 
     </span>
    </p>
   </div>
   <div class='ocr_carea' id='block_1_28' title="bbox 2282 1361 3763 1435">
    <p class='ocr_par' dir='ltr' id='par_1_28' title="bbox 2282 1361 3763 1435">
     <span class='ocr_line' id='line_1_28' title="bbox 2282 1361 3763 1435; baseline -0.003 -16"><span class='ocrx_word' id='word_1_186' title='bbox 2282 1365 2584 1419; x_wconf 89' lang='lat' dir='ltr'><strong>secundum</strong></span> <span class='ocrx_word' id='word_1_187' title='bbox 2610 1361 2772 1428; x_wconf 75' lang='lat' dir='ltr'><strong>LXX,</strong></span> <span class='ocrx_word' id='word_1_188' title='bbox 2808 1372 2892 1419; x_wconf 87' lang='lat' dir='ltr'><strong>est</strong></span> <span class='ocrx_word' id='word_1_189' title='bbox 2931 1364 3122 1419; x_wconf 86' lang='lat' dir='ltr'><strong>doctor</strong></span> <span class='ocrx_word' id='word_1_190' title='bbox 3180 1364 3271 1435; x_wconf 90' lang='lat' dir='ltr'><strong>qui</strong></span> <span class='ocrx_word' id='word_1_191' title='bbox 3303 1365 3452 1427; x_wconf 83' lang='lat' dir='ltr'><strong>dicit,</strong></span> <span class='ocrx_word' id='word_1_192' title='bbox 3483 1373 3533 1418; x_wconf 91' lang='lat' dir='ltr'><strong>et</strong></span> <span class='ocrx_word' id='word_1_193' title='bbox 3564 1362 3763 1432; x_wconf 76' lang='lat' dir='ltr'><strong>nonagit:</strong></span> 
     </span>
    </p>
   </div>
   <div class='ocr_carea' id='block_1_29' title="bbox 2281 1448 3763 1526">
    <p class='ocr_par' dir='ltr' id='par_1_29' title="bbox 2281 1448 3763 1526">
     <span class='ocr_line' id='line_1_29' title="bbox 2281 1448 3763 1526; baseline -0.003 -17"><span class='ocrx_word' id='word_1_194' title='bbox 2281 1470 2469 1509; x_wconf 89' lang='lat' dir='ltr'><strong>creare.</strong></span> <span class='ocrx_word' id='word_1_195' title='bbox 2493 1454 2640 1509; x_wconf 89' lang='lat' dir='ltr'><strong>enim</strong></span> <span class='ocrx_word' id='word_1_196' title='bbox 2673 1454 2831 1517; x_wconf 87' lang='lat' dir='ltr'><strong>ﬁlios,</strong></span> <span class='ocrx_word' id='word_1_197' title='bbox 2867 1454 2961 1524; x_wconf 86' lang='lat' dir='ltr'><strong>qui</strong></span> <span class='ocrx_word' id='word_1_198' title='bbox 2992 1456 3113 1510; x_wconf 89' lang='lat' dir='ltr'><strong>talis</strong></span> <span class='ocrx_word' id='word_1_199' title='bbox 3143 1465 3249 1519; x_wconf 86' lang='lat' dir='ltr'><strong>est,</strong></span> <span class='ocrx_word' id='word_1_200' title='bbox 3310 1471 3421 1510; x_wconf 88' lang='lat' dir='ltr'><strong>non</strong></span> <span class='ocrx_word' id='word_1_201' title='bbox 3461 1463 3631 1526; x_wconf 82' lang='lat' dir='ltr'><strong>potest.</strong></span> <span class='ocrx_word' id='word_1_202' title='bbox 3669 1448 3763 1518; x_wconf 82' lang='lat' dir='ltr'><strong>Qui-</strong></span> 
     </span>
    </p>
   </div>
   <div class='ocr_carea' id='block_1_30' title="bbox 2279 1546 3764 1618">
    <p class='ocr_par' dir='ltr' id='par_1_30' title="bbox 2279 1546 3764 1618">
     <span class='ocr_line' id='line_1_30' title="bbox 2279 1546 3764 1618; baseline -0.003 -16"><span class='ocrx_word' id='word_1_203' title='bbox 2279 1561 2497 1616; x_wconf 89' lang='lat' dir='ltr'><strong>cunque</strong></span> <span class='ocrx_word' id='word_1_204' title='bbox 2522 1561 2652 1618; x_wconf 84' lang='lat' dir='ltr'><strong>ergo</strong></span> <span class='ocrx_word' id='word_1_205' title='bbox 2678 1563 2845 1602; x_wconf 85' lang='lat' dir='ltr'><strong>unam</strong></span> <span class='ocrx_word' id='word_1_206' title='bbox 2905 1548 3290 1618; x_wconf 71' lang='lat' dir='ltr'><strong>praedictarum</strong></span> <span class='ocrx_word' id='word_1_207' title='bbox 3347 1549 3588 1604; x_wconf 83' lang='lat' dir='ltr'><strong>maculam</strong></span> <span class='ocrx_word' id='word_1_208' title='bbox 3635 1546 3764 1608; x_wconf 80' lang='lat' dir='ltr'><strong>habet,</strong></span> 
     </span>
    </p>
   </div>
   <div class='ocr_carea' id='block_1_31' title="bbox 2277 1632 3768 1706">
    <p class='ocr_par' dir='ltr' id='par_1_31' title="bbox 2277 1632 3768 1706">
     <span class='ocr_line' id='line_1_31' title="bbox 2277 1632 3768 1706; baseline -0.005 -14"><span class='ocrx_word' id='word_1_209' title='bbox 2277 1637 2419 1692; x_wconf 87' lang='lat' dir='ltr'><strong>dona</strong></span> <span class='ocrx_word' id='word_1_210' title='bbox 2471 1637 2584 1692; x_wconf 92' lang='lat' dir='ltr'><strong>Deo</strong></span> <span class='ocrx_word' id='word_1_211' title='bbox 2630 1636 2852 1701; x_wconf 81' lang='lat' dir='ltr'><strong>oﬂ&#39;erre,</strong></span> <span class='ocrx_word' id='word_1_212' title='bbox 2884 1646 2980 1692; x_wconf 89' lang='lat' dir='ltr'><strong>aut</strong></span> <span class='ocrx_word' id='word_1_213' title='bbox 3023 1637 3289 1693; x_wconf 86' lang='lat' dir='ltr'><strong>sacriﬁcia</strong></span> <span class='ocrx_word' id='word_1_214' title='bbox 3333 1652 3438 1690; x_wconf 88' lang='lat' dir='ltr'><strong>non</strong></span> <span class='ocrx_word' id='word_1_215' title='bbox 3468 1644 3638 1706; x_wconf 82' lang='lat' dir='ltr'><strong>potest,</strong></span> <span class='ocrx_word' id='word_1_216' title='bbox 3685 1632 3768 1703; x_wconf 77' lang='lat' dir='ltr'><strong>quia</strong></span> 
     </span>
    </p>
   </div>
   <div class='ocr_carea' id='block_1_32' title="bbox 2281 1727 3765 1795">
    <p class='ocr_par' dir='ltr' id='par_1_32' title="bbox 2281 1727 3765 1795">
     <span class='ocr_line' id='line_1_32' title="bbox 2281 1727 3765 1795; baseline -0.004 -15"><span class='ocrx_word' id='word_1_217' title='bbox 2281 1727 2685 1783; x_wconf 79' lang='lat' dir='ltr'><strong>immaculatum</strong></span> <span class='ocrx_word' id='word_1_218' title='bbox 2732 1738 2930 1784; x_wconf 87' lang='lat' dir='ltr'><strong>esseet</strong></span> <span class='ocrx_word' id='word_1_219' title='bbox 2966 1729 3148 1783; x_wconf 88' lang='lat' dir='ltr'><strong>animo</strong></span> <span class='ocrx_word' id='word_1_220' title='bbox 3211 1730 3541 1784; x_wconf 86' lang='lat' dir='ltr'><strong>sacerdotem</strong></span> <span class='ocrx_word' id='word_1_221' title='bbox 3572 1734 3765 1795; x_wconf 82' lang='lat' dir='ltr'><strong>oportet:</strong></span> 
     </span>
    </p>
   </div>
   <div class='ocr_carea' id='block_1_33' title="bbox 595 1800 3769 1891">
    <p class='ocr_par' dir='ltr' id='par_1_33' title="bbox 595 1800 3769 1891">
     <span class='ocr_line' id='line_1_33' title="bbox 595 1800 3769 1891; baseline 0.001 -23"><span class='ocrx_word' id='word_1_222' title='bbox 595 1816 861 1885; x_wconf 85' lang='lat' dir='ltr'><strong>placendo</strong></span> <span class='ocrx_word' id='word_1_223' title='bbox 889 1826 1069 1872; x_wconf 90' lang='lat' dir='ltr'><strong>autem</strong></span> <span class='ocrx_word' id='word_1_224' title='bbox 1101 1825 1395 1888; x_wconf 91' lang='lat' dir='ltr'><strong>utrumque</strong></span> <span class='ocrx_word' id='word_1_225' title='bbox 1424 1834 1580 1875; x_wconf 86' lang='lat' dir='ltr'><strong>sacra</strong></span> <span class='ocrx_word' id='word_1_226' title='bbox 1636 1818 1919 1889; x_wconf 86' lang='lat' dir='ltr'><strong>Scriptura</strong></span> <span class='ocrx_word' id='word_1_227' title='bbox 1944 1820 2175 1890; x_wconf 88' lang='lat' dir='ltr'><strong>accepit.</strong></span> <span class='ocrx_word' id='word_1_228' title='bbox 2212 1800 2251 1853; x_wconf 72' lang='grc' dir='ltr'><strong>Β</strong></span> <span class='ocrx_word' id='word_1_229' title='bbox 2279 1835 2441 1889; x_wconf 84' lang='lat' dir='ltr'><strong>quem</strong></span> <span class='ocrx_word' id='word_1_230' title='bbox 2482 1820 2622 1875; x_wconf 86' lang='lat' dir='ltr'><strong>sicut</strong></span> <span class='ocrx_word' id='word_1_231' title='bbox 2652 1820 2863 1891; x_wconf 80' lang='lat' dir='ltr'><strong>Moyses</strong></span> <span class='ocrx_word' id='word_1_232' title='bbox 2887 1820 3176 1876; x_wconf 83' lang='lat' dir='ltr'><strong>duodecim</strong></span> <span class='ocrx_word' id='word_1_233' title='bbox 3198 1821 3425 1875; x_wconf 87' lang='lat' dir='ltr'><strong>maculis</strong></span> <span class='ocrx_word' id='word_1_234' title='bbox 3453 1819 3769 1874; x_wconf 85' lang='lat' dir='ltr'><strong>mundumesse</strong></span> 
     </span>
    </p>
   </div>
   <div class='ocr_carea' id='block_1_34' title="bbox 596 1908 2175 1973">
    <p class='ocr_par' dir='ltr' id='par_1_34' title="bbox 596 1908 2175 1973">
     <span class='ocr_line' id='line_1_34' title="bbox 596 1908 2175 1973; baseline 0.003 -11"><span class='ocrx_word' id='word_1_235' title='bbox 596 1908 769 1963; x_wconf 87' lang='lat' dir='ltr'><strong>Incisa</strong></span> <span class='ocrx_word' id='word_1_236' title='bbox 794 1910 1057 1973; x_wconf 88' lang='lat' dir='ltr'><strong>auricula,</strong></span> <span class='ocrx_word' id='word_1_237' title='bbox 1100 1914 1349 1967; x_wconf 89' lang='lat' dir='ltr'><strong>auditum</strong></span> <span class='ocrx_word' id='word_1_238' title='bbox 1377 1912 1445 1966; x_wconf 91' lang='lat' dir='ltr'><strong>ad</strong></span> <span class='ocrx_word' id='word_1_239' title='bbox 1475 1912 1909 1967; x_wconf 90' lang='lat' dir='ltr'><strong>inobedientiam</strong></span> <span class='ocrx_word' id='word_1_240' title='bbox 1956 1927 2175 1967; x_wconf 85' lang='lat' dir='ltr'><strong>secans.</strong></span> 
     </span>
    </p>
   </div>
   <div class='ocr_carea' id='block_1_35' title="bbox 597 2002 2177 2075">
    <p class='ocr_par' dir='ltr' id='par_1_35' title="bbox 597 2002 2177 2075">
     <span class='ocr_line' id='line_1_35' title="bbox 597 2002 2177 2075; baseline 0.003 -20"><span class='ocrx_word' id='word_1_241' title='bbox 597 2002 991 2057; x_wconf 79' lang='lat' dir='ltr'><strong>Contritionem</strong></span> <span class='ocrx_word' id='word_1_242' title='bbox 1027 2015 1209 2059; x_wconf 89' lang='lat' dir='ltr'><strong>autem</strong></span> <span class='ocrx_word' id='word_1_243' title='bbox 1244 2020 1461 2071; x_wconf 89' lang='lat' dir='ltr'><strong>manus,</strong></span> <span class='ocrx_word' id='word_1_244' title='bbox 1494 2014 1551 2059; x_wconf 91' lang='lat' dir='ltr'><strong>et</strong></span> <span class='ocrx_word' id='word_1_245' title='bbox 1574 2005 1958 2060; x_wconf 85' lang='lat' dir='ltr'><strong>contritionem</strong></span> <span class='ocrx_word' id='word_1_246' title='bbox 2009 2006 2177 2075; x_wconf 85' lang='lat' dir='ltr'><strong>pedes</strong></span> 
     </span>
    </p>
   </div>
   <div class='ocr_carea' id='block_1_36' title="bbox 597 2093 2177 2165">
    <p class='ocr_par' dir='ltr' id='par_1_36' title="bbox 597 2093 2177 2165">
     <span class='ocr_line' id='line_1_36' title="bbox 597 2093 2177 2165; baseline 0.004 -21"><span class='ocrx_word' id='word_1_247' title='bbox 597 2093 798 2147; x_wconf 76' lang='lat' dir='ltr'><strong>habent</strong></span> <span class='ocrx_word' id='word_1_248' title='bbox 827 2094 922 2159; x_wconf 91' lang='lat' dir='ltr'><strong>illi,</strong></span> <span class='ocrx_word' id='word_1_249' title='bbox 953 2095 1021 2149; x_wconf 89' lang='lat' dir='ltr'><strong>de</strong></span> <span class='ocrx_word' id='word_1_250' title='bbox 1050 2097 1246 2165; x_wconf 88' lang='lat' dir='ltr'><strong>quibus</strong></span> <span class='ocrx_word' id='word_1_251' title='bbox 1289 2095 1454 2150; x_wconf 85' lang='lat' dir='ltr'><strong>David</strong></span> <span class='ocrx_word' id='word_1_252' title='bbox 1505 2096 1808 2165; x_wconf 87' lang='lat' dir='ltr'><strong>psallebat:</strong></span> <span class='ocrx_word' id='word_1_253' title='bbox 1857 2095 1976 2149; x_wconf 87' lang='lat' dir='ltr'><strong>Non</strong></span> <span class='ocrx_word' id='word_1_254' title='bbox 2001 2097 2177 2150; x_wconf 86' lang='lat' dir='ltr'><strong>veniat</strong></span> 
     </span>
    </p>
   </div>
   <div class='ocr_carea' id='block_1_37' title="bbox 597 2185 2174 2257">
    <p class='ocr_par' dir='ltr' id='par_1_37' title="bbox 597 2185 2174 2257">
     <span class='ocr_line' id='line_1_37' title="bbox 597 2185 2174 2257; baseline 0.002 -19"><span class='ocrx_word' id='word_1_255' title='bbox 597 2185 723 2238; x_wconf 84' lang='lat' dir='ltr'><strong>mihi</strong></span> <span class='ocrx_word' id='word_1_256' title='bbox 750 2203 838 2254; x_wconf 86' lang='lat' dir='ltr'><strong>pes</strong></span> <span class='ocrx_word' id='word_1_257' title='bbox 868 2189 1143 2257; x_wconf 72' lang='lat' dir='ltr'><strong>superbire,</strong></span> <span class='ocrx_word' id='word_1_258' title='bbox 1174 2197 1223 2242; x_wconf 83' lang='lat' dir='ltr'><strong>et</strong></span> <span class='ocrx_word' id='word_1_259' title='bbox 1256 2205 1447 2241; x_wconf 78' lang='lat' dir='ltr'><strong>manus</strong></span> <span class='ocrx_word' id='word_1_260' title='bbox 1473 2189 1769 2256; x_wconf 76' lang='lat' dir='ltr'><strong>peccatoris</strong></span> <span class='ocrx_word' id='word_1_261' title='bbox 1816 2204 1921 2241; x_wconf 81' lang='lat' dir='ltr'><strong>non</strong></span> <span class='ocrx_word' id='word_1_262' title='bbox 1970 2199 2174 2241; x_wconf 81' lang='lat' dir='ltr'><strong>moveat</strong></span> 
     </span>
    </p>
   </div>
   <div class='ocr_carea' id='block_1_38' title="bbox 595 2273 2175 2347">
    <p class='ocr_par' dir='ltr' id='par_1_38' title="bbox 595 2273 2175 2347">
     <span class='ocr_line' id='line_1_38' title="bbox 595 2273 2175 2347; baseline 0.003 -22"><span class='ocrx_word' id='word_1_263' title='bbox 595 2289 678 2326; x_wconf 87' lang='lat' dir='ltr'><strong>me</strong></span> <span class='ocrx_word' id='word_1_264' title='bbox 705 2273 784 2338; x_wconf 68' lang='lat'><strong>‘7;</strong></span> <span class='ocrx_word' id='word_1_265' title='bbox 818 2273 1410 2346; x_wconf 82' lang='lat' dir='ltr'><strong>videlicctdiripientis,</strong></span> <span class='ocrx_word' id='word_1_266' title='bbox 1453 2279 1569 2330; x_wconf 84' lang='lat' dir='ltr'><strong>sive</strong></span> <span class='ocrx_word' id='word_1_267' title='bbox 1622 2276 1883 2330; x_wconf 87' lang='lat' dir='ltr'><strong>volantis.</strong></span> <span class='ocrx_word' id='word_1_268' title='bbox 1916 2276 2057 2347; x_wconf 84' lang='lat' dir='ltr'><strong>Ergo</strong></span> <span class='ocrx_word' id='word_1_269' title='bbox 2081 2292 2175 2331; x_wconf 88' lang='lat' dir='ltr'><strong>su-</strong></span> 
     </span>
    </p>
   </div>
   <div class='ocr_carea' id='block_1_39' title="bbox 593 2363 2174 2435">
    <p class='ocr_par' dir='ltr' id='par_1_39' title="bbox 593 2363 2174 2435">
     <span class='ocr_line' id='line_1_39' title="bbox 593 2363 2174 2435; baseline 0 -18"><span class='ocrx_word' id='word_1_270' title='bbox 593 2363 821 2432; x_wconf 87' lang='lat' dir='ltr'><strong>perbum</strong></span> <span class='ocrx_word' id='word_1_271' title='bbox 844 2373 898 2418; x_wconf 89' lang='lat' dir='ltr'><strong>et</strong></span> <span class='ocrx_word' id='word_1_272' title='bbox 932 2379 1157 2418; x_wconf 87' lang='lat' dir='ltr'><strong>avarum</strong></span> <span class='ocrx_word' id='word_1_273' title='bbox 1178 2380 1273 2433; x_wconf 91' lang='lat' dir='ltr'><strong>per</strong></span> <span class='ocrx_word' id='word_1_274' title='bbox 1299 2365 1403 2419; x_wconf 86' lang='lat' dir='ltr'><strong>hoc</strong></span> <span class='ocrx_word' id='word_1_275' title='bbox 1431 2363 1706 2435; x_wconf 87' lang='lat' dir='ltr'><strong>legislator</strong></span> <span class='ocrx_word' id='word_1_276' title='bbox 1731 2364 2019 2434; x_wconf 89' lang='lat' dir='ltr'><strong>signiﬁcat.</strong></span> <span class='ocrx_word' id='word_1_277' title='bbox 2043 2363 2174 2418; x_wconf 85' lang='lat' dir='ltr'><strong>Gib-</strong></span> 
     </span>
    </p>
   </div>
   <div class='ocr_carea' id='block_1_40' title="bbox 593 2454 2176 2526">
    <p class='ocr_par' dir='ltr' id='par_1_40' title="bbox 593 2454 2176 2526">
     <span class='ocr_line' id='line_1_40' title="bbox 593 2454 2176 2526; baseline 0.002 -18"><span class='ocrx_word' id='word_1_278' title='bbox 593 2454 695 2508; x_wconf 88' lang='lat' dir='ltr'><strong>bus</strong></span> <span class='ocrx_word' id='word_1_279' title='bbox 720 2466 822 2518; x_wconf 87' lang='lat' dir='ltr'><strong>est,</strong></span> <span class='ocrx_word' id='word_1_280' title='bbox 851 2471 1016 2525; x_wconf 87' lang='lat' dir='ltr'><strong>grave</strong></span> <span class='ocrx_word' id='word_1_281' title='bbox 1046 2455 1229 2510; x_wconf 81' lang='lat' dir='ltr'><strong>ferens</strong></span> <span class='ocrx_word' id='word_1_282' title='bbox 1276 2466 1624 2526; x_wconf 89' lang='lat' dir='ltr'><strong>peccatorum</strong></span> <span class='ocrx_word' id='word_1_283' title='bbox 1665 2457 1899 2526; x_wconf 90' lang='lat' dir='ltr'><strong>pondus,</strong></span> <span class='ocrx_word' id='word_1_284' title='bbox 1966 2465 2023 2510; x_wconf 91' lang='lat' dir='ltr'><strong>et</strong></span> <span class='ocrx_word' id='word_1_285' title='bbox 2072 2457 2176 2511; x_wconf 91' lang='lat' dir='ltr'><strong>hoc</strong></span> 
     </span>
    </p>
   </div>
   <div class='ocr_carea' id='block_1_41' title="bbox 592 2545 2174 2618">
    <p class='ocr_par' dir='ltr' id='par_1_41' title="bbox 592 2545 2174 2618">
     <span class='ocr_line' id='line_1_41' title="bbox 592 2545 2174 2618; baseline 0.003 -21"><span class='ocrx_word' id='word_1_286' title='bbox 592 2557 704 2597; x_wconf 84' lang='lat' dir='ltr'><strong>non</strong></span> <span class='ocrx_word' id='word_1_287' title='bbox 729 2545 940 2611; x_wconf 87' lang='lat' dir='ltr'><strong>videns,</strong></span> <span class='ocrx_word' id='word_1_288' title='bbox 968 2546 1094 2615; x_wconf 90' lang='lat' dir='ltr'><strong>quia</strong></span> <span class='ocrx_word' id='word_1_289' title='bbox 1132 2555 1278 2601; x_wconf 91' lang='lat' dir='ltr'><strong>retro</strong></span> <span class='ocrx_word' id='word_1_290' title='bbox 1320 2554 1404 2601; x_wconf 91' lang='lat' dir='ltr'><strong>est</strong></span> <span class='ocrx_word' id='word_1_291' title='bbox 1430 2548 1711 2617; x_wconf 82' lang='lat' dir='ltr'><strong>gibberum</strong></span> <span class='ocrx_word' id='word_1_292' title='bbox 1752 2547 2033 2618; x_wconf 83' lang='lat' dir='ltr'><strong>congeries</strong></span> <span class='ocrx_word' id='word_1_293' title='bbox 2054 2563 2174 2616; x_wconf 68' lang='lat' dir='ltr'><strong>quae</strong></span> 
     </span>
    </p>
   </div>
   <div class='ocr_carea' id='block_1_42' title="bbox 593 2636 2189 2707">
    <p class='ocr_par' dir='ltr' id='par_1_42' title="bbox 593 2636 2189 2707">
     <span class='ocr_line' id='line_1_42' title="bbox 593 2636 2189 2707; baseline 0.003 -18"><span class='ocrx_word' id='word_1_294' title='bbox 593 2636 662 2690; x_wconf 84' lang='lat' dir='ltr'><strong>ab</strong></span> <span class='ocrx_word' id='word_1_295' title='bbox 679 2636 758 2690; x_wconf 82' lang='lat' dir='ltr'><strong>eis</strong></span> <span class='ocrx_word' id='word_1_296' title='bbox 790 2637 1015 2691; x_wconf 89' lang='lat' dir='ltr'><strong>minime</strong></span> <span class='ocrx_word' id='word_1_297' title='bbox 1034 2637 1299 2691; x_wconf 83' lang='lat' dir='ltr'><strong>cernitur.</strong></span> <span class='ocrx_word' id='word_1_298' title='bbox 1335 2639 1410 2692; x_wconf 91' lang='lat' dir='ltr'><strong>De</strong></span> <span class='ocrx_word' id='word_1_299' title='bbox 1432 2639 1628 2707; x_wconf 87' lang='lat' dir='ltr'><strong>quibus</strong></span> <span class='ocrx_word' id='word_1_300' title='bbox 1663 2638 1716 2691; x_wconf 89' lang='lat' dir='ltr'><strong>in</strong></span> <span class='ocrx_word' id='word_1_301' title='bbox 1771 2639 2029 2707; x_wconf 77' lang='lat' dir='ltr'><strong>parabnla</strong></span> <span class='ocrx_word' id='word_1_302' title='bbox 2045 2638 2189 2693; x_wconf 65' lang='lat' dir='ltr'><strong>dici:</strong></span> 
     </span>
    </p>
   </div>
   <div class='ocr_carea' id='block_1_43' title="bbox 592 2727 2169 2802">
    <p class='ocr_par' dir='ltr' id='par_1_43' title="bbox 592 2727 2169 2802">
     <span class='ocr_line' id='line_1_43' title="bbox 592 2727 2169 2802; baseline 0.004 -21"><span class='ocrx_word' id='word_1_303' title='bbox 592 2735 704 2791; x_wconf 88' lang='lat' dir='ltr'><strong>tur,</strong></span> <span class='ocrx_word' id='word_1_304' title='bbox 732 2743 896 2796; x_wconf 86' lang='lat' dir='ltr'><strong>quam</strong></span> <span class='ocrx_word' id='word_1_305' title='bbox 932 2744 1026 2782; x_wconf 80' lang='lat' dir='ltr'><strong>rex</strong></span> <span class='ocrx_word' id='word_1_306' title='bbox 1046 2727 1210 2784; x_wconf 88' lang='lat' dir='ltr'><strong>Israel</strong></span> <span class='ocrx_word' id='word_1_307' title='bbox 1233 2741 1422 2785; x_wconf 91' lang='lat' dir='ltr'><strong>contra</strong></span> <span class='ocrx_word' id='word_1_308' title='bbox 1455 2747 1637 2801; x_wconf 82' lang='lat' dir='ltr'><strong>regem</strong></span> <span class='ocrx_word' id='word_1_309' title='bbox 1693 2731 1863 2802; x_wconf 71' lang='lat' dir='ltr'><strong>Syria:</strong></span> <span class='ocrx_word' id='word_1_310' title='bbox 1892 2747 2026 2786; x_wconf 90' lang='lat' dir='ltr'><strong>usus</strong></span> <span class='ocrx_word' id='word_1_311' title='bbox 2055 2742 2169 2787; x_wconf 90' lang='lat' dir='ltr'><strong>est:</strong></span> 
     </span>
    </p>
   </div>
   <div class='ocr_carea' id='block_1_44' title="bbox 594 2825 1715 2897">
    <p class='ocr_par' dir='ltr' id='par_1_44' title="bbox 594 2825 1715 2897">
     <span class='ocr_line' id='line_1_44' title="bbox 594 2825 1715 2897; baseline 0.004 -20"><span class='ocrx_word' id='word_1_312' title='bbox 594 2825 734 2889; x_wconf 82' lang='lat' dir='ltr'><strong>Quid</strong></span> <span class='ocrx_word' id='word_1_313' title='bbox 763 2834 1011 2893; x_wconf 85' lang='lat' dir='ltr'><strong>operat-ur</strong></span> <span class='ocrx_word' id='word_1_314' title='bbox 1035 2827 1275 2896; x_wconf 83' lang='lat' dir='ltr'><strong>gibbosus</strong></span> <span class='ocrx_word' id='word_1_315' title='bbox 1305 2829 1458 2897; x_wconf 86' lang='lat' dir='ltr'><strong>quasi</strong></span> <span class='ocrx_word' id='word_1_316' title='bbox 1504 2831 1715 2882; x_wconf 82' lang='lat' dir='ltr'><strong>rectus.&quot;</strong></span> 
     </span>
    </p>
   </div>
   <div class='ocr_carea' id='block_1_45' title="bbox 662 2917 2173 2990">
    <p class='ocr_par' dir='ltr' id='par_1_45' title="bbox 662 2917 2173 2990">
     <span class='ocr_line' id='line_1_45' title="bbox 662 2917 2173 2990; baseline 0.003 -21"><span class='ocrx_word' id='word_1_317' title='bbox 662 2917 883 2989; x_wconf 80' lang='lat' dir='ltr'><strong>Lippus,</strong></span> <span class='ocrx_word' id='word_1_318' title='bbox 911 2928 959 2972; x_wconf 86' lang='lat' dir='ltr'><strong>et</strong></span> <span class='ocrx_word' id='word_1_319' title='bbox 988 2918 1288 2990; x_wconf 86' lang='lat' dir='ltr'><strong>albuginem</strong></span> <span class='ocrx_word' id='word_1_320' title='bbox 1315 2920 1510 2974; x_wconf 80' lang='lat' dir='ltr'><strong>habens</strong></span> <span class='ocrx_word' id='word_1_321' title='bbox 1552 2921 1606 2972; x_wconf 88' lang='lat' dir='ltr'><strong>in</strong></span> <span class='ocrx_word' id='word_1_322' title='bbox 1649 2919 1817 2973; x_wconf 90' lang='lat' dir='ltr'><strong>oculo.</strong></span> <span class='ocrx_word' id='word_1_323' title='bbox 1850 2918 1953 2985; x_wconf 86' lang='lat' dir='ltr'><strong>Qui</strong></span> <span class='ocrx_word' id='word_1_324' title='bbox 1987 2920 2173 2974; x_wconf 88' lang='lat' dir='ltr'><strong>oculos</strong></span> 
     </span>
    </p>
   </div>
   <div class='ocr_carea' id='block_1_46' title="bbox 588 3011 2167 3078">
    <p class='ocr_par' dir='ltr' id='par_1_46' title="bbox 588 3011 2167 3078">
     <span class='ocr_line' id='line_1_46' title="bbox 588 3011 2167 3078; baseline -0.001 -12"><span class='ocrx_word' id='word_1_325' title='bbox 588 3011 747 3066; x_wconf 77' lang='lat' dir='ltr'><strong>laesos</strong></span> <span class='ocrx_word' id='word_1_326' title='bbox 772 3020 828 3065; x_wconf 90' lang='lat' dir='ltr'><strong>et</strong></span> <span class='ocrx_word' id='word_1_327' title='bbox 850 3011 1129 3066; x_wconf 87' lang='lat' dir='ltr'><strong>inﬁrmum</strong></span> <span class='ocrx_word' id='word_1_328' title='bbox 1153 3012 1330 3067; x_wconf 91' lang='lat' dir='ltr'><strong>visum</strong></span> <span class='ocrx_word' id='word_1_329' title='bbox 1353 3013 1578 3078; x_wconf 85' lang='lat' dir='ltr'><strong>habent,</strong></span> <span class='ocrx_word' id='word_1_330' title='bbox 1601 3013 1836 3067; x_wconf 82' lang='lat' dir='ltr'><strong>dicimus</strong></span> <span class='ocrx_word' id='word_1_331' title='bbox 1864 3027 1989 3066; x_wconf 87' lang='lat' dir='ltr'><strong>esse</strong></span> <span class='ocrx_word' id='word_1_332' title='bbox 2049 3029 2167 3078; x_wconf 86' lang='lat' dir='ltr'><strong>eos,</strong></span> 
     </span>
    </p>
   </div>
   <div class='ocr_carea' id='block_1_47' title="bbox 587 3104 2166 3174">
    <p class='ocr_par' dir='ltr' id='par_1_47' title="bbox 587 3104 2166 3174">
     <span class='ocr_line' id='line_1_47' title="bbox 587 3104 2166 3174; baseline 0 -16"><span class='ocrx_word' id='word_1_333' title='bbox 587 3104 677 3174; x_wconf 91' lang='lat' dir='ltr'><strong>qui</strong></span> <span class='ocrx_word' id='word_1_334' title='bbox 711 3104 914 3159; x_wconf 87' lang='lat' dir='ltr'><strong>habent</strong></span> <span class='ocrx_word' id='word_1_335' title='bbox 945 3105 1162 3174; x_wconf 88' lang='lat' dir='ltr'><strong>quidem</strong></span> <span class='ocrx_word' id='word_1_336' title='bbox 1194 3105 1290 3159; x_wconf 88' lang='lat' dir='ltr'><strong>Dei</strong></span> <span class='ocrx_word' id='word_1_337' title='bbox 1317 3105 1620 3168; x_wconf 86' lang='lat' dir='ltr'><strong>scientiam,</strong></span> <span class='ocrx_word' id='word_1_338' title='bbox 1686 3104 1781 3159; x_wconf 89' lang='lat' dir='ltr'><strong>sed</strong></span> <span class='ocrx_word' id='word_1_339' title='bbox 1835 3113 2166 3174; x_wconf 88' lang='lat' dir='ltr'><strong>corruptam,</strong></span> 
     </span>
    </p>
   </div>
   <div class='ocr_carea' id='block_1_48' title="bbox 587 3193 2172 3265">
    <p class='ocr_par' dir='ltr' id='par_1_48' title="bbox 587 3193 2172 3265">
     <span class='ocr_line' id='line_1_48' title="bbox 587 3193 2172 3265; baseline -0.001 -15"><span class='ocrx_word' id='word_1_340' title='bbox 587 3195 779 3265; x_wconf 81' lang='lat' dir='ltr'><strong>quales</strong></span> <span class='ocrx_word' id='word_1_341' title='bbox 810 3195 1180 3265; x_wconf 86' lang='lat' dir='ltr'><strong>suntquidam</strong></span> <span class='ocrx_word' id='word_1_342' title='bbox 1220 3195 1314 3263; x_wconf 91' lang='lat' dir='ltr'><strong>qui</strong></span> <span class='ocrx_word' id='word_1_343' title='bbox 1346 3193 1604 3248; x_wconf 87' lang='lat' dir='ltr'><strong>inﬂantur</strong></span> <span class='ocrx_word' id='word_1_344' title='bbox 1636 3210 1649 3246; x_wconf 92' lang='lat'><strong>:</strong></span> <span class='ocrx_word' id='word_1_345' title='bbox 1687 3194 1754 3249; x_wconf 91' lang='lat' dir='ltr'><strong>dc</strong></span> <span class='ocrx_word' id='word_1_346' title='bbox 1778 3195 1978 3264; x_wconf 86' lang='lat' dir='ltr'><strong>quibus</strong></span> <span class='ocrx_word' id='word_1_347' title='bbox 2036 3196 2172 3249; x_wconf 82' lang='lat' dir='ltr'><strong>dixit</strong></span> 
     </span>
    </p>
   </div>
   <div class='ocr_carea' id='block_1_49' title="bbox 589 3288 2171 3360">
    <p class='ocr_par' dir='ltr' id='par_1_49' title="bbox 589 3288 2171 3360">
     <span class='ocr_line' id='line_1_49' title="bbox 589 3288 2171 3360; baseline -0.002 -16"><span class='ocrx_word' id='word_1_348' title='bbox 589 3289 789 3344; x_wconf 83' lang='lat' dir='ltr'><strong>Paulus</strong></span> <span class='ocrx_word' id='word_1_349' title='bbox 818 3306 830 3341; x_wconf 89' lang='lat'><strong>:</strong></span> <span class='ocrx_word' id='word_1_350' title='bbox 863 3288 922 3343; x_wconf 87' lang='lat' dir='ltr'><strong>Si</strong></span> <span class='ocrx_word' id='word_1_351' title='bbox 951 3291 1069 3360; x_wconf 84' lang='lat' dir='ltr'><strong>quis</strong></span> <span class='ocrx_word' id='word_1_352' title='bbox 1097 3289 1254 3343; x_wconf 83' lang='lat' dir='ltr'><strong>aliter</strong></span> <span class='ocrx_word' id='word_1_353' title='bbox 1275 3290 1441 3353; x_wconf 89' lang='lat' dir='ltr'><strong>docet,</strong></span> <span class='ocrx_word' id='word_1_354' title='bbox 1490 3297 1537 3342; x_wconf 92' lang='lat' dir='ltr'><strong>et</strong></span> <span class='ocrx_word' id='word_1_355' title='bbox 1567 3304 1667 3341; x_wconf 87' lang='lat' dir='ltr'><strong>non</strong></span> <span class='ocrx_word' id='word_1_356' title='bbox 1699 3289 1981 3358; x_wconf 85' lang='lat' dir='ltr'><strong>acquiescit</strong></span> <span class='ocrx_word' id='word_1_357' title='bbox 2026 3290 2171 3343; x_wconf 86' lang='lat' dir='ltr'><strong>sanis</strong></span> 
     </span>
    </p>
   </div>
   <div class='ocr_carea' id='block_1_50' title="bbox 587 3379 2209 3451">
    <p class='ocr_par' dir='ltr' id='par_1_50' title="bbox 587 3379 2209 3451">
     <span class='ocr_line' id='line_1_50' title="bbox 587 3379 2209 3451; baseline -0.002 -14"><span class='ocrx_word' id='word_1_358' title='bbox 587 3382 911 3437; x_wconf 83' lang='lat' dir='ltr'><strong>sermonibus</strong></span> <span class='ocrx_word' id='word_1_359' title='bbox 951 3382 1161 3434; x_wconf 87' lang='lat' dir='ltr'><strong>Domini</strong></span> <span class='ocrx_word' id='word_1_360' title='bbox 1190 3381 1354 3434; x_wconf 83' lang='lat' dir='ltr'><strong>nostri</strong></span> <span class='ocrx_word' id='word_1_361' title='bbox 1382 3380 1510 3434; x_wconf 86' lang='lat' dir='ltr'><strong>Jesu</strong></span> <span class='ocrx_word' id='word_1_362' title='bbox 1533 3379 1751 3443; x_wconf 81' lang='lat' dir='ltr'><strong>Christi,</strong></span> <span class='ocrx_word' id='word_1_363' title='bbox 1785 3391 1834 3434; x_wconf 88' lang='lat' dir='ltr'><strong>et</strong></span> <span class='ocrx_word' id='word_1_364' title='bbox 1874 3382 1923 3434; x_wconf 87' lang='lat' dir='ltr'><strong>ei</strong></span> <span class='ocrx_word' id='word_1_365' title='bbox 1977 3381 2068 3451; x_wconf 88' lang='lat' dir='ltr'><strong>qui</strong></span> <span class='ocrx_word' id='word_1_366' title='bbox 2086 3397 2170 3434; x_wconf 84' lang='lat' dir='ltr'><strong>se-</strong></span> <span class='ocrx_word' id='word_1_367' title='bbox 2204 3386 2209 3393; x_wconf 85' lang='grc'><em>’</em></span> 
     </span>
    </p>
   </div>
   <div class='ocr_carea' id='block_1_51' title="bbox 587 3470 2167 3540">
    <p class='ocr_par' dir='ltr' id='par_1_51' title="bbox 587 3470 2167 3540">
     <span class='ocr_line' id='line_1_51' title="bbox 587 3470 2167 3540; baseline 0 -14"><span class='ocrx_word' id='word_1_368' title='bbox 587 3473 814 3526; x_wconf 81' lang='lat' dir='ltr'><strong>cundum</strong></span> <span class='ocrx_word' id='word_1_369' title='bbox 841 3472 1090 3540; x_wconf 83' lang='lat' dir='ltr'><strong>pietatem</strong></span> <span class='ocrx_word' id='word_1_370' title='bbox 1121 3479 1195 3523; x_wconf 87' lang='lat' dir='ltr'><strong>est</strong></span> <span class='ocrx_word' id='word_1_371' title='bbox 1217 3470 1490 3533; x_wconf 67' lang='lat' dir='ltr'><strong>doctrinm,</strong></span> <span class='ocrx_word' id='word_1_372' title='bbox 1525 3471 1777 3540; x_wconf 84' lang='lat' dir='ltr'><strong>superbus</strong></span> <span class='ocrx_word' id='word_1_373' title='bbox 1816 3472 1949 3525; x_wconf 80' lang='lat' dir='ltr'><strong>nihil</strong></span> <span class='ocrx_word' id='word_1_374' title='bbox 1978 3473 2167 3537; x_wconf 84' lang='lat' dir='ltr'><strong>sciens,</strong></span> 
     </span>
    </p>
   </div>
   <div class='ocr_carea' id='block_1_52' title="bbox 585 3563 2167 3634">
    <p class='ocr_par' dir='ltr' id='par_1_52' title="bbox 585 3563 2167 3634">
     <span class='ocr_line' id='line_1_52' title="bbox 585 3563 2167 3634; baseline 0.001 -15"><span class='ocrx_word' id='word_1_375' title='bbox 585 3565 676 3619; x_wconf 83' lang='lat' dir='ltr'><strong>sed</strong></span> <span class='ocrx_word' id='word_1_376' title='bbox 697 3564 954 3634; x_wconf 84' lang='lat' dir='ltr'><strong>languens</strong></span> <span class='ocrx_word' id='word_1_377' title='bbox 976 3563 1113 3616; x_wconf 88' lang='lat' dir='ltr'><strong>circa</strong></span> <span class='ocrx_word' id='word_1_378' title='bbox 1148 3564 1455 3632; x_wconf 63' lang='lat' dir='ltr'><strong>quarstiones</strong></span> <span class='ocrx_word' id='word_1_379' title='bbox 1486 3572 1533 3616; x_wconf 87' lang='lat' dir='ltr'><strong>et</strong></span> <span class='ocrx_word' id='word_1_380' title='bbox 1584 3578 1787 3633; x_wconf 88' lang='lat' dir='ltr'><strong>pugnas</strong></span> <span class='ocrx_word' id='word_1_381' title='bbox 1801 3564 2077 3619; x_wconf 80' lang='lat' dir='ltr'><strong>verborum</strong></span> <span class='ocrx_word' id='word_1_382' title='bbox 2100 3568 2167 3621; x_wconf 78' lang='grc'><strong>⁸⁸.</strong></span> 
     </span>
    </p>
   </div>
   <div class='ocr_carea' id='block_1_53' title="bbox 589 3652 2166 3726">
    <p class='ocr_par' dir='ltr' id='par_1_53' title="bbox 589 3652 2166 3726">
     <span class='ocr_line' id='line_1_53' title="bbox 589 3652 2166 3726; baseline 0.004 -22"><span class='ocrx_word' id='word_1_383' title='bbox 589 3652 681 3707; x_wconf 85' lang='lat' dir='ltr'><strong>Vcl</strong></span> <span class='ocrx_word' id='word_1_384' title='bbox 717 3653 791 3706; x_wconf 78' lang='lat' dir='ltr'><strong>illi</strong></span> <span class='ocrx_word' id='word_1_385' title='bbox 821 3652 1218 3724; x_wconf 84' lang='lat' dir='ltr'><strong>intelliguntur,</strong></span> <span class='ocrx_word' id='word_1_386' title='bbox 1248 3653 1340 3722; x_wconf 91' lang='lat' dir='ltr'><strong>qui</strong></span> <span class='ocrx_word' id='word_1_387' title='bbox 1371 3652 1656 3708; x_wconf 89' lang='lat' dir='ltr'><strong>scientiam</strong></span> <span class='ocrx_word' id='word_1_388' title='bbox 1694 3654 1806 3709; x_wconf 87' lang='lat' dir='ltr'><strong>vita</strong></span> <span class='ocrx_word' id='word_1_389' title='bbox 1874 3658 2166 3726; x_wconf 90' lang='lat' dir='ltr'><strong>repellunt.</strong></span> 
     </span>
    </p>
   </div>
   <div class='ocr_carea' id='block_1_54' title="bbox 584 3745 2171 3818">
    <p class='ocr_par' dir='ltr' id='par_1_54' title="bbox 584 3745 2171 3818">
     <span class='ocr_line' id='line_1_54' title="bbox 584 3745 2171 3818; baseline 0.002 -17"><span class='ocrx_word' id='word_1_390' title='bbox 584 3747 810 3818; x_wconf 72' lang='lat' dir='ltr'><strong>Sit/fusio</strong></span> <span class='ocrx_word' id='word_1_391' title='bbox 832 3753 1036 3808; x_wconf 85' lang='lat' dir='ltr'><strong>autem,</strong></span> <span class='ocrx_word' id='word_1_392' title='bbox 1058 3745 1202 3814; x_wconf 91' lang='lat' dir='ltr'><strong>quod</strong></span> <span class='ocrx_word' id='word_1_393' title='bbox 1229 3745 1417 3814; x_wconf 82' lang='lat' dir='ltr'><strong>Aquila</strong></span> <span class='ocrx_word' id='word_1_394' title='bbox 1478 3745 1668 3811; x_wconf 90' lang='lat' dir='ltr'><strong>edidit,</strong></span> <span class='ocrx_word' id='word_1_395' title='bbox 1700 3747 1825 3816; x_wconf 89' lang='lat' dir='ltr'><strong>quia</strong></span> <span class='ocrx_word' id='word_1_396' title='bbox 1850 3763 1960 3802; x_wconf 89' lang='lat' dir='ltr'><strong>non</strong></span> <span class='ocrx_word' id='word_1_397' title='bbox 1991 3751 2171 3804; x_wconf 90' lang='lat' dir='ltr'><strong>omni-</strong></span> 
     </span>
    </p>
   </div>
   <div class='ocr_carea' id='block_1_55' title="bbox 586 3835 2171 3908">
    <p class='ocr_par' dir='ltr' id='par_1_55' title="bbox 586 3835 2171 3908">
     <span class='ocr_line' id='line_1_55' title="bbox 586 3835 2171 3908; baseline 0.002 -15"><span class='ocrx_word' id='word_1_398' title='bbox 586 3840 685 3893; x_wconf 91' lang='lat' dir='ltr'><strong>bus</strong></span> <span class='ocrx_word' id='word_1_399' title='bbox 705 3846 870 3908; x_wconf 84' lang='lat' dir='ltr'><strong>patet,</strong></span> <span class='ocrx_word' id='word_1_400' title='bbox 904 3838 999 3891; x_wconf 89' lang='lat' dir='ltr'><strong>sed</strong></span> <span class='ocrx_word' id='word_1_401' title='bbox 1025 3836 1155 3890; x_wconf 91' lang='lat' dir='ltr'><strong>solis</strong></span> <span class='ocrx_word' id='word_1_402' title='bbox 1181 3835 1357 3891; x_wconf 91' lang='lat' dir='ltr'><strong>doctis</strong></span> <span class='ocrx_word' id='word_1_403' title='bbox 1409 3836 1656 3902; x_wconf 86' lang='lat' dir='ltr'><strong>medicis,</strong></span> <span class='ocrx_word' id='word_1_404' title='bbox 1683 3838 1737 3892; x_wconf 91' lang='lat' dir='ltr'><strong>in</strong></span> <span class='ocrx_word' id='word_1_405' title='bbox 1764 3848 1977 3894; x_wconf 90' lang='lat' dir='ltr'><strong>tumore</strong></span> <span class='ocrx_word' id='word_1_406' title='bbox 2024 3853 2171 3896; x_wconf 89' lang='lat' dir='ltr'><strong>recte</strong></span> 
     </span>
    </p>
   </div>
   <div class='ocr_carea' id='block_1_56' title="bbox 507 3928 2168 4000">
    <p class='ocr_par' dir='ltr' id='par_1_56' title="bbox 507 3928 2168 4000">
     <span class='ocr_line' id='line_1_56' title="bbox 507 3928 2168 4000; baseline 0.002 -17"><span class='ocrx_word' id='word_1_407' title='bbox 507 3936 517 3944; x_wconf 85' lang='lat'><strong>&#39;</strong></span> <span class='ocrx_word' id='word_1_408' title='bbox 582 3929 848 3998; x_wconf 84' lang='lat' dir='ltr'><strong>accipitur</strong></span> <span class='ocrx_word' id='word_1_409' title='bbox 888 3945 902 3980; x_wconf 87' lang='lat'><strong>:</strong></span> <span class='ocrx_word' id='word_1_410' title='bbox 932 3944 1110 3998; x_wconf 90' lang='lat' dir='ltr'><strong>neque</strong></span> <span class='ocrx_word' id='word_1_411' title='bbox 1135 3928 1280 3983; x_wconf 89' lang='lat' dir='ltr'><strong>enim</strong></span> <span class='ocrx_word' id='word_1_412' title='bbox 1307 3928 1376 3982; x_wconf 87' lang='lat' dir='ltr'><strong>ab</strong></span> <span class='ocrx_word' id='word_1_413' title='bbox 1401 3929 1656 3984; x_wconf 90' lang='lat' dir='ltr'><strong>omnibus</strong></span> <span class='ocrx_word' id='word_1_414' title='bbox 1694 3931 1873 4000; x_wconf 90' lang='lat' dir='ltr'><strong>passio</strong></span> <span class='ocrx_word' id='word_1_415' title='bbox 1893 3932 2032 3997; x_wconf 65' lang='lat' dir='ltr'><strong>haec,</strong></span> <span class='ocrx_word' id='word_1_416' title='bbox 2073 3935 2168 3988; x_wconf 80' lang='lat' dir='ltr'><strong>sed</strong></span> 
     </span>
    </p>
   </div>
   <div class='ocr_carea' id='block_1_57' title="bbox 583 4019 2165 4091">
    <p class='ocr_par' dir='ltr' id='par_1_57' title="bbox 583 4019 2165 4091">
     <span class='ocr_line' id='line_1_57' title="bbox 583 4019 2165 4091; baseline 0.002 -17"><span class='ocrx_word' id='word_1_417' title='bbox 583 4036 614 4074; x_wconf 90' lang='lat' dir='ltr'><strong>a</strong></span> <span class='ocrx_word' id='word_1_418' title='bbox 645 4021 774 4075; x_wconf 90' lang='lat' dir='ltr'><strong>solis</strong></span> <span class='ocrx_word' id='word_1_419' title='bbox 798 4021 902 4074; x_wconf 88' lang='lat' dir='ltr'><strong>illis</strong></span> <span class='ocrx_word' id='word_1_420' title='bbox 923 4021 1014 4089; x_wconf 91' lang='lat' dir='ltr'><strong>qui</strong></span> <span class='ocrx_word' id='word_1_421' title='bbox 1045 4019 1226 4075; x_wconf 86' lang='lat' dir='ltr'><strong>sciunt</strong></span> <span class='ocrx_word' id='word_1_422' title='bbox 1261 4021 1573 4075; x_wconf 86' lang='lat' dir='ltr'><strong>discernere</strong></span> <span class='ocrx_word' id='word_1_423' title='bbox 1629 4035 1750 4091; x_wconf 69' lang='lat' dir='ltr'><strong>qua:</strong></span> <span class='ocrx_word' id='word_1_424' title='bbox 1811 4022 1879 4077; x_wconf 92' lang='lat' dir='ltr'><strong>ad</strong></span> <span class='ocrx_word' id='word_1_425' title='bbox 1930 4022 2165 4077; x_wconf 78' lang='lat' dir='ltr'><strong>animam</strong></span> 
     </span>
    </p>
   </div>
   <div class='ocr_carea' id='block_1_58' title="bbox 580 4111 2162 4182">
    <p class='ocr_par' dir='ltr' id='par_1_58' title="bbox 580 4111 2162 4182">
     <span class='ocr_line' id='line_1_58' title="bbox 580 4111 2162 4182; baseline 0.004 -15"><span class='ocrx_word' id='word_1_426' title='bbox 580 4115 939 4182; x_wconf 86' lang='lat' dir='ltr'><strong>pertinerent,</strong></span> <span class='ocrx_word' id='word_1_427' title='bbox 958 4112 1321 4181; x_wconf 76' lang='lat' dir='ltr'><strong>cognoscitur.</strong></span> <span class='ocrx_word' id='word_1_428' title='bbox 1348 4111 1815 4178; x_wconf 86' lang='lat' dir='ltr'><strong>Quemadmodum</strong></span> <span class='ocrx_word' id='word_1_429' title='bbox 1838 4125 2020 4172; x_wconf 89' lang='lat' dir='ltr'><strong>autem</strong></span> <span class='ocrx_word' id='word_1_430' title='bbox 2049 4120 2162 4173; x_wconf 77' lang='lat' dir='ltr'><strong>sui-</strong></span> 
     </span>
    </p>
   </div>
   <div class='ocr_carea' id='block_1_59' title="bbox 583 4203 2165 4277">
    <p class='ocr_par' dir='ltr' id='par_1_59' title="bbox 583 4203 2165 4277">
     <span class='ocr_line' id='line_1_59' title="bbox 583 4203 2165 4277; baseline 0.004 -20"><span class='ocrx_word' id='word_1_431' title='bbox 583 4203 729 4258; x_wconf 81' lang='lat' dir='ltr'><strong>l‘usio</strong></span> <span class='ocrx_word' id='word_1_432' title='bbox 758 4204 937 4258; x_wconf 84' lang='lat' dir='ltr'><strong>visum</strong></span> <span class='ocrx_word' id='word_1_433' title='bbox 971 4204 1194 4272; x_wconf 64' lang='lat' dir='ltr'><strong>pupillae</strong></span> <span class='ocrx_word' id='word_1_434' title='bbox 1226 4204 1376 4274; x_wconf 81' lang='lat' dir='ltr'><strong>tegit,</strong></span> <span class='ocrx_word' id='word_1_435' title='bbox 1408 4205 1486 4259; x_wconf 89' lang='lat' dir='ltr'><strong>sic</strong></span> <span class='ocrx_word' id='word_1_436' title='bbox 1518 4208 1849 4277; x_wconf 88' lang='lat' dir='ltr'><strong>arrogantia,</strong></span> <span class='ocrx_word' id='word_1_437' title='bbox 1908 4218 1964 4264; x_wconf 88' lang='lat' dir='ltr'><strong>et</strong></span> <span class='ocrx_word' id='word_1_438' title='bbox 2001 4210 2165 4265; x_wconf 89' lang='lat' dir='ltr'><strong>elatio</strong></span> 
     </span>
    </p>
   </div>
   <div class='ocr_carea' id='block_1_60' title="bbox 580 4294 2159 4365">
    <p class='ocr_par' dir='ltr' id='par_1_60' title="bbox 580 4294 2159 4365">
     <span class='ocr_line' id='line_1_60' title="bbox 580 4294 2159 4365; baseline 0.006 -18"><span class='ocrx_word' id='word_1_439' title='bbox 580 4294 910 4348; x_wconf 84' lang='lat' dir='ltr'><strong>circumfusa</strong></span> <span class='ocrx_word' id='word_1_440' title='bbox 940 4294 1155 4359; x_wconf 74' lang='lat' dir='ltr'><strong>animm,</strong></span> <span class='ocrx_word' id='word_1_441' title='bbox 1182 4295 1470 4349; x_wconf 89' lang='lat' dir='ltr'><strong>obscuram</strong></span> <span class='ocrx_word' id='word_1_442' title='bbox 1513 4297 1632 4365; x_wconf 86' lang='lat' dir='ltr'><strong>ejus</strong></span> <span class='ocrx_word' id='word_1_443' title='bbox 1672 4299 1958 4355; x_wconf 84' lang='lat' dir='ltr'><strong>scientiam</strong></span> <span class='ocrx_word' id='word_1_444' title='bbox 2012 4301 2159 4358; x_wconf 83' lang='lat' dir='ltr'><strong>facit.</strong></span> 
     </span>
    </p>
   </div>
   <div class='ocr_carea' id='block_1_61' title="bbox 579 4387 2163 4463">
    <p class='ocr_par' dir='ltr' id='par_1_61' title="bbox 579 4387 2163 4463">
     <span class='ocr_line' id='line_1_61' title="bbox 579 4387 2163 4463; baseline 0.008 -25"><span class='ocrx_word' id='word_1_445' title='bbox 579 4387 786 4457; x_wconf 84' lang='lat' dir='ltr'><strong>Albugo</strong></span> <span class='ocrx_word' id='word_1_446' title='bbox 814 4395 1018 4450; x_wconf 91' lang='lat' dir='ltr'><strong>autem,</strong></span> <span class='ocrx_word' id='word_1_447' title='bbox 1042 4387 1097 4439; x_wconf 91' lang='lat' dir='ltr'><strong>in</strong></span> <span class='ocrx_word' id='word_1_448' title='bbox 1131 4387 1262 4445; x_wconf 88' lang='lat' dir='ltr'><strong>vita.</strong></span> <span class='ocrx_word' id='word_1_449' title='bbox 1288 4396 1345 4442; x_wconf 90' lang='lat' dir='ltr'><strong>et</strong></span> <span class='ocrx_word' id='word_1_450' title='bbox 1405 4390 1842 4446; x_wconf 85' lang='lat' dir='ltr'><strong>conversationis</strong></span> <span class='ocrx_word' id='word_1_451' title='bbox 1898 4394 2163 4463; x_wconf 89' lang='lat' dir='ltr'><strong>pravitate</strong></span> 
     </span>
    </p>
   </div>
   <div class='ocr_carea' id='block_1_62' title="bbox 2279 1908 3770 1981">
    <p class='ocr_par' dir='ltr' id='par_1_62' title="bbox 2279 1908 3770 1981">
     <span class='ocr_line' id='line_1_62' title="bbox 2279 1908 3770 1981; baseline -0.004 -13"><span class='ocrx_word' id='word_1_452' title='bbox 2279 1912 2560 1981; x_wconf 66' lang='lat' dir='ltr'><strong>praecepit,</strong></span> <span class='ocrx_word' id='word_1_453' title='bbox 2609 1920 2689 1967; x_wconf 88' lang='lat' dir='ltr'><strong>tot</strong></span> <span class='ocrx_word' id='word_1_454' title='bbox 2735 1928 2830 1968; x_wconf 87' lang='lat' dir='ltr'><strong>eas</strong></span> <span class='ocrx_word' id='word_1_455' title='bbox 2878 1915 3025 1967; x_wconf 89' lang='lat' dir='ltr'><strong>enim</strong></span> <span class='ocrx_word' id='word_1_456' title='bbox 3081 1912 3332 1969; x_wconf 88' lang='lat' dir='ltr'><strong>invenies</strong></span> <span class='ocrx_word' id='word_1_457' title='bbox 3378 1912 3644 1968; x_wconf 88' lang='lat' dir='ltr'><strong>secundum</strong></span> <span class='ocrx_word' id='word_1_458' title='bbox 3675 1908 3770 1963; x_wconf 75' lang='lat' dir='ltr'><strong>LXX</strong></span> 
     </span>
    </p>
   </div>
   <div class='ocr_carea' id='block_1_63' title="bbox 2274 2003 3770 2068">
    <p class='ocr_par' dir='ltr' id='par_1_63' title="bbox 2274 2003 3770 2068">
     <span class='ocr_line' id='line_1_63' title="bbox 2274 2003 3770 2068; baseline -0.004 -11"><span class='ocrx_word' id='word_1_459' title='bbox 2274 2004 2680 2068; x_wconf 85' lang='lat' dir='ltr'><strong>denumeratas,</strong></span> <span class='ocrx_word' id='word_1_460' title='bbox 2743 2005 2823 2059; x_wconf 88' lang='lat' dir='ltr'><strong>sic</strong></span> <span class='ocrx_word' id='word_1_461' title='bbox 2844 2015 2901 2059; x_wconf 90' lang='lat' dir='ltr'><strong>et</strong></span> <span class='ocrx_word' id='word_1_462' title='bbox 2960 2003 3160 2059; x_wconf 85' lang='lat' dir='ltr'><strong>Paulus</strong></span> <span class='ocrx_word' id='word_1_463' title='bbox 3204 2004 3492 2060; x_wconf 86' lang='lat' dir='ltr'><strong>duodecim</strong></span> <span class='ocrx_word' id='word_1_464' title='bbox 3521 2013 3770 2059; x_wconf 78' lang='lat' dir='ltr'><strong>conservare</strong></span> 
     </span>
    </p>
   </div>
   <div class='ocr_carea' id='block_1_64' title="bbox 2278 2093 3773 2175">
    <p class='ocr_par' dir='ltr' id='par_1_64' title="bbox 2278 2093 3773 2175">
     <span class='ocr_line' id='line_1_64' title="bbox 2278 2093 3773 2175; baseline -0.001 -27"><span class='ocrx_word' id='word_1_465' title='bbox 2278 2111 2425 2175; x_wconf 77' lang='lat' dir='ltr'><strong>eum,</strong></span> <span class='ocrx_word' id='word_1_466' title='bbox 2457 2096 2550 2165; x_wconf 89' lang='lat' dir='ltr'><strong>qui</strong></span> <span class='ocrx_word' id='word_1_467' title='bbox 2578 2096 2949 2151; x_wconf 86' lang='lat' dir='ltr'><strong>sacerdotium</strong></span> <span class='ocrx_word' id='word_1_468' title='bbox 2997 2097 3290 2152; x_wconf 89' lang='lat' dir='ltr'><strong>sortiturus</strong></span> <span class='ocrx_word' id='word_1_469' title='bbox 3317 2110 3421 2162; x_wconf 90' lang='lat' dir='ltr'><strong>est,</strong></span> <span class='ocrx_word' id='word_1_470' title='bbox 3450 2095 3672 2168; x_wconf 74' lang='lat' dir='ltr'><strong>praecepit</strong></span> <span class='ocrx_word' id='word_1_471' title='bbox 3718 2093 3773 2148; x_wconf 90' lang='lat' dir='ltr'><strong>di-</strong></span> 
     </span>
    </p>
   </div>
   <div class='ocr_carea' id='block_1_65' title="bbox 2277 2186 3771 2260">
    <p class='ocr_par' dir='ltr' id='par_1_65' title="bbox 2277 2186 3771 2260">
     <span class='ocr_line' id='line_1_65' title="bbox 2277 2186 3771 2260; baseline -0.001 -19"><span class='ocrx_word' id='word_1_472' title='bbox 2277 2203 2409 2242; x_wconf 89' lang='lat' dir='ltr'><strong>cens</strong></span> <span class='ocrx_word' id='word_1_473' title='bbox 2476 2205 2489 2240; x_wconf 90' lang='lat'><strong>:</strong></span> <span class='ocrx_word' id='word_1_474' title='bbox 2552 2186 2770 2257; x_wconf 84' lang='lat' dir='ltr'><strong>Oportet</strong></span> <span class='ocrx_word' id='word_1_475' title='bbox 2829 2189 3128 2258; x_wconf 85' lang='lat' dir='ltr'><strong>episcopum</strong></span> <span class='ocrx_word' id='word_1_476' title='bbox 3171 2189 3646 2260; x_wconf 79' lang='lat' dir='ltr'><strong>irrepreltcnsibilem</strong></span> <span class='ocrx_word' id='word_1_477' title='bbox 3682 2201 3771 2249; x_wconf 78' lang='lat' dir='ltr'><strong>esse,</strong></span> 
     </span>
    </p>
   </div>
   <div class='ocr_carea' id='block_1_66' title="bbox 2280 2279 3772 2350">
    <p class='ocr_par' dir='ltr' id='par_1_66' title="bbox 2280 2279 3772 2350">
     <span class='ocr_line' id='line_1_66' title="bbox 2280 2279 3772 2350; baseline -0.004 -16"><span class='ocrx_word' id='word_1_478' title='bbox 2280 2284 2416 2334; x_wconf 81' lang='lat' dir='ltr'><strong>sicut</strong></span> <span class='ocrx_word' id='word_1_479' title='bbox 2437 2280 2532 2335; x_wconf 88' lang='lat' dir='ltr'><strong>Dei</strong></span> <span class='ocrx_word' id='word_1_480' title='bbox 2556 2282 2971 2350; x_wconf 84' lang='lat' dir='ltr'><strong>dispensatorem</strong></span> <span class='ocrx_word' id='word_1_481' title='bbox 2996 2281 3064 2334; x_wconf 78' lang='grc' dir='ltr'><strong>⁸ο,</strong></span> <span class='ocrx_word' id='word_1_482' title='bbox 3097 2280 3233 2347; x_wconf 86' lang='lat' dir='ltr'><strong>Quis</strong></span> <span class='ocrx_word' id='word_1_483' title='bbox 3270 2290 3450 2337; x_wconf 89' lang='lat' dir='ltr'><strong>autem</strong></span> <span class='ocrx_word' id='word_1_484' title='bbox 3502 2279 3772 2349; x_wconf 77' lang='lat' dir='ltr'><strong>irreprelien-</strong></span> 
     </span>
    </p>
   </div>
   <div class='ocr_carea' id='block_1_67' title="bbox 2278 2369 3772 2440">
    <p class='ocr_par' dir='ltr' id='par_1_67' title="bbox 2278 2369 3772 2440">
     <span class='ocr_line' id='line_1_67' title="bbox 2278 2369 3772 2440; baseline -0.004 -17"><span class='ocrx_word' id='word_1_485' title='bbox 2278 2370 2471 2434; x_wconf 86' lang='lat' dir='ltr'><strong>sibilis,</strong></span> <span class='ocrx_word' id='word_1_486' title='bbox 2542 2370 2646 2425; x_wconf 85' lang='lat' dir='ltr'><strong>nisi</strong></span> <span class='ocrx_word' id='word_1_487' title='bbox 2705 2371 3061 2440; x_wconf 87' lang='lat' dir='ltr'><strong>impollutus?</strong></span> <span class='ocrx_word' id='word_1_488' title='bbox 3111 2371 3319 2427; x_wconf 85' lang='lat' dir='ltr'><strong>Deinde</strong></span> <span class='ocrx_word' id='word_1_489' title='bbox 3376 2371 3515 2425; x_wconf 89' lang='lat' dir='ltr'><strong>unde</strong></span> <span class='ocrx_word' id='word_1_490' title='bbox 3561 2369 3772 2439; x_wconf 84' lang='lat' dir='ltr'><strong>colligatur</strong></span> 
     </span>
    </p>
   </div>
   <div class='ocr_carea' id='block_1_68' title="bbox 2284 2458 3772 2534">
    <p class='ocr_par' dir='ltr' id='par_1_68' title="bbox 2284 2458 3772 2534">
     <span class='ocr_line' id='line_1_68' title="bbox 2284 2458 3772 2534; baseline 0 -19"><span class='ocrx_word' id='word_1_491' title='bbox 2284 2462 2831 2533; x_wconf 87' lang='lat' dir='ltr'><strong>irreprehensibilem</strong></span> <span class='ocrx_word' id='word_1_492' title='bbox 2861 2480 2988 2518; x_wconf 87' lang='lat' dir='ltr'><strong>eum</strong></span> <span class='ocrx_word' id='word_1_493' title='bbox 3027 2478 3171 2528; x_wconf 90' lang='lat' dir='ltr'><strong>esse,</strong></span> <span class='ocrx_word' id='word_1_494' title='bbox 3217 2480 3249 2518; x_wconf 90' lang='lat' dir='ltr'><strong>a</strong></span> <span class='ocrx_word' id='word_1_495' title='bbox 3305 2464 3547 2534; x_wconf 87' lang='lat' dir='ltr'><strong>qualibus</strong></span> <span class='ocrx_word' id='word_1_496' title='bbox 3590 2458 3772 2515; x_wconf 78' lang='lat' dir='ltr'><strong>maculis.</strong></span> 
     </span>
    </p>
   </div>
   <div class='ocr_carea' id='block_1_69' title="bbox 2275 2553 3773 2625">
    <p class='ocr_par' dir='ltr' id='par_1_69' title="bbox 2275 2553 3773 2625">
     <span class='ocr_line' id='line_1_69' title="bbox 2275 2553 3773 2625; baseline -0.003 -19"><span class='ocrx_word' id='word_1_497' title='bbox 2275 2561 2370 2607; x_wconf 87' lang='lat' dir='ltr'><strong>aut</strong></span> <span class='ocrx_word' id='word_1_498' title='bbox 2388 2553 2739 2624; x_wconf 86' lang='lat' dir='ltr'><strong>passionibus</strong></span> <span class='ocrx_word' id='word_1_499' title='bbox 2769 2555 3032 2619; x_wconf 86' lang='lat' dir='ltr'><strong>carendo,</strong></span> <span class='ocrx_word' id='word_1_500' title='bbox 3063 2555 3119 2608; x_wconf 93' lang='lat' dir='ltr'><strong>in</strong></span> <span class='ocrx_word' id='word_1_501' title='bbox 3160 2555 3606 2625; x_wconf 87' lang='lat' dir='ltr'><strong>subsequentibus</strong></span> <span class='ocrx_word' id='word_1_502' title='bbox 3640 2558 3773 2605; x_wconf 74' lang='lat' dir='ltr'><strong>osten-</strong></span> 
     </span>
    </p>
   </div>
   <div class='ocr_carea' id='block_1_70' title="bbox 2276 2644 3774 2717">
    <p class='ocr_par' dir='ltr' id='par_1_70' title="bbox 2276 2644 3774 2717">
     <span class='ocr_line' id='line_1_70' title="bbox 2276 2644 3774 2717; baseline -0.007 -16"><span class='ocrx_word' id='word_1_503' title='bbox 2276 2647 2377 2701; x_wconf 90' lang='lat' dir='ltr'><strong>dit.</strong></span> <span class='ocrx_word' id='word_1_504' title='bbox 2419 2645 2541 2700; x_wconf 85' lang='lat' dir='ltr'><strong>Non</strong></span> <span class='ocrx_word' id='word_1_505' title='bbox 2569 2646 2871 2717; x_wconf 85' lang='lat' dir='ltr'><strong>superbum,</strong></span> <span class='ocrx_word' id='word_1_506' title='bbox 2892 2663 2996 2700; x_wconf 84' lang='lat' dir='ltr'><strong>non</strong></span> <span class='ocrx_word' id='word_1_507' title='bbox 3023 2648 3361 2715; x_wconf 87' lang='lat' dir='ltr'><strong>iracundum,</strong></span> <span class='ocrx_word' id='word_1_508' title='bbox 3400 2644 3774 2702; x_wconf 74' lang='lat' dir='ltr'><strong>nonuiuolentum,</strong></span> 
     </span>
    </p>
   </div>
   <div class='ocr_carea' id='block_1_71' title="bbox 2277 2734 3776 2810">
    <p class='ocr_par' dir='ltr' id='par_1_71' title="bbox 2277 2734 3776 2810">
     <span class='ocr_line' id='line_1_71' title="bbox 2277 2734 3776 2810; baseline 0.002 -18"><span class='ocrx_word' id='word_1_509' title='bbox 2277 2754 2378 2792; x_wconf 84' lang='lat' dir='ltr'><strong>non</strong></span> <span class='ocrx_word' id='word_1_510' title='bbox 2404 2754 2785 2809; x_wconf 85' lang='lat' dir='ltr'><strong>percussorem,</strong></span> <span class='ocrx_word' id='word_1_511' title='bbox 2817 2754 2917 2792; x_wconf 83' lang='lat' dir='ltr'><strong>non</strong></span> <span class='ocrx_word' id='word_1_512' title='bbox 2949 2740 3116 2809; x_wconf 80' lang='lat' dir='ltr'><strong>turpis</strong></span> <span class='ocrx_word' id='word_1_513' title='bbox 3152 2739 3284 2793; x_wconf 87' lang='lat' dir='ltr'><strong>lucri</strong></span> <span class='ocrx_word' id='word_1_514' title='bbox 3336 2739 3587 2810; x_wconf 83' lang='lat' dir='ltr'><strong>cupidum,</strong></span> <span class='ocrx_word' id='word_1_515' title='bbox 3624 2734 3695 2790; x_wconf 81' lang='lat' dir='ltr'><strong>sed</strong></span> <span class='ocrx_word' id='word_1_516' title='bbox 3716 2736 3776 2795; x_wconf 72' lang='lat' dir='ltr'><strong>lto-</strong></span> 
     </span>
    </p>
   </div>
   <div class='ocr_carea' id='block_1_72' title="bbox 2275 2826 3777 2903">
    <p class='ocr_par' dir='ltr' id='par_1_72' title="bbox 2275 2826 3777 2903">
     <span class='ocr_line' id='line_1_72' title="bbox 2275 2826 3777 2903; baseline -0.006 -18"><span class='ocrx_word' id='word_1_517' title='bbox 2275 2832 2543 2903; x_wconf 85' lang='lat' dir='ltr'><strong>spitalem,</strong></span> <span class='ocrx_word' id='word_1_518' title='bbox 2565 2832 2866 2903; x_wconf 86' lang='lat' dir='ltr'><strong>benignum,</strong></span> <span class='ocrx_word' id='word_1_519' title='bbox 2887 2843 3112 2896; x_wconf 87' lang='lat' dir='ltr'><strong>castum,</strong></span> <span class='ocrx_word' id='word_1_520' title='bbox 3137 2833 3374 2903; x_wconf 77' lang='lat' dir='ltr'><strong>justum,</strong></span> <span class='ocrx_word' id='word_1_521' title='bbox 3394 2841 3634 2894; x_wconf 87' lang='lat' dir='ltr'><strong>sanctum,</strong></span> <span class='ocrx_word' id='word_1_522' title='bbox 3658 2826 3777 2880; x_wconf 80' lang='lat' dir='ltr'><strong>conti-</strong></span> 
     </span>
    </p>
   </div>
   <div class='ocr_carea' id='block_1_73' title="bbox 2272 2918 3778 2994">
    <p class='ocr_par' dir='ltr' id='par_1_73' title="bbox 2272 2918 3778 2994">
     <span class='ocr_line' id='line_1_73' title="bbox 2272 2918 3778 2994; baseline -0.005 -17"><span class='ocrx_word' id='word_1_523' title='bbox 2272 2933 2477 2977; x_wconf 78' lang='lat' dir='ltr'><strong>nentem</strong></span> <span class='ocrx_word' id='word_1_524' title='bbox 2509 2924 2909 2992; x_wconf 82' lang='lat' dir='ltr'><strong>amplecteulem</strong></span> <span class='ocrx_word' id='word_1_525' title='bbox 2937 2941 3078 2988; x_wconf 88' lang='lat' dir='ltr'><strong>eum,</strong></span> <span class='ocrx_word' id='word_1_526' title='bbox 3116 2924 3207 2994; x_wconf 83' lang='lat' dir='ltr'><strong>qui</strong></span> <span class='ocrx_word' id='word_1_527' title='bbox 3243 2925 3529 2979; x_wconf 81' lang='lat' dir='ltr'><strong>secundum</strong></span> <span class='ocrx_word' id='word_1_528' title='bbox 3553 2918 3778 2975; x_wconf 72' lang='lat' dir='ltr'><strong>doctrinam</strong></span> 
     </span>
    </p>
   </div>
   <div class='ocr_carea' id='block_1_74' title="bbox 2274 3006 3780 3088">
    <p class='ocr_par' dir='ltr' id='par_1_74' title="bbox 2274 3006 3780 3088">
     <span class='ocr_line' id='line_1_74' title="bbox 2274 3006 3780 3088; baseline -0.006 -18"><span class='ocrx_word' id='word_1_529' title='bbox 2274 3024 2373 3079; x_wconf 84' lang='lat' dir='ltr'><strong>est,</strong></span> <span class='ocrx_word' id='word_1_530' title='bbox 2403 3006 2606 3084; x_wconf 72' lang='lat' dir='ltr'><strong>ﬁdelem</strong></span> <span class='ocrx_word' id='word_1_531' title='bbox 2626 3031 2918 3068; x_wconf 86' lang='lat' dir='ltr'><strong>sermonem</strong></span> <span class='ocrx_word' id='word_1_532' title='bbox 2946 3017 3011 3068; x_wconf 72' lang='grc'><strong>⁸³.</strong></span> <span class='ocrx_word' id='word_1_533' title='bbox 3068 3015 3370 3071; x_wconf 90' lang='lat' dir='ltr'><strong>Duodecim</strong></span> <span class='ocrx_word' id='word_1_534' title='bbox 3403 3031 3525 3088; x_wconf 90' lang='lat' dir='ltr'><strong>ergo</strong></span> <span class='ocrx_word' id='word_1_535' title='bbox 3543 3013 3698 3082; x_wconf 84' lang='lat' dir='ltr'><strong>etipse</strong></span> <span class='ocrx_word' id='word_1_536' title='bbox 3713 3022 3780 3062; x_wconf 85' lang='lat' dir='ltr'><strong>cn-</strong></span> 
     </span>
    </p>
   </div>
   <div class='ocr_carea' id='block_1_75' title="bbox 2275 3107 3779 3178">
    <p class='ocr_par' dir='ltr' id='par_1_75' title="bbox 2275 3107 3779 3178">
     <span class='ocr_line' id='line_1_75' title="bbox 2275 3107 3779 3178; baseline -0.006 -17"><span class='ocrx_word' id='word_1_537' title='bbox 2275 3107 2479 3162; x_wconf 85' lang='lat' dir='ltr'><strong>stodire</strong></span> <span class='ocrx_word' id='word_1_538' title='bbox 2505 3108 2843 3163; x_wconf 87' lang='lat' dir='ltr'><strong>sacerdotem</strong></span> <span class='ocrx_word' id='word_1_539' title='bbox 2867 3108 3002 3172; x_wconf 69' lang='lat' dir='ltr'><strong>vult,</strong></span> <span class='ocrx_word' id='word_1_540' title='bbox 3038 3117 3094 3163; x_wconf 90' lang='lat' dir='ltr'><strong>et</strong></span> <span class='ocrx_word' id='word_1_541' title='bbox 3118 3110 3474 3178; x_wconf 85' lang='lat' dir='ltr'><strong>quamobrem</strong></span> <span class='ocrx_word' id='word_1_542' title='bbox 3499 3107 3547 3161; x_wconf 88' lang='lat' dir='ltr'><strong>ei</strong></span> <span class='ocrx_word' id='word_1_543' title='bbox 3582 3111 3703 3159; x_wconf 83' lang='lat' dir='ltr'><strong>tanta</strong></span> <span class='ocrx_word' id='word_1_544' title='bbox 3715 3115 3779 3153; x_wconf 88' lang='lat' dir='ltr'><strong>su-</strong></span> 
     </span>
    </p>
   </div>
   <div class='ocr_carea' id='block_1_76' title="bbox 2273 3192 3780 3269">
    <p class='ocr_par' dir='ltr' id='par_1_76' title="bbox 2273 3192 3780 3269">
     <span class='ocr_line' id='line_1_76' title="bbox 2273 3192 3780 3269; baseline -0.009 -15"><span class='ocrx_word' id='word_1_545' title='bbox 2273 3200 2640 3269; x_wconf 82' lang='lat' dir='ltr'><strong>perimponat,</strong></span> <span class='ocrx_word' id='word_1_546' title='bbox 2673 3200 2725 3252; x_wconf 90' lang='lat' dir='ltr'><strong>in</strong></span> <span class='ocrx_word' id='word_1_547' title='bbox 2764 3200 3200 3269; x_wconf 74' lang='lat' dir='ltr'><strong>prmcedcntibus</strong></span> <span class='ocrx_word' id='word_1_548' title='bbox 3220 3198 3364 3257; x_wconf 80' lang='lat' dir='ltr'><strong>dixit</strong></span> <span class='ocrx_word' id='word_1_549' title='bbox 3391 3219 3406 3254; x_wconf 89' lang='lat'><strong>:</strong></span> <span class='ocrx_word' id='word_1_550' title='bbox 3465 3198 3654 3269; x_wconf 82' lang='lat' dir='ltr'><strong>Oportet</strong></span> <span class='ocrx_word' id='word_1_551' title='bbox 3685 3192 3780 3246; x_wconf 81' lang='lat' dir='ltr'><strong>enim</strong></span> 
     </span>
    </p>
   </div>
   <div class='ocr_carea' id='block_1_77' title="bbox 2272 3284 3781 3359">
    <p class='ocr_par' dir='ltr' id='par_1_77' title="bbox 2272 3284 3781 3359">
     <span class='ocr_line' id='line_1_77' title="bbox 2272 3284 3781 3359; baseline -0.007 -16"><span class='ocrx_word' id='word_1_552' title='bbox 2272 3290 2569 3359; x_wconf 80' lang='lat' dir='ltr'><strong>episcopum</strong></span> <span class='ocrx_word' id='word_1_553' title='bbox 2602 3289 3108 3359; x_wconf 81' lang='lat' dir='ltr'><strong>irrepreltensibilem</strong></span> <span class='ocrx_word' id='word_1_554' title='bbox 3135 3306 3264 3355; x_wconf 89' lang='lat' dir='ltr'><strong>esse,</strong></span> <span class='ocrx_word' id='word_1_555' title='bbox 3315 3291 3449 3344; x_wconf 85' lang='lat' dir='ltr'><strong>sicut</strong></span> <span class='ocrx_word' id='word_1_556' title='bbox 3496 3286 3585 3341; x_wconf 85' lang='lat' dir='ltr'><strong>Dei</strong></span> <span class='ocrx_word' id='word_1_557' title='bbox 3629 3284 3781 3350; x_wconf 73' lang='lat' dir='ltr'><strong>dispen-</strong></span> 
     </span>
    </p>
   </div>
   <div class='ocr_carea' id='block_1_78' title="bbox 2270 3380 3782 3453">
    <p class='ocr_par' dir='ltr' id='par_1_78' title="bbox 2270 3380 3782 3453">
     <span class='ocr_line' id='line_1_78' title="bbox 2270 3380 3782 3453; baseline -0.003 -18"><span class='ocrx_word' id='word_1_558' title='bbox 2270 3391 2519 3436; x_wconf 81' lang='lat' dir='ltr'><strong>satorem.</strong></span> <span class='ocrx_word' id='word_1_559' title='bbox 2548 3383 2651 3447; x_wconf 89' lang='lat' dir='ltr'><strong>Qui</strong></span> <span class='ocrx_word' id='word_1_560' title='bbox 2668 3391 2852 3436; x_wconf 86' lang='lat' dir='ltr'><strong>autem</strong></span> <span class='ocrx_word' id='word_1_561' title='bbox 2918 3382 3198 3453; x_wconf 81' lang='lat' dir='ltr'><strong>diSpensat</strong></span> <span class='ocrx_word' id='word_1_562' title='bbox 3241 3397 3369 3452; x_wconf 65' lang='lat' dir='ltr'><strong>quae</strong></span> <span class='ocrx_word' id='word_1_563' title='bbox 3420 3380 3508 3435; x_wconf 89' lang='lat' dir='ltr'><strong>Dei</strong></span> <span class='ocrx_word' id='word_1_564' title='bbox 3528 3384 3654 3438; x_wconf 86' lang='lat' dir='ltr'><strong>sunt,</strong></span> <span class='ocrx_word' id='word_1_565' title='bbox 3686 3383 3782 3441; x_wconf 64' lang='lat' dir='ltr'><strong>opus</strong></span> 
     </span>
    </p>
   </div>
   <div class='ocr_carea' id='block_1_79' title="bbox 2273 3471 3781 3542">
    <p class='ocr_par' dir='ltr' id='par_1_79' title="bbox 2273 3471 3781 3542">
     <span class='ocr_line' id='line_1_79' title="bbox 2273 3471 3781 3542; baseline -0.004 -16"><span class='ocrx_word' id='word_1_566' title='bbox 2273 3474 2436 3528; x_wconf 87' lang='lat' dir='ltr'><strong>habet</strong></span> <span class='ocrx_word' id='word_1_567' title='bbox 2462 3488 2580 3538; x_wconf 87' lang='lat' dir='ltr'><strong>eos,</strong></span> <span class='ocrx_word' id='word_1_568' title='bbox 2602 3489 2837 3542; x_wconf 89' lang='lat' dir='ltr'><strong>quorum</strong></span> <span class='ocrx_word' id='word_1_569' title='bbox 2864 3473 3213 3542; x_wconf 82' lang='lat' dir='ltr'><strong>dispensator</strong></span> <span class='ocrx_word' id='word_1_570' title='bbox 3244 3483 3356 3542; x_wconf 88' lang='lat' dir='ltr'><strong>est,</strong></span> <span class='ocrx_word' id='word_1_571' title='bbox 3380 3471 3653 3528; x_wconf 89' lang='lat' dir='ltr'><strong>virtutibus</strong></span> <span class='ocrx_word' id='word_1_572' title='bbox 3682 3479 3781 3536; x_wconf 69' lang='lat' dir='ltr'><strong>prm-</strong></span> 
     </span>
    </p>
   </div>
   <div class='ocr_carea' id='block_1_80' title="bbox 2272 3554 3783 3637">
    <p class='ocr_par' dir='ltr' id='par_1_80' title="bbox 2272 3554 3783 3637">
     <span class='ocr_line' id='line_1_80' title="bbox 2272 3554 3783 3637; baseline -0.007 -18"><span class='ocrx_word' id='word_1_573' title='bbox 2272 3566 2472 3619; x_wconf 85' lang='lat' dir='ltr'><strong>cedere</strong></span> <span class='ocrx_word' id='word_1_574' title='bbox 2505 3582 2520 3619; x_wconf 89' lang='lat'><strong>:</strong></span> <span class='ocrx_word' id='word_1_575' title='bbox 2554 3580 2680 3619; x_wconf 89' lang='lat' dir='ltr'><strong>nam</strong></span> <span class='ocrx_word' id='word_1_576' title='bbox 2720 3567 2998 3635; x_wconf 89' lang='lat' dir='ltr'><strong>quomodo</strong></span> <span class='ocrx_word' id='word_1_577' title='bbox 3043 3566 3165 3620; x_wconf 91' lang='lat' dir='ltr'><strong>illos</strong></span> <span class='ocrx_word' id='word_1_578' title='bbox 3203 3566 3546 3637; x_wconf 85' lang='lat' dir='ltr'><strong>dispensare,</strong></span> <span class='ocrx_word' id='word_1_579' title='bbox 3574 3554 3783 3633; x_wconf 85' lang='lat' dir='ltr'><strong>quomodo</strong></span> 
     </span>
    </p>
   </div>
   <div class='ocr_carea' id='block_1_81' title="bbox 2270 3647 3781 3728">
    <p class='ocr_par' dir='ltr' id='par_1_81' title="bbox 2270 3647 3781 3728">
     <span class='ocr_line' id='line_1_81' title="bbox 2270 3647 3781 3728; baseline -0.009 -19"><span class='ocrx_word' id='word_1_580' title='bbox 2270 3657 2563 3725; x_wconf 88' lang='lat' dir='ltr'><strong>disponere</strong></span> <span class='ocrx_word' id='word_1_581' title='bbox 2585 3653 2824 3726; x_wconf 75' lang='lat' dir='ltr'><strong>poterit?</strong></span> <span class='ocrx_word' id='word_1_582' title='bbox 2845 3656 2984 3720; x_wconf 86' lang='lat' dir='ltr'><strong>Quia</strong></span> <span class='ocrx_word' id='word_1_583' title='bbox 3014 3666 3199 3710; x_wconf 87' lang='lat' dir='ltr'><strong>autem</strong></span> <span class='ocrx_word' id='word_1_584' title='bbox 3248 3656 3530 3728; x_wconf 85' lang='lat' dir='ltr'><strong>legislator</strong></span> <span class='ocrx_word' id='word_1_585' title='bbox 3559 3647 3781 3708; x_wconf 72' lang='lat' dir='ltr'><strong>comedere</strong></span> 
     </span>
    </p>
   </div>
   <div class='ocr_carea' id='block_1_82' title="bbox 2270 3745 3783 3818">
    <p class='ocr_par' dir='ltr' id='par_1_82' title="bbox 2270 3745 3783 3818">
     <span class='ocr_line' id='line_1_82' title="bbox 2270 3745 3783 3818; baseline -0.001 -16"><span class='ocrx_word' id='word_1_586' title='bbox 2270 3750 2339 3802; x_wconf 83' lang='lat' dir='ltr'><strong>de</strong></span> <span class='ocrx_word' id='word_1_587' title='bbox 2374 3749 2581 3803; x_wconf 88' lang='lat' dir='ltr'><strong>sanctis</strong></span> <span class='ocrx_word' id='word_1_588' title='bbox 2605 3747 2888 3818; x_wconf 65' lang='lat' dir='ltr'><strong>praecepit,</strong></span> <span class='ocrx_word' id='word_1_589' title='bbox 2940 3749 3417 3818; x_wconf 84' lang='lat' dir='ltr'><strong>unamquamlibct</strong></span> <span class='ocrx_word' id='word_1_590' title='bbox 3475 3745 3783 3818; x_wconf 65' lang='lat' dir='ltr'><strong>praedictarum</strong></span> 
     </span>
    </p>
   </div>
   <div class='ocr_carea' id='block_1_83' title="bbox 2273 3833 3780 3905">
    <p class='ocr_par' dir='ltr' id='par_1_83' title="bbox 2273 3833 3780 3905">
     <span class='ocr_line' id='line_1_83' title="bbox 2273 3833 3780 3905; baseline -0.01 -9"><span class='ocrx_word' id='word_1_591' title='bbox 2273 3841 2608 3896; x_wconf 86' lang='lat' dir='ltr'><strong>macularum</strong></span> <span class='ocrx_word' id='word_1_592' title='bbox 2650 3841 2965 3905; x_wconf 80' lang='lat' dir='ltr'><strong>habentem,</strong></span> <span class='ocrx_word' id='word_1_593' title='bbox 3008 3841 3150 3895; x_wconf 85' lang='lat' dir='ltr'><strong>intra</strong></span> <span class='ocrx_word' id='word_1_594' title='bbox 3174 3840 3361 3897; x_wconf 85' lang='lat' dir='ltr'><strong>velum</strong></span> <span class='ocrx_word' id='word_1_595' title='bbox 3382 3850 3555 3894; x_wconf 86' lang='lat' dir='ltr'><strong>tamen</strong></span> <span class='ocrx_word' id='word_1_596' title='bbox 3580 3844 3625 3891; x_wconf 88' lang='lat' dir='ltr'><strong>et</strong></span> <span class='ocrx_word' id='word_1_597' title='bbox 3642 3833 3780 3890; x_wconf 87' lang='lat' dir='ltr'><strong>altare,</strong></span> 
     </span>
    </p>
   </div>
   <div class='ocr_carea' id='block_1_84' title="bbox 2267 3921 3783 4004">
    <p class='ocr_par' dir='ltr' id='par_1_84' title="bbox 2267 3921 3783 4004">
     <span class='ocr_line' id='line_1_84' title="bbox 2267 3921 3783 4004; baseline -0.01 -14"><span class='ocrx_word' id='word_1_598' title='bbox 2267 3949 2469 4004; x_wconf 91' lang='lat' dir='ltr'><strong>corpus</strong></span> <span class='ocrx_word' id='word_1_599' title='bbox 2499 3934 2749 3989; x_wconf 86' lang='lat' dir='ltr'><strong>videlicet</strong></span> <span class='ocrx_word' id='word_1_600' title='bbox 2770 3933 2994 4000; x_wconf 85' lang='lat' dir='ltr'><strong>Christi,</strong></span> <span class='ocrx_word' id='word_1_601' title='bbox 3031 3933 3296 3989; x_wconf 81' lang='lat' dir='ltr'><strong>accedere</strong></span> <span class='ocrx_word' id='word_1_602' title='bbox 3332 3950 3442 3990; x_wconf 92' lang='lat' dir='ltr'><strong>non</strong></span> <span class='ocrx_word' id='word_1_603' title='bbox 3490 3921 3783 4004; x_wconf 65' lang='lat' dir='ltr'><strong>praecepimil</strong></span> 
     </span>
    </p>
   </div>
   <div class='ocr_carea' id='block_1_85' title="bbox 2269 4019 3780 4083">
    <p class='ocr_par' dir='ltr' id='par_1_85' title="bbox 2269 4019 3780 4083">
     <span class='ocr_line' id='line_1_85' title="bbox 2269 4019 3780 4083; baseline -0.01 -2"><span class='ocrx_word' id='word_1_604' title='bbox 2269 4036 2353 4081; x_wconf 87' lang='lat' dir='ltr'><strong>est</strong></span> <span class='ocrx_word' id='word_1_605' title='bbox 2383 4026 2714 4080; x_wconf 87' lang='lat' dir='ltr'><strong>ministrare.</strong></span> <span class='ocrx_word' id='word_1_606' title='bbox 2736 4026 2827 4080; x_wconf 85' lang='lat' dir='ltr'><strong>Sic</strong></span> <span class='ocrx_word' id='word_1_607' title='bbox 2853 4035 2908 4080; x_wconf 87' lang='lat' dir='ltr'><strong>et</strong></span> <span class='ocrx_word' id='word_1_608' title='bbox 2935 4027 3040 4081; x_wconf 89' lang='lat' dir='ltr'><strong>hoc</strong></span> <span class='ocrx_word' id='word_1_609' title='bbox 3063 4025 3297 4081; x_wconf 78' lang='lat' dir='ltr'><strong>forsitan</strong></span> <span class='ocrx_word' id='word_1_610' title='bbox 3318 4030 3377 4083; x_wconf 92' lang='lat' dir='ltr'><strong>in</strong></span> <span class='ocrx_word' id='word_1_611' title='bbox 3411 4022 3648 4081; x_wconf 84' lang='lat' dir='ltr'><strong>Ecclesiis</strong></span> <span class='ocrx_word' id='word_1_612' title='bbox 3667 4019 3780 4071; x_wconf 83' lang='lat' dir='ltr'><strong>iuve-</strong></span> 
     </span>
    </p>
   </div>
   <div class='ocr_carea' id='block_1_86' title="bbox 2268 4111 3783 4189">
    <p class='ocr_par' dir='ltr' id='par_1_86' title="bbox 2268 4111 3783 4189">
     <span class='ocr_line' id='line_1_86' title="bbox 2268 4111 3783 4189; baseline -0.007 -18"><span class='ocrx_word' id='word_1_613' title='bbox 2268 4119 2392 4172; x_wconf 88' lang='lat' dir='ltr'><strong>nies</strong></span> <span class='ocrx_word' id='word_1_614' title='bbox 2432 4118 2720 4181; x_wconf 87' lang='lat' dir='ltr'><strong>custodiri,</strong></span> <span class='ocrx_word' id='word_1_615' title='bbox 2749 4120 2793 4174; x_wconf 89' lang='lat' dir='ltr'><strong>si</strong></span> <span class='ocrx_word' id='word_1_616' title='bbox 2823 4121 2947 4188; x_wconf 89' lang='lat' dir='ltr'><strong>quis</strong></span> <span class='ocrx_word' id='word_1_617' title='bbox 2981 4119 3125 4174; x_wconf 87' lang='lat' dir='ltr'><strong>enim</strong></span> <span class='ocrx_word' id='word_1_618' title='bbox 3171 4119 3506 4189; x_wconf 86' lang='lat' dir='ltr'><strong>approbatus</strong></span> <span class='ocrx_word' id='word_1_619' title='bbox 3560 4111 3699 4169; x_wconf 81' lang='lat' dir='ltr'><strong>fuerit</strong></span> <span class='ocrx_word' id='word_1_620' title='bbox 3726 4120 3783 4160; x_wconf 46' lang='lat' dir='ltr'><strong>sa.</strong></span> 
     </span>
    </p>
   </div>
   <div class='ocr_carea' id='block_1_87' title="bbox 2267 4203 3781 4279">
    <p class='ocr_par' dir='ltr' id='par_1_87' title="bbox 2267 4203 3781 4279">
     <span class='ocr_line' id='line_1_87' title="bbox 2267 4203 3781 4279; baseline -0.002 -14"><span class='ocrx_word' id='word_1_621' title='bbox 2267 4210 2576 4275; x_wconf 85' lang='lat' dir='ltr'><strong>cerdotum,</strong></span> <span class='ocrx_word' id='word_1_622' title='bbox 2611 4210 2882 4265; x_wconf 88' lang='lat' dir='ltr'><strong>maculam</strong></span> <span class='ocrx_word' id='word_1_623' title='bbox 2912 4209 3172 4266; x_wconf 84' lang='lat' dir='ltr'><strong>habuisse</strong></span> <span class='ocrx_word' id='word_1_624' title='bbox 3201 4209 3501 4279; x_wconf 87' lang='lat' dir='ltr'><strong>aliquando</strong></span> <span class='ocrx_word' id='word_1_625' title='bbox 3523 4204 3726 4262; x_wconf 59' lang='lat' dir='ltr'><strong>anima...</strong></span> <span class='ocrx_word' id='word_1_626' title='bbox 3745 4203 3781 4247; x_wconf 66' lang='grc' dir='ltr'><strong>εί</strong></span> 
     </span>
    </p>
   </div>
   <div class='ocr_carea' id='block_1_88' title="bbox 2266 4300 3780 4373">
    <p class='ocr_par' dir='ltr' id='par_1_88' title="bbox 2266 4300 3780 4373">
     <span class='ocr_line' id='line_1_88' title="bbox 2266 4300 3780 4373; baseline -0.004 -16"><span class='ocrx_word' id='word_1_627' title='bbox 2266 4303 2333 4357; x_wconf 90' lang='lat' dir='ltr'><strong>ab</strong></span> <span class='ocrx_word' id='word_1_628' title='bbox 2365 4317 2429 4357; x_wconf 89' lang='lat' dir='ltr'><strong>ea</strong></span> <span class='ocrx_word' id='word_1_629' title='bbox 2454 4302 2707 4367; x_wconf 87' lang='lat' dir='ltr'><strong>cessavit,</strong></span> <span class='ocrx_word' id='word_1_630' title='bbox 2744 4304 2948 4358; x_wconf 87' lang='lat' dir='ltr'><strong>sanctis</strong></span> <span class='ocrx_word' id='word_1_631' title='bbox 3003 4303 3223 4373; x_wconf 88' lang='lat' dir='ltr'><strong>quidem</strong></span> <span class='ocrx_word' id='word_1_632' title='bbox 3275 4300 3665 4358; x_wconf 87' lang='lat' dir='ltr'><strong>communicare</strong></span> <span class='ocrx_word' id='word_1_633' title='bbox 3706 4304 3780 4346; x_wconf 78' lang='grc' dir='ltr'>ιιοιι</span> 
     </span>
    </p>
   </div>
   <div class='ocr_carea' id='block_1_89' title="bbox 2268 4392 3778 4472">
    <p class='ocr_par' dir='ltr' id='par_1_89' title="bbox 2268 4392 3778 4472">
     <span class='ocr_line' id='line_1_89' title="bbox 2268 4392 3778 4472; baseline -0.003 -25"><span class='ocrx_word' id='word_1_634' title='bbox 2268 4394 2614 4472; x_wconf 83' lang='lat' dir='ltr'><strong>prohibetur,</strong></span> <span class='ocrx_word' id='word_1_635' title='bbox 2647 4395 2958 4450; x_wconf 87' lang='lat' dir='ltr'><strong>ministrare</strong></span> <span class='ocrx_word' id='word_1_636' title='bbox 2987 4406 3172 4452; x_wconf 85' lang='lat' dir='ltr'><strong>autem</strong></span> <span class='ocrx_word' id='word_1_637' title='bbox 3230 4398 3384 4453; x_wconf 91' lang='lat' dir='ltr'><strong>hunc</strong></span> <span class='ocrx_word' id='word_1_638' title='bbox 3440 4396 3529 4466; x_wconf 90' lang='lat' dir='ltr'><strong>qui</strong></span> <span class='ocrx_word' id='word_1_639' title='bbox 3580 4392 3681 4448; x_wconf 85' lang='lat' dir='ltr'><strong>talis</strong></span> <span class='ocrx_word' id='word_1_640' title='bbox 3708 4394 3778 4443; x_wconf 49' lang='lat' dir='ltr'><strong>cal.</strong></span> 
     </span>
    </p>
   </div>
   <div class='ocr_carea' id='block_1_90' title="bbox 578 4475 3778 4559">
    <p class='ocr_par' dir='ltr' id='par_1_90' title="bbox 578 4475 3778 4559">
     <span class='ocr_line' id='line_1_90' title="bbox 578 4475 3778 4559; baseline 0.002 -28"><span class='ocrx_word' id='word_1_641' title='bbox 578 4478 865 4546; x_wconf 89' lang='lat' dir='ltr'><strong>accipitur,</strong></span> <span class='ocrx_word' id='word_1_642' title='bbox 890 4478 1018 4548; x_wconf 91' lang='lat' dir='ltr'><strong>quia</strong></span> <span class='ocrx_word' id='word_1_643' title='bbox 1078 4479 1336 4534; x_wconf 91' lang='lat' dir='ltr'><strong>omnibus</strong></span> <span class='ocrx_word' id='word_1_644' title='bbox 1390 4481 1561 4536; x_wconf 90' lang='lat' dir='ltr'><strong>oculis</strong></span> <span class='ocrx_word' id='word_1_645' title='bbox 1616 4492 1804 4555; x_wconf 88' lang='lat' dir='ltr'><strong>aperte</strong></span> <span class='ocrx_word' id='word_1_646' title='bbox 1857 4485 1974 4541; x_wconf 63' lang='lat' dir='ltr'><strong>haec</strong></span> <span class='ocrx_word' id='word_1_647' title='bbox 2022 4487 2164 4543; x_wconf 84' lang='lat' dir='ltr'><strong>inest</strong></span> <span class='ocrx_word' id='word_1_648' title='bbox 2195 4503 2238 4559; x_wconf 87' lang='grc' dir='ltr'>ι)</span> <span class='ocrx_word' id='word_1_649' title='bbox 2270 4501 2379 4538; x_wconf 84' lang='lat' dir='ltr'><strong>non</strong></span> <span class='ocrx_word' id='word_1_650' title='bbox 2411 4485 2562 4553; x_wconf 89' lang='lat' dir='ltr'><strong>licet,</strong></span> <span class='ocrx_word' id='word_1_651' title='bbox 2592 4501 2693 4541; x_wconf 92' lang='lat' dir='ltr'><strong>nec</strong></span> <span class='ocrx_word' id='word_1_652' title='bbox 2717 4487 2785 4540; x_wconf 90' lang='lat' dir='ltr'><strong>ad</strong></span> <span class='ocrx_word' id='word_1_653' title='bbox 2815 4487 2997 4541; x_wconf 85' lang='lat' dir='ltr'><strong>velum</strong></span> <span class='ocrx_word' id='word_1_654' title='bbox 3040 4488 3324 4551; x_wconf 87' lang='lat' dir='ltr'><strong>accedere,</strong></span> <span class='ocrx_word' id='word_1_655' title='bbox 3355 4501 3411 4544; x_wconf 86' lang='lat' dir='ltr'><strong>et</strong></span> <span class='ocrx_word' id='word_1_656' title='bbox 3461 4490 3527 4543; x_wconf 90' lang='lat' dir='ltr'><strong>ad</strong></span> <span class='ocrx_word' id='word_1_657' title='bbox 3557 4487 3712 4543; x_wconf 82' lang='lat' dir='ltr'><strong>altare,</strong></span> <span class='ocrx_word' id='word_1_658' title='bbox 3745 4475 3778 4528; x_wconf 75' lang='lat' dir='ltr'><strong>id</strong></span> 
     </span>
    </p>
   </div>
   <div class='ocr_carea' id='block_1_91' title="bbox 576 4572 2162 4651">
    <p class='ocr_par' dir='ltr' id='par_1_91' title="bbox 576 4572 2162 4651">
     <span class='ocr_line' id='line_1_91' title="bbox 576 4572 2162 4651; baseline 0.008 -27"><span class='ocrx_word' id='word_1_659' title='bbox 576 4572 778 4641; x_wconf 91' lang='lat' dir='ltr'><strong>passio,</strong></span> <span class='ocrx_word' id='word_1_660' title='bbox 809 4572 951 4626; x_wconf 91' lang='lat' dir='ltr'><strong>sicut</strong></span> <span class='ocrx_word' id='word_1_661' title='bbox 977 4580 1031 4627; x_wconf 89' lang='lat' dir='ltr'><strong>et</strong></span> <span class='ocrx_word' id='word_1_662' title='bbox 1050 4574 1174 4628; x_wconf 64' lang='lat' dir='ltr'><strong>vita</strong></span> <span class='ocrx_word' id='word_1_663' title='bbox 1200 4572 1438 4642; x_wconf 87' lang='lat' dir='ltr'><strong>pravitas</strong></span> <span class='ocrx_word' id='word_1_664' title='bbox 1479 4575 1646 4631; x_wconf 87' lang='lat' dir='ltr'><strong>latere</strong></span> <span class='ocrx_word' id='word_1_665' title='bbox 1673 4592 1779 4631; x_wconf 91' lang='lat' dir='ltr'><strong>non</strong></span> <span class='ocrx_word' id='word_1_666' title='bbox 1824 4587 2022 4648; x_wconf 87' lang='lat' dir='ltr'><strong>potest,</strong></span> <span class='ocrx_word' id='word_1_667' title='bbox 2041 4597 2162 4651; x_wconf 63' lang='lat' dir='ltr'><strong>qua:</strong></span> 
     </span>
    </p>
   </div>
   <div class='ocr_carea' id='block_1_92' title="bbox 577 4663 2159 4744">
    <p class='ocr_par' dir='ltr' id='par_1_92' title="bbox 577 4663 2159 4744">
     <span class='ocr_line' id='line_1_92' title="bbox 577 4663 2159 4744; baseline 0.007 -27"><span class='ocrx_word' id='word_1_668' title='bbox 577 4664 842 4719; x_wconf 88' lang='lat' dir='ltr'><strong>subvertit</strong></span> <span class='ocrx_word' id='word_1_669' title='bbox 874 4663 965 4719; x_wconf 90' lang='lat' dir='ltr'><strong>Dei</strong></span> <span class='ocrx_word' id='word_1_670' title='bbox 1007 4665 1310 4733; x_wconf 88' lang='lat' dir='ltr'><strong>scientiam,</strong></span> <span class='ocrx_word' id='word_1_671' title='bbox 1343 4666 1444 4721; x_wconf 88' lang='lat' dir='ltr'><strong>etsi</strong></span> <span class='ocrx_word' id='word_1_672' title='bbox 1494 4668 1695 4723; x_wconf 86' lang='lat' dir='ltr'><strong>habere</strong></span> <span class='ocrx_word' id='word_1_673' title='bbox 1731 4683 1791 4724; x_wconf 92' lang='lat' dir='ltr'><strong>se</strong></span> <span class='ocrx_word' id='word_1_674' title='bbox 1818 4685 1938 4725; x_wconf 88' lang='lat' dir='ltr'><strong>eam</strong></span> <span class='ocrx_word' id='word_1_675' title='bbox 1972 4672 2159 4744; x_wconf 88' lang='lat' dir='ltr'><strong>hi,qui</strong></span> 
     </span>
    </p>
   </div>
   <div class='ocr_carea' id='block_1_93' title="bbox 576 4753 2154 4824">
    <p class='ocr_par' dir='ltr' id='par_1_93' title="bbox 576 4753 2154 4824">
     <span class='ocr_line' id='line_1_93' title="bbox 576 4753 2154 4824; baseline 0.008 -21"><span class='ocrx_word' id='word_1_676' title='bbox 576 4767 743 4821; x_wconf 89' lang='lat' dir='ltr'><strong>prave</strong></span> <span class='ocrx_word' id='word_1_677' title='bbox 764 4753 976 4817; x_wconf 89' lang='lat' dir='ltr'><strong>vivunt,</strong></span> <span class='ocrx_word' id='word_1_678' title='bbox 996 4755 1313 4824; x_wconf 83' lang='lat' dir='ltr'><strong>glorientur.</strong></span> <span class='ocrx_word' id='word_1_679' title='bbox 1348 4757 1549 4814; x_wconf 83' lang='lat' dir='ltr'><strong>Paulus</strong></span> <span class='ocrx_word' id='word_1_680' title='bbox 1578 4759 1780 4814; x_wconf 87' lang='lat' dir='ltr'><strong>etenim</strong></span> <span class='ocrx_word' id='word_1_681' title='bbox 1804 4759 1871 4815; x_wconf 90' lang='lat' dir='ltr'><strong>de</strong></span> <span class='ocrx_word' id='word_1_682' title='bbox 1888 4761 1972 4816; x_wconf 90' lang='lat' dir='ltr'><strong>his</strong></span> <span class='ocrx_word' id='word_1_683' title='bbox 1985 4763 2154 4818; x_wconf 80' lang='lat' dir='ltr'><strong>dixit:</strong></span> 
     </span>
    </p>
   </div>
   <div class='ocr_carea' id='block_1_94' title="bbox 576 4843 2154 4927">
    <p class='ocr_par' dir='ltr' id='par_1_94' title="bbox 576 4843 2154 4927">
     <span class='ocr_line' id='line_1_94' title="bbox 576 4843 2154 4927; baseline 0.01 -32"><span class='ocrx_word' id='word_1_684' title='bbox 576 4843 678 4909; x_wconf 85' lang='lat' dir='ltr'><strong>Qui</strong></span> <span class='ocrx_word' id='word_1_685' title='bbox 705 4844 1084 4913; x_wconf 79' lang='lat' dir='ltr'><strong>conﬁtenturse</strong></span> <span class='ocrx_word' id='word_1_686' title='bbox 1113 4865 1262 4902; x_wconf 87' lang='lat' dir='ltr'><strong>nosse</strong></span> <span class='ocrx_word' id='word_1_687' title='bbox 1294 4851 1478 4915; x_wconf 87' lang='lat' dir='ltr'><strong>Deum,</strong></span> <span class='ocrx_word' id='word_1_688' title='bbox 1510 4852 1664 4922; x_wconf 81' lang='lat' dir='ltr'><strong>factis</strong></span> <span class='ocrx_word' id='word_1_689' title='bbox 1683 4863 1858 4907; x_wconf 88' lang='lat' dir='ltr'><strong>autem</strong></span> <span class='ocrx_word' id='word_1_690' title='bbox 1877 4867 2070 4927; x_wconf 80' lang='lat' dir='ltr'><strong>negant</strong></span> <span class='ocrx_word' id='word_1_691' title='bbox 2088 4858 2154 4911; x_wconf 71' lang='grc'><strong>⁸⁸.</strong></span> 
     </span>
    </p>
   </div>
   <div class='ocr_carea' id='block_1_95' title="bbox 574 4935 2150 5017">
    <p class='ocr_par' dir='ltr' id='par_1_95' title="bbox 574 4935 2150 5017">
     <span class='ocr_line' id='line_1_95' title="bbox 574 4935 2150 5017; baseline 0.01 -28"><span class='ocrx_word' id='word_1_692' title='bbox 574 4935 875 5003; x_wconf 87' lang='lat' dir='ltr'><strong>Quiautem</strong></span> <span class='ocrx_word' id='word_1_693' title='bbox 934 4953 1042 4994; x_wconf 91' lang='lat' dir='ltr'><strong>non</strong></span> <span class='ocrx_word' id='word_1_694' title='bbox 1091 4939 1290 4996; x_wconf 79' lang='lat' dir='ltr'><strong>frustra</strong></span> <span class='ocrx_word' id='word_1_695' title='bbox 1338 4942 1484 5014; x_wconf 90' lang='lat' dir='ltr'><strong>lippo</strong></span> <span class='ocrx_word' id='word_1_696' title='bbox 1539 4945 1702 4999; x_wconf 89' lang='lat' dir='ltr'><strong>etiam</strong></span> <span class='ocrx_word' id='word_1_697' title='bbox 1754 4961 1869 5011; x_wconf 88' lang='lat' dir='ltr'><strong>eos,</strong></span> <span class='ocrx_word' id='word_1_698' title='bbox 1901 4949 1993 5017; x_wconf 89' lang='lat' dir='ltr'><strong>qui</strong></span> <span class='ocrx_word' id='word_1_699' title='bbox 2033 4950 2150 5005; x_wconf 68' lang='lat' dir='ltr'><strong>hate</strong></span> 
     </span>
    </p>
   </div>
   <div class='ocr_carea' id='block_1_96' title="bbox 574 5029 2150 5106">
    <p class='ocr_par' dir='ltr' id='par_1_96' title="bbox 574 5029 2150 5106">
     <span class='ocr_line' id='line_1_96' title="bbox 574 5029 2150 5106; baseline 0.008 -23"><span class='ocrx_word' id='word_1_700' title='bbox 574 5031 718 5083; x_wconf 90' lang='lat' dir='ltr'><strong>circa</strong></span> <span class='ocrx_word' id='word_1_701' title='bbox 752 5029 1035 5085; x_wconf 87' lang='lat' dir='ltr'><strong>scientiam</strong></span> <span class='ocrx_word' id='word_1_702' title='bbox 1067 5034 1369 5103; x_wconf 85' lang='lat' dir='ltr'><strong>patiuntur,</strong></span> <span class='ocrx_word' id='word_1_703' title='bbox 1395 5050 1801 5106; x_wconf 84' lang='lat' dir='ltr'><strong>comparamus,</strong></span> <span class='ocrx_word' id='word_1_704' title='bbox 1838 5038 1966 5094; x_wconf 90' lang='lat' dir='ltr'><strong>hinc</strong></span> <span class='ocrx_word' id='word_1_705' title='bbox 2019 5056 2150 5096; x_wconf 86' lang='lat' dir='ltr'><strong>con-</strong></span> 
     </span>
    </p>
   </div>
   <div class='ocr_carea' id='block_1_97' title="bbox 573 5121 2148 5203">
    <p class='ocr_par' dir='ltr' id='par_1_97' title="bbox 573 5121 2148 5203">
     <span class='ocr_line' id='line_1_97' title="bbox 573 5121 2148 5203; baseline 0.008 -28"><span class='ocrx_word' id='word_1_706' title='bbox 573 5121 767 5192; x_wconf 81' lang='lat' dir='ltr'><strong>iiciens</strong></span> <span class='ocrx_word' id='word_1_707' title='bbox 788 5123 1031 5180; x_wconf 86' lang='lat' dir='ltr'><strong>invenies</strong></span> <span class='ocrx_word' id='word_1_708' title='bbox 1059 5141 1247 5180; x_wconf 89' lang='lat' dir='ltr'><strong>eorum</strong></span> <span class='ocrx_word' id='word_1_709' title='bbox 1288 5128 1457 5181; x_wconf 84' lang='lat' dir='ltr'><strong>vitam</strong></span> <span class='ocrx_word' id='word_1_710' title='bbox 1491 5130 1583 5199; x_wconf 91' lang='lat' dir='ltr'><strong>qui</strong></span> <span class='ocrx_word' id='word_1_711' title='bbox 1632 5130 1990 5187; x_wconf 73' lang='lat' dir='ltr'><strong>suffusionem</strong></span> <span class='ocrx_word' id='word_1_712' title='bbox 2050 5150 2148 5203; x_wconf 86' lang='lat' dir='ltr'><strong>pa-</strong></span> 
     </span>
    </p>
   </div>
   <div class='ocr_carea' id='block_1_98' title="bbox 572 5215 2146 5296">
    <p class='ocr_par' dir='ltr' id='par_1_98' title="bbox 572 5215 2146 5296">
     <span class='ocr_line' id='line_1_98' title="bbox 572 5215 2146 5296; baseline 0.009 -29"><span class='ocrx_word' id='word_1_713' title='bbox 572 5215 803 5283; x_wconf 89' lang='lat' dir='ltr'><strong>tiuntur,</strong></span> <span class='ocrx_word' id='word_1_714' title='bbox 827 5228 920 5271; x_wconf 88' lang='lat' dir='ltr'><strong>aut</strong></span> <span class='ocrx_word' id='word_1_715' title='bbox 943 5217 1274 5290; x_wconf 90' lang='lat' dir='ltr'><strong>albuginem.</strong></span> <span class='ocrx_word' id='word_1_716' title='bbox 1309 5220 1462 5276; x_wconf 91' lang='lat' dir='ltr'><strong>Oculi</strong></span> <span class='ocrx_word' id='word_1_717' title='bbox 1492 5222 1709 5292; x_wconf 89' lang='lat' dir='ltr'><strong>quidem</strong></span> <span class='ocrx_word' id='word_1_718' title='bbox 1755 5224 1927 5293; x_wconf 86' lang='lat' dir='ltr'><strong>aperti</strong></span> <span class='ocrx_word' id='word_1_719' title='bbox 1980 5241 2146 5296; x_wconf 83' lang='lat' dir='ltr'><strong>appa-</strong></span> 
     </span>
    </p>
   </div>
   <div class='ocr_carea' id='block_1_99' title="bbox 574 5306 2151 5382">
    <p class='ocr_par' dir='ltr' id='par_1_99' title="bbox 574 5306 2151 5382">
     <span class='ocr_line' id='line_1_99' title="bbox 574 5306 2151 5382; baseline 0.012 -25"><span class='ocrx_word' id='word_1_720' title='bbox 574 5314 715 5373; x_wconf 88' lang='lat' dir='ltr'><strong>rent,</strong></span> <span class='ocrx_word' id='word_1_721' title='bbox 747 5306 949 5363; x_wconf 86' lang='lat' dir='ltr'><strong>similes</strong></span> <span class='ocrx_word' id='word_1_722' title='bbox 979 5321 1160 5365; x_wconf 90' lang='lat' dir='ltr'><strong>autem</strong></span> <span class='ocrx_word' id='word_1_723' title='bbox 1188 5320 1336 5374; x_wconf 91' lang='lat' dir='ltr'><strong>sunt,</strong></span> <span class='ocrx_word' id='word_1_724' title='bbox 1362 5314 1605 5382; x_wconf 90' lang='lat' dir='ltr'><strong>quandiu</strong></span> <span class='ocrx_word' id='word_1_725' title='bbox 1639 5315 2011 5381; x_wconf 86' lang='lat' dir='ltr'><strong>inﬁrmamnr,</strong></span> <span class='ocrx_word' id='word_1_726' title='bbox 2043 5335 2151 5375; x_wconf 74' lang='lat' dir='ltr'><strong>ca:-</strong></span> 
     </span>
    </p>
   </div>
   <div class='ocr_carea' id='block_1_100' title="bbox 573 5395 2152 5482">
    <p class='ocr_par' dir='ltr' id='par_1_100' title="bbox 573 5395 2152 5482">
     <span class='ocr_line' id='line_1_100' title="bbox 573 5395 2152 5482; baseline 0.013 -34"><span class='ocrx_word' id='word_1_727' title='bbox 573 5395 652 5449; x_wconf 86' lang='lat' dir='ltr'><strong>cis</strong></span> <span class='ocrx_word' id='word_1_728' title='bbox 681 5399 814 5453; x_wconf 90' lang='lat' dir='ltr'><strong>:sed</strong></span> <span class='ocrx_word' id='word_1_729' title='bbox 844 5402 1062 5470; x_wconf 88' lang='lat' dir='ltr'><strong>quando</strong></span> <span class='ocrx_word' id='word_1_730' title='bbox 1092 5403 1286 5458; x_wconf 87' lang='lat' dir='ltr'><strong>salvati</strong></span> <span class='ocrx_word' id='word_1_731' title='bbox 1310 5404 1537 5470; x_wconf 79' lang='lat' dir='ltr'><strong>fuerint,</strong></span> <span class='ocrx_word' id='word_1_732' title='bbox 1579 5409 1793 5480; x_wconf 83' lang='lat' dir='ltr'><strong>purgati</strong></span> <span class='ocrx_word' id='word_1_733' title='bbox 1836 5426 1864 5464; x_wconf 89' lang='lat' dir='ltr'><strong>a</strong></span> <span class='ocrx_word' id='word_1_734' title='bbox 1892 5413 2152 5482; x_wconf 85' lang='lat' dir='ltr'><strong>praedicta</strong></span> 
     </span>
    </p>
   </div>
   <div class='ocr_carea' id='block_1_101' title="bbox 571 5487 2152 5570">
    <p class='ocr_par' dir='ltr' id='par_1_101' title="bbox 571 5487 2152 5570">
     <span class='ocr_line' id='line_1_101' title="bbox 571 5487 2152 5570; baseline 0.015 -33"><span class='ocrx_word' id='word_1_735' title='bbox 571 5487 846 5556; x_wconf 83' lang='lat' dir='ltr'><strong>passione,</strong></span> <span class='ocrx_word' id='word_1_736' title='bbox 874 5492 951 5546; x_wconf 90' lang='lat' dir='ltr'><strong>uti</strong></span> <span class='ocrx_word' id='word_1_737' title='bbox 979 5496 1172 5561; x_wconf 87' lang='lat' dir='ltr'><strong>oculis,</strong></span> <span class='ocrx_word' id='word_1_738' title='bbox 1199 5496 1341 5552; x_wconf 90' lang='lat' dir='ltr'><strong>sicut</strong></span> <span class='ocrx_word' id='word_1_739' title='bbox 1364 5507 1418 5552; x_wconf 92' lang='lat' dir='ltr'><strong>ct</strong></span> <span class='ocrx_word' id='word_1_740' title='bbox 1443 5498 1581 5566; x_wconf 88' lang='lat' dir='ltr'><strong>sani,</strong></span> <span class='ocrx_word' id='word_1_741' title='bbox 1616 5512 1866 5570; x_wconf 89' lang='lat' dir='ltr'><strong>possunt.</strong></span> <span class='ocrx_word' id='word_1_742' title='bbox 1889 5504 1981 5560; x_wconf 89' lang='lat' dir='ltr'><strong>Sic</strong></span> <span class='ocrx_word' id='word_1_743' title='bbox 2010 5515 2063 5559; x_wconf 90' lang='lat' dir='ltr'><strong>et</strong></span> <span class='ocrx_word' id='word_1_744' title='bbox 2096 5507 2152 5560; x_wconf 87' lang='lat' dir='ltr'><strong>hi</strong></span> 
     </span>
    </p>
   </div>
   <div class='ocr_carea' id='block_1_102' title="bbox 644 5683 1808 5770">
    <p class='ocr_par' dir='ltr' id='par_1_102' title="bbox 644 5683 1808 5770">
     <span class='ocr_line' id='line_1_102' title="bbox 644 5683 1808 5770; baseline -0.013 1"><span class='ocrx_word' id='word_1_745' title='bbox 720 5685 1038 5770; x_wconf 51' lang='grc' dir='ltr'><strong>Μῖίξξιε-κδν,</strong></span> <span class='ocrx_word' id='word_1_746' title='bbox 1080 5695 1160 5749; x_wconf 78' lang='grc' dir='ltr'><strong>Μ.</strong></span> <span class='ocrx_word' id='word_1_747' title='bbox 1216 5698 1295 5770; x_wconf 13' lang='grc'><strong>»⁸⁸</strong></span> <span class='ocrx_word' id='word_1_748' title='bbox 1324 5699 1345 5753; x_wconf 88' lang='grc' dir='ltr'><strong>Ι</strong></span> <span class='ocrx_word' id='word_1_749' title='bbox 1377 5698 1508 5770; x_wconf 74' lang='lat' dir='ltr'><strong>Reg.</strong></span> <span class='ocrx_word' id='word_1_750' title='bbox 1533 5718 1683 5761; x_wconf 74' lang='lat' dir='ltr'><strong>xxvi,</strong></span> <span class='ocrx_word' id='word_1_751' title='bbox 1723 5701 1808 5758; x_wconf 79' lang='grc'><strong>19.</strong></span> 
     </span>
    </p>
   </div>
   <div class='ocr_carea' id='block_1_103' title="bbox 576 5754 1251 5832">
    <p class='ocr_par' dir='ltr' id='par_1_103' title="bbox 576 5754 1251 5832">
     <span class='ocr_line' id='line_1_103' title="bbox 576 5754 1251 5832; baseline 0.024 -28"><span class='ocrx_word' id='word_1_752' title='bbox 576 5768 613 5819; x_wconf 79' lang='grc' dir='ltr'><strong>ι,</strong></span> <span class='ocrx_word' id='word_1_753' title='bbox 646 5754 725 5811; x_wconf 83' lang='grc'><strong>16.</strong></span> <span class='ocrx_word' id='word_1_754' title='bbox 799 5759 841 5788; x_wconf 79' lang='grc'><strong>⁸⁰</strong></span> <span class='ocrx_word' id='word_1_755' title='bbox 871 5759 890 5811; x_wconf 87' lang='grc' dir='ltr'><strong>ι</strong></span> <span class='ocrx_word' id='word_1_756' title='bbox 915 5754 1053 5816; x_wconf 74' lang='lat' dir='ltr'><strong>Tim.</strong></span> <span class='ocrx_word' id='word_1_757' title='bbox 1085 5780 1164 5832; x_wconf 76' lang='lat' dir='ltr'><strong>ut,</strong></span> <span class='ocrx_word' id='word_1_758' title='bbox 1196 5768 1251 5820; x_wconf 70' lang='lat'><strong>‘2.</strong></span> 
     </span>
    </p>
   </div>
   <div class='ocr_carea' id='block_1_104' title="bbox 1893 5702 2383 5767">
    <p class='ocr_par' dir='ltr' id='par_1_104' title="bbox 1893 5702 2383 5767">
     <span class='ocr_line' id='line_1_104' title="bbox 1893 5702 2383 5767; baseline 0.01 -8"><span class='ocrx_word' id='word_1_759' title='bbox 1893 5704 1941 5736; x_wconf 77' lang='lat'><strong>&quot;‘</strong></span> <span class='ocrx_word' id='word_1_760' title='bbox 1961 5702 2098 5759; x_wconf 85' lang='lat' dir='ltr'><strong>Gen.</strong></span> <span class='ocrx_word' id='word_1_761' title='bbox 2149 5722 2266 5767; x_wconf 79' lang='lat' dir='ltr'><strong>\‘lll.</strong></span> <span class='ocrx_word' id='word_1_762' title='bbox 2292 5708 2383 5764; x_wconf 68' lang='lat' dir='ltr'><strong>2i.</strong></span> 
     </span>
    </p>
   </div>
   <div class='ocr_carea' id='block_1_105' title="bbox 1336 5772 2316 5842">
    <p class='ocr_par' dir='ltr' id='par_1_105' title="bbox 1336 5772 2316 5842">
     <span class='ocr_line' id='line_1_105' title="bbox 1336 5772 2316 5842; baseline 0.012 -21"><span class='ocrx_word' id='word_1_763' title='bbox 1336 5772 1377 5800; x_wconf 75' lang='lat'>“</span> <span class='ocrx_word' id='word_1_764' title='bbox 1413 5772 1545 5825; x_wconf 75' lang='lat' dir='ltr'><strong>ibid.</strong></span> <span class='ocrx_word' id='word_1_765' title='bbox 1580 5773 1630 5838; x_wconf 83' lang='lat'><strong>5,</strong></span> <span class='ocrx_word' id='word_1_766' title='bbox 1669 5774 1720 5826; x_wconf 77' lang='grc' dir='ltr'><strong>ιί.</strong></span> <span class='ocrx_word' id='word_1_767' title='bbox 1797 5775 1841 5804; x_wconf 83' lang='grc'><strong>⁶¹</strong></span> <span class='ocrx_word' id='word_1_768' title='bbox 1876 5774 2039 5829; x_wconf 80' lang='lat' dir='ltr'><strong>llcht‘.</strong></span> <span class='ocrx_word' id='word_1_769' title='bbox 2082 5792 2198 5842; x_wconf 77' lang='lat' dir='ltr'><strong>xm,</strong></span> <span class='ocrx_word' id='word_1_770' title='bbox 2232 5779 2316 5835; x_wconf 74' lang='grc'><strong>10.</strong></span> 
     </span>
    </p>
   </div>
   <div class='ocr_carea' id='block_1_106' title="bbox 2265 4577 3760 4650">
    <p class='ocr_par' dir='ltr' id='par_1_106' title="bbox 2265 4577 3760 4650">
     <span class='ocr_line' id='line_1_106' title="bbox 2265 4577 3760 4650; baseline 0 -20"><span class='ocrx_word' id='word_1_771' title='bbox 2265 4586 2371 4639; x_wconf 88' lang='lat' dir='ltr'><strong>est,</strong></span> <span class='ocrx_word' id='word_1_772' title='bbox 2411 4577 2481 4631; x_wconf 87' lang='lat' dir='ltr'><strong>ad</strong></span> <span class='ocrx_word' id='word_1_773' title='bbox 2500 4592 2702 4647; x_wconf 90' lang='lat' dir='ltr'><strong>corpus</strong></span> <span class='ocrx_word' id='word_1_774' title='bbox 2738 4578 2973 4644; x_wconf 88' lang='lat' dir='ltr'><strong>Domini,</strong></span> <span class='ocrx_word' id='word_1_775' title='bbox 2994 4588 3053 4634; x_wconf 90' lang='lat' dir='ltr'><strong>ut</strong></span> <span class='ocrx_word' id='word_1_776' title='bbox 3076 4581 3195 4650; x_wconf 80' lang='lat' dir='ltr'><strong>ejus</strong></span> <span class='ocrx_word' id='word_1_777' title='bbox 3221 4581 3584 4636; x_wconf 89' lang='lat' dir='ltr'><strong>ministerium</strong></span> <span class='ocrx_word' id='word_1_778' title='bbox 3599 4580 3760 4648; x_wconf 48' lang='lat' dir='ltr'><strong>peras”</strong></span> 
     </span>
    </p>
   </div>
   <div class='ocr_carea' id='block_1_107' title="bbox 2268 4668 3774 4729">
    <p class='ocr_par' dir='ltr' id='par_1_107' title="bbox 2268 4668 3774 4729">
     <span class='ocr_line' id='line_1_107' title="bbox 2268 4668 3774 4729; baseline -0.002 -8"><span class='ocrx_word' id='word_1_779' title='bbox 2268 4670 2380 4724; x_wconf 91' lang='lat' dir='ltr'><strong>lloc</strong></span> <span class='ocrx_word' id='word_1_780' title='bbox 2397 4668 2544 4723; x_wconf 89' lang='lat' dir='ltr'><strong>enim</strong></span> <span class='ocrx_word' id='word_1_781' title='bbox 2573 4670 2755 4724; x_wconf 88' lang='lat' dir='ltr'><strong>velum</strong></span> <span class='ocrx_word' id='word_1_782' title='bbox 2786 4680 2843 4726; x_wconf 87' lang='lat' dir='ltr'><strong>et</strong></span> <span class='ocrx_word' id='word_1_783' title='bbox 2858 4671 3028 4727; x_wconf 84' lang='lat' dir='ltr'><strong>altare</strong></span> <span class='ocrx_word' id='word_1_784' title='bbox 3054 4674 3256 4728; x_wconf 84' lang='lat' dir='ltr'><strong>Paulus</strong></span> <span class='ocrx_word' id='word_1_785' title='bbox 3291 4674 3538 4729; x_wconf 71' lang='lat' dir='ltr'><strong>llebrzeis</strong></span> <span class='ocrx_word' id='word_1_786' title='bbox 3571 4668 3774 4726; x_wconf 71' lang='lat' dir='ltr'><strong>Scriberis.</strong></span> 
     </span>
    </p>
   </div>
   <div class='ocr_carea' id='block_1_108' title="bbox 2263 4758 3771 4835">
    <p class='ocr_par' dir='ltr' id='par_1_108' title="bbox 2263 4758 3771 4835">
     <span class='ocr_line' id='line_1_108' title="bbox 2263 4758 3771 4835; baseline -0.007 -21"><span class='ocrx_word' id='word_1_787' title='bbox 2263 4760 2467 4816; x_wconf 85' lang='lat' dir='ltr'><strong>docuit.</strong></span> <span class='ocrx_word' id='word_1_788' title='bbox 2492 4760 2757 4817; x_wconf 81' lang='lat' dir='ltr'><strong>Habemus</strong></span> <span class='ocrx_word' id='word_1_789' title='bbox 2781 4762 2978 4826; x_wconf 86' lang='lat' dir='ltr'><strong>altare,</strong></span> <span class='ocrx_word' id='word_1_790' title='bbox 3009 4765 3074 4819; x_wconf 88' lang='lat' dir='ltr'><strong>de</strong></span> <span class='ocrx_word' id='word_1_791' title='bbox 3105 4782 3208 4835; x_wconf 84' lang='lat' dir='ltr'><strong>quo</strong></span> <span class='ocrx_word' id='word_1_792' title='bbox 3260 4767 3533 4820; x_wconf 85' lang='lat' dir='ltr'><strong>comedere</strong></span> <span class='ocrx_word' id='word_1_793' title='bbox 3585 4777 3671 4815; x_wconf 86' lang='lat' dir='ltr'><strong>non</strong></span> <span class='ocrx_word' id='word_1_794' title='bbox 3710 4758 3771 4806; x_wconf 43' lang='lat' dir='ltr'><strong>tm.</strong></span> 
     </span>
    </p>
   </div>
   <div class='ocr_carea' id='block_1_109' title="bbox 2260 4844 3773 4941">
    <p class='ocr_par' dir='ltr' id='par_1_109' title="bbox 2260 4844 3773 4941">
     <span class='ocr_line' id='line_1_109' title="bbox 2260 4844 3773 4941; baseline 0.001 -35"><span class='ocrx_word' id='word_1_795' title='bbox 2260 4853 2376 4906; x_wconf 80' lang='lat' dir='ltr'><strong>bent</strong></span> <span class='ocrx_word' id='word_1_796' title='bbox 2402 4863 2711 4922; x_wconf 86' lang='lat' dir='ltr'><strong>potestatem</strong></span> <span class='ocrx_word' id='word_1_797' title='bbox 2759 4855 2834 4919; x_wconf 78' lang='lat' dir='ltr'><strong>Iri,</strong></span> <span class='ocrx_word' id='word_1_798' title='bbox 2862 4855 2953 4925; x_wconf 83' lang='lat' dir='ltr'><strong>qui</strong></span> <span class='ocrx_word' id='word_1_799' title='bbox 2984 4855 3323 4941; x_wconf 62' lang='lat' dir='ltr'><strong>tabernaculo</strong></span> <span class='ocrx_word' id='word_1_800' title='bbox 3339 4857 3628 4912; x_wconf 82' lang='lat' dir='ltr'><strong>deserviunt</strong></span> <span class='ocrx_word' id='word_1_801' title='bbox 3648 4851 3704 4911; x_wconf 82' lang='lat'><strong>&quot;.</strong></span> <span class='ocrx_word' id='word_1_802' title='bbox 3722 4844 3773 4900; x_wconf 67' lang='grc' dir='ltr'><strong>τί·</strong></span> 
     </span>
    </p>
   </div>
   <div class='ocr_carea' id='block_1_110' title="bbox 2262 4944 3775 5018">
    <p class='ocr_par' dir='ltr' id='par_1_110' title="bbox 2262 4944 3775 5018">
     <span class='ocr_line' id='line_1_110' title="bbox 2262 4944 3775 5018; baseline -0.002 -18"><span class='ocrx_word' id='word_1_803' title='bbox 2262 4947 2459 5002; x_wconf 87' lang='lat' dir='ltr'><strong>delicet</strong></span> <span class='ocrx_word' id='word_1_804' title='bbox 2488 4944 2757 5002; x_wconf 84' lang='lat' dir='ltr'><strong>Dominici</strong></span> <span class='ocrx_word' id='word_1_805' title='bbox 2778 4949 3045 5018; x_wconf 89' lang='lat' dir='ltr'><strong>corporis.</strong></span> <span class='ocrx_word' id='word_1_806' title='bbox 3079 4948 3195 5004; x_wconf 81' lang='lat' dir='ltr'><strong>Hoc</strong></span> <span class='ocrx_word' id='word_1_807' title='bbox 3227 4950 3380 5006; x_wconf 90' lang='lat' dir='ltr'><strong>enim</strong></span> <span class='ocrx_word' id='word_1_808' title='bbox 3407 4949 3775 5016; x_wconf 69' lang='lat' dir='ltr'><strong>Judazisproplcr</strong></span> 
     </span>
    </p>
   </div>
   <div class='ocr_carea' id='block_1_111' title="bbox 2260 5036 3773 5099">
    <p class='ocr_par' dir='ltr' id='par_1_111' title="bbox 2260 5036 3773 5099">
     <span class='ocr_line' id='line_1_111' title="bbox 2260 5036 3773 5099; baseline -0.004 -7"><span class='ocrx_word' id='word_1_809' title='bbox 2260 5040 2694 5094; x_wconf 86' lang='lat' dir='ltr'><strong>incredulitatem</strong></span> <span class='ocrx_word' id='word_1_810' title='bbox 2729 5048 2783 5094; x_wconf 88' lang='lat' dir='ltr'><strong>et</strong></span> <span class='ocrx_word' id='word_1_811' title='bbox 2813 5041 3135 5096; x_wconf 88' lang='lat' dir='ltr'><strong>servitutem</strong></span> <span class='ocrx_word' id='word_1_812' title='bbox 3186 5042 3385 5099; x_wconf 70' lang='lat' dir='ltr'><strong>litterae</strong></span> <span class='ocrx_word' id='word_1_813' title='bbox 3415 5045 3494 5099; x_wconf 91' lang='lat' dir='ltr'><strong>uti</strong></span> <span class='ocrx_word' id='word_1_814' title='bbox 3537 5055 3639 5096; x_wconf 87' lang='lat' dir='ltr'><strong>non</strong></span> <span class='ocrx_word' id='word_1_815' title='bbox 3676 5036 3773 5089; x_wconf 60' lang='grc' dir='ltr'><strong>ιξαιι.</strong></span> 
     </span>
    </p>
   </div>
   <div class='ocr_carea' id='block_1_112' title="bbox 2258 5133 3770 5208">
    <p class='ocr_par' dir='ltr' id='par_1_112' title="bbox 2258 5133 3770 5208">
     <span class='ocr_line' id='line_1_112' title="bbox 2258 5133 3770 5208; baseline -0.001 -21"><span class='ocrx_word' id='word_1_816' title='bbox 2258 5134 2371 5190; x_wconf 92' lang='lat' dir='ltr'><strong>lloc</strong></span> <span class='ocrx_word' id='word_1_817' title='bbox 2426 5137 2603 5205; x_wconf 91' lang='lat' dir='ltr'><strong>ipsum</strong></span> <span class='ocrx_word' id='word_1_818' title='bbox 2646 5144 2826 5191; x_wconf 90' lang='lat' dir='ltr'><strong>autem</strong></span> <span class='ocrx_word' id='word_1_819' title='bbox 2857 5147 2912 5191; x_wconf 88' lang='lat' dir='ltr'><strong>et</strong></span> <span class='ocrx_word' id='word_1_820' title='bbox 2956 5140 3136 5193; x_wconf 90' lang='lat' dir='ltr'><strong>velum</strong></span> <span class='ocrx_word' id='word_1_821' title='bbox 3179 5138 3307 5201; x_wconf 85' lang='lat' dir='ltr'><strong>dici,</strong></span> <span class='ocrx_word' id='word_1_822' title='bbox 3354 5139 3426 5193; x_wconf 89' lang='lat' dir='ltr'><strong>ab</strong></span> <span class='ocrx_word' id='word_1_823' title='bbox 3486 5138 3596 5208; x_wconf 88' lang='lat' dir='ltr'><strong>ipso</strong></span> <span class='ocrx_word' id='word_1_824' title='bbox 3631 5133 3770 5188; x_wconf 56' lang='lat' dir='ltr'><strong>disce:</strong></span> 
     </span>
    </p>
   </div>
   <div class='ocr_carea' id='block_1_113' title="bbox 2263 5229 3773 5303">
    <p class='ocr_par' dir='ltr' id='par_1_113' title="bbox 2263 5229 3773 5303">
     <span class='ocr_line' id='line_1_113' title="bbox 2263 5229 3773 5303; baseline 0.001 -22"><span class='ocrx_word' id='word_1_825' title='bbox 2263 5229 2529 5285; x_wconf 83' lang='lat' dir='ltr'><strong>Habentes</strong></span> <span class='ocrx_word' id='word_1_826' title='bbox 2562 5248 2685 5303; x_wconf 82' lang='lat' dir='ltr'><strong>ergo</strong></span> <span class='ocrx_word' id='word_1_827' title='bbox 2716 5234 3087 5302; x_wconf 75' lang='lat' dir='ltr'><strong>conﬁdentiam</strong></span> <span class='ocrx_word' id='word_1_828' title='bbox 3133 5235 3190 5288; x_wconf 84' lang='lat' dir='ltr'><strong>in</strong></span> <span class='ocrx_word' id='word_1_829' title='bbox 3222 5236 3504 5290; x_wconf 81' lang='lat' dir='ltr'><strong>introitum</strong></span> <span class='ocrx_word' id='word_1_830' title='bbox 3520 5238 3773 5289; x_wconf 59' lang='lat' dir='ltr'><strong>sanctorum</strong></span> 
     </span>
    </p>
   </div>
   <div class='ocr_carea' id='block_1_114' title="bbox 2257 5317 3774 5397">
    <p class='ocr_par' dir='ltr' id='par_1_114' title="bbox 2257 5317 3774 5397">
     <span class='ocr_line' id='line_1_114' title="bbox 2257 5317 3774 5397; baseline 0.003 -23"><span class='ocrx_word' id='word_1_831' title='bbox 2257 5339 2349 5391; x_wconf 75' lang='lat' dir='ltr'><strong>per</strong></span> <span class='ocrx_word' id='word_1_832' title='bbox 2378 5323 2615 5377; x_wconf 84' lang='lat' dir='ltr'><strong>velamen</strong></span> <span class='ocrx_word' id='word_1_833' title='bbox 2642 5324 2708 5386; x_wconf 70' lang='grc' dir='ltr'><strong>υ,</strong></span> <span class='ocrx_word' id='word_1_834' title='bbox 2740 5324 2792 5379; x_wconf 92' lang='lat' dir='ltr'><strong>id</strong></span> <span class='ocrx_word' id='word_1_835' title='bbox 2823 5334 2908 5379; x_wconf 88' lang='lat' dir='ltr'><strong>est</strong></span> <span class='ocrx_word' id='word_1_836' title='bbox 2928 5341 3147 5381; x_wconf 89' lang='lat' dir='ltr'><strong>carnem</strong></span> <span class='ocrx_word' id='word_1_837' title='bbox 3180 5327 3322 5397; x_wconf 88' lang='lat' dir='ltr'><strong>ejus.</strong></span> <span class='ocrx_word' id='word_1_838' title='bbox 3372 5327 3459 5382; x_wconf 90' lang='lat' dir='ltr'><strong>Ad</strong></span> <span class='ocrx_word' id='word_1_839' title='bbox 3542 5326 3634 5379; x_wconf 87' lang='lat' dir='ltr'><strong>hoc</strong></span> <span class='ocrx_word' id='word_1_840' title='bbox 3655 5317 3774 5374; x_wconf 73' lang='lat' dir='ltr'><strong>solum</strong></span> 
     </span>
    </p>
   </div>
   <div class='ocr_carea' id='block_1_115' title="bbox 2257 5406 3774 5493">
    <p class='ocr_par' dir='ltr' id='par_1_115' title="bbox 2257 5406 3774 5493">
     <span class='ocr_line' id='line_1_115' title="bbox 2257 5406 3774 5493; baseline 0.004 -25"><span class='ocrx_word' id='word_1_841' title='bbox 2257 5417 2348 5485; x_wconf 86' lang='lat' dir='ltr'><strong>qui</strong></span> <span class='ocrx_word' id='word_1_842' title='bbox 2371 5417 2635 5471; x_wconf 90' lang='lat' dir='ltr'><strong>maculam</strong></span> <span class='ocrx_word' id='word_1_843' title='bbox 2661 5418 2822 5474; x_wconf 89' lang='lat' dir='ltr'><strong>habet</strong></span> <span class='ocrx_word' id='word_1_844' title='bbox 2846 5419 3066 5485; x_wconf 85' lang='lat' dir='ltr'><strong>animae,</strong></span> <span class='ocrx_word' id='word_1_845' title='bbox 3088 5436 3199 5475; x_wconf 90' lang='lat' dir='ltr'><strong>non</strong></span> <span class='ocrx_word' id='word_1_846' title='bbox 3218 5422 3545 5493; x_wconf 88' lang='lat' dir='ltr'><strong>ingreditur.</strong></span> <span class='ocrx_word' id='word_1_847' title='bbox 3566 5406 3774 5486; x_wconf 62' lang='grc' dir='ltr'><strong>ρυεωων</strong></span> 
     </span>
    </p>
   </div>
   <div class='ocr_carea' id='block_1_116' title="bbox 2260 5497 3777 5579">
    <p class='ocr_par' dir='ltr' id='par_1_116' title="bbox 2260 5497 3777 5579">
     <span class='ocr_line' id='line_1_116' title="bbox 2260 5497 3777 5579; baseline 0.004 -20"><span class='ocrx_word' id='word_1_848' title='bbox 2260 5507 2406 5561; x_wconf 84' lang='lat' dir='ltr'><strong>rem?</strong></span> <span class='ocrx_word' id='word_1_849' title='bbox 2435 5507 2573 5573; x_wconf 82' lang='lat' dir='ltr'><strong>Quia</strong></span> <span class='ocrx_word' id='word_1_850' title='bbox 2594 5509 2861 5564; x_wconf 90' lang='lat' dir='ltr'><strong>maculam</strong></span> <span class='ocrx_word' id='word_1_851' title='bbox 2911 5510 3114 5579; x_wconf 90' lang='lat' dir='ltr'><strong>habet,</strong></span> <span class='ocrx_word' id='word_1_852' title='bbox 3150 5522 3208 5568; x_wconf 91' lang='lat' dir='ltr'><strong>et</strong></span> <span class='ocrx_word' id='word_1_853' title='bbox 3238 5527 3355 5568; x_wconf 90' lang='lat' dir='ltr'><strong>non</strong></span> <span class='ocrx_word' id='word_1_854' title='bbox 3387 5514 3552 5569; x_wconf 87' lang='lat' dir='ltr'><strong>debet</strong></span> <span class='ocrx_word' id='word_1_855' title='bbox 3573 5497 3777 5565; x_wconf 66' lang='grc' dir='ltr'><strong>οοιιωηί·</strong></span> 
     </span>
    </p>
   </div>
   <div class='ocr_carea' id='block_1_117' title="bbox 2484 5709 3022 5780">
    <p class='ocr_par' dir='ltr' id='par_1_117' title="bbox 2484 5709 3022 5780">
     <span class='ocr_line' id='line_1_117' title="bbox 2484 5709 3022 5780; baseline 0.015 -19"><span class='ocrx_word' id='word_1_856' title='bbox 2484 5710 2529 5780; x_wconf 66' lang='grc' dir='ltr'><strong>εξ⁷</strong></span> <span class='ocrx_word' id='word_1_857' title='bbox 2555 5709 2698 5767; x_wconf 87' lang='lat' dir='ltr'><strong>Psal.</strong></span> <span class='ocrx_word' id='word_1_858' title='bbox 2733 5726 2897 5780; x_wconf 75' lang='lat' dir='ltr'><strong>xxxv,</strong></span> <span class='ocrx_word' id='word_1_859' title='bbox 2929 5713 3022 5769; x_wconf 71' lang='grc'><strong>22.</strong></span> 
     </span>
    </p>
   </div>
   <div class='ocr_carea' id='block_1_118' title="bbox 2396 5777 2832 5849">
    <p class='ocr_par' dir='ltr' id='par_1_118' title="bbox 2396 5777 2832 5849">
     <span class='ocr_line' id='line_1_118' title="bbox 2396 5777 2832 5849; baseline 0.014 -19"><span class='ocrx_word' id='word_1_860' title='bbox 2396 5780 2441 5810; x_wconf 78' lang='grc'><strong>⁸³</strong></span> <span class='ocrx_word' id='word_1_861' title='bbox 2464 5777 2630 5835; x_wconf 82' lang='lat' dir='ltr'><strong>llcbt&#39;.</strong></span> <span class='ocrx_word' id='word_1_862' title='bbox 2667 5796 2721 5849; x_wconf 82' lang='lat' dir='ltr'><strong>x,</strong></span> <span class='ocrx_word' id='word_1_863' title='bbox 2744 5783 2832 5837; x_wconf 73' lang='lat' dir='ltr'><strong>i9.</strong></span> 
     </span>
    </p>
   </div>
   <div class='ocr_carea' id='block_1_119' title="bbox 3111 5714 3571 5781">
    <p class='ocr_par' dir='ltr' id='par_1_119' title="bbox 3111 5714 3571 5781">
     <span class='ocr_line' id='line_1_119' title="bbox 3111 5714 3571 5781; baseline -0.009 -10"><span class='ocrx_word' id='word_1_864' title='bbox 3111 5715 3200 5771; x_wconf 81' lang='grc'><strong>⁵⁸1</strong></span> <span class='ocrx_word' id='word_1_865' title='bbox 3231 5715 3379 5770; x_wconf 82' lang='lat' dir='ltr'><strong>Tim.</strong></span> <span class='ocrx_word' id='word_1_866' title='bbox 3422 5732 3499 5781; x_wconf 82' lang='lat' dir='ltr'><strong>vt,</strong></span> <span class='ocrx_word' id='word_1_867' title='bbox 3520 5714 3571 5769; x_wconf 82' lang='lat'><strong>5.</strong></span> 
     </span>
    </p>
   </div>
   <div class='ocr_carea' id='block_1_120' title="bbox 3640 5682 3863 5761">
    <p class='ocr_par' dir='ltr' id='par_1_120' title="bbox 3640 5682 3863 5761">
     <span class='ocr_line' id='line_1_120' title="bbox 3640 5682 3863 5761; baseline -0.04 0"><span class='ocrx_word' id='word_1_868' title='bbox 3640 5711 3678 5743; x_wconf 67' lang='grc' dir='ltr'><strong>θ’</strong></span> <span class='ocrx_word' id='word_1_869' title='bbox 3697 5702 3774 5761; x_wconf 80' lang='lat' dir='ltr'><strong>Tit.</strong></span> <span class='ocrx_word' id='word_1_870' title='bbox 3862 5682 3863 5691; x_wconf 46' lang='grc'><em>“</em></span> 
     </span>
    </p>
   </div>
  </div>
