3988 6222
310 319 442 381 1065

1442 321 1523 382 IN
1563 321 2004 383 LEVITICUM.
2045 347 2113 358 -
2147 325 2294 384 LIB.
2335 328 2434 388 VI.

3427 336 3565 405 1066

305 449 432 490 nare
462 435 829 489 sanetuarium
855 451 1055 502 meum,
1080 437 1466 491 contaminatio
1481 439 1626 516 enim
1659 448 1879 493 sancto-
1911 449 1953 503 Α
1983 449 2205 506 cogunt,
2247 452 2301 494 et
2336 451 2529 510 putare
2576 445 2720 512 quod
2747 446 3081 515 superfluum
3115 450 3205 506 sit
3255 453 3350 508 Dei
3401 456 3566 511 mini-

303 540 439 590 rum,
473 537 634 594 atque
673 527 870 596 injuria
899 539 998 593 est,
1021 530 1153 583 tales
1182 529 1249 583 ad
1291 530 1878 594 ministeriumoﬁ‘erri,

306 614 356 668 in
374 616 572 684 quibus
595 617 820 672 offendit
845 621 1095 689 populus,
1127 628 1184 674 et
1211 621 1300 691 qui
1336 633 1674 692 cognoscunt
1693 639 1881 678 eorum

303 709 559 774 maculas,
583 710 1040 766 seandalizantur.
1083 712 1308 782 Propter
1338 715 1482 782 quod
1521 723 1577 768 et
1607 713 1809 770 Paulus
1837 715 1882 746 “

306 801 670 856 testimonium
703 803 906 858 bonum
946 805 1169 869 habere,
1202 806 1271 860 ab
1319 807 1404 860 his
1447 806 1539 876 qui
1583 806 1714 861 foris
1731 816 1876 871 sunt,

303 893 636 948 sacerdotem
685 896 820 949 vult.
875 895 986 950 Lex
1029 906 1210 951 autem
1257 898 1614 965 conﬁrmavit,
1656 914 1722 954 ea
1759 915 1880 969 qua:

301 983 440 1037 dicta
464 993 614 1051 sunt,
643 1001 707 1040 ex
727 1002 793 1041 eo
814 987 958 1057 quod
987 989 1122 1044 dixit
1156 1006 1169 1042 :

364 1074 478 1144 Ego
531 1078 788 1139 Dominus
852 1081 942 1150 qui
983 1081 1255 1148 sancti/ica
1285 1097 1394 1135 vos.
1434 1081 1544 1153 Ego
1561 1082 1728 1152 quis?
1783 1083 1876 1153 qui

301 1167 551 1236 praecipio
577 1177 634 1223 et
666 1171 887 1225 mando.
925 1171 1152 1243 Perfecti
1205 1182 1384 1236 estote,
1433 1175 1877 1244 quemadmodum

299 1265 347 1317 et
367 1255 532 1309 Pater
557 1267 723 1311 vester
757 1259 976 1313 caelestis
1001 1261 1262 1330 perfectus
1299 1271 1375 1315 est
1402 1261 1465 1314 ⁸⁵.
1509 1263 1570 1314 In
1589 1277 1698 1330 quo
1728 1262 1874 1316 enim

299 1347 504 1400 macula
535 1347 785 1403 Iieetuna
815 1351 1202 1420 praedictarum
1237 1359 1342 1415 est,
1373 1351 1462 1405 hic
1489 1367 1599 1406 non
1631 1361 1716 1406 est
1745 1367 1876 1420 per-

297 1437 487 1494 fectus.

367 1529 531 1586 Vens.
561 1530 650 1586 24.
683 1549 701 1582 ι
736 1531 974 1587 Locutus
994 1541 1078 1588 est
1109 1548 1236 1604 ergo
1275 1535 1486 1606 Moyses
1517 1535 1583 1589 ad
1610 1535 1789 1588 Aaron
1819 1546 1876 1590 et

299 1619 432 1674 ﬁlios
455 1621 595 1691 ejus,
620 1630 676 1676 et
703 1623 771 1676 ad
801 1639 1018 1678 omnem
1065 1625 1230 1680 Israel
1261 1636 1456 1681 cuneta
1478 1612 1600 1695 quae
1625 1625 1727 1681 sibi
1755 1626 1875 1681 fue—

298 1720 418 1766 rant
444 1711 727 1782 imperata.
765 1732 785 1764 ι

1985 530 2234 595 sterium,
2261 543 2315 586 et
2336 533 2568 601 justitia,
2595 537 3243 606 etjudicium.Quantum
3257 546 3564 614 veroDeus,
3638 588 3643 598 λ

1984 620 2098 675 sive
2128 623 2405 687 sacerdos,
2429 625 2544 680 sive
2573 626 2665 680 ﬁlii
2699 629 2838 698 ejus,
2872 633 2925 686 id
2951 643 3036 687 est
3057 634 3313 705 discipuli
3359 655 3558 708 pecca-
3634 633 3642 697 ξ

1983 711 2162 765 verint
2189 713 2244 765 in
2271 716 2792 784 sancta,irascatur,
2835 723 3132 792 ostendunt
3187 740 3251 779 ea
3273 742 3392 796 qua:
3447 729 3566 783 Ileli

1980 810 2034 856 et
2057 801 2182 858 ﬁliis
2209 804 2328 874 ejus
2387 806 2757 877 contigerunt.
2792 808 3084 880 Pr0ptcrea
3116 815 3357 870 subdidit
3394 835 3406 870 :
3449 818 3563 886 Ego

1979 893 2259 961 Dominus,
2284 898 2428 951 dices
2454 901 2525 952 ad
2547 915 2651 953 eos.
2689 901 2798 972 Ego
2830 900 3111 965 Dominus.
3141 905 3232 974 qui
3265 906 3468 961 irascor
3482 909 3565 963 vi-

1978 985 2194 1051 delicet,
2228 997 2287 1042 et
2303 990 2544 1045 vindico.
2578 991 2720 1057 Quid
2743 1001 2928 1047 autem
2959 994 3141 1049 dixit?

2049 1072 2201 1128 Dices
2239 1077 2309 1128 ad
2341 1093 2424 1130 eos
2454 1087 2502 1131 et
2532 1088 2762 1148 posteros
2791 1096 2970 1134 eorum
2989 1097 3007 1134 :
3042 1081 3226 1137 Omnis
3273 1085 3444 1150 homo,
3473 1087 3564 1156 qui

1978 1170 2250 1222 accesserit
2291 1171 2354 1223 de
2400 1173 2562 1240 stirpe
2616 1182 2808 1237 vestra,
2863 1175 2935 1227 ad
2975 1191 3038 1228 ea
3091 1191 3208 1244 qua:
3256 1185 3563 1230 consecrata

1976 1268 2115 1324 sunt,
2175 1271 2224 1314 et
2275 1278 2391 1332 quae
2453 1263 2752 1317 obtulerunt
2773 1264 2872 1332 ﬁlii
2895 1265 3069 1318 Israel
3094 1266 3339 1330 Domino,
3369 1268 3426 1319 iu
3460 1282 3563 1336 quo

1976 1359 2050 1402 est
2099 1351 2458 1418 immunditia,
2517 1355 2705 1422 peribit
2757 1370 2938 1408 coram
3003 1356 3247 1412 Domino.
3300 1357 3414 1428 Ego
3443 1373 3561 1411 sum

1980 1439 2251 1495 Dominus.
2313 1443 2555 1497 Primum
2612 1445 2836 1512 quidem
2903 1447 3132 1501 seminis
3205 1449 3564 1503 sacerdotalis

1974 1532 2296 1586 memoriam
2335 1532 2567 1600 faciens,
2618 1546 2807 1604 aperte
2858 1537 2990 1592 illud
3039 1537 3388 1608 signiﬁcavit,
3435 1543 3564 1609 quia

1973 1637 2082 1676 non
2137 1624 2314 1678 solum
2371 1627 2711 1681 sacerdotem
2737 1669 2752 1693 ,
2801 1630 2898 1684 sed
2949 1645 3170 1683 omnem
3247 1639 3564 1685 sanctorum

1972 1714 2306 1782 ministrum,
2333 1719 2500 1772 etiam
2541 1720 2586 1772 si
2621 1730 2827 1775 sortem
2881 1721 2936 1775 in
2967 1722 3048 1777 eis
3079 1722 3329 1775 ultimam
3363 1723 3566 1778 habeat

366 1802 496 1867 Qua:
533 1805 929 1875 suntbzecquze
957 1806 1170 1861 locutus
1217 1808 1332 1862 est?
1356 1809 1434 1862 Ea
1463 1809 1710 1864 videlicet
1750 1825 1872 1877 qua
1903 1793 1946 1848 Β
1973 1813 2029 1860 et
2088 1809 2467 1875 novissimam,
2520 1822 2849 1880 praesentem
2871 1811 3065 1883 ju’beat
3089 1815 3432 1869 sanctionem
3459 1832 3562 1871 cu-

299 1895 552 1963 przedicta
577 1903 724 1962 sunt,
758 1912 880 1966 quae
900 1896 1041 1952 Deus
1089 1899 1306 1968 quidem
1331 1899 1397 1952 ad
1417 1899 1635 1970 Moysen
1659 1900 1874 1955 locutus

298 1986 628 2056 est,lloyses
679 1996 864 2042 autem
908 1989 1112 2054 Aaron,
1139 1989 1340 2043 et-ﬁliis
1362 1989 1500 2059 ejus,
1542 2001 1598 2044 et
1645 1990 1866 2060 populo,

298 2078 436 2132 sicut
458 2079 754 2134 ostendunt
781 2093 844 2133 ea
889 2094 1012 2148 qua:
1039 2095 1188 2134 nunc
1234 2081 1374 2134 lecta
1405 2090 1551 2145 sunt,
1595 2081 1817 2135 tradidit
1853 2097 1867 2133 :

297 2183 404 2222 non
429 2168 628 2224 frustra
661 2169 778 2224 haec
807 2170 925 2238 lege
948 2169 1335 2241 distinguente,
1367 2169 1464 2223 sed
1513 2177 1574 2223 ut
1624 2169 1872 2241 Moyseos

242 2263 255 2276 ‘
296 2260 606 2330 dignitatem
633 2263 1064 2328 commendaret,
1091 2272 1146 2318 et
1171 2263 1488 2318 ostenderet
1514 2274 1722 2332 aperte,
1741 2262 1870 2331 quia

295 2352 411 2404 aliis
439 2353 878 2424 quidempauca,
908 2355 1010 2425 ipsi
1041 2371 1169 2410 vero
1194 2354 1379 2410 omnia
1395 2353 1540 2410 Deus
1554 2356 1872 2424 loqueretur

294 2451 512 2509 propter
539 2442 658 2510 ejus
695 2443 978 2510 justitiam,
1011 2452 1066 2497 et
1116 2443 1404 2513 imaginem
1443 2456 1608 2510 quam
1652 2440 1873 2511 gerebat

295 2533 514 2588 Christi.
545 2534 806 2588 Similiter
839 2542 896 2588 et
931 2550 1033 2590 nos
1071 2534 1273 2589 docens
1297 2534 1500 2590 habere
1517 2540 1779 2595 mentem,
1801 2531 1872 2586 ad

294 2640 628 2695 quaecunque
649 2625 882 2694 majores
911 2634 967 2680 et
994 2625 1346 2695 perfectiores
1373 2623 1626 2688 dixerint,
1687 2622 1870 2678 scien-

295 2727 376 2772 tes
404 2757 420 2785 ,
499 2718 626 2787 quia
703 2719 960 2774 continue
1039 2717 1142 2787 ipsi
1225 2731 1463 2788 snpema
1548 2715 1871 2787 operatione

295 2809 569 2866 fruuntur.

897 2900 1124 2956 CAPUT
1150 2902 1318 2957 XXII.

365 2995 525 3050 Vens.
547 2995 654 3050 4.3.
695 3015 712 3046 ι
748 2995 987 3050 Locutus
1001 3010 1218 3065 quoque
1244 3002 1329 3050 est
1353 2994 1614 3049 Dominus
1635 2995 1702 3050 ad
1720 2994 1873 3065 Moys

294 3102 410 3152 seu,
448 3088 675 3144 dicens:
709 3087 956 3155 Loquere
1009 3087 1077 3142 ad
1119 3088 1320 3150 Aaron,
1359 3096 1415 3142 et
1437 3088 1504 3142 ad
1536 3087 1675 3142 ﬁlios
1723 3088 1865 3156 ejus,
1894 3128 1937 3185 c

293 3189 352 3234 ut
379 3187 606 3234 caveant
660 3179 728 3232 ab
787 3177 1016 3246 hisquze
1064 3187 1383 3232 consecrata
1448 3186 1579 3232 sunt
1631 3178 1867 3232 filiorum

295 3272 481 3335 Israel,
505 3281 559 3324 et
596 3286 705 3324 non
743 3269 1118 3324 contaminent
1163 3283 1364 3323 nomen
1407 3268 1869 3323 sanetiﬁcatorum

293 3366 446 3430 mihi,
475 3382 596 3435 quae
619 3367 721 3434 ipsi
749 3366 1006 3420 offerunt.
1042 3363 1152 3432 Ego
1199 3361 1476 3416 Dominus.
1531 3360 1625 3414 Dic
1652 3359 1718 3413 ad
1751 3374 1868 3422 eos,

293 3466 348 3512 et
369 3459 434 3512 ad
466 3468 710 3527 posteros
738 3473 926 3512 eorum
958 3475 973 3511 :
1010 3455 1200 3512 Omnis
1241 3455 1405 3508 homo
1425 3453 1514 3522 qui
1577 3450 1872 3507 accesserit

291 3552 360 3606 de
379 3551 558 3620 stirpe,
580 3558 779 3610 vestra,
807 3551 873 3604 ad
907 3565 970 3604 ea
999 3565 1122 3618 quae
1146 3555 1463 3603 consecrata
1494 3552 1640 3608 sunt,
1681 3550 1735 3599 et
1751 3558 1887 3613 (μιίθ

291 3645 604 3699 obtulerunt
635 3644 727 3697 ﬁlii
759 3644 922 3696 Israel
954 3642 1200 3703 Domino,
1247 3641 1302 3693 in
1351 3653 1460 3708 quo
1509 3646 1594 3692 est
1629 3637 1872 3702 immun-

291 3735 446 3799 ditia,
487 3734 686 3803 peribit
712 3749 897 3787 coram
937 3732 1184 3786 Domino.
1214 3729 1324 3800 Ego
1355 3745 1476 3782 sum
1525 3728 1805 3780 Dominus.
1847 3743 1865 3776 ›

366 3825 500 3879 Nam
553 3824 946 3894 qualiscunque
988 3822 1222 3891 dignitas
1266 3818 1553 3874 sacerdotii
1577 3827 1680 3876 est.
1742 3815 1872 3870 huic

291 3916 438 3969 enim
460 3924 608 3969 sorte
627 3915 814 3969 datum
846 3923 947 3978 est,
981 3922 1042 3970 ut
1067 3911 1332 3966 mediator
1357 3912 1429 3965 sit
1459 3910 1602 3964 inter
1625 3908 1796 3963 Deum
1814 3915 1872 3961 et

291 4003 562 4060 homines.
590 4004 654 4058 Et
683 4020 781 4073 per
807 4005 948 4058 hanc
990 4018 1161 4073 genus
1200 4009 1446 4056 nostrum
1497 3998 1739 4055 Creatori
1779 4014 1870 4052 re-

289 4093 630 4159 conciliatur,
666 4095 722 4148 in
754 4093 935 4165 lingua
957 4093 1296 4148 sacerdotum
1332 4106 1507 4144 nexus
1539 4087 1873 4144 etabsolutio

290 4194 602 4242 nostrorum
631 4193 975 4256 peccatorum
1003 4184 1272 4240 consistit.
1291 4181 1542 4238 Ostendit
1561 4190 1743 4236 autem
1762 4177 1874 4233 Ma-

287 4278 498 4333 lachias
522 4287 739 4346 quantae
764 4275 1046 4346 dignitatis
1068 4273 1432 4337 sitsacerdos,
1466 4281 1522 4326 et
1549 4286 1672 4342 quae
1705 4272 1774 4326 ab
1804 4285 1872 4325 eo

288 4378 575 4440 oporteant
601 4367 928 4437 eKSpectari.
956 4367 1094 4432 Quia
1120 4365 1316 4428 Labia,
1356 4363 1551 4434 inquit,
1583 4364 1872 4418 sacerdotis

1971 1898 2198 1954 stodire.
2260 1901 2458 1958 Dicens
2517 1913 2722 1971 autem,
2775 1906 2840 1959 de
2881 1907 3046 1975 stirpe
3076 1916 3268 1972 vestra,
3320 1909 3568 1963 ostendit

1971 1989 2117 2056 quod
2167 2006 2384 2061 semper
2412 1995 2694 2050 custodire
2739 1997 2842 2051 hoc
2892 2006 3144 2067 oporteat
3175 2009 3512 2070 prazceptum
3541 2020 3558 2054 :

1973 2090 2031 2135 ut
2077 2083 2173 2152 qui
2224 2085 2619 2141 immunditiam
2662 2092 2718 2143 in
2747 2091 3022 2161 semetipso
3051 2092 3203 2145 habet
3235 2094 3450 2159 animm,
3481 2093 3564 2149 sic

1971 2173 2117 2227 enim
2145 2173 2284 2229 LXX
2315 2177 2507 2243 edunt,
2535 2194 2646 2234 non
2686 2181 2863 2235 solum
2912 2182 3221 2238 ministerio
3245 2191 3301 2238 et
3333 2185 3563 2256 mystico

1971 2261 2147 2318 cilicio
2178 2280 2237 2319 se
2280 2266 2576 2334 abstineat,
2618 2270 2715 2324 sed
2749 2287 2851 2327 nec
2889 2280 3074 2343 tangat
3120 2289 3184 2326 ea
3220 2289 3342 2342 qua:
3377 2276 3561 2330 oblata

1971 2363 2121 2419 sunt,
2156 2370 2337 2424 neque
2370 2358 2438 2412 de
2465 2359 2546 2414 eis
2574 2370 2756 2415 sumat
2784 2380 2797 2415 :
2852 2365 3090 2418 mundus
3115 2365 3262 2419 enim
3295 2366 3362 2420 ad
3395 2383 3560 2422 mun-

1970 2445 2039 2498 da
2069 2445 2234 2501 debet
2267 2449 2554 2505 accedere.
2587 2450 2644 2506 Si
2687 2453 2809 2522 quis
2837 2463 3020 2507 autem
3065 2470 3176 2508 non
3212 2457 3294 2511 sic
3322 2458 3558 2524 accedit,

1973 2537 2172 2606 peribit
2196 2554 2382 2595 coram
2419 2542 2674 2610 Domino,
2701 2560 3030 2616 semperque
3054 2548 3201 2602 hunc
3229 2549 3372 2603 Deus
3402 2565 3560 2604 aver-

1972 2637 2145 2694 satur,
2193 2640 2249 2687 et
2275 2633 2344 2689 ab
2393 2635 2544 2690 omni
2595 2638 2820 2706 repellit
2841 2639 3262 2709 participatione
3320 2651 3378 2697 et
3401 2657 3565 2698 eom-r

1971 2723 2232 2778 munione
2263 2726 2510 2794 spiritus.
2543 2725 2658 2782 Iloc
2692 2739 2877 2784 autem
2911 2732 3174 2784 aversatio
3211 2735 3433 2802 proprie
3465 2735 3560 2788 hic

1971 2811 2310 2884 intelligitur,
2349 2816 2497 2883 quod
2527 2815 2668 2870 LXX
2693 2817 2906 2883 dicunt,
2940 2820 3122 2888 perire
3151 2836 3336 2876 coram
3365 2824 3569 2878 Domi-—

1971 2919 2067 2971 no,
2092 2913 2231 2960 teste
2266 2906 2456 2973 David,
2495 2908 2589 2978 qui
2621 2909 2735 2964 ait:
2772 2911 2892 2964 Non
2939 2921 3150 2966 avertas
3194 2915 3569 2983 faciem-tuam-

1971 3015 2005 3051 a
2030 3015 2132 3064 me,
2161 3009 2209 3052 et
2253 2998 2514 3069 Spiritum
2538 3011 2781 3056 sanctum
2817 3014 2965 3058 tuum
2987 3021 3050 3059 ne
3083 3007 3300 3077 auferas
3321 3025 3354 3059 a
3383 3024 3465 3061 me
3487 3011 3554 3063 δ”.

1971 3093 2033 3147 1η
2061 3094 2147 3149 his
2178 3103 2362 3150 autem
2391 3112 2520 3151 vera
2548 3098 2750 3154 animat
2776 3098 3032 3168 perditio,
3074 3100 3191 3154 sive
3220 3100 3555 3154 exterminat»

1972 3182 2048 3238 tio
2073 3191 2176 3249 est,
2211 3184 2262 3238 id
2293 3195 2379 3240 est
2421 3186 2532 3250 illa,
2582 3188 2650 3242 de
2687 3203 2793 3258 qua
2830 3188 3100 3243 Dominus
3143 3189 3199 3243 in
3248 3190 3564 3262 Evangeliis

1972 3275 2226 3331 dicebat:
2255 3278 2448 3332 Timete
2468 3296 2609 3344 eum,
2649 3281 2740 3349 qui
2775 3288 2942 3349 potest
2974 3289 3023 3332 et
3067 3280 3307 3334 animam
3347 3290 3398 3335 et
3439 3297 3561 3335 cor-

1945 3383 2066 3434 -pus
2090 3371 2301 3437 perdere
2329 3370 2386 3422 in
2411 3370 2643 3438 geltenna
2665 3371 2729 3426 ⁸⁸.
2773 3371 2915 3442 Ergo
2970 3387 3080 3426 non
3122 3372 3327 3428 frustra
3361 3372 3562 3428 subdi-

1971 3458 2090 3512 dit:
2126 3458 2240 3528 Ego
2276 3459 2549 3512 Dominus.
2593 3459 2701 3513 Sed
2748 3460 3068 3524 ostendens,
3119 3462 3246 3531 quia
3299 3461 3393 3531 qui
3437 3461 3559 3516 haec

1973 3549 2142 3614 dicit,
2202 3551 2318 3620 ipse
2379 3559 2468 3605 est
2521 3551 2616 3619 qui
2669 3550 2820 3607 solus
2871 3553 3110 3608 animam
3165 3556 3395 3622 perdere
3453 3567 3558 3624 po-

1977 3650 2104 3696 test.

2050 3729 2211 3786 Vens.
2243 3733 2362 3788 4-8.
2402 3751 2422 3783 ε
2465 3732 2642 3787 Homo
2695 3732 2764 3787 de
2793 3731 3005 3786 semine
3029 3730 3232 3794 Aaron,
3269 3729 3360 3799 qui
3392 3729 3560 3786 fuerit

1973 3821 2243 3890 leprosus,
2277 3830 2372 3874 aut
2400 3822 2617 3890 patiens
2641 3819 2847 3874 fluxum
2882 3820 3128 3882 seminis,
3163 3835 3274 3874 non
3306 3829 3559 3876 vescetur

1973 3911 2040 3965 de
2080 3910 2164 3965 his
2197 3925 2319 3978 qua:
2356 3909 2693 3965 sanctiﬁcata
2725 3919 2856 3966 sunt
2895 3910 3054 3974 mihi,
3103 3912 3278 3966 donec
3305 3919 3555 3969 sanetur.

1974 4001 2078 4068 Qui
2125 4001 2364 4071 tetigerit
2395 4001 2738 4055 immundum
2770 4016 2938 4070 super
2972 4009 3214 4070 mortuo,
3262 4013 3319 4058 et
3347 4019 3411 4058 ex
3447 4021 3558 4074 quo

1973 4092 2283 4164 egredietur
2311 4107 2496 4147 semen
2533 4091 2689 4162 quasi
2715 4092 2914 4158 coitus,
2938 4100 2994 4146 et
3017 4094 3111 4162 qui
3144 4094 3316 4165 tangit
3337 4095 3555 4164 reptile,

1973 4193 2031 4238 et
2060 4185 2342 4253 quodlibet
2384 4185 2729 4239 immundum
2759 4184 2918 4254 cujus
2957 4193 3134 4239 tactus
3157 4195 3240 4240 est
3277 4187 3554 4254 sordidus,

1973 4276 2288 4331 immundus
2325 4275 2432 4330 erit
2469 4291 2640 4344 usque
2689 4277 2756 4331 ad
2793 4263 3104 4346 vesperum,
3140 4286 3197 4331 et
3229 4293 3336 4331 non
3370 4293 3558 4334 vesce-

1977 4375 2064 4420 tur
2091 4367 2158 4420 de
2193 4366 2281 4420 his
2319 4381 2440 4435 qum
2493 4365 2833 4421 sanctiﬁcata
2862 4375 3011 4421 sunt.
3061 4365 3166 4420 Sed
3196 4383 3321 4421 cum
3360 4367 3556 4423 laverit

287 4461 586 4515 custodiunt
615 4458 910 4517 scientiam,
934 4466 982 4510 et
1015 4456 1178 4526 legem
1209 4456 1490 4525 exquirunt
1521 4470 1585 4507 ea:
1606 4470 1697 4507 ore
1721 4452 1859 4522 ejus,
1901 4463 1944 4516 D
1973 4474 2196 4513 carnem
2233 4474 2387 4513 suam
2420 4475 2578 4529 aqua,
2616 4469 2672 4514 et
2696 4461 3022 4516 occubuerit
3063 4462 3166 4525 sul,
3225 4471 3357 4517 tunc
3395 4479 3555 4517 mun.

286 4554 421 4622 quia
439 4551 657 4622 angelus
687 4549 897 4602 Domini
955 4549 1280 4602 exercituum
1336 4555 1409 4599 est
1450 4546 1515 4602 ⁸⁸.
1578 4543 1873 4614 Propterea

286 4661 413 4700 cum
439 4645 523 4698 his
540 4658 659 4712 qua:
687 4650 812 4695 ante
829 4639 1034 4694 sancite
1067 4646 1196 4693 sunt
1211 4637 1278 4692 de
1295 4635 1691 4702 sacerdotibus,
1708 4634 1874 4690 ctiam

288 4738 713 4809 hmcpraecepit.

357 4830 595 4885 Caveaut
624 4829 688 4881 ab
714 4829 792 4880 his
805 4834 1250 4897 quwconsecrata
1273 4833 1394 4876 sunt
1429 4823 1663 4890 ﬁliorum
1680 4821 1869 4880 Israel.

283 4932 333 4976 et
367 4938 469 4975 non
490 4920 844 4973 contaminent
883 4933 1069 4970 nomen
1096 4915 1550 4984 sancti/icatorum
1577 4915 1724 4978 mihi,
1758 4930 1874 4984 qua:

282 5013 389 5082 ipsi
415 5013 657 5081 offerunt.
688 5009 743 5064 Si
779 5017 962 5062 autem
997 5006 1084 5060 isti
1135 5006 1598 5069 abominabiliter.
1629 5014 1684 5059 et
1723 5007 1872 5060 inor-

281 5105 493 5169 dinate,
523 5115 584 5157 et
600 5112 756 5157 extra
769 5115 987 5156 omnem
1061 5099 1470 5170 religiositatem
1501 5097 1688 5168 populi
1717 5097 1873 5152 obla-

283 5196 556 5257 tionibus,
587 5203 653 5247 et.
674 5193 758 5246 his
787 5208 914 5260 qua:
931 5205 1262 5260 quocunque
1287 5262 1291 5264 _
1317 5189 1480 5243 modo
1537 5187 1868 5252 sanctiﬁcata

280 5287 613 5350 offeruntur,
653 5283 1034 5338 contaminant
1079 5297 1280 5337 nomen
1341 5279 1805 5350 sanetiiieatorum
1851 5299 1864 5336 :

276 5377 404 5434 sive
431 5377 733 5434 secundum
766 5375 924 5438 LXX,
970 5391 1166 5438 nomen
1205 5382 1448 5428 sanctum
1498 5373 1597 5427 Dei.
1629 5373 1865 5444 primum

281 5468 509 5538 quidem
542 5469 740 5538 ipsum,
776 5473 839 5520 ut
856 5465 947 5536 qui
982 5480 1102 5536 eos,
1139 5465 1274 5519 tales
1336 5464 1560 5535 elegerit
1609 5465 1864 5534 blasphe-

278 5575 443 5616 mare
466 5560 648 5627 faciet,
673 5560 867 5614 deinde
890 5569 943 5613 et
992 5559 1250 5629 papulum
1281 5555 1556 5612 offendere
1583 5557 1638 5611 in
1657 5558 1861 5613 sanctis

1975 4549 2136 4604 datus
2157 4560 2410 4604 vescetur
2437 4550 2506 4604 de
2527 4550 2903 4612 sanctiﬁcatis,
2932 4551 3059 4619 quia
3082 4551 3238 4606 cibus
3275 4551 3423 4608 illius
3445 4563 3552 4610 est.

1975 4639 2318 4696 Mortieinum
2350 4649 2405 4696 et
2426 4650 2643 4710 captum
2680 4656 2710 4694 a
2745 4641 2916 4695 bestia
2948 4657 3058 4696 non
3105 4643 3414 4708 comedent.
3451 4660 3557 4701 nec

1871 4732 1888 4749 '
1975 4735 2287 4803 polluentur
2316 4734 2369 4787 in
2397 4734 2499 4788 eis.
2538 4735 2650 4802 Ego
2683 4733 3128 4788 sum‘Dominus.
3177 4753 3196 4786 s

2047 4829 2217 4897 Cujus
2272 4826 2491 4896 quidem
2551 4827 2802 4896 leprosos
2847 4825 3344 4896 significationem,
3399 4831 3556 4900 cujus

1975 4925 2159 4970 autem
2213 4916 2442 4970 seminis
2496 4914 2700 4970 ﬂuxum
2744 4916 2960 4986 patiens
3007 4925 3182 4987 gerat,
3212 4919 3309 4972 sed
3341 4927 3400 4972 et
3428 4921 3554 4988 quis

1977 5008 2179 5062 fluxum
2241 5009 2469 5063 seminis
2510 5023 2608 5078 per
2651 5009 2924 5063 soumium
2973 5009 3236 5079 patiatur,
3267 5019 3324 5064 et
3347 5012 3556 5080 polluat

1977 5115 2126 5162 eum,
2159 5099 2230 5154 de
2263 5115 2370 5168 quo
2397 5099 2536 5165 ﬂuit,
2576 5100 2703 5170 quis
2720 5101 2802 5154 sit
2841 5100 2934 5169 qui
2964 5110 3196 5172 tangens
3231 5103 3423 5170 reptile
3449 5102 3555 5155 im-

1978 5190 2242 5244 mundum
2275 5190 2562 5259 polluitur,
2611 5191 2811 5245 omnia.
2843 5191 3000 5245 nobis
3033 5201 3089 5245 et
3125 5192 3426 5246 secundum
3461 5206 3554 5245 or-

1975 5281 2160 5337 dinem
2184 5283 2468 5352 superius.
2496 5283 2548 5336 in
2581 5283 2666 5338 his
2683 5298 2806 5352 quat
2835 5281 2903 5336 ad
2935 5282 3053 5338 haec
3074 5283 3374 5352 pertinent,
3410 5283 3551 5340 dicta

1974 5382 2126 5428 sunt.
2171 5373 2464 5429 Praesentis
2493 5385 2675 5429 autem
2715 5373 2852 5444 legis
2882 5372 3121 5427 intentio
3155 5389 3285 5428 vere
3311 5373 3550 5430 admira-

1972 5464 2115 5530 bilis,
2157 5475 2213 5520 et
2251 5466 2502 5521 fidelibus
2541 5465 2690 5520 omni
2740 5466 2989 5522 custodia
3016 5465 3179 5536 digna
3214 5474 3317 5520 est.
3354 5466 3556 5523 Come—

1970 5558 2103 5611 dere
2134 5558 2282 5612 enim
2315 5567 2502 5611 sancta
2538 5558 2773 5627 pollutas
2805 5573 2977 5627 usque
3019 5557 3146 5613 dum
3185 5557 3550 5630 mandentur,

351 5715 798 5803 “lTim.ut,7.
872 5734 1326 5799 “Matllt.v,£8.
1386 5735 1431 5766 σο
1463 5733 1776 5796 Malacinn,‘
1807 5731 1858 5788 7.

1977 5734 1981 5753 ’
2022 5732 2164 5789 Psal.
2203 5751 2256 5803 ι,
2290 5734 2374 5790 l5.
2452 5736 2495 5769 ⁸⁸
2525 5733 2716 5791 Matth.
2739 5752 2790 5804 χ,
2821 5735 2912 5792 28.

671 5835 943 5894 Panos.
986 5830 1105 5893 (in.
1153 5829 1371 5892 XCIII.

3118 5823 3194 5887 34
