3988 6222
528 307 664 372 10ΰῖ

1736 304 2100 366 HESYCHII
2145 303 2626 364 PRESBYTER]

3620 310 3726 377 1068

526 440 636 479 non
692 425 825 488 vult,
870 424 964 478 sed
1016 438 1118 476 nec
1158 421 1383 475 omnino
1416 435 1511 475 eos
1562 436 1661 490 per
1709 420 2103 476 abstinentiam
2135 425 2179 482 Δ
2212 421 2393 491 prosis
2439 421 2585 476 dicta
2625 427 2775 485 sunt,
2828 430 2884 475 et
2931 420 3159 477 seminis
3193 420 3390 477 ﬂuxum
3419 423 3724 493 patientibus,

518 518 837 589 prohibere.
872 514 1165 584 Propterea
1198 529 1348 578 eum,
1382 514 1472 584 qui
1502 528 1610 569 uno
1635 513 1878 584 quolibet
1907 515 2101 568 horum

521 609 762 677 pollutus
791 616 894 670 est,
930 608 1021 663 hic
1044 608 1387 661 enumeravit
1416 607 1756 661 immundum
1787 621 1910 661 esse
1934 621 2104 675 usque

514 700 586 754 ad
614 716 922 771 vesperum.
956 701 1146 755 dicens
1170 718 1183 753 :

590 791 710 844 Non
764 800 995 846 vescatur
1024 792 1088 845 de
1117 791 1218 853 his.
1266 807 1383 863 quae
1432 792 1765 862 sanctiﬁcata
1799 802 1955 847 sunt:
2013 794 2102 847 sed

514 896 639 934 cum
679 881 867 935 laverit
919 896 1133 935 carnem
1173 897 1329 934 suam
1361 897 1526 948 aqua,
1563 890 1614 936 et
1643 882 1945 936 occubuerit
1997 881 2097 936 sol.

518 972 819 1043 Vesperum
867 979 923 1027 et
971 987 1225 1028 occasum
1258 972 1411 1037 solis,
1447 973 1832 1044 pmnitentiam
1859 991 1874 1039 ;
1903 988 2098 1043 aquam

513 1081 648 1121 vero
676 1081 785 1136 qua
815 1080 934 1120 eam
967 1065 1132 1128 lavet,
1166 1064 1461 1136 lacrymam
1490 1066 1721 1126 dicens:
1770 1066 1840 1122 de
1873 1082 1980 1136 qua
2014 1066 2102 1120 di-

512 1159 595 1211 xit
627 1155 795 1210 David
825 1174 837 1209 :
867 1153 1080 1210 Lavabo
1099 1155 1440 1226 persingulds
1471 1165 1645 1211 noctes
1669 1156 1855 1209 lectum
1882 1173 2056 1210 meum
2079 1173 2100 1211 :

515 1247 765 1318 lacrumis
790 1254 1018 1301 stratum
1052 1262 1225 1300 meum
1251 1247 1441 1317 rigabo
1456 1248 1524 1299 "‘.
1581 1249 1941 1303 Idem‘autem
1973 1263 2098 1303 ves-

515 1353 725 1408 peram.
754 1338 847 1392 'sic
897 1337 1055 1391 nobis
1089 1337 1490 1405 pmnitetttiam,
1531 1349 1587 1393 et
1633 1340 1889 1409 gaudium
1931 1357 1996 1396 ex
2032 1355 2097 1395 ea

513 1428 844 1500 signiﬁcavit
872 1447 886 1482 :
926 1431 1007 1482 Ad
1034 1444 1305 1498 vesperum
1330 1429 1691 1485 demorabitur
1736 1433 1912 1501 ﬂetus,
1948 1442 1996 1486 et
2027 1433 2098 1486 ad

514 1523 837 1575 matutinum
886 1521 1160 1574 latitia”.
1219 1520 1451 1585 Quando
1502 1535 1633 1592 ergo
1672 1522 1924 1594 lacrymis
1974 1523 2098 1594 quis

513 1612 849 1681 paenitentiae
893 1612 1115 1666 ablutus
1160 1610 1369 1675 fuerit,
1417 1620 1549 1666 tunc
1590 1622 1778 1668 sancta
1823 1608 2092 1679 comedet,

511 1702 636 1771 quia
668 1703 824 1772 panis
858 1703 978 1771 ejus
1028 1711 1113 1757 est
1137 1701 1246 1763 ille,
1295 1703 1363 1757 de
1390 1717 1499 1772 quo
1540 1703 1804 1759 Dominus
1829 1704 1885 1758 in
1913 1703 2095 1760 Evan-

511 1793 665 1863 geliis
723 1793 937 1848 dicebat
968 1809 982 1845 :
1017 1793 1083 1846 Et
1139 1794 1294 1860 panis
1335 1810 1489 1864 quem
1524 1811 1617 1863 ego
1640 1795 1795 1859 dabo,
1825 1811 1950 1848 caro
1978 1813 2094 1852 mea

508 1896 584 1942 est
603 1883 869 1951 ".-Quod
900 1894 954 1939 et
988 1900 1138 1939 nunc
1190 1885 1346 1954 panis
1393 1887 1716 1940 memoriam
1767 1885 1993 1953 faciens,
2043 1897 2099 1943 et

509 1992 648 2047 quos
701 1983 956 2047 oporteat
1011 1976 1080 2030 de
1129 1989 1196 2031 eo
1251 1976 1544 2032 comedere
1574 1976 1941 2047 distinguens,
1993 1980 2094 2035 ad-

508 2071 688 2126 didit:

576 2163 918 2215 Morticinum
946 2171 995 2213 et
1032 2169 1244 2228 captum
1288 2178 1321 2213 a
1357 2162 1522 2214 bestia
1563 2178 1666 2215 non
1697 2163 1963 2217 comedent
2004 2179 2098 2217 nec

502 2254 809 2324 polluantur
856 2253 913 2305 in
942 2253 1038 2306 eis.
1069 2251 1180 2323 Ego
1212 2269 1328 2306 sum
1371 2253 1648 2307 Dominus.
1681 2254 1755 2309 Ut
1798 2254 1905 2309 hoc
1946 2255 2094 2324 quod

512 2347 718 2400 dictum
763 2352 883 2400 est:
917 2344 1031 2415 Ego
1066 2342 1342 2410 Dominus,
1399 2359 1523 2400 cum
1563 2344 1776 2413 audias,
1820 2347 2095 2418 intelligas

511 2439 662 2497 hunc
692 2438 963 2493 dicentem
987 2454 1000 2491 :
1032 2437 1142 2507 Ego
1169 2454 1286 2492 sum
1317 2439 1493 2506 panis,
1521 2439 1612 2507 qui
1639 2440 1703 2492 de
1727 2438 1854 2493 coelo
1879 2441 2095 2494 descen-

510 2531 650 2584 di".
683 2530 789 2586 Per
836 2528 1186 2584 morticinum
1217 2538 1426 2594 autem,
1458 2539 1516 2584 et
1539 2546 1570 2584 a
1599 2530 1773 2585 bestia
1807 2540 2091 2601 captorum

507 2621 962 2693 prohibitionem,
992 2637 1105 2675 non
1131 2630 1387 2690 oportere
1417 2637 1624 2677 mensae
1668 2623 2005 2693 participari,
2037 2630 2093 2679 et

509 2730 715 2770 mensae
750 2713 1150 2769 daemoniorum
1204 2715 1500 2784 praecepit;
1536 2716 1593 2769 in
1651 2716 1738 2770 his
1763 2718 1910 2771 enim
1962 2726 2092 2771 sunt

508 2822 639 2862 vere
681 2805 994 2871 morticina,
1047 2815 1104 2860 et
1134 2821 1165 2860 a
1190 2804 1385 2861 bestiis
1427 2815 1608 2877 capta.
1658 2806 1797 2873 Quia
1830 2808 1980 2863 enim
2013 2809 2091 2862 si~

507 2899 624 2953 mul
677 2910 921 2962 sanctus,
967 2897 1128 2952 simul
1156 2905 1214 2952 et
1241 2898 1480 2954 nutritor
1510 2899 1836 2954 substantia:
1888 2907 2092 2956 nostrae

511 2989 868 3062 intelligibilis
901 2989 1196 3060 praedictus
1229 2990 1390 3059 panis
1423 2999 1527 3054 est,
1563 3005 1667 3045 nec
1690 2990 1935 3060 pollutus
1961 3007 2089 3046 eum

510 3082 797 3152 percipere
826 3081 1108 3152 praecepit,
1140 3097 1244 3137 nec
1272 3097 1467 3137 rursus
1487 3083 1780 3138 mundatos
1809 3083 2087 3153 prohiberi
2117 3101 2162 3160 ρ

509 3175 646 3230 vult.
692 3174 996 3244 Utrumque
1037 3175 1184 3229 enim
1224 3174 1386 3243 plane
1435 3182 1492 3229 et
1537 3174 1739 3229 Paulus
1778 3175 2039 3245 praecepit
2074 3193 2087 3228 :

509 3266 812 3336 Quicunque
866 3267 1007 3320 enim
1055 3266 1309 3321 comedet
1338 3283 1563 3335 panem,
1619 3277 1668 3321 et
1709 3267 1843 3321 bibet
1874 3268 2091 3321 calicem

507 3358 727 3413 Domini
755 3358 991 3430 indigne,
1042 3375 1163 3413 reus
1195 3361 1293 3415 erit
1333 3360 1565 3429 corporis
1599 3370 1647 3414 et
1675 3360 1949 3431 sanguinis
1983 3359 2092 3413 Do-

508 3450 726 3507 mini".
761 3447 900 3505 Ecce
929 3449 1031 3503 iste
1058 3459 1147 3504 est
1180 3450 1420 3519 pollutus
1456 3460 1513 3506 et
1564 3451 2091 3508 immundusfllunc

509 3543 655 3597 enim
688 3541 951 3613 intelligis
989 3542 1307 3598 omnimodo
1350 3543 1571 3615 indigne
1626 3545 2028 3611 comedentem,
2057 3561 2088 3599 a

504 3642 819 3692 sanctorum
854 3631 1193 3702 prohibitum
1236 3634 1673 3704 participatione.
1718 3636 1860 3702 Quid
1905 3646 2089 3691 autem

506 3726 593 3781 lris
647 3726 899 3780 addidit?
935 3724 1122 3780 Probet
1153 3736 1332 3781 autem
1380 3718 1447 3781 ’δε
1483 3728 1657 3791 homo,
1688 3736 1737 3782 et
1763 3729 1840 3783 sic
1864 3730 1931 3784 de
1951 3746 2090 3801 pane

504 3819 595 3879 illo
621 3819 763 3884 edat,
798 3828 847 3872 et
870 3817 935 3872 de
959 3817 1125 3873 calice
1144 3819 1286 3873 bibat
1300 3820 1363 3874 ⁷⁵.
1384 3818 1486 3886 Qui
1510 3830 1709 3885 autem,
1727 3824 2086 3892 semetipsum

505 3911 716 3978 probat,
781 3909 827 3965 si
888 3912 1099 3982 peccati
1157 3911 1260 3966 sibi
1323 3912 1580 3969 conscius
1606 3923 1713 3979 est,
1744 3922 1799 3968 et
1830 3913 2086 3983 pollutio-

505 4014 629 4055 nem
662 3999 862 4056 animae
898 4017 958 4056 se
1004 4000 1210 4056 habere
1257 4000 1444 4067 sentit,
1477 4000 1711 4071 poenitet
1741 4001 1861 4057 sine
1892 3999 2093 4056 dubio!

2208 512 2567 581 approbatum
2602 520 2705 566 est.
2749 512 2814 567 Et
2844 528 3035 569 rursus
3063 513 3293 569 dicens:

2276 605 2345 662 Et
2366 618 2432 657 ea:
2444 619 2545 673 quo
2569 604 2862 673 egredietur
2874 620 3047 658 sentcn
3066 605 3219 674 quasi
3239 606 3417 666 coitus,
3435 616 3481 661 et
3500 608 3581 676 qui
3598 611 3728 679 tangit

2205 694 2391 762 reptile
2415 702 2465 748 et
2488 694 2749 764 quodlibet
2771 695 3124 755 immundum.
3148 696 3300 766 cujus
3330 706 3493 753 tactus
3514 710 3580 753 est
3595 704 3730 756 sordi-

2203 785 2325 838 dus.
2356 784 2427 839 Ut
2458 785 2553 840 tibi
2577 785 2745 841 etiam
2776 786 2939 856 huius
2993 786 3376 842 manilestaret
3422 788 3728 856 intellectum,

2204 887 2604 948 consequenter
2653 879 2955 945 secundum
3017 878 3164 934 LXX
3206 879 3447 935 addidit:
3474 881 3570 935 Aut
3599 897 3727 951 supra

2201 969 2483 1033 hominem,
2511 971 2566 1023 in
2608 987 2710 1040 quo
2738 971 3034 1042 inquinavit
3067 971 3242 1037 illum,
3266 975 3540 1028 secundum
3569 990 3731 1029 omnem

2201 1061 2594 1115 immunditiam
2629 1063 2814 1132 ipsius.
2881 1063 2965 1118 Ad
2999 1079 3331 1135 quamquam
3383 1065 3561 1121 horam
3610 1077 3731 1121 extra
3828 1058 3829 1061 “

2200 1151 2440 1207 animam
2480 1152 2887 1209 immunditiam
2944 1162 3042 1209 aut
3111 1155 3467 1225 pollutionem
3527 1156 3729 1214 tradidit.

2202 1245 2311 1301 Sed
2344 1256 2405 1302 ut
2441 1246 2858 1318 intelligibiliter
2882 1249 3143 1318 accipias,
3177 1266 3302 1320 quae
3326 1250 3444 1321 ipse
3476 1253 3730 1308 secundum

2200 1340 2438 1395 litteram
2503 1348 2729 1410 propter
2790 1340 3109 1397 Iudaeorum
3185 1344 3448 1398 duritiam
3505 1344 3730 1414 exposuit,

2199 1439 2485 1499 propterea
2524 1430 2795 1486 subinl‘ert
2824 1431 2958 1498 haec,
2985 1448 3049 1487 ex
3081 1434 3278 1503 quibus
3323 1434 3731 1506 signiﬁcationem

2200 1521 2297 1575 tibi
2323 1521 2415 1576 det
2465 1522 2875 1603 contetnplativi
2907 1522 3166 1598 spiritus.
3205 1525 3344 1581 illud
3374 1535 3548 1582 autem
3568 1527 3730 1581 intelli-

2198 1627 2326 1683 gere
2380 1614 2476 1668 tibi
2530 1614 2764 1669 maxime
2815 1617 3056 1670 mandati
3106 1617 3274 1686 huius
3330 1618 3468 1695 legis
3511 1619 3630 1675 utile
3667 1628 3732 1675 est

2199 1714 2363 1774 atque
2407 1706 2625 1775 iuvans,
2665 1707 2814 1777 quod
2849 1723 2959 1762 non
2996 1709 3143 1764 solos
3196 1711 3531 1777 sacerdotes,
3574 1711 3657 1767 sed
3688 1722 3729 1767 et

2199 1805 2393 1847 omnes
2449 1792 2846 1858 ministrantes,
2891 1810 2999 1850 non
3061 1812 3400 1864 praesumere
3456 1800 3568 1855 sine
3613 1808 3730 1855 metu

2201 1881 2527 1936 Sanctorum
2555 1883 2957 1954 perceptionem
2990 1886 3136 1950 vult,
3180 1888 3491 1960 intuerique
3518 1891 3731 1944 traditam

2197 1987 2228 2025 a
2261 1971 2380 2043 lege
2412 1972 2847 2040 distinctionem,
2874 1991 2996 2045 quae
3034 1977 3371 2046 pmnitentes
3392 1980 3598 2049 quidem
3623 1993 3730 2049 prte-

2196 2063 2344 2131 cepit
2367 2064 2435 2118 ad
2463 2074 2652 2119 sancta
2679 2066 2962 2129 accedere,
3004 2076 3132 2121 ante
3176 2078 3363 2123 autem
3402 2070 3733 2140 ptenitentiam

2197 2153 2471 2221 prohibet.
2509 2154 2615 2220 Qui
2648 2164 2833 2210 autem
2861 2171 2927 2211 ex
2965 2157 3175 2213 semine
3212 2169 3346 2214 sunt
3372 2162 3548 2215 Aaron
3577 2174 3728 2215 sacer-

2195 2244 2360 2307 dotis,
2391 2247 2652 2314 quoniam
2683 2247 2965 2303 Christum
2996 2264 3117 2304 esse
3156 2260 3410 2307 nostrum
3438 2253 3733 2307 sacerdotem

2194 2339 2454 2403 didicisti,
2486 2349 2543 2394 et
2576 2340 2743 2410 huius
2770 2340 3000 2412 ﬁguram
3033 2344 3217 2397 Aaron
3264 2358 3479 2413 gerere,
3520 2344 3627 2398 illos
3664 2343 3731 2397 in‘

2196 2431 2405 2501 telliges
2459 2431 2579 2487 sine
2634 2432 2817 2502 aliqua
2876 2433 3174 2500 dubietate,
3256 2434 3353 2504 qui
3429 2435 3730 2505 baptismatis

2195 2524 2541 2593 adoptionem
2574 2524 2797 2589 habent,
2829 2534 2885 2578 et
2922 2539 3130 2589 smnen,
3183 2528 3511 2597 cognatique
3540 2528 3664 2596 ejus,
3683 2534 3727 2580 et

2194 2630 2358 2670 omne
2389 2616 2534 2685 quod
2567 2616 2773 2672 dixeris
2814 2617 2878 2671 ad
2926 2617 3380 2687 conjunctionem
3433 2620 3566 2689 ejus,
3612 2628 3732 2674 recte

2193 2708 2560 2777 appellantur.
2586 2708 2739 2764 Unde
2760 2718 2818 2765 et
2845 2726 3009 2779 genus
3034 2710 3276 2776 electum,
3301 2721 3361 2766 et
3381 2713 3552 2783 regale
3576 2727 3731 2766 sacer-

2192 2800 2417 2867 dotium,
2444 2811 2500 2856 et
2523 2818 2647 2872 gens
2674 2814 2862 2855 sancta
2881 2803 2947 2867 ⁷⁵,
2986 2813 3212 2873 prepter
3240 2808 3614 2872 cognationem
3634 2805 3732 2872 ejus

2192 2892 2560 2961 appellantur.
2588 2893 2670 2948 Ad
2697 2908 2837 2962 quos
2867 2909 2999 2965 ergo
3032 2907 3088 2948 et
3118 2911 3241 2966 quae
3278 2909 3580 2969 sequuntur
3595 2898 3729 2953 dicit:

2269 2982 2428 3038 Vens.
2488 2984 2540 3038 9.
2600 3002 2619 3034 ι
2684 2982 3012 3038 Custodient
3058 2997 3340 3057 praecepta
3391 3004 3509 3044 mea
3562 2998 3732 3043 utnon

2194 3075 2517 3145 subjaceant
2577 3084 2821 3145 peccato,
2875 3087 2929 3131 et
2984 3079 3288 3133 moriantur
3351 3080 3406 3135 in
3452 3079 3733 3135 sanetuario

2194 3179 2316 3218 cum
2353 3164 2667 3235 polluerunt
2723 3165 2878 3223 illud.
2915 3167 3029 3240 Ego
3072 3169 3342 3226 Dominus
3371 3173 3467 3243 qui
3496 3169 3736 3227 sanctiﬁco

2194 3254 2334 3310 illos.
2372 3274 2392 3307 ι

2264 3350 2407 3421 Ergo
2463 3358 2733 3420 praecepta
2787 3350 3023 3418 Domini,
3074 3350 3127 3406 id
3175 3363 3260 3408 est
3307 3353 3422 3421 lex,
3473 3351 3736 3409 custodiam

2191 3437 2516 3502 districtum,
2547 3446 2605 3493 et
2631 3438 2997 3495 obedientiam
3058 3442 3610 3513 intransgressibilem
3653 3458 3734 3495 nc-

2191 3529 2488 3582 eessariam
2516 3528 2799 3594 habentia,
2830 3530 2974 3585 sicut
2999 3530 3423 3601 perﬁcientibus
3445 3549 3528 3599 ea,
3559 3543 3612 3589 et
3632 3546 3736 3587 san-

2190 3620 2562 3687 ctiﬁcationis,
2594 3629 2652 3675 et
2676 3621 3085 3692 justiﬁcationis
3126 3634 3183 3679 et
3229 3625 3428 3682 salutis
3458 3640 3611 3681 causa
3638 3622 3735 3678 elli-

2190 3710 2434 3776 ciuntur,
2481 3710 2561 3765 sic
2586 3713 2800 3782 peccati
2847 3721 2904 3767 et
2950 3714 3143 3769 mortis
3199 3716 3734 3789 transgredientibus:

2188 3805 2332 3874 quod
2369 3805 2422 3857 in
2452 3805 2601 3859 omni
2622 3805 2843 3874 quidem
2873 3814 2960 3861 est
2980 3806 3118 3874 lege,
3151 3817 3207 3862 et
3232 3808 3285 3862 in
3317 3811 3473 3865 omni
3494 3806 3730 3867 mandaw.

2188 3896 2362 3951 multo
2417 3897 2590 3967 magis
2651 3906 2832 3953 tamen
2888 3898 2944 3953 in
3002 3899 3335 3961 Sanctorum
3398 3900 3731 3973 perceptione.

2189 3988 2590 4060 Quisquis-enim
2612 3993 2682 4045 ad
2710 4007 2795 4055 ea,
2825 4001 2973 4046 extra
3016 4009 3176 4062 quam
3212 4006 3441 4064 oportet,
3476 3994 3731 4050 accesserit.

503 4091 571 4146 m
597 4100 720 4163 ροει
749 4093 1134 4161 ρωηίιθηιίδηι
1165 4094 1234 4149 de
1268 4109 1412 4163 pane
1460 4093 1773 4161 comedere,
1807 4102 1863 4148 ει
1895 4092 2084 4149 bibere
2179 4082 2444 4150 judicium
2490 4085 2587 4136 sibi
2647 4084 2806 4137 sumit
2842 4092 2891 4138 et
2952 4095 3192 4140 mortem.
3220 4087 3364 4142 Nam
3390 4098 3448 4144 et
3468 4087 3651 4142 Paulus
3680 4083 3735 4139 de

500 4198 696 4239 rursus
729 4184 797 4239 de
826 4184 996 4238 calice
1031 4191 1223 4240 sancto
1268 4192 1325 4238 et
1370 4185 1661 4254 impolluto
1688 4191 1889 4254 potest.
1925 4182 2083 4250 Quod

501 4284 686 4333 autem
722 4276 1038 4346 frequenter
1065 4277 1134 4331 de
1170 4277 1277 4331 hac
1342 4276 1628 4332 sanctione
1683 4276 1942 4339 diximus,
1976 4275 2081 4330 diei

499 4378 557 4424 et
575 4384 727 4424 nunc
756 4369 1126 4424 necessarium
1150 4380 1254 4433 est,
1277 4368 1498 4440 prodest
1526 4370 1673 4433 enim
1706 4369 2075 4433 audientibus,

2189 4173 2388 4228 talibus
2431 4173 2732 4231 Corinthiis
2772 4176 3087 4232 scribebat:
3144 4176 3248 4243 Qui
3287 4181 3431 4234 enim
3480 4179 3731 4234 manducet

2186 4274 2236 4318 et
2265 4265 2411 4331 bibit,
2441 4266 2705 4335 judicium
2737 4269 2837 4322 sibi
2879 4271 3167 4323 manducet
3199 4280 3247 4324 et
3278 4271 3411 4326 bibit
3442 4288 3542 4325 non
3566 4268 3730 4341 dijudi-

2186 4376 2314 4413 cans
2355 4375 2544 4429 corpus
2593 4359 2827 4414 Domini.
2873 4361 3164 4431 Propterea
3196 4364 3338 4417 inter
3382 4381 3470 4419 vos
3499 4362 3730 4417 multiiu-

496 4462 555 4515 id
583 4469 687 4519 est.
719 4461 844 4531 quia
891 4461 1137 4530 leprosos
1186 4469 1237 4515 et
1280 4436 1508 4514 seminis
1562 4459 1768 4513 ﬂuxum
1805 4458 2078 4528 patientes
2112 4436 2155 4490 θ
2182 4453 2347 4522 ﬁrmi.
2375 4462 2427 4506 ει
2451 4453 2752 4518 imbirem“.
2789 4463 2840 4508 ει
2872 4456 3146 4509 dormiunt
3182 4456 3339 4511 multi
3359 4458 3426 4523 "‘,
3461 4457 3514 4512 id
3539 4463 3616 4511 est
3636 4466 3729 4508 ωο·

500 4553 789 4608 seusibiles
836 4552 1111 4623 Iegislator
1143 4568 1253 4608 non
1289 4551 1659 4616 abominetur,
1691 4563 1873 4620 neque
1928 4549 2077 4604 enim

499 4643 828 4706 voluntarie,
883 4645 978 4699 sed
1032 4644 1195 4699 inviti
1248 4645 1390 4699 hanc
1430 4643 1743 4714 passionem
1782 4640 2076 4707 sustinent,

497 4734 593 4789 sed
658 4748 755 4789 eos
810 4736 901 4803 qui
948 4730 1186 4791 animam
1249 4738 1541 4806 leprosam,
1605 4741 1700 4790 aut
1752 4733 1956 4786 ﬂuxum
1986 4747 2077 4787 se-

496 4825 661 4881 minis
691 4826 988 4896 patientem
1022 4828 1248 4883 babent.
1282 4826 1579 4898 Propterea
1614 4827 1804 4883 dicens
1832 4844 1843 4878 :

566 4916 843 4985 Leprosus,
875 4927 925 4971 et
955 4919 1159 4988 ﬂuxum
1182 4919 1395 4973 seminis
1424 4920 1650 4987 patiens,
1686 4937 1791 4975 non
1817 4935 2071 4988 vescetur,

492 5013 655 5066 donec
684 5021 923 5066 sanetur.
956 5008 1242 5076 Quomodo
1275 5013 1683 5082 oporteretboc
1709 5013 1958 5089 intelligi,
1992 5018 2077 5071 in-

494 5114 801 5175 terpretans
839 5103 1083 5159 addidit:
1130 5102 1232 5168 Qui
1273 5105 1499 5171 tetigerit
1541 5106 1873 5161 immundum
1917 5124 2076 5178 super

492 5209 778 5262 mortuum,
804 5197 919 5253 sive
937 5195 1239 5253 secundum
1265 5194 1427 5261 LXX,
1448 5211 1652 5251 omnem
1674 5199 2073 5254 immunditiam

490 5288 720 5351 animm;
766 5288 1130 5344 immunditiae
1163 5298 1347 5343 autem
1387 5289 1607 5351 animus,
1652 5300 1876 5358 peccata
1918 5305 2069 5355 sunt,

490 5391 723 5445 quorum
777 5380 1024 5449 (μικρότητι
1094 5379 1326 5449 leprosa:
1383 5385 1534 5442 sunt,
1585 5378 1834 5447 quaedam
1864 5379 2069 5435 llumm

491 5467 720 5519 conuiuis
747 5469 1038 5536 patiantes,
1088 5469 1231 5521 sicut
1260 5484 1290 5521 a
1324 5467 1504 5532 nobis,
1540 5468 1709 5522 inhis
1734 5485 1856 5539 qua:
1890 5470 1956 5526 de
1994 5472 2071 5525 le-

562 5675 609 5707 ”
638 5673 726 5727 Ps.
758 5692 830 5741 γι,
855 5678 906 5731 6.

490 5742 541 5779 ⁹⁴
563 5744 733 5801 “lor.
760 5762 832 5812 in,
873 5747 965 5815 9.9,
990 5748 1076 5803 50.
1154 5752 1195 5781 ⁷⁷
1224 5751 1417 5805 Matth.
1446 5766 1575 5815 xm,
1613 5752 1697 5815 ll,
1730 5750 1812 5805 12.

983 5679 1133 5751 i'l‘s.
1168 5680 1385 5739 xxtx.6.
1462 5681 1503 5711 ⁷¹
1536 5679 1692 5735 Joan.
1715 5696 1789 5751 vi,
1822 5681 1907 5736 52.
1987 5683 2029 5714 τ’
2058 5681 2188 5751 ibid.
2229 5682 2316 5737 51,

2187 4544 2423 4599 riuntur.
2473 4543 2789 4600 Secundum
2843 4545 2948 4601 hoc
2998 4546 3164 4618 igitur
3212 4549 3448 4604 verbum
3484 4546 3731 4627 legislator

2184 4638 2412 4695 sancivit
2451 4656 2465 4692 :

2193 4715 2213 4732 ⁶
2256 4731 2563 4785 Custodient
2588 4743 2849 4801 prwcepta
2890 4748 3030 4796 mea,
3068 4742 3124 4785 ut
3155 4748 3258 4786 non
3297 4733 3729 4803 subjaceantpec-

2185 4833 2303 4879 cato
2328 4834 2377 4879 et
2426 4825 2727 4879 moriantur
2766 4842 2861 4894 per
2892 4842 2976 4879 ea.
3028 4826 3098 4881 Et
3147 4841 3271 4896 qua
3305 4834 3394 4880 est
3420 4840 3602 4890 causa,
3629 4833 3727 4893 qua

2187 4917 2355 4973 infert
2383 4919 2661 4974 mortem?
2688 4919 2826 4974 Cum
2853 4918 3149 4990 polluerint
3178 4919 3333 4975 illud.
3376 4919 3581 4990 Iniuria
3606 4914 3726 4969 enim

2186 5010 2501 5064 sanctuarii
2528 5017 2585 5064 et
2612 5008 2843 5080 pollutio
2887 5018 2992 5075 est,
3025 5009 3309 5065 sordidum
3350 5008 3649 5079 quempiam
3673 4999 3726 5056 ad

2184 5103 2385 5158 munda
2429 5102 2711 5158 accedere.
2756 5102 2916 5158 Unde
2963 5119 3088 5157 cum
3127 5103 3394 5174 quosdam
3441 5103 3511 5159 de
3544 5100 3640 5155 viis
3678 5108 3727 5148 ac

2183 5194 2406 5262 sepibus
2449 5194 2518 5249 ad
2562 5195 2804 5264 nuptias,
2850 5211 2973 5265 quae
3016 5196 3073 5250 in
3127 5193 3444 5268 evangelica
3504 5186 3725 5264 parabola

2180 5285 2340 5340 dictae
2365 5294 2516 5349 sunt,
2548 5295 2927 5349 convocasset,
2970 5286 3259 5343 inveniens
3287 5286 3601 5357 quempiam
3628 5293 3724 5335 sor-

2181 5377 2306 5431 dida
2340 5378 2595 5434 vestitum
2640 5380 2798 5446 stola,
2849 5380 2905 5433 in
2944 5394 3101 5435 cmua
3133 5380 3367 5449 nuptiali
3413 5374 3725 5433 discumben-

2183 5481 2290 5524 tcm
2352 5471 2608 5542 expellit,
2644 5482 2700 5527 ct
2749 5474 2804 5526 in
2852 5473 3108 5527 tenebras
3165 5473 3355 5545 projici
3418 5460 3721 5539 praecepi!"-

2396 5681 2442 5715 "
2471 5681 2597 5739 Cor.
2634 5699 2710 5750 xi,
2735 5681 2827 5736 27.
2903 5682 2946 5714 7"
2969 5681 3099 5737 ibid.
3123 5681 3213 5738 28.
3289 5677 3378 5731 "l
3435 5676 3574 5731 Petr.
3605 5687 3654 5735 ιι,
3670 5665 3711 5723 9-
