3988 6222
327 345 462 409 1039

1464 341 1546 402 IN
1579 336 2013 400 anrrrcnn.
2050 361 2113 370 --
2156 334 2296 395 me.
2327 334 2428 395 γι.

3428 334 3561 402 1070

322 459 484 531 Atqui
513 473 704 514 omnes
742 465 1050 529 peccatores
1080 463 1255 523 erant,
1287 457 1378 528 qui
1408 456 1620 511 invitati
1650 462 1799 516 sunt,
1835 460 1891 506 et
1925 460 1964 512 Α
2064 448 2225 503 VEBS-
2278 450 2363 502 Ηο
2418 466 2434 499 ι
2483 444 2653 513 Quem
2717 456 2896 502 amem
2943 444 3194 505 sacculus
3241 453 3454 518 emerit.
3504 464 3561 510 et

324 561 613 623 prapterea
671 552 738 605 de
769 551 872 604 viis
903 559 959 604 et
985 550 1050 605 de
1076 549 1300 619 sepibus
1326 548 1502 620 colligi
1532 547 1885 602 dicebantur:

243 659 251 673 ³
323 644 417 698 sed
445 658 571 697 cum
604 641 794 696 mutati
823 641 993 711 prius,
1023 650 1080 694 et
1105 651 1329 710 peccato
1359 655 1458 709 per
1508 637 1889 708 ptenitentiam

325 733 647 802 semetipsos
672 732 1059 799 exspoliantes,
1085 740 1213 784 tunc
1239 730 1306 784 de
1339 745 1493 784 cmna
1511 728 1888 782 comederunt.

325 823 424 878 llic
448 835 629 877 autem
660 820 877 875 sordida
907 822 1088 876 adhuc
1117 820 1345 874 indutus
1371 818 1578 889 peccati
1605 818 1888 882 stola,non

327 916 668 984 exspoliatus
703 929 807 967 nec
852 921 1240 977 commutatus,
1280 909 1487 981 ingredi
1536 910 1591 964 in
1619 917 1806 989 sancta
1838 918 1894 962 et

326 1006 527 1060 munda
549 1004 908 1075 praesumpsit.
936 1003 1160 1056 Multum
1184 1017 1313 1073 ergo
1350 1000 1650 1056 secundum
1680 1006 1893 1069 tempus

327 1096 434 1150 hoc
458 1096 560 1166 legi
597 1094 868 1163 adjectum
901 1104 1016 1150 est:

399 1186 511 1256 Ego
548 1186 796 1239 Dominus
825 1187 913 1255 qui
943 1185 1209 1253 sancti/ica
1252 1183 1388 1237 illos.
1421 1182 1479 1237 ld
1510 1190 1611 1247 est,
1642 1181 1733 1252 qui
1763 1196 1897 1251 pec-

328 1283 542 1331 calores
585 1285 821 1330 mutatos
863 1276 1142 1330 duntaxat
1173 1275 1231 1328 in
1277 1272 1601 1328 Sanctorum
1649 1287 1896 1326 commu-

328 1368 492 1422 nione
552 1366 791 1432 recipio:
843 1380 1063 1420 aversor
1113 1373 1296 1418 autem
1337 1362 1555 1432 quando
1606 1361 1798 1431 polluti
1842 1371 1899 1417 et

330 1457 500 1527 iniqui
532 1465 879 1526 permanent.

400 1549 562 1604 Vens.
597 1550 682 1603 10.
734 1567 752 1599 ι
789 1547 979 1603 Omnis
1024 1545 1333 1616 alienigena
1377 1558 1489 1598 non
1539 1543 1789 1598 comedet
1831 1541 1900 1596 de

331 1640 701 1696 sanctiﬁcatis.
730 1638 1034 1708 inquilinus
1057 1637 1384 1712 sacerdotis,
1427 1644 1482 1690 et
1511 1635 1898 1699 mercenarius,

331 1744 441 1785 non
479 1739 768 1785 vescentur
791 1730 891 1785 eis.
930 1748 949 1781 ι

1987 541 2080 611 qui
2105 541 2429 596 vernaculus
2469 540 2663 595 domus
2705 539 2825 610 ejus
2852 540 3039 607 fuerit,
3074 542 3129 595 hi
3167 545 3458 601 comedent
3489 548 3574 601 ex'

1988 632 2086 686 eis.
2124 651 2141 682 ι
2862 701 2867 706 ,
3182 638 3186 643 ’

2059 722 2195 788 Quia
2240 722 2592 795 alienigenas,
2644 719 2843 795 impios
2869 724 3123 781 videlicet
3147 735 3201 781 et
3227 727 3496 791 inﬁdeles,
3525 744 3557 782 a

1988 813 2405 884 participatione
2438 813 2749 868 divinorum
2802 816 3101 884 prohibuit,
3154 818 3394 872 ostendit
3427 820 3556 889 quia

1990 915 2045 960 et
2068 905 2122 959 hi
2151 905 2197 959 si
2237 913 2518 959 mutentur
2540 905 2608 959 ab
2636 920 2850 971 errore,
2893 914 2948 961 et
2976 906 3043 962 ad
3076 909 3355 964 Christum
3406 926 3564 967 acce-

1990 996 2139 1059 dant,
2169 996 2440 1065 permittit
2476 1011 2596 1065 quae
2646 1006 2831 1050 sancta
2869 1007 3016 1052 sunt.
3049 998 3223 1053 Nemo
3247 1002 3395 1055 enim
3427 1004 3564 1057 alie—

1990 1084 2189 1157 nigena
2223 1100 2321 1154 per
2354 1093 2600 1138 naturam
2627 1094 2729 1149 est,
2764 1085 2858 1138 sed
2905 1085 3184 1141 voluntate
3205 1089 3420 1158 quidam
3457 1090 3564 1145 sibi

1992 1175 2300 1230 asciverunt
2350 1174 2732 1230 alienationem
2764 1191 2792 1228 a
2818 1175 2951 1230 Deo.
3000 1175 3280 1248 Quotquot
3329 1197 3458 1250 ergo
3497 1198 3566 1236 ex

1994 1266 2080 1320 his
2107 1264 2464 1336 intelligibilis
2504 1266 2767 1320 sacerdos
2801 1265 3043 1335 possidet
3072 1268 3368 1336 etnptitios,
3401 1270 3455 1324 id
3480 1279 3570 1325 est

1993 1364 2260 1425 quotquot
2301 1356 2433 1409 emit
2480 1370 2577 1424 per
2623 1354 2990 1424 evangelicam
3026 1354 3328 1410 doctrinam
3369 1366 3425 1412 et
3449 1374 3570 1429 gra-

1995 1448 2149 1501 tiam.
2178 1445 2304 1502 Haec
2337 1456 2417 1502 est
2449 1447 2593 1501 enim
2627 1445 2841 1500 Domini
2863 1447 3195 1516 conquisitio
3223 1459 3274 1503 et
3298 1451 3564 1511 acerbum

1996 1547 2275 1607 argentum
2333 1546 2450 1592 est:
2507 1539 2791 1609 Argentum
2826 1539 2945 1608 igne
2997 1541 3361 1594 examinatum
3410 1550 3567 1596 terra:

1998 1629 2356 1699 purgatum“,
2395 1630 2630 1684 redemit
2660 1639 2841 1684 autem
2877 1646 2992 1694 eos,
3028 1632 3120 1700 qui
3149 1632 3197 1686 ei
3240 1628 3420 1679 νυιηιιι
3452 1640 3568 1680 scr-

1998 1721 2133 1775 vire.
2187 1720 2302 1774 Alio
2339 1731 2515 1775 autent
2549 1721 2714 1784 nullo,
2767 1723 2909 1776 sicut
2957 1721 3149 1776 Petrus
3209 1722 3553 1793 dixit,pretio

403 1819 779 1875 Necessarium
833 1820 936 1874 hoc
967 1820 1282 1874 mandatum
1338 1828 1440 1883 est,
1488 1834 1557 1872 ne
1587 1817 1728 1872 forte
1772 1815 1904 1884 adji-
1933 1793 1976 1852 Β
2003 1809 2163 1877 empti
2190 1810 2332 1872 εδῑὶδ,
2365 1810 2521 1863 nolite
2550 1810 2666 1879 ﬁeri
2692 1810 2825 1863 servi
2854 1811 3199 1865 hominum".

334 1926 460 1966 cere
489 1911 741 1965 omnibus
792 1911 1126 1976 inﬁdelibus,
1163 1920 1216 1965 et
1242 1910 1424 1978 impiis
1451 1924 1694 1964 mensam
1738 1908 1901 1979 spiri-

336 2002 497 2055 talem
521 2011 806 2070 putemus:
835 2014 935 2053 nec
964 2001 1090 2069 quia
1115 1999 1239 2053 vita:
1266 1999 1421 2068 panis
1453 1997 1766 2069 mysterium
1793 1996 1903 2052 Do-

332 2092 595 2146 minicum
619 2092 836 2155 dicitur,
859 2098 1148 2160 propterea
1171 2098 1423 2159 oportere
1446 2087 1728 2159 percipere
1749 2087 1902 2141 illum

334 2185 498 2239 etiam
537 2198 649 2247 eos,
681 2183 774 2252 qui
797 2183 977 2237 adhuc
998 2197 1028 2236 a
1052 2180 1157 2235 ﬁde
1187 2180 1350 2235 alieni
1377 2188 1526 2243 sunt,
1552 2179 1901 2234 arbitremur.

335 2274 666 2345 Alienigena:
718 2289 847 2344 ergo
898 2281 1029 2328 sunt
1082 2288 1274 2327 omnes
1328 2272 1421 2342 qui
1463 2269 1555 2323 Dei
1586 2270 1758 2338 legem
1791 2285 1901 2324 non

335 2365 664 2435 suscipiunt,
708 2378 812 2418 nec
869 2362 1198 2434 evangelicae
1250 2361 1548 2433 participes
1598 2359 1905 2415 eliiciuntur

337 2457 542 2527 gratiae.
574 2456 721 2509 Nihil
750 2455 896 2509 enim
945 2455 999 2508 hi
1030 2454 1338 2523 proximum
1371 2452 1616 2508 alﬁnitati
1654 2451 1770 2519 Dei,
1807 2466 1905 2506 ne-

335 2563 443 2618 que
471 2554 759 2616 cognatum
808 2544 1052 2599 scientiae
1091 2546 1212 2615 ejus
1247 2544 1314 2597 de
1342 2558 1408 2597 eo
1440 2541 1743 2613 intelligere
1771 2555 1904 2610 pos-

336 2646 506 2691 sunt:
536 2636 681 2690 unde
726 2643 782 2688 et
806 2633 1145 2704 alienigenae.
1198 2633 1341 2688 sicut
1385 2632 1477 2701 qui
1510 2647 1540 2686 a
1566 2631 1905 2686 daemonibus

337 2729 694 2790 seducuntur,
741 2736 796 2781 et
825 2727 1203 2797 cognationem
1246 2741 1433 2781 eorum
1473 2724 1906 2794 amplectuntur,

338 2820 396 2873 hi
422 2820 566 2873 enim
601 2833 632 2872 a
659 2818 838 2882 nobis,
863 2826 917 2872 et
942 2832 970 2870 a
1007 2816 1116 2870 Deo
1150 2816 1316 2870 alieni
1344 2824 1495 2880 sunt,
1524 2824 1676 2869 recte
1715 2815 1907 2885 appel-

336 2909 557 2969 lantur,
593 2909 660 2963 de
718 2907 913 2977 quibus
969 2906 1137 2961 David
1185 2906 1449 2976 psallebat
1476 2905 1698 2974 :-Eripe
1724 2921 1823 2971 me,
1855 2912 1905 2958 et

339 3001 503 3055 libera
538 3017 620 3054 me
654 3001 719 3054 de
752 3000 914 3053 manu
964 2998 1195 3067 ﬁliorum
1252 2998 1566 3063 alienorum,
1595 3014 1813 3069 quorum
1850 3012 1907 3050 os

341 3091 572 3143 locutam
603 3097 677 3143 est
720 3090 1011 3143 vanitatem
1026 3089 1093 3143 ⁷⁸.
1145 3087 1247 3153 Qui
1276 3095 1457 3142 autem
1489 3089 1784 3158 loquuntur
1811 3104 1907 3143 va-
1932 3123 1976 3182 ο

338 3181 588 3245 nitatem,
620 3181 851 3234 maxime
879 3193 1216 3248 paganorum
1243 3178 1355 3243 lilii,
1389 3178 1479 3247 qui
1510 3187 1785 3233 terrenam
1819 3194 1907 3233 sa-

338 3274 625 3345 pientiam,
658 3280 713 3326 et
753 3271 1064 3338 animalem,
1112 3279 1169 3325 et
1210 3270 1558 3336 diabolicam,
1603 3271 1908 3326 secundum

339 3363 486 3432 quod
510 3363 584 3416 ait
613 3361 870 3425 Iacobus,
904 3361 1190 3419 habent".
1211 3361 1347 3417 Cum
1389 3362 1474 3416 his
1502 3362 1736 3418 dicimus
1772 3364 1908 3417 alie-

341 3454 616 3525 nigenam,
646 3453 737 3522 qui
767 3468 888 3522 qua:
912 3454 1087 3508 aliena
1128 3462 1257 3509 sunt
1283 3469 1315 3508 a
1342 3453 1603 3524 dignitate
1632 3456 1905 3527 mysterii,
1950 3454 1963 3467 '

343 3544 413 3598 de
442 3558 507 3597 eo
561 3544 914 3615 intelligunt:
963 3545 1421 3612 quemadmodum
1452 3544 1519 3599 ad
1545 3545 1728 3599 cibum
1759 3561 1909 3601 com-

342 3651 585 3700 munem,
614 3637 688 3691 ita
713 3637 782 3691 ad
819 3636 1062 3691 divinum
1090 3638 1377 3703 accedunt,
1416 3644 1471 3692 et
1498 3638 1795 3693 carnaliter
1824 3638 1909 3693 di-

343 3726 470 3780 vina
507 3735 562 3779 et
621 3725 862 3780 coelestia
917 3725 1297 3795 conspiciunt:
1348 3734 1499 3781 recte
1543 3742 1670 3798 ergo
1709 3727 1779 3781 ab
1825 3728 1911 3782 his

342 3816 505 3870 etiam
542 3816 661 3870 talis
690 3817 1031 3885 prohibetur.
1068 3815 1367 3884 lnquilinus
1396 3824 1576 3870 autem
1613 3818 1912 3871 sacerdotis

343 3912 447 3969 est,
475 3905 566 3973 qui
596 3920 703 3958 non
730 3919 866 3972 pure
899 3905 955 3957 in
1002 3904 1122 3972 ejus
1150 3904 1328 3957 aulam
1368 3902 1699 3972 ingreditur,
1731 3916 1912 3970 neque

346 3995 708 4050 reverentiam
752 3995 968 4064 dignam
1018 3993 1070 4047 ei
1120 3991 1345 4061 pra-bet,
1403 3999 1500 4044 aut
1548 3990 1910 4061 diligentiam.

345 4085 816 4152 Quemadmodum
844 4085 991 4139 enim
1045 4083 1347 4154 inquilinus
1390 4083 1732 4138 solummodo
1757 4099 1911 4138 suam

344 4177 458 4247 agit
485 4176 794 4240 utilitatem,
830 4183 886 4230 et
930 4189 1030 4243 per
1064 4174 1303 4244 singulos
1326 4172 1447 4227 dies
1482 4181 1765 4242 exspectat
1807 4175 1914 4227 mi-

305 4325 313 4333 ,
345 4269 516 4338 grari,
554 4282 666 4323 non
721 4278 902 4321 autem
941 4265 1183 4335 pertinet
1217 4265 1265 4319 ei
1301 4264 1343 4320 si
1374 4265 1500 4334 jura
1553 4265 1748 4319 domus
1792 4266 1913 4335 qui-

346 4361 472 4415 dam
523 4359 785 4426 diripiant
814 4365 908 4412 aut
945 4355 1290 4421 subtraham,
1328 4357 1410 4411 sic
1443 4364 1571 4411 sunt
1618 4357 1694 4423 hi,
1726 4357 1819 4426 qui
1856 4357 1911 4410 in

2073 1898 2177 1952 Sed
2204 1909 2251 1953 et
2281 1900 2548 1953 vernaculi
2580 1901 2712 1969 ejus.
2747 1900 2799 1954 Id
2840 1910 2941 1965 est,
2976 1900 3067 1971 qui
3094 1902 3146 1955 in
3181 1900 3285 1955 ﬁde
3316 1900 3437 1971 ejus
3465 1919 3568 1957 nu-

2003 1989 2136 2052 triti,
2152 1997 2207 2045 et
2229 1988 2282 2042 in
2297 1989 2618 2061 intelligihili
2633 1990 3017 2052 domo,Christi
3038 1989 3290 2045 videlicet
3310 1991 3570 2059 Ecclesia,

2008 2079 2220 2135 educati
2259 2091 2387 2136 sunt
2427 2096 2524 2151 per
2557 2090 2842 2150 parentum
2887 2080 3070 2136 ﬁdem.
3108 2081 3173 2135 lli
3217 2078 3285 2137 de
3332 2081 3569 2151 panibus

2002 2174 2119 2242 ejus
2141 2174 2380 2244 mysticis
2409 2181 2462 2228 et
2494 2173 2892 2228 viviticantihtls
2924 2174 3237 2228 comedent.

2078 2261 2236 2328 Vens,
2274 2263 2361 2317 12.
2403 2282 2420 2314 ι
2464 2263 2520 2317 Si
2551 2263 2656 2317 ﬁlia
2689 2264 2988 2318 sacerdotis
3019 2263 3247 2319 cuilibet
3282 2280 3345 2320 ex
3370 2265 3573 2335 populo

2005 2358 2168 2422 nupta
2195 2353 2377 2417 fuerit,
2404 2352 2471 2407 de
2499 2354 2585 2408 bis
2610 2370 2730 2424 quae
2765 2353 3101 2410 sanctiﬁcata
3134 2363 3261 2410 sunt
3288 2356 3355 2410 de
3381 2356 3575 2426 pnitui-

2004 2444 2095 2500 tiis
2119 2459 2227 2498 non
2259 2455 2533 2499 vescetur.
2582 2445 2680 2499 Sin
2721 2430 2902 2500 auteih
2956 2447 3117 2503 vidua
3153 2448 3236 2502 vel
3288 2447 3574 2518 repudiata

2002 2537 2208 2606 absque
2235 2536 2422 2591 liberis
2452 2552 2669 2591 reversa
2713 2537 2880 2592 fuerit
2919 2539 2984 2593 ad
3007 2539 3228 2594 domum
3269 2534 3438 2610 patris
3463 2540 3573 2605 sui,

2003 2628 2146 2682 sicut
2169 2629 2347 2699 puella
2401 2637 2779 2692 consueverat,
2834 2630 3011 2684 aletur
3069 2632 3207 2686 cibis
3259 2632 3432 2701 patris
3462 2633 3570 2688 sui.

2004 2716 2194 2775 Omnis
2233 2721 2536 2791 alienigena
2584 2719 2905 2777 comedendi
2932 2738 3000 2777 ex
3041 2723 3122 2778 eis
3147 2739 3258 2778 non
3290 2724 3454 2781 habet
3474 2740 3576 2795 po-

2004 2818 2279 2865 testatem.
2314 2829 2333 2862 ι

2076 2900 2228 2965 Quod
2258 2908 2439 2954 autem
2492 2909 2681 2956 nostra
2711 2900 2989 2958 translatio
3018 2904 3184 2961 habet
3217 2922 3231 2959 :
3261 2904 3319 2960 Si
3346 2905 3462 2975 ﬁlia
3487 2922 3578 2962 sa-

2007 2992 2228 3046 cerdotis
2257 2992 2475 3046 cuilibet
2496 3010 2559 3046 ex
2582 2993 2775 3063 populo
2800 3004 2960 3062 nupta
2991 2996 3170 3064 fuerit,
3205 2996 3348 3052 LXX
3372 2999 3573 3055 edunt:

2009 3081 2079 3137 Et
2110 3083 2224 3152 ﬁlia
2269 3085 2549 3138 sacerdotis
2598 3094 2761 3154 nupta
2810 3088 2968 3157 fuerit
2997 3088 3195 3142 homini
3246 3090 3577 3163 alienigenae.

2009 3175 2129 3231 Non
2175 3176 2332 3232 nobis
2383 3176 2579 3231 sulﬁcit
2636 3177 2692 3231 in
2730 3175 2832 3233 ﬁde
2876 3180 3073 3233 nutriri
3132 3180 3357 3246 Christi,
3393 3183 3487 3238 sed
3521 3194 3581 3240 et

2008 3282 2350 3338 permanere,
2381 3276 2438 3323 et
2469 3283 2716 3324 crescere
2762 3268 2819 3323 in
2846 3284 2934 3335 ea,
2962 3278 3017 3326 et
3056 3271 3192 3326 nulli
3239 3273 3581 3345 alienigena-

2010 3372 2151 3420 rum,
2182 3357 2235 3411 id
2265 3364 2369 3422 est,
2420 3357 2647 3413 alterius
2678 3373 2708 3412 a
2751 3357 2863 3414 Deo
2894 3359 3184 3431 dogmatis,
3226 3371 3322 3416 aut
3355 3364 3582 3419 alterius

2010 3445 2163 3515 legis,
2190 3446 2276 3500 vel
2304 3446 2536 3501 actionis
2568 3447 2934 3502 commisceri.
2970 3448 3083 3504 Nec
3107 3450 3201 3520 qui
3240 3450 3308 3506 de
3335 3454 3582 3522 patrihus

2011 3553 2198 3593 sumus
2240 3539 2508 3604 ﬁdelibus,
2546 3539 2668 3595 ideo
2693 3541 2803 3610 jam
2840 3541 2897 3595 in
2931 3543 3134 3598 sanctis
3164 3557 3580 3612 prtesumamus,

2010 3630 2116 3685 nisi
2144 3628 2329 3685 ﬁdeles
2364 3632 2739 3701 persistamus.
2768 3630 3062 3702 PrOpterea
3086 3633 3196 3688 ﬁlia
3228 3635 3583 3706 intelligibilis

2011 3721 2327 3784 sacerdotis,
2357 3721 2411 3775 id
2442 3730 2544 3785 est,
2588 3721 2772 3774 anima
2827 3722 3007 3776 omnis
3056 3733 3374 3792 regenerata
3416 3726 3485 3780 ab
3514 3741 3583 3779 eo
3616 3784 3629 3795 ‘

2012 3826 2108 3879 per
2138 3810 2426 3879 baptisma,
2459 3808 2503 3864 si
2539 3812 2658 3864 viro
2711 3811 3031 3880 alienigena:
3064 3811 3358 3882 conjuncta
3395 3814 3579 3878 fuerit,
3628 3853 3636 3859 -

2010 3919 2132 3974 quae
2163 3904 2230 3959 ad
2260 3904 2614 3974 alienigenas,
2645 3905 2797 3958 verbi
2829 3904 3280 3973 gratia,Juda:os,
3319 3923 3582 3980 paganos,

2011 4000 2105 4048 aut
2135 3993 2419 4047 hzereticos
2458 3994 2711 4062 pertinet,
2747 4009 2934 4063 agens,
2967 4003 3022 4049 et
3047 3996 3368 4052 societatem
3389 4013 3583 4054 eorum

2011 4083 2343 4153 amplectens
2393 4080 2649 4153 primitiis
2694 4085 3178 4151 sanctiﬁcatorum,
3228 4088 3284 4142 id
3313 4098 3421 4154 est,
3457 4107 3585 4145 cor-

2011 4189 2145 4245 pore
2171 4175 2397 4246 mystico
2430 4191 2541 4230 non
2574 4185 2847 4232 vescetur.
2881 4178 2979 4232 Sin
3010 4194 3141 4234 vero
3184 4179 3289 4234 ﬁlia
3321 4182 3580 4238 sacerdo-

2014 4267 2084 4322 tis
2111 4266 2304 4322 ell‘ecta
2335 4282 2430 4337 per
2456 4283 2575 4322 eam
2604 4284 2723 4338 quae
2751 4270 2898 4325 dicta
2954 4283 3041 4326 est
3084 4274 3585 4343 regenerationem,

2013 4358 2326 4429 alienigenae
2351 4360 2640 4428 conjuncta
2689 4360 2853 4415 luerit
2895 4361 3209 4418 htereticum
3238 4365 3364 4433 quid
3392 4380 3578 4436 agens.

345 4449 529 4504 divina
563 4448 686 4502 aula
724 4457 947 4517 pr0pter
971 4460 1097 4500 suas
1140 4446 1425 4508 utilitates,
1466 4446 1651 4517 gloriae
1681 4446 1911 4501 forsitan
1946 4449 1988 4502 D
2018 4449 2103 4504 vel
2136 4448 2422 4505 Judaicum
2476 4451 2562 4505 vel
2600 4453 2845 4521 gentile:
2878 4463 2933 4508 et
2972 4454 3134 4510 vidua
3195 4454 3336 4510 facta
3391 4457 3578 4521 fuerit,

347 4548 444 4595 aut
492 4547 733 4609 quazstns
769 4538 1144 4608 pecuniarum,
1188 4546 1282 4591 aut
1324 4537 1550 4591 alterius
1591 4537 1912 4606 hujusmodi

345 4632 664 4687 ministrant
687 4614 869 4696 causa,
893 4645 1041 4684 nunc
1069 4637 1250 4683 autem
1269 4628 1602 4698 diligentiam
1626 4629 1911 4692 exhibent,

344 4739 425 4776 ne
449 4723 574 4791 quis
606 4736 795 4775 eorum
834 4729 1145 4788 corrumpat
1187 4719 1455 4783 ordinem,
1494 4734 1563 4772 ne
1608 4721 1733 4789 quis
1774 4721 1916 4774 male

346 4812 550 4867 divinis
587 4812 724 4865 aulis
770 4820 824 4865 et
878 4810 1062 4878 inique
1094 4816 1295 4862 utatur.
1330 4808 1444 4863 Hoc
1469 4811 1648 4879 ipsum
1687 4817 1742 4865 et
1766 4826 1915 4865 mer—

346 4904 631 4957 cenarium
685 4901 935 4965 dicimus,
967 4901 1035 4955 de
1073 4916 1183 4969 quo
1212 4898 1346 4954 dicit
1374 4901 1634 4956 Dominus
1667 4917 1681 4954 :
1713 4906 1914 4957 Merce-

348 4997 559 5057 narius,
592 5003 640 5047 et
673 4995 764 5063 qui
811 5009 912 5046 non
960 5000 1037 5046 est
1071 5000 1270 5062 pastor,
1329 4992 1481 5060 cujus
1520 5007 1625 5046 non
1648 5001 1768 5046 sunt
1800 5008 1916 5048 oves

346 5085 598 5154 proprie,
635 5083 771 5136 videt
798 5081 978 5151 lupum
1015 5082 1323 5148 venientem,
1357 5091 1405 5135 et
1437 5082 1656 5136 dimittit
1696 5099 1833 5149 oves,
1866 5091 1915 5137 et

348 5161 507 5244 lupus
559 5175 808 5245 dispergit
865 5190 974 5237 eas,
1030 5173 1154 5243 quia
1215 5173 1569 5227 mercenarius
1605 5185 1701 5239 est,
1733 5182 1782 5228 et
1813 5189 1915 5227 non

347 5270 576 5339 pertinet
603 5268 652 5321 ei
676 5268 742 5322 de
765 5267 1018 5321 ovibus“.
1049 5266 1161 5321 Hos
1205 5274 1353 5321 recte
1380 5281 1411 5320 a
1444 5275 1757 5322 sanctorum
1786 5283 1914 5338 pro-

351 5361 508 5417 hibet
533 5359 919 5430 perceptione:
965 5373 1142 5428 neque
1170 5358 1316 5413 enim
1357 5368 1487 5414 sunt
1512 5359 1661 5430 digni
1692 5360 1920 5431 partici-

351 5451 474 5523 pari
522 5452 622 5517 eis,
681 5466 802 5520 quae
855 5451 942 5506 vel
992 5450 1280 5517 desidiose,
1312 5450 1398 5506 vel
1439 5460 1662 5520 propter
1718 5450 1920 5520 aliquid

351 5543 701 5597 commodum
732 5549 918 5613 agunt.

442 5677 489 5713 ⁷⁸
519 5678 610 5734 Ps.
640 5695 824 5743 chttt,
849 5681 899 5735 8.

1005 5682 1049 5712 ”
1077 5681 1263 5738 Jacob.
1297 5697 1379 5748 nt,
1414 5682 1503 5739 l9.

354 5750 378 5807 1
404 5748 550 5805 Pctr.
585 5766 621 5816 ι,
643 5751 729 5807 18.

832 5751 877 5784 ⁸³
905 5749 1059 5805 Cant.
1086 5765 1125 5817 ι,
1154 5753 1209 5806 2.

1607 5683 1654 5716 ⁸⁰
1676 5680 1831 5740 Joan.
1866 5700 1934 5750 Χ,
1974 5683 2039 5738 12
2064 5723 2080 5751 ,
2138 5686 2224 5740 15.

2018 4541 2101 4594 vel
2132 4541 2430 4610 repudiata,
2460 4541 2770 4610 relinquens
2803 4559 3048 4599 errorem
3077 4546 3342 4615 funditus,
3365 4560 3421 4604 et
3445 4565 3583 4620 quo-

2018 4628 2306 4685 dammodo
2331 4633 2599 4701 sepeliens
2624 4634 2794 4695 illum,
2832 4643 2887 4688 et
2917 4635 2985 4691 ab
3014 4635 3202 4707 iniquo
3236 4642 3584 4710 semetipsam
3640 4645 3653 4701 ἰ

2018 4721 2307 4776 absolvens
2332 4723 2742 4789 commixtione,
2794 4739 3011 4781 reversa
3059 4727 3227 4785 fuerit
3265 4730 3321 4786 in
3358 4732 3580 4788 domum

2020 4826 2170 4864 suam
2202 4820 2510 4880 paternam,
2559 4813 2613 4867 id
2655 4821 2758 4875 est,
2817 4812 3138 4880 Ecclesiam,
3186 4827 3241 4873 et
3281 4824 3584 4877 secundum

2017 4901 2358 4970 juventutem
2383 4918 2559 4969 suam,
2589 4903 2643 4957 in
2675 4920 2778 4973 qua
2809 4904 3077 4974 fervebat,
3110 4924 3234 4964 cum
3267 4912 3435 4966 sacris
3463 4913 3591 4983 dog.

2018 4991 2252 5046 matibus
2276 4991 2401 5047 ﬁdei
2453 4993 3206 5064 nutriebatur,juvenescens
3268 5001 3583 5066 virtutibus,

2021 5093 2077 5138 et
2104 5085 2289 5154 virago
2315 5085 2383 5139 ab
2415 5083 2520 5139 illis
2555 5088 2844 5156 appellata,
2879 5090 2947 5144 de
3006 5092 3208 5159 quibus
3240 5091 3331 5144 Dei
3361 5093 3589 5160 spiritus

2019 5176 2086 5230 ad
2109 5177 2383 5231 Christum
2419 5174 2473 5231 in
2504 5176 2744 5234 Canticis
2797 5180 3048 5237 dicebat:
3087 5183 3410 5252 Unguentum
3469 5185 3589 5253 eiu-

2019 5284 2134 5321 sum
2163 5278 2236 5322 est
2266 5286 2453 5323 nomen
2474 5277 2640 5338 tuum,
2667 5281 2938 5341 propterea
2965 5274 3361 5328 adulescentula:
3389 5275 3590 5331 dilm-
3690 5276 3693 5281 ”

2026 5369 2147 5413 runt
2172 5368 2221 5414 te
2234 5358 2303 5414 ⁸³;
2331 5360 2400 5415 de
2430 5362 2662 5430 panibus
2697 5364 2868 5432 patris
2896 5365 3001 5429 sui,
3046 5365 3095 5418 id
3131 5373 3236 5429 est,
3265 5366 3471 5421 Christi
3494 5380 3597 5423 co-

2026 5454 2228 5508 medat.
2269 5453 2324 5506 Si
2376 5454 2524 5507 enim
2574 5464 2802 5509 matrem
2856 5457 3154 5511 Ecclesiam
3213 5460 3595 5531 unusquisque

2009 5555 2278 5611 nostrum,
2305 5554 2362 5600 et
2393 5554 2600 5614 patrem
2647 5547 2926 5601 Christum
2964 5549 3158 5612 habet,
3195 5551 3375 5606 omnis
3397 5551 3593 5609 alieni.

2322 5686 2365 5718 ³⁸
2406 5685 2548 5741 Psal.
2576 5700 2653 5752 ιι,
2687 5685 2741 5740 7.
2843 5683 2888 5719 "
2911 5687 3071 5744 lCor.
3106 5706 3181 5758 vt,
3213 5687 3311 5757 90;
3363 5707 3461 5757 vlt,
3490 5691 3591 5760 23;
