3962 6220
445 250 598 316 non
1654 243 2015 306 nusvcun
2052 240 2519 301 PRESBYTERI
3650 236 3811 301 1072

461 383 596 440 gena
620 364 1017 421 comedeuﬂiex
1043 364 1123 418 eis
1143 378 1250 417 non
1280 362 1444 417 habet
1462 368 1812 430 potestatem,
1843 358 1895 411 id
1920 365 2024 419 est,
2060 365 2100 414 Α
2130 369 2229 423 per
2257 355 2378 422 ejus
2412 352 2691 414 virtutem,
2726 361 2781 407 et
2811 352 3081 422 prolatum
3110 351 3182 406 ab
3215 366 3287 405 eo
3313 349 3632 419 verbum,
3661 368 3806 420 qua:

429 458 556 530 qui
608 459 782 512 aliena
822 456 1041 511 Christo
1071 465 1124 511 et
1154 455 1364 525 legibus
1398 453 1519 523 ejus
1568 459 1625 505 et
1677 450 1861 522 gloria:
1898 450 2028 517 agit.
2133 445 2407 509 videntur,
2467 451 2577 498 tam
2640 443 2971 497 sanctiﬁcata
3034 452 3183 508 sunt,
3223 457 3406 512 quam
3476 451 3800 497 cunctum

460 549 590 618 Ejus
614 532 759 603 enim
788 549 875 603 lex
923 557 1008 602 est
1042 546 1205 600 :Non
1246 543 1439 598 dabitis
1486 550 1731 596 sanetum
1786 539 2026 602 canibus,
2130 536 2310 590 carnis
2349 538 2620 590 excedunt
2650 550 2897 611 sensum.
2944 532 3113 588 llecle
3145 549 3281 603 ergo
3312 532 3570 588 addidit
3618 548 3639 586 :
3674 532 3801 587 Nec

432 660 621 713 .neque
651 641 874 711 mittatis
904 638 1228 708 margaritas
1251 644 1449 689 vestras
1478 642 1601 686 ante
1628 630 1890 701 porcos“.
2132 628 2565 680 contaminabunt
2600 626 2931 695 sanctiﬁcata
2959 625 3191 695 ﬁliorum
3216 623 3430 687 Israel,
3460 641 3621 696 quae
3656 627 3797 694 ofe-

527 734 692 789 Vsus.
744 729 932 786 14-16.
971 748 989 780 ι
1050 728 1154 794 Qui
1203 725 1503 781 comederit
1556 724 1625 778 de
1684 720 2034 777 sanctiﬁcatis
2133 727 2253 772 runt
2295 718 2539 789 Domino,
2596 735 2661 772 ne
2703 720 2836 785 forte
2883 719 3179 772 sustineant
3219 718 3621 789 iniquitatem
3679 722 3797 771 ιιι-

432 840 556 890 “pcr
612 820 997 895 ignorantiam,
1039 818 1201 872 addet
1245 802 1491 886 quintam
1548 823 1760 884 partem
1811 828 1937 875 cum
1967 825 2034 866 eo
2134 811 2245 865 licti
2278 814 2383 874 sui,
2423 828 2542 864 cum
2576 811 2910 878 sanctiﬁcata
2947 801 3287 865 comederint.

457 915 602 985 quod
644 912 882 969 comedit
930 919 987 966 et
1026 910 1177 964 dabit
1215 907 1484 962 sacerdoti
1534 907 1591 960 in
1640 906 2032 969 sanctuarium,
2205 901 2310 970 Qui
2341 903 2487 957 enim
2523 901 2746 957 Christo
2781 916 3007 956 suorum
3047 901 3451 972 mysteriorum
3506 899 3794 957 salluii.

456 1022 561 1061 nec
593 1002 1044 1067 contamiuabunt
1078 998 1412 1054 sanctificata
1455 998 1688 1052 ﬁliorum
1721 997 1882 1053 Israel
1914 1012 2035 1066 qua:
2133 999 2406 1052 cationem
2439 998 2731 1067 imputant,
2762 1006 2819 1051 et
2849 999 3116 1051 addentes
3163 996 3566 1065 sibimetipsis
3602 995 3787 1064 quin-

456 1096 702 1151 oll'erunt
756 1093 1007 1153 Domino.
1048 1074 1131 1161 ne
1181 1089 1322 1144 forte
1355 1088 1662 1142 sustineant
1691 1087 2033 1157 iniquitatem
2136 1098 2244 1142 tam
2287 1103 2410 1157 quae
2458 1089 2669 1157 prolata
2703 1094 2809 1150 est,
2844 1086 3100 1147 videlicet
3126 1087 3366 1141 verbum
3404 1086 3585 1156 ejus,
3625 1085 3783 1154 quod

460 1187 642 1241 delicti
675 1184 756 1238 sui
782 1198 906 1236 cum
938 1178 1273 1234 sanctiﬁcata
1320 1178 1675 1234 comederint.
1709 1178 1822 1249 Ego
1848 1176 2034 1231 Domi-
2137 1188 2357 1233 nostros
2399 1179 2653 1248 producit
2690 1193 2889 1236 sensus
2927 1178 2994 1235 ad
3031 1177 3380 1237 sublimiora.
3433 1192 3576 1231 non
3636 1191 3781 1231 cna-

461 1293 568 1331 nus
596 1275 689 1345 qui
721 1272 1001 1330 sanctiﬁco
1033 1286 1147 1326 eos.
1178 1288 1207 1321 -ι
1348 1302 1355 1305 -
2140 1271 2407 1327 taminaut
2451 1279 2640 1339 sancta
2680 1278 3018 1332 sanctorum,
3052 1277 3244 1339 utpote
3278 1268 3478 1341 qualia
3538 1278 3782 1338 oportet

538 1366 737 1420 Sancta
779 1373 1090 1419 sanctorqu
1114 1368 1241 1416 sunt
1271 1361 1487 1431 proprie
1512 1361 1715 1416 Christi
1757 1360 2033 1431 mysteria,
2137 1360 2205 1414 de
2256 1360 2336 1414 eis
2392 1360 2769 1428 intelligentis,
2802 1348 2914 1413 sed
2968 1373 3071 1412 nec
3129 1359 3414 1413 inducunt
3464 1373 3675 1427 super
3722 1372 3777 1411 se

454 1458 589 1527 quia
621 1456 790 1526 ipsius
823 1462 907 1509 est
939 1452 1260 1523 corpus,‘de
1282 1468 1389 1522 quo
1419 1450 1636 1507 Gabriel
1665 1452 1734 1506 ad
1770 1452 2034 1523 virginem
2139 1451 2480 1521 iniquitatem
2523 1450 2707 1504 delicti
2758 1449 2813 1502 iu
2861 1448 3199 1507 comedendo
3254 1456 3460 1502 sancta
3523 1456 3777 1502 sancto-

450 1548 677 1601 =dicebat
702 1564 715 1599 :
742 1543 969 1613 Spiritus
993 1551 1206 1595 sanctus
1247 1543 1573 1611 superveniet
1606 1543 1663 1595 in
1692 1553 1763 1604 te,
1793 1552 1839 1596 et
1867 1543 2036 1595 virtus
2140 1559 2259 1596 rum
2293 1560 2306 1596 :
2341 1557 2443 1596 nec
2471 1543 2620 1596 enim
2653 1553 2711 1595 ut
2741 1540 2807 1594 ad
2840 1554 3189 1595 communem
3220 1539 3445 1599 cibum,
3471 1539 3599 1594 sed
3625 1539 3775 1595 sicut

464 1638 721 1692 Attissimi
770 1634 1099 1689 obnmbrabit
1138 1635 1252 1694 tibi.
1299 1634 1414 1687 ideo
1449 1635 1587 1705 quod
1619 1644 1865 1687 nascetur
1892 1650 1956 1688 ex
1988 1643 2038 1687 le
2071 1698 2104 1705 _
2140 1637 2205 1689 ad
2236 1636 2547 1705 mysticum,
2580 1642 2636 1687 et
2666 1633 2906 1688 terribile
2935 1641 2989 1687 et
3013 1632 3235 1686 cwleste
3264 1632 3576 1687 accedunt
3612 1642 3677 1686 et
3700 1631 3768 1685 ad

461 1738 701 1784 sanctum
726 1728 1017 1794 vocabitur,
1042 1726 1208 1780 Filius
1235 1725 1327 1780 Dei
1351 1725 1421 1778 ⁸³.
1454 1698 1563 1780 sed
1582 1736 1636 1780 et
1666 1725 1853 1788 Isaias,
1898 1723 2036 1779 San-
2069 1698 2109 1754 Β
2137 1698 2310 1795 quem
2343 1724 2435 1794 qui
2482 1734 2689 1778 temere
2742 1722 3030 1785 accedunt,
3066 1737 3178 1775 non
3226 1721 3593 1790 simpliciter
3636 1736 3767 1790 pec-

462 1830 581 1875 ctus
627 1817 907 1884 Dominus,
941 1825 998 1871 et
1027 1817 1082 1871 in
1108 1816 1234 1871 altis
1267 1815 1492 1882 habitat,
1532 1816 1586 1868 in
1618 1814 1742 1869 sinu
1782 1814 2038 1870 videlicet
2137 1828 2282 1883 cant,
2315 1817 2413 1871 sed
2452 1815 2793 1886 iniquitatem
2835 1813 3018 1869 delicti
3054 1813 3139 1868 sui
3171 1822 3403 1883 portare
3445 1812 3761 1868 dicuntur.

461 1909 660 1965 Patris.
690 1910 774 1964 Ab
800 1910 906 1972 hoc
952 1908 1100 1964 enim
1126 1923 1236 1962 non
1271 1907 1447 1961 solum
1495 1906 1832 1977 alienigenas
1868 1914 1924 1961 et
1953 1908 2038 1960 in-
2138 1908 2402 1975 Delictum
2433 1918 2619 1962 autem
2654 1906 2874 1976 proprie
2912 1921 2942 1959 a
2992 1904 3306 1973 legislatore
3353 1904 3593 1959 dicitur
3633 1919 3761 1973 pet-

459 2001 725 2072 quilinos,
757 2010 812 2056 et
868 2001 1243 2056 mercenaries
1294 1995 1549 2054 sacriﬁcii
1605 1999 1911 2070 prohibuit,
1941 1998 2036 2056 sed
2138 1982 2514 2071 catum,'quod
2553 1999 2610 2053 in
2645 1998 2815 2053 Deum
2860 1996 3244 2061 committitur,
3283 2003 3340 2049 et
3380 2010 3453 2050 ea
3504 2011 3648 2065 quae
3692 1995 3759 2049 ad
3882 2012 3888 2093 γ

460 2107 565 2146 nec
585 2106 681 2160 per
708 2090 1068 2162 ignorantiam
1101 2087 1385 2160 percipere
1417 2088 1691 2158 praecepit.
1732 2087 1837 2145 Per
1882 2090 2039 2162 igno-
2139 2093 2245 2149 hoc
2286 2091 2565 2162 pertinent
2593 2091 2647 2145 in
2678 2088 2985 2149 sacriﬁciis,
3018 2102 3141 2156 quae
3186 2102 3291 2157 pro
3336 2086 3584 2141 delictis
3618 2086 3758 2141 ole-

458 2181 691 2235 rantiam
738 2190 919 2234 autem
950 2178 1207 2251 percipit,
1254 2178 1347 2248 qui
1377 2178 1637 2233 virtutem
1670 2182 1790 2250 ejus
1856 2189 1923 2255 et,
1956 2179 2040 2235 di-
2138 2164 2360 2247 runtur,
2407 2181 2619 2251 pridem
2676 2178 3037 2235 ostendimus.
3092 2176 3249 2232 Unde
3298 2166 3579 2232 et’nunc
3628 2191 3753 2231 cum
3883 2192 3888 2247 l

460 2273 724 2344 gnitatem
768 2272 1001 2342 ignorat,
1047 2269 1141 2341 qui
1173 2271 1372 2337 nescit,
1423 2271 1549 2341 quia
1597 2285 1799 2342 corpus
1851 2271 2040 2336 hocet
2133 2275 2371 2330 dixisset
2413 2292 2427 2327 :
2471 2258 2552 2331 Ne
2599 2273 2732 2344 forte
2785 2272 3079 2326 sustineant
3137 2270 3490 2340 iniquitatem
3567 2271 3753 2323 delicti

459 2365 680 2436 sanguis
700 2371 785 2418 est
812 2363 1112 2418 secundum
1141 2363 1450 2429 veritatem,
1482 2363 1578 2417 sed
1632 2363 1887 2434 mysteria
1913 2364 2040 2434 qui-

454 2454 582 2509 dem
616 2455 868 2524 percipit,
903 2453 1079 2509 nescit
1115 2461 1299 2509 autem
1336 2456 1716 2525 mysteriorum
1750 2455 2038 2510 virtutem.

456 2545 540 2619 Ad
564 2560 727 2615 quem
762 2545 1021 2599 Salomon
1043 2545 1176 2599 dicit
1207 2545 1289 2599 vel
1314 2544 1484 2616 magis
1531 2544 1786 2616 ’spiritus,
1837 2548 1929 2615 qui
1984 2549 2037 2602 in

445 2650 528 2687 -eo
561 2644 646 2687 est
677 2632 936 2698 :Quando
972 2635 1184 2699 sederis,
1242 2643 1298 2687 ut
1333 2636 1573 2689 comedas
1608 2652 1726 2689 cum
1782 2638 2036 2708 principe,

451 2723 733 2793 diligenter
751 2724 962 2777 attende
999 2739 1115 2794 quae
1153 2724 1324 2791 posita
1353 2708 1476 2777 sunt
1509 2734 1634 2779 ante
1675 2726 1803 2780 te”.
1840 2727 2043 2796 Aperte

459 2824 516 2869 et
543 2815 657 2884 ipse
688 2815 1046 2885 compellens,
1073 2824 1129 2870 et
1150 2830 1353 2886 cogens
1377 2830 1526 2882 eum,
1562 2816 1657 2886 qui
1687 2800 1904 2888 ignorat
1941 2819 2039 2872 ad-

456 2905 589 2959 dere
616 2898 862 2974 quintam
903 2913 1114 2974 partem
1142 2921 1155 2958 :
1192 2903 1311 2958 hate
1337 2904 1485 2959 enim
1526 2906 1717 2975 quinta
1747 2907 1929 2962 addita
1964 2909 2042 2965 iu-

2138 2368 2222 2422 sui
2257 2385 2270 2420 :
2303 2376 2451 2421 recte
2502 2365 2745 2444 subdidit
2776 2382 2787 2416 :
2821 2364 2932 2434 Ego
2967 2362 3255 2426 Dominus,
3308 2364 3403 2433 qui
3461 2364 3749 2431 sanctiﬁca

2141 2446 2244 2510 eos.
2297 2456 2624 2517 Ostendens,
2654 2456 2780 2524 quia
2823 2454 3104 2517 delictum,
3139 2454 3194 2507 id
3245 2462 3333 2508 est
3370 2453 3653 2523 impietas
3691 2455 3745 2507 in

2145 2546 2337 2611 Deum,
2388 2543 2768 2612 incompetens
2812 2551 3127 2597 sanctorum
3160 2542 3449 2610 perceptio
3484 2543 3745 2615 appella-

2143 2645 2250 2703 tur.
2281 2634 2478 2688 Tendit
2515 2634 2661 2688 enim
2700 2633 2769 2688 ad
2812 2631 2983 2688 Deum
3034 2631 3441 2687 sanctiﬁcatum
3488 2648 3620 2697 eos,
3649 2635 3741 2704 qui

2143 2725 2305 2786 modo
2337 2741 2446 2795 quo
2474 2732 2710 2799 opottet,
2745 2738 2809 2781 ea
2854 2731 3097 2796 sumunt,
3124 2732 3180 2779 et
3206 2722 3302 2793 qui
3333 2724 3741 2781 sanctiﬁcatio-

2140 2818 2229 2872 nis
2280 2833 2467 2877 causa.
2508 2804 2619 2889 non
2671 2824 2853 2870 autem
2907 2814 3387 2869 contaminatiouis
3442 2817 3739 2887 proposuit

2142 2892 2300 2975 suum
2334 2908 2675 2979 mysterium.
2713 2907 2980 2969 Admirari
3023 2918 3202 2960 autem
3236 2906 3406 2961 nimis
3440 2908 3737 2979 legislato-

437 2995 702 3073 :telligere
740 3011 842 3050 nos
875 2980 1291 3067 intelligibiliter
1333 2997 1516 3052 divina
1541 2994 1595 3053 et
1620 2982 1845 3070 mystica
1878 2999 2028 3054 facit.
2062 3033 2104 3097 ρ
2143 2984 2525 3079 τὸωηουοᾳοιει,
2562 3002 2688 3071 quia
2736 3001 2937 3069 ubique
2968 2998 3314 3071 districtione
3355 3015 3495 3067 usus
3536 3010 3651 3066 est,
3678 3011 3737 3056 et

431 3085 596 3149 “Quid
620 3085 691 3139 sit
721 3094 902 3139 autem
929 3085 1140 3155 quinta,
1171 3085 1284 3156 ipsa
1307 3095 1359 3141 te
1388 3087 1553 3144 verba
1578 3088 1904 3158 legislatoris
1934 3089 2033 3145 do-

456 3190 582 3230 cere
611 3185 856 3245 possunt,
888 3177 966 3230 ait
988 3164 1132 3231 Enim
1164 3195 1177 3230 :
1207 3177 1374 3231 Addet
1407 3179 1648 3249 quintam
1679 3189 1886 3248 portent
1917 3199 2037 3248 cum

457 3282 519 3320 eo
538 3267 676 3336 quod
698 3268 942 3320 comedit.
972 3267 1039 3321 Et
1074 3268 1347 3346 quomodo
1368 3268 1486 3339 ejus
1513 3268 1658 3338 quod
1693 3269 1805 3340 jam
1854 3285 2037 3331 come-

431 3357 542 3412 Ndit
585 3364 640 3410 et
695 3358 1054 3425 consumpsit,
1101 3356 1303 3438 addere
1356 3359 1477 3431 quis
1520 3358 1768 3429 quintam
1814 3360 2038 3429 potest?
2071 3401 2094 3420 .

427 3462 637 3518 meque
667 3447 813 3501 enim
840 3446 986 3501 aliud
1013 3456 1116 3513 est,
1145 3457 1239 3503 aut
1263 3449 1523 3504 aliunde:
1562 3450 1661 3521 sed
1706 3451 1774 3506 de
1806 3453 1945 3522 ipso,
1981 3464 2036 3509 et

431 3555 581 3594 tcum
635 3554 721 3602 eo,
775 3539 860 3593 vel
900 3539 1042 3593 sicut
1086 3539 1250 3605 LXX,
1292 3558 1451 3611 super
1500 3543 1693 3610 ipsum,
1722 3545 1880 3613 jubet
1908 3536 2034 3602 addi

419 3630 723 3699 .rquintam.
791 3630 932 3701 Ergo
978 3631 1168 3700 quinta
1232 3632 1352 3701 ejus
1385 3648 1548 3702 super
1602 3616 1803 3704 ipsum,
1853 3651 2035 3693 sermo

418 3751 429 3763 .-
455 3726 560 3782 est,
597 3716 967 3791 qui'prolatus
999 3730 1082 3775 est
1116 3722 1185 3776 ab
1224 3723 1344 3792 ipso
1374 3724 1614 3791 Christo,
1646 3741 1812 3797 super
1846 3727 2032 3789 Domi-

458 3805 645 3860 nicum
680 3808 1018 3891 mysterium.
1057 3797 1178 3891 ipse
1215 3813 1365 3877 enim
1406 3813 1747 3891 liberat‘nos
1775 3817 1844 3872 ab
1875 3819 2033 3889 igno-

448 3898 655 3962 rantia,
685 3910 1040 3979 removetque
1083 3919 1185 3958 nos
1211 3904 1464 3974 ,additus,
1503 3908 1720 3962 carnale
1753 3909 2029 3979 quippiam

455 3993 512 4040 et
542 3982 921 4044 terrenum'de
952 3978 1160 4048 sanctis
1216 3995 1498 4060 arbitrari,
1549 3995 1649 4069 sed}
1672 3978 1861 4055 divine
1880 4016 1943 4055 ea
1974 3992 2032 4056 et

457 4079 773 4147 spiritaliter
818 4083 991 4153 accipi
1033 4086 1230 4149 sancit,
1275 4087 1421 4155 quod
1454 4076 1897 4161 quintaproprie
1927 4108 2027 4146 no-

455 4164 731 4226 minatur:
761 4173 889 4240 quia
917 4170 1010 4242 qui
1040 4174 1095 4227 in
1134 4175 1296 4229 nobis
1330 4185 1411 4229 est
1440 4176 1658 4255 divinus
1687 4162 1946 4249 Spiritus.
1975 4192 2029 4237 et

2144 3090 2488 3161 Dominicum
2553 3089 2922 3167 ministerium
2997 3088 3347 3157 signiﬁcans,
3411 3092 3730 3146 secundum

2140 3181 2282 3236 LXX
2329 3182 2595 3259 duntaxat
2651 3179 3101 3259 translationem,
3147 3188 3483 3245 sanctorum
3521 3183 3728 3237 Sancta

2139 3272 2269 3327 illud
2300 3260 2609 3343 appellavit,
2647 3272 2773 3341 quia
2812 3270 3137 3349 sacriﬁcium
3171 3270 3360 3341 sancti
3395 3265 3725 3328 sanctorum

2137 3372 2242 3419 est.
2284 3364 2448 3433 Israel
2487 3372 2667 3417 autem
2702 3363 2909 3433 addens
2939 3361 3150 3435 ﬁdelem
3181 3363 3442 3435 populum
3484 3379 3590 3433 per
3620 3366 3725 3420 hoc

2137 3444 2480 3527 signiﬁcavit,
2610 3463 2694 3533 est
2729 3438 2876 3533 eum,
2908 3453 3000 3524 qui
3035 3469 3131 3524 per
3160 3453 3448 3524 mysﬁcum
3481 3454 3594 3509 hoc
3631 3470 3724 3508 sa.

2136 3549 2401 3609 criﬁcium
2440 3528 2609 3621 Deum
2643 3528 2810 3625 videt.
2859 3546 2931 3609 Et
2964 3552 3248 3616 propterea
3288 3548 3509 3615 proprie
3550 3546 3719 3601 Israel

2135 3641 2457 3711 appellatur.
2510 3637 2574 3717 lli
2623 3651 2962 3715 quaecunque
3004 3650 3331 3713 consecrant
3373 3638 3633 3697 Domino.
3663 3639 3717 3697 id

2133 3742 2220 3789 est
2256 3748 2377 3803 quae
2407 3748 2473 3787 ex
2516 3731 2822 3805 semetipsis
2863 3731 2918 3785 in
2953 3730 3185 3803 Domini,
3218 3746 3350 3805 eum,
3381 3730 3713 3793 sacriﬁcium

2134 3812 2394 3888 oﬂ'erunt,
2428 3822 2624 3877 Sancta
2660 3833 2970 3883 sanctorum
3017 3821 3182 3886 ﬁunt;
3228 3834 3428 3890 corpus
3462 3821 3612 3876 enim
3644 3839 3712 3878 ex

2133 3918 2215 3973 eis
2247 3896 2536 3972 conﬁcitur
2566 3912 2799 3979 Christi,
2824 3914 2938 3984 qui,
2971 3913 3094 3982 quia
3128 3912 3369 3983 primitia
3395 3923 3481 3969 est
3507 3924 3712 3972 nostra:

2133 4006 2576 4079 conspersimus,
2642 4012 2791 4071 recte
2861 4018 2927 4063 ex
2992 4001 3195 4056 nostris
3258 4002 3517 4069 primitiis
3573 4019 3706 4063 con-

2131 4100 2291 4154 stitit.

2201 4189 2364 4261 Vsus.
2416 4187 2605 4262 17—21.
2666 4205 2685 4239 ι
2739 4186 2976 4255 Locutus
3026 4186 3290 4242 Dominus
3341 4187 3417 4247 ad
3459 4184 3698 4257 Moysen,

453 4276 634 4318 sermo
678 4278 843 4333 quem
881 4262 1100 4337 tradidit
1146 4267 1236 4335 qui
1269 4267 1321 4319 in
1356 4268 1514 4322 nobis
1566 4256 1714 4345 sunt,
1750 4262 2033 4342 eoniponit
2128 4256 2318 4338 dicens
2347 4299 2361 4335 :
2394 4256 2641 4352 Loquere
2678 4278 2745 4332 ad
2784 4279 2985 4347 Aaron,
3018 4287 3074 4343 et
3100 4278 3166 4331 ad
3205 4278 3347 4334 ﬁlios
3374 4278 3512 4347 ejus,
3546 4256 3605 4335 et
3630 4281 3697 4336 ad

451 4366 670 4416 sensus,
701 4362 757 4408 et
784 4367 896 4408 non
919 4353 1095 4409 solum
1142 4363 1392 4410 nostrum
1418 4365 1645 4445 gustum,
1676 4361 1928 4430 producit
1958 4364 2025 4419 ad
2059 4359 2102 4416 D
2129 4354 2327 4429 omne;
2345 4367 2484 4423 ﬁlius
2511 4367 2697 4445 let-aet,
2716 4367 2979 4436 dicesque
3005 4366 3074 4431 ad
3100 4381 3194 4421 eos
3219 4381 3234 4418 :
3262 4366 3514 4427 Homode
3539 4370 3698 4426 domu

450 4445 792 4514 mysterium,
846 4444 941 4501 sed
969 4455 1024 4501 et
1050 4447 1317 4513 auditum,
1366 4457 1423 4502 et
1468 4438 1664 4535 visum,
1698 4461 1752 4525 et
1794 4462 2020 4531 tactum,
2130 4460 2317 4523 Israel,
2355 4468 2410 4514 et
2441 4459 2520 4533 de,
2553 4438 2799 4531 advenis,
2835 4458 2928 4529 qui
2969 4458 3219 4513 habitant
3267 4460 3410 4529 apud
3456 4475 3572 4524 vos,
3605 4462 3693 4531 qui

449 4535 835 4627 etodoratnm,
868 4537 943 4592 ita
973 4546 1033 4593 ut
1061 4538 1139 4593 nil
1181 4539 1236 4592 iu
1263 4539 1342 4593 eis
1372 4534 1819 4625 minoriration‘i,
1848 4554 1903 4598 et
1936 4546 2020 4599 in-
2129 4536 2390 4623 obtulerit
2437 4551 2769 4627 oblationem
2815 4564 2992 4616 suam,
3040 4550 3125 4609 vel
3169 4542 3304 4611 vitta.
3341 4550 3576 4614 solvens.
3612 4552 3692 4610 vel

451 4621 622 4678 ﬁrma:
655 4626 822 4679 menti
855 4626 1182 4696 proximum,
1220 4628 1289 4684 de
1317 4629 1401 4685 his
1430 4630 1699 4709 videlicet,
1727 4621 1850 4715 quae.
1868 4635 2021 4691 valde
2126 4652 2321 4712 sponte
2370 4621 2628 4717 omet-ens,
2662 4642 2927 4712 quidquid
2972 4641 3104 4696 illud
3148 4630 3505 4699 obtulerit-in
3544 4643 3690 4699 δοιο-

449 4728 686 4805 fuller!“
717 4724 867 4779 sum.
896 4718 1265 4795 suspicemur.
1292 4719 1619 4805 Quicunque
1659 4721 1788 4805 ergo
1818 4727 2021 4795 sancti—
2125 4742 2374 4789 caustum
2427 4733 2668 4797 Domini,
2706 4743 2778 4801 ut,
2815 4734 3080 4791 oll‘eratur
3121 4749 3223 4803 per
3261 4750 3381 4799 vos,
3427 4737 3693 4793 masculus

649 4820 748 4875 per
767 4806 1130 4903 ignorantiam
1162 4803 1490 4879 comederit.
1542 4816 1799 4887 ignorans
1833 4834 2022 4903 eorum
2123 4825 2596 4903 immaculatuses
2630 4827 2823 4893 bobus,
2857 4834 2913 4881 et
2946 4841 3013 4881 ex
3044 4826 3240 4882 ovibus
3267 4834 3324 4881 et
3362 4841 3429 4881 ex
3471 4828 3683 4897 capris:

445 4894 725 4990 virtu-tem,
766 4894 909 4990 sicut
940 4895 1215 4990 diximus:
1600 4906 1608 4914 ‘
1710 4904 1713 4909 ”
1886 4894 1887 4897 η
1958 4894 1967 4901 ί
2010 4900 2011 4903 ¹
2121 4918 2166 4970 si
2195 4896 2465 4987 maeulam
2499 4894 2776 4983 habuerit,
2817 4935 2927 4974 non
2963 4918 3227 4982 oll'eretis,
3267 4935 3449 4990 neque
3474 4894 3572 4975 erit
3599 4938 3683 4976 ae-

519 4984 685 5039 Αάάεί
735 4986 1134 5080 σηξηωνηῌεληδ
1181 5007 1337 5059 "Pe"
1379 5010 1457 5058 θον
1487 5005 1537 5047 ετ
1575 4996 1718 5051 dab“
1764 5001 2025 5069 θησαν-(ἰριί
2117 4984 2413 5077 ceptabile.
2457 5006 2631 5073 llomo
2675 5009 2768 5078 qui
2816 5009 3076 5067 obtulerit
3121 4984 3398 5065 victimam
3444 5010 3682 5080 paciﬁco-

442 5077 518 5169 in‘
542 5077 934 5169 sanctuarium.
976 5076 1476 5138 Sauctiﬁcationem
1507 5087 1652 5142 enim
1689 5090 1900 5169 mystici
1932 5108 2020 5147 sa-
2124 5076 2243 5150 rum
2276 5097 2527 5169 Domino,
2557 5096 2643 5153 vel
2673 5076 2795 5163 vota
2826 5098 3064 5162 solvens,
3097 5099 3410 5168 velsponte
3437 5076 3678 5165 olierens,

371 5256 377 5263 .
443 5166 656 5265 eriﬁcii,
696 5179 775 5265 et-
807 5183 840 5224 a
888 5170 1244 5225 scnsibilibus
1277 5172 1340 5227 ad
1379 5166 1749 5261 intelligibilia
1788 5182 2019 5257 transla-
2125 5170 2235 5255 tam
2259 5189 2327 5244 de
2366 5166 2555 5265 bobus,
2581 5206 2743 5261 quam
2781 5191 2859 5257 de,
2883 5192 3097 5255 ovibus,
3127 5166 3531 5251 immaculatum
3555 5195 3679 5248 om...

445 5256 685 5352 tionem.
730 5259 848 5315 Sive
905 5262 1423 5327 commutationem,
1454 5256 1527 5318 ei
1583 5268 1673 5336 qui
1726 5287 1887 5327 verus
1939 5262 2022 5327 est
2123 5288 2238 5347 ret,
2290 5262 2353 5335 ut
2401 5256 2733 5352 acceptabile
2780 5256 2870 5349 sit.
2922 5281 3112 5339 Omnis
3163 5281 3374 5339 macula
3423 5299 3533 5340 non
3582 5290 3677 5341 erit

441 5350 719 5417 sacerdos,
772 5351 1029 5408 videlicet
1082 5352 1322 5416 Christo,
1377 5365 1594 5424 oportet
1647 5360 1784 5426 dari,
1836 5363 1886 5416 id
1937 5372 2022 5416 est
2123 5368 2177 5422 in
2210 5385 2297 5424 eo.
2339 5388 2356 5421 ι
2532 5350 2549 5352 7
2594 5352 2597 5357 h
3006 5354 3011 5359 ⁷

436 5436 545 5510 ipsi
593 5442 662 5497 de
707 5443 788 5498 eis
826 5444 1147 5498 miraculum
1199 5446 1392 5502 cedere
1441 5458 1496 5503 et
1541 5450 1808 5522 imputare
1845 5473 1856 5507 :
1892 5456 2016 5526 quia
2192 5459 2310 5518 Non
2347 5464 2520 5520 solum
2554 5465 2863 5523 sacerdotes
2889 5481 2919 5522 a
2955 5465 3256 5536 pollutione
3287 5466 3522 5523 mundos
3546 5481 3672 5537 esse,

502 5607 561 5640 ¹¹⁵
584 5618 773 5673 Matth.
802 5636 894 5688 vu,
929 5620 981 5677 6.
1055 5623 1099 5655 ⁸⁸
1122 5622 1250 5681 Luc.
1280 5642 1316 5693 ι,
1348 5627 1438 5684 52.
1515 5631 1559 5662 ⁸⁸
1587 5632 1751 5686 Prov.
1784 5647 1904 5698 xm,
1948 5634 1992 5688 l.
