3962 6220
244 385 423 458 ,111⁵73

1407 392 1493 456 ΙΝ
1524 391 1965 455 LEVITICUM.
2002 414 2072 426 -··
2105 392 2253 454 LIB.
2284 393 2385 454 VI.

3418 392 3555 460 107i

253 502 373 558 sed
404 509 464 558 et
488 500 815 569 oblationes,
845 458 968 572 qua:
996 516 1028 557 a
1055 501 1261 574 pepulo
1290 501 1623 571 offeruntur,
1654 519 1864 577 prace—
1893 509 1941 568 Α
1968 501 2256 561 discimus.
2294 504 2680 563 Verumtamen
2709 516 2764 564 et
2794 522 2952 563 ovem
2980 509 3300 566 sensibilem
3332 510 3377 566 si
3406 458 3550 568 οιτᾷζ

256 591 360 661 pit
394 607 412 646 :
444 603 504 648 ut
546 599 609 646 tu
653 604 974 661 cognoscas,
1023 591 1117 662 qui
1169 607 1230 647 es
1271 591 1447 648 ﬁdelis
1496 592 1630 660 Deo,
1674 605 1730 650 et
1770 594 1865 664 qui

255 683 487 739 oblatio
522 683 575 738 ei
614 698 715 754 per
769 684 1153 740 holocaustum
1208 685 1563 758 intelligibilis
1613 685 1863 741 sacriﬁcii

259 774 464 830 factus
494 790 575 839 es,
608 776 735 844 quia
762 775 913 830 omni
946 776 1245 845 pollutione
1274 778 1531 832 mundam
1569 792 1692 832 esse
1729 793 1866 832 con-

261 870 657 922 verSationem
720 879 871 923 tuam
927 877 1177 938 oportet,
1246 877 1303 924 et
1365 868 1683 940 impollutus
1745 886 1867 925 esse

260 959 743 1027 quemadmodum
784 960 1115 1025 sacerdotes,
1160 960 1403 1023 studeas,
1434 961 1561 1030 quia
1605 970 1662 1016 et
1703 960 1864 1017 Chri-

266 1056 428 1114 stus,
456 1044 665 1118 quaint
691 1058 916 1121 agerent
947 1051 1201 1120 apostoli,
1224 1052 1501 1121 praecepit.
1536 1051 1662 1108 Haec
1686 1052 1866 1107 omnia

267 1154 383 1195 eos
414 1141 627 1196 tradere
640 1142 976 1199 discentibus
993 1142 1253 1212 praecepit
1280 1144 1553 1214 gentibus,
1576 1144 1652 1199 ait
1680 1145 1825 1199 enim
1848 1162 1863 1199 :

268 1227 487 1283 Euntes
525 1231 701 1284 docete
744 1245 921 1284 omnes
968 1241 1166 1300 gentes,
1199 1233 1526 1300 baptisantes
1557 1249 1646 1287 eas
1677 1234 1733 1287 in
1773 1249 1869 1288 no-

273 1322 430 1376 mine
461 1321 661 1385 Patris,
695 1332 744 1376 et
775 1323 922 1387 Filii,
958 1332 1008 1377 et
1036 1322 1269 1393 Spiritus
1302 1326 1496 1392 sancti,
1520 1325 1760 1381 docentes
1783 1343 1868 1381 eos

273 1414 553 1467 custodire
608 1431 934 1485 quwcunque
982 1418 1232 1470 κραπάαυί
1281 1418 1424 1471 nobis
1462 1418 1530 1470 ⁸⁷.
1571 1416 1698 1471 Sive
1740 1434 1869 1487 ergo

272 1506 412 1574 quis
445 1506 749 1561 secundum
790 1500 1215 1574 confessionem,
1251 1509 1367 1564 sive
1410 1511 1711 1565 secundum
1752 1522 1870 1565 om-

274 1611 415 1650 nem
454 1597 827 1653 conditionem
857 1613 1013 1654 suam
1046 1601 1426 1656 holocaustum
1454 1602 1568 1656 Deo
1599 1601 1865 1671 promisit,

274 1686 455 1741 vitam
505 1688 765 1743 videlicet
814 1690 1132 1759 perfectam,
1186 1693 1294 1746 hoc
1342 1701 1424 1746 est
1473 1706 1663 1748 verum
1716 1692 1870 1748 holo—

276 1787 561 1844 onustum,
593 1794 624 1834 a
655 1781 955 1849 pollutione
979 1784 1182 1838 munda
1220 1784 1386 1839 debet
1411 1798 1534 1839 esse
1561 1786 1681 1854 ejus
1713 1786 1865 1839 obla-

279 1869 403 1937 tio;
451 1886 633 1943 neque
677 1875 823 1928 enim
866 1876 1023 1929 aliter
1069 1871 1384 1945 suscipitur.
1428 1874 1633 1932 Oderet
1682 1887 1865 1933 autem

278 1977 389 2032 per
422 1964 850 2033 confessionem,
890 1967 1031 2021 sicut
1072 1967 1213 2021 LXX
1249 1969 1467 2031 dicunt,
1501 1971 1593 2039 qui
1638 1970 1691 2024 in
1730 1985 1867 2039 qua-

277 2069 504 2123 cunque
524 2057 852 2112 necessitate
865 2059 1290 2123 constitutus,et
1307 2076 1374 2114 ex
1395 2075 1458 2115 ea
1480 2066 1865 2130 compunctus,

277 2147 765 2202 conversationem
791 2151 1079 2218 quamdam
1097 2151 1207 2205 Deo
1236 2167 1334 2220 per
1355 2160 1540 2206 votum
1556 2152 1864 2222 pollicetur.

259 2232 604 2292 .Secundum
629 2241 1068 2316 supradictorum
1098 2249 1280 2296 autem
1300 2243 1617 2307 editionem,
1642 2244 1869 2299 electio-

281 2341 414 2379 nem
447 2326 764 2385 invenimus
806 2330 1034 2396 dictam,
1086 2333 1174 2387 ubi
1225 2349 1326 2388 nos
1361 2344 1579 2404 sponte,
1611 2336 1865 2391 dicimus.

284 2416 331 2469 ll
345 2425 596 2487 trumque
608 2422 755 2475 enim
777 2423 919 2476 hanc
941 2424 1270 2479 oblationem
1290 2426 1403 2480 sive
1421 2440 1540 2481 eam
1560 2444 1683 2496 qua:
1698 2443 1766 2483 ex
1780 2446 1872 2486 ne

279 2507 564 2573 cessitate,
596 2509 712 2563 sive
740 2522 860 2564 eam
883 2527 1007 2581 quae
1034 2525 1233 2582 sponte
1249 2516 1327 2581 ιιι,
1347 2518 1617 2586 proponit,
1642 2519 1865 2576 dicens:

281 2596 529 2651 Reddam
557 2601 651 2653 tibi
669 2611 786 2655 vota
814 2619 930 2656 mea
970 2618 1086 2674 qum
1116 2607 1464 2662 distinxerunt
1483 2609 1624 2664 labia
1647 2628 1786 2675 mea,
1821 2622 1869 2667 et

283 2704 405 2758 qua:
437 2688 672 2745 locutum
702 2702 778 2745 est
807 2710 863 2746 os
894 2710 1065 2748 meum
1094 2698 1150 2749 in
1181 2699 1521 2754 tribulatione
1551 2719 1666 2756 mea
1694 2702 1766 2758 ⁸⁸.
1801 2705 1871 2761 Ει

214 2768 224 2776 ’
283 2793 479 2834 rursus
528 2798 542 2833 :
601 2782 913 2840 Voluntaria
971 2789 1077 2841 oris
1124 2790 1226 2841 mei
1266 2790 1591 2860 beneplacita
1617 2796 1724 2865 fac,
1758 2796 1869 2853 Do-

285 2872 429 2926 mine
458 2874 527 2926 3’.
578 2872 784 2929 llorum
836 2878 1073 2947 primum
1127 2881 1374 2949 quidem,
1414 2885 1731 2952 praedictum
1770 2894 1871 2946 vo-

287 2973 429 3029 tum,
471 2965 589 3020 sive
621 2967 1050 3035 confessionem,
1085 2972 1208 3026 sine
1248 2973 1428 3043 aliqua
1466 2968 1745 3035 dubietate
1783 2981 1870 3035 in-

289 3056 607 3125 telligimus.
670 3060 1007 3117 Eiet-tionem
1062 3074 1284 3128 autem,
1340 3066 1457 3120 sive
1510 3078 1868 3138 Spontaneam

287 3147 645 3213 oblationem,
700 3150 804 3206 hoc
855 3153 1001 3221 quod
1055 3155 1298 3211 secundo
1346 3157 1467 3212 loco
1507 3160 1714 3216 dictum
1761 3174 1863 3220 est.
1895 3181 1938 3237 ο

289 3237 519 3305 Oportet
549 3252 756 3305 autem,
784 3243 898 3298 sive
932 3255 1190 3314 operator
1231 3249 1468 3303 mandati
1505 3252 1576 3306 sit
1607 3254 1698 3323 qui
1731 3255 1870 3311 olle-

290 3338 376 3382 ret
421 3330 822 3399 holocaustum,
862 3336 953 3391 hic
992 3346 1078 3391 est
1119 3341 1266 3393 enim
1311 3356 1377 3395 ex
1421 3346 1686 3400 armentis
1726 3348 1870 3404 offe-

204 3474 205 3477 η
291 3434 442 3485 rens,
483 3422 600 3477 sive
625 3424 881 3494 simplex,
915 3428 1044 3498 quia
1080 3430 1168 3485 hic
1196 3442 1372 3487 estex
1393 3435 1588 3490 ovibus
1618 3453 1633 3491 :
1663 3438 1779 3495 sive
1803 3456 1869 3495 ex

291 3516 691 3583 peccatoribus,
738 3519 826 3572 hic
867 3528 952 3575 est
994 3522 1139 3576 enim
1188 3523 1257 3578 de
1304 3526 1530 3594 capris:
1566 3531 1868 3587 masculum

289 3619 412 3661 esse
442 3608 591 3676 quod
619 3609 839 3675 offeret,
865 3612 918 3671 id
949 3622 1035 3667 est
1064 3630 1187 3668 cum
1221 3626 1406 3671 mente
1441 3619 1599 3685 virili,
1631 3629 1686 3676 et
1718 3622 1868 3689 forti,

289 3707 349 3749 ct
395 3699 598 3764 stabili,
642 3708 700 3754 et
737 3718 863 3755 cum
912 3705 1118 3759 valenti
1168 3706 1294 3772 fide,
1332 3719 1497 3779 atque
1543 3712 1870 3771 inconcussa

290 3786 494 3842 offerre
528 3792 613 3843 vel
646 3791 854 3857 offerri,
890 3803 951 3847 ut
989 3796 1232 3851 offerens
1270 3798 1392 3852 talis
1421 3802 1494 3854 sit
1528 3803 1707 3870 qualis
1757 3804 1870 3872 ille,

289 3894 453 3949 quem
487 3882 744 3936 Salomon
782 3886 835 3937 in
874 3884 1188 3943 Proverbiis
1230 3889 1487 3947 dicebat:
1521 3893 1701 3949 Virum
1737 3898 1872 3967 ﬁde-

291 3972 394 4026 lem
420 3969 570 4026 labor
597 3982 673 4028 est
701 3976 935 4031 inuenire
964 3978 1032 4031 ³⁸.
1066 3978 1216 4033 [dem
1258 3990 1342 4036 est
1382 3991 1437 4037 et
1466 3984 1510 4037 si
1540 3987 1871 4044 sacrificium

290 4065 646 4135 paciﬁcOrum
680 4068 880 4125 offeret
908 4070 1050 4140 quis,-
1072 4071 1124 4127 id
1152 4080 1259 4139 est,
1278 4087 1387 4128 non
1422 4073 1566 4130 illam
1593 4092 1715 4147 qua:
1744 4094 1872 4150 per-

290 4156 431 4212 fecta
470 4166 556 4213 est
592 4160 644 4213 in
684 4161 1024 4231 philosophia
1049 4162 1236 4225 vitam,
1267 4165 1428 4220 veluti
1455 4182 1595 4233 eam,
1630 4185 1752 4239 quae
1787 4182 1874 4227 est

296 4249 350 4303 in
404 4266 515 4304 non
570 4252 919 4321 possidendo,
964 4254 1051 4308 vel
1106 4254 1161 4308 in
1192 4254 1525 4326 virginitate,
1568 4259 1636 4313 de
1674 4261 1873 4329 quibus

296 4339 563 4397 Dominus
594 4343 805 4398 dicebat
836 4360 850 4398 :
885 4344 1006 4398 Non
1050 4360 1228 4400 omnes
1270 4348 1488 4417 capiunt
1513 4348 1580 4416 ",
1615 4352 1708 4406 sed
1758 4366 1874 4408 me-

295 4434 558 4500 diocrem,
599 4449 720 4504 quae
758 4437 918 4490 nobis
958 4445 1216 4506 procurat
1259 4436 1577 4494 omnimodo
1615 4441 1868 4510 salutem,

1965 616 2057 657 ras
2103 600 2239 666 Deo,
2275 608 2371 655 aut
2414 601 2634 668 bovem,
2668 602 2764 656 aut
2791 618 3033 673 capram,
3063 612 3159 657 aut
3196 601 3403 673 aliquid
3446 605 3551 659 hu-

1963 691 2241 762 iusmodi,
2294 700 2357 746 ut
2399 692 2554 748 verbi
2608 693 2817 766 gratia,
2869 696 3243 751 sacerdotibus
3295 696 3550 768 primitia

1966 784 2188 851 dentur,
2229 794 2327 841 aut
2366 800 2635 856 pauperes
2663 802 2728 840 ex
2760 802 2828 842 eo
2861 784 3171 857 pascantur,
3215 798 3308 843 aut
3343 782 3548 845 sanctis

1967 876 2174 947 aliquot
2227 877 2594 932 ministerium
2642 876 2773 943 fiat,
2820 885 2915 932 aut
2961 877 3128 932 divini
3185 878 3371 949 templi
3414 890 3548 934 con-

1968 969 2223 1041 structio,
2276 970 2358 1024 vel
2397 969 2620 1039 aliquod
2662 970 2812 1025 aliud
2864 982 3005 1040 opus
3056 971 3201 1041 quod
3253 971 3319 1023 ad
3366 963 3545 1039 ipsum

1969 1062 2211 1130 pertinet
2246 1062 2437 1127 Deum,
2479 1071 2536 1115 et
2564 1069 2852 1131 prOpterea
2895 1061 3273 1115 holocaustum
3317 1061 3542 1125 dicitur,

1969 1152 2276 1221 pollutione
2315 1161 2501 1207 careat
2545 1153 2708 1207 etiam
2753 1138 2871 1207 haec
2916 1152 3141 1207 oblatio.
3182 1142 3288 1207 Sed
3321 1152 3547 1222 quaesit

1971 1242 2086 1297 haec
2134 1242 2398 1312 pollutio,
2449 1244 2537 1297 lex
2586 1242 2791 1308 tacuit,
2843 1234 3005 1297 nubis
3052 1241 3190 1296 dans
3240 1229 3546 1310 intelligere

1967 1342 2155 1387 veram
2200 1334 2588 1402 pollutionem,
2630 1342 2688 1387 et
2730 1347 2946 1387 cavere.
2982 1332 3081 1386 Est
3112 1336 3297 1385 autem
3333 1331 3450 1385 hinc
3477 1343 3546 1384 ex

1970 1424 2180 1493 rapina,
2212 1416 2268 1478 et
2306 1424 2601 1493 injustitia,
2639 1424 2812 1479 aliave
2855 1414 3083 1477 avaritia
3127 1421 3362 1486 offerre;
3409 1418 3544 1475 abo-

1969 1516 2231 1571 minabile
2277 1512 2363 1569 est
2397 1510 2547 1570 enim
2589 1515 2733 1585 apud
2780 1513 2975 1576 Deum,
3005 1522 3061 1568 et
3102 1529 3213 1568 non
3260 1518 3549 1581 acceptum

1969 1606 2043 1673 ei,
2076 1606 2151 1661 ita
2187 1613 2247 1660 ut
2286 1605 2450 1660 nimis
2487 1607 2584 1675 per
2621 1607 2945 1675 prophetam
2979 1604 3197 1659 'Jtidteos
3223 1604 3292 1659 de
3321 1603 3427 1658 huc
3455 1614 3544 1658 re.

1969 1690 2361 1765 prehenderet.
2402 1694 2504 1760 Qui
2539 1695 2815 1764 ludiﬁcati:
2847 1693 2974 1748 Sion
3010 1688 3066 1747 in
3104 1686 3464 1763 sa'nguinilms,
3493 1699 3546 1745 et

1969 1786 2265 1854 Jerusalem
2313 1788 2369 1839 in
2404 1786 2685 1856 iniquitate
2711 1786 2779 1838 ’³.
2819 1785 2911 1840 Sic
2959 1786 3107 1839 enim
3161 1785 3339 1838 littera
3379 1776 3544 1852 hujus

1970 1876 2269 1931 sanctiouis
2321 1885 2378 1931 et
2429 1876 2657 1946 spiritus
2712 1883 3089 1932 conservatur.
3136 1875 3191 1929 Si
3239 1867 3459 1946 quidem
3509 1892 3544 1929 τι

1968 1967 2127 2022 nobis
2178 1967 2348 2022 semel
2400 1967 2804 2037 exponentihus
2847 1968 3106 2032 audistis,
3150 1967 3278 2036 quia
3327 1964 3573 2035 quando-

1968 2056 2099 2111 dicit
2137 2057 2224 2111 lex
2261 2074 2275 2111 :
2312 2055 2506 2121 Homo,
2555 2056 2729 2121 homo,
2782 2063 3001 2126 oportet
3048 2071 3173 2110 cum
3225 2055 3546 2109 considera-

1970 2148 2118 2203 tione
2149 2149 2397 2218 spiritus,
2431 2157 2489 2203 et
2522 2148 2763 2202 mandati
2803 2148 3043 2202 litteram
3073 2146 3301 2201 intueri.

2041 2237 2204 2294 Vens.
2247 2238 2438 2293 22-25.
2480 2255 2500 2289 ‹
2542 2238 2600 2291 Si
2634 2252 2839 2292 cat-cum
2892 2237 3079 2301 fuerit,
3119 2237 3165 2291 si
3209 2236 3463 2301 fractum,
3500 2235 3547 2289 si

1968 2330 2283 2385 cicatricem
2338 2330 2569 2393 habens,
2610 2329 2654 2384 si
2705 2329 2958 2398 papulam
3009 2337 3106 2382 aut
3151 2328 3415 2394 scabiem,
3460 2328 3546 2382 vel

1970 2419 2371 2490 impetiginem,
2403 2435 2513 2474 non
2544 2418 2791 2473 offeretis
2824 2433 2887 2472 ea
2922 2417 3171 2483 Domino,
3203 2432 3382 2485 neque
3412 2417 3548 2473 ado-

1970 2509 2151 2563 lcbitis
2183 2525 2249 2563 ex
2279 2508 2359 2564 eis
2386 2523 2553 2578 super
2575 2508 2748 2562 altare
2774 2507 3009 2562 Domini.
3035 2507 3258 2572 Bovem,
3282 2517 3338 2563 et
3363 2522 3546 2572 ovem,

1969 2617 2122 2667 aure,
2151 2612 2208 2657 et
2233 2602 2407 2658 cauda
2432 2602 2751 2671 amputatis,
2776 2600 3083 2655 voluntarie
3111 2599 3312 2655 offerre
3340 2607 3545 2669 potest,

1968 2703 2158 2750 votum
2189 2709 2258 2750 ex
2289 2694 2375 2749 his
2405 2693 2537 2748 solvi
2571 2707 2681 2746 non
2714 2700 2916 2763 potest.
2943 2693 3116 2745 Omne
3144 2690 3366 2753 animal,
3401 2689 3549 2759 quod

1970 2789 2056 2843 vel
2083 2786 2357 2852 contritis,
2390 2784 2475 2839 vel
2502 2784 2700 2849 tonsis,
2729 2783 2813 2838 vel
2845 2782 3030 2844 sectis,
3064 2782 3368 2851 ablatisquc
3395 2780 3551 2836 testi-

1970 2876 2111 2932 culis
2139 2883 2246 2941 est,
2279 2890 2390 2929 non
2432 2872 2680 2928 offeretis
2722 2871 2973 2937 Domino,
3005 2871 3145 2926 etin
3180 2880 3325 2925 terra
3366 2878 3551 2925 vestra

1971 2968 2077 3022 hoc
2108 2967 2334 3022 omnino
2364 2981 2475 3020 non
2509 2963 2744 3020 facietis.
2780 2964 2855 3018 De
2891 2964 3060 3016 manu
3088 2961 3406 3032 alienigenae
3436 2974 3551 3016 non

1969 3056 2219 3111 offeratis
2263 3069 2434 3125 panes
2490 3053 2722 3109 Domino
2768 3052 2883 3108 Deo
2930 3061 3134 3118 vestro,
3185 3061 3243 3107 et
3286 3050 3550 3123 quidquid

1971 3144 2119 3203 aliud
2144 3148 2277 3203 dare
2295 3146 2570 3201 voluerint
2593 3146 2721 3216 quia
2748 3153 3004 3216 corrupta
3034 3153 3090 3200 et
3118 3142 3389 3201 maculata
3422 3152 3552 3199 sunt

1969 3240 2178 3305 omnia,
2212 3253 2322 3293 non
2364 3238 2675 3308 suscipietis
2705 3253 2790 3292 ea.
2825 3256 2843 3290 ο

2039 3332 2205 3389 Aliud
2237 3332 2328 3387 hic
2353 3331 2574 3386 videtur
2610 3330 2888 3402 legislator
2930 3329 3182 3395 innuere,
3217 3329 3386 3385 multa
3415 3343 3552 3384 cou-

1971 3427 2306 3483 sideratioue
2336 3425 2583 3495 dignum.
2616 3425 2693 3480 De
2726 3424 2812 3479 his
2840 3440 2962 3495 quae
2989 3423 3300 3479 olioruntur
3337 3422 3575 3491 altario,

1970 3536 2081 3578 non
2111 3521 2161 3576 ei
2190 3535 2372 3577 sermo
2398 3527 2503 3583 est,
2530 3527 2662 3574 sunt
2683 3528 2866 3573 autem
2893 3517 2989 3587 qui
3016 3512 3304 3589 mysticum
3333 3524 3389 3572 et
3424 3531 3553 3573 san-

1972 3621 2189 3667 ctorum
2233 3610 2469 3666 ofﬁcium
2517 3609 2846 3663 sortiuntur.
2893 3610 2996 3663 Per
3042 3609 3380 3663 sanctionem
3425 3616 3559 3678 ergo

1971 3706 2331 3770 anteriorem,
2358 3702 2618 3758 mundam
2645 3716 2769 3757 esse
2795 3717 2825 3755 a
2853 3702 3155 3771 pollutione
3182 3701 3370 3772 populi
3400 3701 3552 3754 obla-

1975 3796 2181 3852 tionem
2204 3794 2550 3865 praecipiens,
2574 3793 2720 3863 quod
2751 3792 3066 3847 necessarie
3093 3792 3260 3847 nimis
3287 3791 3341 3844 in
3369 3790 3556 3845 unius-

1973 3887 2243 3958 cujusque
2280 3885 2698 3940 conversatione
2740 3884 3077 3938 intellcctum
3120 3890 3221 3937 est.
3274 3881 3431 3935 Nunc
3467 3881 3554 3935 di-

1968 3980 2231 4031 numerat
2259 3992 2273 4028 τ
2302 3988 2440 4045 quos
2468 3988 2579 4027 non
2614 3980 2865 4042 oporteat
2891 3973 3087 4027 altario
3115 3972 3324 4037 offerri,
3354 3980 3409 4027 et
3442 3973 3554 4042 pri-

1973 4080 2126 4121 mum
2171 4064 2305 4121 dicit
2351 4079 2417 4119 ex
2464 4064 2547 4118 eis
2592 4072 2826 4118 caecum.
2855 4062 2960 4129 Qui
2999 4063 3147 4117 enim
3191 4063 3552 4134 ignorantiam

1973 4158 2139 4215 habet
2197 4156 2332 4225 Dei,
2377 4155 2654 4227 quomodo
2696 4155 3032 4210 ministrabit
3094 4150 3227 4221 Deo,
3280 4169 3385 4211 nec
3433 4156 3551 4226 ipse

1974 4249 2297 4321 dignitatem
2329 4248 2508 4304 sciens
2538 4248 2679 4316 ejus,
2718 4247 2785 4301 ad
2815 4240 2972 4316 cujus
3002 4246 3361 4301 ministerium
3390 4260 3556 4301 voca-

1976 4352 2087 4409 tur,
2124 4358 2229 4398 nec
2257 4342 2379 4396 aliis
2408 4341 2597 4396 valens
2640 4339 2951 4410 exponere?
2986 4337 3140 4393 Unde
3178 4340 3234 4393 ct
3275 4338 3558 4409 negligens

1976 4437 2122 4491 circa
2171 4450 2268 4491 eos
2317 4435 2422 4491 erit
2459 4452 2471 4488 :
2507 4433 2761 4490 nesciens
2809 4415 3155 4498 divinorum,
3205 4432 3405 4503 quibus
3457 4433 3558 4487 mi-

294 4526 396 4579 etsi
446 4541 554 4579 non
609 4528 922 4596 assequitur
969 4543 1053 4593 ea,
1085 4545 1207 4599 qua:
1253 4531 1321 4585 ad
1371 4532 1763 4601 prophetarum
1816 4546 1873 4591 et
1905 4533 1948 4588 D
1978 4529 2195 4594 nistrat,
2226 4528 2487 4582 virtutem
2516 4544 2530 4580 :
2562 4526 2751 4596 quales
2781 4535 2937 4579 erant
2971 4524 3191 4595 quidam
3219 4523 3555 4593 indecorum,

295 4615 667 4683 apostolorqu
724 4632 1037 4671 mensuram
1097 4620 1350 4674 tendunt.
1402 4620 1569 4677 Stella
1635 4625 1774 4677 enim
1840 4643 1873 4679 a

296 4705 450 4758 stella
479 4706 651 4776 differt
689 4706 746 4759 in
779 4706 1026 4760 claritate
1053 4708 1120 4773 ⁹²,
1157 4711 1458 4765 secundum
1491 4714 1635 4781 quod
1677 4714 1876 4770 Paulus

210 4872 223 4885 ρ
297 4793 533 4849 dicebat.
575 4794 683 4849 Sed
721 4806 776 4849 et
809 4792 897 4850 hic
941 4797 1245 4852 masculum
1297 4815 1526 4855 necesse
1562 4812 1647 4858 cst
1680 4802 1877 4858 offerat

298 4886 709 4942 immaculatum
739 4907 753 4943 :
788 4889 904 4943 haec
935 4897 991 4943 et
1021 4889 1112 4943 lilii
1144 4890 1336 4956 Israel,
1376 4902 1433 4947 et
1463 4893 1688 4949 advenae
1721 4896 1876 4952 vide-

296 4979 445 5044 licet,
481 4989 536 5035 et
579 4982 674 5052 qui
719 4996 869 5037 nunc
907 4984 976 5038 ad
1026 4984 1191 5040 ﬁdem
1232 4995 1528 5050 venerunt,
1568 4987 1875 5059 adiectique

298 5082 429 5129 sunt
451 5074 610 5131 nobis
638 5076 709 5131 ab
736 5092 925 5133 errore
951 5079 1233 5143 exteriori,
1261 5080 1514 5134 similiter
1538 5082 1873 5137 custodiant.

300 5165 378 5219 Ex
423 5181 534 5235 quo
572 5168 723 5228 enim
775 5170 974 5240 aliquis
1022 5173 1191 5225 vitam
1244 5172 1559 5241 promiserit
1599 5173 1709 5227 Deo
1751 5190 1876 5243 per-

302 5255 497 5310 fectam
545 5265 601 5312 et
650 5260 1086 5317 consummatam
1106 5298 1135 5327 ,ι
1172 5278 1281 5317 non
1328 5263 1440 5332 jam
1497 5265 1872 5333 praetendere.

302 5347 448 5415 quod
479 5350 696 5419 tempus
726 5352 957 5408 multum
986 5353 1039 5407 iu
1073 5348 1262 5408 errore
1295 5348 1477 5419 fuerit,
1506 5357 1725 5425 poterit,
1750 5358 1876 5428 quia

302 5453 406 5492 nec
448 5446 691 5509 tempore
739 5443 916 5498 virtus
964 5454 1107 5515 eget,
1150 5454 1210 5499 ut
1252 5445 1524 5511 discatur;
1570 5458 1695 5501 mox
1731 5448 1874 5502 enim

301 5538 359 5585 ut
413 5545 533 5586 eam
595 5532 1069 5602 affectaverimus,
1136 5537 1598 5607 quemadmodum
1660 5549 1876 5595 utamur

386 5732 433 5766 ⁸⁷
461 5733 649 5787 Matth.
683 5750 874 5796 χχι-ιιι,
914 5736 999 5795 f9.
1034 5735 1123 5788 20.
1199 5734 1245 5769 ”
1279 5736 1419 5792 Psal.
1453 5753 1573 5796 va.
1601 5737 1684 5791 H.

305 5794 536 5860 "lCor.
566 5822 652 5872 λγ,
676 5805 763 5860 il.
843 5794 887 5838 ’⁷³
918 5805 1083 5861 Mich.
1114 5808 1291 5874 ttt,lO.
1369 5810 1414 5841 °'
1438 5808 1540 5862 lsa.
1565 5794 1675 5874 l.\‘l,
1721 5809 1801 5861 10.

1784 5738 1828 5770 ⁸⁸
1858 5737 1999 5793 l‘sal.
2031 5750 2217 5802 cum,
2256 5735 2376 5791 108.

1979 4613 2047 4677 de
2085 4618 2285 4692 quibus
2316 4619 2457 4675 Deus
2503 4620 2558 4674 in
2605 4619 2743 4674 Isaia
2780 4614 2998 4674 dicebat
3027 4637 3040 4672 :
3075 4618 3270 4686 Videte,
3304 4620 3558 4690 quoniam

1979 4730 2155 4769 omnes
2196 4717 2514 4775 nescierunt,
2550 4713 2777 4766 universi
2818 4728 2973 4765 canes
3000 4712 3151 4777 muti,
3183 4727 3283 4764 non
3328 4711 3557 4764 valentes

1980 4807 2182 4861 latrare
2216 4806 2285 4860 ³⁸.
2317 4805 2670 4860 Confractum
2710 4804 2795 4858 vel
2829 4803 3127 4858 contritqu
3167 4802 3408 4858 secundo
3440 4803 3559 4857 loco

1979 4899 2183 4970 posuit,
2213 4899 2372 4968 cujus
2411 4898 2557 4952 enim
2585 4911 2780 4951 manus
2801 4911 2866 4951 ac
2901 4896 3092 4965 pedes,
3132 4894 3378 4951 actiones
3407 4894 3559 4950 vidc-

1979 4990 2126 5054 licet,
2149 4998 2203 5045 et
2234 4991 2299 5045 ad
2326 4988 2498 5044 Deum
2537 4988 2734 5042 itinera
2763 4987 3046 5043 confracta
3075 4987 3377 5043 cbutritave
3407 4992 3556 5047 sunt,

1979 5080 2051 5136 ne
2106 5081 2195 5136 hic
2240 5081 2461 5151 quidem
2501 5079 2660 5135 altari
2705 5079 3019 5134 ministrare
3061 5080 3260 5149 dignus
3292 5084 3379 5131 est
3421 5093 3435 5130 :
3470 5075 3559 5130 cui

1978 5172 2240 5228 convenit
2268 5164 2401 5227 illud
2430 5171 2573 5241 quod
2613 5168 2823 5225 Psaltes
2865 5170 2941 5223 ait
2975 5184 2987 5222 :
3024 5167 3300 5231 Contritio,
3333 5173 3381 5218 et
3422 5164 3560 5234 infc-

1978 5263 2152 5318 licitas
2180 5263 2236 5317 in
2264 5263 2361 5316 viis
2399 5277 2600 5316 eorum.
2632 5258 2741 5316 Sed
2776 5276 2879 5315 nec
2908 5258 2997 5328 qui
3033 5250 3269 5328 linguam
3310 5253 3557 5318 incisam,

1978 5354 2283 5411 secundum
2328 5350 2467 5407 LXX
2511 5353 2695 5418 habet,
2727 5352 2778 5405 id
2816 5361 2902 5407 est
2931 5350 2975 5405 si
3013 5349 3136 5419 quis
3162 5364 3261 5418 per
3285 5345 3560 5402 sordidam

1981 5446 2171 5510 vitam,
2208 5442 2461 5499 ﬁduciam
2503 5440 2735 5496 docendi
2785 5436 3041 5511 perdidit,
3079 5437 3168 5492 cui
3219 5436 3295 5491 ait
3341 5434 3508 5489 David
3542 5451 3558 5488 :

1984 5532 2261 5588 Peccatori
2298 5540 2475 5587 autent
2527 5530 2664 5585 dixit
2687 5527 2822 5583 Deus
2852 5543 2871 5581 :
2896 5525 3074 5592 Quare
3119 5534 3176 5580 tu
3216 5539 3441 5581 enarras
3473 5523 3563 5593 itt-

2476 5733 2523 5767 "
2554 5730 2713 5787 Prov.
2744 5728 2832 5793 xx,
2857 5724 2912 5780 6.
3038 5727 3081 5758 "
3110 5724 3307 5782 Matth.
3334 5738 3446 5784 XIX.
3475 5720 3562 5780 ll.
