3988 6222
496 363 632 432 1075

496 488 670 542 stitias
692 502 832 541 meas
844 486 929 540 "‘f
949 485 1212 541 Similiter
1237 487 1538 543 secundum
1556 487 1720 553 LXX,
1748 498 1798 543 et
1822 488 2070 558 formicu-
2096 495 2143 552 Α

492 580 681 641 losum,
715 577 848 632 dicit
886 586 1069 632 autem
1113 593 1240 633 eum
1278 578 1371 648 qui
1406 588 1702 650 occupatus
1741 587 1826 635 est
1854 579 1910 633 in
1932 588 2068 648 ‘ope—

490 668 644 722 ribus
681 667 916 722 terrenis
943 677 1001 722 et
1028 668 1402 733 saecularibus,
1432 670 1524 739 qui
1555 670 1907 740 semetipsum
1938 668 2067 723 huic

491 757 807 827 cogitationi
846 758 1093 827 deputat,
1128 759 1180 814 id
1220 769 1304 814 est
1335 761 1429 829 qui
1462 760 1710 815 comedat
1734 769 1789 815 et
1816 760 1985 821 bibat,
2010 768 2067 814 et

489 846 583 914 qui
609 847 712 902 alia
740 848 938 903 similia
963 851 1186 920 cogitat,
1212 858 1268 905 et
1295 852 1386 920 qui
1420 852 1770 916 thezaurizat,
1803 850 2063 920 quoniam

490 939 611 993 hinc
633 939 743 993 vita
772 939 1125 996 formicarum
1146 952 1231 997 est
1249 959 1467 1013 semper
1490 944 1589 998 sibi
1616 958 1944 1020 congregat}:
1976 959 2064 1006 ea,

488 1042 610 1094 quae
654 1029 721 1082 ad
761 1038 1010 1083 ventrem
1059 1032 1357 1099 pertinent,
1391 1033 1659 1103 siquidem
1709 1041 1766 1087 et
1809 1030 2067 1086 Salomon

490 1116 545 1167 in
581 1115 895 1171 Proverbiis
931 1117 1099 1172 dicit:
1131 1119 1271 1173 Vade
1312 1122 1383 1174 ad
1424 1122 1723 1190 formicam,
1753 1139 1783 1175 o
1819 1123 1984 1190 piger,
2016 1130 2065 1176 et

488 1208 765 1261 considera
810 1210 926 1263 vias
970 1210 1084 1278 ejus
1120 1212 1186 1266 ".
1238 1211 1373 1277 Quia
1424 1213 1571 1268 enim
1620 1214 1686 1267 ad
1728 1214 2064 1283 operandam

489 1299 704 1367 pigrum
745 1302 1094 1368 provocabat,
1125 1312 1413 1372 propterea
1461 1303 1863 1358 transmittebat
1902 1320 2063 1371 eum,

491 1390 636 1444 sicut
661 1389 729 1444 ad
760 1391 1120 1461 operatricem
1157 1392 1459 1458 formicam,
1493 1409 1602 1448 non
1638 1404 1698 1448 ut
1731 1395 1855 1448 talia
1884 1396 2065 1463 qualia

493 1482 720 1537 formica
751 1494 1094 1552 Operaretur,
1127 1486 1220 1541 sed
1269 1496 1331 1541 ut
1361 1487 1712 1541 mmularetur
1759 1486 2061 1552 formicam,

491 1588 630 1641 opus
658 1574 725 1627 ad
760 1575 965 1643 majora
1005 1576 1320 1642 transferre,
1356 1578 1409 1632 id
1453 1585 1536 1633 est
1573 1578 1638 1632 ad
1676 1577 1914 1647 agendas
1951 1576 2066 1630 vir-

492 1675 655 1719 tutes.
683 1665 843 1722 Unde
868 1667 1002 1722 LXX
1033 1670 1324 1724 ediderunt
1356 1688 1369 1723 :
1402 1670 1470 1724 Et
1500 1671 1694 1739 efficere
1726 1669 1820 1723 illa
1852 1669 2064 1738 sapien-

491 1754 612 1808 tior.
640 1754 729 1810 Sic
768 1771 894 1827 ergo
923 1757 1107 1818 homo,
1153 1774 1275 1813 eum
1312 1759 1491 1813 divina
1527 1760 1735 1823 studet,
1766 1758 2064 1828 sapientior

488 1844 737 1912 edicitur,
792 1847 859 1902 ab
918 1848 1008 1901 illo
1062 1849 1156 1917 qui
1213 1858 1430 1905 terrena
1481 1859 1757 1919 operatur.
1806 1849 2065 1918 Papulam
2096 1850 2135 1902 li

490 1937 720 2003 habens,
772 1939 857 1992 vel
903 1941 1177 2005 scabiem,
1234 1942 1510 1996 detractor
1562 1942 1897 2012 intelligitur,
1936 1943 2063 2011 quia

490 2031 765 2100 pessimus
806 2032 925 2101 ejus
970 2033 1208 2094 morbus,
1240 2042 1295 2087 et
1334 2034 1688 2103 asperrimum
1718 2034 1840 2103 ejus
1866 2033 2065 2088 vulnus

489 2129 621 2176 est:
661 2124 813 2177 nullo
864 2124 1012 2179 enim
1065 2124 1425 2180 medicamine
1481 2124 1640 2179 facile
1685 2132 1869 2195 potest
1915 2125 2062 2179 miti-

488 2215 626 2285 gari.
680 2215 1011 2287 Impetiginis
1061 2218 1288 2283 habens,
1335 2217 1631 2272 fornicator
1673 2226 1778 2283 est,
1827 2218 2064 2273 maculat

490 2305 635 2359 enim
664 2322 826 2361 suum
862 2323 1083 2378 corpus,
1130 2318 1350 2378 propter
1385 2311 1529 2378 quod
1569 2308 1764 2364 Paulus
1795 2311 2007 2364 dicebat
2044 2327 2059 2364 :

489 2398 591 2462 Qui
648 2410 826 2454 autem
880 2401 1193 2470 fornicatur,
1240 2404 1294 2456 in
1342 2418 1529 2471 corpus
1576 2419 1731 2456 suum
1777 2413 1954 2470 peccat
1992 2403 2059 2456 ’7.

485 2487 704 2543 Nullum
739 2504 870 2559 ergo
900 2491 1096 2544 horum
1127 2492 1375 2560 deputari
1410 2493 1478 2546 ad
1518 2492 1884 2547 ministerium
1921 2493 2060 2546 alta-

486 2578 563 2632 ris
610 2578 836 2646 spiritus
884 2578 1209 2647 legislatoris
1261 2582 1397 2634 vult.
1445 2580 1743 2649 Pr0pterea
1780 2583 1900 2635 ait:
1940 2581 2062 2635 Non

485 2668 708 2735 offeratis
735 2684 797 2721 ea
832 2667 1075 2733 Domino,
1099 2685 1192 2722 nec
1216 2670 1488 2723 adolebitis
1515 2687 1579 2723 ea:
1603 2672 1676 2724 eis
1707 2688 1861 2739 super
1887 2671 2060 2725 altare

487 2758 719 2812 Domini.
771 2758 898 2813 Sive
949 2761 1249 2815 secundum
1298 2760 1438 2815 LXX
1479 2781 1493 2816 :
1530 2761 1650 2815 Non
1696 2764 1906 2831 offerent
1950 2764 2060 2816 haec

489 2847 730 2907 Domino.
767 2858 814 2901 et
851 2864 1008 2916 super
1057 2850 1231 2903 altare
1281 2866 1384 2904 non
1430 2852 1643 2904 dabitur
1682 2853 1747 2905 de
1791 2854 1866 2906 eis
1902 2870 2060 2919 super

483 2937 656 2992 altare
686 2938 930 2993 Domino.
968 2939 1312 2994 Sacrificium
1351 2949 1532 2995 autem
1570 2940 1913 3010 paciﬁcorum
1945 2958 2057 2997 non

482 3028 653 3083 addit.
687 3031 1147 3098 quemadmodum
1193 3033 1479 3103 superius;
1511 3034 1659 3088 omni
1703 3033 1864 3088 modo
1891 3033 2054 3087 intel-

483 3117 637 3188 ligas,
661 3120 727 3174 de
755 3120 840 3176 his
861 3120 953 3190 qui
978 3123 1249 3193 mysteriis
1273 3123 1606 3189 ministrant,
1637 3122 1764 3178 diei.
1794 3122 1858 3176 Hi
1888 3123 2048 3178 etiam

483 3208 861 3264 holocaustum
909 3226 1030 3265 esse
1075 3228 1214 3281 opus
1256 3213 1481 3277 habent,
1542 3214 1708 3268 vitam
1755 3212 2052 3283 perfectam

477 3311 538 3356 et
588 3313 1020 3363 consummatam
1080 3316 1324 3376 agentes.
1382 3307 1522 3374 Quid
1575 3318 1757 3362 autem
1817 3306 1902 3361 his
1953 3306 2054 3362 ad-

479 3395 659 3463 didit?

552 3484 745 3541 Bovem
775 3498 825 3541 et
857 3505 1023 3553 ovem,
1064 3507 1194 3543 aure
1225 3501 1275 3545 et
1311 3495 1482 3547 cauda
1524 3497 1835 3564 amputatis,
1864 3495 2049 3549 voluno

482 3579 621 3631 tarie
665 3572 849 3647 o/j‘erre
891 3590 1059 3650 potest
1092 3597 1112 3638 :
1143 3591 1316 3635 votum
1357 3593 1533 3638 autem
1570 3600 1634 3639 ea;
1665 3586 1746 3639 Itis
1782 3587 1912 3639 solvi
1950 3601 2054 3639 non

477 3677 665 3736 potest.
710 3666 875 3723 Omne
915 3670 1121 3723 animal
1158 3671 1296 3739 quod
1342 3671 1423 3724 vel
1457 3674 1709 3738 contritis,
1747 3677 1825 3727 vet
1867 3676 2048 3736 tonsis,

477 3758 560 3812 vel
599 3760 751 3813 sectis
791 3760 1083 3830 ablatisque
1124 3761 1376 3815 testiculis
1413 3771 1507 3824 est,
1540 3779 1642 3815 non
1675 3765 1896 3833 ofj'eretis
1942 3766 2050 3820 Do-

478 3849 643 3901 mino.
677 3849 970 3919 Disciplina
993 3866 1123 3920 ergo
1146 3851 1336 3915 multa,
1360 3860 1560 3920 etquae
1582 3853 1810 3908 decebat
1832 3855 2051 3927 legisla-

480 3944 678 4003 torem,
708 3940 773 3994 ad
820 3940 984 4010 hujus
1023 3939 1434 3999 distinctionem
1479 3943 1746 4001 sermonis
1783 3961 1914 4002 usus
1944 3956 2048 4010 est,

477 4044 641 4097 quam
682 4037 738 4083 et
772 4031 827 4084 in
874 4031 1245 4101 superioribus
1282 4033 1546 4090 custodiri
1576 4044 1812 4104 Oportet.
1846 4037 2050 4090 Aurem

477 4127 661 4176 autem
704 4130 1038 4190 amputatam
1074 4122 1261 4189 habet,
1292 4125 1386 4194 qui
1432 4125 1818 4181 inobedientiaa
1859 4127 2051 4180 morbo

477 4210 720 4282 languet,
755 4213 847 4281 qui
890 4213 1323 4269 detractionibus
1364 4215 1583 4286 gaudet,
1617 4215 1709 4284 qui
1750 4215 2050 4270 delectatur

478 4303 731 4373 turpibus
761 4303 1063 4369 auditibus,
1093 4305 1187 4374 qui
1223 4307 1391 4360 bonos
1434 4321 1716 4360 sermones
1746 4316 2045 4361 aversatur.

476 4394 718 4450 Caudam
752 4403 1085 4464 amputatam
1121 4396 1303 4462 habet,
1335 4396 1425 4464 qui
1462 4397 1529 4450 de
1555 4396 1870 4451 novissimis
1899 4398 2048 4468 cogi-

476 4493 576 4547 tat,
611 4485 736 4552 quia
780 4485 948 4539 cauda
1000 4495 1084 4541 est
1134 4494 1375 4541 extrema
1424 4502 1548 4556 pars
1593 4486 1858 4556 corporis.
1909 4484 2048 4541 Sunt
2079 4509 2121 4562 υ

474 4590 608 4645 ergo
643 4575 859 4644 proprie
890 4575 1118 4631 caudam
1150 4586 1481 4646 amputatam
1529 4578 1810 4642 habentes,
1845 4576 1937 4646 qui
1981 4592 2043 4631 ea

474 4682 598 4736 qum
639 4677 768 4721 sunt
818 4668 1138 4732 novissima,
1179 4669 1388 4736 abjecta
1436 4685 1499 4723 ac
1552 4669 1697 4732 vilia,
1727 4678 1780 4723 et
1823 4669 2043 4723 minima

473 4757 743 4826 pendunt.
784 4759 876 4826 qui
920 4759 1053 4812 nihil
1076 4760 1312 4813 sibimet
1352 4761 1403 4813 in
1437 4760 1635 4814 futuris
1674 4759 1884 4815 saeculis
1920 4760 2041 4815 the-

475 4847 774 4904 saurizant.
802 4850 895 4918 qui
941 4850 1137 4904 futuris
1178 4865 1285 4905 non
1326 4851 1633 4919 provident,
1674 4851 1767 4921 qui
1799 4851 1988 4907 dicunt
2023 4869 2038 4906 :

473 4938 848 4994 Manducemus
889 4949 940 4993 et
990 4940 1245 5002 bibamus,
1306 4958 1422 4995 cras
1469 4944 1607 4999 enim
1649 4943 1931 4996 moriemur
1972 4943 2039 4996 ³⁸.

471 5031 739 5087 Contritis
771 5031 1036 5087 testiculis
1064 5041 1169 5095 est,
1201 5032 1291 5102 qui
1328 5034 1585 5103 paulatim
1616 5044 1898 5089 crescente
1925 5050 2041 5089 ma-

470 5121 610 5188 litia,
645 5122 879 5178 conterit
915 5138 1068 5178 suam
1104 5122 1158 5178 in
1194 5124 1483 5179 virtutibus
1522 5124 1752 5194 prolem,
1782 5134 1836 5179 et
1867 5123 2041 5194 signa,

468 5227 570 5279 per
599 5228 720 5281 quae
753 5213 834 5267 vir
871 5213 1047 5283 possit
1091 5214 1333 5283 agnosci.
1364 5213 1466 5278 Qui
1504 5224 1560 5271 et
1596 5224 1743 5270 recte
1786 5216 2044 5285 reproba—

473 5312 582 5363 tur,
630 5304 757 5372 quia
816 5304 1140 5375 sibimetipsi
1192 5305 1246 5358 in
1299 5305 1499 5360 talibus
1543 5307 1770 5370 nocuit,
1825 5307 1891 5361 de
1939 5322 2046 5375 quo

472 5392 606 5449 dixit
645 5396 811 5451 David
846 5417 858 5450 :
893 5399 1031 5471 Dum
1077 5401 1503 5470 confringantur‘
1529 5400 1704 5452 omnia
1749 5415 1866 5452 ossa
1904 5416 2042 5464 mea,

474 5486 920 5552 exprobrauerunt
942 5508 1023 5545 me
1046 5493 1135 5561 qui
1170 5490 1425 5545 tribulant
1457 5506 1537 5543 me
1562 5489 1628 5544 ”.
1661 5489 1856 5544 Tonsis
1889 5490 2045 5544 testi-

2080 3172 2125 3234 C

549 5694 597 5725 ’⁸
628 5703 767 5757 l'sal.
791 5721 936 5766 xm.
966 5709 1052 5764 l6.

479 5771 567 5830 i5.
642 5774 663 5805 ⁸
696 5774 829 5830 ibid.

1158 5713 1203 5743 “
1228 5712 1388 5766 Prov.
1420 5729 1493 5770 vt.
1516 5712 1569 5768 6.
1676 5714 1719 5744 ³⁷
1745 5712 1762 5766 l
1792 5712 1918 5767 Cor.
1954 5729 2028 5775 vt,
2058 5712 2144 5767 18.

1668 368 2029 430 HESYCHII
2076 364 2547 430 PRESBYTERI

2170 485 2310 540 culis
2345 494 2450 550 est,
2493 482 2589 552 qui
2630 480 2797 536 illatis
2834 480 2938 537 sibi
3001 478 3388 536 tentationibns
3422 482 3687 544 tribulatio-

2165 576 2436 645 nibusque
2469 574 2657 637 cessit,
2688 572 2996 641 animaeque
3044 587 3157 626 suae
3195 572 3557 637 fortitudinem,
3586 592 3685 646 per.

2165 667 2306 721 didit
2334 684 2348 720 :
2380 681 2489 720 non
2519 665 2665 719 enim
2709 671 2924 733 oportet
2969 662 3074 717 hoc
3117 664 3343 732 perpeti,
3372 679 3471 719 nec
3502 664 3687 724 omnino

2165 756 2361 810 cedere
2392 752 2701 808 imminenti
2738 752 2901 812 hosti,
2933 760 3096 820 atque
3134 751 3407 821 alliigenti.
3440 753 3579 810 Unde
3604 755 3687 811 Da-

2164 848 2251 902 vid
2280 847 2356 901 ait
2391 865 2403 900 :
2442 847 2503 901 Ut
2533 847 2658 912 quid
2699 846 2864 898 tristis
2914 845 3117 908 incedo,
3153 844 3279 898 dum
3306 846 3477 916 affligit
3509 865 3580 901 me
3605 851 3688 903 ini-

2164 939 2330 993 micus
2363 938 2419 990 ’Ὺ
2465 935 2711 1006 Oportet,
2744 935 2942 1003 inquit,
2973 950 3061 988 me
3096 934 3331 1005 gaudere
3358 944 3413 989 et
3434 937 3687 1002 exsultare,

2166 1038 2355 1099 utpote
2381 1028 2471 1097 qui
2504 1028 2572 1083 ad
2601 1036 2878 1081 certamen
2916 1042 3100 1090 vocor,
3144 1026 3201 1079 in
3229 1041 3338 1095 quo
3379 1026 3541 1083 victor
3563 1028 3689 1082 exsi-

2165 1131 2305 1176 stam
2341 1140 2354 1175 :
2389 1137 2514 1175 nam
2544 1128 2601 1175 et
2632 1119 2877 1174 victoriae
2907 1120 3128 1173 modum
3164 1119 3407 1174 subdidit
3437 1138 3451 1173 :
3479 1120 3625 1189 Spera
3646 1122 3690 1173 in

2164 1215 2407 1277 Domino,
2434 1214 2683 1283 quoniant
2712 1211 2993 1279 confitebor
3025 1211 3125 1274 illi,
3152 1211 3387 1265 salutare
3413 1211 3570 1266 vultus
3594 1214 3689 1278 ntci,

2164 1317 2213 1361 et
2245 1306 2382 1361 Deus
2411 1323 2553 1360 meus
2582 1306 2625 1361 ’.
2674 1304 2853 1359 Sectis
2881 1304 3182 1372 ablatisque
3215 1304 3474 1358 testiculis
3502 1314 3591 1366 est,
3616 1305 3691 1373 qui

2165 1414 2270 1452 una
2303 1398 2518 1452 actione
2553 1412 2741 1461 prava,
2774 1395 3051 1471 animique
3092 1396 3370 1464 impietate
3412 1405 3467 1451 et
3510 1405 3693 1451 secante

2163 1487 2308 1542 sicut
2345 1487 2602 1547 cultrum.
2631 1494 2687 1539 et
2722 1479 3030 1549 auferente,
3065 1484 3518 1553 quemadmodum
3560 1485 3693 1538 nimis

2163 1579 2351 1641 eli‘era.
2391 1588 2448 1633 et
2484 1577 2751 1647 direpti-ix
2780 1591 2974 1631 manus
3001 1578 3356 1646 semetipsum
3387 1576 3692 1642 abscindens,

2162 1676 2219 1721 ct
2247 1666 2506 1722 auferens
2547 1682 2578 1720 a
2623 1666 3011 1736 conjunctione
3049 1666 3167 1733 Dei,
3199 1682 3321 1735 qua:
3346 1677 3435 1721 est
3470 1667 3521 1720 in
3551 1667 3684 1719 virtu-

2164 1761 2330 1825 tibus,
2362 1759 2663 1814 secundum
2713 1759 2860 1827 quod
2905 1758 3162 1822 diximus,
3194 1759 3441 1828 privatus
3477 1758 3691 1828 proletet

2165 1850 2335 1921 signis
2379 1850 2552 1904 virilis
2601 1849 2957 1920 cOgnitionis,
2991 1863 3225 1918 quorum
3273 1850 3470 1903 damno
3508 1849 3608 1918 ipse
3648 1862 3695 1902 se

2166 1942 2418 2012 subjecit.
2462 1942 2615 1997 Alter
2644 1951 2729 1996 est
2761 1941 3030 2011 siquidem
3061 1941 3154 2011 qui
3196 1941 3455 2011 paulatim
3492 1941 3691 1996 conteri-

2165 2044 2277 2098 tur,
2317 2042 2374 2089 et
2422 2033 2579 2097 alter,
2621 2032 2715 2103 qui
2763 2032 2945 2087 subito
2992 2032 3372 2102 semetipsum,
3424 2041 3575 2101 atque
3610 2046 3693 2086 una

2164 2124 2303 2178 mala
2322 2123 2537 2177 actione
2566 2124 2717 2192 prole
2749 2123 3013 2177 virtutum
3046 2122 3247 2192 privat,
3279 2122 3693 2191 quemadmodum

2162 2215 2372 2279 Simon,
2405 2213 2658 2283 pecuniis
2688 2229 2873 2269 emere
2910 2213 3116 2268 donum
3148 2214 3545 2299 Deiltestimans
3572 2216 3608 2278 ³,
3630 2222 3724 2271 est.

2163 2306 2392 2361 cli'ectus
2439 2322 2471 2359 a
2520 2317 2668 2362 sorte
2715 2305 2836 2375 ejus
2887 2305 3118 2359 alienus.
3166 2304 3278 2360 Sed
3334 2321 3493 2359 unam
3535 2306 3694 2359 barum

2161 2397 2499 2453 macularum
2543 2396 2837 2467 quispiam,
2866 2397 2952 2451 vel
2990 2412 3140 2451 nunc
3174 2397 3470 2464 dictarunt,
3494 2396 3573 2451 vel
3597 2410 3696 2465 qua

2160 2489 2371 2558 pridem
2419 2488 2886 2543 dinumeravimus
2930 2487 3171 2555 habens,
3213 2498 3313 2544 aut
3356 2489 3695 2544 mandatorum

2159 2588 2245 2634 est
2288 2587 2565 2648 operator,
2615 2588 2671 2633 et
2717 2588 3004 2649 propterea
3052 2580 3255 2634 vitulus
3298 2596 3313 2633 :
3350 2589 3445 2634 aut
3479 2579 3693 2647 simplex,

2159 2681 2215 2725 et
2259 2672 2378 2725 ovis
2418 2671 2724 2741 appellatur
2770 2685 2835 2725 ex
2885 2672 3008 2733 hoc,
3054 2672 3360 2726 secundum
3403 2673 3539 2741 quod
3581 2669 3692 2724 LXX

2158 2762 2348 2827 edunt,
2399 2778 2499 2831 pro
2538 2777 2605 2817 eo
2645 2763 2789 2831 quod
2833 2770 3023 2816 nostra
3065 2763 3354 2817 translatio
3395 2764 3547 2817 habet
3578 2781 3590 2817 :
3621 2760 3690 2815 Vo-

2158 2854 2390 2908 luntaria
2438 2854 2612 2923 offerri
2652 2862 2839 2921 potest.
2890 2852 3117 2909 Occides
3162 2869 3227 2907 ea
3277 2853 3615 2923 tibimetipsi;
3650 2859 3694 2903 ut

2157 2961 2266 3000 non
2297 2946 2444 3000 omni
2487 2945 2648 3000 modo
2689 2946 2809 2999 illos
2836 2952 3176 3009 aversemur,
3213 2962 3323 3001 nec
3361 2947 3414 3000 in
3447 2955 3585 3016 parte
3612 2943 3697 2996 ini-

2156 3036 2285 3092 mici
2314 3036 2660 3106 deputemus,
2686 3037 2779 3090 sed
2804 3038 3099 3092 doceamus
3120 3053 3235 3109 eos,
3260 3047 3319 3094 et
3346 3039 3692 3093 exhortemur:

2154 3129 2406 3198 Nunquid
2430 3129 2519 3196 qui
2549 3129 2708 3188 cadit.
2738 3144 2840 3182 non
2873 3130 3087 3198 adjiciat
3124 3139 3180 3183 ut
3210 3140 3476 3201 resurgat,
3508 3138 3593 3182 aut
3625 3125 3697 3196 qui

2155 3237 2369 3275 aversus
2411 3230 2487 3275 est
2532 3236 2635 3274 non
2664 3230 2951 3274 revertetur
2978 3220 3036 3273 ‘?
3072 3219 3259 3276 Occidi
3307 3231 3487 3277 autem
3531 3220 3697 3274 dicun-

2156 3327 2246 3372 tur
2292 3316 2603 3373 mortilicati
2637 3327 2864 3388 peccato
2927 3332 3026 3385 per
3077 3316 3527 3379 admonitionem,
3554 3312 3700 3381 utju-

2156 3409 2320 3464 stitiaa
2381 3409 2583 3464 vivant.
2641 3407 2733 3464 lla:
2774 3417 2954 3462 autem
3020 3408 3354 3474 occisiones,
3409 3407 3561 3462 nobis
3613 3402 3700 3457 illis

2154 3501 2285 3555 licet
2323 3500 2690 3561 commisceri,
2737 3499 2833 3555 sed
2862 3515 2960 3568 pro
2989 3508 3115 3554 voto
3157 3514 3264 3553 non
3319 3499 3700 3554 offeramuseas

2153 3589 2289 3654 Deo,
2319 3590 2372 3644 id
2402 3600 2487 3645 est
2515 3591 2581 3645 ad
2617 3589 2978 3644 ministerium
3013 3590 3134 3659 ejus
3169 3592 3462 3660 mysticum
3497 3604 3593 3643 non
3623 3598 3700 3639 eas

2154 3681 2496 3737 ordinemus.
2549 3681 2690 3750 Ergo
2731 3680 3026 3749 quamlibet
3068 3681 3452 3749 prmdictarum
3495 3676 3700 3735 macula-

2155 3787 2276 3825 rum
2309 3772 2595 3836 habentes,
2633 3772 2676 3824 si
2713 3771 3090 3840 paenitentiam
3129 3773 3348 3843 egerint
3376 3787 3536 3841 super
3556 3785 3629 3832 ea,
3653 3774 3700 3820 et

2154 3863 2321 3917 occisi
2377 3862 2583 3917 fuerint
2636 3862 3051 3918 mortiﬁcatione
3101 3865 3318 3933 peccati
3373 3863 3700 3932 suscipiamus

2152 3954 2373 4023 quidem
2418 3969 2536 4014 eos,
2580 3962 2635 4006 et
2677 3952 2983 4007 membrum
3018 3955 3329 4009 communis
3357 3953 3592 4025 corporis
3620 3950 3700 4002 ha-

2151 4042 2379 4097 beamus
2408 4059 2423 4094 :
2454 4041 2581 4110 quia
2611 4038 2849 4095 Christus
2878 4043 3015 4095 venit
3045 4044 3100 4096 in
3131 4044 3269 4096 hunc
3310 4045 3573 4105 mundum,
3596 4052 3697 4108 pec-

2152 4142 2353 4185 catores
2399 4132 2572 4186 salvos
2621 4132 2796 4202 facere
2823 4132 2864 4197 ';
2915 4133 3105 4187 altario
3155 4143 3345 4190 autem
3391 4133 3569 4190 offerri
3607 4145 3696 4183 non

2152 4222 2294 4276 licet.
2336 4221 2465 4284 llac,
2516 4232 2574 4276 ut
2617 4232 2772 4291 puto.
2821 4224 3175 4280 distinctione
3214 4236 3270 4281 et
3315 4227 3533 4292 Paulus,
3585 4220 3698 4279 scri-

2152 4313 2289 4368 bens
2354 4312 2422 4365 ad
2477 4309 2816 4375 Corinthios.
2872 4330 3004 4369 usus
3060 4325 3187 4370 est:
3232 4317 3440 4386 Scripsi
3490 4317 3617 4371 vobis
3654 4313 3698 4365 is

2151 4399 2394 4469 epistola,
2430 4417 2532 4455 non
2560 4403 2885 4458 commisceri
2916 4405 3235 4475 fornicariis,
3268 4423 3374 4460 non
3407 4408 3578 4472 utique
3610 4404 3698 4473 for-

2154 4491 2370 4545 nicariis
2399 4492 2580 4545 mundi
2615 4492 2795 4559 huius,
2826 4503 2920 4547 aut
2948 4496 3146 4558 avaris,
3176 4506 3269 4549 aut
3302 4499 3595 4566 rapacibus.
3621 4499 3697 4544 aut

2155 4585 2308 4638 idotis
2355 4582 2721 4646 servientibus,
2768 4584 3062 4639 debueratis
3107 4587 3245 4640 enim
3288 4604 3355 4641 ea:
3398 4588 3493 4640 hoc
3533 4582 3698 4638 mundo

2155 4675 2336 4728 exisse.
2368 4673 2520 4727 Nunc
2551 4684 2725 4727 autem
2755 4674 2939 4742 scripsi
2972 4674 3114 4728 vobis
3148 4691 3250 4728 non
3284 4672 3618 4729 commisceri.
3652 4666 3698 4721 Si

2154 4766 2197 4817 is
2226 4764 2315 4833 qui
2343 4766 2507 4834 frater
2531 4764 2852 4828 nominatur,
2880 4774 2973 4818 aut
3005 4766 3294 4834 fornicator
3322 4775 3420 4829 est,
3452 4772 3541 4818 aut
3571 4758 3697 4814 idolis

2155 4856 2401 4919 serviens,
2444 4864 2538 4909 aut
2598 4871 2823 4920 avarus,
2869 4859 3154 4922 detractor,
3189 4865 3282 4910 aut
3330 4857 3583 4917 ebriosus,
3621 4856 3698 4903 at“

2156 4962 2348 5014 rapax,
2381 4962 2500 4999 cum
2534 4946 2835 5015 Itujusmodi
2868 4962 2958 5000 nec
2992 4947 3161 5001 cibum
3194 4964 3405 5001 sumere
3430 4951 3469 5000 °.
3510 4945 3699 4999 Fratres

2150 5036 2443 5091 nominans
2491 5035 2621 5101 illic,
2669 5050 2765 5089 eos
2815 5036 2910 5105 qui
2961 5035 3154 5090 altario
3210 5037 3542 5097 ministrant,
3590 5029 3698 5099 quia

2152 5125 2385 5180 maxime
2418 5140 2533 5185 eos.
2566 5125 2657 5194 qui
2702 5126 2965 5181 doctrina:
3003 5126 3179 5181 sortiti
3213 5135 3344 5182 sunt
3383 5125 3696 5197 dignitatem.

2151 5226 2206 5271 ct
2247 5217 2446 5286 quibus
2490 5232 2725 5286 praeesse
2769 5218 2986 5288 populis
3026 5219 3294 5274 creditum
3330 5228 3435 5274 est.
3477 5216 3538 5271 lli
3574 5210 3698 5268 enim

2153 5309 2196 5363 si
2231 5308 2361 5378 quid
2397 5298 2502 5363 taie
2547 5308 2857 5370 habuerint,
2891 5309 3069 5363 modis
3109 5310 3364 5364 omnibus
3393 5313 3601 5379 oportet
3627 5316 3698 5357 so-

2153 5398 2406 5454 cietatem
2468 5413 2657 5454 eorum
2709 5400 2948 5454 aversari
2995 5418 3008 5454 :
3060 5402 3189 5470 quia
3243 5417 3411 5471 super
3467 5396 3696 5470 populum

2153 5490 2428 5546 abundare
2456 5490 2749 5545 virtutibus
2777 5491 2833 5545 hi
2855 5491 2942 5560 qui
2969 5503 3229 5561 praesunt,
3249 5508 3474 5549 necesse
3499 5489 3694 5545 habenl.

2245 5713 2289 5745 ⁸⁸
2310 5714 2328 5767 1
2351 5711 2474 5768 Cor.
2510 5729 2595 5776 sv,
2625 5714 2715 5768 ΒΞ.
2817 5716 2861 5747 ⁹⁹
2891 5710 2979 5770 Ps.
3026 5730 3134 5781 xu,
3168 5713 3255 5770 il.
3334 5712 3352 5746 ί
3384 5712 3474 5769 Ps.
3506 5703 3693 5773 ιιιινὲο

909 5778 928 5806 ³
963 5780 1080 5833 Act.
1115 5792 1228 5850 vm,
1254 5783 1342 5837 '20.
1420 5783 1555 5838 *Ps.
1586 5799 1673 5848 XL,
1717 5785 1768 5838 9.
1846 5784 1866 5815 ⁸
1894 5781 1937 5838 ll
1969 5784 2059 5838 'l‘in

2159 5825 2172 5853 ,
2203 5782 2288 5841 15.
2367 5785 2430 5838 ⁸1
2466 5783 2593 5839 Cor.
2625 5799 2678 5852 ν,
2713 5784 2866 5841 9-12.
