3988 6222
319 382 454 452 1077
1443 386 1527 447 IN
1548 362 2002 445 ‘LEVITICUM.
2040 402 2108 415 -
2145 375 2294 435 LIB.
2322 373 2425 434 vr.
3306 446 3309 447 ί
3452 362 3587 426 1073

316 511 375 561 et
416 503 527 575 ipsi
568 503 802 560 maxime
844 520 966 562 esse
1006 506 1127 561 sine
1174 501 1408 560 macula.
1451 499 1587 556 Nam
1628 496 1902 569 quomodo
1931 500 1975 557 Α
2004 509 2090 564 ges
2125 491 2311 544 matris
2340 498 2444 542 tute
2467 486 2531 540 ¹¹.
2557 486 2788 552 Quando
2822 498 2950 555 ergo
2980 481 3176 554 aliquis
3201 482 3372 553 gratia
3404 477 3587 536 Evan-

319 573 455 652 alias
482 597 781 652 emundare
812 614 842 651 a
876 597 1275 668 pollutionibus
1303 592 1572 666 possunt?
1606 591 1673 647 de
1701 589 1900 660 quibus
2002 582 2124 653 gelii
2151 587 2444 654 generatus
2478 578 2662 645 fuerit,
2704 580 3004 634 secundum
3044 575 3187 646 quod
3219 575 3295 629 ait
3342 573 3542 627 Paulus
3577 591 3592 629 :

322 688 441 742 haec
467 687 742 756 legislator
772 664 1031 759 praecepit
1059 706 1071 741 :
1104 687 1174 742 Et
1200 689 1257 741 in
1290 664 1433 741 terra
1462 695 1633 741 uestra
1663 683 1758 736 hoc
1788 697 1903 735 am-
2001 676 2067 731 In
2099 674 2306 732 Christo
2333 673 2473 727 enim
2486 671 2611 727 Jesu
2644 687 2737 740 per
2765 668 3111 740 Evangelium
3129 684 3220 737 ego
3243 683 3330 720 vos
3350 664 3503 737 genui
3523 664 3590 728 l',

322 780 448 833 nino
473 795 577 832 non
606 780 844 849 faciatis.
862 789 910 833 et
937 782 1001 834 de
1026 774 1186 834 manu
1213 778 1523 849 alienigenae
1549 792 1650 830 non
1682 773 1905 844 oﬂ'eretis

322 887 487 939 panes
534 870 759 924 Domino
800 870 907 925 Deo
958 881 1147 936 vestro,
1181 884 1228 926 et
1276 870 1530 941 quidquid
1576 868 1726 922 aliud
1776 867 1907 919 dare

324 961 604 1024 voluerint,
648 963 774 1033 quia
826 974 1077 1031 corrupta
1128 970 1177 1017 et
1224 962 1495 1016 maculata
1542 968 1662 1013 sunt
1705 958 1905 1022 omnia,

324 1069 428 1107 non
454 1055 753 1124 suscipietis
780 1070 864 1108 ea.

396 1142 510 1199 Nec
545 1158 650 1199 nos
685 1160 815 1217 ergo
851 1145 908 1199 in
949 1152 1095 1200 terra
1129 1152 1315 1201 nostra
1349 1143 1676 1215 quibusdam
1718 1142 1907 1198 talium

326 1236 669 1291 macularum
693 1236 937 1292 studium
969 1236 1181 1292 demus.
1209 1236 1309 1291 Est
1336 1243 1518 1291 autem
1548 1244 1689 1290 terra
1722 1245 1910 1290 nostra

328 1330 476 1384 bona
528 1329 899 1394 conversatio,
949 1345 1070 1399 qua:
1116 1337 1389 1400 praecepta
1436 1337 1519 1384 est
1559 1344 1657 1399 per
1699 1328 1913 1384 divinas

328 1421 666 1491 Scripturas,
691 1436 853 1490 quam
877 1437 906 1474 a
931 1420 1043 1476 Deo
1071 1421 1254 1475 colere
1277 1420 1645 1491 percepimus.
1675 1418 1784 1474 Sed
1811 1433 1915 1475 nec

330 1512 673 1583 alienigenas,
707 1513 966 1568 videlicet
995 1512 1086 1580 qui
1118 1512 1316 1567 doctus
1347 1520 1455 1577 est,
1493 1518 1551 1566 et
1578 1510 1821 1580 adjectus
1848 1510 1915 1565 de

332 1603 487 1667 foris,
520 1603 647 1658 talia
692 1605 835 1660 dona
881 1602 991 1658 Deo
1033 1601 1288 1658 offerenti
1327 1601 1493 1657 medii
1536 1602 1708 1657 simus
1744 1617 1756 1654 :
1789 1601 1916 1670 quia

335 1696 615 1765 corruptio
644 1694 703 1749 in
730 1694 810 1748 eis
842 1703 946 1760 est,
974 1708 1077 1749 nos
1103 1703 1289 1748 autem
1317 1693 1428 1748 Deo
1458 1693 1777 1762 incorrupto
1798 1706 1918 1746 ser-

333 1787 513 1842 vimus
559 1804 579 1841 :
620 1787 891 1841 maculam
947 1785 1173 1849 habent,
1217 1799 1321 1840 nos
1362 1793 1545 1840 autem
1584 1784 1638 1837 in
1683 1782 1916 1838 Ecclesia

2005 766 2108 821 sub
2169 760 2497 833 intelligibili
2538 768 2712 814 matre
2744 757 3010 819 Ecclesia,
3036 754 3123 810 vel
3158 752 3328 825 gratia
3380 757 3592 819 septem

2006 860 2142 922 dies.
2206 864 2377 912 totam
2434 852 2688 907 videlicet
2744 856 3072 920 praesentem
3126 846 3315 906 vitam,
3354 858 3478 912 qua:
3536 840 3592 894 iu

2007 959 2216 1020 septem
2238 942 2354 1004 dies
2377 944 2630 1005 volvitur.
2653 942 2758 997 erit
2786 939 2994 1012 legibus
3007 940 3125 1008 eius
3142 946 3198 992 et
3214 934 3594 991 sanctionibus

2006 1042 2291 1098 obediens.
2322 1037 2413 1094 Sic
2457 1037 2607 1093 enim
2652 1042 2843 1092 octava
2877 1032 2986 1092 die.
3013 1032 3069 1084 in
3112 1038 3359 1099 tempore
3404 1041 3593 1081 resur-

2016 1132 2316 1194 rectionis,
2365 1131 2571 1184 donum
2624 1127 2731 1184 erit
2776 1134 2834 1180 et
2882 1124 3058 1178 hostia
3121 1120 3352 1175 Domino
3402 1122 3425 1172 :'
3467 1116 3595 1187 quia

2012 1222 2321 1295 huiusmodi
2361 1237 2472 1275 non
2502 1220 2677 1275 solum
2708 1216 2937 1282 animas,
2974 1214 3070 1269 sed
3096 1221 3154 1268 et
3170 1224 3401 1282 corpora
3428 1207 3596 1264 sacri-

2013 1315 2194 1370 ﬁcium
2265 1318 2516 1367 sanctum
2562 1309 2930 1380 placitumque
2967 1302 3226 1373 suscepit.
3280 1299 3365 1354 Tu
3409 1304 3593 1353 autem

2012 1415 2236 1476 propter
2255 1404 2361 1459 hoc
2392 1401 2536 1473 quod
2574 1400 2824 1470 sequitur
2845 1397 2995 1452 disce
3019 1412 3034 1448 :
3057 1392 3178 1449 Sive
3216 1391 3309 1446 ille
3337 1391 3461 1461 bos,
3492 1389 3599 1442 sive

2014 1498 2109 1552 illa
2143 1498 2275 1561 ovis,
2301 1512 2401 1550 non
2428 1492 2842 1548 immolabantur
2865 1505 2972 1543 una
2998 1487 3083 1541 die
3104 1501 3222 1540 cum
3256 1482 3444 1554 fetibus
3466 1481 3597 1534 suis.

2086 1586 2188 1644 Hic
2216 1584 2533 1640 nominibus
2562 1581 2697 1654 ipsis
2726 1579 2871 1635 aliud
2916 1590 3110 1632 rursus
3156 1572 3419 1631 ostendit.
3480 1570 3600 1625 Non

2016 1686 2233 1749 oportet
2278 1675 2427 1732 enim
2478 1690 2596 1740 eos,
2650 1673 2745 1744 qui
2783 1671 2994 1726 Pascha
3034 1667 3412 1740 evangelicum
3455 1656 3602 1718 cele-

2020 1773 2199 1835 brant,
2233 1768 2381 1839 quod
2431 1766 2590 1822 nobis
2618 1763 2858 1819 Ecclesia
2900 1760 3141 1826 tradidit,
3191 1756 3359 1827 legale
3398 1753 3603 1809 Pascha

333 1878 725 1945 ministramus,
748 1879 839 1933 cui
866 1878 1069 1933 dictum
1098 1844 1182 1932 est
1213 1892 1242 1930 a
1266 1891 1502 1947 sponso:
1526 1875 1654 1929 Tota
1688 1874 1909 1942 pulchra
1950 1855 1991 1909 Β
2021 1876 2297 1933 peragere,
2327 1860 2471 1931 quod
2496 1860 2691 1916 bovem
2728 1865 2785 1912 et
2804 1869 2963 1911 ovem
2985 1852 3261 1947 legislator
3300 1849 3508 1947 dicens-
3529 1844 3603 1900 si-

333 1983 408 2032 es,
437 1970 681 2037 proxima
719 1986 858 2033 mea,
890 1979 938 2023 et
972 1968 1182 2024 macula
1216 1985 1317 2022 non
1344 1977 1418 2021 est
1452 1970 1508 2021 in
1542 1979 1590 2021 te
1618 1969 1659 2021 '.
1702 1967 1777 2021 De
1804 1980 1911 2034 qua

331 2061 536 2118 Paulus
572 2062 790 2118 dicebat
825 2082 839 2118 :
876 2065 937 2119 Ut
972 2063 1228 2117 exhiberet
1272 2062 1371 2116 sibi
1401 2061 1686 2131 gloriosam
1727 2058 1912 2113 Eccle-

330 2154 470 2207 siam
492 2170 594 2207 non
619 2154 893 2209 habentem
920 2153 1206 2217 maculam,
1236 2161 1332 2207 aut
1356 2169 1563 2224 rugam,
1589 2160 1683 2205 aut
1706 2150 1913 2220 aliquid

330 2245 633 2314 hujusmodi
657 2245 700 2298 ⁸.
744 2243 971 2315 Propter
997 2245 1145 2315 quod
1174 2245 1312 2300 nihil
1340 2245 1610 2299 maculam
1647 2244 1857 2300 habens
1882 2257 1912 2296 a

333 2336 492 2391 nobis
533 2337 645 2392 Deo
674 2337 962 2392 offeretur.

404 2431 566 2485 Vens.
587 2430 769 2486 26-28.
799 2450 818 2483 ‹
842 2431 1190 2500 Locutusque
1209 2439 1295 2486 est
1317 2430 1578 2484 Dominus
1597 2427 1665 2482 ad
1690 2426 1909 2498 Moysen

331 2521 568 2576 dicens:
604 2520 728 2586 Bos,
774 2523 914 2588 ovis,
961 2532 1016 2575 et
1060 2536 1244 2589 capra,
1284 2534 1409 2574 cum
1454 2518 1637 2590 genita
1687 2517 1912 2581 fuerint,

334 2622 545 2682 septem
592 2612 789 2668 diebus
828 2625 990 2667 erunt
1044 2613 1147 2667 sub
1188 2613 1356 2666 ubere
1403 2598 1595 2665 matris
1643 2625 1779 2665 sum.
1817 2609 1916 2665 Die

334 2713 522 2759 autem
548 2714 759 2771 octavo,
779 2714 834 2761 et
858 2706 1142 2776 deinceps,
1165 2704 1351 2760 offerri
1381 2714 1638 2773 poterunt
1664 2703 1914 2767 Domino,

337 2793 456 2849 sive
484 2794 575 2849 ille
603 2796 724 2858 bos,
758 2796 874 2850 sive
908 2795 996 2849 illa
1030 2795 1169 2861 ovis,
1196 2810 1306 2849 non
1336 2794 1766 2850 immolabuntur
1811 2811 1918 2849 una

337 2885 430 2941 die
460 2899 585 2939 cum
616 2884 820 2941 fetibus
848 2884 985 2940 suis.
1023 2904 1043 2937 ι

413 2976 587 3031 Mater
610 2976 790 3032 omnis
816 2977 1070 3032 animalis
1102 2978 1291 3048 utique
1321 2989 1514 3033 natura
1552 2986 1655 3039 est,
1686 2977 1790 3033 sub
1819 2979 1920 3032 hac

340 3083 507 3124 omne
554 3083 728 3140 genus
775 3069 1082 3138 hominum,
1134 3079 1484 3140 peccatorum
1524 3080 1579 3125 et
1625 3070 1921 3140 iustorum,

2013 1956 2232 2028 gniﬁcat
2258 1972 2272 2009 :
2300 1953 2428 2024 quia
2458 1954 2576 2008 haec
2602 1950 2865 2023 praecepit
2896 1947 3107 2020 Moyses
3134 1945 3193 1999 in
3226 1942 3316 1998 die
3353 1941 3601 2004 Paschas,

2011 2048 2156 2119 quod
2185 2046 2444 2102 traditum
2487 2052 2573 2099 est
2618 2042 2826 2099 Iudaeis
2871 2038 3174 2103 immolare,
3206 2036 3283 2090 ait
3317 2033 3502 2089 enim:
3536 2030 3605 2084 Et

2013 2138 2314 2194 immolabis
2343 2136 2550 2191 Pascha
2583 2133 2809 2187 Domino
2837 2130 2946 2186 Deo
2985 2144 3094 2195 tuo,
3123 2143 3240 2181 oves
3275 2134 3331 2179 et'
3349 2124 3496 2177 boves
3523 2120 3562 2152 "
3588 2137 3602 2172 :

1967 2231 2157 2285 “sicut
2209 2224 2620 2283 Deuteronomii
2672 2224 2809 2279 liber
2870 2220 3163 2277 ostendere
3188 2224 3388 2288 potest.
3440 2214 3607 2269 Fetus

2013 2330 2197 2376 autem
2252 2319 2470 2380 horum,
2509 2316 2732 2371 Paschtc
2776 2315 2961 2384 hujus,
3025 2313 3140 2367 sive
3178 2307 3388 2364 Veteris
3414 2305 3608 2362 Testa-

2017 2414 2207 2476 menti.
2240 2421 2295 2469 et
2340 2412 2460 2481 ejus
2484 2427 2605 2482 quae
2654 2411 2708 2465 in
2742 2409 2926 2480 ﬁguris
2974 2417 3062 2463 est
3082 2405 3434 2461 traditionis:
3470 2402 3607 2458 dixit

2016 2507 2164 2562 enim
2198 2505 2343 2560 fetus
2366 2504 2506 2573 ejus,
2537 2501 2876 2556 Dominicum
2926 2500 3092 2571 igitur
3118 2495 3353 2555 Pascha.
3385 2503 3610 2566 propter

2018 2598 2315 2652 novitatem
2335 2595 2616 2665 temporis,
2648 2602 2704 2648 et
2730 2594 2854 2663 quia
2886 2591 2954 2646 ad
2990 2589 3463 2645 conﬁrmationem
3508 2602 3607 2641 ve-

2022 2688 2195 2744 i'itatis
2234 2689 2458 2757 ﬁguram
2510 2684 2843 2756 praecedens.
2895 2682 3067 2736 multo
3121 2696 3244 2735 eum
3298 2678 3610 2748 signiﬁcans

2023 2792 2271 2851 tempore
2313 2776 2771 2848 quemadmodum
2822 2774 3156 2845 parturiens,
3207 2778 3355 2825 recte
3415 2782 3610 2838 parere

2022 2849 2241 2929 dicitur.
2266 2869 2384 2925 Non
2413 2884 2545 2939 ergo
2583 2877 2841 2938 oportere
2869 2881 2971 2919 nos
3008 2864 3275 2919 habentes
3320 2862 3375 2915 in
3431 2849 3623 2916 mani4

2023 2964 2149 3029 bus,
2179 2972 2236 3019 et
2260 2969 2707 3019 consummantes
2738 2973 2925 3013 verum
2967 2954 3306 3026 mysterium,
3343 2952 3496 3022 sequi
3545 2953 3611 3004 ti-

2026 3072 2213 3128 guras,
2238 3070 2360 3126 quas
2382 3052 2638 3123 praedicta
2667 3059 2797 3105 sunt
2827 3052 3241 3106 demonstrant:
3264 3060 3444 3115 neque
3464 3044 3612 3102 enim

342 3166 558 3229 septem
592 3158 786 3215 diebus
813 3170 917 3225 est,
950 3163 1019 3217 ab
1047 3134 1235 3217 octava
1271 3172 1454 3216 autem
1484 3161 1593 3231 iam
1626 3134 1761 3216 non.
1788 3134 1923 3216 Nam

2030 3155 2112 3203 est
2135 3145 2385 3216 ejusdem
2416 3143 2680 3212 temporis
2711 3159 2726 3196 :
2759 3142 2853 3197 sed
2881 3141 3026 3195 aliud
3069 3138 3288 3210 quidem
3340 3134 3615 3208 pertinere

341 3227 445 3305 etsi
475 3260 732 3320 operator
755 3254 879 3323 quis
909 3253 982 3309 sit
1010 3255 1413 3321 mandatorum,
1438 3227 1526 3308 vel
1555 3253 1807 3324 simplex,
1838 3253 1927 3309 vel
1953 3227 1995 3246 ν
2028 3238 2096 3294 ad
2129 3237 2379 3309 θευτειιιι,
2416 3235 2561 3291 διίυά
2593 3243 2775 3290 autem
2809 3233 2873 3289 ad
2913 3233 3222 3296 νθΐίιδιθπιο
3254 3227 3348 3300 (ιυί
3383 3235 3614 3295 um“Ne

340 3350 622 3412 peccator,
667 3320 869 3399 aut—ex
914 3355 1224 3415 peccatore,
1257 3352 1468 3414 septem
1508 3320 1719 3409 diebus,
1756 3342 1810 3399 id
1845 3351 1930 3399 est
2030 3328 2556 3399 εληοίνίιρτωοθρίι·
2587 3326 2817 3398 pmilia"
2842 3325 2985 3396 QUOd
3016 3334 3071 3379 οι
3097 3322 3351 3380 (Πιτίεοιιιε
3377 3320 3614 3390 Primum

342 3447 511 3488 omne
565 3448 812 3503 pmsens
863 3437 1165 3501 εωωιιηη,
1217 3444 1436 3506 oportet
1481 3450 1606 3490 eum
1657 3435 1930 3490 “munere
2029 3419 2328 3475 celebravit
2392 3418 2684 3490 ﬁgurarum
2718 3416 2924 3472 Pascha
2959 3423 3133 3487 :post.
3169 3426 3385 3470 coenam
3407 3424 3614 3471 autem,

343 3540 690 3597 quaecunque
745 3536 943 3584 natura
993 3530 1304 3596 desiderat,
1354 3529 1820 3600 quemadmodum
1875 3536 1933 3582 et

347 3619 418 3673 de
445 3617 726 3675 Salvatore
759 3621 941 3677 dicere
973 3623 1323 3693 praesumpsit
1353 3623 1575 3684 Paulus.
1606 3621 1928 3688 ostendens,

347 3711 476 3780 quia
520 3727 586 3767 ex
640 3723 829 3769 nostra
878 3723 1075 3771 natura
1123 3716 1425 3771 secundum
1479 3730 1701 3771 carnem
1756 3715 1933 3770 lactus

348 3803 556 3874 absque
598 3814 846 3874 peccato,
880 3807 1065 3861 omnia
1100 3822 1297 3876 passus
1338 3815 1423 3862 est
1466 3823 1587 3877 qute
1626 3815 1785 3862 erant
1833 3822 1934 3861 na-

352 3895 697 3963 turaetQuia
753 3905 937 3952 autem
999 3898 1163 3969 pueri,
1206 3897 1755 3954 communicaverunt
1807 3914 1935 3953 san-

350 3987 517 4056 gnine
545 3995 602 4041 et
630 4002 816 4053 carne,
850 3988 1105 4045 similiter
1128 3997 1185 4044 et
1214 3988 1305 4044 ille
1334 3989 1686 4060 participavit
1715 3988 1930 4045 iisdem.

352 4077 458 4131 Sed
487 4078 709 4146 quando
745 4080 912 4135 vitam
947 4090 1276 4151 praesentem
1315 4080 1525 4153 egressi
1563 4081 1851 4147 fuerimus,
1882 4092 1937 4137 et

353 4168 408 4222 in
456 4169 545 4224 die
593 4172 736 4227 bona
786 4182 1127 4228 mortuorum
1177 4174 1601 4230 resurrectionis
1646 4176 1936 4231 constituti

352 4260 643 4331 fuerimus,
675 4279 741 4319 ex
776 4274 926 4331 tunc,
955 4272 1011 4320 et
1041 4265 1323 4335 deinceps,
1359 4280 1525 4322 omne
1557 4265 1817 4322 saeculum
1853 4265 1939 4319 fu-

356 4363 538 4408 turum
575 4370 685 4408 non
710 4355 822 4425 jam
849 4356 951 4411 sub
989 4364 1183 4423 matre,
1213 4372 1336 4426 qua:
1371 4356 1513 4412 dicta
1541 4366 1646 4421 est,
1682 4356 1890 4411 erimus
1922 4374 1935 4410 :

354 4461 537 4516 neque
582 4446 729 4501 enim
774 4447 867 4502 hic
910 4449 1253 4504 naturalibus
1294 4449 1716 4505 necessitatibus
1755 4448 1938 4515 subja-

2034 3510 2428 3581 iutelligibilem
2460 3509 2643 3577 tradit,
2673 3518 2728 3567 et
2750 3517 3077 3582 angustante
3106 3522 3226 3563 eam
3251 3515 3497 3576 tempore
3519 3517 3618 3573 pro

2033 3604 2122 3660 die
2163 3603 2353 3659 horam
2408 3602 2737 3668 immutavit,
2761 3602 2847 3658 vel
2884 3601 3059 3673 magis
3109 3600 3274 3654 etiam
3324 3597 3492 3660 diem,
3537 3594 3617 3648 sic

2033 3697 2179 3750 enim
2204 3695 2274 3752 ad
2313 3710 2621 3765 vesperam,
2648 3705 2857 3764 quartae
2900 3692 3128 3750 decimae
3156 3689 3285 3755 diei,
3312 3700 3469 3743 omna
3514 3683 3614 3738 Ju-

2034 3789 2205 3843 daicac
2232 3787 2503 3858 paschalis
2533 3784 3183 3841 l'estivitatiscelebratur
3207 3784 3373 3850 :post
3399 3777 3505 3831 hoc
3523 3790 3615 3828 au-

2039 3885 2144 3928 tem
2185 3872 2436 3927 Christus
2465 3870 2739 3941 propriam
2775 3868 2995 3925 tradidit
3021 3880 3233 3925 coenam
3271 3881 3286 3918 :
3316 3868 3443 3934 post
3488 3874 3614 3914 ves-

2038 3975 2225 4029 peram
2258 3974 2387 4030 ergo
2413 3966 2621 4028 quartae
2646 3957 2872 4012 decimae
2897 3954 3004 4010 dici
3032 3951 3276 4008 tradidit.
3311 3949 3469 4017 Quod
3517 3960 3619 4001 au-

2039 4064 2148 4108 tem
2175 4061 2299 4122 post
2327 4067 2614 4123 vesperum
2631 4059 2715 4105 est
2749 4059 2982 4120 tempus,
3004 4046 3229 4106 alterius
3262 4045 3369 4102 diei
3406 4043 3620 4099 initium

2038 4142 2357 4199 omnimodo
2384 4150 2511 4199 est:
2549 4140 2837 4213 Oportebat
2874 4139 3020 4194 enim
3058 4138 3162 4193 hoc
3188 4136 3306 4191 ﬁeri
3337 4134 3405 4191 ad
3445 4146 3625 4190 osten-

2040 4234 2246 4288 sionem
2298 4233 2556 4304 temporis
2586 4231 2712 4302 quia
2760 4231 2980 4302 quando
3024 4228 3194 4285 Vetus
3223 4228 3387 4285 ﬁnem
3434 4228 3622 4291 sumit,

2041 4334 2173 4379 tunc
2194 4321 2408 4378 Novum
2432 4320 2645 4392 incipit.
2677 4319 2944 4376 Autforte
2973 4317 3118 4374 fetus
3152 4316 3273 4372 illos
3301 4315 3384 4372 lex
3416 4314 3622 4386 signiﬁ-

2041 4422 2148 4477 cat,
2178 4413 2245 4468 dc
2269 4413 2471 4482 quibus
2492 4410 2657 4467 Isaias
2680 4411 2896 4466 dicebat
2925 4426 2941 4464 :
2977 4408 3116 4464 Puer
3152 4417 3310 4463 natus
3343 4417 3418 4461 est
3458 4406 3624 4469 nobis,

354 4500 623 4593 suis...
650 4500 1937 4611 0.....‘aa.’.;.'s;.,;.;gessentis:
1972 4521 2015 4574 υ
2043 4506 2185 4575 nam
2208 4506 2367 4561 άαιιιε
2394 4514 2469 4611 εἶξε
2493 4505 2639 4559 ηοω.
2761 4501 3133 4611 ualuas“.
3151 4502 3300 4605 .n...
3333 4500 3451 4555 1....
3505 4514 3625 4569 ,μω

357 4629 439 4683 sic
465 4630 637 4719 edunt
665 4649 679 4685 :
714 4631 865 4685 Dona
901 4641 1078 4687 autem
1112 4632 1311 4687 hostias
1345 4634 1592 4695 Domino,
1628 4634 1679 4689 id
1708 4643 1792 4689 est
1820 4649 1944 4704 per-

357 4723 500 4778 fecta
533 4732 589 4777 et
628 4723 860 4792 integra.
899 4724 954 4778 hi
992 4723 1086 4794 qui
1126 4723 1180 4793 in
1215 4725 1316 4779 hac
1348 4724 1461 4782 vita
1495 4728 1950 4795 praeparaverunt

357 4815 692 4871 oblationem
731 4832 906 4870 suam.
941 4815 1237 4872 Sciendum
1276 4823 1363 4870 est
1392 4825 1600 4879 autem,
1630 4815 1777 4886 quod
1802 4830 1942 4899 quo-

357 4907 507 4961 niam
567 4907 845 4961 mutabilis
900 4916 985 4962 est
1048 4915 1236 4962 nostra
1295 4907 1443 4973 vita,
1503 4905 1945 4975 mutationesque

360 4997 561 5051 multas
618 5005 673 5050 et
717 4998 1030 5051 voluntates
1080 4996 1333 5067 suscipit,
1372 5005 1567 5052 octava
1611 4996 1700 5052 dic
1740 4995 1945 5050 oblatio

360 5096 609 5158 accepta,
641 5088 696 5142 in
725 5090 924 5145 saeculo
954 5089 1162 5145 scilicet
1194 5088 1382 5144 futuro
1415 5090 1506 5155 sit,
1541 5097 1766 5159 propter
1798 5087 1944 5157 quod

361 5181 499 5237 dixit
543 5178 797 5236 Salomon
830 5199 844 5236 :
884 5180 1015 5235 Ante
1050 5191 1270 5236 mortem
1303 5198 1366 5235 ne
1405 5181 1587 5235 laudes
1630 5194 1945 5251 quemquam

362 5268 629 5321 hominum
652 5268 717 5321 ".
743 5267 881 5323 Cum
903 5279 1087 5324 autem
1114 5271 1229 5325 haec
1249 5269 1324 5325 ita
1346 5285 1404 5325 se
1431 5270 1689 5331 habeant,
1717 5277 1944 5323 matrem

365 5375 558 5415 rursus
585 5358 885 5415 Ecclesium
927 5370 982 5414 et
1010 5363 1264 5431 gratiam,
1315 5378 1435 5432 qum
1459 5360 1513 5416 in
1546 5377 1609 5416 ea
1641 5370 1748 5424 est,
1783 5361 1946 5415 intel—

365 5453 618 5522 ﬁgamus,
677 5452 745 5508 de
807 5469 912 5522 qua
965 5453 1221 5509 Salomon
1286 5455 1339 5519 in
1403 5454 1712 5510 Proverbiis
1767 5446 1942 5508 dicit:

365 5541 528 5608 Audi,
559 5541 658 5611 ﬁli,
685 5542 1021 5612 disciplinam
1062 5545 1230 5614 patris
1274 5543 1373 5609 tui,
1406 5555 1454 5597 et
1494 5559 1557 5597 ne
1588 5542 1848 5597 dimiseris
1874 5540 1946 5595 le-

471 5744 492 5775 ’
518 5743 679 5798 Cant.
712 5762 786 5800 ιν.
815 5747 864 5802 7.
978 5743 999 5774 ³
1032 5744 1229 5816 Ephes.
1257 5764 1309 5809 γ,
1337 5747 1426 5801 27.

374 5810 416 5841 "
440 5813 597 5870 Deut.
632 5833 741 5879 λη,
772 5819 833 5870 ‘2.
908 5815 948 5847 ”
980 5810 1089 5871 lsn:
1115 5833 1184 5884 Ix,
1222 5819 1273 5870 6.

1528 5750 1547 5780 θ
1581 5747 1749 5803 Hebr.
1791 5765 1865 5811 tv,
1900 5748 1984 5802 iii.

2047 4606 2349 4670 sequuntur
2387 4597 2531 4652 dicta
2581 4605 2730 4651 sunt.
2772 4594 2869 4650 Hic
2894 4595 3219 4664 ergol‘etus,
3257 4594 3372 4649 sive
3424 4607 3625 4648 secun-v

2047 4692 2175 4747 dum
2207 4689 2369 4753 LXX,
2400 4690 2541 4745 ﬁlius
2562 4705 2674 4743 non
2726 4689 2914 4743 eadem
2949 4687 3050 4742 die
3085 4685 3141 4740 in
3170 4701 3276 4757 qua
3326 4685 3529 4740 vitulus
3574 4694 3628 4740 et

2046 4782 2164 4836 ovis
2191 4779 2433 4835 Iudaica:
2461 4778 2770 4834 festivitatis
2786 4777 3157 4833 occidebatur.
3185 4775 3389 4841 Quarta
3413 4774 3623 4830 decima

2048 4873 2192 4927 enim
2233 4870 2321 4925 die
2359 4869 2567 4925 Pascha
2622 4870 2981 4934 celebrantes,
3012 4868 3064 4921 in
3092 4867 3390 4924 crastinum
3440 4864 3626 4921 Iesum

2048 4962 2457 5019 cruciﬁxerunt.

2120 5075 2284 5131 Vsus.
2315 5075 2508 5131 29-52.
2542 5093 2558 5124 ι
2585 5072 2643 5128 Si
2673 5072 3088 5128 immolaveritis
3111 5071 3348 5125 hostiam
3377 5084 3476 5139 pro
3506 5083 3633 5139 gra-

2050 5170 2249 5224 tiarum
2279 5167 2493 5229 actione
2523 5167 2753 5222 Domino
2781 5173 2840 5221 ut
2864 5165 3036 5236 possit
3062 5179 3185 5219 esse
3214 5160 3515 5232 placabilis,
3538 5174 3634 5215 eo-

2049 5266 2174 5323 dem
2197 5265 2285 5320 die
2320 5262 2607 5319 comeditis
2643 5277 2786 5325 eam,
2816 5276 2924 5315 non
2978 5257 3287 5315 remanebit
3338 5255 3632 5326 quidquam

2053 5359 2106 5412 in
2140 5373 2298 5413 mane
2325 5357 2551 5412 alterius
2576 5355 2705 5411 diei.
2736 5354 2848 5425 Ego
2877 5353 3161 5408 Dominus.
3183 5350 3465 5406 Custodite
3487 5364 3639 5404 man-

2053 5449 2176 5503 data
2230 5462 2370 5508 mea.
2397 5454 2453 5501 et
2491 5444 2654 5502 facite
2675 5458 2762 5498 ea.
2783 5441 2896 5512 Ego
2931 5440 3217 5495 Dominus.
3255 5436 3334 5492 Ne
3378 5435 3635 5508 polluatis

2055 5554 2254 5595 nomen
2284 5548 2532 5594 sanctum
2564 5551 2749 5591 meum
2781 5544 2840 5598 ut
2866 5530 3177 5588 sanctiticcr
3208 5532 3262 5585 iu
3288 5529 3469 5584 medio
3499 5527 3635 5583 ﬁlio-
3730 5597 3739 5608 .

2101 5746 2138 5778 '°
2167 5744 2315 5801 Eccl.
2344 5760 2400 5814 ιι,
2427 5744 2516 5800 50.
2630 5743 2670 5775 “
2703 5743 2863 5797 Prov.
2890 5757 2929 5808 ι,
2964 5742 3015 5797 8.
3133 5740 3174 5771 ¹²
3228 5740 3242 5794 Ι
3275 5737 3398 5794 Cor.
3427 5749 3505 5808 tv,
3549 5714 3657 5793 15.‘
