3988 6222
414 266 598 367 '1079
660 264 663 275 ’

1642 294 2004 365 HESYCIIII
2052 305 2523 370 PRESBYTERI

3570 313 3684 379 1080

457 427 578 466 rmn
596 410 901 482 Israel.Ego
920 408 1184 464 Dominus
1205 408 1602 479 quisanetitico
1620 411 1953 469 voseteduxi
1971 411 2040 467 de
2072 423 2113 478 Α
2143 431 2276 471 usus
2332 425 2438 483 est,
2481 416 2790 487 planiorem
2859 419 2979 489 ejus
3043 419 3285 479 emciens
3347 422 3681 482 intellectum.

457 513 603 558 terra
619 502 833 573 Αἰπυῑί
849 511 907 557 ut
923 517 1099 557 essem
1115 501 1270 556 vobis
1296 501 1352 555 in
1381 500 1571 559 Deum.
1585 501 1699 571 Ego
1716 502 1994 559 Dominus.
2009 522 2029 556 ι

528 590 682 644 Sicut
710 589 1139 646 satisfactionem
1159 606 1266 644 non
1299 590 1467 646 habet
1519 590 1563 644 si
1594 590 1719 661 quis
1736 592 2035 649 inchoante

452 679 605 735 Novo
629 677 1004 749 Testamento,
1034 682 1314 738 veteribus
1366 683 1593 746 serviat,
1611 695 1675 753 et
1713 685 2034 756 evangelica

452 772 850 842 praedicatione
911 786 1168 830 currente
1220 775 1524 829 secundum
1565 775 1804 830 litteram
1852 776 2031 843 vivat;

451 863 650 934 injuria
672 875 756 920 est
779 866 927 937 enim
961 866 1103 936 ejus,
1132 866 1222 937 qui
1252 874 1482 937 utraque
1510 866 1719 935 sanxitf,
1758 883 1871 923 non
1893 876 2033 923 tem-

450 954 680 1025 poribus
705 957 774 1010 ab
812 972 880 1011 eo
909 957 1183 1012 distinctis
1206 958 1548 1023 obediamus,
1613 959 1693 1013 sic
1748 959 1871 1014 sine
1924 959 2033 1013 ulla

450 1048 611 1101 venia
646 1057 731 1102 est
759 1057 954 1118 putare
977 1048 1312 1118 quempiam,
1345 1048 1433 1102 vel
1485 1036 1712 1102 omnino
1767 1050 2032 1120 e0gitare,

452 1137 581 1206 quia
622 1137 679 1192 in
708 1137 895 1193 futuro
922 1148 1168 1208 tempore
1213 1140 1552 1210 operandum
1582 1141 1792 1211 aliquid
1816 1157 2031 1207 eorum,

452 1244 575 1299 qua:
595 1245 745 1284 nunc
766 1229 925 1287 nobis
953 1230 1022 1285 ad
1052 1231 1390 1301 Operandum
1426 1241 1699 1302 praecepta
1739 1241 2034 1298 sunt,con-

451 1327 725 1374 servatur.
759 1317 819 1373 Si
843 1336 972 1389 ergo
998 1320 1353 1374 immolaveris
1374 1321 1599 1374 hostiam
1615 1338 1711 1391 pro
1731 1322 2033 1392 gratiarum

447 1411 662 1485 actione
699 1410 946 1466 Domina.
1004 1411 1389 1483 Evangelicam
1448 1414 1501 1468 ei
1554 1414 2032 1470 conservationem

448 1504 804 1574 promittens,
829 1505 944 1559 haec
967 1514 1050 1560 est
1076 1506 1222 1560 enim
1249 1507 1547 1577 gratiarum
1578 1507 1811 1562 actionis
1851 1507 2033 1562 hostia

450 1597 707 1661 Domino,
748 1596 873 1668 quia
906 1612 1246 1668 quiscunque
1273 1599 1341 1653 ad
1388 1599 1606 1653 laudem
1655 1598 1774 1668 ejus
1800 1607 1856 1653 et
1912 1599 2034 1670 glo-

448 1685 588 1741 riam
608 1686 910 1756 pertinent,
940 1688 1173 1759 peragit.
1210 1687 1373 1754 Quod
1399 1689 1740 1743 demonstrat
1767 1689 2033 1746 Dominus

2143 504 2361 579 IEgypti
2421 511 2568 564 enim
2622 509 2828 569 exitum
2882 526 2995 569 non
3033 511 3239 567 frustra
3272 524 3599 569 memoratus
3639 527 3685 572 et

2141 597 2275 655 illud
2295 599 2698 675 demonstrans,
2721 601 2848 672 quia
2882 603 3344 673 quemadmodum
3371 604 3466 675 qui
3502 608 3685 677 egressi

2141 700 2270 746 sunt
2304 692 2373 747 de
2423 693 2681 766 Egypto,
2710 711 2820 751 non
2849 696 2963 767 jam
3014 711 3080 753 ea
3118 712 3242 766 quae
3285 696 3522 768 Egyptii
3575 714 3685 769 age-

2141 784 2291 849 bant,
2323 786 2400 840 sic
2421 796 2477 841 et
2505 788 2725 856 quando
2752 804 2853 844 nos
2880 789 3023 845 Deus
3056 790 3205 859 ejicit
3223 791 3291 846 de
3314 792 3561 860 praesenti
3576 794 3683 857 vita,

2140 895 2250 934 non
2267 882 2379 950 jam
2407 897 2570 953 agere
2599 899 2661 938 ea
2685 900 2807 955 qua:
2869 885 2922 939 in
2954 901 3017 940 ea
3069 896 3199 940 sunt
3253 901 3563 955 possumus.
3606 887 3688 943 Est

2140 971 2285 1025 enim
2314 971 2581 1045 A‘ngptus
2608 974 2990 1046 intelligibilis,
3024 992 3270 1046 praesens
3297 979 3552 1042 mundus,
3578 978 3687 1047 quia

2139 1059 2405 1133 Egyptus
2433 1065 2851 1121 contenebratio
2886 1066 3304 1137 interpretatur.
3337 1067 3687 1122 Tenebrisau-

2141 1162 2273 1220 tem,
2304 1165 2358 1210 et
2389 1157 2691 1212 secundum
2726 1158 2870 1228 quod
2889 1157 3125 1213 diximus
3162 1158 3386 1222 nebula,
3447 1158 3526 1212 vel
3577 1159 3690 1216 cali-

2140 1244 2288 1314 gine,
2314 1248 2604 1315 praesentia
2635 1255 2764 1303 sunt
2797 1249 3025 1318 repleta,
3054 1248 3113 1302 in
3143 1257 3358 1305 tantum
3390 1257 3452 1302 ut
3477 1247 3689 1305 Joannes

2138 1334 2207 1391 de
2246 1334 2476 1397 Domino
2516 1338 2724 1394 diceret
2756 1355 2769 1391 :
2804 1337 2924 1395 Lua:
2951 1339 3010 1399 in
3035 1340 3260 1394 tenebris
3296 1341 3456 1408 lucet,
3484 1350 3540 1411 et
3567 1351 3688 1395 tene-

2141 1427 2248 1480 brat
2276 1444 2391 1481 eam
2433 1444 2537 1481 non
2571 1429 3159 1497 comprehenderunt”.
3193 1428 3427 1500 Propter
3459 1430 3593 1500 quod
3606 1445 3688 1485 nos

2139 1518 2403 1574 Dominus
2426 1518 2570 1576 Deus
2597 1521 2852 1577 videlicet
2894 1537 2961 1577 ex
2985 1520 3310 1592 intelligibili
3344 1520 3573 1593 Egypto
3605 1522 3691 1576 hac

2138 1609 2343 1675 educit,
2364 1618 2423 1664 ut
2459 1610 2532 1667 sit
2560 1620 2751 1667 noster
2785 1609 2950 1675 Deus,
2993 1627 3103 1666 non
3151 1609 3280 1680 quia
3315 1620 3687 1677 nuncnonest,

2139 1700 2234 1755 sed
2264 1701 2391 1770 quia
2411 1718 2519 1757 non
2545 1718 2739 1758 omnes
2770 1718 2895 1757 eum
2918 1703 3267 1765 confitemur,
3302 1718 3486 1772 neque
3508 1717 3688 1772 cogno-

449 1777 733 1857 apostolis,
766 1778 958 1837 dicens
985 1779 1219 1833 :Luceat
1270 1780 1363 1834 lux
1395 1789 1567 1833 vestra
1604 1782 2037 1847 coram/tamini-
2068 1796 2110 1851 Β
2141 1793 2366 1846 scimus,
2424 1793 2580 1849 Tunc
2636 1804 2818 1850 autem
2874 1794 3284 1862 conﬁtebimur,
3339 1804 3473 1849 ωηο
3524 1809 3689 1871 omne?

451 1870 566 1932 bus,
604 1878 662 1923 ut
687 1870 901 1924 videant
929 1869 1065 1924 bona
1094 1881 1266 1925 vestra
1292 1888 1474 1943 opera,
1503 1882 1551 1926 et
1583 1872 1875 1944 gloriﬁcent
1920 1873 2034 1927 Pa-

454 1968 586 2011 trem
609 1968 838 2013 vastrum
864 1961 956 2029 qui
988 1962 1045 2014 in
1071 1961 1211 2015 caelis
1233 1971 1308 2016 est
1337 1962 1402 2016 η.
1436 1962 1752 2017 Immolatur
1782 1963 2033 2029 Domino,

455 2058 516 2102 ut
532 2048 703 2118 possit
729 2063 853 2103 esse
893 2050 1196 2119 placabilis,
1220 2051 1366 2120 quod
1394 2050 1539 2105 LXX
1567 2053 1858 2107 ediderunt
1884 2070 1897 2106 :
1933 2053 2037 2106 Ac-

453 2147 605 2208 cepta
641 2139 781 2193 vobis
801 2140 1166 2205 immolabitis,
1199 2142 1251 2196 id
1273 2152 1376 2208 est,
1414 2143 1480 2197 ad
1515 2144 1923 2214 suscipiendum
1957 2144 2031 2198 di-

455 2247 560 2302 gne
584 2232 895 2302 praedictam
932 2235 1406 2289 conversationem
1464 2250 1712 2305 agamus,
1740 2234 2039 2305 perﬁcien-

457 2334 542 2378 tes
560 2339 702 2387 eam,
737 2333 791 2379 et
822 2340 933 2379 non
994 2325 1341 2381 imminutam
1379 2306 1775 2397 relinquentes,
1814 2333 2039 2398 propter

455 2416 604 2496 quod
624 2426 679 2472 et
699 2417 938 2473 subdidit
961 2436 974 2472 :

530 2506 733 2562 Eodem
755 2509 838 2561 die
866 2509 1147 2563 comedetis
1178 2526 1259 2576 ea,
1289 2527 1392 2563 non
1433 2511 1722 2565 remanebit
1747 2511 2039 2583 quidquam

456 2598 517 2650 in
548 2614 706 2652 mane
734 2598 952 2653 alterius
986 2601 1110 2658 diei.
1165 2602 1221 2655 In
1246 2609 1492 2670 tempore
1523 2602 1670 2656 enim
1698 2603 1823 2665 hoc,
1854 2601 1910 2656 in
1933 2618 2060 2672 quo.

458 2687 567 2743 hoc
587 2689 734 2758 quod
767 2690 972 2743 dictum
1005 2700 1111 2754 est,
1158 2690 1483 2744 sacriﬁcium
1507 2676 1906 2760 promittimus,
1944 2707 2040 2746 co-

459 2778 683 2832 medere
714 2779 868 2842 illud,
899 2779 953 2834 id
982 2788 1066 2834 est
1086 2781 1300 2850 operari
1350 2788 1405 2834 et
1439 2782 1715 2850 complere
1757 2781 2040 2837 debemus.

458 2865 607 2921 Nihil
646 2875 828 2921 autem
875 2868 943 2924 de
983 2869 1063 2923 eis
1083 2871 1145 2922 in
1178 2884 1339 2923 mane
1368 2869 1705 2938 relinquere,
1734 2879 1795 2925 ut
1842 2871 2044 2940 aliquid

460 2968 746 3014 remaneat
771 2960 1124 3031 reliquiarum
1152 2971 1355 3017 nostra:
1408 2962 1848 3016 conversationis
1870 2962 2045 3016 incor-

461 3038 697 3116 rectum,
728 3066 910 3121 neque
936 3052 1385 3122 inconsumptum
1415 3053 1483 3108 de
1527 3053 1845 3119 virtutibus,
1868 3062 1925 3110 et
1962 3054 2044 3107 in-

2136 1884 2511 1953 subjiciemur,
2533 1885 2674 1940 Tunc
2691 1888 2789 1939 erit
2809 1885 2948 1940 Deus
2967 1885 3148 1940 omnia
3172 1887 3230 1939 in
3250 1884 3689 1955 omnibus,quem-

2137 1976 2430 2031 admodum
2463 1977 2663 2033 Paulus
2684 1976 2902 2048 scripsit
2927 1973 2988 2024 “'.

2698 2110 2927 2167 CAPUT
2964 2109 3158 2166 XXIII.

2213 2225 2378 2281 Vens.
2415 2227 2534 2282 1-5.
2585 2245 2604 2278 ε
2635 2227 2876 2282 Locutus
2903 2235 2988 2281 est
3028 2227 3294 2281 Dominus
3346 2226 3416 2280 ad
3462 2224 3687 2294 Moysen.

2141 2318 2372 2373 dicens:
2401 2318 2653 2388 Loquere
2694 2319 2819 2373 [iliis
2862 2318 3050 2382 Israel,
3077 2327 3134 2373 et
3167 2319 3321 2373 dices
3354 2316 3423 2372 ad
3460 2332 3585 2372 eos:
3616 2313 3691 2369 Ha:

2142 2418 2271 2465 sunt
2303 2409 2455 2465 ierim
2479 2410 2722 2474 Domini,
2746 2426 2885 2481 quas
2904 2410 3172 2465 vocabitis
3190 2421 3435 2464 sanctas.
3470 2407 3568 2463 Sex
3589 2407 3691 2462 die-

2142 2500 2472 2556 busl‘acietis
2501 2516 2640 2572 opus
2667 2519 2679 2554 :
2709 2503 2825 2557 dies
2880 2503 3166 2571 septimus,
3188 2500 3316 2571 quia
3353 2499 3566 2555 Sabbati
3620 2512 3692 2550 re-

2143 2594 2299 2662 quies
2326 2600 2429 2654 est,
2463 2593 2752 2647 vocabitur
2792 2602 3033 2655 sanctus,
3070 2608 3235 2647 omne
3291 2609 3435 2664 opus
3488 2607 3590 2645 non
3630 2588 3695 2642 fa-

2146 2684 2303 2739 cietis
2345 2687 2398 2738 in
2419 2699 2505 2738 eo.
2549 2683 2851 2736 Sabbatum
2874 2681 3094 2736 Domini
3128 2692 3213 2737 est
3242 2683 3298 2736 in
3327 2682 3537 2737 cunctis
3565 2676 3694 2733 babi-

2148 2775 2447 2831 tationibus
2481 2775 2696 2829 vestris.
2709 2792 2727 2823 ι

2219 2865 2279 2921 Si
2328 2863 2875 2919 subtiliterattendas
2930 2863 3048 2917 lucc
3078 2877 3199 2933 quae
3260 2863 3410 2918 dicta
3471 2871 3594 2917 sunt
3650 2859 3694 2912 in

2148 2956 2517 3028 praesentibus
2546 2953 2877 3024 Iegislatoris
2918 2956 3122 3020 verbis,
3174 2955 3428 3010 invenies
3462 2971 3580 3010 cum
3608 2969 3695 3008 non

2153 3047 2327 3102 solum
2381 3043 2832 3113 contemplationi
2894 3044 3052 3116 legis,
3081 3045 3176 3099 sed
3205 3054 3262 3099 et
3299 3045 3358 3099 in
3385 3046 3557 3099 littera
3605 3044 3698 3113 ipsa

462 3152 752 3212 operatum
771 3145 824 3197 in
850 3143 1037 3201 futuro
1054 3147 1254 3201 saculo
1270 3147 1664 3209 custodiamus.
1696 3146 2039 3217 quandojam
2153 3136 2513 3192 intentionem
2533 3135 2760 3206 spiritus
2792 3137 3235 3206 interponentem
3276 3155 3290 3189 Ξ
3324 3137 3516 3190 dicens
3542 3134 3695 3189 enim:

462 3247 577 3288 non
600 3241 687 3289 est
716 3234 927 3289 licitum
961 3238 1198 3307 operari.
1253 3237 1409 3303 Quod
1442 3248 1593 3294 recte
1626 3254 1787 3294 mane
1818 3239 2039 3305 dicitur,

467 3324 522 3379 id
544 3333 650 3389 est,
704 3324 833 3395 quia
869 3341 979 3381 nox
1010 3343 1256 3397 praesens
1294 3329 1406 3383 vita
1427 3339 1649 3399 propter
1672 3345 1795 3385 eam
1818 3346 1939 3401 qua:
1986 3330 2043 3383 in

467 3430 534 3470 ea
564 3432 716 3471 nunc
736 3426 824 3471 est
854 3418 1052 3473 nebula
1078 3419 1420 3474 nominatur.
1480 3419 1595 3490 Ego
1621 3421 1898 3486 Dominus,
1950 3437 2043 3474 cu-

465 3508 658 3561 stodite
679 3510 934 3562 mandata
957 3526 1073 3564 mea
1098 3518 1147 3562 et
1164 3509 1324 3579 facile
1345 3526 1407 3563 ea
1421 3548 1435 3566 .

542 3594 655 3665 Ego
688 3594 967 3663 Dominus,
993 3598 1085 3667 qui
1123 3599 1214 3654 hic
1242 3599 1462 3669 quidem
1512 3599 1687 3672 legem
1750 3605 2046 3675 constituo,

468 3687 543 3742 ibi
575 3697 758 3743 autem
786 3689 996 3761 judico,
1016 3692 1111 3761 qui
1138 3692 1499 3764 intelligibilia
1532 3695 1733 3750 talenta
1761 3698 1899 3753 meis
1931 3715 2050 3754 Scr-

468 3779 557 3835 vis
586 3780 742 3834 “‘in
775 3784 1031 3852 praesenti
1083 3785 1284 3840 saecqu
1322 3784 1387 3839 ad
1416 3788 1753 3856 operandum
1793 3790 1939 3851 dedi.
1993 3795 2050 3846 in

472 3867 721 3925 futurum
744 3873 985 3928 rationes
1011 3889 1135 3929 cum
1162 3875 1243 3932 eis
1268 3890 1438 3946 pono,
1468 3887 1523 3933 et
1567 3880 1893 3936 talentorum
1917 3900 2051 3953 ope-

471 3958 741 4015 rationem
770 3962 949 4034 exigo.

548 4050 664 4123 Ego
700 4053 959 4109 Dominus
979 4070 998 4109 :
1024 4072 1087 4110 ne
1109 4056 1358 4128 polluatis
1382 4076 1569 4114 nomen
1590 4078 1759 4117 meum
1787 4072 2051 4118 sanctum.

473 4140 714 4200 Pollutio
748 4146 894 4200 enim
941 4156 1028 4201 est
1067 4146 1365 4214 Creatoris,
1396 4159 1452 4203 et
1484 4151 1844 4221 blasphemia,
1904 4155 1947 4210 si
1999 4155 2053 4209 in

476 4235 671 4290 eodem
698 4250 800 4290 nos
828 4235 1045 4301 ordine,
1072 4238 1161 4291 vel
1184 4250 1332 4302 actu,
1389 4256 1497 4310 quo
1517 4257 1666 4297 nunc
1715 4259 1909 4299 smnus
1966 4261 2057 4301 re-

476 4326 733 4381 suscitet.
767 4327 909 4393 Quid
935 4329 1083 4382 cnim
1111 4339 1411 4387 commutat
1449 4334 1715 4389 mundum
1746 4335 1912 4404 hunc,
1931 4337 1977 4392 si
2001 4337 2053 4392 in

477 4417 685 4474 eisdem
713 4418 995 4474 doloribus
1029 4429 1085 4475 et
1114 4419 1392 4475 laboribus
1417 4424 1666 4478 erimus?

556 4507 624 4563 Ut
645 4510 947 4579 sancti/iter
966 4511 1021 4563 in
1057 4512 1229 4565 medio
1250 4511 1484 4580 ﬁliorum
1517 4514 1707 4570 Israel.
1746 4517 1866 4572 Non
1897 4519 2053 4585 dixit,

480 4597 813 4662 sanctiﬁcor,
876 4599 973 4654 sed
1062 4597 1394 4670 Sanctiﬁcer,
1465 4600 1707 4659 futurum
1764 4610 2061 4665 ostendens

425 4698 430 4709 '
485 4698 723 4758 tempus,
758 4690 817 4743 in
855 4690 1042 4759 quoin
1080 4692 1264 4746 medio
1290 4692 1534 4748 virorum
1594 4694 1830 4752 ﬁlioeum
1890 4697 2060 4757 Israel

483 4777 878 4834 sanctificatur.
906 4781 1029 4835 Non
1056 4781 1201 4836 enim
1244 4797 1435 4840 onmes
1487 4786 1580 4856 qui
1648 4803 1716 4842 ex
1768 4788 1954 4859 Israel,
2006 4793 2061 4847 bi

483 4880 615 4927 sunt
648 4871 838 4940 Israel,
869 4873 965 4928 sed
998 4875 1317 4944 quicunque
1351 4876 1513 4932 Israel
1544 4881 1926 4950 cognationem
1969 4901 2061 4941 so-

482 4963 684 5020 cietate
703 4964 969 5019 virtutum
1003 4965 1126 5035 ejus
1154 4976 1395 5030 servant,
1445 4968 1548 5034 Qui
1570 4987 1778 5039 pacem,
1815 4974 2062 5033 sicutait

483 5054 706 5123 Paulus,
737 5065 787 5111 et
816 5058 1226 5113 sanctimoniam
1247 5059 1571 5125 custodiunt,
1607 5064 1722 5117 sine
1760 5081 1864 5132 qua
1912 5082 2062 5120 nemo

482 5149 675 5204 videbit
726 5147 1306 5216 Deum“.Quiautem
1371 5151 1711 5217 custodiunt,
1773 5156 2062 5227 videbunt,

485 5243 872 5314 propterquod
895 5242 1009 5297 ait:
1038 5240 1354 5313 Sanctiﬁcer
1410 5245 1468 5297 in
1507 5245 1680 5298 medio
1719 5263 1918 5302 eorum.
1949 5248 2062 5319 Ego

491 5334 745 5390 Dominus
768 5336 859 5406 qui
896 5338 1166 5406 sancti/ica
1188 5353 1298 5402 vos,
1328 5346 1377 5391 et
1397 5337 1554 5390 eduxi
1576 5338 1640 5391 de
1661 5350 1803 5393 terra
1825 5339 1898 5393 1E
1901 5344 2067 5411 gypti,

493 5438 547 5481 at
579 5445 743 5484 essent
782 5429 922 5483 vobis
958 5432 1013 5483 in
1047 5429 1235 5486 Deum.
1295 5429 1405 5485 Sed
1432 5431 1651 5485 etbono
1674 5431 1781 5486 ﬁne
1820 5434 1887 5488 ad
1947 5449 2064 5490 rem

564 5628 607 5659 "
640 5628 831 5682 Mulli].
876 5650 927 5696 γ,
989 5632 1071 5690 16.

492 5721 537 5761 ι’
561 5722 729 5781 Hebr.
754 5738 829 5794 tv,
864 5728 913 5783 1.

1205 5637 1269 5670 ¹⁸⁶
1296 5636 1485 5693 Matth.
1544 5650 1701 5704 xvm,
1758 5633 1829 5692 9.5
1890 5652 2009 5708 seq.

2147 3231 2263 3286 Illa
2289 3240 2411 3285 sunt
2443 3233 2588 3303 ferite
2645 3230 2858 3284 Domini
2880 3245 3012 3300 quas
3045 3230 3293 3282 vocabitis
3347 3239 3573 3282 sanctas.
3625 3223 3699 3277 [la

2145 3334 2267 3378 sunt
2297 3325 2605 3396 festivitates
2639 3339 2770 3378 mea:
2798 3339 2815 3376 :
2845 3338 2968 3378 mox
3011 3321 3255 3377 subdidit
3302 3338 3317 3373 :

2148 3417 2354 3489 facietis
2387 3433 2538 3487 opus.

2220 3506 2447 3579 Oportet
2475 3508 2696 3578 quidem
2729 3505 2836 3560 hoc
2885 3515 3088 3566 tacere,
3147 3502 3336 3559 dicere
3389 3511 3562 3557 autem
3603 3510 3700 3569 quze

2150 3610 2460 3671 sequuntur
2492 3618 2506 3655 :
2536 3601 2657 3654 Dies
2678 3599 2949 3666 septimus,
2992 3598 3118 3668 quia
3159 3594 3386 3650 Sabbati
3411 3595 3598 3665 requies
3623 3598 3698 3651 est,

2151 3693 2421 3747 vocabitur
2438 3702 2673 3745 sanctus.
2708 3691 2813 3745 Sed
2847 3689 2998 3745 feriis
3025 3700 3388 3755 conuectens,
3423 3688 3523 3747 Sex.
3547 3684 3700 3740 diebus

2158 3786 2369 3856 facietis
2397 3801 2547 3853 opus,
2578 3783 2818 3838 ostendit
2839 3783 2964 3852 quia
3003 3782 3191 3851 primae
3232 3781 3406 3846 feriae,
3434 3781 3542 3835 sive
3571 3773 3698 3831 festi-

2154 3876 2296 3930 vitas
2326 3876 2469 3946 apud
2494 3875 2665 3946 legem
2698 3874 2915 3944 operari
2951 3884 3055 3936 est,
3087 3872 3301 3942 operari
3333 3879 3515 3925 autent
3564 3867 3700 3926 bona,

2156 3975 2442 4037 propterea
2473 3966 2620 4020 enim
2652 3966 2729 4019 ait
2762 3982 2775 4018 :
2819 3963 2923 4019 Sea:
2969 3965 3151 4017 diebus
3181 3964 3394 4034 facietis
3416 3978 3555 4032 opus.

2227 4058 2366 4124 Quia
2400 4057 2585 4111 omnia
2606 4056 2766 4111 valde
2789 4065 2920 4111 sunt
2939 4055 3101 4118 bona,
3135 4069 3483 4125 quaecunque
3513 4051 3638 4105 Deus
3657 4046 3698 4101 in

2158 4167 2255 4207 sex
2301 4151 2497 4205 diebus
2546 4149 2853 4204 constituit.
2909 4146 3164 4202 Secunda
3215 4157 3401 4200 autem
3450 4142 3699 4203 festivitas,

2158 4241 2600 4313 praecedentibus
2639 4240 2725 4294 bis
2745 4238 3026 4309 operibus,
3076 4238 3324 4308 septima:
3352 4237 3459 4291 diei
3519 4229 3702 4302 requies

2158 4343 2244 4390 est
2310 4351 2325 4388 :
2369 4348 2533 4404 quam
2578 4332 2927 4387 festivitatem
2976 4345 3142 4384 nemo
3172 4330 3476 4393 celebrare,
3507 4324 3590 4396 qui
3613 4334 3702 4375 non

2086 4437 2418 4514 DOperatus
2479 4433 2566 4482 est
2613 4426 2754 4481 bona
2811 4441 2978 4495 opera
3037 4434 3093 4478 et
3143 4422 3305 4494 digna
3335 4422 3464 4485 Deo,
3515 4414 3699 4490 poterit.

2165 4517 2300 4572 Nam
2322 4532 2427 4572 nec
2455 4516 2679 4581 frustra,
2713 4515 2859 4569 Deus
2894 4513 3099 4585 quippe
3126 4523 3245 4567 erat
3265 4513 3361 4581 qui
3394 4510 3701 4580 loquebatur,

2164 4610 2258 4679 qui
2298 4609 2433 4663 nihil
2463 4608 2664 4663 frustra
2691 4607 2954 4677 loquitur,
2978 4605 3130 4675 prius
3181 4605 3258 4658 ait
3281 4621 3294 4656 :
3317 4603 3422 4659 Sex
3452 4602 3616 4657 diebus
3635 4596 3702 4667 {a-

2163 4702 2310 4756 cietis
2336 4716 2486 4770 opus,
2511 4709 2712 4770 etpost
2742 4700 2845 4753 hoc
2872 4714 2886 4751 :

2243 4793 2363 4848 Dies
2391 4795 2661 4862 septimus,
2689 4794 2780 4863 qui
2824 4791 3045 4847 Sabbati
3092 4791 3298 4861 requies
3326 4799 3424 4852 est,
3474 4778 3704 4842 vocabitur

2167 4896 2403 4941 sanctus.
2442 4886 2548 4941 Sed
2573 4887 2638 4940 ad
2672 4886 3066 4947 ostensionem,
3099 4893 3161 4938 ut
3191 4884 3236 4937 si
3288 4883 3410 4952 quis
3453 4880 3517 4934 ad
3557 4878 3703 4931 imita-

2171 4979 2376 5033 tionem
2436 4977 2531 5033 Dei
2606 4977 2748 5030 bona
2797 4975 2908 5045 agit
2942 4984 2999 5029 et
3026 4974 3403 5043 consequitur,
3432 4972 3530 5025 hoc
3555 4975 3627 5021 est
3657 4961 3704 5016 in

2170 5083 2265 5122 sex
2289 5068 2479 5123 diebus
2504 5065 2719 5136 operari
2755 5083 2769 5119 :
2795 5065 2885 5120 hic
2917 5064 3243 5135 intelligibili
3279 5060 3567 5132 requiescit
3595 5052 3703 5108 Sab—

2169 5162 2317 5227 bato,
2351 5159 2420 5215 de
2449 5175 2558 5229 quo
2589 5157 2793 5213 Paulus
2810 5158 3064 5213 diccbat:
3106 5156 3426 5218 Timeamus,
3493 5167 3551 5204 ne
3597 5149 3703 5219 forte

2171 5252 2353 5305 relicta
2369 5250 2750 5320 pollicitatione
2792 5251 3089 5304 introeundi
3125 5250 3179 5301 in
3205 5248 3434 5316 requiem
3460 5243 3626 5314 ipsius,
3644 5235 3703 5288 υἷ’

2180 5345 2373 5398 deatur
2397 5360 2461 5397 ea:
2485 5344 2630 5398 nobis
2657 5343 2850 5416 aliquis
2884 5345 3056 5397 deesse
3087 5344 3155 5396 ⁸³.
3216 5342 3376 5397 Caret
3403 5338 3540 5392 enim
3586 5339 3701 5386 nunc

2177 5437 2265 5491 illa
2297 5435 2506 5507 requie,
2536 5437 2627 5506 qui
2657 5452 2764 5491 non
2799 5444 3076 5507 operatur.
3138 5434 3269 5501 Quae
3298 5443 3351 5488 et
3376 5438 3552 5486 vocata
3600 5433 3700 5477 san-

3218 5632 3261 5664 “
3291 5632 3311 5685 Ι
3338 5628 3459 5684 Cor.
3507 5636 3587 5687 xv,
3626 5609 3695 5670 93-

2119 5634 2343 5693 “Hebr.
2393 5653 2469 5707 χι,
2507 5639 2590 5694 Ii.
2683 5638 2722 5670 ¹⁷
2757 5634 2915 5691 Joan.
2966 5649 3005 5700 ι,

3398 3320 3501 3376 Sea:
3552 3316 3701 3372 diebus
3722 3352 3733 3360 .
