3988 6222
265 386 398 455 1081

1406 393 1490 454 ΙΝ
1526 394 1968 457 LEVITICUM.
2004 421 2077 434 -·
2108 398 2255 458 LIB.
2286 397 2388 460 VI.

3391 394 3529 460 1082

264 507 351 551 eta
381 496 602 561 dicitur,
622 496 752 566 quia
774 498 1007 562 vocatis,
1067 499 1137 554 de
1188 499 1388 569 quibus
1450 500 1774 562 Paulus,ait
1825 519 1841 555 :
1874 514 1919 565 Α
1947 503 2146 559 vitales
2169 503 2514 574 imperatoris
2540 510 2693 570 sunt,
2722 502 2779 558 in
2808 501 3009 574 quibus
3043 500 3302 559 victorias
3321 513 3376 558 et
3409 512 3526 556 tro-

263 588 471 645 Seimus
490 591 619 658 quia
652 591 956 645 timentibus
976 591 1144 646 Deum
1179 594 1359 646 omnia
1382 603 1732 663 cooperantur
1786 594 1843 648 in

262 683 472 739 bonum.
498 682 578 735 his
601 683 695 753 qui
715 683 999 736 secundum
1032 684 1361 753 propositum
1399 686 1572 739 vocati
1609 694 1729 739 sunt
1752 686 1797 717 “
1824 703 1838 739 :

262 773 604 844 intelligihile
631 775 953 843 deputatum
989 786 1072 829 est
1106 773 1429 841 Sabbatum,
1464 775 1554 830 his
1574 778 1666 846 qui
1710 794 1841 832 san-

260 863 578 919 ctimoniam
624 874 1063 933 consequuntur,
1089 866 1205 919 sine
1269 882 1375 936 qua
1444 882 1596 921 nemo
1648 867 1843 920 videbit

263 954 435 1009 Deum
455 955 522 1010 ¹¹.
545 954 701 1008 Tunc
725 942 889 1011 antire
944 970 1081 1023 opus
1108 970 1218 1009 non
1253 1001 1256 1005 .
1285 955 1550 1011 faciemus
1578 972 1593 1019 ;
1626 965 1843 1025 tempus

265 1044 415 1098 enim
442 1053 654 1098 nonest
683 1045 737 1097 in
767 1044 858 1098 illo
893 1046 1097 1099 saeculo
1130 1045 1415 1113 operandi.
1446 1045 1677 1113 Propter
1693 1044 1842 1114 quod

262 1143 320 1189 et
343 1134 585 1189 subdidit
608 1152 621 1187 :
646 1132 939 1189 Sabbatum
971 1134 1184 1188 Domini
1213 1144 1288 1189 est
1318 1136 1375 1188 in
1399 1136 1597 1189 cunctis
1626 1135 1840 1188 habita-

263 1228 490 1281 tionibus
518 1226 1043 1281 vestris.Sabbatum
1093 1227 1310 1281 Domini
1372 1242 1599 1288 vocans,
1655 1225 1710 1281 id
1760 1234 1845 1281 est

261 1319 555 1390 requiem:
602 1317 900 1372 Sabbatum
959 1317 1106 1372 enim
1152 1317 1370 1387 requies
1424 1318 1840 1387 interpretatur,

262 1426 389 1481 qua
422 1411 476 1463 in
511 1420 757 1478 tempore
789 1418 895 1473 est,
953 1425 1063 1478 quo
1106 1410 1370 1479 populum
1415 1424 1577 1464 suum
1622 1424 1654 1463 a
1703 1423 1844 1479 prte-

264 1501 519 1557 sentibus
575 1500 858 1555 laboribus
929 1510 986 1554 et
1047 1501 1429 1555 vexationibus
1488 1501 1842 1570 requiescere

265 1592 417 1653 facit.
445 1592 511 1647 de
532 1606 641 1661 quo
666 1591 744 1645 sic
774 1591 976 1645 Paulus
1006 1590 1174 1646 dicit:
1205 1590 1346 1661 Ergo
1368 1590 1684 1660 relinquitur
1707 1588 1844 1644 Sab-

265 1683 525 1738 batisnms
556 1683 750 1751 populo
775 1682 872 1736 Dei
897 1682 963 1735 ³³.
991 1680 1094 1747 Qui
1120 1680 1272 1736 enim
1324 1682 1607 1750 ingressus
1648 1687 1733 1733 est
1786 1679 1843 1732 in

266 1775 513 1845 requiem
543 1775 665 1842 ejus
682 1774 844 1828 etiam
878 1773 994 1843 ipse
1021 1773 1293 1841 requievit
1330 1774 1400 1827 ab
1415 1772 1675 1842 Operibus
1701 1770 1840 1837 suis,

266 1864 411 1917 sicut
440 1868 496 1916 et
523 1876 553 1915 a
588 1861 722 1925 suis,
750 1861 912 1915 Deus.
942 1859 1222 1927 Adjiciens
1249 1868 1432 1914 autem
1463 1858 1625 1913 nimis
1655 1860 1843 1912 subse-
1882 1858 1925 1914 B

268 1961 504 2023 quenter
537 1970 551 2006 :
584 1952 651 2007 In
672 1952 872 2005 cunctis
893 1950 1309 2004 habitationibus
1358 1950 1562 2004 vestris.
1595 1948 1852 2017 Utetper

270 2046 375 2099 hoc
401 2043 743 2099 satisfaceret
760 2044 829 2098 de
861 2043 1063 2098 saeculo
1107 2043 1294 2098 futuro
1324 2058 1384 2097 se
1414 2042 1583 2112 loqui.
1605 2042 1851 2096 Praesens

254 2136 415 2191 enim
447 2135 682 2190 mundus
733 2135 1100 2205 peregrinatio
1116 2143 1221 2198 est,
1257 2133 1523 2190 habitatio
1548 2142 1636 2188 est
1664 2143 1849 2187 autem

267 2242 390 2297 qua:
418 2226 684 2295 sequitur.
713 2225 888 2280 Nemo
912 2227 1061 2281 enim
1093 2227 1162 2281 de
1195 2225 1303 2281 illis
1360 2224 1850 2280 mansionibusseu

269 2319 704 2374 habitationibus
726 2319 945 2389 migrat,
981 2334 1120 2386 quas
1146 2318 1318 2373 semel
1363 2317 1540 2373 sortiti
1562 2315 1848 2370 fuerimus.

267 2410 404 2476 Quia
432 2421 616 2465 autem
642 2410 941 2465 Sabbatum
969 2411 1190 2479 requies
1211 2411 1630 2479 interpretatur,
1668 2406 1851 2461 mani-

271 2503 435 2559 festat
493 2505 826 2572 reliquorum
881 2504 1244 2572 interpretum
1284 2501 1482 2557 editio.
1544 2499 1651 2554 Pro
1676 2499 1848 2566 enim,

274 2594 498 2651 Sabbati
534 2594 778 2663 requies,
812 2592 1112 2648 Sabbatum
1154 2592 1473 2648 sabbatismi
1492 2590 1801 2645 ediderunt.

345 2687 506 2744 Vens.
538 2688 648 2742 4-7.
687 2706 707 2739 ‹
742 2687 837 2743 Hae
876 2696 1005 2741 sunt
1035 2702 1166 2758 ergo
1189 2685 1343 2741 feria:
1372 2684 1593 2738 Domini
1614 2692 1845 2747 sancite,

272 2794 410 2850 quas
431 2779 710 2835 celebrare
741 2778 958 2833 debetis
990 2778 1330 2847 temporibus
1360 2775 1495 2841 suis,
1528 2789 1718 2828 mense
1734 2773 1850 2842 pri-

272 2887 364 2927 nio
396 2879 586 2941 quarta
630 2870 840 2925 decima
865 2869 956 2923 die
981 2867 1190 2922 mensis
1226 2867 1292 2922 ad
1332 2878 1644 2934 vesperum,
1673 2863 1853 2917 Phase

273 2962 491 3017 Domini
509 2970 609 3026 est,
647 2968 702 3016 et
738 2961 928 3030 quinta
979 2960 1192 3014 decima
1225 2959 1314 3012 die
1338 2958 1544 3012 mensis
1566 2956 1732 3026 hujus
1759 2970 1851 3008 sor

273 3055 530 3110 lemnitas
572 3068 883 3124 azymorum
949 3051 1167 3106 Domini
1219 3059 1321 3105 est.
1384 3050 1606 3119 Septem
1661 3047 1855 3102 diebus

276 3160 464 3216 azyma
483 3144 802 3198 comedetis.
830 3142 954 3196 Dies
990 3141 1202 3211 primus
1239 3141 1347 3194 erit
1378 3138 1534 3193 vobis
1554 3136 1854 3192 celeberri-

276 3252 422 3302 mus,
456 3245 805 3305 sanctusque.
837 3233 1012 3289 Omne
1040 3247 1180 3301 Opus
1210 3229 1407 3285 servile
1435 3245 1544 3284 non
1572 3226 1858 3283 facietisin

276 3344 365 3393 eo,
406 3329 504 3384 sed
533 3327 777 3382 oﬂ'eretis
805 3325 1129 3381 sacrilicium
1161 3323 1217 3377 in
1245 3322 1368 3393 igne
1399 3321 1628 3377 Domino
1645 3327 1856 3389 septem

277 3408 494 3477 diebus.
555 3419 681 3474 Dies
732 3427 918 3473 autem
969 3418 1234 3487 septimus
1289 3416 1396 3470 erit
1447 3412 1856 3475 celeberrimus,

276 3513 597 3580 nullumque
621 3524 761 3578 opus
792 3506 991 3561 servile
1028 3505 1121 3560 fiet
1155 3507 1209 3559 in
1240 3519 1359 3559 eo.»

350 3605 462 3675 Age
488 3617 637 3657 nunc
661 3602 707 3658 si
731 3602 886 3663 libet,
953 3598 1172 3654 Judaaos
1228 3580 1648 3664 intei-rogemus,
1699 3591 1860 3661 cuius

278 3696 361 3752 rei
393 3695 563 3764 gratia
597 3710 707 3747 non
740 3692 931 3762 quinta
962 3690 1175 3745 decima
1211 3688 1300 3743 die
1330 3687 1680 3741 festivitatem
1698 3698 1872 3753 agere~

277 3787 473 3858 jussit,
494 3786 549 3839 in
578 3801 688 3856 quo
719 3782 927 3837 Pascha
969 3779 1348 3850 imaginarium
1398 3776 1582 3837 ﬁebat,
1618 3774 1713 3828 sed
1744 3789 1863 3828 me-

280 3878 516 3934 moriam
570 3878 793 3946 quidem
829 3874 961 3929 facit
1019 3874 1160 3944 ejus,
1228 3870 1584 3926 festivitatem
1659 3875 1862 3929 tamen,

281 3971 461 4042 prima
523 3983 857 4040 azymorum,
888 3981 1011 4035 qua:
1059 3972 1178 4018 erat
1227 3970 1354 4032 post
1380 3961 1548 4025 illam,
1583 3956 1865 4013 ﬁerideﬁ—

283 4062 464 4117 niunt.
499 4059 841 4115 Manifestum
870 4065 956 4113 est
1007 4065 1209 4120 autem,
1244 4053 1373 4122 quia
1402 4052 1547 4107 scire
1579 4051 1627 4106 is
1658 4050 1750 4120 qui
1784 4049 1866 4103 le-

286 4166 408 4223 gem
441 4149 658 4219 accipit,
688 4148 820 4218 quid
852 4143 1066 4200 intersit
1123 4143 1266 4197 inter
1295 4143 1520 4212 ﬁguram
1560 4148 1617 4195 et
1669 4136 1869 4193 verita-

290 4253 400 4298 tem
416 4241 711 4304 desiderat,
736 4246 791 4293 et
829 4238 957 4308 quia
983 4236 1185 4308 ﬁguras
1214 4235 1377 4299 scire,
1410 4232 1671 4303 quoniam
1697 4229 1869 4285 dedu-

287 4344 423 4390 cunt
451 4334 521 4388 ad
552 4333 863 4396 veritatem,
883 4330 1111 4400 dignum
1169 4337 1275 4393 est,
1307 4326 1653 4382 festivitatem
1684 4331 1870 4378 autem

289 4441 452 4498 agere
471 4433 625 4487 tunc,
651 4422 872 4493 quando
900 4420 1102 4475 veritas
1133 4433 1256 4491 qua:
1283 4418 1339 4472 in
1391 4416 1577 4487 ﬁguris
1615 4414 1871 4471 contine-

1946 608 2064 663 paaa
2098 603 2289 648 contra
2338 594 2525 649 hostes
2557 595 2752 660 erexit,
2776 594 3009 650 salvavit
3037 603 3245 665 gentes,
3276 593 3526 648 civitates

1946 685 2242 755 acquisivit
2277 703 2290 740 :
2323 685 2403 740 sic
2431 693 2490 740 et
2510 686 2742 752 Christi,
2773 687 2829 740 in
2867 686 3069 755 quibus
3088 693 3339 740 nostrum
3355 691 3526 755 genus

1948 775 2195 842 salvavit,
2225 784 2280 830 et
2311 784 2556 830 nostram
2619 776 2994 846 captivitatem
3058 775 3408 845 conquisivit,
3470 778 3528 829 et

1948 864 2324 919 hereditatem
2354 878 2419 918 ex
2454 863 2707 933 gentibus
2741 863 3066 932 sibimetipsi
3130 862 3310 933 regale
3345 875 3529 916 sacer-

1948 954 2178 1017 dotium,
2234 961 2452 1024 gentem
2506 960 2780 1015 sanctam,
2808 952 3073 1022 pupulum
3149 949 3528 1021 acquisitionis

1947 1044 2249 1100 constituit.
2288 1045 2500 1099 Deinde
2537 1060 2662 1101 cum
2693 1052 2978 1114 oporteret
3010 1044 3196 1098 dicere
3225 1043 3526 1097 secundum

1949 1134 2112 1202 LXX,
2135 1138 2221 1191 hae
2245 1146 2452 1192 vocatae
2468 1145 2848 1206 sanctae,quas
2870 1135 3139 1190 vocabitis
3158 1150 3253 1189 eas
3272 1134 3326 1187 in
3364 1134 3522 1188 festi-

1948 1230 2209 1285 vitatibus
2249 1229 2472 1295 vestris,
2506 1229 2623 1283 haec
2662 1239 2852 1282 nostra
2888 1228 3171 1282 translatio
3187 1227 3403 1296 planius
3433 1227 3530 1281 ha-

1948 1321 2062 1388 bet,
2089 1321 2285 1377 dicens
2303 1321 2640 1390 temporibus
2681 1321 2802 1374 suis
2834 1335 2847 1371 :
2873 1332 2983 1373 non
3020 1319 3157 1373 dixit
3179 1319 3261 1373 sic
3285 1319 3352 1372 de
3373 1317 3528 1372 festi-

1950 1413 2214 1468 vitatibus
2240 1429 2455 1478 eorum,
2495 1426 2605 1467 non
2636 1411 2744 1467 illis
2798 1411 2893 1482 qui
2923 1411 3173 1465 serviunt
3202 1409 3408 1480 ﬁgurae,
3435 1409 3532 1463 sed

1950 1504 2227 1572 ﬁdelibus,
2248 1515 2305 1560 et
2335 1504 2766 1575 suscipientibus
2822 1504 3200 1568 festivitatem,
3232 1502 3333 1555 has
3380 1514 3534 1556 com-

1949 1606 2136 1668 petere
2166 1596 2491 1652 festivitates
2536 1598 2854 1661 ostendens,
2911 1592 3142 1666 quarum
3174 1604 3279 1649 una
3315 1602 3419 1661 est,
3463 1594 3532 1650 de

1949 1704 2056 1760 qua
2093 1690 2211 1744 hinc
2230 1689 2363 1751 dicit
2396 1707 2410 1742 :

2021 1780 2203 1835 Mense
2222 1782 2414 1850 primo,
2441 1788 2636 1848 quarta
2674 1778 2883 1833 decima
2928 1779 3013 1832 die
3048 1779 3237 1831 mensis
3261 1773 3332 1830 ad
3355 1791 3532 1844 vespe-

1950 1890 2071 1928 rum
2093 1873 2264 1927 Phase
2285 1873 2497 1926 Domini
2517 1879 2614 1925 est.
2636 1869 2879 1924 Primum
2898 1884 3166 1932 mensem,
3190 1880 3402 1938 tempus
3426 1868 3536 1924 Do-

1952 1967 2171 2022 minicae
2202 1964 2471 2035 passionis
2497 1974 2648 2018 recte
2688 1963 2920 2018 dicimus
2949 1963 3005 2016 in
3039 1977 3148 2032 quo
3203 1962 3537 2016 conveniunt

1952 2059 2187 2115 maxime
2221 2067 2277 2113 et
2301 2059 2417 2112 haec
2446 2058 2514 2112 ad
2544 2057 2761 2127 Moysen
2785 2056 2949 2110 verba
2972 2071 3004 2109 a
3030 2050 3140 2109 Deo
3166 2054 3312 2110 dicta
3341 2072 3354 2107 :
3387 2048 3537 2108 Men-

1952 2150 2024 2203 sis
2045 2148 2131 2201 Itie
2158 2147 2302 2201 vobis
2328 2146 2654 2217 principium
2699 2145 2979 2209 mensium,
3029 2145 3236 2214 primus
3269 2145 3369 2197 erit
3396 2142 3537 2196 vobis

1950 2244 2006 2295 in
2037 2240 2300 2295 mensibus
2329 2239 2459 2291 anni
2488 2238 2552 2291 ³⁸.
2581 2236 2797 2291 Initium
2821 2236 2968 2291 enim
3000 2245 3054 2290 et
3083 2235 3362 2305 ingressus
3382 2247 3537 2288 novae

1951 2332 2097 2398 vitae,
2128 2339 2183 2386 et
2214 2344 2366 2385 nunc
2399 2345 2429 2383 a
2454 2329 2616 2384 nobis
2636 2328 2904 2383 inchoata:
2937 2325 3373 2382 conversationis
3425 2331 3535 2378 est.

1954 2420 2271 2491 Vespertina
2292 2428 2557 2489 tempora,
2586 2417 2640 2472 in
2674 2417 2872 2486 quibus
2906 2416 3169 2470 DominUS
3199 2414 3437 2478 advenit,
3457 2412 3541 2467 di-

1951 2514 2044 2570 cit.
2066 2512 2308 2568 Joannes
2324 2510 2471 2565 enim
2502 2509 2595 2575 ait,
2632 2508 2844 2569 Fitioli,
2894 2506 3176 2561 novissima
3212 2507 3341 2558 hora
3379 2515 3452 2558 est
3470 2502 3538 2555 “.

1950 2608 2031 2659 Ad
2072 2618 2367 2675 vesperum
2398 2602 2606 2657 Pascha
2652 2598 2999 2654 Dominicum
3036 2597 3243 2651 factum
3274 2603 3377 2649 est.
3435 2591 3541 2658 Qui

1950 2712 2163 2769 passus,
2197 2708 2309 2750 non
2338 2706 2465 2748 mox
2497 2703 2741 2761 tempora
2800 2689 3115 2745 ﬁnivit.sed
3169 2685 3387 2755 reliquit
3442 2701 3544 2739 no-

1952 2787 2188 2843 vissima:
2236 2785 2386 2839 hora:
2429 2789 2483 2837 et
2546 2778 2876 2849 vespertinae
2932 2777 3209 2846 reliquias,
3260 2777 3311 2831 in
3346 2772 3544 2844 quibus

1952 2887 2201 2949 Oporteat
2221 2889 2444 2931 currere
2477 2872 2942 2943 praedicationem,
2990 2877 3045 2923 et
3083 2869 3137 2922 in
3180 2880 3288 2936 qtio
3325 2880 3544 2923 omnem

1956 2980 2156 3025 terram
2185 2977 2440 3039 penetret
2464 2966 2701 3021 salutare
2739 2964 2991 3018 verbum.
3027 2958 3134 3015 Sed
3177 2969 3229 3015 et
3253 2958 3319 3014 ad
3350 2973 3544 3028 vespe-

1955 3076 2099 3124 rum,
2139 3060 2255 3114 sive
2286 3056 2464 3111 medio
2512 3055 2951 3124 vespertinorutn
2999 3050 3208 3104 Pascha
3264 3048 3543 3118 proprium

1958 3152 2320 3224 praeveniens,
2354 3162 2574 3203 crucem
2614 3154 2766 3198 suam
2796 3133 3046 3196 Christus
3077 3132 3389 3196 celebravit.
3446 3136 3546 3191 Die

1961 3245 2111 3300 enim
2170 3238 2501 3311 imaginariae
2557 3235 2872 3292 festivitatis
2928 3230 3224 3298 Paschalis,
3265 3246 3388 3301 quae
3430 3237 3550 3284 erat

1960 3346 2151 3407 quarta
2180 3335 2393 3389 decima
2440 3338 2565 3400 post
2628 3340 2841 3385 orenam
2888 3324 3310 3396 supersensiblle
3357 3332 3546 3376 verum

1960 3429 2190 3491 Pascha,
2216 3426 2361 3496 quod
2396 3424 2462 3478 ad
2496 3424 2616 3493 ejus
2646 3420 2969 3493 mysterium
3020 3416 3351 3489 pertinebat,
3381 3413 3547 3470 disci-

1959 3523 2107 3594 pulis
2135 3519 2374 3574 tradidit.
2409 3517 2554 3587 Ergo
2580 3524 2636 3570 et
2663 3529 2769 3569 nox
2792 3519 2912 3569 erat
2941 3512 3077 3581 jam,
3102 3508 3321 3580 quando
3351 3518 3547 3578 panem

1960 3610 2129 3666 Judas
2160 3608 2228 3663 de
2260 3620 2414 3661 coma
2444 3604 2533 3658 illa
2566 3603 2864 3673 accipiens,
2908 3600 2979 3656 ad
3043 3597 3257 3652 Domini
3316 3595 3550 3650 traditio—

1962 3717 2087 3758 nem
2118 3700 2322 3755 exibat.
2364 3695 2626 3766 Sequenti
2652 3702 2836 3748 autem
2877 3692 2986 3756 die,
3043 3705 3166 3760 quae
3215 3686 3319 3743 fuit
3358 3686 3547 3755 quinta

1965 3793 2199 3855 decima,
2260 3788 2467 3843 Pascha
2500 3785 2681 3841 crucis
2728 3783 3008 3853 implebat.
3037 3779 3270 3847 Propter
3292 3776 3437 3845 quod
3493 3772 3549 3826 in

1966 3883 2153 3954 quinta
2179 3879 2396 3935 decima
2415 3877 2622 3932 mensis
2650 3874 2817 3944 hujus
2841 3873 2948 3937 die,
2998 3868 3345 3925 festivitatem
3408 3866 3551 3920 hanc

1967 3991 2128 4048 agere
2149 3972 2426 4043 legislator
2455 3967 2738 4039 praecepit,
2769 3975 2822 4020 et
2852 3965 2907 4018 in
2948 3963 3066 4033 ipsa
3101 3958 3425 4017 celebritate
3459 3971 3551 4010 so-

1967 4045 2308 4123 lemnitatem
2337 4072 2650 4132 azymorum
2697 4052 2913 4110 Domini
2946 4049 3285 4122 praadicavit.
3322 4046 3379 4100 Si
3403 4045 3550 4100 enim

1970 4160 2249 4217 celebrare
2301 4155 2352 4211 ei
2398 4152 2607 4208 Pascha
2675 4148 2897 4221 preprie
2964 4153 3023 4200 et
3076 4157 3208 4198 vere
3275 4140 3549 4201 volumus,

1970 4251 2145 4323 azymi
2174 4250 2243 4305 ab
2262 4247 2412 4303 omni
2437 4243 2643 4300 malitia
2683 4255 2806 4297 esse
2839 4238 3123 4301 debemus,
3157 4242 3214 4287 et
3240 4232 3409 4287 multo
3434 4244 3550 4282 ma-

1973 4349 2057 4418 gis
2086 4361 2117 4399 a
2138 4341 2365 4398 Iudaico
2390 4352 2577 4394 errore
2608 4343 2665 4391 et
2715 4334 3004 4388 vetustate.
3048 4326 3208 4383 Unde
3261 4331 3552 4394 postquam

1972 4413 2173 4492 Paulus
2200 4431 2355 4494 dixit,
2381 4428 2582 4482 Pascha
2605 4432 2843 4479 nostrum
2864 4418 3170 4475 immolatus
3196 4424 3271 4469 est
3287 4413 3548 4474 Christus,

289 4528 400 4583 tur,
441 4515 748 4578 advenerit,
810 4511 1129 4567 memoriam
1177 4511 1445 4581 siquidem
1477 4509 1609 4563 facit
1665 4514 1854 4576 quarta

1979 4526 2222 4585 subdidit
2253 4541 2267 4578 :
2296 4520 2607 4592 Epulemur,
2625 4533 2728 4571 non
2754 4518 2810 4570 in
2832 4516 3086 4585 fermento
3109 4507 3290 4569 veteri,
3315 4504 3553 4572 nebuem

289 4611 542 4672 decimm,
574 4607 703 4677 quia
730 4605 958 4677 ﬁguram
991 4603 1248 4658 habebat.
1289 4601 1658 4656 Festivitatem
1682 4606 1866 4652 autem

292 4718 453 4774 agere
486 4700 680 4771 quinta
710 4699 924 4754 decima
952 4696 1234 4766 praecepit,
1267 4694 1397 4763 quia
1417 4693 1473 4747 in
1500 4692 1619 4761 ipsa
1670 4704 1868 4746 verum

292 4805 381 4855 est
405 4794 633 4858 Pascha,
669 4791 738 4847 de
761 4805 872 4860 quo
896 4788 1098 4843 Paulus
1121 4786 1339 4842 dicebat
1371 4802 1384 4837 :
1412 4783 1619 4837 Pascha
1636 4790 1875 4836 nostrum

292 4887 599 4943 immolatus
637 4892 712 4940 est
747 4880 981 4937 Christus
1003 4879 1072 4933 ".
1105 4876 1213 4933 Sed
1266 4877 1414 4946 ipsos
1451 4875 1563 4944 iam
1592 4887 1876 4928 sermones

294 4978 673 5036 discutiamus.

1973 4625 2225 4691 fermento
2255 4613 2476 4671 malitia!
2501 4619 2550 4665 et
2577 4608 2840 4679 nequitiae,
2860 4604 2950 4658 sed
3001 4604 3059 4656 in
3085 4598 3286 4669 azymis
3332 4593 3554 4650 sinceri—

1974 4682 2102 4767 tatis
2155 4720 2203 4765 et
2264 4705 2504 4763 veritatis
2545 4702 2610 4758 ".
2670 4698 2736 4755 Et
2764 4696 2967 4753 nonad
2999 4702 3234 4763 tempus,
3265 4689 3361 4745 sed
3399 4682 3554 4740 omni

1974 4810 2162 4858 nostra
2188 4799 2301 4853 vita
2328 4812 2356 4850 a
2396 4796 2671 4850 fermento
2693 4790 2915 4845 malitia!
2962 4784 3153 4842 mundi
3208 4797 3330 4839 esse
3391 4778 3557 4834 debe-

1977 4898 2100 4945 mus
2125 4907 2141 4956 ;
2169 4893 2461 4958 prepterea
2476 4883 2553 4937 ait
2572 4900 2584 4935 :
2610 4880 2815 4949 Septem
2838 4878 3022 4931 diebus
3050 4888 3238 4944 azyma
3256 4867 3554 4926 comedetis.
3570 4942 3576 4947 I

1980 4980 2083 5034 Per
2108 4974 2475 5046 septenarium
2501 4982 2789 5025 numerum
2820 4968 2888 5023 de
2912 4964 3060 5021 omni
3089 4962 3248 5018 nobis
3274 4960 3381 5013 vita
3416 4969 3556 5026 pra:-

365 5068 464 5126 Ηιε
482 5079 601 5124 sunt
623 5067 768 5138 ferire
793 5062 1003 5118 Domini
1033 5069 1227 5115 sanctae
1247 5076 1378 5131 quas
1406 5057 1666 5113 celebrare
1684 5054 1881 5109 debetis
1980 5071 2210 5143 capiens.

297 5161 615 5234 temporibus
626 5160 754 5214 suis.
779 5157 960 5224 Quare
980 5171 1093 5210 non
1111 5153 1269 5219 dixit,
1287 5152 1462 5208 Feriaa
1484 5150 1737 5215 Domino,
1757 5148 1878 5213 sed,

2052 5161 2215 5216 Vens.
2252 5159 2304 5213 8.
2341 5175 2361 5209 ι
2400 5156 2526 5211 Dies
2551 5153 2761 5226 primus
2797 5150 2906 5206 erit
2953 5148 3113 5205 vobis
3164 5141 3556 5201 celeberrimus

298 5257 478 5314 Feri“
508 5253 764 5311 00mm"
798 5251 909 5305 Am
951 5248 1136 5303 form“
1193 5247 1347 5301 mum
1391 5234 1697 5301 “dum?”
1743 5240 1883 5312 Ιεεῑθ
1983 5262 2041 5309 et
2063 5260 2310 5315 sanctus,
2348 5263 2512 5303 omne
2529 5262 2666 5316 Opus
2694 5244 2894 5301 servile
2940 5255 3051 5296 non
3078 5236 3289 5293 facietis
3328 5234 3383 5287 in
3409 5247 3494 5286 eo.
3531 5248 3551 5282 ι

297 5359 640 5409 contestans,
661 5346 789 5417 quia
815 5360 926 5400 non
952 5342 1276 5413 simpliciter
1301 5341 1624 5397 festivitates
1654 5339 1775 5404 bas,
1810 5337 1880 5394 de

298 5445 501 5518 quibus
533 5452 618 5498 est
649 5454 853 5501 sermo,
875 5436 1141 5493 celebrari
1195 5437 1308 5491 Deo
1338 5436 1423 5489 lex
1467 5433 1746 5504 przecepit.
1782 5430 1879 5484 sed

301 5537 433 5610 quia
451 5536 570 5606 eius
603 5541 732 5590 sunt
762 5529 1013 5602 propriae.
1068 5528 1206 5595 Quia
1240 5526 1701 5599 quemadmodum
1726 5523 1880 5579 testi-

372 5739 418 5772 ²⁰
441 5736 601 5795 Rom.
626 5754 745 5799 \‘lll,
787 5737 877 5792 28.
951 5736 991 5767 ²¹
1022 5735 1188 5790 llcbr.
1268 5751 1367 5802 xu,
1395 5735 1477 5790 li.
1556 5735 1599 5766 "
1624 5730 1790 5787 llebr.
1832 5746 1904 5796 ιγ,
1937 5728 1989 5784 9.
2069 5728 2114 5759 ’³
2147 5724 2312 5782 lCor.
2344 5742 2396 5792 v,
2417 5725 2469 5779 7.

299 5806 395 5882 "‘l
422 5809 546 5867 Cor.
576 5826 629 5877 v,
659 5809 713 5865 8.
789 5810 831 5840 ⁸⁷
860 5807 1017 5863 .loan.
1052 5820 1168 5871 vni,
1200 5806 1288 5859 5i.

2056 5344 2196 5398 lilud
2224 5342 2371 5396 enim
2437 5337 2754 5394 omnimodo
2803 5332 2999 5389 servile
3036 5338 3313 5396 esseopus
3333 5324 3558 5392 spiritus

1988 5434 2186 5500 innuit,
2226 5434 2294 5488 de
2325 5447 2435 5502 quo
2464 5431 2542 5485 ait
2577 5428 2840 5483 Dominus
2876 5442 2889 5478 :
2935 5425 3102 5478 Amen
3135 5435 3289 5473 amen
3321 5417 3437 5469 dico
3470 5430 3563 5468 vo-

1988 5525 2085 5590 bis,
2105 5524 2193 5594 qtti
2219 5523 2346 5595 facit
2372 5528 2662 5591 peccatum,
2697 5532 2874 5572 servus
2893 5523 2968 5569 est
2995 5509 3192 5581 peccati
3223 5508 3290 5560 “.
3328 5506 3383 5561 Si
3411 5504 3565 5560 enim

2552 5721 2595 5754 "
2628 5719 2799 5777 Exod.
2825 5715 2995 5783 xu,2.
3069 5713 3114 5746 "
3141 5710 3161 5767 l
3189 5708 3349 5766 Joan.
3373 5722 3436 5774 ιι,
3469 5704 3557 5762 l~8.
