3962 6220
440 300 580 368 1083

1657 291 2019 354 llESYCHII
2065 290 2541 351 PRESBYTERI

3644 279 3807 346 ποθι

441 425 630 466 verum
672 405 1015 467 celebramus
1037 407 1266 473 Pascha,
1296 408 1509 480 peccati
1537 407 1823 462 servitium
1841 404 2019 475 fugia-
2049 409 2096 466 Α
2122 403 2323 457 mentis
2358 402 2494 468 suis,
2520 402 2576 456 in
2604 396 2831 456 odorem
2863 397 3257 454 suavissimum
3314 392 3623 449 Domino.
3677 392 3802 448 Fa-

441 518 564 558 mus
597 521 610 557 :
642 502 769 573 quia
798 502 1069 569 Christus,
1130 504 1224 574 qui
1251 517 1351 574 pro
1389 500 1549 556 nobis
1588 513 1783 570 passus
1832 507 1939 562 est,
1990 512 2021 550 a

441 604 673 665 peccato
697 611 797 651 nos
826 603 884 651 et
908 596 1171 651 servitute
1198 596 1319 665 ejus
1361 593 1619 647 liberavit
1651 608 1664 643 :
1712 606 1823 645 non
1893 590 2022 661 quia

440 685 619 755 prima
649 684 738 740 die
767 699 931 739 omne
956 699 1096 754 opus
1126 684 1326 739 servile
1375 697 1490 737 non
1547 681 1665 736 ﬁeri
1727 681 2017 751 praecepit,

440 776 566 832 aliis
595 785 775 831 autem
798 776 994 832 diebus
1034 776 1156 831 ideo
1178 791 1345 846 opera
1359 774 1443 846 agi
1458 773 1688 829 servilia
1722 772 2020 843 praeepit:

442 867 567 922 vide
593 883 722 939 ergo
762 868 895 938 quid
924 867 1172 923 subdidit
1200 885 1218 923 :
1452 934 1471 949 ἐ

508 959 612 1014 Sed
646 962 872 1030 oﬁ'eretis
922 960 1248 1029 sacriﬁcium
1274 962 1331 1015 in
1360 961 1481 1032 igne
1513 960 1907 1015 Domino.Sive
1960 967 2023 1014 ut

445 1048 588 1104 LXX
624 1069 638 1104 :
667 1050 905 1122 θίγεν-θεὶς
956 1051 1383 1107 leocautomata
1412 1052 1637 1107 Domino
1661 1061 1857 1122 septem
1909 1051 2023 1106 die-

447 1143 560 1198 bus.
595 1143 719 1199 Dies
743 1153 927 1199 autem
961 1143 1231 1213 septimus
1259 1145 1366 1199 erit
1386 1144 1654 1201 celebrior
1673 1152 1729 1198 et
1758 1143 2023 1210 sanctior,

447 1235 769 1303 nullumque
799 1249 937 1304 opus
996 1234 1193 1290 servile
1226 1233 1438 1290 facietis
1480 1234 1537 1290 in
1573 1250 1661 1290 eo.
1694 1235 2025 1290 Holocauto-

449 1335 597 1381 mata
625 1341 754 1396 ergo
780 1335 986 1395 septem
1011 1326 1204 1382 diebus
1237 1326 1425 1381 oll‘erri
1484 1326 1829 1397 praecipiens,
1853 1326 2026 1383 absti-

450 1434 585 1473 nere
614 1419 777 1473 etiam
798 1419 867 1473 ab
892 1418 1148 1473 omnibus
1172 1419 1431 1488 operibus
1485 1418 1780 1473 servilibus
1838 1419 1894 1472 in
1945 1418 2028 1473 eis

449 1510 728 1579 praecepit.
753 1508 1036 1576 Quomodo
1057 1508 1205 1564 enim
1231 1508 1353 1578 quis
1374 1508 1758 1564 holocaustum
1801 1509 1915 1564 Deo
1938 1508 2029 1564 of-

449 1601 607 1665 feret,
663 1601 883 1655 diabolo
907 1601 1126 1672 dignus,
1184 1610 1280 1655 aut
1326 1601 1543 1657 servilia
1574 1602 1779 1673 agens?
1824 1602 2029 1656 Deinde

449 1706 561 1745 non
588 1690 767 1746 solum
798 1692 1055 1761 primam,
1078 1691 1177 1747 sed
1208 1701 1266 1748 et
1294 1693 1584 1762 septimam
1608 1701 1899 1763 propterea
1931 1709 2031 1748 no-

448 1778 698 1845 minavit,
728 1780 865 1834 utin
915 1780 1088 1850 prima
1133 1789 1191 1836 et
1236 1781 1293 1837 in
1321 1781 1553 1852 septima
1578 1790 1743 1836 totam
1775 1797 2028 1852 compre-

448 1871 901 1927 henderetvitam
927 1873 1246 1928 humanam.
1303 1873 1398 1929 llla
1428 1873 1575 1929 enim
1635 1873 1875 1938 initium,
1929 1874 2032 1928 ista

447 1969 632 2016 autem
663 1960 824 2017 linem
853 1963 1019 2019 habet
1070 1963 1127 2017 in
1158 1978 1263 2033 qua
1317 1963 1502 2020 omnia
1550 1963 2030 2034 comprehendun-

447 2059 558 2104 tur.
600 2048 830 2105 Videtur
855 2060 1038 2107 autem
1079 2063 1135 2108 et
1158 2054 1264 2109 hoc
1299 2053 1614 2123 praecipere,
1640 2062 1699 2108 ut
1729 2053 1776 2108 is
1803 2054 1896 2123 qui
1928 2053 2031 2107 im-

447 2136 654 2204 buitur,
684 2138 800 2194 sive
839 2139 1088 2195 initiatur
1116 2141 1397 2212 mysterio,
1423 2141 1634 2196 nullum
1671 2156 1811 2211 opus
1834 2142 2032 2198 servile

448 2237 621 2300 agat:
668 2238 885 2301 oportet
930 2233 1136 2302 quippe
1176 2232 1329 2287 illum
1361 2248 1545 2304 agere,
1599 2250 1721 2304 quae
1767 2234 2033 2292 libertatis

449 2328 595 2388 sunt,
629 2321 755 2392 quia
786 2337 888 2377 nos
924 2322 1187 2379 Dominus
1209 2323 1458 2378 liberavit
1492 2341 1590 2395 per
1617 2339 1742 2379 eum
1773 2325 1865 2396 qui
1884 2327 1936 2382 ei
1957 2327 2033 2382 si-

448 2421 647 2484 gnatus
672 2423 775 2469 est.
800 2414 855 2469 Si
882 2422 1066 2470 autem
1090 2416 1292 2486 aliquid
1314 2425 1438 2486 post
1454 2417 1557 2472 hoc
1584 2418 1935 2488 egerit,quod
1964 2421 2033 2474 ad

448 2503 767 2559 servitutem
791 2505 1048 2574 pertinet,
1081 2521 1323 2575 peccans
1348 2517 1408 2562 ut
1433 2508 1618 2571 homo,
1665 2508 1858 2563 saltem
1888 2509 2030 2579 ejus,

448 2610 572 2665 quae
624 2597 693 2650 ad
743 2594 907 2649 linem
939 2605 1044 2662 est,
1102 2598 1370 2653 libertatis
1389 2594 1922 2670 diligentiam'gerat,
1977 2612 2035 2656 et

449 2684 702 2741 intendat
753 2701 862 2756 quo
906 2686 1067 2741 modo
1113 2696 1303 2741 noster
1350 2687 1475 2742 finis
1522 2689 1700 2744 bonus
1744 2689 2029 2758 elliciatur,

450 2776 728 2844 quomodo
765 2776 997 2846 septima
1024 2776 1163 2842 dies,
1218 2785 1439 2847 tempus
1494 2779 1772 2846 videlicet,
1818 2782 1873 2836 in
1924 2798 2035 2852 quo

454 2867 767 2935 transimus,
800 2883 962 2923 omne
1014 2883 1152 2939 opus
1204 2869 1406 2924 servile
1441 2886 1551 2925 non
1587 2871 1806 2926 habeat.
1859 2872 1915 2926 ln
1967 2890 2034 2928 eo

451 2960 597 3015 enim
629 2960 685 3015 in
708 2978 818 3031 quo
840 2975 941 3015 nos
965 2960 1110 3015 Deus
1142 2959 1438 3027 invenerit,
1483 2961 1536 3015 in
1574 2962 1693 3032 ipso
1714 2973 1771 3017 et
1787 2964 2035 3033 judicare

2125 493 2284 548 cictis
2307 501 2365 547 et
2388 492 2601 547 hircum
2632 508 2733 562 pro
2753 498 3002 561 peccato,
3054 491 3308 559 duosque
3345 501 3558 557 agnos
3606 489 3798 540 anni-

2122 587 2300 649 culos,
2330 585 2539 640 hostias
2560 584 2933 655 pacilicorum.
2964 583 3215 653 Cumque
3244 579 3603 637 elevaverit
3677 595 3787 634 as

2125 678 2378 734 sacerdos
2402 692 2527 733 cum
2558 677 2788 744 panibus
2819 675 3185 744 primitiarum
3223 687 3421 728 coram
3470 671 3785 735 Domino,

2125 767 2324 821 cedent
2346 767 2403 820 in
2438 782 2598 821 usum
2632 765 2877 835 ejus..Et
2930 764 3203 819 vocabitis
3218 764 3374 818 hunc
3410 762 3599 817 diem
3626 762 3787 815 cele-

2126 860 2447 924 berrimum,
2484 868 2648 928 atque
2675 857 3108 922 sanctissimum,
3138 871 3307 911 omne
3328 870 3487 925 opus
3540 854 3782 908 servile

2126 963 2238 1003 non
2277 947 2493 1002 facietis
2547 948 2604 1000 in
2652 962 2740 1002 eo.
2779 944 3109 1016 Legitimum
3165 945 3611 1014 sempiternum
3667 944 3779 996 erit

2127 1041 2185 1095 in
2241 1039 2460 1095 cunctis
2527 1037 2874 1103 habitaculis,
2958 1046 3016 1091 et
3081 1037 3575 1107 generationibus
3676 1052 3775 1091 ve-

2128 1131 2275 1188 stris.
2305 1150 2326 1183 ι

2198 1223 2339 1288 Quia
2373 1223 2534 1293 longe
2564 1239 2593 1278 a
2632 1220 2891 1291 praesenti
2945 1221 3065 1292 lege
3094 1220 3334 1291 pOpulus
3391 1218 3761 1274 Judaeum

2129 1320 2235 1377 est,
2255 1313 2374 1382 ipsa
2389 1313 2587 1367 docere
2609 1326 2713 1366 nos
2736 1311 2905 1367 verba
2921 1319 3154 1381 possunt
3172 1311 3453 1365 discussa.
3478 1310 3767 1382 Arguim-

2130 1412 2222 1457 tur
2253 1411 2462 1465 autem,
2493 1417 2673 1472 neque
2698 1402 3002 1457 secundum
3036 1402 3274 1457 litteram
3302 1403 3645 1472 implentes
3674 1419 3759 1467 ea,

2128 1508 2234 1549 nec
2271 1494 2528 1564 spiritum
2574 1493 2904 1564 intelligere,
2936 1493 3031 1563 qui
3076 1493 3131 1548 in
3181 1496 3265 1549 eis
3284 1502 3402 1556 est,
3453 1495 3759 1547 valentes.

2128 1583 2320 1641 Altero
2348 1585 2436 1641 die
2464 1585 2641 1655 prima
2685 1585 2942 1640 videlicet
2972 1599 3289 1655 azymorum
3319 1585 3547 1639 oﬂ‘erre
3572 1586 3760 1638 mani-

2132 1677 2343 1746 pulum,
2380 1686 2436 1731 et
2465 1690 2623 1730 ovem
2670 1675 2956 1730 immolare
2987 1691 3153 1746 super
3179 1690 3307 1730 eum
3359 1678 3680 1746 praecepit.
3714 1678 3757 1729 Δ

2061 1737 2104 1797 Β
2132 1737 2222 1819 die
2268 1737 2474 1836 autem,
2532 1763 2588 1818 in
2644 1778 2753 1833 quo
2811 1764 2913 1818 hoc
2958 1737 3296 1833 lin-seintem
3346 1737 3756 1818 hebdomadas

2132 1856 2433 1921 numerari,
2463 1864 2520 1911 et
2548 1856 2784 1911 alterum
2811 1855 2958 1910 diem
2984 1854 3192 1910 ultimae
3216 1854 3637 1918 hebdomade,
3676 1855 3755 1909 sic

2132 1947 2489 2003 Pentecostes
2565 1948 2846 2003 celebrare
2896 1946 3251 2002 festivitatem
3304 1946 3362 2000 iu
3440 1947 3566 2011 bis,
3632 1962 3754 2015 quae

2132 2057 2281 2097 nunc
2309 2042 2445 2097 dixit
2468 2041 2754 2112 praecepit.
2785 2040 3017 2108 Quidam
3037 2050 3222 2094 autem
3244 2041 3323 2094 sic
3361 2038 3755 2093 inveniuntur

2132 2129 2487 2185 Pcntecostes
2535 2131 2893 2185 festivitatem
2938 2129 3244 2184 celebrare.
3273 2130 3316 2182 Δ
3361 2129 3562 2198 prima
3601 2130 3750 2183 enim

2132 2231 2476 2294 azymorum,
2506 2238 2621 2277 non
2666 2232 2849 2277 autem
2874 2236 2902 2275 a
2929 2221 3040 2285 die,
3074 2221 3129 2275 in
3190 2235 3297 2291 qua
3351 2220 3747 2290 manipulum,

2133 2329 2256 2384 quae
2271 2314 2449 2384 prima
2472 2328 2791 2385 azymorum
2825 2313 2881 2367 in
2913 2312 3218 2367 crastinum
3251 2310 3504 2365 secunda
3540 2310 3745 2364 videli-

2133 2416 2223 2463 cet
2260 2406 2403 2472 dies,
2439 2414 2824 2476 computantes
2876 2404 3143 2460 celebrari
3176 2403 3398 2458 sibimet
3454 2401 3742 2458 Penteco-

2134 2504 2273 2550 stem
2310 2494 2632 2565 praedicant.
2669 2491 2903 2562 Propter
2921 2491 3070 2562 quod
3097 2491 3181 2546 eis
3213 2489 3492 2545 Dominus
3528 2490 3739 2560 impro-

2135 2600 2335 2654 peraus
2382 2585 2531 2654 quod
2587 2584 2895 2639 secundum
2938 2583 3184 2638 litteram
3265 2596 3378 2636 non
3430 2581 3741 2653 implerent

2133 2679 2308 2740 legem
2362 2677 2578 2732 dicebat
2616 2694 2629 2728 :
2662 2675 2728 2730 Et
2784 2692 2937 2730 nemo
2990 2691 3056 2730 ea:
3088 2674 3234 2728 uobis
3287 2675 3421 2744 facit
3474 2675 3736 2748 legem”.

2133 2769 2379 2828 Ecclesia
2401 2777 2584 2825 autem
2603 2768 2735 2824 facit
2761 2768 2904 2824 sicut
2931 2783 3080 2823 nunc
3110 2769 3448 2823 ostenditur.

2207 2888 2531 2955 Locutusque
2588 2894 2668 2940 est
2719 2883 2977 2939 Dominus
3044 2887 3118 2941 ad
3196 2886 3429 2956 Moysen:
3493 2886 3686 2938 dicens
3718 2899 3741 2938 :

2134 2978 2371 3049 Loquere
2395 2976 2521 3046 ﬁliis
2550 2976 2740 3040 Israel,
2764 2987 2814 3030 et
2843 2978 2983 3031 dices
3042 2979 3116 3032 ad
3159 2994 3275 3033 eos:
3332 2977 3470 3034 Cum
3510 2976 3741 3048 ingressi

450 3050 741 3121 promittit.
774 3051 999 3121 Propter
1025 3052 1167 3122 quod
1188 3062 1245 3108 et
1277 3051 1465 3119 David,
1486 3053 1550 3107 In
1564 3054 1693 3122 ﬁne,
1714 3071 1778 3109 ne
1803 3072 2035 3110 corrum-

2145 3068 2346 3123 fueritis
2378 3078 2598 3134 terram,
2640 3084 2803 3138 quam
2828 3083 2922 3138 ego
2965 3068 3101 3121 dabo
3130 3068 3277 3121 vobis
3302 3077 3353 3121 et
3401 3070 3739 3123 messueritis

452 3159 572 3211 pas,
596 3142 861 3211 plurimos
899 3143 1237 3199 Psalmorum
1268 3145 1597 3215 praescribit.

524 3232 691 3288 Vsus.
716 3234 872 3289 9-14.
902 3254 921 3286 ι
954 3235 1305 3306 Locutusque
1329 3245 1413 3292 est
1441 3237 1708 3294 Dominus
1729 3240 1797 3293 ad
1816 3238 2034 3310 Moysen

454 3324 645 3380 dicens
674 3341 689 3378 :
728 3324 977 3395 Loquere
992 3326 1117 3383 filiis
1136 3328 1324 3395 Israel,
1357 3336 1414 3384 et
1447 3329 1600 3386 dices
1623 3331 1692 3384 ad
1722 3346 1819 3386 eos
1853 3349 1867 3384 :
1900 3330 2038 3386 Cum

457 3417 686 3490 ingressi
710 3418 923 3474 fueritis
958 3429 1157 3475 terram
1196 3436 1360 3490 quam
1409 3436 1511 3492 ego
1564 3423 1703 3477 dabo
1758 3424 1934 3490 vobis,
1985 3432 2040 3478 et

457 3507 795 3562 messueritis
821 3517 1034 3580 segetes
1066 3519 1224 3564 terrae
1271 3518 1488 3573 vestrae,
1521 3509 1712 3567 feretis
1734 3513 2040 3582 manipulos

457 3598 753 3667 Spicarum,
786 3599 1056 3670 primitias
1077 3600 1272 3655 messis
1313 3609 1530 3665 vestrae,
1575 3602 1642 3657 ad
1677 3604 2038 3660 sacerdotem.

430 3686 561 3767 .Qui
612 3688 812 3744 levabit
855 3674 1411 3744 fasciculunfcoram
1451 3689 1683 3747 Domino
1706 3702 1764 3747 ut
1787 3701 2040 3763 accepta-

459 3778 587 3834 bilis
614 3779 686 3834 sit
712 3795 811 3850 pro
835 3781 1010 3836 vobis.
1042 3781 1231 3836 Altero
1263 3781 1351 3837 die
1391 3782 1649 3850 Sabbato,
1677 3785 2042 3842 sanctiﬁcabit

461 3869 635 3938 illum,
657 3881 819 3941 atque
855 3873 909 3926 in
948 3872 1140 3927 eodem
1157 3872 1246 3927 die
1266 3888 1375 3943 quo
1413 3875 1724 3944 manipulus
1746 3892 2042 3931 consecra-

462 3971 572 4030 tur,
606 3963 846 4018 caadetur
866 3980 1038 4036 agnus
1063 3966 1449 4022 immaculatus
1498 3966 1791 4022 anniculus
1811 3966 1865 4020 iu
1888 3967 2043 4022 holo-

462 4066 712 4118 caustum
740 4055 991 4122 Domino,
1019 4066 1076 4112 et
1107 4057 1406 4112 libamenta
1439 4058 1740 4114 ollerentur
1795 4074 1921 4113 cum
1975 4074 2044 4114 eo

463 4145 586 4201 duae
620 4146 848 4202 decimae
886 4147 1078 4202 simila:
1123 4162 1433 4217 conspersae
1481 4149 1602 4204 oleo
1653 4149 1708 4202 in
1756 4149 2042 4204 incensum

464 4233 696 4290 Domino
717 4236 1050 4308 odoremque
1073 4237 1483 4304 suavissimum,
1516 4239 1625 4294 liba
1654 4255 1874 4310 quoque
1909 4241 2042 4303 viui,

464 4336 655 4396 quarta
677 4343 802 4398 pars
819 4328 937 4385 hin.
968 4328 1171 4385 Panem
1206 4338 1267 4385 et
1287 4330 1587 4401 polentam,
1630 4340 1688 4387 et
1714 4332 1891 4401 pultes
1934 4347 2045 4385 non

2138 3168 2334 3228 segetes
2366 3166 2521 3212 teme
2554 3168 2758 3222 uestris,
2810 3159 3036 3229 offeretis
3092 3156 3387 3223 manipulos
3429 3159 3733 3224 spicarum,

2139 3251 2406 3318 primitias
2433 3250 2627 3304 messis‘
2655 3259 2840 3304 uestra!
2878 3252 2948 3302 ad
2984 3250 3329 3303 sacerdotem.
3380 3246 3489 3312 Qui
3541 3249 3734 3303 levabit

2140 3340 2453 3411 fasciculum
2509 3357 2689 3394 coram
2739 3339 2987 3402 Domino,
3031 3347 3087 3390 ut
3119 3337 3465 3405 acceptabilis
3509 3337 3584 3390 sit
3644 3354 3736 3405 pro

2139 3433 2302 3486 vobis.
2334 3431 2559 3487 Terram
2588 3446 2621 3485 a
2654 3431 2761 3485 Deo
2780 3428 2986 3495 datam',
3010 3427 3387 3498 evangelicam
3421 3425 3734 3480 doctrinam

2141 3535 2196 3579 et
2225 3522 2700 3579 conversationem
2728 3521 3055 3592 frequenter
3085 3519 3400 3574 docuimus.
3428 3516 3555 3587 Ipsa
3583 3518 3732 3572 enim

2143 3627 2289 3672 terra
2325 3615 2546 3680 dicitur,
2597 3623 2826 3685 propter
2877 3613 3089 3668 fructus
3121 3611 3392 3666 virtutum
3423 3609 3519 3679 qui
3573 3625 3645 3663 ex
3669 3625 3729 3663 ea

2142 3706 2416 3760 oriuntur.
2452 3705 2536 3759 Ab
2574 3703 2695 3772 ipso
2717 3712 2901 3757 autem
2933 3699 3046 3756 Deo
3078 3701 3207 3755 data
3237 3710 3340 3763 est,
3381 3713 3562 3768 neque
3587 3698 3728 3753 enim

2144 3792 2448 3846 mediatore
2468 3790 2536 3845 ad
2569 3791 2715 3845 hanc
2742 3804 2877 3844 usus
2898 3796 3004 3853 est,
3047 3787 3142 3842 sed
3167 3786 3389 3856 preprio
3415 3801 3480 3840 ea
3515 3801 3732 3840 annum

2144 3883 2302 3938 tiavit
2323 3898 2439 3938 ore.
2479 3882 2714 3949 Quando
2762 3895 2892 3951 ergo
2930 3879 3158 3950 ingressi
3191 3887 3341 3941 sunt.
3389 3888 3443 3932 et
3483 3892 3728 3934 messae-

2146 3983 2277 4030 runt
2329 3984 2546 4045 segetes
2613 3974 2757 4044 ejus,
2822 3972 2880 4026 hi
2928 3972 3021 4042 qui
3075 3978 3444 4040 susceperunt
3491 3971 3724 4025 salutare

2145 4065 2397 4120 verbum.
2443 4064 2523 4118 Illi
2563 4063 2711 4118 enim
2734 4068 2867 4118 sunt
2901 4072 2958 4117 et
2986 4077 3282 4128 messores,
3332 4072 3389 4116 et
3415 4061 3724 4130 intelligibi-

2146 4158 2224 4211 les
2257 4164 2467 4227 segetes
2481 4156 2548 4210 ad
2569 4170 2709 4226 quos
2740 4155 3003 4210 Dominus
3025 4155 3275 4210 dicebat:
3301 4155 3487 4210 Messi:
3516 4156 3720 4224 quidem

2148 4247 2342 4312 multa,
2375 4247 2608 4318 operarii
2643 4256 2822 4301 autem
2854 4247 3039 4316 pauci,
3071 4256 3255 4318 rogate
3280 4246 3563 4301 Dominum
3594 4262 3718 4300 mes-

2148 4343 2241 4402 sis,
2289 4349 2349 4394 ut
2387 4341 2567 4394 mittat
2610 4341 2883 4409 operarios
2944 4340 3003 4394 in
3043 4339 3510 4403 messemsuam”,
3530 4339 3719 4407 quibus

464 4419 763 4475 comedetis
788 4435 852 4475 ex
870 4429 1071 4490 segete,
1093 4435 1269 4490 usque
1298 4421 1367 4476 ad
1402 4420 1548 4476 diem
1574 4436 1685 4491 quo
1714 4420 1960 4475 olieratis
1976 4436 2036 4475 ex

2158 4433 2328 4487 etiam
2369 4432 2523 4489 verbi
2568 4430 2896 4504 mysterium
2939 4431 3191 4496 credidit,
3227 4440 3365 4486 tunc
3407 4430 3597 4485 messis
3643 4431 3719 4484 sic

366 4526 372 4534 '
465 4524 528 4564 ea
554 4509 661 4564 Deo
680 4518 883 4577 vestro,
917 4523 1251 4583 praeceptum
1272 4521 1358 4568 est
1379 4511 1771 4582 sempiternum
1803 4511 1858 4564 in
1876 4526 2045 4581 gcue-

465 4602 794 4669 rationibus,
826 4605 1152 4675 cunctisque
1194 4604 1521 4661 habitaculis
1578 4603 1796 4659 vestris.
1843 4603 2048 4656 Nume-

470 4692 663 4747 rabitis
691 4710 819 4764 ergo
846 4696 915 4751 ab
943 4699 1115 4752 altero
1133 4698 1225 4753 die
1251 4697 1498 4764 Sabbati,
1538 4698 1592 4752 in
1638 4712 1748 4766 quo
1772 4696 2048 4753 obtulislis

470 4786 808 4855 manipulum
840 4790 1224 4859 primitiarum,
1248 4804 1454 4862 septem
1470 4770 1838 4849 hebdomadas
1858 4793 2048 4863 plenas

473 4894 649 4948 usque
677 4878 743 4934 ad
768 4878 917 4934 diem
946 4881 1173 4935 alteram
1214 4883 1540 4952 eitpletiouis
1571 4883 1930 4938 hebdomadas
1961 4899 2051 4939 sc-

470 4972 680 5043 ptimae,
724 4973 777 5028 id
798 4982 883 5027 est
928 4975 1323 5045 quinquaginta
1375 4977 1539 5032 dies:
1579 4986 1636 5032 et
1668 4977 1750 5033 sic
1807 4977 2053 5033 offeretis

471 5064 799 5121 sacriﬁcium
828 5081 1027 5120 novum
1064 5067 1313 5134 Domino,
1340 5083 1410 5123 ex
1444 5069 1699 5125 omnibus
1726 5070 2053 5125 habitaculis

469 5159 689 5213 vestris.
719 5157 897 5215 Panes
920 5158 1284 5237 primitiarum
1325 5161 1463 5215 duos
1482 5162 1550 5216 de
1579 5163 1794 5217 duabus
1824 5162 2053 5219 decimis

474 5248 665 5304 similae
695 5249 1062 5318 fermentatus,
1092 5267 1231 5321 quos
1268 5252 1515 5322 coquetis
1547 5253 1603 5308 in
1640 5253 1912 5322 primitias
1944 5253 2048 5308 Do-

474 5342 633 5396 mini.
661 5342 1027 5414 Oll‘eretisque
1051 5358 1178 5399 cum
1209 5343 1446 5412 panibus
1467 5354 1676 5413 septem
1743 5360 1914 5415 agnos
1954 5344 2057 5397 im-

475 5432 776 5491 maculatos
804 5434 1113 5500 anniculos,
1141 5443 1196 5488 et
1220 5434 1451 5489 vitulum
1479 5434 1548 5489 de
1571 5445 1824 5490 armento
1857 5451 2050 5500 unum,

476 5531 533 5576 et
558 5524 758 5579 arietes
790 5525 946 5591 duos,
969 5533 1025 5579 et
1061 5535 1224 5579 erunt
1274 5525 1328 5580 in
1362 5526 1739 5581 holocaustum
1768 5542 1891 5580 cum
1919 5526 2055 5579 liba-

2154 4532 2367 4577 matura
2410 4531 2550 4587 erat,
2600 4529 2663 4576 ut
2711 4520 3259 4577 Dominus'diceret:
3315 4520 3504 4575 Levate
3552 4519 3717 4573 oculos

2154 4622 2373 4678 vestros,
2394 4613 2563 4667 videte
2590 4613 2845 4683 regiones,
2887 4613 3014 4684 quia
3042 4611 3182 4666 albae
3211 4621 3333 4665 sunt
3358 4611 3477 4680 jam
3504 4611 3569 4664 ad
3613 4628 3716 4664 me-

2157 4702 2369 4756 tendum
2386 4702 2456 4756 ".
2509 4701 2847 4773 Manipulum
2883 4709 3068 4756 autem
3111 4701 3503 4770 primitiarum,
3533 4699 3714 4754 intelli-

2157 4792 2337 4863 gibilis
2370 4793 2628 4849 sacerdos
2665 4792 2923 4847 Christus
2961 4806 3163 4862 corpus
3194 4791 3481 4862 proprium
3526 4790 3712 4846 oll‘ere-

2158 4885 2270 4940 bat.
2335 4884 2471 4952 Quia
2524 4885 2671 4940 enim
2725 4885 3027 4954 capitulum
3087 4885 3205 4940 sive
3262 4898 3474 4938 summa
3516 4882 3708 4945 messis,

2159 4976 2315 5031 verbi
2363 4975 2622 5031 videlicet
2668 4976 2946 5041 salutaris,
2988 4985 3043 5030 et
3083 4975 3285 5031 divinae
3332 4975 3711 5045 praedicationis

2160 5076 2502 5122 mortuorum
2535 5075 2655 5122 erat
2710 5066 3064 5129 resurrectio,
3092 5067 3168 5120 ita
3199 5076 3259 5121 ut
3288 5065 3492 5120 Paulus
3532 5068 3712 5121 clama-

2161 5166 2278 5211 ret:
2318 5157 2424 5211 Viri
2455 5158 2740 5223 Pharisaei,
2769 5158 2833 5212 de
2861 5174 2949 5229 spe
2981 5166 3031 5211 et
3093 5158 3475 5211 resurrectione
3503 5166 3706 5210 mortuo-

2159 5266 2278 5303 rum
2305 5266 2399 5321 ego
2438 5251 2658 5321 judicor
2703 5252 2855 5306 hodie
2872 5252 2940 5316 ³¹,
2973 5250 3262 5321 oportebat
3308 5248 3705 5303 satisfactionem

2161 5335 2317 5409 sc‘qui
2359 5342 2787 5411 prmdicationis,
2830 5359 2956 5396 nam
3002 5349 3057 5396 et
3081 5340 3377 5396 subsecuta
3420 5346 3521 5393 est.
3559 5335 3708 5391 Verus

2146 5430 2307 5484 'cnim
2343 5432 2680 5502 manipulus,
2709 5441 2766 5487 et
2792 5447 2937 5487 verae
2975 5428 3232 5501 primitiae
3275 5437 3479 5482 nostrae
3521 5426 3701 5488 messis,

2163 5542 2313 5581 nunc
2344 5525 2703 5598 intelligibilis
2747 5526 3005 5583 sacerdos
3039 5523 3313 5590 Christus,
3375 5535 3563 5591 corpus
3594 5534 3702 5590 pro-

576 5686 806 5757 "Joan.
831 5719 927 5769 vn,
955 5705 1037 5762 l9.
1112 5706 1155 5737 η
1175 5705 1365 5763 Matth.
1402 5722 1476 5774 ιι,
1511 5694 1599 5760 37.
1678 5706 1721 5735 δ”
1749 5703 1903 5759 Joan.
1940 5720 2011 5772 iv,
2040 5704 2128 5758 525.
2204 5704 2244 5736 ⁸¹
2279 5704 2400 5760 Act.
2426 5720 2581 5769 xxiii.
2615 5705 2668 5761 6.
