3988 6222
337 333 478 403 1085
1448 340 1531 401 IN
1570 340 1870 402 LEVITIC

1975 341 2008 402 i.
2041 367 2111 379 --
2148 345 2297 405 LIB.
2328 347 2428 410 VI.
3423 357 3564 433 1035

335 451 516 522 prium
544 463 576 504 a
602 450 832 506 mortuis
855 451 1161 519 suscitavit,
1192 453 1261 509 de
1289 469 1401 525 quo
1427 452 1624 509 Paulus
1655 455 1897 509 dicebat:
1929 462 1973 515 Α
2074 454 2142 509 Et
2182 459 2451 526 polentam
2485 468 2536 513 et
2580 462 2751 530 pultes
2804 481 2908 519 non
2953 471 3232 525 comedetis
3259 486 3322 526 ea
3367 487 3558 546 segete,

335 543 491 598 Nunc
516 551 695 597 autem
749 543 985 598 Christus
1015 548 1299 601 resurrexit
1344 564 1377 599 a
1438 548 1679 611 mortuis,
1712 547 1897 615 primi-

335 637 422 690 tite
483 636 853 689 dormientium
871 637 935 689 ³³.
991 636 1096 691 Sed
1130 639 1348 707 quando
1397 639 1500 694 hoc
1557 638 1759 693 factum
1788 646 1893 701 est,

333 727 503 782 altera
523 726 614 780 die
648 726 842 781 offeret
892 728 1021 783 illud
1049 730 1323 784 sacerdos.
1382 730 1514 785 Esse
1553 740 1732 783 autem
1781 728 1895 798 pri-

333 833 475 872 mam
505 818 648 872 diem
668 818 966 873 Dominica:
1021 820 1312 889 passionis,
1361 834 1421 873 ea
1449 834 1568 888 quae
1617 828 1745 873 ante
1791 820 1895 873 hoc

331 910 589 972 diximus,
617 910 997 972 ostenderunt,
1029 910 1085 964 in
1131 926 1237 980 qua
1278 911 1540 966 Dominus
1604 927 1756 965 suam
1795 912 1894 964 ho-

330 998 489 1053 stiam
518 1014 626 1053 non
655 999 772 1053 sine
796 999 1002 1054 ratione
1035 1000 1388 1071 dispensavit.
1434 1002 1537 1054 Sed
1565 1002 1688 1069 quia
1718 1001 1892 1069 prima

327 1104 642 1160 azymorum
697 1090 842 1154 haec,
900 1102 956 1145 et
1009 1092 1180 1160 prima
1237 1092 1516 1146 Paschalis
1582 1090 1891 1145 festivitatis

326 1179 628 1243 dicebatur,
677 1181 848 1234 altera
897 1182 1012 1236 dies
1057 1181 1325 1250 passionis
1379 1184 1709 1237 resurrectio
1757 1183 1884 1237 fuit:

262 1265 275 1273 ”
326 1271 489 1340 hujus
532 1271 610 1324 rei
656 1271 849 1342 gratia,
903 1287 1026 1326 cum
1067 1274 1336 1342 potuisset
1388 1275 1590 1338 dicere,
1648 1275 1886 1329 secunda

323 1376 634 1431 azymorum
660 1361 857 1416 offeret
898 1363 1001 1416 hoc
1052 1365 1326 1429 sacerdos,
1355 1380 1461 1418 non
1497 1365 1578 1419 sic
1625 1365 1781 1429 dixit,
1826 1375 1888 1420 ut

321 1467 432 1506 non
490 1453 556 1507 ad
613 1453 1037 1523 subsequentem
1088 1455 1232 1509 diem
1289 1456 1590 1511 deduceret
1641 1466 1882 1511 nostram

320 1542 726 1613 cogitationem,
779 1545 874 1598 sed
927 1544 1077 1598 etin
1126 1547 1424 1600 crastinum
1478 1547 1687 1616 primre.
1748 1548 1885 1602 Dicit

316 1641 500 1688 autem
533 1636 1014 1701 resurrectionem,
1047 1638 1174 1705 quia
1208 1638 1663 1706 quemadmodum
1692 1639 1883 1693 crasti-

314 1739 421 1779 nus
471 1725 589 1779 dies
618 1726 886 1780 hodierno
924 1727 1187 1791 succedit,
1239 1728 1317 1782 sic
1369 1730 1635 1784 successit
1663 1729 1877 1783 Domini

313 1817 557 1884 passioni
595 1819 944 1873 resurrectio.
993 1818 1072 1873 Tu
1102 1827 1284 1874 autem
1313 1821 1533 1875 attende
1580 1836 1643 1875 ea
1666 1836 1785 1890 quae
1823 1822 1879 1875 in

313 1907 782 1977 subsequentibus
846 1910 1126 1975 dicuntur,
1194 1922 1248 1965 et
1314 1913 1601 1965 verborum
1668 1913 1877 1968 custodi

312 2000 730 2056 districtionem.
764 2002 1005 2056 Primum
1035 2004 1182 2058 enim
1221 2004 1563 2072 manipulum
1613 2004 1881 2071 primitia-

310 2108 455 2157 rum,
507 2092 852 2148 sacerdotem
909 2095 1149 2149 ostendit
1193 2096 1536 2159 offerentem,
1585 2108 1707 2164 post
1774 2096 1879 2150 hoc

307 2191 490 2236 autem
521 2183 629 2236 ait:
662 2182 829 2252 Atque
860 2183 916 2235 in
958 2185 1135 2236 eodem
1172 2185 1257 2236 die
1303 2200 1405 2253 quo
1428 2184 1729 2253 manipulus
1757 2201 1879 2238 con-

305 2283 569 2340 secratur,
605 2274 820 2327 cedetur
863 2291 1031 2344 agnus
1080 2275 1459 2329 immaculatus
1497 2276 1776 2330 anniculus
1823 2278 1877 2330 in

303 2363 670 2418 holocaustum
706 2364 947 2418 Domino.

376 2455 575 2511 Volens
601 2472 700 2512 nos
720 2462 774 2510 in
801 2456 891 2512 die
913 2472 1019 2526 qua
1045 2457 1385 2512 celebramus
1445 2456 1659 2512 Domini
1691 2473 1873 2512 resur-

304 2548 628 2615 rectionem,
684 2557 740 2602 et
791 2547 1054 2617 manipuli
1101 2549 1497 2618 intelligibilem
1545 2548 1876 2604 oblationem

302 2640 666 2704 celebramus,
713 2654 822 2693 non
877 2639 1123 2693 oblivisci
1180 2640 1446 2693 Dominici
1499 2638 1775 2703 sacrificii,
1811 2654 1878 2693 ex

303 2746 414 2800 quo
448 2731 605 2784 nobis
636 2741 722 2785 est
750 2731 952 2786 oblatio
971 2730 1233 2800 manipuli
1262 2750 1274 2785 :
1301 2732 1396 2786 sed
1440 2731 1638 2786 cedere
1675 2746 1874 2800 agnum

303 2822 711 2877 immaculatum
742 2823 1060 2877 anniculum
1094 2822 1150 2876 in
1198 2823 1575 2877 holocaustum
1624 2823 1873 2876 Domino.

302 2914 705 2986 lntelligibilem
760 2931 979 2985 agnum,
1024 2914 1241 2970 Domini
1272 2915 1622 2969 traditionem
1673 2914 1875 2968 immo-

298 3006 478 3061 lantes
525 3007 773 3077 mystice,
829 3014 885 3063 et
941 3006 1237 3061 offerentes
1278 3024 1293 3060 :
1345 3006 1516 3076 ipsius
1555 3013 1762 3073 autem,
1816 3016 1877 3061 ut

1999 561 2159 615 usque
2187 548 2260 601 ad
2280 549 2420 601 diem
2448 567 2550 620 quo
2601 553 2832 622 oﬂeratis
2863 574 2928 611 ex
2953 576 3015 612 ea
3042 562 3150 615 Deo
3181 573 3371 619 vestro.
3404 565 3561 621 Prte-

1996 648 2198 705 ceptum
2227 647 2304 691 est
2330 643 2703 709 sempiternum
2726 646 2782 699 in
2816 653 3236 717 generationibus
3261 660 3562 727 cunctisque

1993 726 2311 783 habitaculis
2338 733 2542 786 vestris.
2582 733 2708 790 Sive
2745 742 3044 795 secundum
3075 743 3214 798 LXX
3242 765 3254 799 :
3302 747 3370 800 Et
3399 750 3559 817 [ricta

1994 819 2237 875 cedrineu
2280 838 2384 875 non
2426 828 2837 895 manducabitis,
2874 848 3035 902 usque
3087 839 3144 889 in
3192 838 3338 892 illam
3388 842 3558 909 ipsam

1993 909 2129 963 diem
2159 927 2424 983 quousque
2474 916 2697 983 oﬂ'eretis
2726 936 2943 975 munem
3001 924 3109 978 Deo
3137 941 3326 982 vestro.
3373 931 3559 1001 Legiti—

1993 1015 2136 1053 mnm
2158 1011 2410 1056 wtcrnum
2442 1006 2496 1057 in
2518 1009 2786 1076 progenies
2817 1023 3034 1067 uestras.
3069 1015 3269 1071 Novam
3321 1035 3557 1073 conver-

1990 1086 2253 1143 sationem
2304 1089 2702 1153 inchoabimus,
2757 1095 3069 1164 priusquam
3096 1102 3212 1155 dies
3251 1103 3551 1169 advenerit,

1989 1184 2279 1249 antequam
2310 1181 2566 1248 praedicta
2598 1182 2742 1237 bona
2780 1183 2891 1239 Deo
2926 1187 3273 1254 oﬁ‘errentur,
3302 1206 3367 1244 ex
3428 1196 3551 1262 qui-

1987 1266 2091 1321 bus
2127 1269 2299 1331 nobis,
2333 1287 2455 1340 quae
2494 1281 2576 1326 est
2620 1274 2676 1326 in
2721 1275 2943 1331 Christo
2989 1294 3128 1333 nova
3193 1291 3462 1346 creatura,
3495 1295 3555 1340 et

1986 1374 2127 1415 nova
2151 1366 2500 1419 conversatio
2530 1369 2855 1423 annuntiata
2889 1380 2992 1435 est,
3031 1373 3098 1427 de
3144 1390 3249 1443 qua
3280 1376 3357 1429 ait
3408 1376 3539 1430 Pau~

1984 1452 2101 1505 lus:
2129 1452 2189 1506 Si
2215 1471 2319 1523 qua
2349 1457 2407 1508 in
2434 1455 2641 1511 Christo
2666 1474 2798 1513 nova
2824 1472 3092 1525 creatura,
3126 1476 3299 1518 cetera
3329 1467 3550 1518 transie-

1982 1550 2127 1607 runt,
2160 1559 2277 1596 ecce
2301 1541 2444 1614 facta
2468 1556 2589 1599 sunt
2610 1563 2740 1601 nova
2763 1550 2940 1603 omnia
2977 1567 3041 1605 ea:
3070 1553 3197 1619 Deo,
3227 1555 3318 1624 qui
3371 1569 3553 1609 recon-

1982 1633 2186 1687 ciliavit
2246 1651 2338 1688 nos
2386 1637 2487 1689 sibi
2530 1637 2614 1692 “.
2672 1637 2886 1693 Oblatio
2958 1642 3108 1695 enim
3189 1644 3540 1712 praesentium

1983 1723 2272 1790 donorum,
2306 1742 2466 1795 quam
2491 1743 2612 1782 esse
2652 1731 2968 1799 mysterium
2998 1731 3270 1801 Unigeniti
3298 1734 3549 1788 ostendi-

1984 1829 2129 1879 mus,
2158 1818 2534 1873 reconciliavit
2556 1834 2657 1873 nos
2696 1820 2824 1885 Deo,
2871 1832 2925 1874 et
2963 1821 3143 1875 cibum
3183 1821 3345 1876 nobis
3391 1837 3548 1878 novat

1983 1906 2219 1976 polentze
2245 1917 2302 1962 et
2326 1910 2578 1977 pultium,
2616 1912 2732 1965 sive
2759 1919 2817 1965 ut
2847 1910 3010 1976 LXX,
3042 1920 3307 1981 cytrorum
3344 1913 3548 1982 praesti-

1984 1995 2068 2047 tit.
2116 1993 2233 2048 Non
2263 1996 2408 2049 enim
2455 2013 2596 2051 nova
2656 1999 2858 2065 solum,
2900 2000 2997 2055 sed
3038 2009 3096 2056 et
3125 2011 3295 2071 cytra,
3341 2000 3547 2055 Christi

1983 2099 2251 2155 pra-cepta
2278 2096 2408 2142 sunt
2436 2103 2551 2142 suve
2580 2096 2636 2141 ut
2690 2091 2904 2145 molha:
2944 2090 3022 2146 sic
3077 2093 3224 2146 enim
3263 2099 3412 2162 cytra
3452 2091 3545 2145 alii

1981 2176 2311 2246 interpretes
2358 2178 2669 2235 ediderunt.
2704 2182 2802 2234 Est
2840 2196 2968 2252 ergo
2995 2182 3175 2237 mollis
3222 2182 3544 2252 evangelica

1981 2268 2316 2336 praedicatio.
2344 2270 2596 2339 Accipite,
2622 2272 2770 2324 enim
2801 2274 2897 2338 ait,
2943 2275 3136 2344 jugum
3183 2289 3379 2339 meum,
3414 2275 3541 2343 quia

1976 2373 2136 2412 suave
2157 2367 2231 2413 est
2252 2361 2326 2411 ³⁸ε
2357 2360 2471 2415 sive
2505 2369 2566 2414 ut
2599 2361 2852 2417 manibus
2894 2368 3131 2419 cootrita
3166 2374 3221 2419 et
3247 2367 3539 2419 mundata:

1978 2458 2130 2519 cytra
2159 2450 2304 2504 enim
2338 2459 2392 2504 et
2422 2450 2526 2505 hoc
2553 2443 2966 2521 interpretatur,
3002 2455 3128 2523 quia
3179 2454 3379 2509 Christi
3411 2455 3543 2523 dog-

1978 2550 2123 2594 mata
2202 2542 2473 2600 actionem
2533 2544 2759 2613 exigunt
2827 2553 2881 2597 et
2945 2545 3339 2599 correctionem
3395 2544 3542 2614 quod

1977 2646 2170 2684 manus
2201 2631 2533 2701 signiﬁcant.
2583 2631 2916 2700 Pratceptum
2962 2645 3035 2687 est
3069 2636 3443 2703 sempiternum
3485 2634 3543 2685 in

1976 2725 2417 2793 generationibus,
2473 2725 2777 2794 cunctisque
2815 2725 3126 2778 habitaculis
3178 2725 3382 2779 vestris.
3426 2725 3541 2779 Nec

1976 2814 2125 2867 enim
2154 2814 2327 2876 locus,
2373 2830 2477 2868 nec
2511 2825 2725 2884 tempus
2776 2815 3026 2869 immutat
3071 2817 3274 2871 Christi
3338 2825 3542 2889 myste~

1977 2907 2141 2968 riutn,
2177 2921 2276 2975 per
2321 2907 2467 2974 quod
2515 2904 2698 2960 ﬂoruit
2764 2913 2910 2960 totus
2955 2908 3214 2974 mundus,
3279 2917 3334 2962 et
3376 2908 3541 2961 totius

1980 3005 2134 3050 terrae
2161 2996 2445 3058 habitatio,
2479 2996 2820 3050 concorditer
2850 3012 2914 3051 ea
2953 3013 3072 3066 qua:
3104 2999 3170 3051 ad
3201 3014 3324 3053 eum
3370 2999 3541 3067 perti-

299 3096 629 3152 sacriﬁcium
662 3097 922 3151 cedentes
948 3097 1268 3151 memoriam
1292 3096 1442 3151 fecit.
1484 3096 1673 3166 Neque
1727 3098 1870 3152 enim

1975 3097 2130 3153 nent,
2181 3090 2439 3144 custodit.
2499 3088 2624 3143 Haec
2670 3096 2852 3143 autem
2894 3089 3174 3158 legislator
3217 3091 3446 3156 dicens,
3485 3097 3540 3145 et
3594 3119 3599 3122 -

296 3188 476 3252 aliter,
510 3188 605 3242 sed
654 3204 750 3256 per
801 3188 920 3256 ejus
948 3188 1355 3243 meditationem
1415 3197 1472 3243 et
1526 3190 1782 3244 virtutem
1837 3206 1869 3245 a

297 3280 595 3335 sensilibus
618 3280 684 3333 ad
715 3280 1073 3350 intelligibilia
1106 3280 1512 3336 transferuntur
1544 3296 1608 3335 ea
1654 3298 1773 3352 quae
1812 3282 1867 3336 in

295 3367 391 3420 illo
422 3366 689 3421 sacriﬁcio
719 3378 1073 3438 peraguntur.
1106 3367 1173 3422 Et
1203 3369 1347 3438 quod
1378 3369 1484 3424 hoc
1531 3379 1614 3425 est
1651 3371 1865 3426 sacriﬁ-

295 3456 478 3510 cium?
508 3456 642 3510 Due:
675 3458 889 3511 decimte
917 3459 1109 3513 simin
1161 3475 1452 3528 conspersa:
1477 3460 1610 3514 oleo.
1639 3460 1867 3531 Oportet

295 3547 445 3601 enim
474 3549 618 3602 seire
667 3550 967 3619 perfectam
1008 3552 1426 3613 humanitatem,
1459 3560 1511 3606 et
1567 3553 1863 3622 perfectam

293 3638 635 3693 divinitatem
658 3649 1093 3711 contemperare,
1119 3642 1171 3695 id
1199 3652 1281 3696 est
1302 3643 1356 3695 in
1382 3658 1549 3697 unum
1572 3646 1865 3702 convenire

293 3729 353 3783 in
386 3730 527 3795 oleo,
562 3731 615 3787 id
645 3741 729 3786 est
763 3747 859 3803 per
890 3748 1011 3787 eam
1039 3748 1199 3802 quam
1235 3733 1378 3787 circa
1406 3748 1505 3787 nos
1533 3734 1697 3789 habet
1717 3752 1865 3791 com-

295 3823 603 3889 passionem
643 3824 769 3878 :sic
823 3824 969 3878 enim
1001 3824 1330 3878 sacriﬁcium
1390 3825 1526 3879 odor
1581 3827 1864 3883 suavitatis

296 3913 529 3968 Domino
589 3915 887 3981 invenitur,
947 3916 1287 3986 sapientibus
1338 3917 1498 3971 nobis
1541 3919 1607 3972 de
1650 3934 1715 3973 eo
1743 3936 1863 3988 qua:

293 4006 462 4077 digna
498 4018 645 4063 sunt.
686 4008 746 4063 In
778 4010 978 4078 quibus
1029 4020 1212 4063 autem
1267 4008 1616 4074 sacriﬁcium,
1674 4019 1728 4065 et
1766 4027 1864 4080 per

288 4112 428 4166 quos
456 4100 652 4170 agitur,
675 4101 947 4170 quomodo
973 4101 1283 4156 celebratur
1336 4101 1694 4171 intelligibilis
1735 4104 1859 4173 agni

287 4186 512 4252 oblatio,
540 4190 684 4257 quod
735 4192 983 4256 sequitur
1041 4190 1300 4245 ostendit.
1357 4189 1546 4260 Neque
1600 4192 1747 4245 enim
1805 4192 1860 4246 in

287 4277 572 4347 sanguine,
600 4294 779 4347 neque
810 4294 908 4348 per
954 4279 1344 4333 irrationabilia
1382 4280 1656 4341 animalia,
1687 4281 1856 4335 sacri-

287 4365 471 4420 ﬁcium
525 4383 554 4421 a
622 4369 782 4424 nobis
841 4369 986 4425 Deus
1040 4370 1292 4439 suscipit,
1358 4371 1659 4426 secundum
1712 4372 1857 4442 quod

284 4460 572 4528 sequentia
603 4458 964 4523 demonstrat,
999 4459 1075 4513 ait
1113 4460 1292 4512 enim:

358 4547 487 4601 Liba
532 4565 734 4619 quoque
764 4550 895 4611 vini,
930 4558 1125 4619 quarta
1157 4563 1282 4615 pars
1310 4548 1421 4613 Itin,
1458 4564 1648 4616 panem
1684 4557 1732 4601 et
1762 4565 1860 4617 po-

287 4642 507 4696 lentam.
535 4640 673 4707 Quia
705 4641 927 4695 dubium
967 4640 1209 4694 futurum
1266 4650 1387 4695 erat
1415 4640 1622 4705 forsan,
1664 4657 1693 4695 a
1733 4642 1858 4711 qui—

284 4728 390 4784 lius
419 4729 735 4800 mysterium
769 4727 1042 4794 sacriﬁcii,
1090 4727 1234 4796 quod
1280 4742 1379 4796 per
1422 4727 1702 4782 Christum
1748 4739 1853 4792 est,

286 4822 432 4890 quod
494 4821 747 4889 superius
794 4819 1031 4874 diximus
1082 4819 1443 4873 celebratur:
1500 4820 1667 4874 babes
1725 4833 1855 4875 ecce

285 4909 643 4980 intelligibilis
677 4908 1039 4963 Melchisedec
1064 4908 1416 4968 oblationem.
1449 4923 1569 4976 qum
1615 4906 1670 4960 in
1713 4922 1857 4976 pane

285 5011 343 5055 et
370 5002 498 5055 vino
526 5000 828 5070 perﬁcitur,
884 5000 936 5052 in
969 5015 1073 5068 qua
1109 5009 1299 5069 quarta
1331 5015 1455 5068 pars
1482 4999 1574 5052 hin
1613 4999 1666 5051 in
1704 4998 1858 5053 libris

281 5094 397 5148 vini
424 5094 677 5159 offertur,
712 5101 773 5146 ut
802 5108 899 5163 per
929 5101 1178 5161 quartam
1196 5091 1572 5161 Evangelicam
1606 5090 1856 5145 traditio-

291 5200 443 5248 nem,
493 5199 616 5253 quae
650 5184 705 5236 in
740 5183 896 5236 libris
930 5191 1180 5252 ‘quatuor
1209 5190 1322 5235 est:
1376 5197 1472 5250 per
1536 5181 1856 5235 libationem

283 5291 419 5330 vero
449 5274 796 5329 Dominicum
834 5288 1141 5327 sermonem
1172 5271 1521 5342 signiﬁcaret,
1563 5285 1688 5324 cum
1727 5270 1805 5323 ait
1839 5286 1854 5322 :

288 5367 387 5420 llic
410 5375 483 5420 est
508 5382 653 5419 meus
685 5365 901 5433 sanguis
926 5366 1021 5435 qui
1069 5380 1165 5433 pro
1198 5363 1337 5417 vobis
1358 5362 1605 5432 fundetur
1619 5363 1700 5415 "z
1735 5363 1853 5417 sine

284 5457 673 5513 imminutione
711 5458 857 5510 enim
890 5455 1194 5526 signiﬁcare
1227 5453 1517 5524 legislatori
1566 5452 1740 5506 visum
1772 5462 1856 5508 est

281 5548 490 5605 Christi
516 5548 860 5619 mysterium,
889 5555 1110 5619 propter
1136 5545 1284 5613 quod
1317 5553 1373 5597 et
1402 5542 1676 5599 subdidit:

362 5721 405 5754 ”
442 5720 609 5777 lCor.
640 5740 727 5790 xv,
762 5724 847 5777 12.
926 5723 970 5755 ³³
995 5720 1159 5775 Marc.
1200 5738 1312 5784 xxv,
1350 5719 1469 5774 124.

1547 5718 1591 5750 ³*
1615 5717 1655 5772 ll
1691 5717 1815 5772 Cor.
1841 5735 1894 5785 v,
1925 5717 2006 5772 Π.

1978 3179 2399 3234 resurrectionis
2428 3179 2768 3245 describens,
2791 3180 3089 3233 secundum
3116 3181 3334 3234 modum
3374 3195 3537 3250 quem

1975 3272 2281 3341 oportebat,
2335 3271 2601 3342 gratiam,
2648 3271 2716 3325 ad
2759 3271 3168 3335 Pentecostem,
3219 3287 3382 3340 quam
3437 3286 3540 3327 nos

1974 3361 2335 3424 celebramus,
2376 3375 2684 3414 sermonem
2711 3360 2980 3415 convertit
3006 3360 3228 3414 dicens:

2042 3453 2398 3506 Numerabitis
2415 3468 2536 3521 ergo
2554 3452 2620 3502 ab
2645 3451 2812 3505 altero
2834 3452 2920 3504 die
2939 3449 3177 3518 Sabbati,
3203 3454 3259 3505 in
3279 3470 3381 3523 quo
3399 3453 3539 3507 obtu-

1974 3546 2109 3600 listis
2164 3544 2497 3615 manipulum
2528 3545 2906 3635 primitiarnm,
2944 3555 3140 3614 septem
3188 3546 3538 3600 hebdomadas

1971 3637 2155 3706 plenas
2181 3652 2343 3705 usque
2365 3636 2435 3688 ad
2453 3636 2679 3687 alterum
2704 3635 2841 3688 diem
2860 3637 3171 3705 expletionis
3196 3637 3535 3692 hebdomadas

1970 3730 2224 3798 septimm,
2249 3728 2303 3779 id
2321 3736 2416 3790 est,
2444 3727 2826 3796 quinquaginta
2849 3728 2978 3790 dies,
3017 3738 3065 3780 et
3092 3729 3165 3780 sic
3192 3728 3414 3796 oﬁ'eretis
3439 3744 3534 3783 sa-

1970 3820 2222 3887 oriﬁcium
2255 3834 2443 3871 novum
2482 3817 2726 3869 Domino.
2765 3816 2903 3881 Quia
2955 3817 3116 3885 hujus
3163 3816 3529 3886 Pentecostes,

1968 3921 2149 3975 neque
2181 3914 2397 3975 tempus
2429 3920 2607 3974 neque
2641 3921 2904 3959 numerus
2934 3921 2964 3959 a
2986 3907 3188 3977 populo
3215 3907 3538 3964 Judreorum-

1967 3997 2293 4061 custoditur,
2313 3995 2644 4050 sufficienter
2660 3997 2714 4050 in
2732 3997 3104 4065 superioribus
3120 4009 3401 4054 ostensum
3422 4010 3527 4067 est,

1966 4106 1994 4145 a
2013 4091 2174 4145 nobis
2193 4099 2375 4143 autem
2403 4105 2526 4144 cum
2555 4089 3037 4159 contemplatione,
3071 4100 3126 4145 et
3143 4092 3321 4147 littera
3351 4104 3533 4150 custo-

1966 4179 2133 4234 ditur.
2185 4177 2406 4232 Planius
2454 4192 2584 4247 ergo
2632 4177 2909 4249 legislator
2963 4178 3325 4234 intentionem
3375 4197 3530 4236 suam

1965 4270 2336 4325 demonstrare
2358 4270 2567 4333 volens,
2593 4271 2660 4324 ab
2685 4270 2857 4325 altero
2881 4270 2969 4325 die
3003 4271 3218 4327 Sabbati
3253 4272 3531 4330 numerari

1965 4363 2222 4433 praecepit
2249 4362 2637 4433 quinquaginta
2669 4364 2808 4424 dies,
2850 4362 3187 4419 Dominicum
3222 4366 3363 4421 diem
3402 4384 3531 4438 pro-

1896 4467 1936 4520 ι)
1965 4454 2053 4507 cul
2082 4453 2247 4507 dubio
2275 4452 2463 4507 volens
2494 4452 2721 4522 intelligi
2756 4470 2771 4506 :
2806 4452 2895 4506 hic
2917 4453 3062 4507 enim
3096 4463 3179 4508 est
3204 4457 3372 4510 altera
3413 4458 3532 4514 dies

1963 4543 2204 4599 Sabbati.
2268 4543 2326 4597 In
2370 4544 2472 4597 hac
2530 4543 2677 4597 enim
2719 4544 3049 4598 resurrectio
3100 4546 3241 4601 facta
3273 4557 3376 4613 est,
3424 4564 3528 4618 qua

1961 4635 2316 4689 hebdomadas
2343 4643 2704 4687 numerantur
2730 4643 2961 4703 septem,
2987 4651 3160 4704 usque
3194 4638 3258 4691 ad
3296 4640 3529 4693 alterum

1958 4722 2099 4776 diem
2129 4723 2458 4792 expletionis
2482 4722 2853 4776 hebdomadas.
2886 4723 3168 4780 Dominica
3196 4743 3384 4782 rursus
3416 4730 3527 4793 die,

1958 4813 2311 4868 Pentecostes
2343 4814 2683 4867 celebramus
2700 4813 3075 4882 festivitatem,
3108 4817 3162 4871 in
3206 4835 3311 4888 qua
3355 4822 3529 4875 sancti

1961 4904 2198 4974 Spiritus
2222 4905 2514 4958 adventum
2539 4904 2860 4958 meruimus.
2878 4903 2997 4960 Non
3021 4908 3221 4962 frustra
3240 4926 3303 4964 eo
3320 4920 3531 4980 septem

1959 4995 2423 5050 hebdomadarum
2452 4994 2744 5049 advmtum
2773 4998 3166 5063 custodientes,
3197 5000 3290 5054 sed
3346 5010 3404 5054 ut
3431 5015 3530 5077 nos

1958 5093 2432 5157 cognosceremus,
2482 5086 2611 5156 quia
2657 5086 2798 5140 nihil
2848 5097 3026 5152 vetus,
3079 5090 3217 5143 nihil
3269 5092 3529 5146 saeculare

1959 5181 2218 5252 praecepit
2255 5181 2399 5235 Deus
2440 5196 2621 5251 agere,
2671 5181 2916 5251 nihilque
2962 5183 3300 5251 corruptioni
3356 5181 3527 5236 veteri

1961 5267 2289 5334 proximum,
2317 5265 2409 5334 qui
2433 5280 2557 5319 eum
2606 5266 2833 5334 cupiunt
2872 5268 3174 5334 percipere.
3210 5265 3276 5319 Et
3328 5280 3528 5321 novum

1964 5356 2289 5410 sacriﬁcium
2340 5356 2572 5412 Domino
2596 5365 2726 5412 tunc
2769 5357 2953 5411 oerrri
2999 5357 3183 5425 jussit,
3235 5358 3529 5412 adveniens

1961 5450 2105 5503 enim
2129 5448 2364 5517 Spiritus
2392 5457 2558 5503 totam
2592 5458 2833 5503 nostram
2865 5450 3029 5503 vitam
3053 5448 3357 5515 renovavit,
3380 5449 3527 5518 quod

1961 5539 2301 5593 conﬁrmavit
2327 5538 2526 5593 Christi
2552 5538 2925 5605 traditionem,
2943 5547 2997 5594 et
3027 5538 3284 5627 stabilivit
3303 5548 3531 5596 conver-

2085 5716 2128 5748 ³⁸
2150 5714 2339 5771 Matth.
2384 5732 2458 5781 xl,
2492 5716 2579 5772 30.
