3988 6222
553 346 692 414 1087

1732 346 2091 407 HESYCHH
2131 344 2603 407 PRESBYTERI

3621 346 3729 414 1088

556 467 823 522 sationem
865 476 1029 533 quam
1073 462 1127 516 in
1162 461 1268 516 illis
1297 431 1549 531 perfecit,
1580 461 1657 516 ait
1686 463 1869 517 enim:
1900 461 1971 516 Ds
1995 478 2109 516 meo
2139 467 2181 518 A
2211 471 2392 531 potest
2416 463 2604 517 dicere
2632 460 2888 516 Christus
2917 456 3094 523 Jesus,
3121 457 3225 513 nisi
3259 458 3313 513 in
3336 458 3532 529 Spiritu
3556 476 3725 521 sancto.

546 556 792 622 accipiet,
827 562 877 607 et
914 552 1250 606 annuntio-bit
1280 553 1422 606 vobis
1440 552 1506 605 ³⁸.
1554 551 1785 622 Propter
1828 553 1971 623 quod
2002 568 2111 608 non

546 645 652 699 alia
676 642 1032 699 hebdomadis
1059 644 1149 698 die
1177 643 1417 707 advenit,
1450 644 1544 697 sed
1568 644 1625 697 in
1653 660 1757 713 qua
1786 645 2113 699 resurrectio

546 736 689 792 facta
718 744 822 798 est,
854 744 909 790 et
931 735 1245 804 manipulus
1283 735 1635 806 intelligihilis
1664 735 1874 790 oblatus
1903 743 2007 798 est,
2054 744 2115 789 ut

548 836 606 881 et
637 827 742 882 hoc
772 825 1047 895 probaret,
1087 824 1231 893 quod
1270 838 1409 879 nova
1455 827 1819 886 conversatio,
1849 840 1970 894 qua:
2010 839 2114 879 uos

550 917 857 982 renovavit,
884 915 1164 970 liberanda
1186 930 1217 968 a
1245 915 1595 983 corruptione
1621 916 1906 971 vetustatis
1929 930 2113 970 resur-

550 1007 796 1062 rectione
824 1006 1046 1071 Christi,
1081 1013 1137 1059 et
1155 1005 1331 1059 sancti
1360 1004 1598 1073 Spiritus
1613 1005 1851 1059 adventu
1869 1013 2113 1060 correcta

551 1102 658 1151 est.
692 1092 1001 1149 Manifestat
1045 1102 1228 1148 autem
1257 1093 1460 1149 oblatio
1488 1092 1609 1164 ipsa
1644 1093 1882 1165 speciem
1922 1094 2113 1149 hostiae

551 1198 715 1252 quam
750 1183 1010 1252 praecepit
1040 1182 1176 1235 fieri.

625 1273 690 1326 Et
715 1275 793 1326 sic
820 1274 1044 1341 oﬂ'eretis
1061 1272 1377 1340 sacriﬁcium
1406 1287 1593 1325 novum
1615 1272 1858 1336 Domino,
1907 1289 1972 1326 ea:
2000 1288 2112 1326 om-

551 1363 703 1416 nibus
730 1362 1146 1416 habitationibus
1168 1363 1376 1416 vestris.
1405 1361 1584 1417 Panes
1613 1364 1973 1430 primitiarum
1987 1365 2114 1418 duos

522 1442 532 1450 ’
562 1471 627 1507 ea:
648 1452 856 1507 duabus
881 1454 1094 1507 decimis
1142 1453 1331 1507 simila:
1354 1456 1698 1524 fermentum,
1738 1470 1862 1523 quos
1887 1457 2114 1525 coquetis

551 1543 608 1594 in
638 1543 901 1610 primitias
928 1544 1161 1605 Domini,
1196 1553 1247 1597 et
1275 1545 1499 1613 ageretis
1515 1561 1631 1598 cum
1669 1547 1894 1614 panibus
1920 1557 2114 1616 septem

554 1648 720 1702 agnos
765 1633 1160 1699 immaculatos,
1204 1634 1500 1700 anniculos,
1540 1636 1759 1689 vitulum
1787 1638 1851 1691 de
1880 1651 2115 1691 armento

552 1739 735 1788 unum,
785 1732 836 1777 et
867 1725 1055 1780 arietes
1084 1726 1235 1778 duos.
1282 1724 1491 1780 Novum
1547 1728 1871 1782 sacrificium
1927 1730 2115 1785 dicens

2217 553 2360 623 Ergo
2380 568 2489 606 non
2509 563 2665 605 extra
2691 550 2954 604 rationem
2977 564 3102 604 cum
3134 558 3343 618 septem
3367 550 3519 620 agnis
3538 552 3727 608 vitulum
3826 550 3833 560 ’

2217 642 2287 697 de
2312 651 2566 695 armento
2595 654 2834 710 praesens
2865 639 3110 695 continet
3132 639 3354 704 oblatio,
3381 641 3474 695 sed
3493 642 3730 700 evidenter

2218 730 2491 800 signiﬁcat
2524 729 2676 783 illum
2707 745 2775 782 ex
2799 736 3048 783 armento
3076 728 3372 794 Abraham,
3396 727 3557 794 Isaac,
3577 729 3729 797 Jacoh,

2217 828 2277 875 et
2314 819 2479 874 David
2521 819 2821 874 secundum
2869 834 3090 874 carnem
3120 818 3343 873 factum.
3393 819 3525 875 Huic
3572 823 3731 880 arietes

2218 911 2358 964 duos
2386 910 2764 964 immaculatos
2797 909 3104 977 conjunxit,
3160 908 3478 962 excellentia
3524 914 3730 968 mandata

2218 1008 2275 1055 ct
2306 1000 2561 1064 virtutes,
2601 1016 2738 1070 quas
2765 994 2919 1069 sequi
2948 1001 3082 1054 alias
3108 1000 3261 1054 velut
3287 1015 3419 1056 oves
3449 1011 3660 1071 oportet.
3686 1004 3730 1058 ln

2219 1091 2308 1147 his
2331 1092 2501 1155 enim,
2526 1099 2717 1161 utpote
2745 1091 3142 1161 intelligibilem
3165 1089 3447 1145 inimicum
3467 1092 3731 1149 ventiland-

2218 1181 2342 1245 bus,
2375 1180 2656 1235 munimen
2688 1190 2744 1236 et
2765 1181 3173 1236 indemnitatem
3218 1181 3438 1237 habent.
3475 1180 3595 1247 Quae
3635 1194 3732 1238 sunt

2217 1280 2399 1327 autem
2438 1270 2588 1326 haec?
2611 1270 2671 1326 Si
2698 1273 2775 1326 vis
2801 1274 3055 1342 perfectus
3083 1288 3211 1334 esse,
3242 1271 3394 1336 vade,
3425 1273 3574 1324 vetule
3595 1272 3730 1324 omnis

2218 1380 2336 1434 qua:
2372 1363 2549 1428 babes,
2580 1372 2627 1416 et
2658 1363 2726 1416 da
2754 1362 3090 1432 pauperibus.
3127 1370 3176 1416 et
3216 1361 3362 1427 veni,
3389 1377 3588 1431 sequere
3610 1362 3729 1415 me“.

2217 1454 2511 1510 Maximum
2572 1455 2775 1526 quippe
2828 1454 3141 1508 mandatum
3209 1462 3314 1516 est,
3383 1454 3601 1508 vendere
3644 1468 3733 1521 qus

2218 1544 2386 1599 habet
2416 1555 2469 1599 et
2505 1546 2637 1600 dare
2663 1544 3023 1615 pauperibus:
3072 1543 3373 1597 maximum
3402 1550 3571 1596 autem
3617 1542 3731 1610 sequi

2218 1635 2519 1698 Christum,
2551 1645 2609 1690 ut
2640 1650 2767 1690 cum
2820 1635 3078 1704 despectu
3108 1633 3390 1703 quippiam
3449 1631 3731 1700 possidendi,

2219 1726 2387 1780 etiam
2448 1726 2630 1781 omnia
2685 1740 2848 1795 agere
2926 1724 3227 1779 secundum
3289 1722 3607 1776 voluntatem
3664 1719 3731 1772 Dei

553 1813 691 1883 legis
743 1815 1011 1871 sacriﬁcia
1064 1824 1121 1869 ut
1169 1824 1354 1871 vetera
1406 1818 1669 1882 excludit,
1736 1820 2115 1891 Evangelicam
2152 1804 2191 1858 Β
2219 1817 2434 1872 Domini
2462 1817 2801 1871 studeamus.
2837 1815 2952 1870 l‘loc
2982 1824 3067 1868 est
3099 1814 3248 1867 enim
3289 1828 3418 1868 eum
3453 1813 3613 1881 sequi.
3636 1810 3731 1863 list:

550 1909 737 1955 autem
761 1917 861 1971 pro
886 1902 997 1957 illis
1021 1903 1343 1958 introduxit.
1378 1904 1584 1960 Deinde
1613 1906 1840 1970 addens,
1874 1915 1937 1962 de
1970 1910 2117 1963 babi-

550 1992 839 2048 tationibus
898 1994 1105 2059 vestris,
1181 1993 1480 2051 Ecclesiam
1545 1997 1907 2075 significavit,
1960 2002 2119 2070 eique

550 2080 760 2146 oﬂ'erri,
787 2099 909 2153 quae
947 2085 1092 2140 dicta
1118 2096 1248 2140 sunt
1288 2089 1514 2157 aptavit.
1545 2088 1733 2159 Neque
1770 2092 1917 2147 enim
1948 2093 2113 2148 dixit:

553 2171 629 2227 Ex
659 2175 913 2230 omnibus
945 2176 1286 2243 habitaculis,
1314 2180 1430 2243 sed,
1468 2180 1555 2234 Ea:
1581 2183 1820 2237 omnibus
1852 2185 2119 2240 habitacu-

552 2263 619 2317 lis
648 2267 870 2321 vestris:
901 2276 960 2321 ut
983 2268 1231 2324 absolute
1258 2272 1574 2327 ostenderet
1599 2274 1812 2343 aliquod
1838 2276 2119 2333 habitacu-

552 2353 664 2407 lum
696 2357 1053 2426 prazcipuum,
1096 2360 1164 2414 de
1192 2376 1301 2429 quo
1324 2361 1398 2416 ait
1444 2364 1648 2419 David:
1685 2365 1838 2420 Beati
1861 2370 1950 2437 qui
1978 2371 2119 2423 habi-

549 2450 665 2497 tant
694 2443 748 2496 in
774 2445 925 2498 domo
954 2455 1043 2499 tua
1057 2447 1205 2503 ".Et
1234 2448 1454 2504 rursus:
1481 2452 1647 2507 Unam
1668 2456 1794 2522 petii
1812 2471 1844 2507 a
1872 2455 2114 2526 Domino,

551 2533 690 2586 Itane
708 2536 995 2604 requiram,
1015 2547 1072 2590 ut
1092 2540 1373 2594 inhabilem
1395 2542 1449 2594 in
1479 2544 1632 2597 domo
1650 2543 2115 2605 Dominiomnibus

550 2622 732 2678 diebus
759 2628 882 2679 uiue
931 2629 1135 2681 mete“.
1183 2630 1250 2684 Et
1274 2645 1444 2698 panes
1488 2634 1704 2702 quidem
1752 2638 2111 2706 primitiarum

552 2712 713 2778 duos,
742 2713 914 2785 legem
938 2728 993 2773 et
1028 2719 1416 2790 Evangelium;
1446 2738 1614 2793 panes
1653 2729 1797 2780 enim
1846 2739 1975 2785 sunt
2008 2732 2113 2787 cibi

550 2798 861 2857 animarum
890 2803 1151 2873 ﬁdelium,
1186 2811 1531 2867 continentes
1558 2825 1685 2871 sunt
1706 2826 1888 2873 autem
1911 2830 1965 2875 et
1998 2824 2113 2892 pri-

550 2888 853 2959 mitiarum,
906 2894 1022 2951 sive
1071 2907 1129 2952 ut
1158 2898 1320 2967 LXX,
1355 2905 1635 2965 separati:
1668 2909 1921 2976 quoniam
1963 2888 2112 2967 omni

550 2981 773 3071 quidem
808 2984 1073 3055 sapientia
1100 2998 1229 3046 sunt
1262 2992 1523 3064 praecipui
1557 3012 1570 3050 :
1600 2995 1670 3052 ab
1701 3012 1762 3054 ea
1785 3008 1971 3056 autem
1992 3017 2113 3071 quae

549 3070 793 3125 exterior
819 3083 923 3136 est.
980 3082 1213 3146 separati
1265 3083 1522 3140 videlicet
1566 3095 1622 3141 et
1658 3090 1915 3158 sejuncti.
1976 3070 2117 3150 Sunt

551 3173 681 3230 ergo
709 3177 776 3217 ex
794 3164 1005 3222 duabus
1033 3170 1259 3227 decimis
1290 3175 1480 3231 similae
1507 3177 1864 3247 fermentata,
1893 3199 1955 3238 ex
1990 3186 2118 3241 doc-

549 3252 698 3307 trina
723 3269 846 3323 quae
891 3259 1190 3326 perfectam
1225 3265 1319 3319 Dei
1351 3266 1687 3326 divinitatem
1715 3282 1773 3329 et
1819 3276 2115 3345 perfectam

551 3341 954 3404 humanitatem
981 3354 1170 3417 tradit,
1197 3371 1298 3410 nec
1320 3357 1481 3413 aliter
1502 3363 1661 3431 coqui
1690 3366 1797 3420 nisi
1820 3341 1924 3437 per
1954 3370 2114 3425 talem

553 3433 860 3489 doctrinam
918 3451 1171 3508 possunt.
1240 3445 1349 3500 Sed
1423 3450 1678 3517 primitias
1736 3433 1931 3512 horum
1989 3471 2119 3517 sunt

554 3522 807 3581 Domino.
840 3528 1055 3587 Primus
1079 3535 1226 3589 enim
1246 3536 1527 3618 Dominus,
1554 3544 1647 3612 qui
1669 3545 1841 3617 legem
1868 3552 2112 3618 perfecit.

552 3621 609 3668 et
641 3615 993 3688 Evangelium
1024 3635 1147 3693 post
1171 3627 1274 3683 hoc
1293 3610 1481 3686 do'cuit
1504 3650 1517 3684 :
1541 3610 1750 3698 Audite:
1777 3610 1901 3700 quia
1921 3610 2116 3699 dictum

549 3717 628 3761 est
652 3710 918 3776 antiquis:
963 3713 1082 3778 Non
1125 3721 1344 3775 occides.
1401 3722 1515 3795 Ego
1565 3739 1741 3783 autem
1771 3732 1887 3786 dico
1930 3738 2071 3790 vobis
2096 3754 2116 3790 ε

554 3796 736 3855 Omnis
765 3804 854 3871 qui
889 3804 1141 3861 irascitur
1175 3812 1335 3882 fratri
1375 3830 1470 3870 suo
1513 3818 1625 3873 sine
1647 3836 1809 3878 causa
1863 3841 1981 3880 reus
2016 3831 2115 3883 erit

546 3888 833 3958 judicio”.
885 3896 1181 3987 conjunxit
1227 3904 1373 3959 enim
1429 3907 1521 3961 hic
1573 3909 1746 3981 legem
1800 3915 2113 3987 Evangelia,

552 3990 776 4048 prOptcr
802 3986 947 4052 quod
980 3989 1102 4058 ejus
1123 3992 1376 4059 primitiae
1415 3996 1691 4055 dicuntur.
1723 4002 1877 4068 Quod
1922 3986 1979 4062 et
2006 4009 2116 4064 Lu-

551 4081 644 4122 cas
676 4070 1028 4140 confirmans,
1076 4078 1346 4147 primitias
1395 4100 1556 4141 veras
1591 4090 1750 4145 nobis
1795 4096 2112 4162 ostendens,

550 4159 807 4229 scripsit:
838 4163 1081 4220 Primum
1117 4172 1322 4240 quidem
1343 4188 1628 4230 sermonem
1654 4181 1753 4250 feci
1778 4185 1842 4236 de
1861 4159 2112 4252 omnibus,

551 4265 582 4302 ο
629 4249 926 4322 Tbeopbile,
978 4273 1096 4327 quin
1142 4262 1293 4329 erepit
1333 4262 1483 4319 Iesus
1531 4249 1703 4337 facere
1755 4280 1804 4325 et
1853 4274 2031 4329 docere
2046 4249 2111 4332 “.

549 4340 759 4399 Offerre
785 4354 966 4401 autem
998 4349 1080 4435 eis
1109 4359 1319 4421 septem
1347 4368 1517 4425 agnos
1550 4358 1930 4418 immaculatos
1957 4369 2116 4422 anni-

2221 1922 2353 1979 ergo
2379 1908 2654 1969 mandata,
2695 1915 2881 1975 utpote
2906 1914 3128 1975 propter
3157 1905 3558 1959 immaculatum
3606 1914 3732 1955 mam

2218 2007 2275 2052 et
2302 1996 2596 2066 perfectam
2652 1995 2975 2058 constituta,
3015 1994 3218 2048 arietes
3242 1995 3597 2063 appellantur,
3639 1993 3733 2061 quia

2219 2089 2420 2142 arietes
2442 2087 2590 2142 omni
2624 2103 2787 2157 grege
2820 2086 3234 2140 excellentiores
3276 2096 3428 2141 sunt.
3463 2086 3646 2140 llorum
3672 2099 3735 2137 sa-

2220 2178 2488 2234 crificium
2519 2189 2573 2232 et
2599 2178 2784 2233 lihatio
2815 2177 3045 2231 scientia
3082 2176 3341 2231 videlicet
3379 2185 3435 2231 et
3487 2175 3732 2231 correctio:

2219 2271 2358 2324 odor
2409 2270 2696 2326 suavitatis
2744 2281 2829 2323 est
2873 2268 3127 2333 Domino,
3172 2270 3266 2323 ille
3315 2270 3387 2325 de
3442 2285 3545 2339 quo
3580 2267 3736 2322 Paulus

2220 2362 2467 2417 dicebat.
2501 2361 2612 2415 Deo
2634 2371 2808 2414 autem
2845 2364 3067 2431 gratias,
3117 2366 3206 2433 qui
3250 2380 3457 2432 semper
3499 2363 3736 2432 triumphat

2220 2469 2312 2507 nos
2326 2456 2381 2506 in
2399 2452 2602 2508 Christo
2630 2452 2773 2515 Iesu,
2794 2461 2842 2505 et
2871 2453 3083 2511 odorem
3098 2456 3335 2509 scientiae
3363 2455 3735 2523 smemanifestat

2219 2559 2312 2613 per
2341 2559 2453 2608 nos,
2480 2543 2603 2612 quia
2632 2541 2825 2597 Christi
2855 2541 3018 2596 bonus
3050 2544 3180 2596 odor
3206 2545 3465 2598 sumus“.
3492 2544 3735 2598 Verumta-

2219 2645 2349 2685 men
2403 2644 2516 2684 non
2569 2644 2741 2698 usque
2794 2629 2862 2683 ad
2895 2630 3010 2683 haec
3051 2630 3390 2686 oblationem
3440 2631 3736 2684 Pentecoste:

2221 2722 2433 2776 statuit.
2470 2720 2608 2775 Dicit
2638 2730 2821 2775 autem
2844 2730 2901 2775 et
2933 2722 3165 2791 reliqua,
3187 2723 3312 2791 quia
3353 2723 3578 2777 maxime
3606 2720 3737 2790 spiri-

2223 2813 2328 2881 tui,
2357 2811 2515 2880 cujus
2536 2811 2796 2879 praedicta
2833 2811 3105 2866 festivitas
3130 2821 3234 2872 est.
3268 2814 3529 2883 perfectio
3560 2826 3738 2879 compe-

2222 2901 2305 2954 tit.
2335 2895 2480 2961 Quid
2511 2914 2638 2972 ergo
2673 2898 2783 2955 ait?
2829 2898 3055 2953 Facietis
3087 2909 3134 2952 et
3169 2900 3371 2953 hircum
3406 2917 3498 2970 pro
3550 2909 3734 2969 peccato.

2222 2988 2563 3046 Ptenitentiae
2591 2991 2942 3045 introducens
2968 3005 3298 3046 sermonem.
3334 2991 3570 3064 Duosque
3612 3004 3737 3060 agnos

2221 3082 2512 3144 anniculos,
2534 3083 2728 3136 hostias
2760 3082 3121 3152 paci/iceram.

2289 3172 2382 3226 Illa
2436 3172 2590 3226 Pauli
2642 3171 2894 3226 mandata
2950 3173 3289 3241 significans,
3341 3173 3529 3227 Pacem
3581 3186 3735 3231 meam,

2219 3263 2416 3333 inquit,
2449 3264 2728 3332 sequimini
2773 3279 2890 3316 cum
2938 3264 3198 3327 omnibus,
3256 3274 3305 3318 et
3359 3262 3734 3322 sanctimoniam,

2217 3358 2330 3411 sine
2372 3356 2556 3426 quibus
2604 3371 2752 3409 nemo
2788 3355 2976 3409 uidebit
3022 3354 3265 3410 Deum”.
3319 3356 3455 3422 Quae
3496 3358 3610 3425 quia
3656 3367 3730 3423 per

2219 3447 2578 3516 apostolicam
2635 3446 2875 3517 linguam
2926 3462 3182 3516 expressa
3245 3458 3440 3515 erant,
3487 3446 3735 3503 offerris:

2217 3536 2483 3608 praecepit
2539 3551 2662 3590 cum
2736 3536 2967 3606 panibus
3032 3537 3400 3606 primitiarum
3463 3552 3589 3606 quos
3643 3547 3737 3587 esse

2218 3623 2418 3677 Christi
2462 3623 2764 3676 doctrinam
2810 3623 3066 3677 diximus.
3099 3623 3157 3676 In
3191 3624 3547 3692 sequentibus
3587 3634 3735 3675 rursus

2218 3716 2327 3771 ait:
2387 3714 2616 3785 Cumque
2653 3715 2931 3768 elevaverit
2988 3732 3050 3769 ea
3107 3718 3351 3770 sacerdos
3398 3733 3513 3770 cum
3559 3712 3736 3784 panibus

2216 3808 2579 3878 primitiarum
2620 3792 2798 3860 rorant
2829 3806 3071 3863 Domino.
3105 3808 3417 3863 Secundum
3444 3806 3571 3863 LXX
3596 3813 3734 3859 autem

2216 3900 2328 3954 sic:
2365 3896 2427 3950 Et
2449 3897 2715 3966 separabit
2744 3913 2806 3950 ea
2834 3901 3074 3952 sacerdos
3100 3901 3441 3968 separatione
3471 3916 3579 3953 cum
3617 3894 3735 3966 pasi-

2217 3992 2309 4046 bus
2338 3988 2699 4059 primitiarum
2730 3998 2853 4041 ante
2880 3988 3184 4055 Dominum,
3220 4007 3338 4045 cum
3373 3992 3560 4045 duobus
3598 3985 3733 4058 agnis,

2220 4079 2537 4152 signiﬁcans
2564 4078 2652 4132 cui
2683 4077 2934 4141 Domino,
2963 4079 3059 4132 ait.
3077 4079 3397 4150 Cedentque
3426 4084 3479 4137 in
3521 4079 3734 4147 ususejns

2216 4169 2518 4226 sacerdotis
2534 4168 2822 4223 offerentis
2854 4186 2939 4234 ea,
2973 4170 3470 4229 videlicctChristi.
3491 4175 3596 4244 Ipse
3620 4169 3732 4224 enim

2215 4270 2404 4317 noster
2456 4260 2735 4318 sacerdos.
2770 4261 2887 4331 ipse
2936 4276 3127 4318 noster
3162 4266 3428 4320 Dominus
3455 4275 3551 4319 cst.
3597 4261 3733 4331 ipsius

2216 4354 2364 4407 sicut
2394 4366 2568 4424 panes
2598 4352 2982 4422 primitiarum,
3034 4356 3114 4408 sic
3141 4366 3198 4410 et
3237 4357 3360 4425 agni
3406 4356 3730 4411 mandatorum

546 4431 704 4523 culos
735 4437 1019 4507 praecepit,
1050 4431 1204 4496 dona
1230 4443 1543 4514 significans
1558 4463 1680 4518 qua:
1707 4461 1837 4507 sunt
1862 4454 2111 4523 spiritus,

2217 4446 2606 4517 pradictorum
2651 4452 2799 4509 sunt,
2863 4444 2979 4513 ipse
3024 4447 3170 4500 enim
3221 4456 3358 4510 erat,
3395 4446 3565 4516 quiin
3606 4441 3732 4497 Paulo

548 4522 835 4617 dequibus
852 4529 1106 4587 Salomon
1138 4532 1193 4587 in
1226 4533 1535 4593 Proverbiis
1550 4540 1767 4596 dicebat
1797 4561 1809 4598 :
1837 4522 2111 4617 sapientia

545 4613 825 4682 (ediﬁcauit
881 4620 981 4674 sibi
1033 4623 1263 4691 domum,
1318 4629 1481 4680 erexit
1517 4630 1788 4688 columnas
1832 4613 2024 4705 septem
2041 4640 2106 4700 ⁸³.

543 4698 767 4761 Planius
812 4719 994 4765 autem
1057 4710 1223 4770 Isaias
1253 4716 1495 4784 tradidit,
1530 4719 1601 4775 Et
1633 4698 1910 4794 requiescet
1953 4698 2110 4798 super

544 4810 663 4848 eum
687 4797 923 4864 Spiritus
945 4802 1235 4861 Domini".
1287 4807 1400 4863 Nec
1443 4812 1613 4868 tacuit
1646 4830 1789 4883 quae,
1814 4818 1901 4873 vel
1950 4797 2109 4889 cuius

544 4888 763 4941 numeri
813 4900 1001 4946 essent
1066 4893 1229 4960 dona,
1291 4901 1581 4955 subintulit
1634 4905 1837 4959 enim:
1878 4888 2108 4977 Spiritus

541 4979 819 5047 sapientiae
848 4990 898 5036 et
943 4983 1253 5051 intellectus,
1288 4991 1504 5058 spiritus
1535 4996 1740 5049 consilii
1766 5006 1815 5050 et
1839 4999 2110 5068 fortitudi-

544 5068 647 5133 uis,
704 5070 922 5139 spiritus
971 5073 1202 5129 scientia:
1235 5085 1285 5130 et
1346 5079 1577 5146 pietatis,
1615 5090 1663 5134 et
1705 5082 1939 5151 implebit
1990 5100 2109 5138 eum

545 5160 764 5226 spiritus
787 5162 992 5218 timoris
1024 5165 1233 5221 Domini
1252 5168 1315 5223 ³⁵³.
1341 5170 1526 5240 Agnos
1546 5181 1728 5227 autem
1774 5174 1888 5230 haec
1917 5177 2109 5245 appel-

548 5248 620 5303 lat
658 5251 823 5314 dona,
872 5256 942 5311 ad
1003 5259 1374 5314 ostensionem
1425 5262 1551 5330 quia
1592 5263 1827 5334 Spiritus
1882 5277 2103 5322 sanctus

544 5353 711 5395 unum
739 5352 824 5399 est
849 5345 902 5398 in
924 5346 1165 5413 Christo,
1188 5351 1256 5405 de
1275 5366 1381 5420 quo
1403 5352 1609 5407 dictum
1640 5364 1723 5410 est
1744 5374 1756 5408 :
1780 5356 1912 5411 Ecce
1925 5357 2104 5429 Agnus

544 5431 661 5499 Dei,
694 5450 808 5490 ecce
849 5439 939 5509 qui
988 5440 1123 5494 tollit
1174 5453 1392 5511 peccata
1444 5446 1700 5521 mundi“.
1734 5447 1890 5503 Unde
1946 5465 2106 5505 nemo

615 5627 657 5699 'f
683 5629 836 5684 Joan.
871 5651 981 5699 xvi,
1014 5639 1096 5699 li.
1129 5641 1211 5696 15.

1307 5643 1349 5717 _"
1378 5643 1791 5709 Ps.uxxm,5.
1867 5649 1913 5697 υ
1954 5648 2041 5703 Ps.
2072 5667 2216 5713 xxvi,
2258 5652 2309 5705 i.
2388 5651 2432 5682 ³’
2453 5650 2641 5704 Matth.
2681 5651 2844 5711 v.22.
2921 5650 2965 5684 ⁸ο
2994 5655 3112 5706 Art.
3147 5669 3185 5717 ι,
3226 5654 3273 5705 l.

2217 4537 2559 4606 loquebatur,
2591 4536 2707 4607 ipse
2752 4537 2959 4597 omnia,
3023 4554 3145 4606 quae
3194 4538 3338 4592 dicta
3374 4547 3519 4600 sunt,
3558 4532 3728 4591 obtulit.

2215 4630 2411 4684 Pacem
2438 4629 2582 4683 enim
2607 4630 2675 4683 tle
2709 4644 2816 4697 quo
2840 4627 3039 4683 Paulus
3067 4630 3308 4692 mandat,
3342 4629 3547 4699 primus
3588 4622 3729 4679 Domi-

2214 4738 2320 4777 nus
2358 4719 2643 4789 discipulis
2673 4718 3036 4783 annuntiavit,
3089 4728 3142 4773 et
3174 4719 3600 4778 sanctimoniam,
3626 4714 3729 4769 sicui

2213 4822 2436 4870 sanctus
2488 4822 2822 4877 sanctorum,
2873 4828 3038 4882 super
3073 4829 3265 4867 omnes
3298 4810 3598 4873 custodivit,
3637 4819 3728 4861 nam

2210 4906 2329 4977 ipse
2358 4913 2478 4961 erat
2523 4906 2592 4960 de
2620 4921 2729 4974 quo
2764 4903 2980 4960 Gabriel
3021 4904 3214 4975 virgini
3266 4905 3403 4960 dixit
3436 4922 3450 4957 :
3493 4903 3727 4970 Propterea

2211 4997 2349 5069 quod
2377 5007 2621 5051 nascetur
2654 5011 2717 5049 ea:
2745 5004 2794 5048 te
2819 4995 3366 5054 sanctum.vocabitur
3396 4993 3442 5047 Γ
3446 4994 3561 5048 ilius
3586 4990 3665 5044 Dei
3682 4986 3726 5036 “-

2210 5088 2599 5144 Verumtamen
2636 5087 2679 5140 si
2708 5086 2792 5141 vis
2827 5087 2934 5141 diei
2958 5087 3026 5141 de
3055 5103 3165 5156 quo
3187 5103 3367 5142 sermo
3389 5095 3493 5150 est,
3525 5091 3726 5149 compre-

2211 5181 2453 5235 hendere
2492 5179 2895 5243 excellentiam,
2931 5180 3403 5233 confirmationem
3429 5191 3605 5232 eorum
3638 5182 3726 5240 ίιυεε

2211 5272 2280 5328 de
2297 5286 2363 5327 eo
2394 5271 2538 5326 dicta
2556 5279 2704 5332 sunt,
2737 5273 2970 5342 respice.

2280 5364 2348 5418 Et
2385 5365 2635 5418 vocabili:
2666 5365 2802 5418 hunc
2832 5365 2967 5418 diem
2998 5363 3387 5417 celeberrimum
3435 5372 3581 5431 atque
3603 5367 3721 5411 sam"

2213 5459 2494 5521 tissimum,
2522 5472 2674 5510 omne
2696 5468 2823 5524 Opus
2848 5455 3030 5509 servile
3057 5470 3158 5508 non
3181 5454 3381 5524 facietis
3415 5454 3470 5506 iu
3507 5468 3577 5506 eo.
3610 5442 3723 5504 ιεαί·

3352 5651 3392 5682 ⁸¹
3420 5646 3568 5701 Prov.
3597 5659 3656 5699 It.
3682 5641 3716 5689 i-

547 5692 593 5726 δι
625 5695 728 5751 lsa.
763 5716 836 5766 XI,
867 5704 921 5759 ει..
944 5770 947 5773 Α
970 5692 1021 5739 ἰι
1042 5692 1185 5763 ibid:
1202 5692 1262 5743 ίιι
1289 5692 1914 5780 δοεῖηἷὶῖὲὅῗίὲᾖξιιιιι.
1939 5692 2044 5784 ξιξζ
2075 5692 2113 5773 Ξ

2234 5692 2844 5787 ~71!co?:"n‘.:"i.t','ﬁi'
2870 5722 2886 5752 ι
2943 5692 3206 5787 ιιὲῖὶῗιῖῖ,
3230 5692 3325 5777 ’ἐκ
3366 5692 3568 5773 «me:
3597 5692 3717 5777 3,39.
