3962 6220
264 327 414 395 1089

1401 331 1483 393 ΙΝ
1520 326 1959 393 LEVITICUM.
1999 351 2067 362 ·-
2106 327 2255 387 LIB.
2286 326 2388 389 VI.

3377 326 3516 391 1090

258 443 463 498 timum
508 446 884 514 sempiternum
933 445 1034 503 erit
1083 446 1138 499 in
1194 447 1392 501 cunctis
1438 448 1749 501 habitaculis
1794 454 1843 500 et
1873 450 1917 503 Α
1962 510 1969 517 ο
2014 441 2224 512 Ρκυιιοι·
2276 453 2459 497 autem
2517 451 2573 497 et
2621 442 2711 498 hic
2746 442 2967 508 dicitur.
2998 442 3121 514 quia
3147 456 3371 515 propter
3411 462 3517 502 nos

262 535 694 604 generationibus
715 538 918 589 vestris.
948 536 1088 602 Quid
1128 551 1259 609 ergo
1294 537 1349 590 in
1369 551 1433 591 ea
1467 547 1582 592 est:
1615 538 1757 607 quod
1784 538 1839 590 in

264 622 362 679 bis
388 624 655 681 excellet?
679 625 817 681 Ecce
844 625 992 679 enim
1014 634 1071 680 et
1087 626 1225 679 alios
1251 626 1367 680 dies
1405 635 1624 681 sanctos
1652 625 1841 696 appel-

263 712 369 777 lat,
404 714 500 769 sed
551 722 606 768 et
632 713 701 770 de
748 716 852 770 hoc
894 716 1130 784 primum
1170 716 1364 784 inquit,
1417 724 1474 770 et
1501 716 1843 786 appellabitis

265 802 431 858 hunc
468 804 613 857 diem
641 805 1083 870 celeberrimum,
1108 813 1165 859 et
1192 813 1314 874 post
1344 806 1445 860 hoc
1466 823 1479 859 :
1499 814 1660 874 atque
1683 820 1842 860 sanc-

264 898 567 965 tissimum,
600 910 663 954 ut
710 901 766 954 in
796 916 863 955 eo
894 915 1261 971 cognosceres
1293 902 1425 971 quid
1476 911 1531 956 et
1570 917 1694 957 cum
1724 902 1843 958 aliis

262 1003 585 1057 commune,
625 1001 681 1046 et
707 993 837 1061 quid
884 993 939 1045 in
971 1008 1031 1047 se
1061 994 1340 1062 proprium
1380 993 1585 1059 habet;
1619 994 1675 1047 in
1721 996 1841 1065 ipso

264 1080 421 1133 enim
443 1082 685 1151 gentium
728 1086 938 1138 vocatio
970 1100 1079 1140 non
1111 1088 1391 1156 praedicari
1429 1089 1628 1152 solum,
1665 1090 1759 1144 sed
1788 1097 1841 1144 et

266 1173 489 1239 operari
525 1175 708 1243 coepit,
739 1177 957 1243 quando
983 1177 1187 1243 Parthi,
1220 1188 1269 1232 et
1296 1177 1458 1245 Medi,
1492 1190 1539 1234 et
1570 1179 1840 1245 Elamitcr,

265 1270 319 1313 et
347 1263 440 1330 qui
466 1263 707 1316 habitant
732 1264 1183 1335 Mesopotamiam,
1204 1270 1466 1331 Iudaeam,
1499 1281 1548 1324 et
1586 1270 1841 1340 Pamphi-

265 1349 424 1415 liam,
465 1368 767 1423 omnesque
809 1358 1029 1426 reliquae
1061 1370 1267 1428 gentes,
1302 1377 1436 1430 quas
1463 1361 1637 1417 Lucas
1677 1364 1841 1417 dinu~

263 1442 524 1505 tneravit,
563 1443 750 1496 audire
795 1447 1093 1515 apostolos,
1149 1450 1341 1518 linguis
1402 1451 1512 1503 suis
1568 1451 1840 1522 magnalia

262 1530 371 1585 Dei
400 1532 744 1601 loquentes”,
778 1538 1243 1608 praedicantesque
1272 1550 1576 1609 coeperunt.
1621 1542 1840 1598 Nullum

261 1638 400 1692 ergo
427 1640 568 1693 opus
609 1627 806 1681 servile
834 1628 887 1680 in
912 1628 1004 1683 illo
1035 1630 1122 1684 die
1150 1631 1436 1696 faciamus,
1471 1632 1524 1686 id
1563 1640 1667 1695 est,
1697 1633 1842 1700 quod

261 1712 337 1766 ad
367 1714 684 1768 servitutem
718 1718 973 1785 pertinet,
998 1718 1092 1773 sed
1126 1718 1423 1789 legitimum
1448 1718 1839 1787 sempiternum

1942 548 2150 605 pauper
2175 534 2350 591 factus
2376 544 2460 589 est
2483 551 2604 589 eum
2637 535 2791 589 dives
2817 543 2982 598 esset,
3010 544 3068 589 ut
3100 536 3246 589 illius
3271 552 3509 607 pauper-

1940 634 2057 680 tate
2074 637 2174 683 nos
2199 626 2396 683 divites
2430 641 2717 692 essemus;
2773 626 2867 680 sed
2916 635 2972 680 et
3005 626 3233 690 advena,
3270 626 3395 695 quia
3410 627 3515 682 etsi

1943 717 1996 769 in
2025 717 2244 786 propria
2274 718 2447 779 venit.
2485 717 2572 773 sui
2599 733 2723 772 eum
2789 726 2973 771 tamen
3012 733 3125 771 non
3162 725 3513 787 receperunt.

1942 807 2084 863 Huic
2129 824 2259 880 ergo
2289 825 2350 863 ea
2379 808 2693 878 relinques;
2742 809 2892 863 solus
2916 818 3100 862 autem
3128 810 3233 863 scit
3257 824 3379 876 quas
3409 824 3514 862 no-

1942 898 2026 954 bis
2053 909 2355 964 remanent,
2384 909 2604 971 propter
2621 901 2765 970 quod
2794 916 2898 955 nec
2924 899 3178 970 colligere
3202 916 3515 969 possumus,

1944 1006 2066 1060 qua:
2097 999 2156 1045 ut
2180 991 2298 1061 ipse
2324 993 2556 1064 colligat,
2586 1001 2836 1061 separata
2881 1000 3030 1053 sunt,
3063 1000 3201 1045 teste
3224 990 3391 1046 Paulo
3421 994 3514 1061 qui

1942 1082 2076 1137 dicit
2107 1081 2425 1137 :Oaltituda
2453 1085 2726 1151 sapientim
2748 1092 2798 1137 et
2828 1084 3060 1137 scientia
3084 1083 3217 1136 Dei!
3240 1100 3400 1153 quam
3428 1084 3508 1141 itte

1943 1175 2427 1241 comprelrensibilia
2451 1185 2572 1228 sunt
2584 1176 2796 1245 judicia
2857 1174 2969 1244 ejus
3025 1184 3075 1229 et
3133 1173 3516 1245 inuestigabiles

1942 1266 2040 1319 vias
2067 1266 2179 1335 ejus
2206 1267 2271 1321 ⁵⁸.

2014 1356 2177 1412 Vens.
2238 1358 2328 1422 24,
2390 1358 2480 1412 ‘25.
2544 1377 2563 1408 ι
2617 1357 2971 1428 Locutusque
3027 1368 3110 1413 est
3156 1357 3418 1417 Dominus
3447 1360 3513 1414 ad

1943 1447 2162 1517 Moysen
2219 1448 2408 1503 dicens
2444 1467 2456 1500 :
2505 1447 2753 1518 Loquere
2794 1450 2918 1504 filiis
2944 1450 3112 1504 Israel
3160 1468 3172 1502 :
3207 1450 3390 1505 Mense
3422 1466 3513 1505 se-

1943 1539 2114 1608 ptimo
2137 1540 2311 1609 prima
2332 1541 2420 1595 die
2454 1541 2678 1605 mensis,
2712 1542 2817 1596 erit
2865 1542 3016 1595 vobis
3045 1543 3340 1599 Sabbatum
3393 1559 3512 1599 me-

1944 1630 2172 1683 moriale
2196 1622 2574 1700 clangen‘tibus
2607 1632 2770 1694 tubis,
2814 1639 2870 1685 et
2913 1632 3198 1685 vocabitur
3236 1642 3510 1687 sanctum.

1942 1720 2117 1776 Omne
2144 1737 2281 1791 opus
2314 1722 2508 1777 servile
2528 1739 2640 1777 non
2676 1723 2889 1779 facietis
2926 1723 2981 1776 in
3030 1738 3117 1790 eo,
3157 1731 3214 1777 et
3265 1722 3514 1778 olferetis

262 1803 327 1859 in
390 1804 606 1859 cunctis
659 1806 983 1863 habitaculis
1039 1816 1095 1863 et
1136 1808 1582 1879 generationibus
1636 1808 1839 1863 nostris
1870 1792 1914 1848 Β
1942 1810 2323 1866 holocaustum
2342 1810 2591 1873 Domino.
2633 1830 2653 1864 ι

262 1908 574 1960 servemus,
607 1896 747 1950 nihil
770 1898 969 1952 servile
1000 1909 1293 1969 operantes
1324 1899 1377 1953 in
1430 1908 1698 1970 tempore,
1728 1915 1837 1969 quo

262 1984 336 2038 ad
370 1999 472 2041 nos
498 1988 647 2040 venit
663 1986 919 2056 Spiritus,
946 1990 1072 2058 quia
1106 1991 1197 2042 ubi
1220 1987 1450 2060 Spiritus
1477 1988 1715 2057 Domini,
1764 1989 1838 2043 ibi

260 2069 505 2136 libertas,
529 2072 672 2128 sicut
695 2073 897 2129 Paulus
926 2075 1147 2145 scripsit
1168 2070 1233 2123 “.

339 2180 498 2236 Vnus.
524 2183 615 2238 22.
647 2203 665 2235 ι
693 2183 985 2254 Postquam
1011 2193 1194 2240 autem
1226 2186 1567 2242 messueritis
1595 2197 1835 2259 segetem

261 2279 427 2326 terrae
446 2282 664 2339 vestne,
694 2290 802 2329 non
824 2276 1083 2330 secabitis
1104 2292 1224 2331 eam
1246 2293 1416 2347 usque
1432 2278 1497 2331 ad
1519 2278 1714 2342 solum,
1736 2294 1838 2333 nec

260 2374 618 2420 remanentcs
644 2368 825 2436 spicas
849 2368 1138 2437 colligetis,
1159 2370 1254 2423 sed
1280 2370 1610 2439 pauperibus
1666 2380 1720 2425 et
1744 2386 1838 2440 pe-

260 2455 499 2523 regrinis
534 2457 816 2512 dimittetis
836 2475 950 2512 eas.
980 2460 1092 2530 Ego
1133 2460 1394 2513 Dominus
1419 2459 1561 2514 Deus
1580 2472 1779 2515 vester.
1810 2480 1830 2512 ι

338 2537 479 2601 Quia
514 2539 717 2608 pietate
756 2540 916 2608 plena
975 2550 1106 2595 sunt
1145 2557 1266 2610 quas
1289 2556 1435 2596 nunc
1491 2543 1607 2612 lege
1640 2544 1835 2612 praeci-

261 2629 517 2697 piuntur,
552 2640 803 2699 apertum
837 2641 938 2686 est.
972 2631 1204 2703 Propter
1226 2634 1371 2703 quod
1411 2650 1473 2688 ea
1501 2635 1757 2689 custodiri
1782 2646 1836 2691 et

261 2721 568 2775 secundum
602 2722 832 2776 litteram
878 2732 1113 2793 Oportet,
1151 2725 1244 2779 sed
1296 2726 1473 2792 majus
1524 2740 1713 2780 eorum
1745 2725 1834 2779 lu—

258 2826 421 2866 crum
469 2814 860 2883 contemplatio
903 2816 1162 2884 possidet.
1196 2816 1274 2869 'I‘u
1317 2825 1496 2870 autem
1525 2818 1628 2871 hoc
1662 2818 1714 2871 in
1756 2819 1835 2872 eis

261 2910 415 2963 nota,
443 2902 572 2969 quia
629 2918 753 2956 cum
784 2904 981 2958 similia
1032 2905 1115 2958 his
1161 2920 1413 2974 superius
1462 2908 1832 2976 praecepisset,

257 3003 379 3043 non
407 2997 590 3049 tamen
624 2992 813 3045 eadem
868 2993 1120 3056 sancivit,
1164 2995 1268 3048 hoc
1318 3002 1499 3048 autem
1541 2999 1831 3050 verborum

257 3077 379 3147 ipsa
401 3079 709 3135 immutatio
724 3082 1076 3144 demonstrat,
1104 3082 1178 3135 ibi
1196 3083 1396 3137 etenim
1410 3084 1517 3137 ait:
1545 3084 1665 3137 Non
1689 3101 1831 3138 com-

259 3169 472 3239 plebitis
509 3173 813 3225 messiouem
843 3182 1089 3236 uestram,
1124 3174 1215 3227 hic
1236 3181 1454 3228 autem:
1486 3174 1603 3227 Non
1639 3174 1837 3228 secabi-

262 3257 333 3311 tis
362 3272 479 3311 eam
503 3274 663 3327 usque
697 3259 768 3312 ad
800 3260 989 3322 solum,
1032 3269 1090 3315 ut
1138 3261 1501 3315 ditl‘erentiam
1544 3261 1715 3329 ipsam
1765 3277 1830 3315 ex

260 3351 665 3417 permutatione
704 3352 995 3406 verborum
1026 3352 1408 3423 intelligamus.
1430 3352 1653 3406 Terram
1695 3352 1830 3405 lide-

261 3437 397 3493 lium
420 3455 540 3496 esse
571 3442 881 3512 przediclnut
905 3458 935 3496 a
959 3444 1074 3514 lege
1105 3444 1198 3497 Dei
1225 3448 1694 3497 conversationem
1724 3444 1833 3495 frc-

266 3541 502 3599 quenter
520 3537 886 3591 ostendimus;
931 3537 1094 3606 hujus
1137 3536 1357 3599 messio,
1396 3543 1516 3604 post
1555 3547 1833 3590 resurrec-

268 3620 476 3675 tionem
501 3624 801 3678 Salvatoris
841 3641 869 3677 a
897 3626 1147 3687 mortuis,
1195 3634 1249 3678 et
1311 3625 1605 3677 adventum
1660 3622 1830 3679 sancti

271 3707 528 3776 Spiritus,
560 3709 760 3765 floruit.
792 3710 856 3763 Et
888 3728 997 3766 non
1041 3714 1259 3781 quidem
1290 3727 1508 3765 omnem
1549 3710 1831 3765 scientiam

267 3812 436 3866 quam
485 3800 726 3855 habituri
768 3818 989 3863 sumus,
1032 3803 1251 3871 quando
1301 3802 1368 3856 ad
1423 3802 1604 3869 ipsum
1663 3799 1832 3852 Deum

268 3891 617 3955 venerimus,
684 3893 846 3946 tradit
920 3893 1149 3947 verbum
1205 3890 1656 3962 praedicationis:
1707 3897 1837 3943 sunt

267 3992 450 4037 autem
474 4000 594 4053 quae
616 3984 894 4054 relinquit,
920 3993 1108 4054 utpote
1134 4000 1253 4054 qua:
1296 3998 1446 4038 nunc
1480 3982 1639 4037 nobis
1678 3995 1835 4035 reve-

264 4072 363 4127 lari
398 4089 505 4127 non
537 4084 787 4142 possunt.
815 4078 879 4131 Et
907 4083 1190 4144 propterea
1229 4075 1398 4145 legem
1434 4075 1574 4127 hanc
1610 4073 1663 4125 in
1694 4086 1834 4141 prte-

264 4165 425 4220 dictis
463 4165 851 4220 festivitatibus
911 4166 1256 4236 interposuit,
1291 4175 1348 4220 et
1386 4166 1492 4219 ait:
1549 4163 1836 4232 Postquam

265 4258 585 4311 messueritis
613 4268 835 4327 segetem
867 4267 1021 4313 terra
1050 4268 1254 4322 vestrm,
1296 4274 1400 4311 non
1443 4256 1687 4310 secabitis
1715 4270 1833 4308 eam

262 4365 425 4419 usque
445 4351 516 4403 ad
544 4348 730 4403 solum.

2011 1901 2387 1971 Septenarium
2418 1918 2711 1957 numerum
2765 1902 3077 1957 evidentem
3101 1917 3291 1972 gerere
3338 1911 3395 1957 et
3422 1902 3513 1958 in-

1939 1991 2297 2048 dubitabilem
2332 1992 2821 2048 consummationis
2850 1994 3076 2066 ﬁguram
3100 1995 3218 2049 sive
3250 1995 3513 2050 uniuscu-

1931 2084 2133 2154 jusque
2175 2093 2447 2149 nostrum,
2482 2085 2598 2139 sive
2634 2085 2967 2155 generalem,
3010 2086 3179 2140 multa
3209 2086 3426 2141 auidem
3458 2095 3514 2141 et

1936 2177 2044 2232 alia
2075 2178 2394 2242 ostendunt,
2441 2177 2575 2232 illud
2614 2187 2797 2232 autem
2858 2176 3112 2242 maxime,
3167 2177 3294 2247 quia
3368 2177 3512 2232 Deus

1937 2269 1993 2335 in
2027 2271 2114 2329 die
2138 2272 2366 2342 septima
2386 2273 2620 2326 cessavit
2646 2273 2714 2327 ab
2745 2273 3003 2341 operibus
3033 2271 3168 2338 suis,
3196 2272 3331 2326 dans
3352 2271 3510 2326 nobis

1936 2378 2003 2418 ex
2038 2364 2152 2432 ipsa
2184 2364 2423 2432 requiem
2452 2374 2691 2418 nostram
2735 2363 3034 2432 conjicere,
3064 2361 3132 2417 de
3160 2378 3265 2432 qua
3310 2363 3513 2427 Paulus

1935 2457 2010 2523 ait
2051 2455 2198 2520 :Qui
2223 2458 2358 2509 enim
2389 2459 2654 2528 ingressus
2681 2467 2757 2510 est
2806 2458 2862 2509 in
2914 2456 3066 2509 illam
3121 2456 3370 2525 requiem,
3426 2471 3511 2508 re-

1935 2548 2125 2617 quievit
2172 2550 2280 2614 ipse
2339 2548 2404 2601 ab
2459 2548 2698 2602 omnibus
2729 2548 2970 2616 operibus
3005 2548 3134 2610 suis.
3169 2548 3510 2616 quemadmo—

1934 2641 2181 2693 dumeta
2213 2640 2321 2692 suis
2355 2640 2489 2692 Deus
2510 2642 2577 2691 ⁸⁸.
2614 2640 2719 2692 Sed
2766 2638 2980 2691 initium
3013 2639 3508 2695 consummationis

1922 2732 2266 2795 temporum,
2311 2727 2527 2780 Domini
2560 2735 2642 2779 est
2672 2726 2937 2795 adventus
2966 2735 3189 2795 propter
3218 2726 3508 2796 quodillud

1932 2820 2284 2881 novissimam
2317 2819 2507 2871 horam
2536 2818 2777 2873 Joannes
2826 2818 3166 2888 evangelista
3188 2817 3506 2887 appellavit,

1932 2912 2008 2963 ait
2036 2910 2182 2963 enim
2214 2926 2229 2961 :
2267 2907 2469 2973 Filioli,
2506 2910 2781 2961 novissima
2801 2908 2928 2960 liora
2964 2917 3036 2959 est
3063 2909 3127 2960 ⁸³.
3151 2907 3257 2962 Sed
3274 2916 3329 2962 et
3356 2906 3512 2969 Jaco-

1932 3002 2035 3055 bus
2064 3018 2077 3052 :
2108 2999 2243 3053 Ecce
2265 3000 2432 3068 judex
2464 3009 2588 3052 ante
2629 2998 2858 3067 januam
2877 3008 2981 3051 stat
3012 2999 3079 3052 ⁸⁵.
3116 2998 3231 3054 Hoc
3291 3009 3508 3071 tempus

1933 3093 2166 3162 primam
2191 3090 2407 3160 septimi
2462 3090 2669 3143 mensis
2693 3090 2837 3143 sicut
2879 3089 3204 3159 principium
3237 3106 3506 3146 consum-

1936 3181 2216 3246 mationis,
2247 3189 2395 3234 recte
2420 3180 2507 3233 lex
2532 3180 2846 3248 appellavit.
2892 3180 2989 3233 Est
3011 3180 3175 3233 etiam
3209 3181 3371 3235 nobis
3416 3197 3507 3235 rc-

1936 3272 2125 3342 quies;
2156 3271 2283 3342 quia
2315 3287 2415 3324 nos
2451 3270 2520 3323 ab
2545 3270 2805 3339 operibus
2860 3269 3019 3324 malis
3042 3269 3233 3323 carnis
3292 3270 3506 3337 refecit,

1910 3370 1993 3422 ’et
2018 3382 2047 3419 a
2067 3367 2197 3435 jogo
2228 3364 2375 3435 gravi
2396 3364 2681 3417 liberavit:
2712 3361 2888 3415 Venite
2909 3362 3071 3427 enim,
3098 3361 3294 3432 inquit,
3330 3380 3509 3419 omnes

1937 3459 2027 3529 qui
2058 3457 2311 3511 laboratis
2342 3465 2389 3508 et
2422 3455 2627 3508 onerati
2654 3455 2799 3515 estis,
2832 3463 2879 3508 et
2910 3470 3002 3524 ego
3047 3454 3284 3524 reﬁciam
3325 3472 3414 3510 ros
3437 3457 3507 3511 ⁸⁸.

1938 3549 2007 3605 Ει
2035 3562 2263 3602 rursus:
2297 3546 2493 3613 Discite
2532 3562 2562 3599 a
2601 3564 2700 3612 me,
2738 3547 2862 3615 quia
2892 3546 3034 3599 mitis
3067 3562 3185 3600 sum
3223 3556 3272 3599 et
3299 3545 3510 3599 humi/is

1939 3642 2118 3704 corde,
2150 3649 2197 3693 et
2239 3640 2513 3692 invenietis
2536 3639 2767 3709 requiem
2790 3638 3070 3691 animabus
3096 3638 3280 3691 vestris
3296 3638 3363 3690 ⁸⁸.
3397 3636 3511 3693 Hoc

1940 3743 1995 3787 et
2024 3731 2340 3786 memoriale
2378 3732 2629 3785 tubarum
2678 3736 2803 3783 est:
2841 3728 3099 3798 prwdicat
3148 3722 3293 3782 enim
3326 3728 3509 3782 Salva-

1940 3822 2076 3877 toris
2103 3822 2583 3895 resurrectionem,
2623 3834 2744 3889 quae
2808 3818 3126 3872 memoriale
3155 3826 3239 3872 est
3267 3832 3527 3885 comnng

1941 3916 2029 3970 nis
2056 3923 2391 3969 mortuorum
2435 3912 2873 3976 resurrectionis,
2902 3928 3024 3982 quae
3088 3913 3144 3966 in
3183 3927 3316 3969 voce
3352 3912 3513 3967 tuba-

1941 4022 2061 4060 rum
2089 4020 2403 4076 magnarum
2450 4012 2505 4057 et
2558 4003 2878 4057 terribilium
2928 4004 3204 4058 ellicitur:
3255 4003 3320 4057 In
3357 4004 3513 4073 jussu

1946 4097 2240 4160 Dominico,
2272 4096 2326 4149 in
2354 4112 2474 4149 voce
2503 4092 2822 4163 archangeli,
2854 4096 2910 4146 in
2968 4094 3089 4147 tuba
3143 4094 3238 4148 Dei
3259 4096 3322 4161 ⁸⁷,
3374 4095 3518 4151 sicut

1941 4189 2145 4244 Paulus
2167 4187 2371 4242 docuit.
2424 4185 2536 4240 lloc
2568 4196 2782 4254 tempus
2828 4186 3116 4240 vocabitur
3144 4194 3389 4241 sanctum
3411 4188 3518 4240 Do-

1944 4278 2120 4339 mino,
2158 4277 2285 4345 quia
2318 4276 2681 4341 vocationem,
2716 4291 2836 4344 qua:
2858 4275 2909 4327 in
2938 4273 3366 4333 sanctiﬁcatione
3407 4284 3513 4340 est,

1944 4368 2189 4439 possidet
2220 4383 2233 4419 :
2267 4382 2331 4422 ex
2353 4382 2457 4435 qua
2511 4366 2752 4435 adoptio,
2798 4381 2918 4434 quae
2962 4366 3032 4419 ad
3096 4382 3221 4420 eum
3273 4366 3517 4436 pertinet

334 4438 396 4491 In
439 4454 507 4493 eo
562 4440 705 4508 quod
735 4440 865 4494 dicit
899 4459 912 4493 :
945 4439 1067 4493 Non
1098 4440 1339 4493 secabitis
1393 4454 1511 4492 eam
1557 4452 1717 4507 usque
1765 4433 1835 4488 ad

1943 4463 2151 4513 vocatis
2177 4457 2407 4511 eilicitur
2446 4475 2459 4509 :
2490 4457 2659 4513 Omne
2686 4472 2815 4525 Opus
2848 4456 3032 4511 servile
3083 4473 3185 4510 non
3215 4457 3417 4527 facietis
3458 4458 3518 4513 in

263 4531 456 4595 solum,
488 4544 553 4585 ea
584 4531 929 4599 significavit,
961 4547 1083 4601 qua:
1114 4531 1272 4586 nobis
1312 4530 1379 4585 ad
1419 4532 1635 4600 plenam
1653 4529 1835 4583 scien-

269 4616 395 4673 tiam
418 4627 473 4671 et
504 4618 797 4686 perfectam
824 4622 1058 4684 'tlesunt,
1125 4631 1351 4691 propter
1382 4622 1527 4690 quod
1556 4628 1612 4674 et
1640 4618 1834 4673 subdi-

265 4707 374 4761 dit:
404 4706 515 4761 Nec
537 4720 859 4765 remanentes
878 4714 1052 4781 spiras
1083 4713 1357 4783 colligetis.
1375 4712 1446 4767 Ut
1466 4727 1577 4766 non
1598 4726 1700 4765 con
1711 4719 1832 4765 ten-

264 4798 481 4863 damus,
513 4815 690 4870 neque
740 4802 943 4858 frustra
998 4820 1264 4859 conemur
1322 4820 1386 4859 ea
1433 4818 1554 4873 qua:
1587 4812 1831 4856 nostram

264 4891 481 4964 fugiunt
531 4895 843 4950 scientiam.
890 4895 956 4952 Et
998 4906 1288 4967 propterea
1315 4897 1384 4952 de
1409 4909 1658 4952 messura
1710 4910 1832 4964 quae

264 4986 461 5041 cadere
485 4986 763 5053 dicuntur,
787 4988 1043 5059 colligere
1098 5003 1204 5043 nec
1252 5001 1566 5057 possumus,
1597 4986 1693 5041 sed
1740 5000 1836 5040 re-

266 5078 578 5147 linquamus
614 5096 678 5135 ea
711 5081 935 5136 Christo
962 5096 1127 5151 quem
1186 5081 1505 5152 signiﬁcans
1557 5078 1833 5149 legislator

266 5173 473 5229 addidit
505 5194 517 5229 :
549 5176 877 5248 Pauperibus
906 5187 955 5233 et
986 5179 1274 5248 peregrinis
1299 5177 1533 5231 dimittes
1553 5192 1666 5230 eas.
1703 5172 1832 5229 Sive

266 5263 567 5319 secundum
596 5266 739 5320 LXX
772 5285 785 5320 :
817 5267 1054 5337 Pauperi
1080 5277 1131 5321 et
1156 5267 1427 5337 proselyto
1455 5264 1718 5334 relinques
1741 5279 1827 5317 ea.

267 5353 335 5409 Et
360 5353 483 5425 quis
515 5364 601 5409 est
632 5357 757 5412 hic?
782 5358 922 5412 Audi
945 5358 1090 5427 quod
1122 5356 1407 5427 sequitur:
1439 5352 1552 5424 Ego
1571 5354 1831 5410 Dominus

265 5444 409 5501 Deus
429 5456 613 5501 vester.

367 5660 416 5730 θ’
447 5664 567 5719 Act.
606 5679 667 5730 ιι,
704 5664 791 5719 10-

885 5666 933 5699 ⁸⁸
961 5663 1000 5718 ll
1022 5665 1149 5721 Cor.
1190 5666 1386 5730 111,17.
1465 5663 1773 5721 "Romm.
1802 5663 1893 5718 53.
1971 5664 2018 5694 "
2048 5658 2406 5719 llehr.tv.io.

1942 4565 2019 4609 eo.
2052 4557 2101 4601 et
2143 4548 2365 4618 olj'eretis
2406 4545 2769 4619 holocaustum
2808 4546 3055 4600 Domino.

2007 4636 2126 4690 Non
2162 4644 2246 4690 est
2277 4636 2422 4688 enim
2446 4635 2556 4704 jam
2587 4643 2804 4703 tempus
2841 4650 3008 4704 opera
3061 4635 3281 4690 servilia
3329 4651 3515 4708 agere,

1935 4727 2061 4798 quia
2124 4725 2323 4782 suilicit
2371 4726 2705 4795 praeteritum
2778 4736 2995 4796 tempus
3045 4728 3109 4781 ad
3174 4729 3516 4797 voluntatem

1935 4816 2203 4888 gentium,
2237 4815 2293 4868 in
2327 4830 2435 4885 quo
2458 4824 2607 4885 gesta
2643 4825 2773 4869 sunt
2813 4830 2981 4884 opera
3001 4815 3243 4879 servilia,
3266 4827 3321 4873 et
3346 4820 3517 4874 debe-

1937 4924 2080 4974 mus,
2102 4905 2555 4976 quemadmodum
2611 4889 2961 4960 exhibuimus
3011 4909 3255 4964 membra
3330 4918 3518 4967 nostra

1939 5013 2088 5052 arma
2118 4996 2421 5067 iniquitatis
2452 4996 2519 5049 ad
2547 4996 2910 5066 iniquitatem,
2945 4997 3015 5052 ita
3055 5000 3315 5054 exhibere
3341 5015 3517 5053 mem-

1941 5089 2037 5143 bra
2062 5096 2249 5142 nostra
2272 5101 2421 5142 arma
2464 5088 2714 5158 justitiat,
2746 5089 2800 5142 in
2830 5090 3270 5144 sanctificatione
3298 5089 3362 5143 ⁸³.
3403 5087 3514 5145 Hoc

1939 5189 2022 5235 est
2050 5180 2197 5233 enim
2233 5180 2429 5233 iterum
2460 5179 2858 5236 holocaustum.

2009 5266 2173 5321 Vens.
2212 5266 2405 5320 27-52.
2432 5285 2450 5318 ι
2490 5266 2834 5335 Locutusque
2857 5276 2940 5321 est
2973 5266 3238 5321 Dominus
3277 5265 3342 5320 ad
3362 5263 3515 5339 Moy-

1937 5371 2058 5421 sen,
2112 5356 2348 5410 dicens:
2413 5355 2633 5409 Decimo
2680 5356 2768 5409 die
2815 5356 3020 5408 mensis
3074 5356 3240 5424 hujus
3293 5357 3514 5424 septimi

1936 5445 2055 5502 dies
2093 5445 2469 5516 expiationem
2528 5446 2636 5500 erit
2678 5444 3093 5510 celeberrimus,
3125 5458 3179 5502 et
3227 5445 3517 5504 vocabitur

2516 5660 2601 5718 ³³1
2630 5662 2789 5721 Joan.
2834 5679 2891 5732 It,
2942 5663 3032 5720 18.
3106 5664 3155 5697 ⁸⁵
3179 5661 3294 5720 Jac.
3329 5680 3385 5733 ν,
3416 5662 3471 5723 9.

334 5724 379 5758 "
401 5732 590 5791 Hattlt.
615 5724 690 5802 xi,
711 5735 804 5791 28.
881 5736 929 5770 ι·
962 5736 1093 5791 ibid.
1121 5737 1212 5793 29.
1262 5724 1332 5768 ἰτ
1361 5735 1381 5790 ι
1406 5733 1601 5792 Thess.
1630 5750 1703 5800 tv,
1737 5733 1824 5787 is.

1943 5737 1945 5758 ί
1974 5731 2132 5785 llom.
2157 5746 2232 5798 vt,
2266 5730 2354 5794 l5,
2384 5730 2471 5787 i9.
