3962 6220
369 247 501 310 1091

1562 242 1859 302 IIESYCH
1872 241 1926 301 [Ι
1965 242 2439 303 PRESBYTER!

3479 238 3617 304 1092

364 359 609 415 sanctus,
647 347 1004 420 amigetisque
1031 346 1245 403 animas
1277 353 1490 402 vestras
1523 346 1579 401 in
1620 363 1687 402 eo
1721 347 1931 403 etotl'e-
1961 353 2005 408 Α
2035 348 2239 416 facietis
2276 350 2328 401 in
2362 358 2595 417 tempore
2648 348 2755 402 diei
2820 349 3003 418 hujus.
3058 347 3117 404 ln
3180 350 3616 408 holocautomate

365 443 498 497 retis
529 440 905 495 holocaustum
940 438 1189 494 Domino.
1218 437 1394 493 Omne
1420 454 1559 508 opus
1588 440 1786 493 servile
1832 455 1942 494 non

365 534 577 591 facietis
607 534 662 587 in
685 542 931 602 tempore
961 531 1068 586 diei
1100 532 1285 600 hujus,
1348 531 1473 600 quia
1509 530 1627 585 dies
1677 531 1944 600 propitia-

365 626 531 683 tionis
561 634 666 691 est,
701 635 760 680 ut
793 625 1121 695 propitietur
1165 624 1317 679 vobis
1350 625 1613 679 Dominus
1638 624 1783 678 Deus
1847 638 1945 678 ve-

367 728 499 774 ster.
517 717 707 775 Omnis
729 718 910 772 anima
937 733 1056 787 quae
1078 716 1274 771 alllicta
1299 732 1408 771 non
1430 716 1592 772 fuerit
1619 716 1675 771 in
1710 716 1801 771 die
1819 715 1943 782 hoc,

365 810 568 882 peribit
616 812 684 864 de
733 809 950 879 populis
1008 808 1143 862 suis.
1178 806 1245 860 Et
1300 823 1420 877 quae
1451 807 1633 875 operis
1667 804 1944 875 quippiam

366 894 581 960 fecerit,
614 895 808 949 delebo
824 910 942 949 eam
968 895 1035 951 de
1057 893 1257 964 pepulo
1291 909 1411 948 suo.
1444 894 1595 948 Nihil
1619 909 1748 964 ergo
1764 892 1948 962 operis

367 985 577 1041 facietis
602 987 663 1039 in
693 1001 778 1040 eo.
808 985 1153 1056 Legitimum‘
1199 984 1596 1053 sempiternum
1642 984 1746 1038 erit
1793 982 1948 1038 vobis

368 1076 425 1131 in
450 1076 660 1131 cunctis
686 1075 1135 1146 generationibus
1161 1082 1217 1129 et
1269 1073 1701 1129 habitationibus
1726 1070 1945 1130 vestris,

371 1165 783 1235 Sabbatumque
814 1167 1020 1234 requiei
1052 1174 1173 1231 est;
1203 1165 1450 1235 allligetis
1487 1165 1697 1218 animas
1715 1170 1944 1217 vestras.

370 1255 468 1312 Die
496 1274 638 1311 nono
663 1258 864 1311 mensis
886 1257 1125 1326 septimi.
1150 1272 1181 1311 a
1206 1271 1434 1325 vespere
1452 1270 1624 1325 usque
1650 1254 1719 1309 ad
1751 1267 1949 1322 vespe-

370 1364 491 1402 rum
514 1348 862 1402 celebrabitis
895 1346 1129 1401 Sabbala
1161 1356 1362 1401 vestra.
1405 1364 1424 1397 ι

442 1440 611 1493 Recte
638 1438 834 1492 Paulus
861 1439 1158 1492 Corinthiis
1192 1439 1258 1493 de
1274 1438 1477 1492 Judreis
1530 1435 1748 1506 scripsit
1779 1451 1797 1489 :
1824 1435 1950 1490 Haec

373 1530 549 1583 omnia
571 1530 625 1582 in
661 1529 833 1599 ﬁgura
862 1529 1229 1599 contingebant
1280 1529 1408 1585 illis.
1445 1528 1657 1598 Scripta
1690 1536 1810 1582 sunt
1849 1544 1949 1581 au-

372 1630 476 1674 tem
499 1621 567 1673 ad
588 1629 822 1674 nostram
851 1621 1250 1688 correptionem,
1299 1622 1357 1674 in
1385 1637 1512 1691 quos
1549 1620 1678 1689 fines
1727 1619 1946 1674 saeculo—

370 1725 489 1763 rum
517 1708 831 1764 devenerunt
858 1712 926 1764 ⁵³.
957 1711 1113 1776 Quod
1130 1712 1279 1766 enim
1311 1712 1361 1765 in
1412 1711 1518 1766 line
1550 1711 1737 1766 seaculi
1765 1721 1946 1766 actum
1980 1686 2021 1740 Β

370 1806 457 1852 est
496 1797 791 1853 Salvatoris
816 1801 1156 1869 mysterium,
1190 1818 1312 1871 quae
1334 1811 1390 1855 et
1422 1790 1622 1871 quanta
1645 1817 1711 1854 ex
1727 1817 1793 1856 eo
1832 1802 1947 1855 dis-

373 1896 600 1958 pensata
635 1888 767 1955 sint,
815 1890 978 1959 plane
1018 1906 1115 1959 per
1161 1893 1454 1960 prtesentia
1488 1890 1766 1961 legislator
1786 1891 1952 1961 signi-

372 1978 572 2035 ficavit.
607 1979 747 2046 Quid
776 1998 907 2051 ergo
940 1984 1098 2037 nobis
1118 1984 1319 2047 innuit,
1350 1983 1435 2036 vel
1468 1982 1598 2051 quid
1627 1983 1950 2053 sancitgra-

372 2070 446 2126 tia
467 2069 692 2134 Christi,
716 2080 772 2126 et
802 2073 1117 2142 praedicatio
1150 2071 1301 2142 eius?
1352 2071 1517 2142 Spem
1550 2073 1737 2141 utique
1800 2088 1951 2127 mor-

372 2163 591 2209 tuorum
641 2158 1081 2224 resurrectionis,
1146 2161 1311 2214 vitam
1370 2176 1493 2214 cum
1560 2161 1848 2223 modestia,
1897 2170 1952 2216 et

373 2246 701 2313 humilitate,
737 2258 793 2304 et
815 2249 869 2303 in
899 2250 1144 2305 ciborum
1175 2252 1530 2318 abstinentia,
1565 2261 1620 2305 et
1645 2267 1768 2321 qua:
1791 2252 1950 2305 estin

365 2338 631 2409 despectu
657 2342 1034 2411 praesentium,
1070 2351 1233 2413 atque
1294 2344 1554 2414 despectu
1611 2344 1950 2414 possidendi,

374 2430 606 2501 aliisque
634 2433 931 2489 virtutibus
959 2452 972 2488 :
1007 2450 1143 2505 quas
1200 2445 1442 2507 agentes,
1479 2444 1733 2505 tanquam
1763 2436 1955 2490 incola:

375 2520 479 2576 hac
529 2531 673 2577 terra
705 2525 929 2589 utimur,
972 2533 1159 2595 utpote
1186 2526 1386 2580 nonad
1436 2525 1658 2597 longum
1717 2535 1952 2596 tempus,

374 2613 471 2667 sed
506 2614 571 2667 ad
600 2629 928 2683 perparvum
958 2614 1012 2667 in
1044 2630 1110 2669 eo
1135 2626 1407 2684 ponentes
1437 2617 1954 2687 tabernacula,quia

376 2717 564 2757 eorum
594 2720 715 2771 quae
739 2704 885 2759 dicta
917 2715 1066 2773 sunt,
1089 2707 1521 2775 unumquodque
1565 2707 1619 2761 in
1649 2707 1753 2762 hac
1783 2708 1958 2779 pleni-

376 2795 565 2850 tudine
597 2805 904 2866 temporum
943 2813 1041 2867 per
1063 2798 1435 2869 evangelicam
1472 2799 1641 2853 nobis
1659 2815 1957 2855 conversa

378 2886 581 2941 tionem
608 2887 863 2956 przedicta
890 2896 1040 2941 sunt.
1072 2886 1381 2958 Septimum
1408 2904 1674 2955 mensem,
1699 2889 1788 2943 hic
1808 2892 1954 2944 enim

2042 435 2284 504 quidem,
2312 446 2741 491 consummatam
2768 436 2954 500 vitam,
2987 451 3043 494 et
3066 440 3307 509 perfecte
3338 441 3617 498 inhaeren-

2045 532 2154 579 tem
2185 525 2454 581 Domino:
2486 528 2540 581 in
2567 543 2679 582 non
2740 528 2993 585 faciendo
3043 539 3225 586 autem
3271 548 3437 588 omne
3479 550 3618 604 opus

2047 622 2391 670 terrenarum
2418 633 2645 687 operum
2668 619 3055 674 abstinentiam
3078 622 3323 677 ostendit
3347 640 3363 677 :
3390 638 3522 695 ergo
3560 637 3618 681 et

2043 705 2208 759 nimis
2244 718 2649 776 consequenter
2669 710 2876 765 addidit
2911 729 2924 764 :
2976 710 3115 776 Quia
3150 713 3260 765 dies
3282 714 3620 780 propitiatio-

2047 796 2127 849 nis
2155 805 2250 860 est,
2280 806 2336 849 ut
2357 800 2672 868 propitietur
2702 801 2844 854 vobis
2881 801 3132 854 Dominus
3163 802 3298 855 Deus
3357 813 3545 857 uester.

2118 884 2357 956 Utraque
2385 889 2501 943 haec
2517 890 2836 955 ostendens,
2865 891 2992 960 quia
3048 900 3104 946 et
3137 892 3241 947 hoc
3278 901 3364 948 est
3402 902 3620 963 tempus

2046 978 2115 1032 ad
2169 980 2613 1049 propitiationem
2638 983 2798 1037 nobis
2855 983 3027 1038 aDeo
3048 984 3329 1050 donatum,
3390 986 3446 1038 in
3511 1002 3621 1056 quo

2048 1081 2272 1142 peccata
2323 1087 2515 1128 nostra
2538 1076 2765 1131 veniens
2793 1077 3057 1132 Dominus
3085 1078 3263 1143 diluit,
3292 1087 3347 1132 et
3378 1079 3502 1147 quia
3562 1080 3620 1134 in

2047 1176 2157 1230 quo
2183 1163 2300 1217 haec
2331 1174 2721 1234 exspectamus
2753 1175 2999 1235 tempore
3034 1168 3172 1221 nihil
3202 1168 3464 1223 debemus
3512 1178 3624 1225 ter-

2050 1266 2310 1307 renorum
2341 1269 2525 1324 agere.
2557 1255 2762 1310 Deinde
2799 1257 2971 1327 legem
2995 1259 3346 1327 protrahens,
3386 1269 3442 1314 et
3461 1261 3622 1314 Chrin

2050 1350 2135 1396 sto
2156 1342 2570 1399 advocationem
2625 1348 3004 1418 praebens,qui
3050 1349 3222 1403 dixit:
3248 1350 3446 1405 Discite
3479 1367 3513 1405 a
3544 1367 3624 1407 me

2050 1435 2175 1503 quia
2208 1436 2348 1489 mitis
2378 1452 2493 1489 sum
2512 1446 2559 1490 et
2585 1437 2799 1492 Immitis
2828 1445 3004 1506 corde,
3024 1451 3072 1495 et
3103 1444 3372 1496 invenietis
3397 1445 3627 1513 requiem

2050 1528 2332 1582 animabus
2370 1532 2555 1584 vestris
2576 1531 2619 1563 ⁶⁰
2643 1571 2658 1596 ,
2706 1532 2785 1586 ait
2816 1551 2828 1586 :
2863 1533 3042 1588 Omnis
3073 1536 3255 1589 anima
3290 1551 3408 1606 qute
3431 1537 3624 1605 amicta

2052 1632 2154 1669 non
2184 1617 2344 1685 fuerit
2372 1620 2426 1670 in
2454 1619 2537 1672 die
2565 1619 2679 1685 hoc,
2720 1621 2907 1688 peribit
2939 1620 3003 1674 de
3037 1620 3242 1690 populis
3270 1624 3397 1675 suis.
3434 1622 3626 1691 Neque

2050 1708 2196 1762 enim
2250 1710 2496 1778 sequitur
2535 1709 2837 1774 Christum,
2894 1711 2986 1780 qui
3031 1713 3148 1767 bzec
3204 1712 3464 1777 sancivit,
3495 1712 3628 1767 etin

2052 1810 2262 1855 tantum
2295 1803 2650 1871 semetipsum
2705 1803 3030 1865 bumiliavit.
3084 1815 3146 1859 ut
3204 1803 3405 1859 Paulus
3443 1806 3510 1860 de
3560 1821 3629 1861 eo

2051 1893 2260 1947 diceret
2303 1910 2317 1948 :
2376 1894 2697 1948 llumiliavit
2765 1896 3121 1964 semetipsum,
3172 1898 3343 1968 [actus
3394 1897 3633 1952 obediens

2053 2002 2213 2054 usque
2248 1988 2318 2040 ad
2344 1996 2585 2052 mortem,
2618 1998 2839 2043 mortem
2874 1998 3054 2041 autem
3088 1991 3259 2042 crucis
3283 1991 3349 2042 “.

2122 2077 2227 2132 Sed
2250 2087 2436 2148 etquae
2465 2080 2634 2148 operis
2660 2080 2931 2150 quippiam
2985 2080 3188 2151 fecerit,
3220 2079 3399 2134 delebo
3424 2096 3542 2134 eam
3569 2081 3633 2136 de

2052 2171 2245 2241 populo
2281 2188 2414 2225 meo.
2454 2171 2602 2226 Nihil
2648 2188 2768 2243 ergo
2789 2174 2962 2241 operis
3012 2173 3217 2243 facietis
3240 2173 3296 2225 in
3327 2189 3405 2226 eo.
3433 2172 3635 2244 Legiti-

2056 2280 2202 2318 mum
2231 2265 2607 2332 sempiternum
2628 2265 2726 2317 erit
2750 2264 2891 2317 vobis
2948 2264 3227 2318 incunctis
3276 2265 3634 2334 generationi-

2056 2354 2149 2408 bus
2197 2366 2247 2409 et
2274 2355 2685 2408 habitationibus
2722 2356 2927 2409 vestris.
2961 2356 3050 2409 Sic
3089 2355 3193 2409 hoc
3220 2356 3356 2410 dixit
3379 2365 3636 2424 tanquam

2056 2447 2102 2501 si
2128 2445 2330 2516 populo
2373 2443 2685 2500 Judaeorum
2719 2455 3049 2515 przeceptum
3098 2447 3214 2499 sit:
3252 2446 3530 2499 sicautcm
3576 2459 3638 2500 se

2057 2552 2170 2591 non
2199 2537 2368 2591 habet
2395 2558 2406 2591 :
2433 2535 2690 2590 omnibus
2719 2535 2865 2588 enim
2888 2535 2973 2587 lex
3007 2534 3320 2588 communis
3366 2545 3466 2596 est,
3510 2533 3638 2603 quia

2060 2637 2115 2683 et
2135 2630 2201 2684 ad
2230 2643 2421 2682 omnes
2449 2627 2712 2682 Dominus
2741 2626 2994 2679 dicebat:
3046 2624 3351 2692 Operamini
3405 2641 3507 2678 non
3553 2626 3636 2678 ci-

2057 2720 2179 2773 bum
2207 2720 2297 2788 qui
2322 2719 2457 2786 perit
2489 2717 2553 2779 6',
2577 2714 2715 2769 nihil
2745 2714 2933 2767 volens
2953 2727 3055 2766 nos
3086 2713 3299 2780 operari
3327 2718 3636 2765 terrenum.

2058 2806 2207 2862 Bene
2241 2821 2370 2875 ergo
2393 2815 2448 2858 et
2478 2803 2758 2871 sapienter
2786 2801 3092 2855 custodiam
3154 2799 3462 2853 vacationis
3500 2816 3634 2866 pro-

2060 2901 2259 2955 ducere
2276 2897 2343 2951 ad
2371 2896 2633 2965 majorem
2685 2892 3209 2961 contemplationem
3236 2891 3446 2958 volens,
3477 2891 3636 2947 addi-

377 2990 643 3031 “umerus
698 2978 1230 3033 consummationem
1285 2974 1597 3048 tempbmm
1653 2978 1957 3049 Signiﬁcare
1984 3009 2027 3066 ο
2060 2992 2168 3046 dit:
2193 2989 2481 3044 Sabbatum
2511 2986 2703 3056 requiei
2733 2993 2830 3038 est.
2870 2983 2970 3037 Vel
3000 2982 3144 3037 sicut
3169 2980 3310 3035 LXX
3343 2999 3356 3034 :
3402 2979 3637 3036 Sabbata

379 3068 684 3132 consuevit,
710 3067 963 3121 omnibus
985 3066 1171 3139 ﬁguris
1219 3076 1275 3122 et
1298 3067 1629 3126 Jtccessarie
1663 3081 1956 3133 conserva-

2063 3079 2409 3134 Sabbatorum
2442 3086 2593 3130 erunt
2621 3074 2784 3128 vobis.
2817 3072 2893 3129 Ut
2939 3088 3036 3142 per
3067 3072 3169 3125 hoc
3195 3070 3529 3142 iutelligibile
3551 3073 3635 3123 in-

379 3157 480 3213 vit.
518 3156 776 3212 Dividens
800 3167 983 3213 autem
1008 3174 1090 3222 ea,
1134 3173 1286 3228 spem
1343 3165 1686 3212 mortuorum
1713 3173 1960 3215 resurre-

380 3249 599 3312 ctionis,
624 3264 722 3319 per
746 3251 1068 3305 neomcuias
1091 3249 1308 3319 septimi
1359 3249 1565 3304 mensis
1606 3248 1856 3318 superius
1883 3251 1961 3305 si-

385 3338 682 3409 gniﬁcavit,
736 3339 792 3391 in
856 3355 961 3408 qua
995 3347 1049 3392 et
1080 3339 1333 3393 tubarum
1385 3339 1703 3393 memoriale
1754 3340 1960 3409 posuit,

384 3429 510 3500 quia
540 3429 596 3485 in
660 3431 783 3485 tuba
818 3429 913 3485 Dei
958 3437 1343 3500 exspectamus
1370 3440 1617 3485 mortuos
1651 3447 1959 3502 resurgere.

383 3523 517 3578 Eam
538 3532 743 3588 autem,
770 3540 892 3593 quae
916 3532 999 3578 est
1025 3523 1081 3577 in
1124 3523 1454 3588 humilitate,
1481 3534 1535 3577 et
1562 3523 1808 3578 ciborum
1864 3524 1964 3577 ah-

385 3615 647 3671 stinentia
674 3616 840 3670 vitam
866 3654 880 3678 ,
918 3631 1011 3684 per
1044 3614 1311 3671 decimam
1345 3616 1573 3681 mensis,
1599 3617 1666 3669 de
1691 3631 1797 3685 qua
1813 3632 1964 3670 nunc

385 3707 625 3777 loquitur
658 3709 732 3781 (in
773 3706 1001 3762 transitu
1026 3707 1173 3761 enim
1201 3708 1400 3762 smculo
1423 3708 1523 3772 uti,
1577 3717 1631 3761 et
1665 3707 1869 3761 exitum
1897 3708 1966 3762 de

387 3809 821 3871 eoexspectare,
854 3815 953 3869 per
977 3798 1353 3865 festivitatem,
1372 3814 1534 3868 quam
1561 3815 1591 3852 a
1609 3797 1799 3868 quinta
1819 3797 1967 3853 deci-

387 3907 475 3947 ma
497 3892 759 3961 incipere,
783 3901 905 3961 post
922 3891 1203 3962 paululum
1228 3890 1480 3946 invenies
1499 3905 1625 3944 eum
1640 3879 1961 3959 dicentem),

389 3984 677 4055 signiﬁcat.
710 3984 818 4039 Sed
843 4000 965 4054 quae
998 3984 1280 4054 pertinent
1326 3982 1395 4036 ad
1458 3980 1772 4053 praesentia,
1846 3994 1967 4050 per-

388 4084 719 4128 scrutemur.

463 4165 797 4234 Locutusque
831 4174 903 4219 est
936 4163 1192 4217 Dominus
1222 4162 1293 4215 ad
1342 4161 1556 4231 Moysen
1582 4162 1758 4215 dicens
1783 4177 1802 4214 :
1864 4161 1967 4215 De-

391 4257 525 4310 cimo
563 4259 755 4310 mensis
780 4255 938 4324 hujus
965 4254 1176 4322 septimi
1194 4254 1278 4306 die
1310 4254 1673 4321 expiationum
1695 4253 1794 4305 erit
1830 4252 1966 4305 cele-

2059 3169 2366 3239 telligamus
2416 3168 2738 3231 Sabbatum,
2794 3163 2941 3234 quod
2987 3163 3302 3218 Judaaorum
3341 3161 3642 3216 excedebat

2058 3258 2454 3322 inﬁrmitatem,
2486 3255 2944 3325 quemadmodum
2965 3262 3022 3306 et
3057 3252 3256 3307 Sancta
3277 3260 3593 3307 sanctorum
3623 3269 3640 3312 :

2060 3356 2284 3418 prepter
2307 3345 2452 3415 quod
2477 3344 2556 3398 eis
2582 3358 2686 3396 nec
2706 3342 2943 3395 Sabbata
2974 3347 3151 3393 erant.
3184 3337 3293 3392 Sed
3319 3346 3373 3391 et
3400 3335 3643 3390 cantico-

2064 3455 2183 3494 rum
2214 3437 2470 3502 Cantica;
2496 3450 2608 3489 non
2642 3433 2956 3503 intelligunt
2983 3431 3129 3484 enim
3180 3444 3370 3483 eorum
3413 3442 3535 3496 quae
3566 3426 3642 3481 ibi

2063 3533 2263 3602 scripta
2284 3538 2416 3585 sunt
2437 3529 2717 3584 virtutem.
2746 3527 2814 3579 Et
2838 3539 2997 3579 omne
3020 3521 3164 3592 quod
3203 3519 3506 3577 secundum
3560 3518 3643 3572 le-

2064 3640 2183 3695 gem
2202 3636 2478 3693 anagngen
2505 3619 2720 3688 recipit,
2745 3616 2849 3671 hoc
2872 3615 3136 3670 excedere
3154 3612 3468 3667 indecorum
3485 3625 3643 3665 men-

2064 3728 2220 3770 suras
2250 3711 2640 3778 intelligamus.
2669 3706 2791 3762 Jam
2822 3712 3009 3758 autem
3034 3702 3175 3767 vide,
3208 3702 3410 3771 quibus
3430 3716 3645 3756 sermo-

2063 3801 2226 3855 nibus
2259 3813 2391 3852 usus
2410 3805 2496 3861 est
2519 3813 2532 3847 :
2554 3795 2622 3849 Et
2639 3792 2874 3864 aﬁligetis
2903 3792 3111 3844 animas
3132 3799 3356 3844 vestras.
3384 3789 3481 3843 Die
3510 3803 3647 3843 nono

2064 3893 2256 3947 mensis
2278 3889 2487 3959 septimi
2510 3904 2543 3941 a
2566 3901 2775 3954 vespere
2808 3900 2971 3954 usque
3001 3883 3071 3935 ad
3109 3898 3381 3950 vesperum
3410 3880 3648 3934 celebra-

2066 3981 2187 4035 bitis
2236 3977 2476 4033 Sabbata
2525 3984 2722 4030 uestra.
2768 3971 3112 4042 Recapitulat
3163 3986 3294 4040 ergo
3328 3966 3648 4024 humilitatis

2065 4072 2314 4136 verbum,
2347 4069 2470 4139 quia
2497 4068 2812 4137 frequenter
2838 4064 2969 4119 illud
2985 4064 3238 4118 Christus
3262 4062 3470 4124 docuit,
3489 4060 3647 4130 quasi

2067 4175 2324 4217 coronam
2390 4166 2571 4212 autem
2634 4155 2804 4220 illam,
2873 4160 2931 4206 et
2955 4151 3222 4206 virtutum
3268 4149 3445 4204 basim
3480 4158 3651 4218 atque

2068 4244 2498 4308 subsistentiam,
2527 4241 2787 4312 apostolis
2810 4238 3113 4296 constituit.
3138 4237 3438 4307 lnquisitus
3475 4237 3649 4302 enim,

391 4349 665 4410 berrimus,
701 4358 748 4401 et
782 4346 1052 4401 vocabitur
1097 4354 1330 4411 sanctus,
1393 4344 1731 4415 afﬂigetisque
1753 4343 1963 4399 animas
1997 4344 2040 4398 D
2063 4337 2189 4408 quis
2215 4336 2388 4404 major
2403 4342 2548 4387 esset
2572 4333 2630 4387 in
2657 4347 2827 4403 regno
2858 4330 3146 4394 caelorum,
3178 4329 3464 4399 respondit
3493 4347 3505 4382 :
3530 4326 3654 4393 Qui-

390 4440 744 4496 nestrasineo
772 4441 856 4493 die
907 4455 1042 4492 nono
1091 4438 1285 4491 mensis
1311 4450 1361 4491 a'
1394 4454 1617 4507 vespere.
1666 4438 1967 4494 Ostendere

392 4530 838 4601 propitiationem
871 4530 1033 4594 nobis
1056 4544 1086 4582 a
1144 4529 1386 4596 peccatis
1412 4528 1667 4582 videlicet
1694 4527 1972 4583 liberatio-

390 4637 519 4678 nem
552 4622 608 4676 in
631 4623 958 4688 humilitate,
991 4631 1048 4676 et
1075 4622 1368 4677 alllictione
1399 4619 1594 4673 anima:
1629 4617 1833 4689 acquiri
1886 4618 1968 4673 le-

392 4712 618 4784 gislator
651 4713 946 4767 desiderat.
982 4711 1134 4767 llaiic
1156 4722 1339 4767 autem
1369 4725 1529 4782 agere
1552 4725 1582 4764 a
1619 4724 1850 4778 vespere
1870 4708 1967 4763 de-

392 4807 605 4872 bemus,
633 4805 687 4860 id
718 4814 911 4870 est,ex
951 4804 1066 4873 ipsa
1095 4804 1441 4873 paenitentia,
1493 4803 1637 4857 sicut
1697 4802 1963 4871 incipien-

395 4907 476 4954 tes
518 4916 531 4953 :
566 4897 691 4969 quia
746 4906 802 4951 et
837 4895 1088 4952 Christus
1139 4894 1354 4949 initium
1416 4909 1529 4948 sua:
1567 4892 1969 4963 praedicationis

393 4990 773 5062 paenitentiam
819 4987 969 5055 fecit.
1000 4988 1105 5043 Sed
1159 4986 1499 5057 poenitentiae
1548 4988 1712 5039 vitam
1767 4984 1969 5039 bonam

394 5080 853 5151 supersediﬁcare,
916 5078 1329 5148 perfectamque
1382 5086 1438 5130 et
1489 5075 1784 5130 virtutibus
1830 5089 1968 5129 con-

394 5183 740 5241 summatam,
763 5187 989 5228 necesse
1044 5171 1329 5226 habemus.
1385 5168 1453 5222 Et
1496 5176 1782 5239 propterea
1833 5169 1967 5221 sub-

397 5264 566 5319 didit:

466 5356 535 5413 Ει
563 5358 789 5429 oﬂeretis
827 5356 1193 5412 holocaustum
1226 5352 1469 5408 Domino.
1497 5350 1663 5407 Omne
1689 5366 1816 5420 opus
1871 5365 1976 5403 non

469 5554 516 5588 "
553 5552 571 5606 ι
602 5553 733 5607 Cor.
759 5553 941 5619 1,“.

1019 5554 1064 5585 ⁸⁸
1080 5554 1271 5609 Matth.
1304 5568 1382 5620 ιι,
1412 5549 1503 5605 29.

403 5636 480 5685 vr,
496 5622 588 5688 25,
606 5622 697 5674 28.

1619 5550 1661 5582 οι
1688 5546 1892 5618 Philip.
1933 5561 1996 5615 ιι,
2020 5545 2074 5603 8.

2066 4442 2270 4497 cunque
2308 4425 2664 4479 humiliaverit
2694 4439 2749 4477 se
2779 4423 2915 4475 sicut
2958 4420 3214 4491 parvulus
3240 4421 3346 4486 Ιιίτ,
3365 4421 3464 4474 iste
3477 4419 3653 4488 major

2072 4529 2148 4575 est
2175 4521 2232 4573 in
2263 4534 2422 4589 regno
2444 4516 2709 4571 caelorum.
2743 4514 2899 4581 Quod
2922 4523 3103 4570 autem
3138 4512 3271 4568 dixit
3303 4529 3316 4567 :
3351 4511 3397 4567 A
3426 4525 3654 4582 vespere

2069 4626 2243 4683 usque
2261 4610 2329 4665 ad
2357 4624 2666 4680 vespermn,
2698 4616 2887 4678 aperte
2921 4606 3159 4661 volentis
3197 4614 3284 4660 est
3305 4620 3527 4675 semper
3553 4621 3652 4660 su-

2072 4704 2413 4776 perﬂuorum
2470 4711 2527 4756 et
2553 4717 2818 4777 vanorum
2866 4699 3207 4755 vacationem
3243 4699 3470 4753 studeri.
3500 4696 3656 4753 Unde

2074 4797 2336 4852 Dominus
2362 4810 2466 4849 nec
2508 4808 2733 4848 causam
2789 4791 2974 4847 dicere
3050 4790 3349 4854 concedit;
3397 4789 3659 4859 praecepit

2072 4889 2434 4956 enim,neque
2451 4886 2518 4940 de
2547 4884 2753 4947 tunica,
2768 4897 2946 4952 neque
2969 4882 3038 4936 de
3060 4890 3211 4937 veste
3233 4880 3446 4950 litigare
3466 4879 3540 4944 “,
3561 4878 3658 4933 sed

2070 4994 2178 5034 nec
2197 4978 2438 5049 cogitare
2458 4974 2593 5044 quid
2633 4974 2979 5038 comedatur,
3007 4980 3103 5027 aut
3137 4971 3269 5041 quid
3300 4971 3541 5034 bibatur,
3564 4979 3663 5023 aut

2069 5070 2200 5140 quid
2234 5070 2496 5124 vestiatur
2525 5066 2591 5133 “,
2621 5081 2809 5120 verum
2847 5065 2964 5136 ipse
3022 5064 3250 5127 docens,
3312 5070 3366 5117 et
3393 5061 3659 5117 Sabbato-

2071 5178 2192 5218 rum
2239 5161 2573 5217 annuntians
2600 5159 2920 5225 Sabbatum,
2977 5157 3032 5211 in
3052 5173 3162 5227 quo
3181 5170 3343 5211 omne
3366 5164 3567 5221 cessat,
3607 5163 3664 5208 et

2081 5255 2195 5312 sola
2224 5271 2346 5324 quae
2380 5253 2474 5309 Dei
2501 5262 2649 5318 sunt,
2703 5252 3091 5317 ostenduntur,
3149 5250 3263 5305 sola
3308 5249 3664 5320 porriguntur

2082 5363 2203 5418 qua:
2223 5345 2375 5402 utilia
2402 5353 2550 5411 sunt,
2577 5352 2742 5416 autne
2768 5345 3071 5415 expediunt
3098 5343 3316 5398 animae.

2181 5545 2226 5576 “
2249 5541 2408 5600 Joan.
2444 5562 2519 5613 vr,
2540 5545 2631 5600 Ξῖ.
2734 5544 2779 5577 ⁸³
2810 5542 3002 5599 Matth.
3032 5559 3189 5611 xvm,
3220 5542 3275 5597 4.
3383 5540 3429 5573 ⁸⁸
3470 5538 3667 5597 Matth.
