3962 6220
306 342 439 408 1693

1444 333 1527 392 ΙΝ
1572 327 2011 392 LEVITICUM.
2036 357 2105 372 -ο
2143 331 2289 393 LIB.
2327 329 2443 395 VI.

3427 341 3566 408 1094

367 459 531 513 Vens.
571 451 758 509 55-36.
797 471 817 504 r
872 453 940 507 Et
965 453 1178 505 locutus
1216 456 1301 504 est
1338 447 1603 501 Dominus
1625 446 1694 500 ad
1724 445 1872 516 Moy-
1905 451 1947 507 Α
1977 447 2304 517 initiumque
2351 448 2470 518 ejus
2509 460 2563 504 et
2602 449 2770 505 basis.
2818 448 3036 506 Primus
3107 453 3352 523 qttidcm,
3417 458 3564 515 sic.“

297 564 417 611 seu,
441 545 633 600 dicens
667 562 679 598 :
713 545 962 611 L’oquere
989 541 1115 596 ﬁliis
1148 540 1359 594 Israel:
1397 541 1440 590 A
1480 538 1675 607 quinto
1719 536 1873 591 deci-

297 655 390 695 mo
417 638 504 693 die
535 637 740 691 mensis
779 637 941 705 hujus
973 632 1212 703 septimi,
1243 638 1402 686 erunt
1440 629 1589 684 feriae
1618 629 1878 683 taberna-

300 728 547 782 culorum
570 734 779 794 septem
804 724 997 777 diehus
1027 720 1280 774 Domino.
1315 717 1440 773 Dies
1476 717 1686 786 primus
1712 731 1878 771 voca-

299 821 450 876 bitur
483 816 875 871 celeberrimus
897 822 1059 883 atque
1090 809 1486 866 sanctissimus.
1536 807 1710 862 Omne
1737 822 1878 876 opus

303 911 503 967 servile
515 923 628 963 non
657 906 886 971 facietis,
912 914 967 959 et
989 911 1199 973 septem
1240 901 1433 956 diebus
1494 897 1742 953 oﬂ'eretis
1773 898 1877 953 ho-

304 1004 548 1058 locausta
581 998 831 1053 Domino.
867 997 991 1051 Dies
1011 1009 1228 1064 quoque
1248 1003 1478 1048 octavus
1502 991 1608 1046 erit
1635 990 1880 1045 celeber-

305 1090 482 1146 rimus
509 1098 672 1159 atque
694 1085 1091 1148 sanctissimus,
1123 1093 1179 1138 et
1225 1082 1470 1137 oﬂeretis
1501 1081 1878 1143 holocaustum

307 1180 560 1235 Domino.
592 1179 687 1232 Est
701 1177 844 1231 enim
869 1184 1045 1229 cretus
1071 1181 1236 1243 atque
1264 1174 1512 1227 collecta.
1537 1172 1711 1226 Omne
1741 1184 1880 1240 opus

296 1270 504 1327 servile
530 1283 641 1322 non
671 1266 883 1321 facietis
909 1266 963 1318 in
994 1280 1079 1319 eo.
1120 1282 1140 1315 ι

381 1361 479 1415 llic
510 1372 773 1427 usurpare
790 1356 1115 1425 sapientiam
1150 1354 1333 1410 saeculi
1389 1363 1445 1408 et
1502 1353 1879 1409 transitorium

309 1453 429 1521 ejus
456 1464 641 1512 nosse,
667 1455 723 1501 et
757 1445 1077 1515 temporale,
1115 1459 1226 1498 non
1252 1444 1429 1498 solum
1481 1445 1559 1499 ait
1606 1444 1885 1514 legislato-

309 1558 425 1598 rem
463 1539 792 1612 signiﬁcare,
824 1537 992 1592 sedet
1020 1543 1275 1605 oportere
1329 1535 1547 1590 oculum
1581 1536 1784 1589 habere
1814 1535 1883 1589 ad

310 1634 571 1689 saeculum
602 1629 870 1684 futurum.
896 1624 1011 1681 Hoc
1057 1639 1189 1695 ergo
1214 1633 1270 1678 et
1324 1638 1422 1694 per
1459 1639 1768 1688 numerum,
1829 1633 1885 1679 et

309 1738 409 1795 per
438 1720 784 1778 tabernacula
808 1717 927 1773 sine
957 1715 1136 1786 aliqua
1184 1716 1523 1771 dubitatione
1549 1715 1792 1769 invenies
1817 1715 1880 1769 li-

1978 536 2305 606 principium
2329 537 2383 591 in
2414 537 2634 594 Christo
2662 541 3114 607 conversationis,
3171 551 3226 597 et
3275 548 3561 603 exordium

1978 616 2290 683 futurorum
2322 638 2426 683 est.
2454 628 2689 685 Octavus
2710 641 2914 697 autem,
2945 642 3007 687 ut
3034 633 3125 703 qui
3162 646 3416 703 presenti
3437 636 3564 691 sue-

1979 720 2126 774 cedit
2178 723 2380 776 steculo
2422 737 2586 792 quem
2642 725 2905 792 septimus
2949 741 3212 780 numerus
3256 728 3564 797 significare

1980 811 2199 865 dicitur.
2230 810 2338 867 Sed
2360 821 2414 867 et
2450 813 2492 867 si
2524 812 2752 885 quisbic
2770 814 2985 868 sicutin
3032 817 3386 871 tabernaculo
3415 818 3562 873 habi-

1982 905 2079 964 tat,
2104 911 2161 976 et
2183 899 2324 954 sicut
2362 902 2739 970 pertransiens
2795 903 3080 968 mundum,
3109 905 3197 960 hic
3229 906 3364 961 vivit
3401 924 3415 962 :
3452 907 3562 962 iste

1982 989 2083 1043 etsi
2116 989 2357 1043 necdum
2380 1006 2461 1055 re,
2487 1001 2667 1045 tamen
2690 991 2767 1045 rei
2801 991 3000 1046 virtute
3030 993 3141 1062 jam
3188 992 3428 1049 futurum
3461 1012 3565 1051 sa:-

1981 1080 2165 1133 culnm
2189 1080 2355 1135 habet
2382 1081 2471 1136 :id
2497 1096 2685 1151 agens,
2736 1082 2879 1152 quod
2902 1098 3080 1152 neque
3133 1084 3201 1138 ad
3270 1088 3558 1142 materiam

1982 1172 2244 1241 pertinet,
2281 1188 2459 1242 neque
2507 1174 2574 1227 ad
2626 1173 3079 1244 inquietudinem,
3114 1178 3260 1246 quod
3288 1178 3434 1234 illius
3482 1189 3569 1236 est

1985 1265 2264 1334 proprium
2301 1275 2525 1334 propter
2549 1266 2693 1334 quod
2720 1274 2776 1320 et
2823 1266 3088 1321 Dominus
3154 1270 3438 1338 apostolis,
3479 1279 3568 1325 ut-

1984 1366 2114 1424 pote
2161 1356 2324 1410 talem
2360 1356 2731 1411 haereditatem
2768 1358 3093 1428 eligentibus
3137 1361 3279 1426 vitae,
3304 1362 3520 1418 dicebat
3550 1381 3566 1416 :

1985 1447 2221 1516 Regnum
2250 1447 2347 1501 Dei
2374 1448 2518 1501 intra
2551 1465 2640 1502 vos
2666 1457 2742 1501 est
2778 1450 2842 1503 ⁵⁸.
2876 1448 3070 1505 Sedet
3100 1452 3230 1506 illud
3261 1454 3566 1508 secundum

1986 1536 2127 1591 LXX
2158 1537 2458 1592 notandum
2490 1547 2592 1597 est,
2627 1539 2753 1608 quia
2810 1541 3049 1609 primum
3069 1544 3288 1610 quidem
3320 1546 3570 1600 vocalem

1985 1636 2233 1684 sanctum
2267 1631 2387 1683 sine
2405 1629 2777 1684 additamento
2807 1638 2861 1684 et
2913 1630 3267 1688 distinctione
3324 1635 3573 1689 nomina-

1988 1718 2086 1772 vit.
2112 1717 2186 1771 De
2210 1729 2406 1773 octavo
2431 1726 2613 1772 autem
2640 1720 2883 1772 vocalem
2934 1732 3186 1796 sanetum
3222 1723 3434 1788 dicens,
3472 1726 3572 1778 ad-

298 1789 588 1888 quratum;
619 1812 819 1878 Quinta
855 1809 1064 1863 decima
1121 1807 1388 1877 siquidem
1414 1807 1502 1862 die
1531 1807 1773 1862 inchoari
1804 1805 1887 1861 fe-
1918 1789 1961 1844 Β
1989 1809 2149 1874 didit,
2174 1809 2274 1862 erit
2299 1809 2461 1875 vobis,
2496 1817 2556 1863 ut
2584 1810 2729 1879 quod
2746 1810 2881 1864 dixit
2911 1828 2924 1865 :
2966 1789 3087 1877 erit,
3118 1828 3185 1866 ex
3221 1829 3288 1868 eo
3324 1813 3573 1870 futurum

310 1908 606 1965 stivitatem
640 1901 916 1973 praecepit.
950 1900 1032 1952 Ex
1082 1906 1292 1968 septem
1334 1907 1516 1953 autem
1540 1906 1597 1952 et
1628 1904 1752 1952 octo
1796 1898 1890 1952 hic

314 2005 398 2053 est
450 2008 711 2051 numerus
761 1988 1118 2060 compositus,
1175 2003 1406 2058 quorum
1483 2001 1625 2041 unus
1669 1985 1888 2056 quidem

298 2094 558 2160 praesens
578 2085 860 2149 saeculum,
877 2084 1014 2138 alter
1026 2090 1210 2137 autem
1242 2079 1437 2149 ﬁgurat
1453 2078 1719 2132 futurum.
1737 2076 1892 2131 Unde

315 2194 372 2239 et.
407 2181 754 2237 festivitatem
794 2186 1002 2248 septem
1063 2175 1256 2231 diebus
1285 2171 1651 2229 consummari
1706 2170 1896 2241 praeci-

301 2278 495 2347 piens,
553 2276 690 2329 alios
715 2288 905 2327 rursus
972 2272 1092 2326 dies
1119 2269 1507 2324 celeberrimos
1556 2275 1717 2334 atque
1765 2280 1896 2319 san-

317 2368 593 2423 ctissimos
632 2361 1104 2425 commemoravit,
1136 2369 1193 2414 et
1222 2373 1325 2412 nec
1366 2356 1734 2424 dinumeravit
1774 2369 1896 2409 eam

304 2474 441 2514 cum
490 2464 725 2524 septem,
761 2451 854 2504 sed
888 2451 1073 2520 posuit
1104 2457 1444 2518 sequentem,
1465 2455 1519 2501 et
1537 2459 1798 2501 semotam
1828 2447 1898 2500 ab

318 2550 461 2612 aliis,
489 2546 630 2599 sicut
668 2547 911 2597 futurum
945 2540 1203 2594 saeculum
1230 2538 1481 2605 sequitur
1509 2537 1727 2605 quidem
1752 2553 1897 2607 pne-

319 2654 465 2699 sens,
498 2635 645 2690 aliud
682 2642 862 2688 autem
895 2645 1056 2701 quam
1088 2631 1192 2684 hoc
1212 2639 1316 2683 est.
1351 2629 1573 2697 Septem
1596 2643 1727 2699 ergo
1779 2629 1896 2683 die.

320 2730 425 2783 bus
438 2727 787 2782 festivitatem
808 2721 1307 2777 Tabernaculornm
1324 2721 1636 2791 appellavit.
1654 2719 1898 2786 Quicun-

321 2835 430 2893 que
459 2819 605 2874 enim
642 2826 703 2872 ut
733 2813 1091 2871 tabernaculo
1140 2820 1413 2881 praesente
1449 2811 1655 2867 mundo
1706 2812 1897 2880 utitur,

322 2914 412 2969 hic
440 2911 791 2968 festivitatem
846 2908 899 2960 in
935 2920 1003 2960 eo
1068 2904 1291 2968 habere,
1355 2911 1411 2956 et
1457 2903 1626 2957 lactari
1679 2913 1902 2975 propter

324 3003 491 3062 futuri
537 2997 1005 3070 exspectationem
1057 3003 1260 3065 potest,
1294 3002 1351 3049 et
1393 2994 1707 3064 quicunque
1776 2994 1898 3060 scit,

1989 1900 2340 1970 signiﬁcaret,
2370 1899 2778 1955 distinctionem
2808 1911 2990 1955 autem
3044 1902 3186 1971 ejus,
3216 1903 3361 1973 quod
3412 1903 3573 1968 dixit,

1995 1992 2157 2053 vobis,
2194 1991 2511 2045 ostenderet
2533 2010 2545 2044 :
2565 1990 2691 2061 quia
2716 1991 2924 2060 primus
2956 1992 3177 2061 quidem
3208 1993 3461 2050 omnibus
3478 2009 3574 2047 vo-

1990 2083 2123 2137 calis
2147 2089 2438 2137 ctsanctus
2486 2093 2591 2149 est,
2634 2083 2762 2153 quia
2814 2098 3006 2138 omnes
3054 2084 3141 2138 hic
3172 2093 3225 2138 et
3247 2083 3364 2139 sine
3389 2084 3581 2140 distin-

1994 2174 2203 2239 ctione,
2229 2173 2297 2227 ad
2325 2173 2833 2237 sanctiﬁcationcm,
2889 2183 2943 2229 et
2963 2174 3029 2229 ad
3075 2175 3215 2230 bene
3257 2175 3577 2245 vivendum,

1994 2274 2050 2319 et
2079 2264 2144 2318 ad
2179 2280 2400 2319 cursum
2425 2264 2756 2320 hereditatis
2786 2265 3094 2321 futurorum
3129 2267 3399 2322 bonorum
3467 2268 3578 2322 Do-

1995 2360 2181 2413 minus
2200 2358 2453 2422 ‘vocavit,
2477 2374 2601 2412 nam
2652 2367 2707 2413 et
2736 2359 2854 2413 sine
2879 2360 2984 2414 ulla
3006 2360 3357 2415 distinctione
3379 2362 3577 2432 praedi-

1995 2449 2158 2504 cabat
2191 2467 2204 2503 :
2244 2450 2423 2504 Venite
2446 2450 2519 2502 ad
2543 2466 2623 2502 me
2650 2465 2844 2513 omnes,
2875 2453 2964 2518 qui
2994 2450 3268 2515 laboratis,
3297 2460 3345 2505 et
3375 2454 3579 2506 onerati

1996 2539 2138 2602 estis,
2175 2549 2221 2592 et
2250 2556 2343 2610 ego
2376 2539 2611 2608 reﬁciam
2635 2555 2724 2593 vos
2767 2541 2832 2593 ".
2872 2541 2930 2595 ln
2961 2541 3146 2595 futuro
3168 2551 3350 2597 autem
3368 2546 3580 2600 vocatio

1996 2630 2336 2685 hacreditatis
2368 2631 2660 2691 bonorum,
2691 2646 2802 2684 non
2838 2633 3077 2686 omnium
3111 2643 3216 2695 cst,
3250 2635 3344 2687 sed
3362 2649 3576 2700 eorum,

1998 2722 2093 2793 Qui
2116 2729 2439 2792 praesentem
2471 2722 2813 2776 vocationem
2880 2733 3262 2794 susceperunt,
3315 2734 3370 2780 et
3398 2727 3581 2781 taber-

2004 2813 2320 2868 naculorum
2350 2813 2723 2878 festivitatem,
2756 2814 3001 2869 scientes
3054 2817 3181 2886 quia
3241 2819 3485 2888 praaterit
3525 2818 3585 2872 li-

2002 2919 2134 2974 gura
2184 2904 2351 2974 hujus
2412 2905 2622 2968 mundi,
2696 2905 3097 2961 custodierunt.
3159 2908 3390 2979 Propter
3434 2912 3582 2981 quod

2004 2997 2149 3050 vobis
2171 2997 2313 3052 dixit
2361 2996 2465 3051 illis
2507 2997 2856 3064 exclamans,
2905 3000 2997 3067 qui
3036 3000 3113 3054 sic
3135 3002 3410 3057 vixerunt.
3455 3003 3583 3060 llaec

321 3095 448 3165 quia
476 3092 526 3149 si
554 3102 774 3146 terrena
800 3079 1013 3142 domus'
1048 3084 1404 3139 habitationis
1436 3084 1600 3155 hujus
1645 3084 1907 3140 dissolva-
1933 3129 1978 3186 ο
2010 3104 2069 3143 se
2096 3089 2166 3143 ita
2211 3088 2434 3173 habere,
2486 3089 2603 3158 ipse
2630 3088 2827 3143 iterum
2855 3090 3131 3145 ostendit:
3159 3093 3252 3161 qui
3279 3094 3427 3148 enim
3491 3095 3583 3151 hic

320 3196 433 3247 tur,
456 3181 742 3237 :edilicatio
780 3194 890 3233 non
924 3175 1236 3231 manufacta
1265 3190 1391 3229 eum
1424 3176 1478 3228 in
1521 3175 1676 3231 cmlis
1728 3176 1905 3230 susci-

323 3275 454 3346 piat.
483 3272 721 3327 Primam
756 3276 941 3324 autem
1001 3276 1211 3338 septem
1245 3266 1458 3321 dierum
1487 3266 1904 3321 celeberrimam

314 3363 920 3438 atquesanctissimam
946 3358 1261 3431 appellavit.
1321 3358 1424 3424 Qui
1460 3358 1608 3412 enim
1640 3357 1905 3428 scitprae-

323 3460 571 3516 sentibus
617 3466 877 3527 tanquam
912 3453 1267 3510 tabernaculo
1313 3452 1413 3513 uti,
1453 3452 1626 3522 prima
1655 3451 1794 3517 dies,
1850 3452 1904 3507 id

322 3560 409 3609 est
436 3551 656 3606 initium
697 3558 753 3603 et
774 3546 1105 3618 principium
1166 3560 1196 3599 a
1252 3543 1686 3599 sanctificatione
1740 3559 1905 3600 voca-

329 3647 493 3699 tionis
526 3641 739 3709 incipit,
775 3647 1067 3709 propterea
1087 3644 1142 3690 et
1166 3636 1332 3690 nimis
1358 3647 1767 3705 consequenter
1796 3636 1900 3690 ait:

325 3735 489 3790 Omne
519 3748 648 3801 opus
665 3729 849 3783 servile
878 3744 981 3781 non
1000 3727 1226 3797 facietis.
1256 3725 1393 3792 Quia
1430 3727 1564 3780 nulli
1611 3727 1667 3780 in
1706 3728 1905 3781 sreculo

327 3824 596 3885 serviunt,
617 3819 711 3890 qui
737 3829 997 3886 tanquam
1041 3816 1453 3870 tabernaculum
1498 3824 1555 3869 et
1592 3817 1905 3870 transitoria

325 3933 389 3973 ea
416 3930 538 3986 qua:
570 3915 626 3968 in
657 3927 725 3967 eo
754 3919 902 3974 sunt,
939 3908 1250 3963 attendunt.
1282 3906 1457 3961 Sedet
1491 3916 1694 3976 septem
1713 3906 1906 3962 diebus

321 4007 642 4064 holocausta
680 4000 865 4056 ollerri
896 3997 1182 4068 praecepit,
1208 3996 1505 4051 ostendens
1523 4005 1780 4066 oportere
1804 4012 1903 4067 per

326 4114 491 4156 omne
541 4106 755 4165 tempus
812 4088 1110 4163 perfectam
1181 4087 1653 4144 conversationem
1724 4088 1902 4157 sequi.

325 4191 556 4260 Quando
610 4203 739 4258 ergo
789 4186 873 4240 sic
921 4189 1248 4254 praesentem
1303 4180 1472 4235 vitam
1507 4180 1899 4248 percurrimus,

324 4296 460 4341 tunc
520 4278 937 4335 celeberrimum
985 4283 1148 4344 atque
1202 4270 1607 4326 sanctissimum
1649 4279 1900 4325 octavum

327 4376 497 4438 diem,
535 4371 782 4427 seculum
798 4367 1053 4423 videlicet
1072 4364 1315 4420 futurum
1344 4362 1631 4426 habemus,
1665 4368 1902 4416 vocante

2011 3182 2191 3236 dixit:
2228 3182 2402 3236 Venite
2424 3164 2501 3235 ad
2536 3199 2616 3236 me
2638 3198 2816 3236 omnes
2838 3184 2926 3254 qui
2950 3183 3227 3250 laboratis,
3275 3195 3325 3240 et
3376 3189 3582 3242 onerati

2006 3275 2154 3339 estis,
2185 3282 2235 3327 et
2274 3290 2366 3344 ego
2411 3274 2646 3342 reﬁciam
2671 3290 2781 3338 vos,
2819 3275 2874 3328 in
2909 3276 3151 3346 requiem
3182 3276 3439 3333 videlicet
3490 3280 3582 3334 fu-

2008 3369 2152 3427 turi,
2191 3365 2269 3420 sic
2294 3381 2484 3421 rursus
2513 3367 2759 3437 quaedam
2809 3368 2941 3423 dicit
2973 3368 3040 3423 de
3071 3367 3258 3424 futuro
3290 3386 3303 3423 :
3375 3370 3579 3435 Venite,

2004 3457 2259 3511 benedicti
2306 3457 2488 3513 Patris
2521 3460 2638 3526 mei,
2690 3462 2943 3531 percipite
3002 3478 3219 3531 regnum
3267 3464 3405 3533 quod
3442 3466 3583 3520 vobis

2005 3559 2369 3619 praeparatum
2399 3551 2575 3605 est”:
2609 3552 2941 3609 subtrahens
2992 3553 3098 3608 hoc
3145 3555 3290 3623 quod
3345 3554 3581 3624 dixerat,

2006 3658 2183 3695 omnes
2232 3657 2251 3695 :
2313 3643 2439 3711 quia
2497 3643 2651 3697 multi
2713 3645 2923 3714 quidem
2980 3647 3174 3711 vocati,
3250 3648 3409 3714 pauci
3460 3664 3582 3701 vero

2006 3733 2157 3785 electi
2183 3733 2248 3784 δ’.

2077 3821 2243 3876 Vens.
2273 3822 2363 3880 57.
2396 3821 2483 3875 58.
2518 3839 2537 3871 t
2577 3820 2668 3876 Hae
2704 3833 2830 3877 sunt
2866 3822 3016 3878 ierim
3042 3823 3281 3890 Domini,
3317 3841 3454 3895 quas
3487 3844 3583 3882 vo-

2006 3912 2204 3966 cabitis
2229 3911 2617 3964 celeberrimas
2666 3920 2833 3980 atque
2859 3914 3255 3979 sanctissimas,
3309 3918 3582 3974 oll'eretis—

2004 4017 2112 4072 que
2154 4001 2211 4055 in
2261 4003 2341 4056 eis
2373 4001 2680 4056 oblationes
2718 4000 2953 4057 Domino
3007 4005 3322 4063 holocausta
3361 4018 3418 4064 et
3449 4010 3585 4066 liba-

2006 4103 2207 4159 menta,
2232 4093 2388 4162 juxta
2419 4093 2583 4148 ritum
2613 4093 3042 4166 uniuscujusque
3067 4097 3195 4159 diei,
3230 4101 3584 4171 exceptisque

2007 4186 2254 4241 Sabbatis
2293 4185 2527 4250 Domini,
2552 4185 2820 4256 donisque
2868 4188 3065 4242 vestris
3090 4197 3147 4243 et
3173 4205 3296 4259 qua:
3339 4191 3584 4249 olferetis

2007 4294 2072 4334 ex
2103 4286 2250 4341 voto,
2285 4278 2366 4332 vel
2391 4293 2514 4347 quae
2536 4286 2732 4345 sponte
2764 4277 3006 4334 tribuitis
3035 4278 3292 4336 Domino.
3341 4301 3362 4335 ι

2075 4368 2207 4423 Vide
2260 4369 2378 4422 illas
2408 4368 2733 4437 apostolicas
2774 4384 2939 4425 voces
2982 4388 2994 4426 :
3051 4371 3267 4443 Semper
3318 4379 3581 4446 gaudete,

326 4481 431 4521 nos
460 4465 514 4519 in
547 4468 849 4534 praeparata
900 4457 1105 4514 sanctis
1131 4457 1293 4519 bona,
1341 4471 1408 4509 eo
1445 4454 1536 4525 qui
1589 4469 1691 4509 nos
1735 4462 1790 4509 et
1843 4454 1901 4510 in
1935 4478 1979 4533 ι)
2007 4461 2119 4515 sine
2157 4460 2545 4513 intermissione
2569 4470 2739 4527 orate,
2764 4461 2819 4514 in
2861 4463 3099 4517 omnibus
3134 4467 3339 4535 gratias
3360 4468 3500 4537 agite
3515 4469 3584 4522 "°.

329 4558 433 4612 bac
453 4553 868 4611 cunversatione
896 4550 1136 4606 vocavit:
1189 4564 1314 4602 nam
1342 4556 1399 4602 et
1444 4545 1589 4600 LXX
1611 4547 1689 4601 sic
1714 4547 1904 4602 edide-

332 4657 492 4703 runt:
509 4647 632 4701 Dies
647 4654 859 4699 octavus
874 4643 1069 4696 uocalis
1088 4648 1302 4694 sanctus
1319 4639 1440 4693 erit.
1459 4637 1612 4692 Tunc
1629 4653 1760 4709 ergo
1780 4639 1909 4695 olfe-

330 4744 501 4796 rimus
526 4740 840 4793 holocausta
862 4734 1091 4789 Domino
1114 4748 1235 4802 quae
1270 4734 1360 4786 hic
1383 4733 1905 4801 prmparaverimus.

403 4833 496 4888 Est
553 4831 690 4886 enim
745 4838 906 4882 cretus
930 4836 1087 4895 atque
1110 4824 1350 4878 collecta.
1412 4821 1505 4877 Vel
1539 4823 1682 4878 sicut
1714 4824 1859 4878 LXX
1890 4844 1903 4880 :

332 4924 594 4994 Egressus
623 4930 721 4986 est,
767 4918 893 4988 quia
927 4916 1056 4971 hinc
1081 4917 1282 4978 exitus,
1328 4914 1439 4970 illic
1476 4914 1743 4969 habitatio
1798 4926 1902 4980 est,

331 5015 475 5069 sicut
502 5014 577 5068 ait
599 5012 799 5067 Paulus
840 5026 852 5062 :
885 5008 1053 5079 Cupio
1075 5006 1287 5069 dissolvi
1335 5016 1383 5060 et
1414 5022 1524 5060 esse
1593 5023 1709 5060 cum
1748 5006 1908 5061 Chri-

332 5107 494 5160 sto“.
525 5105 699 5161 Omne
724 5118 863 5175 opus
888 5102 1086 5158 servile
1120 5115 1232 5155 non
1283 5099 1571 5161 faciemus,
1603 5102 1731 5168 quia
1765 5100 1909 5155 sicut

332 5198 511 5269 angeli
552 5198 643 5252 Dei
698 5206 945 5267 tempore
994 5194 1089 5248 illo
1142 5192 1368 5248 erimus.
1420 5189 1524 5245 Sed
1550 5191 1732 5245 ethoc
1752 5200 1903 5257 nota,

332 5288 611 5359 quomodo
663 5289 853 5343 eadem
899 5286 968 5341 de
996 5286 1179 5355 primo
1217 5293 1273 5336 et
1334 5292 1529 5337 octavo
1559 5280 1714 5346 dicit,
1780 5282 1908 5351 quia

334 5382 502 5438 unius
522 5380 926 5451 quodammodo
951 5388 1183 5447 uterque
1219 5373 1434 5429 virtutis
1470 5379 1622 5438 sunt,
1661 5386 1911 5428 resurre-

334 5473 535 5532 Ctionis
566 5475 767 5544 quippe
782 5473 899 5528 dies
912 5484 1037 5542 quae
1060 5478 1143 5525 est
1174 5467 1479 5524 substantia
1508 5465 1679 5521 futuri
1699 5465 1925 5533 saculi,

2006 4548 2261 4605 Consona
2302 4549 2560 4605 videntur
2632 4566 2756 4605 esse
2817 4552 2931 4605 haec
2959 4555 3320 4621 prmsentibus
3341 4556 3588 4615 Mosaicae

2008 4643 2305 4719 sanctionis
2331 4645 2533 4699 verbis.
2566 4643 2707 4699 Ecce
2758 4644 2904 4697 enim
2936 4644 3262 4703 festivitates
3322 4651 3587 4719 quasdam

2009 4718 2316 4808 praecipuas
2343 4736 2621 4807 legislator
2645 4751 2948 4806 exponens,
2993 4754 3129 4808 quas
3193 4751 3249 4795 et
3293 4718 3586 4799 celeberri-

2010 4845 2129 4884 mas
2163 4838 2328 4899 atque
2364 4837 2581 4884 sanctas
2621 4830 2947 4897 nominavit,
3005 4832 3424 4901 permiscuiteis
3447 4850 3589 4905 quo:

2011 4924 2215 4979 tidiana
2244 4923 2505 4978 libamina
2530 4932 2583 4977 et
2614 4923 2906 4978 sacrificia.

2083 5011 2185 5067 Ha:
2209 5020 2331 5066 sunt
2353 5012 2489 5065 enim
2516 5013 2666 5083 ferite
2699 5011 2912 5066 Domini
2964 5030 3098 5084 quas
3147 5017 3398 5070 uocabitis
3452 5015 3591 5070 cele-

2010 5103 2266 5157 berrimas
2283 5112 2441 5169 atque
2460 5103 2842 5158 sanctissimas.
2877 5104 2943 5159 Et
2971 5120 3095 5159 cum
3151 5105 3591 5175 oporterethanc

2009 5202 2105 5247 aut
2128 5192 2273 5246 illam
2297 5193 2503 5260 dicere,
2536 5209 2645 5248 non
2671 5194 2750 5250 sic
2772 5194 2927 5258 dixit,
2963 5195 3057 5250 sed
3088 5195 3330 5250 subdidit
3357 5195 3593 5267 κοπετο-

2013 5285 2179 5355 lisque
2209 5284 2266 5337 in
2285 5285 2360 5338 eis
2389 5284 2678 5340 oblationes
2729 5284 2958 5341 Domino
3001 5286 3306 5340 holocausta
3354 5296 3404 5341 et
3456 5286 3593 5343 liba-

2018 5385 2216 5441 menta,
2231 5376 2392 5446 juxta
2444 5378 2606 5430 ritum
2640 5377 3050 5447 uniuscujusque
3090 5377 3215 5433 diei.
3249 5374 3316 5431 Et
3342 5376 3457 5447 ipse
3493 5394 3595 5434 nos

2020 5466 2278 5538 gaudere,
2326 5475 2382 5521 et
2418 5465 2769 5533 festivitatem
2836 5481 3016 5537 agerc,
3068 5475 3124 5524 et
3145 5470 3265 5522 sine.
3314 5465 3595 5524 intermisq

344 5608 355 5619 δ
408 5655 452 5688 ει
484 5654 683 5724 Ριιῃῑρ,
712 5670 751 5720 ι,
776 5652 869 5710 23,
945 5649 1140 5705 “Luc.
1172 5664 1302 5714 xm,
1333 5646 1423 5703 2|.
1505 5648 1549 5679 ⁶⁷
1583 5644 1773 5702 Matth.
1801 5662 1882 5712 xx,

2078 5643 2124 5676 ⁸⁸
2142 5641 2332 5698 Matth.
2359 5658 2484 5708 xxv,
2517 5640 2605 5697 ⁸54.
2682 5641 2725 5675 ⁶⁹
2757 5640 2949 5698 Matth.
2973 5654 3110 5711 χιιι,
3138 5641 3226 5699 14.
3302 5640 3393 5698 ’°l
3427 5639 3595 5700 Thes.

337 5739 395 5791 v,
429 5725 611 5782 16-18.
704 5746 709 5747 ί
