3988 6222
521 256 660 323 1095

1703 258 2065 319 HESYCHII
2100 256 2573 317 PRESBYTERI

3615 248 3727 317 1096

518 373 673 430 sione
694 385 853 427 orare
884 369 1016 425 vult.
1053 367 1167 423 Hoc
1201 377 1435 440 estergo
1460 369 2006 439 quotidianalibatio,
2035 378 2089 424 et
2118 375 2163 430 Α
2195 386 2267 424 ra:
2291 409 2308 432 ,
2366 369 2436 423 ab
2496 366 2765 436 cperibus
2831 364 3089 421 videlicet
3148 362 3380 417 terrenis
3444 365 3728 415 cessantes!

517 463 865 522 sacriﬁcium,
914 462 1029 515 sive
1085 460 1484 528 holocaustum,
1535 477 1657 532 quae
1707 471 1838 515 tunc
1884 461 2087 516 oﬁ‘crre

516 566 827 623 possumus,
858 550 1078 619 quando
1093 565 1322 619 corpora
1356 558 1546 604 nostra
1611 551 1876 606 hostiam'
1907 550 2087 604 vivam

517 641 630 697 Deo
685 640 1096 695 exhibuerimus
1127 648 1183 693 et
1221 642 1467 695 membra
1510 649 1722 707 nostra,
1773 656 1895 711 qua:
1958 648 2089 695 sunt

519 746 925 806 superterram,
979 733 1514 798 mortiﬁcaverimus,
1574 735 1857 804 paratique
1915 734 2090 788 fueri-

517 844 642 887 mus
670 828 745 882 ire
776 829 843 883 ad
909 826 1216 895 Dominum,
1273 843 1394 882 cum
1448 826 1615 882 Paulo
1659 828 1944 882 dicentes:
1976 826 2091 897 Ego

521 922 661 976 enim
689 921 808 990 jam
838 920 1059 985 delibor,
1088 931 1136 973 et
1184 929 1389 990 tempus
1434 936 1563 973 mea:
1614 918 1950 972 resolutionis
2006 918 2091 970 in-

519 1021 627 1068 stat
656 1014 721 1066 “.
754 1012 984 1082 Propter
1015 1014 1119 1067 hoc
1171 1014 1381 1071 addidit
1413 1030 1425 1065 :
1474 1012 1818 1083 Exceptisque
1852 1010 2095 1067 Subbatis

519 1106 753 1170 Domini,
814 1106 1064 1175 donisque
1105 1106 1311 1167 vestris,
1346 1113 1392 1158 et
1447 1119 1562 1173 qum
1590 1104 1812 1173 oﬂ'eretis
1839 1119 1902 1156 ea:
1956 1113 2093 1167 uoto,

521 1198 604 1251 vel
625 1212 741 1260 qua:
761 1205 942 1264 sponte
971 1195 1197 1248 tribuitis
1224 1184 1469 1248 Doniino.

596 1288 798 1356 Aperte
828 1286 960 1339 illud
985 1286 1226 1348 tradens,
1254 1285 1382 1354 quia
1444 1300 1611 1355 super
1664 1283 2096 1338 declinationem

525 1376 817 1439 maiorum,
852 1374 954 1429 hoc
983 1375 1403 1437 estSabbatum,
1436 1385 1491 1428 et
1536 1390 1703 1445 super
1746 1375 1881 1429 alias
1932 1374 2098 1443 justi-

528 1467 655 1528 tias,
710 1482 845 1537 quas
910 1467 1023 1520 Deo
1075 1468 1374 1521 secundum
1432 1476 1647 1536 tempus
1700 1465 2097 1535 promittimus,

527 1558 818 1628 aliquando
875 1557 921 1612 ei
975 1557 1265 1626 jejunium,
1340 1556 1633 1625 aliquando
1692 1556 2099 1624 possessionum

527 1650 879 1714 oblationem,
903 1649 988 1702 vel
1019 1649 1073 1702 in
1116 1644 1376 1718 periculis
1432 1649 1782 1703 venientibus
1805 1647 1985 1711 nobis,
2016 1645 2103 1699 vel

526 1741 835 1795 voluntarie
894 1739 1261 1809 promittimus
1316 1757 1330 1792 :
1392 1746 1681 1808 propterea
1730 1748 1981 1793 votorum
2049 1746 2105 1791 et

526 1842 956 1904 spontaneorum
984 1831 1287 1902 quotidiani
1312 1825 1605 1885 ministerii
1657 1831 1767 1885 Deo
1799 1843 2104 1900 atqueper-

526 1924 681 1995 petui
714 1923 987 1987 sacriﬁcii,
1023 1923 1292 1992 siquidem
1324 1922 1465 1976 actio
1486 1923 1634 1991 justa
1660 1932 1765 1984 est.
1821 1922 2103 1976 debitores

529 2033 741 2083 sumus,
771 2025 829 2071 ut
849 2026 1090 2071 nostram
1123 2031 1340 2069 omnem
1365 2015 1429 2076 ei,
1447 2015 1610 2068 vitam
1640 2013 1957 2078 offeramus,
2016 2014 2106 2067 di-

529 2118 719 2164 centes
751 2106 1211 2177 quemadmodum
1233 2115 1289 2160 et
1320 2106 1517 2159 Paulus
1538 2105 1713 2159 dixit:
1748 2104 1870 2158 Vivo
1925 2113 2106 2159 autem

527 2213 635 2254 non
655 2198 773 2268 jam
808 2214 922 2268 ego,
955 2198 1078 2251 vivit
1095 2214 1216 2251 vero
1242 2198 1299 2250 in
1349 2212 1432 2249 me
1464 2194 1720 2251 Christus.
1758 2193 1906 2259 Quod
1929 2204 2109 2250 autem

528 2307 671 2353 nunc
694 2292 805 2344 vivo
835 2291 891 2343 in
921 2306 1099 2355 carne,
1128 2290 1184 2340 in
1210 2289 1312 2358 ﬁde
1341 2289 1453 2342 vivo
1484 2287 1608 2342 Filii
1656 2286 1775 2347 Dei,
1810 2287 1899 2350 qui
1924 2286 2108 2343 dilexit

531 2397 637 2445 me,
668 2390 716 2434 et
741 2380 960 2432 tradidit
993 2380 1333 2446 semetipsum
1361 2394 1456 2457 pro
1487 2394 1567 2430 me
1599 2377 1643 2408 ⁷⁸
1678 2392 1690 2426 :
1725 2379 2109 2447 propterquod

528 2480 589 2527 et
613 2488 717 2527 nos
744 2471 943 2525 oﬁ'crre
975 2471 1026 2524 ei
1095 2471 1263 2525 vitam
1314 2480 1559 2525 nostram
1613 2476 1857 2538 oportet,
1886 2470 2014 2538 quia
2056 2480 2113 2526 et

531 2559 651 2630 ipse
678 2560 1042 2626 semetipsum
1061 2574 1160 2627 pro
1208 2559 1368 2612 nobis
1390 2559 1606 2613 obtulit.

604 2650 770 2705 Vens.
803 2650 988 2703 59-“.
1031 2669 1050 2700 ς
1082 2649 1127 2703 Α
1159 2650 1358 2719 quinto
1384 2650 1599 2706 decimo
1635 2667 1766 2723 ergo
1789 2652 1876 2709 die
1908 2654 2115 2707 mensis

534 2739 775 2810 septimi,
826 2740 1047 2809 quando
1094 2741 1560 2811 congregaveritis
1632 2758 1825 2797 omnes
1904 2744 2115 2799 fruetus

533 2838 696 2887 terrae
744 2841 956 2895 vestrae,
1018 2831 1368 2884 celebrabitis
1421 2830 1584 2886 ferias
1640 2834 1856 2889 Domini
1902 2847 2113 2907 septem

535 2923 750 2979 diebus.
782 2924 874 2978 Dic
908 2924 1082 2993 primo
1139 2932 1195 2977 et
1224 2923 1314 2977 die
1345 2931 1538 2977 octavo
1568 2925 1675 2979 erit
1705 2923 2026 2994 Sabbatum,
2059 2928 2115 2982 id

2191 461 2326 515 festa
2351 460 2699 514 celebremus
2720 466 2931 529 septem
2954 458 3089 517 dies,
3127 456 3179 510 id
3210 465 3294 509 est
3319 461 3497 508 totam
3521 463 3730 508 nostram

2190 553 2382 608 demus
2415 552 2671 611 vitamin
2708 550 2894 607 divina
2934 550 3232 605 festivitate
3270 545 3629 603 celebranda:
3657 545 3733 600 Dis
3825 613 3831 624 .

2193 655 2371 701 autem
2402 646 2579 716 primo.
2601 646 2824 715 requies,
2863 652 2911 697 et
2943 644 3026 697 die
3057 651 3240 697 octauo
3264 640 3494 711 requies.

2262 735 2382 793 Non
2415 737 2528 806 jam
2575 737 2829 805 septimo,
2874 751 3001 789 cum
3039 749 3272 789 numero
3312 742 3525 801 septem
3555 731 3732 786 dierum

2192 830 2547 891 festivitatem
2581 830 2665 900 agi
2708 829 3113 899 proposuisset,
3161 828 3259 881 sed
3284 836 3504 887 octavo,
3534 823 3731 893 primum

2195 920 2435 991 quidem,
2465 921 2593 991 quia
2626 920 2709 975 his
2739 920 2833 989 qui
2880 919 3183 973 secundum
3216 918 3457 973 litteram
3490 917 3649 985 legem
3671 923 3733 967 Ie-

2196 1022 2353 1079 nent,
2400 1011 2755 1067 festivitatem
2791 1011 3074 1067 celebrare
3112 1024 3223 1063 non
3272 1008 3426 1073 licet,
3461 1022 3597 1063 novo
3616 1010 3732 1065 enim

2198 1113 2512 1174 segregatus
2564 1112 2649 1159 est
2696 1103 2918 1173 papulo,
2972 1102 3065 1171 qui
3118 1102 3220 1156 scit
3250 1100 3428 1168 legem
3477 1100 3736 1154 secundum

2198 1192 2453 1261 spiritum
2509 1190 2779 1259 accipere,
2837 1198 2894 1243 et
2950 1198 3205 1242 octavum
3252 1187 3562 1249 honorare,
3607 1201 3734 1255 quem

2201 1279 2437 1334 diximus
2506 1276 2817 1348 signiﬁcare
2882 1284 3225 1331 mortuorum
3296 1274 3733 1329 resurrectionem.

2202 1369 2472 1436 Secundo,
2503 1370 2631 1440 quia
2661 1384 2828 1424 unam
2864 1368 3119 1431 virtutem
3150 1367 3360 1421 habent
3391 1376 3447 1420 et
3494 1366 3678 1435 primus
3697 1374 3738 1420 tt

2202 1471 2462 1529 octavus;
2506 1462 2634 1532 quia
2682 1469 2909 1517 octavus
2955 1460 3070 1529 ipse
3142 1468 3229 1514 est
3266 1465 3326 1513 et
3375 1458 3598 1528 primus,
3641 1458 3738 1526 quia

2204 1552 2321 1627 ipse
2347 1564 2433 1609 est
2473 1552 2804 1624 principium
2858 1551 3025 1607 futuri
3073 1550 3283 1606 saeculi.
3333 1549 3538 1604 Deinde
3573 1549 3737 1617 primus

2206 1649 2343 1711 dies,
2384 1647 2480 1717 qui
2529 1655 2615 1701 est
2646 1646 2860 1700 initium
2902 1644 3063 1699 factae
3108 1642 3537 1711 prmdicationis,
3574 1641 3623 1693 in
3658 1640 3739 1693 ﬁne

2207 1740 2531 1796 saeculorum
2588 1737 2830 1808 requiem
2887 1737 3155 1792 continet.
3208 1735 3573 1804 Requiescere
3625 1732 3739 1788 enim

2206 1846 2307 1886 nos
2335 1829 2490 1892 facit,
2512 1845 2639 1887 cum
2666 1844 2769 1884 nos
2793 1844 2825 1884 a
2857 1837 3207 1898 peccatorum
3247 1826 3528 1883 laboribus
3559 1824 3734 1882 liberat,

2205 1938 2305 1993 per
2336 1922 2544 1979 donum
2573 1920 2922 1990 baptismatis
2945 1920 3103 1990 cujus
3129 1920 3256 1990 quia
3303 1918 3527 1988 ﬁguram
3555 1915 3740 1970 inunda-

2207 2016 2286 2073 tio
2317 2015 2561 2084 gerebat,
2591 2029 2714 2083 quae
2745 2022 3013 2068 creaturae
3042 2028 3148 2082 per
3198 2012 3317 2066 Noe
3351 2025 3603 2078 aquarum
3631 2007 3739 2060 dilu-

2206 2107 2296 2164 vio
2329 2107 2498 2169 venit,
2534 2115 2684 2162 recte
2715 2106 2784 2161 de
2828 2106 2932 2161 hoc
2963 2104 3248 2159 dicebatur
3279 2121 3293 2158 :
3337 2101 3439 2167 llic
3474 2099 3742 2170 requiescere

2210 2214 2302 2252 nos
2363 2196 2612 2265 {acietub
2664 2195 2904 2249 omnibus
2944 2195 3185 2260 operibus
3239 2194 3462 2255 nostris,
3490 2196 3618 2244 etde
3642 2186 3740 2239 reli—

2210 2291 2349 2359 quiis
2384 2305 2642 2343 manuum
2695 2297 3019 2349 nostrarum,
3052 2295 3101 2340 et
3132 2303 3166 2339 a
3207 2295 3354 2339 terra
3404 2284 3488 2338 cui
3518 2279 3741 2336 maledixit

2214 2382 2469 2435 Dominus
2498 2379 2654 2433 Deus.
2685 2378 2969 2446 Simulque
2996 2378 3206 2446 primus
3224 2377 3368 2440 dies,
3405 2372 3662 2430 exordium
3679 2367 3740 2420 vi-

2212 2471 2411 2527 delicet
2465 2467 2903 2539 praedicationis,
2957 2466 3228 2537 promittit
3281 2464 3623 2534 posteriorem
3664 2472 3740 2509 re-

2212 2565 2418 2635 quiem,
2480 2576 2643 2630 quam
2675 2569 2899 2614 octavus
2938 2559 3123 2624 habet,
3174 2557 3228 2612 id
3270 2564 3394 2621 δεδι,
3453 2561 3739 2608 mortuorum

2215 2652 2570 2719 resurrectio,
2599 2663 2654 2708 et
2691 2668 2919 2724 regnum
2967 2651 3134 2707 futuri
3171 2649 3382 2712 saeculi,
3419 2646 3486 2701 de
3512 2658 3609 2714 quo
3630 2639 3741 2712 psal-

2215 2747 2362 2803 lebat
2390 2745 2559 2800 David
2594 2762 2608 2799 :
2649 2743 2912 2814 Exsurge,
2946 2741 3190 2804 Domine,
3222 2741 3279 2793 in
3304 2738 3531 2809 requiem
3555 2729 3738 2788 tuam”.

2217 2835 2355 2903 Quia
2386 2836 2533 2891 enim
2564 2843 2858 2902 utramque
2880 2832 3128 2902 requiem
3148 2832 3437 2886 exordium
3465 2822 3738 2895 evangelica

2218 2927 2619 2998 praedicationis
2657 2925 2923 2996 possidet,
2954 2924 3080 2980 audi
3110 2922 3242 2992 quid
3274 2923 3513 2991 primum
3534 2914 3740 2973 Christus

535 3023 620 3070 est
648 3016 886 3084 requies.
923 3014 1275 3083 Sumctisque
1298 3014 1456 3069 vobis
1477 3013 1564 3067 die
1587 3015 1764 3084 primo
1798 3016 2007 3073 fructus
2023 3035 2116 3072 ar—
2145 3040 2187 3099 ς
2220 3021 2463 3075 humano
2497 3018 2680 3089 generi
2706 3015 3056 3087 praedicavit:
3088 3014 3468 3068 Paenitentiam
3498 3011 3642 3080 agite.
3668 3021 3744 3072 ap-

535 3100 685 3156 boris
710 3101 1134 3171 pulcherrimae:
1172 3104 1526 3173 spatulasque
1566 3108 1890 3177 palmarum,
1926 3117 1982 3162 et
2033 3124 2121 3162 ra-

535 3206 657 3245 mos
680 3192 810 3261 ligni
848 3191 1143 3245 densarum
1190 3194 1494 3262 frondium,
1539 3210 1590 3254 et
1650 3199 1845 3254 salices
1887 3200 1956 3254 de
2020 3208 2123 3255 tor-

535 3291 715 3346 rente,
748 3292 804 3337 et
825 3284 1140 3338 laetabimiui
1176 3302 1358 3342 coram
1393 3289 1622 3346 Domino
1649 3292 1760 3347 Deo
1794 3303 1993 3359 Vestro,
2029 3309 2122 3348 ce-

538 3373 928 3442 lebrabitisque
962 3377 1365 3434 solemnitatem
1393 3381 1510 3451 ejus
1537 3393 1745 3452 septem
1783 3385 1981 3440 diebus
2024 3401 2123 3455 per

539 3479 746 3519 annum
789 3482 803 3518 :
858 3468 1164 3537 legitimum
1200 3474 1597 3542 sempiternum
1630 3478 1739 3532 erit
1767 3478 1821 3532 in
1884 3494 2121 3550 genera-

539 3556 786 3614 tionibus
823 3561 1038 3616 vestris.
1072 3560 1256 3617 Mense
1290 3566 1522 3634 septimo
1579 3568 1712 3623 festa
1747 3570 2120 3636 celebrabitis,

539 3661 598 3707 et
631 3652 952 3707 habitabilis
984 3654 1038 3707 in
1062 3657 1397 3713 umbraculis
1446 3673 1655 3730 septem
1693 3663 1910 3718 diebus.
1933 3663 2124 3719 Omnis

541 3743 637 3813 qui
671 3759 736 3798 ex
782 3760 980 3813 genere
1013 3756 1097 3800 est
1136 3747 1320 3810 Israel,
1371 3753 1615 3807 manebit
1646 3754 1701 3807 in
1734 3755 2121 3820 tabernaculis,

543 3843 608 3888 ut
631 3835 845 3889 discant
878 3838 1085 3906 posteri
1122 3840 1306 3906 vestri,
1360 3844 1507 3911 quod
1545 3845 1598 3897 in
1631 3847 2000 3902 tabernaculis
2029 3848 2126 3903 ha-

542 3925 719 3982 bitare
750 3927 973 3982 fecerim
1012 3930 1149 3985 ﬁlios
1200 3930 1384 3995 Israel,
1411 3950 1537 3989 cum
1570 3937 1867 3992 educerem
1900 3953 1997 3992 eos
2055 3939 2124 3994 de

546 4024 693 4069 terra
723 4015 963 4086 Egypti.
992 4019 1105 4089 Ego
1140 4020 1399 4076 Dominus
1422 4024 1564 4079 Deus
1619 4035 1819 4082 vester.
1853 4027 2123 4081 Locutus-

545 4122 652 4177 que
691 4116 776 4163 est
831 4109 1042 4179 Moyses
1096 4127 1261 4181 super
1291 4114 1735 4172 solemnitatibus
1797 4117 2011 4171 Domini
2058 4117 2125 4173 ad

545 4197 688 4253 ﬁlios
710 4200 897 4254 Israel.
948 4220 966 4252 ι

616 4289 786 4346 Tutus
812 4308 911 4348 nos
939 4293 1213 4364 legislator
1239 4311 1364 4351 esse
1423 4298 1673 4368 praecipit
1701 4301 1886 4355 smculi
1925 4300 2118 4367 futuri,

2222 3110 2592 3182 propiuquavit
2622 3111 2762 3163 enim
2787 3123 3006 3179 regnum
3032 3105 3360 3161 calorum".
3390 3105 3486 3159 Per
3517 3098 3742 3186 paeniten-

2226 3205 2353 3259 tiam
2383 3219 2414 3257 a
2437 3203 2715 3258 laboribus
2753 3201 2879 3255 vitae
2904 3216 3027 3269 quae
3050 3199 3105 3253 in
3132 3199 3375 3269 peccatis
3416 3206 3516 3256 est,
3546 3188 3742 3260 requiem

2225 3295 2550 3365 praedicans,
2584 3303 2641 3349 et
2670 3309 2824 3363 spem
2863 3293 2919 3346 iu
2954 3307 3125 3362 regno
3159 3291 3427 3345 cmlorum
3464 3287 3642 3341 futurae
3678 3291 3745 3332 re—

2224 3388 2394 3457 quiei.
2430 3388 2536 3440 Sed
2581 3385 2791 3455 primus
2833 3384 3053 3454 quidem
3082 3383 3246 3438 habet
3274 3379 3513 3453 requiem
3539 3392 3569 3430 a
3595 3384 3743 3443 pecca-

2228 3490 2405 3535 torum
2438 3480 2737 3534 laboribus.
2768 3478 2853 3532 Ab
2882 3492 2950 3533 eo
2981 3484 3185 3538 tamen,
3219 3475 3314 3544 qui
3346 3479 3559 3529 vocatus
3582 3474 3653 3522 est
3673 3477 3744 3517 su-

2224 3571 2578 3642 perzediﬁcari
2658 3571 2787 3625 huic
2828 3569 3063 3638 requiei,
3109 3568 3377 3622 virtutum
3430 3559 3742 3631 operationem

2225 3664 2424 3734 exiget.
2476 3662 2706 3733 Propter
2742 3661 2889 3731 quod
2926 3660 3188 3714 Dominus
3213 3658 3351 3714 dicit
3385 3676 3398 3712 :
3428 3654 3605 3735 Discite
3625 3666 3653 3702 α
3684 3657 3745 3699 tu

2226 3757 2351 3826 quia
2413 3756 2554 3810 mitis
2610 3771 2728 3809 sum
2756 3765 2805 3808 et
2850 3752 3063 3808 humilis
3105 3752 3277 3814 corde,
3317 3760 3368 3805 et
3421 3742 3662 3802 invenietis
3684 3752 3744 3790 re-

2226 3850 2400 3918 quiem
2449 3847 2728 3903 animabus
2756 3847 3021 3901 vestris".
3073 3843 3364 3900 Subinfert
3401 3862 3412 3897 :
3439 3842 3612 3912 Iugum
3635 3831 3741 3887 enim

2226 3954 2401 3993 meum
2427 3954 2586 3992 suave
2609 3947 2705 3999 est,
2728 3948 2779 3992 et
2804 3952 2934 3991 onus
2958 3953 3128 3991 meum
3160 3935 3270 3989 leue
3292 3936 3340 3967 ⁷⁸
3358 3952 3371 3987 :
3390 3933 3528 3987 hanc
3554 3939 3655 3996 qua
3676 3923 3740 3974 εει

2226 4045 2350 4087 cum
2396 4030 2588 4098 requie
2631 4029 3003 4098 operationem
3050 4027 3317 4082 virtutum
3368 4023 3627 4081 mandans.
3666 4011 3738 4066 Hic

2226 4130 2410 4176 autem
2468 4119 2774 4190 legislator,
2835 4135 2959 4175 cum
3021 4118 3375 4173 festivitatem
3449 4106 3738 4185 praedicassel

2227 4212 2704 4282 septemdierum,
2746 4211 2984 4281 primum
3015 4210 3136 4281 ejus
3170 4209 3317 4264 diem
3345 4193 3759 4277 requiem.appel-‘

2226 4304 2399 4363 lavit:
2430 4310 2574 4359 tacet
2610 4312 2793 4357 autem
2835 4311 3130 4372 sequentes
3176 4302 3318 4366 dies,
3352 4308 3411 4357 ut
3441 4313 3533 4369 per
3574 4294 3662 4348 hoc
3682 4285 3737 4341 εἰ·

545 4386 604 4436 et
636 4394 964 4451 prmsentem
992 4384 1158 4439 vitam
1203 4387 1269 4440 ad
1305 4386 1434 4443 illud
1483 4399 1762 4459 coaptare.
1824 4390 2121 4461 Propterea
2154 4374 2198 4429 ί)
2226 4397 2447 4467 gniﬁcet
2490 4403 2749 4464 Oportere
2792 4395 3089 4450 virtutibus
3137 4409 3362 4463 operam
3406 4393 3548 4448 dare.
3579 4376 3737 4440 Deind‘

543 4487 668 4528 cum
714 4471 1015 4545 compleret
1072 4476 1428 4532 festivitatum
1476 4482 1725 4543 verbum,
1779 4483 1942 4538 iterat
1975 4500 2123 4541 nunc

544 4565 1025 4621 tabernaculorum
1088 4568 1467 4634 festivitatem,
1531 4573 1659 4643 quia
1741 4574 1912 4629 totius
1983 4576 2120 4646 legis

547 4669 756 4710 summa
786 4668 871 4712 est
900 4675 1011 4713 non
1056 4661 1270 4717 inhiare
1316 4665 1698 4732 praesentibus.
1729 4682 1906 4737 neque
1930 4666 2118 4723 adlue-

549 4760 670 4802 rere
701 4751 953 4815 terrenis,
987 4755 1083 4808 sed
1105 4757 1246 4810 scire
1276 4756 1403 4826 quia
1431 4757 1686 4827 inquilini
1723 4758 1777 4811 in
1829 4774 1893 4813 ea
1934 4769 1989 4815 et
2020 4775 2120 4829 pc-

547 4840 747 4912 regrini
776 4858 985 4906 sumus.
1018 4845 1158 4901 sicut
1189 4863 1380 4902 omnes
1413 4858 1596 4918 patres
1626 4851 1823 4905 nostri.

617 4937 662 4986 Α
698 4935 880 5005 quinto
932 4938 1133 4991 decimo
1169 4954 1293 5009 ergo
1343 4940 1428 4993 die
1470 4942 1662 4995 mensis
1708 4942 1941 5012 septimi.
1990 4942 2126 4998 Esse

546 5039 792 5080 mensem
841 5028 1134 5096 septimum
1185 5031 1610 5099 completioncm
1659 5034 1776 5088 sive
1831 5034 2126 5102 plenitudi-

546 5131 673 5171 nem
703 5126 1012 5188 temporum
1042 5119 1304 5177 diximus.
1352 5121 1603 5187 Quintus,
1637 5126 1886 5185 decimus
1914 5138 2123 5194 autem,

547 5216 738 5273 utpote
779 5224 843 5262 ex
902 5218 1111 5279 septem
1161 5219 1219 5265 et
1276 5222 1401 5268 octo
1452 5225 1711 5277 constans
1750 5221 2125 5291 evangelicam

546 5298 1012 5366 praedicationem,
1060 5316 1184 5371 quae
1243 5318 1309 5358 ex
1367 5307 1625 5374 praesenti
1679 5307 1790 5364 vita
1846 5319 1904 5367 et
1938 5309 2155 5367 futura

547 5388 818 5454 consistit,
849 5388 1137 5461 signiﬁcat,
1172 5391 1315 5447 hanc
1342 5408 1700 5463 componens,
1742 5398 1888 5453 illam
1910 5414 2125 5470 praepa-

547 5491 698 5536 rans.
726 5480 956 5547 Quando
986 5487 1503 5560 congregaverimus
1528 5504 1722 5546 omnes
1766 5474 1980 5549 fructus
2011 5502 2126 5548 ter—

653 5657 696 5692 "
727 5655 775 5711 Il
805 5656 945 5714 Tim.
977 5678 1053 5732 ιν,
1083 5662 1136 5720 ϐ.

1237 5665 1282 5699 "
1329 5662 1446 5722 Gal.
1470 5683 1531 5735 ll,
1559 5666 1651 5724 20.
1724 5669 1770 5706 ⁷³
1794 5669 1942 5729 Pssl.
1963 5686 2122 5736 cxxv,
2145 5670 2199 5725 8.

2226 4488 2295 4544 ad
2347 4496 2601 4543 octavum
2651 4486 2794 4541 diem
2851 4485 3112 4541 transfert
3156 4485 3425 4555 requiem,
3474 4474 3734 4538 ostendent.

2227 4579 2354 4650 quia
2412 4579 2600 4634 ﬁdeles
2646 4586 2703 4635 et
2741 4579 3042 4634 servientes
3093 4579 3196 4648 legi
3242 4577 3361 4642 Dei,
3409 4588 3530 4630 vera
3567 4562 3736 4634 requies

2228 4670 2417 4727 saeculi
2459 4669 2629 4725 futuri
2658 4678 2761 4725 est.
2798 4668 2938 4735 Quid
2986 4683 3116 4740 ergo
3160 4684 3263 4725 nos
3294 4670 3346 4724 in
3382 4677 3489 4724 tota
3514 4663 3612 4719 vita
3638 4666 3734 4723 090‘

2229 4763 2359 4826 rari,
2398 4772 2449 4819 et
2486 4763 2633 4817 unde
2659 4762 2918 4821 inchoare
2947 4763 3319 4831 Operationem
3347 4757 3580 4831 oportet!

2301 4852 2630 4920 Sumetisque
2672 4853 2812 4906 vobis
2860 4851 2945 4905 die
2990 4853 3162 4932 primo
3209 4855 3407 4925 {ructus
3441 4833 3733 4932 arboris

2235 4945 2523 5009 cherrima,
2584 4943 2929 5013 spatulasque
2982 4922 3308 5013 palmitrum,
3354 4954 3400 4998 et
3454 4952 3608 4995 ramos
3640 4922 3735 4997 [ἱρά

2235 5036 2519 5099 densarum
2568 5036 2858 5104 frondium,
2912 5045 2961 5091 et
2984 5036 3172 5091 salices
3197 5037 3260 5092 de
3288 5043 3528 5095 torrente,
3557 5036 3600 5082 et
3620 5023 3734 5077 ltm'

2233 5129 2419 5182 bimini
2451 5143 2632 5183 coram
2675 5126 3030 5190 Dominuﬂaa
3061 5138 3252 5194 uestro,
3283 5122 3733 5189 celebrabitisqueso-

2232 5220 2561 5282 lemnitatem
2607 5218 2720 5289 ejus
2769 5221 3210 5291 septemdiebus.
3238 5222 3389 5289 Quod
3423 5215 3730 5289 oporteat!”
3750 5216 3753 5223 ‘

2232 5323 2453 5370 omnem
2504 5309 2671 5367 vitam
2727 5290 3026 5377 virtutibus
3080 5326 3307 5382 cperam
3368 5311 3510 5372 dare,
3552 5311 3664 5374 quas
3692 5290 3730 5344 in

2231 5399 2588 5461 fructibuset
2620 5401 2788 5457 ramis
2815 5402 3206 5472 pradictorum
3226 5404 3487 5475 lignorum
3514 5386 3730 5475 signiﬁcé‘

2231 5491 2335 5560 vit,
2381 5490 2499 5562 ipse
2545 5506 2811 5549 numerus
2863 5505 2915 5550 te
2957 5505 3170 5567 septem
3216 5497 3423 5552 dierum
3455 5474 3633 5558 absque
3654 5474 3729 5532 II"!

3463 5670 3505 5706 ⁷⁸
3531 5660 3639 5723 ibid.
3663 5652 3717 5709 ἓ)

2312 5670 2363 5706 ⁷⁸
2388 5670 2584 5729 Matth.
2617 5689 2701 5743 Ill,
2734 5674 2793 5731 2.
2874 5677 2919 5713 τ’
2946 5676 3138 5735 Matth.
3166 5693 3240 5747 ιι,
3272 5677 3359 5735 28.
