3962 6220
358 342 493 411 τοίη

1516 342 1597 402 IN
1633 320 2070 404 LEVI'I‘ICUM.
2096 366 2159 374 —
2192 334 2339 402 LIB.
2380 342 2480 402 v1.

3495 347 3630 416 1098

357 456 640 516 dubietate
684 457 988 522 conﬁrmat.
1036 444 1174 523 Quia
1228 472 1358 512 vero
1410 469 1477 511 ex
1528 456 1643 526 ipsa
1680 454 1941 509 inchoare
1972 459 2017 514 Α
2118 452 2277 505 Sume
2304 463 2348 505 st
2376 454 2582 506 salices.
2617 450 2929 509 Secundum
2961 452 3123 515 LXX,
3152 458 3402 523 κλάδους,
3430 478 3629 530 ramos,

356 551 623 608 debemus
672 549 977 614 vocatione,
1036 564 1103 604 ex
1161 565 1266 619 qua
1330 548 1591 618 przedicta
1622 548 1707 602 est
1737 540 1942 600 Christi

357 642 715 714 intelligibilis
763 640 1011 711 requies,
1072 657 1196 712 qua:
1249 642 1427 712 prima
1474 633 1560 695 est
1629 638 1944 695 festivitatis

356 732 498 797 dies,
527 731 881 787 manifestum
914 740 1036 786 est:
1086 744 1250 800 quem
1283 730 1429 785 diem
1465 729 1722 800 superius
1751 727 1942 798 appel-

356 823 492 879 ‘avit
532 824 764 893 requiei.
815 822 978 879 Nunc
1024 831 1208 878 autem
1266 824 1323 877 in
1381 838 1448 878 eo
1482 822 1695 877 fructus
1729 820 1945 876 arboris

354 917 741 986 pulcherrimae
767 931 983 973 sumere
1011 916 1293 987 praecepit,
1342 917 1461 971 illos
1501 915 1774 977 videlicet,
1808 929 1945 985 quos

355 1010 411 1065 in
444 1008 624 1079 primo
667 1011 883 1064 Psalmo
920 1010 1094 1065 David
1127 1009 1402 1064 cantavit:
1440 1008 1507 1062 Et
1540 1009 1638 1062 erit
1685 1016 1946 1078 tanquam

356 1098 559 1169 lignum
589 1108 725 1171 quod
762 1100 1063 1170 plantatum
1100 1110 1175 1156 est
1210 1097 1356 1155 secus
1380 1105 1627 1155 decursus
1658 1115 1942 1169 aquarum,

349 1193 493 1262 quod
531 1194 761 1263 fructum
801 1210 958 1247 suum
1002 1193 1148 1247 dabit
1194 1195 1251 1247 in
1312 1188 1543 1260 tempore
1583 1193 1733 1246 suo"
1768 1211 1781 1246 :
1816 1191 1944 1245 Pul-

346 1283 552 1338 chrum
613 1284 762 1338 enim
802 1284 937 1339 dicit
989 1293 1425 1353 temporaneum,
1457 1294 1512 1339 et
1547 1284 1942 1355 opportunum,

344 1373 400 1429 id
432 1383 526 1430 est
557 1377 649 1444 qui
714 1376 769 1430 in
822 1385 1071 1446 tempore
1128 1385 1233 1443 est,
1274 1384 1330 1430 et
1363 1376 1582 1431 virtutis
1617 1376 1944 1445 0pp‘ortunis

349 1452 702 1538 temporibus
753 1468 1057 1539 peragitur,
1113 1481 1177 1522 ut
1224 1468 1543 1522 nullatenus
1584 1469 1639 1522 in
1698 1466 1945 1538 tempore

344 1559 599 1629 iustitia,
633 1558 907 1630 fugientes
931 1575 1079 1623 eam,
1115 1560 1458 1616 declinemus
1497 1561 1564 1614 ad
1606 1560 1944 1629 compassio-

349 1665 505 1706 nem.
536 1650 628 1706 Ait
679 1652 868 1707 enim:
923 1650 1044 1706 Non
1078 1652 1406 1706 misereberis
1462 1653 1687 1721 pauperi
1712 1653 1765 1704 in
1793 1650 1944 1722 judi-

352 1748 434 1800 cio
450 1744 522 1802 ".
566 1745 706 1814 Quia
748 1754 810 1803 'et
858 1747 1095 1818 iustitia,
1124 1757 1181 1801 et
1206 1749 1541 1818 'compas'sio,
1574 1757 1629 1802 et
1659 1749 1943 1818 quodlibet

2047 542 2098 597 id
2127 552 2231 607 est,
2287 545 2663 610 continentiae,
2700 544 2946 615 castique
2994 546 3259 619 conjugii.
3304 550 3453 604 Salix
3482 553 3628 606 enim

2045 634 2438 690 continentiam
2491 635 2784 707 Signiﬁcat,
2843 634 2969 707 quia
3026 638 3265 694 fructum
3298 657 3409 696 non
3447 644 3628 700 facit:

2044 725 2183 779 sicut
2242 742 2341 780 nec
2372 727 2741 796 continentes,
2783 732 2874 801 qui
2928 728 3058 788 sunt
3080 735 3194 789 veri
3232 738 3493 806 eunuchi,
3533 739 3629 811 qui

2045 831 2424 875 cas:raverunt
2458 837 2516 875 se
2555 832 2781 893 propter
2805 839 3034 895 regnum
3066 826 3352 894 cmlorum,
3385 830 3631 887 fructum

2045 910 2344 979 quemlibet
2404 913 2720 968 sensibilem
2782 913 3012 981 faciunt,
3077 918 3143 973 ad
3190 935 3329 988 quos
3360 922 3504 976 Deus
3531 938 3632 994 per

2045 1002 2236 1057 Isaiam
2296 1005 2625 1075 prophetam
2694 1006 2866 1061 dicit:
2926 1006 3046 1062 Non
3109 1011 3251 1064 dicat
3305 1002 3573 1069 eunuchus
3609 1030 3631 1069 .-

2045 1092 2181 1159 Quia
2211 1095 2410 1167 lignum
2432 1098 2648 1152 aridum
2671 1115 2764 1169 ego
2789 1116 2942 1153 sum:
2967 1102 3093 1172 quia
3126 1103 3262 1157 dabo
3291 1105 3363 1158 eis
3393 1106 3449 1159 in
3475 1090 3631 1161 domo

2047 1203 2186 1249 mea,
2215 1198 2266 1242 et
2303 1190 2358 1242 in
2390 1192 2555 1244 muris
2589 1193 2719 1246 meis
2752 1186 2923 1247 locum
2973 1196 3305 1250 nominatum
3331 1238 3344 1259 ,
3384 1185 3570 1254 melius
3597 1217 3632 1253 (ι

2045 1278 2172 1346 ﬁliis
2200 1290 2249 1333 et
2276 1280 2509 1350 ﬁliabus,
2557 1300 2745 1338 nomen
2775 1270 3154 1355 sempiternum
3184 1278 3318 1343 dabo
3356 1293 3513 1346 eis".
3543 1292 3636 1346 Di-

2044 1372 2219 1427 cimus
2279 1382 2463 1429 autem
2518 1371 2743 1431 salicem
2785 1372 2978 1448 gerere
3031 1360 3318 1448 orationis,
3368 1399 3471 1438 uec
3521 1371 3633 1440 non

2043 1465 2382 1534 paenitentia:
2423 1467 2673 1539 ﬁguram.
2705 1470 2796 1524 Sic
2825 1487 2956 1542 ergo
2983 1482 3039 1527 et
3063 1474 3196 1528 illud
3229 1476 3372 1545 quod
3400 1492 3429 1530 a
3460 1462 3633 1532 David

2044 1553 2249 1606 dictum
2284 1563 2388 1619 est,
2425 1555 2797 1628 intelligamus
2829 1576 2842 1613 :
2876 1558 3048 1630 Super
3073 1554 3300 1631 ﬂumina
3319 1550 3629 1637 Babylonis,

2042 1645 2153 1698 illic
2207 1648 2434 1701 sedimus
2484 1658 2534 1703 et
2591 1642 2851 1720 ﬂeuimus,
2905 1652 3031 1706 dum
3094 1640 3497 1712 recordaremur
3553 1649 3632 1715 tui

2042 1734 2187 1790 Sion.
2216 1736 2281 1791 In
2320 1738 2589 1805 salicibus,
2610 1737 2666 1795 in
2697 1728 2870 1797 medio
2893 1745 3008 1815 ejus
3036 1750 3400 1816 suspendimus
3425 1752 3629 1822 organa

353 1810 609 1905 dixeris;
641 1853 798 1893 suum
855 1810 1090 1910 tempus
1122 1810 1491 1909 nppurtdnum
1561 1841 1746 1907 habet,
1798 1842 1935 1897 sicut

2046 1836 2229 1881 nostra
2253 1829 2319 1881 ⁸⁸.
2356 1829 2636 1886 Orationis
2665 1833 2841 1921 enim,
2866 1846 2923 1889 et
2963 1823 3307 1907 poenitentiae
3354 1840 3628 1912 lacrymau

353 1926 558 1984 Paulus
591 1930 760 1985 dicit:
804 1922 1067 2001 Alligatus
1105 1947 1158 1984 es
1209 1932 1405 1985 uxori?
1439 1930 1547 1985 noli
1576 1924 1810 2002 quaerere
1852 1928 1939 1987 so-

354 2020 629 2075 lationem.
689 2014 905 2077 Solutus
956 2038 1009 2076 es
1053 2023 1118 2076 ab
1163 2024 1368 2078 uxore?
1397 2023 1505 2077 noli
1545 2026 1778 2094 φηρὶ-ενα
1810 2042 1943 2079 uxo-

355 2112 545 2166 rem”.
581 2110 647 2167 Et
676 2108 940 2168 Salomon
983 2114 1100 2169 ait:
1137 2114 1320 2168 Omnis
1354 2116 1431 2169 rei
1460 2119 1703 2186 te’mpu‘s:
1737 2125 1940 2185 tempus

351 2202 585 2267 tacendi,
619 2211 669 2257 et
712 2213 916 2275 tempus
945 2204 1214 2276 loquendi,
1263 2205 1465 2277 tempus
1497 2206 1638 2272 belli,
1666 2217 1714 2261 et
1739 2217 1941 2278 tempus

350 2291 504 2358 pacis
520 2292 593 2347 ”:
623 2301 678 2347 et
717 2294 889 2348 multa
924 2295 1009 2350 his
1040 2295 1261 2351 similia.
1327 2295 1483 2353 Unde
1533 2306 1589 2351 et
1649 2296 1778 2352 Saul
1810 2316 1942 2354 cono

348 2383 646 2439 demnatus
707 2395 811 2449 est,
843 2386 969 2456 quia
1007 2389 1155 2459 Agag
1206 2398 1359 2443 extra
1400 2398 1616 2458 tempus
1669 2394 1937 2461 pepercit,

346 2481 406 2525 et
430 2482 757 2542 compassus
787 2482 892 2541 est,
924 2492 1035 2545 quo
1063 2487 1309 2546 tempore
1341 2494 1468 2532 eum
1510 2480 1612 2533 hoc
1638 2495 1748 2533 non
1774 2497 1939 2550 opor-

346 2562 505 2617 tebat
530 2563 715 2618 facere
733 2564 778 2597 ⁸³
810 2580 824 2618 :
865 2580 972 2620 nec
1001 2568 1291 2637 oportebat
1330 2583 1457 2623 eum
1507 2585 1758 2639 parcere,
1813 2587 1939 2627 cum

346 2651 503 2707 Deus
554 2654 816 2723 iussisset
877 2662 1050 2711 totum
1095 2657 1355 2713 Amalech
1410 2659 1669 2730 disperdi.
1727 2661 1784 2716 Si
1812 2678 1943 2735 ergo

286 2762 291 2765 -
344 2740 570 2799 fructus
601 2746 815 2801 arboris
845 2749 1167 2817 sumpseris,
1206 2750 1275 2803 de
1305 2751 1507 2820 quibus
1538 2752 1614 2806 ait
1644 2751 1794 2808 Joel:
1830 2752 1942 2808 No-

344 2833 447 2890 lite
490 2838 674 2892 timere
715 2837 973 2893 animalia
1033 2842 1295 2912 regionis,
1347 2844 1473 2914 quia
1514 2846 1943 2915 germinavcrunt

341 2927 586 2993 speciosa
631 2930 840 2995 deserti,
916 2932 1042 3001 quia
1106 2943 1155 2987 et
1205 2934 1410 3005 lignum
1462 2934 1647 2990 attulit
1710 2939 1942 3009 fructum

346 3031 507 3073 suum
526 3019 573 3049 "
603 3039 616 3073 :
670 3017 778 3075 Sed
801 3027 858 3075 et
887 3020 1108 3079 Cantica
1165 3025 1520 3080 Canticorum
1546 3047 1558 3082 :
1618 3025 1725 3082 Sub
1754 3029 1941 3083 umbra

2040 1918 2108 1972 de
2137 1921 2334 1988 quibus
2414 1923 2491 1976 ait
2537 1925 2740 1980 Isaias:
2789 1908 2936 1982 Sicut
2981 1913 3170 1984 salices
3201 1924 3357 2000 super
3407 1908 3631 2007 prater-

2039 2009 2258 2077 ﬂuentes
2312 2016 2566 2083 aquas",
2610 2012 2984 2075 continentem
3044 2024 3457 2103 commistionis
3526 2024 3627 2083 ne-

2040 2103 2331 2159 cessariam
2391 2106 2629 2171 habent,
2686 2111 2739 2164 in
2797 2105 3043 2191 tempore
3102 2130 3213 2184 quo
3269 2116 3625 2177 offeruntur:

2040 2196 2187 2263 quod
2243 2195 2585 2256 demonstrat
2644 2201 2841 2257 Paulus
2870 2222 2882 2256 :
2912 2205 3089 2261 Nolite
3118 2210 3378 2280 fraudare
3408 2194 3630 2269 invicem

2042 2286 2250 2353 dicens,
2305 2289 2404 2343 nisi
2429 2286 2492 2345 ea:
2538 2309 2788 2347 consensu
2822 2291 2893 2348 ad
2922 2306 3145 2366 tempus,
3181 2290 3238 2354 ut
3280 2306 3474 2358 vacetis
3498 2322 3628 2363 omo

2042 2379 2194 2443 tioni,
2249 2381 2373 2449 quia
2419 2395 2626 2438 castum
2672 2396 2874 2455 oportet
2914 2406 3022 2444 esse
3064 2393 3371 2466 conjugium
3390 2379 3457 2453 ἡ.
3506 2398 3630 2472 Ipse

2043 2482 2234 2522 rursus
2255 2471 2353 2525 ait.
2380 2467 2745 2527 Saltiabuntur
2771 2476 2951 2531 autem
2976 2496 3069 2550 per
3094 2481 3334 2551 ﬁliorum
3372 2467 3629 2556 procrea-

2044 2559 2256 2626 tionem,
2280 2563 2328 2616 si
2349 2568 2740 2631 permanserint
2770 2571 2826 2622 in
2860 2571 2983 2640 ﬁde,
3009 2583 3059 2626 et
3106 2575 3389 2645 charitate,
3414 2591 3463 2635 et
3501 2596 3630 2639 san-

2043 2650 2383 2723 ctiﬁcatione,
2437 2654 2553 2712 cum
2605 2662 2890 2719 sobrietate
2912 2665 2976 2722 ".
3016 2666 3079 2722 Et
3110 2669 3308 2726 iterum
3340 2691 3353 2726 :
3390 2674 3629 2731 Honora-

2042 2736 2142 2799 bile
2182 2748 2521 2815 connubium,
2553 2762 2602 2805 et
2628 2753 2807 2809 thorus
2857 2746 3313 2819 inmaculatus”.
3352 2765 3462 2822 Sed
3510 2750 3629 2825 hac

2043 2836 2113 2893 de
2171 2846 2413 2897 torrente
2469 2848 2836 2929 sumere,_de
2887 2854 3144 2919 praesenti
3211 2838 3464 2916 videlicet
3492 2861 3625 2929 vita,

2045 2933 2263 2983 torrens
2304 2931 2448 2986 enim
2472 2934 2701 3010 propter
2731 2925 3047 3004 transitum,
3081 2943 3198 2998 sive
3221 2944 3516 3027 decursum
3548 2925 3628 3026 si;

2044 3018 2158 3073 mul
2189 3020 2371 3076 autem
2403 3032 2460 3079 et
2484 3024 2709 3095 propter
2739 3026 3012 3099 hyemem,
3040 3029 3206 3103 quam
3247 3022 3415 3093 habet
3441 3018 3624 3118 dive}

345 3107 467 3176 ejus
498 3126 656 3181 quam
686 3112 1000 3179 desideravi,
1028 3114 1278 3171 videlicet
1309 3117 1539 3184 Christi,
1572 3119 1715 3182 sedi;
1745 3131 1794 3174 et
1822 3123 1939 3191 fru-
1966 3155 2007 3213 ο
2043 3123 2227 3213 Sami"
2280 3114 2662 3179 ῑθῐηειῑῖοηυῐηι
2725 3128 2890 3189 atque
2953 3121 3371 3213 ιῗίυυιὲιίοηυη)
3398 3167 3414 3191 ν
3475 3107 3630 3187 rec-le

346 3190 467 3253 ctus
501 3200 617 3269 ejus
644 3201 811 3256 dulcis
839 3204 1041 3273 gutturi
1068 3221 1181 3259 meo
1200 3206 1265 3260 ⁸³.
1293 3205 1734 3263 Pulcherrimum
1758 3225 1936 3273 sume,

345 3293 531 3347 omnia
551 3295 698 3349 enim
726 3311 850 3366 quae
887 3296 1018 3353 iecit
1047 3298 1190 3354 Deus
1211 3340 1225 3365 ,
1261 3310 1319 3355 et
1357 3301 1502 3356 bona
1539 3311 1671 3357 sunt
1702 3303 1758 3357 in
1793 3314 1936 3359 tem-

348 3400 484 3454 pore
511 3401 630 3442 suo.
670 3386 779 3443 Sed
812 3398 869 3444 et
899 3389 1101 3447 Paulus
1129 3392 1207 3448 ait
1234 3410 1249 3451 :
1289 3393 1481 3449 Omnia
1520 3405 1695 3450 vestra
1729 3396 1939 3452 honeste

346 3479 631 3533 secundum
655 3481 885 3534 ordinem
900 3481 1184 3550 ﬁant“*”:
1203 3485 1348 3555 quod
1364 3495 1615 3557 oporteat
1628 3488 1801 3558 aptari
1818 3489 1935 3542 uiro

349 3570 494 3623 tates
524 3573 753 3640 tempori
786 3573 1119 3645 significans.
1157 3575 1297 3647 Ergo
1330 3577 1542 3633 fructus
1567 3579 1781 3635 arboris
1806 3581 1936 3650 pul-

347 3658 637 3713 cherrima:
668 3701 685 3726 ,
759 3663 1135 3732 principaliter
1180 3664 1469 3732 Christus,
1516 3668 1731 3724 fructus
1789 3671 1936 3728 illius

319 3732 479 3817 ’Πεῆὶ
536 3761 639 3816 est,
675 3752 743 3806 de
781 3769 890 3821 quo
950 3754 1003 3808 in
1040 3757 1177 3809 lsaia
1233 3757 1441 3811 dictum
1479 3768 1581 3814 est.
1619 3761 1934 3832 Egredietur

344 3839 493 3909 virga
529 3841 592 3895 de
635 3843 811 3897 radice
858 3843 1021 3910 Jesse,
1076 3860 1123 3900 et
1166 3849 1263 3916 ﬂos
1304 3850 1368 3903 de
1390 3850 1572 3905 radice
1593 3854 1707 3921 ejus
1744 3872 1933 3910 ascen-

344 3929 524 3985 det“:
575 3931 671 3987 Dei
723 3934 1016 4004 genitricis
1050 3938 1306 3994 videlicet
1330 3941 1577 4012 virginis.
1616 3945 1928 4002 Secundum

346 4017 509 4074 LXI.
561 4020 682 4092 Ipse
752 4024 957 4091 fructus
1017 4026 1298 4095 speciosus.
1360 4029 1556 4087 Omnia
1619 4035 1766 4089 enim
1812 4037 1929 4106 ipse

343 4108 626 4180 dispensat
648 4120 895 4182 tempore
926 4127 1260 4185 Opportune.
1301 4118 1356 4174 Si
1388 4127 1571 4176 autem
1601 4124 1806 4193 aliquid
1841 4142 1928 4181 se-

343 4200 583 4255 cundum
610 4202 731 4271 ejus
761 4204 955 4274 legem,
989 4214 1044 4259 et
1085 4206 1263 4261 zelum
1299 4218 1403 4273 est,
1437 4211 1583 4279 quod
1613 4225 1924 4269 correctum

345 4291 511 4350 fuerit
556 4296 613 4350 in
664 4297 848 4360 verbo,
905 4298 1081 4352 autin
1113 4302 1300 4370 opere,
1354 4301 1456 4357 hoc
1494 4303 1659 4358 etiam
1715 4303 1925 4362 fructus

341 4388 623 4456 speciosus
650 4398 797 4444 reete
835 4389 1056 4469 dicitur.
1101 4394 1331 4448 sumere
1375 4396 1560 4450 autem
1596 4405 1650 4452 et
1675 4395 1924 4469 spatulas

2042 3202 2378 3268 nominatur,
2435 3207 2507 3261 ita
2549 3219 2609 3263 ut
2658 3209 2826 3265 David
2868 3211 2937 3266 de
2968 3208 3192 3275 Christo
3239 3218 3467 3286 diceret,
3497 3224 3626 3292 quia

2039 3300 2095 3345 et
2150 3292 2265 3363 ipse
2291 3294 2360 3350 de
2390 3300 2596 3352 mundo
2641 3309 2697 3356 et
2725 3302 2846 3371 ejus
2906 3305 3377 3380 tribulationibus,
3434 3314 3628 3385 utpote

2039 3384 2232 3441 similis
2258 3390 2414 3444 nobis
2448 3390 2700 3459 etl‘ectus,
2737 3400 3018 3465 gustavit:
3059 3400 3134 3456 De
3165 3412 3399 3461 torrente
3439 3384 3507 3461 in
3538 3410 3627 3465 via

2037 3478 2183 3544 bibit,
2212 3490 2486 3549 propterea
2524 3483 2780 3540 exultavit
2810 3499 2969 3557 caput
2987 3491 3051 3544 ’°.
3090 3493 3360 3551 Exaltavit
3386 3499 3534 3553 enim
3568 3502 3625 3555 in

2036 3582 2198 3625 cruce
2230 3574 2500 3639 pendens.
2532 3575 2882 3649 Crucitigitnr
2925 3592 3132 3649 autem,
3168 3589 3295 3656 quia
3328 3604 3395 3644 ex
3431 3603 3622 3648 nostro

2036 3669 2280 3719 torrente
2309 3665 2497 3721 bibere
2551 3670 2722 3723 semel
2767 3656 2952 3744 elegit;
3010 3674 3114 3741 Qui
3147 3694 3278 3748 ergo
3322 3679 3438 3736 haec
3483 3686 3616 3755 agit,

2034 3765 2239 3823 septem
2289 3757 2485 3842 diebus
2513 3766 2688 3816 totum
2739 3764 2993 3837 ridelicet
3032 3778 3267 3839 tempus,
3315 3772 3485 3829 laetari
3516 3791 3619 3845 po-

2035 3844 2160 3896 test.
2194 3842 2299 3897 Sed
2346 3845 2515 3900 laetari
2543 3855 2674 3903 ante
2722 3850 3012 3907 Dominum
3052 3872 3163 3911 non
3213 3842 3619 3930 impiorum,ct

2032 3943 2382 4001 peccatorum
2419 3938 2636 4006 gaudio.
2682 3941 2801 3995 Non
2834 3953 2908 3997 est
2938 3948 3390 4019 etenint'gaudere
3413 3955 3616 4025 impiis,

2029 4018 2155 4075 dicit
2214 4020 2554 4095 Dominus”,
2608 4031 2814 4101 quippe
2867 4036 2961 4117 qui
3031 4039 3083 4092 in
3135 4018 3531 4113 voluptatibus,
3562 4018 3621 4104 et

2028 4116 2474 4185 corruptionibus
2502 4119 2856 4179 festivitatem
2891 4116 3117 4196 habent,
3152 4135 3251 4188 sed
3285 4136 3341 4189 in
3376 4137 3618 4199 Domino

2028 4206 2303 4261 lzetamini.
2355 4204 2498 4276 Quid
2556 4223 2741 4271 autem
2797 4230 2881 4274 est
2915 4235 3100 4280 coram
3126 4224 3358 4284 Domino
3399 4229 3620 4288 uetari?

2028 4301 2084 4392 id
2115 4312 2217 4369 est,
2273 4304 2326 4359 in
2373 4323 2439 4361 eo
2475 4310 2723 4379 credere,
2789 4325 2844 4369 et
2890 4332 2988 4387 pro
3018 4334 3085 4375 eo
3139 4323 3271 4392 pati.
3330 4324 3443 4382 lloc
3468 4330 3622 4385 enim

2024 4387 2219 4452 Petrus
2263 4399 2520 4468 gaudium
2553 4419 2616 4458 ex
2647 4421 2756 4476 quo
2785 4420 3019 4475 constet,
3072 4387 3434 4475 demonstrat.
3466 4420 3618 4478 Serio

342 4481 665 4566 palmarum,
703 4482 753 4535 id
792 4490 878 4538 est
908 4483 1324 4553 iuvenescentia
1350 4488 1580 4556 justitiai
1602 4490 1917 4560 genimina:
1956 4512 1998 4567 υ
2025 4488 2136 4556 psit
2159 4504 2309 4560 ergo.
2344 4478 2448 4546 Per
2475 4484 2633 4563 ﬁdem
2685 4498 2756 4552 ad
2807 4502 3052 4566 salutem,
3097 4516 3349 4573 paratum
3394 4513 3618 4581 revelari

335 4571 517 4626 Justus
541 4556 688 4627 enim
716 4574 851 4629 sicut
873 4576 1054 4646 palma
1089 4578 1375 4647 ﬂorebit",
1409 4576 1576 4635 David
1608 4556 1770 4637 dixit.
1815 4584 1922 4639 Sed

336 4663 463 4733 quia
488 4664 558 4719 de
581 4664 763 4736 palma
790 4666 931 4720 nihil
961 4677 1065 4731 est,
1109 4671 1570 4739 quemadmodum
1605 4689 1706 4729 nec
1739 4668 1808 4730 de
1843 4677 1923 4732 eis

334 4755 428 4825 qui
448 4757 599 4828 juste
626 4758 838 4825 vivunt,
876 4760 1022 4830 quod
1048 4762 1229 4832 respui
1259 4762 1430 4832 possit
1456 4782 1468 4816 :

404 4846 565 4904 Sume
594 4859 644 4904 et
698 4856 875 4905 ramos
906 4851 1035 4923 ligni
1079 4853 1362 4907 densarum
1401 4857 1688 4925 frondium.
1719 4856 1923 4915 Omnes

331 4938 553 5009 quidem
603 4940 869 4999 virtutum
908 4942 1141 5011 fructus,
1184 4945 1421 5001 maxime
1471 4957 1654 5004 autem
1707 4938 1923 5008 miseri-

331 5032 610 5088 cordiam:
667 5043 887 5104 oportet
935 5037 1083 5092 enim
1135 5048 1256 5091 eam
1313 5052 1436 5095 esse
1489 5040 1828 5110 continuam,
1862 5053 1917 5099 rt

330 5131 767 5190 permanentem.
837 5124 994 5191 Quod
1083 5125 1444 5183 Ecclesiastes
1499 5131 1911 5189 eonuneiidans.

327 5209 537 5277 Oleum,
593 5212 791 5284 inquit,
855 5215 920 5269 de
947 5215 1120 5286 capite
1169 5225 1260 5271 tuo
1289 5230 1393 5271 non
1422 5217 1636 5287 deﬁciat
1659 5220 1726 5276 ⁸⁸.
1759 5223 1825 5278 Et
1856 5225 1910 5277 iu

328 5300 676 5362 Proverbiis:
710 5304 1036 5361 Non-dicas:
1066 5306 1202 5362 Vade
1235 5318 1286 5362 et
1325 5320 1581 5365 revertere
1603 5322 1650 5366 et
1682 5318 1913 5369 crastino

327 5395 464 5449 dabo
487 5395 604 5460 tibi,
639 5411 757 5451 cum
781 5399 962 5452 statim
989 5399 1159 5468 possis
1179 5400 1310 5454 dare
1324 5400 1391 5455 ⁸⁸.

431 5550 650 5624 ντὲρελι,
689 5570 727 5621 ι,
760 5554 814 5607 5,
928 5555 973 5587 "
1003 5556 1172 5611 Exod.
1196 5573 1331 5613 xxm
1353 5599 1368 5624 ,
1402 5558 1455 5613 5.

1568 5560 1663 5643 nl
1692 5562 1818 5643 (ἔον,
1840 5582 1939 5643 ωε
1968 5566 2090 5643 27.“
2124 5571 2182 5643 3°
2213 5569 2359 5643 Eccl.
2388 5589 2472 5635 tn,
2504 5575 2527 5627 i
2567 5592 2685 5643 sed.

324 5620 417 5708 se;
483 5621 532 5704 ξε
556 5620 719 5708 Cant:
740 5641 803 5708 ιε,
842 5626 933 5708 3.“
960 5625 1089 5708 ει-δι
1121 5626 1139 5680 ι
1164 5628 1290 5694 Cor,
1316 5620 1443 5708 xiv,
1451 5629 1586 5708 40.“
1618 5633 1664 5708 ξε
1701 5632 1803 5708 isa.
1839 5620 1890 5700 έ,
1920 5620 1935 5689 i

2045 5640 2090 5671 "
2122 5620 2265 5695 Pisa—1.
2294 5620 2410 5708 iter,

2031 4579 2086 4633 in
2109 4592 2342 4650 tempore
2387 4586 2666 4641 novissimo
2719 4590 2775 4642 in
2831 4608 2934 4660 quo
2963 4594 3291 4665 exsultabis,
3353 4579 3617 4671 modicum

2034 4672 2171 4724 imnc
2206 4672 2253 4726 si
2283 4686 2489 4744 oportet
2535 4681 2845 4735 contristari
2882 4684 2937 4738 in
2958 4688 3125 4742 variis
3157 4694 3616 4756 tentatiunibus".
3682 4758 3696 4767 ,

2033 4761 2123 4817 Sic
2179 4766 2605 4851 novissitnorltm
2641 4776 2952 4844 temporum
3001 4778 3228 4851 figuram
3257 4786 3403 4855 gerit
3440 4791 3649 4861 septi-.
3682 4761 3701 4777 ἴ

2033 4870 2158 4910 mus
2190 4860 2417 4951 mensis.
2457 4861 2750 4922 Festivitas
2779 4879 2834 4922 et
2862 4871 3121 4941 gaudium
3147 4890 3248 4945 per
3277 4878 3462 4945 ﬁdem,
3493 4860 3614 4951 qum

2030 4958 2113 5003 est
2162 4948 2215 5004 in
2246 4937 2492 5021 Christo,
2520 4946 2576 5011 ct
2608 4973 2708 5027 pro
2757 4937 3107 5031 passionibus
3147 4937 3281 5037 ejus
3341 4937 3665 5063 Sed,

2028 5043 2191 5099 modo
2225 5045 2368 5101 hanc
2400 5046 2754 5106 festivitatem
2781 5069 3165 5114 consummare
3202 5072 3251 5114 et
3284 5063 3614 5119 concludere

2020 5134 2348 5201 debeamus,
2377 5141 2680 5197 ostendunt
2711 5145 2827 5201 ha-c
2862 5147 3189 5219 legislatoris
3221 5152 3408 5208 verba.

2089 5221 2550 5303 Celebrabitisque
2572 5237 2913 5322 festivitatem
2948 5239 3064 5309 ejus
3090 5250 3286 5310 septem
3315 5242 3493 5298 diebus
3519 5261 3614 5315 per

2016 5322 2564 5396 annum.Legitimum
2588 5332 2964 5398 sempiternum
2992 5332 3090 5406 erit
3115 5334 3170 5386 in
3190 5335 3612 5403 generationibus

2015 5403 2217 5470 vestris.
2252 5413 2435 5472 Mense
2460 5421 2682 5489 septimo
2722 5423 2857 5492 festa
2889 5403 3238 5492 celebrabitis,
3267 5438 3316 5482 et
3340 5428 3610 5486 habitabic

2760 5578 2809 5655 ⁸ξ
2839 5579 2853 5632 l
2884 5578 3016 5655 Reg.
3052 5597 3140 5648 xv,
3169 5584 3239 5655 8.Δ
3294 5583 3340 5616 ⁸³
3369 5582 3511 5641 loel.
3545 5604 3606 5655 ιι,

2450 5644 2536 5725 if).
2600 5647 2660 5725 ξε
2677 5647 2829 5725 licet.
2873 5644 3034 5725 αξ.
3128 5644 3181 5687 ν⁸⁹
3215 5653 3375 5714 Prov.
3403 5672 3488 5725 tu,
3516 5644 3607 5715 28:

326 5692 373 5724 ”
398 5690 518 5748 Issi.
553 5709 658 5758 ινι,
684 5697 737 5761 4,
764 5698 814 5749 5.
891 5695 934 5728 ⁹¹
960 5694 1051 5750 Ps.
1085 5690 1303 5762 cxxxvt,
1339 5700 1387 5762 1,
1411 5690 1466 5753 Ξ.
1541 5703 1588 5735 ν’
1618 5702 1741 5756 lsai.
1776 5690 1935 5771 xviii

326 5763 371 5795 II
398 5763 463 5795 ι).
511 5778 594 5795 ,ην
651 5765 681 5795 ’7
782 5765 827 5795 ﬂ
853 5764 931 5795 Ιιυ.
987 5783 1090 5795 ...η
1136 5767 1197 5795 os
1305 5771 1352 5795 an
1383 5769 1398 5795 ι
1441 5770 1566 5795 n-.-
1621 5790 1632 5795 -
1690 5776 1721 5795 υ

2059 5690 2536 5781 η“ιῖίδτ;·ῑῖιί,ἐῑ.·
2600 5718 2645 5749 οι
2677 5690 3046 5787 Γῆξῖςιξῑίςῑῑ.
3125 5690 3375 5784 "xiiii:
3398 5690 3609 5795 ἑὶῗιῖί

325 5763 371 5795 ’⁸
398 5763 485 5819 Ps.
511 5778 619 5833 cur,
651 5765 705 5818 7.
782 5765 827 5797 ’⁷
850 5764 956 5821 lsa.
985 5783 1112 5831 Lvu,
1136 5767 1228 5823 21.

610 5862 882 5923 ιἈτειοι.
923 5866 1040 5922 Ca.
1077 5862 1289 5927 XCUI.

1305 5771 1352 5801 ⁸⁸
1382 5769 1400 5822 Ι
1439 5770 1584 5826 Petr.
1618 5790 1655 5839 t,
1690 5776 1743 5828 6.

3205 5886 3281 5949 35
