3962 6220
377 236 549 304 Ἵθθθ

1623 242 1985 304 HESYCHII
2028 240 2508 304 PRESBYTEPJ

3564 240 3706 308 1100

413 359 478 411 tis
502 354 557 408 in
593 352 919 410 umbraculis
947 356 1134 413 vestris
1155 365 1352 428 septem
1377 357 1574 413 diebus.
1609 358 1679 414 Ut
1710 367 1822 413 toto
1861 373 2002 428 praa-
2029 361 2076 419 Α
2108 361 2290 415 omnis
2345 361 2438 432 qui
2492 375 2558 415 ex
2610 373 2812 432 genere
2870 357 3043 416 lsrael
3093 367 3198 426 est,
3245 356 3365 413 sive
3398 359 3704 416 secundum

421 446 570 502 senti
603 448 825 515 saeculo,
854 450 1317 520 quemadmodum
1371 450 1723 505 tabernaculo
1755 460 1995 515 utamur,

411 539 492 596 sic
519 541 669 596 enim
700 555 827 596 eum
860 541 1124 603 Ezechias
1164 541 1484 612 appellavit,
1521 542 1749 598 dicens:
1794 540 1999 607 Quievit

404 631 686 699 generatio
723 648 860 693 mea,
911 632 1100 687 ablata
1156 640 1207 685 et
1259 629 1536 684 convoluta
1560 638 1633 682 est
1657 646 1689 682 a
1719 647 1822 696 me,
1845 632 2001 701 quasi

412 725 816 781 tabernaculum
845 723 1198 794 pastorum”.
1250 721 1374 776 Non
1405 737 1536 792 ergo
1581 721 1873 776 transitum
1911 723 1999 778 vel

413 818 706 873 decursum
761 818 880 887 ejus
913 817 1254 887 ignoramus,
1312 811 1532 868 diVitias
1579 821 1997 884 congregantes,

412 911 499 968 vel
547 910 740 966 domos
792 921 1014 980 magnas
1073 907 1451 962 aediﬁcantes:
1512 906 1607 962 sed
1643 903 2002 977 quemadmo-

411 1006 541 1061 dum
589 1005 794 1059 Paulus
843 1003 960 1057 ait:
1005 1001 1366 1063 Intendamus,
1417 1000 1543 1072 quia
1591 1008 1798 1070 tempus
1849 1001 2002 1056 breve

410 1107 504 1163 est,
565 1106 622 1151 ut
671 1103 898 1150 ementes
937 1095 1071 1148 sicut
1103 1109 1205 1146 non
1255 1102 1484 1147 ementes
1527 1093 1714 1156 simus,
1755 1101 1804 1146 et
1833 1094 2001 1161 possi-

409 1191 610 1253 dentes,
648 1197 902 1258 tanquam
945 1203 1049 1240 non
1086 1186 1430 1256 possidentes,
1461 1194 1510 1240 et
1545 1195 1748 1240 utentes
1806 1187 2001 1240 mundo

410 1281 523 1346 hoc,
570 1289 628 1333 ut
659 1295 764 1333 non
813 1289 1035 1333 utentes.
1073 1277 1321 1333 Praztcrit
1371 1279 1512 1333 enim
1577 1278 1749 1349 ﬁgura
1816 1279 2003 1334 mundi

409 1372 627 1440 huius'.

476 1463 657 1520 Omnis
682 1466 773 1536 qui
811 1482 876 1520 ea:
911 1481 1097 1537 genere
1129 1472 1206 1518 est
1234 1461 1430 1531 Israel,
1469 1465 1702 1520 manebit
1735 1466 1790 1520 in
1821 1465 2001 1518 taber-

407 1556 634 1621 naculis,
665 1565 720 1610 ut
749 1555 952 1610 discant
985 1553 1178 1625 posteri
1213 1553 1394 1621 uestri,
1429 1555 1568 1624 quod
1589 1554 1645 1607 in
1683 1553 2005 1608 tabernacu-

400 1645 476 1702 ἰὴ
499 1647 740 1701 habitare
765 1647 978 1718 fecerim
1027 1644 1166 1713 ﬁlios
1195 1643 1386 1711 Israel,
1437 1660 1556 1698 cum
1595 1645 1874 1699 eduxerim
1913 1661 2001 1699 eos

2106 448 2271 505 LXX.
2320 453 2593 523 indigena,
2627 451 2679 508 id
2713 459 2800 508 est
2833 466 2964 506 vere
3010 450 3232 516 nobilis,
3269 464 3436 505 verus
3461 447 3702 507 Israelita

2105 541 2342 600 Abrahae
2393 545 2593 611 haeres,
2642 545 2736 616 qui
2790 544 3024 615 patriam
3075 553 3131 599 et
3167 558 3362 615 genus,
3403 550 3460 597 et
3499 542 3702 599 domus

2107 641 2370 704 paternas
2424 635 2665 706 reliquit,
2721 644 2778 691 et
2828 636 2884 691 in
2921 635 3287 691 tabernaculis
3314 649 3439 698 cum
3463 633 3616 689 Isaac
3642 643 3701 689 et

2107 729 2299 798 Iacob,
2377 732 2762 787 cohazredibus
2829 731 3216 802 promissionis
3275 731 3510 786 habitat.
3569 729 3707 798 Quia

2106 832 2292 879 autem
2343 839 2455 880 non
2491 835 2706 896 septem
2753 833 2965 880 tantum
3013 824 3210 879 diebus
3255 823 3508 878 habitare
3536 822 3593 876 in
3621 831 3706 877 ta-

2107 915 2424 973 bernaculis
2477 933 2670 973 verum
2725 917 3033 972 lsraelitam
3089 915 3373 986 legislator
3409 914 3548 978 vult,
3604 914 3702 970 sed

2105 989 2203 1079 per
2251 1010 2399 1065 hunc
2447 1026 2738 1064 uulnerum
2791 1024 3014 1064 omnem
3047 1007 3218 1063 vitam
3275 1005 3570 1076 signiﬁcat,
3606 1005 3705 1061 lilii

2106 1100 2212 1155 hoc
2238 1100 2507 1167 Jonadab,
2542 1101 2635 1156 ﬁlii
2670 1101 2918 1166 Rechab,
2943 1110 3000 1156 et
3033 1116 3098 1155 ea
3129 1115 3252 1171 quae
3285 1100 3354 1155 de
3381 1099 3462 1155 eis
3494 1101 3702 1172 scripta

2105 1203 2235 1249 sunt
2291 1209 2391 1264 per
2449 1194 2702 1251 Jeremia:
2757 1194 3129 1264 prophetiam,
3189 1192 3414 1248 docent.
3483 1191 3706 1249 Habent

2107 1288 2253 1343 enim
2279 1287 2400 1343 sic:
2455 1287 2523 1341 Et
2574 1287 2895 1342 obedivimus
2941 1287 3055 1340 uoci
3095 1284 3342 1340 Ionadab
3369 1284 3468 1354 ﬁlii
3495 1283 3706 1342 Rechab

2106 1381 2275 1448 patris
2321 1380 2509 1443 nostri,
2553 1381 2611 1434 in
2661 1380 2901 1433 omnibus
2927 1395 3045 1449 qua:
3060 1378 3307 1448 pracepit
3333 1377 3500 1442 nobis,
3534 1377 3616 1430 ita
3649 1385 3708 1431 ut

2107 1489 2212 1526 non
2235 1471 2527 1528 biberemus
2579 1471 2778 1535 uinum,
2810 1472 3010 1526 cunctis
3059 1471 3242 1525 diebus
3292 1470 3511 1534 nostris,
3540 1477 3709 1524 noset

2107 1562 2353 1617 mulieres
2403 1556 2617 1628 nostrae,
2691 1573 2739 1617 et
2791 1579 2894 1616 non
2966 1561 3353 1632 wdiﬁcaremus
3403 1562 3584 1617 domos
3639 1560 3754 1616 ad'

2105 1654 2478 1716 habitandum,
2500 1663 2550 1709 et
2594 1656 2824 1720 vineam,
2857 1663 2907 1709 et
2936 1671 3148 1726 agrum,
3191 1664 3240 1709 et
3271 1664 3552 1710 sementem
3606 1669 3712 1708 non
3769 1639 3772 1642 ’

405 1740 475 1795 δε
513 1749 661 1794 ίθννα
696 1717 937 1810 «fauetis
987 1737 1099 1809 E90
1141 1736 1399 1791 Dominus
1441 1735 1585 1792 Deus
1613 1746 1800 1792 uester.
1834 1737 2000 1795 Vides
2037 1717 2078 1776 Β
2107 1745 2411 1811 habuimus,
2461 1749 2550 1801 sed
2595 1717 2949 1802 habitavimus
2973 1717 3044 1802 vin
3091 1717 3473 1814 tabernaculis,
3502 1755 3551 1800 et
3582 1745 3702 1803 obe-

410 1833 536 1904 quia
568 1831 752 1904 ﬁgurae
777 1832 861 1887 hae
890 1830 1093 1902 populo
1121 1828 1459 1895 iudaeorum,
1491 1838 1548 1885 et
1574 1830 1844 1902 imagines
1876 1845 1996 1886 ma-

407 1922 590 1995 jorum
644 1921 1029 1994 mysteriorum
1055 1920 1197 1977 datae
1226 1929 1391 1976 sunt:
1425 1930 1483 1976 et
1508 1929 1799 1992 propterea
1836 1919 2000 1977 habi-
2056 1981 2061 1987 ,

414 2025 531 2073 tare
563 2015 619 2068 in
653 2013 1048 2078 tabernaculis,
1105 2021 1161 2068 et
1201 2011 1683 2068 tabernaculorum
1728 2010 2000 2068 festivita-

413 2117 522 2164 tem
551 2107 829 2163 celebrare
875 2106 1013 2176 juss'i
1057 2113 1210 2168 sunt,
1269 2113 1331 2161 ut
1383 2120 1492 2160 non
1548 2104 2004 2161 obliviscerentur

413 2201 754 2258 liberationis
804 2199 1105 2273 Egyptim:
1156 2200 1251 2256 sed
1293 2201 1400 2255 hoc
1435 2199 1659 2270 quidem
1693 2199 2002 2256 secundum

411 2294 670 2355 litteram,
722 2291 1042 2362 spiritaliter
1068 2301 1252 2346 autem
1287 2301 1346 2346 ut
1382 2290 1801 2345 reminiscamur
1827 2332 1842 2355 ,
1873 2290 2003 2361 quia

411 2383 480 2439 de
533 2383 860 2454 intelligibili
903 2382 1137 2455 IEgypto
1185 2381 1406 2438 liberati
1465 2397 1676 2449 sumus,
1728 2382 1782 2438 id
1816 2392 1900 2438 est
1938 2383 2007 2438 ab

412 2474 769 2547 intelligibilis
785 2477 1092 2532 Pharaonis
1119 2475 1404 2542 servitute,
1439 2491 1563 2547 qua:
1587 2484 1672 2532 est
1702 2475 2003 2531 secundum

409 2568 823 2640 corruptionem
888 2568 1125 2622 laterum
1179 2569 1467 2639 praesentis
1521 2567 1728 2644 saeculi,
1795 2583 1902 2639 qua
1954 2567 2001 2623 si

402 2660 536 2729 quis
582 2651 760 2731 “plene
804 2675 992 2714 carere
1042 2660 1178 2725 vult,
1212 2660 1270 2715 in
1321 2651 1692 2716 tabernaculis
1747 2659 2000 2726 habitet,

408 2750 583 2808 Deum
620 2766 778 2809 suum
826 2750 1046 2806 imitans
1084 2751 1400 2807 dicentem:
1442 2745 1629 2826 Vulpes
1659 2751 1837 2822 foveas
1903 2751 2004 2805 ha-

413 2847 550 2912 bent,
602 2853 651 2899 et
680 2844 916 2900 uolucres
958 2845 1074 2899 (σιειὶ
1105 2842 1540 2912 nidunttltilius
1583 2853 1761 2900 autem
1784 2845 2007 2900 hominis

401 2953 516 2993 .nan
549 2937 701 2993 habet
734 2938 820 2992 ubi
853 2947 1012 3008 caput
1038 2955 1193 2993 suum
1230 2937 1508 2995 reclinet'.
1543 2937 1791 2994 Manebit
1819 2945 2005 2994 autem

2107 1838 2312 1892 dientes
2333 1838 2552 1908 fecimus
2581 1839 2743 1909 juxta
2791 1839 2970 1892 omnia
3007 1855 3124 1909 qua:
3164 1837 3416 1909 pracepit
3460 1820 3709 1892 Jonddab

2107 1941 2262 2001 pater
2303 1931 2534 1986 noster'.
2574 1930 2666 1986 Sic
2705 1945 3006 2002 supernam
3047 1931 3314 2000 quietem,
3360 1937 3416 1985 et
3459 1944 3573 1984 non
3633 1927 3713 1984 di-

2107 2023 2392 2094 spertitam
2451 2022 2643 2091 vitam,
2695 2033 2753 2080 et
2805 2023 2928 2080 sine
2977 2024 3159 2095 aliqua
3218 2021 3511 2078 vexatione
3573 2022 3707 2092 justi

2111 2114 2468 2180 studuerunt,
2531 2115 2627 2185 qui
2685 2121 2989 2185 potuerunt
3043 2111 3352 2183 intelligere
3405 2109 3711 2180 spiritalem

2111 2204 2353 2261 fructum
2383 2212 2644 2276 tanquam
2688 2205 2908 2261 botrum
2940 2206 3083 2260 inter
3112 2203 3242 2259 folia
3271 2202 3523 2258 caelatum
3557 2200 3714 2258 litte-

2116 2312 2214 2354 rae.
2247 2297 2361 2354 Has
2392 2297 2522 2353 ﬁliis
2554 2298 2719 2353 Israel
2758 2298 3092 2354 festivitates
3121 2296 3332 2368 Moyses
3361 2296 3578 2351 locutus
3605 2300 3711 2360 est,

2113 2389 2172 2443 in
2224 2389 2429 2460 quibus
2486 2404 2589 2446 nos
2641 2390 2916 2454 laetemur,
2952 2389 3093 2446 festa
3119 2390 3468 2444 celebrantes
3503 2387 3558 2442 in
3592 2386 3714 2457 lege

2109 2479 2228 2546 Dei,
2260 2489 2318 2538 et
2342 2481 2477 2551 'quae
2512 2483 2584 2538 ab
2615 2498 2682 2538 co
2713 2483 2968 2538 ordinata
3003 2489 3152 2546 sunt,
3192 2481 3500 2536 secundum
3525 2479 3712 2533 inten-

2109 2575 2317 2630 tionem
2351 2574 2473 2645 ejus
2495 2585 2740 2646 agentes,
2775 2585 2832 2630 et
2857 2591 2957 2646 pro
2986 2575 3216 2628 materia
3249 2588 3373 2644 quae
3403 2579 3567 2627 vexat
3599 2571 3703 2625 ho-

2109 2667 2341 2733 minem,
2372 2677 2587 2737 partem
2615 2667 2818 2722 bonam
2850 2667 3136 2736 eligamus,
3163 2665 3490 2719 charitatem
3517 2661 3710 2727 Patris,

2115 2761 2346 2833 gratiam
2378 2759 2527 2824 Filii,
2559 2757 2875 2814 societatem
2902 2756 3078 2810 sancti
3105 2754 3364 2824 Spiritus.
3389 2753 3500 2824 ipsi
3539 2753 3712 2824 gloria

2116 2852 2173 2909 in
2205 2850 2406 2908 saacula
2436 2848 2785 2904 saeculorum.
2812 2845 3010 2900 Amen.

1207 3111 3674 3138 Μ

1509 3286 1870 3378 LIBER
1910 3279 1912 3281 ’
1972 3279 2604 3375 SEPTIMUS.

977 3655 1219 3714 CAPUT
1249 3655 1442 3713 XXIV.

491 3751 654 3809 Vens.
691 3752 806 3808 l4.
844 3750 961 3807 «Et
987 3752 1207 3807 locutus
1241 3752 1327 3814 est
1352 3747 1621 3803 Dominus
1656 3746 1724 3804 ad
1763 3746 2009 3819 Moysen,

409 3846 899 3917 dicenszPraecipe
947 3845 1076 3900 ﬁliis
1134 3842 1320 3905 Israel,
1354 3849 1415 3897 ut
1438 3839 1674 3896 otl‘erant
1704 3838 1802 3896 tibi
1830 3839 2013 3894 oleum

415 3947 485 4000 tle
513 3942 673 3999 olivis
700 3941 1058 4013 purissimum
1093 3954 1156 3993 ac
1197 3935 1466 4000 lucidum,
1501 3933 1569 3989 ad
1593 3931 2010 3989 concinnandas

411 4038 670 4093 lucernas
729 4032 934 4105 jugiter
972 4039 1125 4087 extra
1159 4029 1341 4084 velum
1378 4024 1702 4091 testimonii,
1736 4025 1790 4078 in
1829 4025 2012 4078 taber-

414 4128 676 4184 naculum
738 4123 982 4180 hederis.
1039 4122 1322 4190 Ponetque
1383 4132 1478 4172 eas
1533 4117 1717 4172 Aaron
1779 4129 2012 4184 vespere

419 4235 593 4291 usque
617 4219 677 4272 in
714 4233 875 4271 mane
916 4229 1101 4270 coram
1138 4211 1372 4268 Domino
1412 4211 1586 4275 cultu,
1616 4211 1836 4279 rituque
1882 4223 2009 4278 per-

417 4320 587 4381 petuo
625 4310 679 4363 in
725 4304 1173 4378 generationibus
1206 4300 1427 4358 vestris.
1463 4299 1644 4371 Super
1680 4298 2012 4354 candelabro

386 4400 784 4458 ‘munrlissimo
839 4406 1120 4468 ponentur
1170 4409 1391 4465 semper
1449 4393 1504 4448 in
1560 4401 1858 4463 conspectu
1906 4389 2012 4445 Do-

391 4511 572 4551 ‘Illlﬂl.
609 4512 626 4544 ο

487 4585 653 4642 Plena
706 4589 763 4637 et
807 4594 960 4636 nunc
996 4577 1159 4634 bonis
1196 4575 1538 4640 multivaria,
1586 4571 1642 4631 et
1691 4576 2011 4631 multimoda

415 4678 501 4733 lex
548 4676 796 4746 spiritus,
829 4687 934 4728 nec
977 4672 1126 4728 enim
1180 4671 1470 4740 exquirere
1513 4684 1576 4724 ea
1625 4685 1744 4739 qua:
1785 4678 1916 4723 sunt
1946 4668 2012 4723 ad

413 4767 816 4825 correctionem
869 4763 1206 4834 placentium
1255 4764 1368 4817 Deo
1417 4769 1474 4816 et
1519 4776 1641 4830 quae
1686 4769 2009 4831 perpetuam

413 4861 584 4917 vitam
631 4856 794 4913 nobis
844 4856 1202 4926 conquirant,
1245 4864 1445 4909 cessat.
1491 4853 1662 4924 Cujus
1708 4868 1837 4923 ergo
1877 4851 2010 4923 ﬁgu-

385 4925 532 5009 'ram
576 4952 702 5016 hoc,
737 4950 883 5020 quod
914 4962 1065 5002 nunc
1096 4947 1405 5018 expositum
1445 4955 1528 5001 est
1560 4961 1588 4999 a
1624 4946 1760 5016 lege,
1799 4946 2004 5000 cande-

412 5046 652 5109 labrum,
693 5055 750 5099 et
792 5042 1070 5107 lucernae,
1121 5048 1178 5094 et
1225 5041 1407 5095 oleum
1460 5047 1675 5110 gerant,
1724 5055 1788 5092 ex
1829 5038 2011 5092 verbis

412 5137 547 5207 ipsis
574 5136 762 5207 legens
789 5132 1003 5188 discere
1033 5140 1235 5203 potest,
1266 5130 1400 5185 illud
1423 5129 1600 5195 Pauli,
1634 5131 1778 5199 quod
1803 5130 1868 5184 ad
1903 5129 2010 5184 lle-

413 5231 592 5286 braeos
620 5226 868 5299 scripsit,
893 5225 962 5282 ad
992 5225 1316 5280 memoriam
1345 5223 1500 5294 prius
1541 5238 1808 5279 revocans
1843 5242 1855 5278 :
1894 5226 2007 5278 Ila.

417 5323 522 5377 biit
562 5323 774 5395 quidem
812 5330 864 5374 et
902 5319 1049 5389 prius
1078 5317 1490 5388 justiﬁcationes
1521 5317 1767 5382 culturae,
1803 5327 1851 5371 et
1883 5333 2009 5371 san-

416 5423 553 5470 ctum
584 5413 864 5469 excutere.
905 5411 1325 5466 Tabernaculum
1365 5409 1505 5464 enim
1549 5411 1748 5480 factum
1784 5419 1859 5464 est
1892 5409 2007 5476 pri-

477 5615 522 5645 ”
551 5609 658 5667 ιω.
683 5622 914 5675 xxxvut,
949 5615 1034 5666 l2.
1128 5612 1143 5644 '
1190 5611 1359 5666 lCor.
1395 5628 1493 5677 vn,
1523 5610 1713 5669 29—3l.

417 5692 498 5739 ιι.
527 5680 582 5746 i,
615 5681 670 5734 3.
759 5681 781 5711 ⁸
806 5681 970 5736 Hebr.
1020 5683 1132 5747 x,l.

1944 3637 1955 3646 ’
2040 3662 2084 3722 C
2118 3673 2289 3723 mum,
2321 3657 2378 3712 in
2410 3673 2512 3729 quo
2551 3667 2704 3711 erant
2739 3655 3083 3722 candelabra,
3117 3664 3166 3710 et
3201 3670 3403 3722 mensa,
3434 3663 3482 3710 et
3520 3667 3711 3726 propo-

2117 3751 2241 3806 sitio
2267 3766 2470 3821 panum
2493 3749 2536 3804 ⁸.
2570 3747 2779 3805 Deinde
2805 3748 3080 3821 quomodo
3111 3748 3229 3805 haec
3253 3764 3375 3819 quae
3405 3748 3532 3804 talia
3559 3755 3706 3815 sunt,

2117 3841 2496 3914 intelligentur
2545 3855 2831 3912 exponens
2887 3841 3006 3912 ipse
3053 3855 3246 3896 rursus
3287 3839 3550 3904 Hebraeis,
3588 3856 3708 3893 um-

2117 3934 2271 3988 bram
2305 3932 2499 3987 habcre
2532 3932 2697 4004 legem
2726 3932 2747 3964 ⁸
2783 3931 2941 3988 dixit.
2976 3929 3118 4004 Ergo
3150 3945 3249 4002 per
3281 3931 3552 3996 umbram,
3588 3945 3711 3986 cor-

2117 4040 2223 4097 pus
2261 4025 2619 4097 exquiramus
2649 4042 2663 4079 :
2701 4024 3108 4080 Candelabrum
3153 4039 3284 4096 ergo
3321 4023 3557 4078 dicimus
3589 4037 3710 4079 esse

2117 4116 2493 4189 evangelicam
2540 4115 3040 4182 conversationem,
3079 4117 3134 4170 in
3171 4130 3280 4186 qua
3325 4113 3584 4169 Christus
3625 4114 3710 4168 lu-

2117 4222 2302 4264 cernae
2336 4209 2501 4264 modo
2538 4207 2907 4278 exsplende‘re
2945 4207 3181 4262 virtutes
3214 4206 3461 4278 praecipit
3495 4224 3508 4260 :
3542 4205 3710 4261 Nemo

2118 4304 2282 4368 enim,
2306 4301 2506 4372 inquit,
2531 4302 2819 4356 accendens
2844 4300 3135 4366 lucernam,
3157 4313 3311 4372 ponet
3337 4317 3456 4355 eam
3477 4301 3571 4355 sub
3600 4316 3711 4354 mo-

2118 4396 2228 4456 dio.
2262 4395 2354 4450 sed
2396 4409 2554 4464 super
2599 4392 2998 4459 candelabrum,
3032 4402 3091 4446 ut
3134 4393 3305 4447 luceat
3346 4393 3586 4447 omnibus
3622 4393 3711 4463 qui

2114 4487 2171 4541 in
2205 4489 2361 4542 domo
2387 4494 2510 4539 sunt
2542 4485 2584 4539 ⁸.
2618 4483 2716 4540 His
2739 4483 2980 4539 lucernis
3011 4483 3194 4539 oleum
3229 4484 3576 4554 eleemOSyua
3606 4493 3707 4549 cst,

2115 4580 2246 4650 quia
2278 4589 2330 4634 et
2357 4578 2658 4650 jejunium,
2695 4587 2751 4634 et
2785 4574 3091 4648 virginitas,
3122 4585 3179 4631 et
3214 4577 3416 4643 oratio,
3455 4586 3512 4632 et
3549 4576 3711 4646 justi-

2116 4671 2210 4735 tia,
2246 4679 2303 4725 et
2345 4668 2527 4726 omnis
2568 4668 2720 4727 actio
2765 4670 2912 4725 bona
2949 4666 3053 4738 per
3093 4667 3529 4724 misericordiam
3573 4669 3710 4723 dile—

2115 4760 2318 4816 ctionis
2349 4775 2654 4832 pauperum
2732 4759 3014 4831 irrigatur,
3055 4768 3111 4814 et
3171 4759 3559 4816 custodiuntur
3625 4761 3710 4816 in-

2115 4854 2554 4927 cxstinguibiles.
2584 4853 2739 4921 Quod
2769 4854 3126 4910 manifestam
3147 4853 3427 4925 lampades
3465 4855 3709 4926 quinque

2116 4947 2393 5003 fatuarum
2447 4947 2723 5016 virginum
2751 4948 2772 4978 ⁷
2804 4965 2816 5000 :
2856 4963 2999 5016 quae,
3037 4949 3166 5017 quia
3215 4946 3526 5004 dilectionis
3574 4963 3710 5018 pau-

2119 5055 2312 5111 perum
2349 5039 2532 5093 minus
2563 5037 2881 5093 habuerunt
2921 5038 3129 5100 oleum,
3161 5052 3195 5092 a
3231 5053 3440 5110 sponso
3475 5039 3710 5095 exclusa

2119 5143 2267 5188 sunt.
2295 5133 2406 5190 Sed
2429 5141 2649 5203 oportet
2672 5132 2856 5188 oleum
2883 5147 3006 5188 esse
3034 5131 3304 5187 olivarum
3327 5132 3705 5202 purissimum,

2117 5235 2179 5282 ut
2207 5241 2319 5280 non
2354 5241 2422 5281 ex
2459 5225 2754 5297 injustitia,
2785 5239 2967 5294 neque
2996 5239 3063 5279 ex
3095 5225 3396 5294 rapacitate
3429 5224 3706 5282 dilectioni

2115 5334 2422 5389 pauperum
2463 5319 2791 5386 serviamus,
2825 5334 3010 5389 neque
3040 5318 3105 5374 ad
3145 5319 3598 5377 ostentationem.
3632 5319 3707 5376 De

2117 5410 2274 5465 olivis
2303 5418 2489 5466 autem
2518 5423 2625 5478 est,
2654 5411 2699 5466 si
2741 5427 2806 5466 ex
2841 5411 3004 5466 bonis
3033 5410 3335 5478 laboribus,
3367 5421 3424 5466 et
3453 5427 3519 5467 ex
3545 5411 3707 5484 justi-

1827 5615 1866 5686 _'_
1889 5611 2078 5686 Matth.
2111 5630 2229 5675 \:m,
2254 5615 2315 5669 2|
2343 5635 2358 5680 ς
2394 5615 2526 5670 Luc.
2565 5633 2636 5683 Ix,
2675 5615 2765 5672 58.
2843 5622 2866 5652 ⁸
2898 5615 3012 5672 Jcr.
3057 5634 3218 5686 xxxv,
3250 5617 3408 5674 6-10.
3490 5620 3510 5650 ⁸
3539 5619 3703 5676 Hebr.
3774 5596 3778 5599 ’

1231 5683 1251 5713 ⁸
1287 5683 1415 5739 Luc.
1450 5699 1571 5749 \‘lll,
1605 5682 1693 5737 l6.
1774 5684 1793 5716 "
1816 5681 2010 5737 Matth.
2038 5700 2162 5748 xxv,
2192 5685 2212 5739 l
2241 5702 2394 5754 seqq.
