3962 6220
431 359 562 428 1101

428 480 513 534 tite
567 477 847 549 pecuniis,
903 479 990 534 vel
1043 477 1392 550 pessesslone
1449 478 1762 550 perticiatur
1813 501 1827 536 :

427 570 573 625 enim
603 571 761 624 olivae
789 571 1079 634 umbrosae,
1109 580 1165 626 et
1196 571 1491 626 fructuosae.
1532 583 1681 627 recte
1719 573 2000 643 appellan-

429 672 536 717 tur.
586 661 1006 716 Lucidissimum
1056 673 1260 730 autem,
1291 674 1351 718 ut
1393 679 1502 718 non
1548 680 1649 736 pro
1687 665 1856 735 gloria
1899 666 2004 718 hu-

429 769 588 808 mana
621 755 1025 826 elecmosynam
1073 749 1355 809 faciamus.
1394 756 1624 826 Oportet
1662 773 1792 828 ergo
1821 757 2003 810 lucer-

428 859 554 902 nam
601 845 742 898 hanc
786 860 1004 914 semper
1053 846 1304 912 accendi,
1337 855 1490 900 extra
1538 846 1715 900 velum
1751 846 2006 901 videlicet

428 937 674 1006 corporis
709 935 920 990 Christi
955 954 967 989 :
1009 937 1112 991 hoc
1160 935 1306 991 enim
1357 953 1479 992 esse
1523 937 1865 1008 intelligibile
1912 953 2006 992 vc-

426 1027 564 1091 lum,
596 1045 691 1098 per
726 1027 890 1082 tnulta
924 1028 1288 1099 prmcedentia
1319 1029 1752 1084 demonstratum
1794 1039 1898 1085 est.
1942 1030 2004 1082 In

427 1120 768 1174 tabernaculo
803 1125 986 1174 autem
1023 1122 1250 1192 (aderis,
1285 1122 1402 1176 sive
1433 1131 1493 1176 ut
1527 1122 1669 1176 LXX
1700 1124 2003 1187 testimonii,

422 1212 481 1267 id
523 1221 607 1266 est
641 1213 694 1265 in
728 1213 884 1276 cml‘o,
919 1212 974 1266 in
1011 1229 1119 1282 quo
1151 1212 1397 1268 habitare
1435 1211 1605 1268 Deum
1652 1216 2004 1269 manifestum

417 1316 512 1362 est
544 1321 558 1360 :
592 1313 885 1375 utrumque
938 1309 1068 1378 ergo
1117 1323 1146 1360 a
1189 1305 1499 1378 legislatore
1540 1309 1743 1364 dictum
1780 1319 1909 1364 est:
1948 1309 2006 1365 Si

418 1399 575 1453 enim
621 1403 964 1468 qutecunqne
1008 1395 1242 1454 facimus
1279 1401 1611 1472 pauperibus
1637 1402 1680 1467 ⁸,
1725 1401 1842 1456 haec:
1885 1411 2006 1456 tans-

419 1499 590 1560 quam
623 1491 726 1544 sibi
760 1489 920 1556 facta,
957 1491 1000 1544 is
1027 1492 1118 1560 qui
1163 1485 1387 1560 prepte'r
1412 1508 1516 1560 nos
1550 1486 1728 1546 faetus
1757 1503 1840 1546 est
1871 1508 2007 1560 pau-

419 1576 544 1654 per,
574 1582 1005 1652 imputat,'recte
1034 1585 1161 1636 ante
1190 1583 1386 1652 Corpus
1415 1577 1754 1637 DOminieum
1785 1583 2006 1638 lucerna

423 1669 785 1744 eleemosptre
827 1671 1154 1739 incenditur,
1194 1659 1286 1728 sed
1331 1684 1510 1728 tamen
1541 1684 1594 1728 et
1624 1673 1678 1728 in
1707 1675 1846 1730 caelo
1883 1693 1896 1728 :
1933 1675 2007 1730 ibi

417 1763 572 1818 enim
645 1779 774 1819 suos
849 1765 1138 1819 thesauros
1207 1766 1590 1844 miScricordes
1659 1768 2003 1837 permittunt.

1551 363 1634 424 IN
1663 363 2104 426 LEVITICUM.
2140 391 2205 400 —
2243 363 2390 424 LIB.
2418 362 2553 426 VII.

1883 472 2003 535 haec
2035 494 2074 548 Α
2106 479 2226 548 ejus
2252 495 2266 532 :
2292 477 2546 532 Christus
2572 477 2716 530 enim
2741 476 2858 547 ipse
2885 475 3079 547 plenus
3105 485 3185 531 est
3213 475 3430 546 spiritu,
3455 477 3643 535 dicens
3671 497 3684 533 :

3549 363 3686 428 1103

2106 570 2340 640 Spiritus
2362 569 2578 624 Domini
2605 586 2761 637 super
2794 587 2896 627 me.
2934 579 3148 639 propter
3171 570 3309 640 quod
3336 573 3486 624 unxit
3515 589 3596 626 me
3619 569 3685 626 ³⁸.

2109 664 2288 734 Super
2317 678 2476 732 quem
2509 661 2564 714 in
2595 662 2787 730 specie.
2815 661 3082 716 columba
3113 661 3180 716 de
3213 661 3353 714 caelo
3393 661 3690 738 descende-

2106 757 2216 809 bat.
2249 753 2353 808 Sed
2386 764 2436 808 et
2465 755 2634 824 ignem
2667 753 2783 806 veni
2817 753 3024 806 mittere
3052 770 3207 820 super
3236 763 3455 819 terram,
3487 764 3535 808 et
3576 755 3689 808 volo

2107 857 2162 901 ut
2193 847 2512 900 accendatur
2541 847 2603 896 ”.
2632 846 2767 899 Cum
2803 844 2967 912 hujus
3001 845 3237 899 lucernae
3268 845 3447 914 ignem
3482 846 3691 916 signitiu

2105 943 2288 1001 caret,
2342 935 2576 989 dicebat.
2629 934 2765 987 Nam
2823 941 2878 986 et
2927 931 3044 1002 ipse
3100 933 3223 988 ﬁliis
3277 933 3392 988 suis
3445 935 3684 999 tradidit,

2107 1026 2325 1097 quando
2364 1023 2646 1080 insumans
2685 1024 2965 1094 aposmlis,
3003 1024 3216 1079 dicebat
3245 1043 3258 1080 :
3291 1025 3529 1096 Accipite
3565 1027 3687 1098 Spi-

2106 1121 2269 1172 ritum
2320 1129 2561 1172 sanctum
2597 1119 2658 1170 ίτ.
2698 1116 2805 1170 Sed
2852 1117 3073 1170 lucerna
3109 1116 3211 1170 ista
3253 1116 3411 1170 aliter
3446 1133 3554 1172 non
3604 1119 3690 1171 in-

2107 1206 2377 1272 conditur,
2409 1205 2514 1258 nisi
2555 1220 2652 1274 per
2682 1203 2847 1256 vitam
2885 1205 3164 1266 mundam,
3193 1213 3249 1282 et
3277 1213 3373 1272 per
3401 1221 3690 1259 ιυηγετεειο

2085 1297 2312 1351 'tioncm
2343 1296 2758 1360 lueidissimam,
2789 1293 2904 1348 sive
2943 1295 3166 1348 claram.
3202 1294 3306 1359 Qui
3343 1304 3524 1348 autem
3569 1298 3690 1350 talis

2107 1405 2218 1442 non
2261 1398 2366 1454 est,
2406 1388 2628 1458 spiritus
2661 1387 2716 1440 in
2755 1402 2822 1441 eo
2865 1387 3266 1457 exstinguetur.
3316 1386 3504 1456 Neque
3546 1391 3690 1442 enim

2107 1483 2223 1536 sine
2269 1497 2432 1536 causa
2479 1481 2678 1534 Paulus
2728 1479 3159 1542 contestabatur,
3215 1478 3476 1549 Spiritum
3535 1483 3696 1536 nolite

2107 1575 2433 1643 exstinguere
2457 1571 2501 1603 ³⁸
2535 1589 2547 1625 :
2582 1572 2634 1624 in
2667 1571 2824 1624 nobis
2851 1585 2994 1635 esse,
3020 1571 3314 1626 incendere
3347 1573 3466 1641 ejus
3497 1588 3694 1641 opera-

2107 1665 2310 1721 tionem
2338 1674 2395 1719 et
2425 1665 2792 1734 exstinguere,
2820 1671 2916 1716 aut
2941 1661 3226 1716 studentes
3259 1679 3344 1729 ea,
3377 1664 3577 1733 quibus
3607 1666 3694 1718 in-

2109 1737 2398 1821 cendatur,
2451 1764 2543 1809 aut
2605 1753 2978 1828 negligentes,
3033 1751 3319 1806 evidenter
3375 1755 3692 1810 ostendens.

424 1849 657 1922 PrOpte'r
701 1852 844 1921 quod
895 1851 1192 1906 succendat
1241 1855 1360 1907 eam
1401 1841 1602 1920 Aaron,
1639 1855 1755 1910 sive
1810 1869 2004 1908 secun-

2110 1838 2286 1901 Nimis
2321 1861 2454 1916 ergo
2491 1845 2760 1910 ordinate,
2793 1843 3231 1913 quandoquidem
3272 1844 3510 1900 lucernae
3538 1863 3694 1901 men.

425 1944 557 2000 dum
610 1942 772 2008 LXX,
812 1952 860 1996 et
917 1942 1017 2012 ﬁlii
1067 1947 1201 2014 ejus.
1242 1943 1495 2000 ChriStus
1547 1945 1728 2012 enim,
1783 1947 1875 2016 qui
1926 1956 2010 2000 est

425 2053 591 2092 verus
653 2037 934 2102 sacerdos,
993 2053 1300 2109 pauperum
1345 2039 1782 2111 campassionem
1843 2042 2007 2111 cepit.

427 2129 716 2182 Imitantur
770 2138 954 2182 autem
1027 2146 1188 2196 eum,
1248 2131 1562 2201 quicunque
1623 2131 1742 2202 ejus
1812 2132 2010 2186 lucrari

427 2220 775 2288 adoptionem
814 2221 1026 2275 volunt.

501 2311 766 2382 Ponetque
798 2329 888 2365 eas
922 2312 1121 2378 Aaron,
1151 2313 1236 2367 vel
1267 2313 1408 2367 sicut
1441 2309 1596 2368 LXX
1619 2314 1891 2367 incendent
1923 2327 2012 2367 eas

425 2405 632 2465 Aaron,
661 2413 709 2454 et
730 2403 832 2469 ﬁlii
861 2402 974 2470 ejus
999 2419 1028 2453 a
1053 2419 1263 2470 vespere
1293 2419 1453 2471 usque
1485 2421 1657 2457 mane.
1693 2403 1748 2456 Id
1779 2414 1861 2457 est
1892 2404 2012 2457 sine

425 2493 766 2557 cessatione,
811 2493 938 2560 quia
985 2501 1038 2544 et
1079 2489 1340 2545 Salomon
1389 2494 1607 2548 dicebat
1655 2512 1669 2547 :
1719 2494 1898 2548 Oleum
1949 2495 2012 2548 de

424 2581 601 2647 capite
638 2590 726 2635 tuo
765 2596 869 2633 non
907 2580 1116 2649 deﬁciat
1146 2582 1190 2645 ’,
1231 2591 1292 2635 ut
1333 2576 1615 2652 oporteret
1653 2584 2012 2654 eleemosynze
2066 2627 2075 2636 .

423 2670 709 2727 lucernam
767 2673 1060 2726 incendere
1122 2674 1383 2728 continue
1439 2675 1757 2741 ostendens,
1805 2686 1859 2730 et
1908 2677 2013 2730 hoc

428 2763 610 2833 ipsum
662 2779 848 2817 coram
896 2761 1147 2828 Domino,
1182 2765 1323 2818 sicut
1371 2765 1486 2835 ipse
1526 2766 1790 2820 Dominus
1829 2767 2010 2824 dixit:

425 2853 496 2909 Te
532 2865 705 2908 autem
734 2856 958 2926 faciente
1015 2855 1415 2926 eleemosynam,
1456 2859 1652 2912 nesciat
1670 2859 1883 2912 sinistra
1919 2869 2011 2914 tua

426 2947 554 3013 quid
599 2948 767 3016 faciat
811 2948 1024 3002 dextera
1080 2958 1193 3012 tua,
1231 2960 1286 3001 ut
1332 2949 1657 3019 eleemosyna
1699 2960 1790 3004 tua
1839 2952 1908 3004 sit
1957 2953 2013 3006 in

427 3037 751 3104 abscondito,
803 3049 850 3092 et
893 3036 1058 3094 Pater
1100 3050 1219 3094 tuus
1263 3043 1353 3111 qui
1401 3043 1536 3094 videt
1589 3043 1645 3095 in
1692 3043 2010 3111 abscondito,

428 3130 607 3184 reddet
639 3131 732 3184 tibi
763 3132 826 3185 '°.

2112 1929 2317 1992 tionem
2359 1938 2506 2001 facit,
2537 1953 2644 1990 non
2691 1947 2872 1991 autem
2911 1936 3281 2002 lucernarum,
3316 1937 3444 2006 quia
3473 1940 3542 1994 de
3575 1940 3694 2008 ipso

2111 2038 2301 2084 sancto
2323 2029 2562 2097 loquitur
2587 2026 2814 2098 Spiritu,
2844 2029 2925 2083 sic
2951 2028 3102 2094 dicit,
3130 2038 3186 2084 ut
3217 2029 3440 2084 lucerna
3478 2047 3694 2101 semper

2112 2123 2322 2185 ardeat,
2356 2131 2466 2176 tam
2497 2122 2616 2192 ejus
2640 2121 2999 2176 aeternitatem
3037 2121 3356 2187 ostendens,
3378 2122 3504 2192 quia
3529 2138 3695 2193 sponv

2113 2221 2188 2279 te,
2219 2221 2275 2268 et
2309 2230 2373 2268 ex
2421 2229 2518 2268 sua
2561 2214 2886 2268 auctoritate
2927 2213 3298 2270 succenditur.
3333 2213 3468 2279 Quia
3509 2224 3691 2270 autem

2112 2305 2460 2359 lucernarum
2499 2305 2814 2358 memoriam
2852 2303 3000 2369 fecit,
3036 2303 3532 2373 dicitoperationes
3573 2307 3696 2376 δρία

2113 2393 2274 2446 ritus.
2324 2391 2496 2447 Aiunt
2540 2402 2720 2446 autem
2758 2387 2893 2446 LXX
2930 2391 3249 2446 :Incendent
3293 2393 3534 2448 lucernas
3571 2407 3698 2452 ante

2113 2482 2401 2538 Dominum
2443 2501 2603 2554 usque
2644 2500 2817 2548 mane,
2864 2485 2969 2538 hoc
3017 2486 3391 2551 ostendentes,
3431 2487 3556 2556 quia
3593 2504 3697 2542 nos

2112 2592 2249 2646 opus
2321 2576 2585 2631 habemus
2659 2576 2959 2629 accendere
3032 2576 3378 2644 operationes
3440 2579 3698 2646 Spiritalis

2113 2668 2273 2738 ignis,
2306 2667 2584 2720 materiam
2621 2667 2702 2720 eis
2732 2655 3233 2729 sub‘ministrantes,
3261 2682 3325 2720 ex
3367 2669 3567 2736 quibus
3603 2686 3695 2722 ae-

2113 2761 2271 2815 cendi
2315 2761 2448 2814 vult.
2485 2759 2639 2825 Quod
2687 2769 2868 2813 autem
2910 2759 3063 2825 dixit,
3099 2776 3259 2830 usque
3286 2777 3461 2826 mane,
3505 2763 3558 2816 id
3587 2771 3693 2828 est,

2113 2867 2288 2920 usque
2337 2849 2402 2904 ad
2452 2850 2712 2904 saeculum
2757 2859 3072 2914 venturum,
3111 2858 3241 2905 tunc
3288 2866 3398 2904 non
3440 2853 3551 2922 jam
3595 2869 3698 2908 nos

2115 2942 2430 3006 incendere,
2464 2957 2643 3011 neque
2672 2943 2973 2996 accendere
3003 2956 3142 3012 opus
3169 2943 3453 2999 habemus.
3493 2945 3697 2999 Omnes

2113 3034 2262 3089 enim
2308 3033 2513 3088 erimus
2553 3034 2844 3104 spiritales,
2883 3033 2975 3102 qui
3010 3033 3169 3088 nobis
3201 3033 3520 3106 dignitatem
3554 3036 3697 3092 hanc

2115 3126 2171 3180 in
2204 3127 2308 3182 hoc
2334 3126 2532 3181 saeculo
2558 3126 3076 3197 comparaverimus.

505 3220 662 3274 Hanc
700 3221 863 3292 legem
908 3220 1194 3278 habeamus
1235 3224 1378 3278 cultu
1427 3227 1635 3297 rituque
1667 3237 1915 3296 perpetuo
1954 3227 2012 3281 in
2038 3222 2082 3281 C
2183 3217 2344 3274 VERS-
2381 3219 2496 3274 5'9-
2537 3237 2555 3270 ‘
2599 3219 2850 3289 Αοοῖρίθε
2883 3234 3099 3289 quoque
3130 3218 3386 3285 Simiam:
3417 3229 3694 3292 etc0‘1"es

426 3313 851 3384 generationibus
884 3318 1074 3369 nostris
1106 3331 1264 3388 super
1293 3319 1607 3372 candelabro
1641 3321 2007 3375 mundissimo.

428 3405 486 3460 ld
545 3416 631 3459 est
696 3409 1062 3478 evangelicum
1131 3411 1637 3474 conversationem,
1709 3413 2009 3466 secundum

425 3497 570 3565 quod
609 3495 718 3563 j'am
768 3499 1023 3552 diximus.
1075 3499 1157 3552 Ab
1200 3500 1348 3554 omni
1389 3501 1534 3554 enim
1577 3501 1693 3554 haec
1727 3501 1922 3565 ironia,
1954 3509 2012 3555 et

428 3588 697 3656 hypOcrisi
744 3590 945 3644 munda
993 3598 1094 3652 est,
1127 3584 1316 3659 utpote
1356 3591 1609 3646 lucernas
1648 3592 2010 3663 eleemosyna:

425 3684 552 3730 ante
585 3677 897 3742 Dominum,
926 3673 979 3733 et
1013 3696 1122 3734 non
1170 3693 1297 3734 ante
1339 3683 1592 3736 homines
1628 3679 2006 3738 incendentes.

425 3765 612 3834 USque
651 3784 810 3823 mane
840 3779 1020 3824 autem
1063 3772 1440 3838 incendamds,
1478 3774 1530 3826 in
1567 3777 1820 3842 praesenti
1855 3774 2008 3829 vide-

424 3855 552 3912 licet
600 3859 818 3914 saeeu'lo.
863 3861 1095 3926 Quando
1141 3864 1286 3917 enim
1339 3879 1499 3918 mane
1551 3863 1788 3919 illuxerit
1838 3865 2006 3920 futuri

425 3950 630 4015 seculi,
656 3949 765 4020 jam
806 3966 917 4004 non
947 3960 1027 4005 est
1053 3967 1218 4020 super
1252 3947 1468 4022 tempus
1496 3952 1834 4023 operationis
1859 3956 2006 4008 elee-

426 4055 691 4111 mosynze,
739 4041 885 4112 quod
934 4036 1121 4111 aperte
1170 4035 1439 4112 signiﬁcat
1488 4043 1742 4097 Salomon
1772 4045 2002 4100 dicens:

423 4128 506 4184 Ne
533 4131 679 4184 dicas
711 4131 884 4183 amico
914 4141 1002 4184 tuo
1034 4148 1053 4183 :
1087 4130 1243 4195 Vade,
1285 4119 1334 4185 ei
1374 4131 1651 4193 reuertere,
1689 4143 1736 4186 et
1776 4134 2006 4188 crastino

422 4216 560 4270 dabo
589 4217 704 4278 tibi,
734 4234 852 4270 cum
896 4218 1076 4271 statim
1109 4219 1276 4288 possis
1315 4220 1464 4286 dare,
1499 4223 1662 4275 nescis
1702 4225 1841 4276 enim
1880 4226 2008 4294 quid

421 4307 604 4378 pariat
653 4311 1030 4375 superuentura
1080 4311 1190 4362 dies
1227 4309 1291 4362 “.
1327 4308 1382 4364 Id
1417 4307 1516 4375 est,
1550 4311 1768 4378 festina,
1804 4322 1858 4368 et
1892 4329 2004 4368 non

423 4398 664 4464 differas,
696 4414 766 4453 ne
796 4399 936 4453 forte
970 4400 1261 4455 deducaris
1289 4400 1343 4454 in
1374 4400 1530 4469 locis,
1560 4402 1618 4458 in
1647 4404 1848 4472 quibus
1873 4419 2003 4475 ope—

423 4489 534 4543 rari
569 4500 785 4560 tempus
816 4507 925 4544 non
974 4490 1164 4555 habes,
1198 4493 1294 4547 sed
1344 4493 1589 4549 rationes
1629 4495 1738 4551 illic
1774 4505 2002 4554 necesse

421 4580 493 4635 sit
520 4579 674 4635 reddi
699 4581 767 4634 de
797 4582 882 4636 his
905 4597 1027 4651 qua:
1057 4583 1146 4637 hic
1173 4584 1380 4652 Operati
1411 4581 1698 4640 fuerimus.
1729 4586 2000 4643 Praeterea

421 4671 509 4727 his
527 4673 764 4726 salutare
794 4681 1010 4742 tempus
1036 4681 1120 4728 est
1140 4673 1465 4744 legislatoris
1487 4673 1846 4745 intellectum,
1867 4674 2000 4735 can-

417 4763 698 4818 delabrum
719 4759 980 4818 mundum
992 4765 1363 4836 quidcm,quia
1380 4767 1651 4836 peccatum
1672 4784 1777 4822 non
1794 4762 2002 4836 habuit,

418 4863 512 4910 κισ
535 4855 686 4911 dolus
712 4853 952 4910 inue'r‘u's
973 4869 1046 4910 est
1069 4857 1126 4910 in
1146 4861 1236 4911 ore
1255 4858 1368 4928 ejus
1385 4861 1450 4911 ⁸⁸.
1477 4858 1876 4915 Candelabrum
1904 4878 2002 4915 au-

417 4953 549 5010 tem,
565 4947 690 5014 quia
713 4947 825 5014 ipse
843 4956 918 5000 est
939 4947 1112 5001 lumen
1132 4965 1310 5002 verum
1333 4950 1492 5019 ,quod
1509 4949 1776 5004 illuminat
1798 4956 2003 5006 omnem

415 5039 678 5091 hominem
707 5039 995 5093 venientem
1032 5042 1089 5093 in
1124 5041 1263 5094 hunc
1300 5043 1557 5095 mundum
1589 5042 1653 5097 “.
1691 5043 1869 5112 Super
1893 5044 1999 5099 hoc

416 5128 726 5185 incenditur
772 5131 1016 5194 lucerna,
1059 5131 1294 5201 Spiritus
1341 5142 1586 5198 sanctus,
1618 5133 1808 5205 igneus
1849 5124 1996 5190 enim

413 5228 501 5274 est
527 5219 849 5283 substantia,
877 5229 934 5275 et
963 5222 1303 5290 operatione,
1335 5223 1480 5276 unde
1512 5223 1565 5275 in
1597 5223 1780 5290 specie
1808 5221 1997 5293 ignea-

415 5327 537 5366 rum
571 5312 880 5382 linguarum
921 5329 1084 5383 super
1113 5314 1408 5384 discipulos
1436 5309 1720 5369 descendit
1751 5313 1811 5368 “.
1858 5316 1997 5368 Hine

414 5404 770 5473 purissimum
813 5405 992 5459 oleum
1043 5406 1263 5469 oﬂ‘erre,
1300 5405 1350 5459 id
1394 5416 1478 5460 est
1521 5405 1683 5459 vitam
1738 5405 1994 5460 mundam

414 5495 726 5552 debemus:
762 5496 1018 5562 scientes,
1049 5500 1175 5568 quia
1224 5514 1334 5553 non
1382 5499 1624 5552 omnium
1674 5507 1757 5552 est
1806 5498 1996 5553 incenv

415 5588 546 5641 dere
577 5587 727 5649 illud,
750 5587 842 5640 sed
872 5588 1044 5641 solius
1073 5589 1424 5660 intelligibilis
1450 5591 1648 5652 Aaron,
1675 5597 1731 5642 et
1763 5589 1992 5642 filiorum

489 5741 509 5772 ³
543 5741 731 5794 Matth.
763 5759 888 5808 xxv,
916 5743 1002 5797 40.

418 5807 461 5841 ³⁵
494 5812 615 5867 Act.
650 5829 709 5875 ιι,
739 5813 792 5865 5.
906 5815 949 5845 ³⁵
982 5816 1080 5866 Isa.
1111 5830 1219 5878 LXI,
1255 5817 1304 5868 t.
1419 5815 1460 5844 ’⁸
1484 5814 1614 5871 Luc.
1648 5829 1743 5881 xu,
1767 5815 1856 5870 49.

1117 5745 1138 5773 ν
1168 5743 1311 5798 Eccl.
1344 5763 1416 5801 tx.
1445 5745 1496 5797 8.
1577 5745 1621 5775 ὀ
1655 5741 1848 5798 Matth.
1892 5743 2042 5805 vt,5.
2079 5743 2133 5795 t.
2227 5743 2263 5772 ιι
2294 5740 2454 5795 Ρτον.
2482 5758 2562 5798 ιιι.
2595 5742 2684 5796 es.
2765 5744 2808 5774 ι’
2832 5743 2977 5799 Pctr.
3014 5761 3055 5804 ι,
3084 5727 3174 5800 2‘2.

1117 5830 1219 5866 LXI.
1255 5817 1304 5866 t.
1419 5815 1460 5844 ’⁸
1484 5814 1614 5866 Luc.
1648 5829 1743 5866 χιι.
1767 5815 1856 5866 49.
1970 5811 2189 5866 "Joan.
2212 5829 2300 5866 xx.
2333 5813 2419 5866 “3‘2.
2540 5813 2620 5866 ⁸⁸1
2651 5813 2847 5866 Thess.
2877 5831 2930 5866 v.
2971 5816 3053 5866 19.

2112 3319 2179 3358 ex
2224 3319 2287 3359 ea
2315 3305 2598 3359 duodecim
2635 3321 2822 3375 panes,
2859 3307 2950 3376 qui
2997 3307 3197 3378 singuli
3234 3309 3510 3364 habebunt
3555 3310 3696 3365 duas

2113 3390 2366 3445 decimas.
2411 3390 2652 3458 Quorum
2683 3409 2844 3448 senos
2894 3395 3215 3452 altrinsecus
3253 3413 3418 3468 super
3448 3415 3692 3456 mensam

2111 3483 2460 3552 purissimam
2502 3502 2682 3539 coram
2713 3485 2942 3542 Domino
2973 3496 3195 3553 statues,
3231 3498 3287 3544 et
3315 3506 3487 3560 pones
3530 3509 3696 3562 super

2111 3567 2205 3626 eos
2234 3576 2359 3629 thus
2390 3577 2808 3643 lueidissimum,
2841 3579 2900 3632 ut
2927 3578 2995 3633 sit
3031 3582 3183 3648 panis
3208 3581 3262 3633 in
3293 3585 3690 3638 monimentum

2111 3664 2396 3720 oblationis
2428 3666 2659 3720 Domini.
2689 3666 2792 3722 Per
2827 3668 3036 3739 singula
3067 3667 3301 3723 Sahbata
3334 3673 3692 3726 mutabuntur

2110 3769 2292 3809 coram
2317 3755 2566 3822 Domino,
2592 3760 2826 3828 suscepti
2852 3777 2880 3813 a
2912 3761 3031 3813 tiliis
3059 3761 3221 3815 Israel
3255 3761 3459 3817 fmdere
3487 3765 3692 3834 sempi-

2111 3850 2288 3908 terno,
2337 3856 2606 3916 eruntque
2651 3851 2830 3902 Aaron
2871 3857 2924 3902 et
2973 3849 3207 3902 ﬁliorum
3237 3850 3377 3920 ejus,
3416 3861 3474 3906 ut
3506 3870 3691 3909 come—

2108 3933 2240 3988 dant
2269 3950 2362 3989 eos
2394 3936 2450 3990 in
2497 3946 2684 3992 saneto
2725 3939 2864 4005 loco,
2919 3942 3046 4011 quia
3086 3952 3334 3996 sanetum
3375 3952 3689 4001 sanctorum

2110 4035 2194 4080 est
2223 4027 2289 4081 de
2327 4029 2593 4084 sacrificio
2619 4031 2830 4084 Domini
2859 4031 2982 4100 jure
3009 4043 3329 4102 perpetuo.»

2179 4117 2347 4173 Vocat
2369 4120 2434 4174 ad
2465 4121 2976 4192 contemplationem
3004 4115 3242 4180 mandati
3291 4129 3393 4182 nos
3439 4128 3557 4198 ipse
3590 4145 3686 4201 ρει

2105 4206 2238 4265 num
2282 4205 2564 4277 numerus,
2597 4215 2688 4268 sed
2730 4222 2783 4268 et
2834 4216 3173 4286 propositio:
3205 4225 3256 4271 et
3300 4219 3426 4289 quia
3471 4236 3581 4288 non
3633 4232 3690 4278 et

2106 4302 2271 4371 ipsos,
2307 4305 2764 4372 quemadmodum
2802 4321 2863 4360 ea
2895 4322 3014 4376 quae
3059 4316 3187 4361 sunt
3214 4307 3282 4362 de
3308 4311 3601 4381 sartagine.
3633 4321 3689 4367 et

2105 4393 2382 4458 craticula,
2431 4402 2486 4449 et
2538 4395 2773 4460 clibano,
2822 4397 3197 4452 holocaustum
3258 4399 3375 4456 ﬁeri
3421 4383 3684 4474 praecipit,

2106 4484 2202 4540 sed
2239 4486 2363 4555 poni
2397 4482 2617 4556 quidem
2655 4489 2712 4542 in
2747 4483 2932 4544 mensa
2970 4489 3316 4556 altrinsecus,
3351 4502 3406 4548 et
3435 4494 3565 4549 solis
3589 4512 3688 4573 eos

2033 4555 2268 4632 Dlicere
2311 4555 2702 4644 Sacerdotibus,
2733 4587 2841 4634 non
2876 4583 2930 4635 et
2963 4579 3164 4636 Levitis
3192 4555 3376 4649 edere,
3410 4592 3469 4639 ut
3503 4565 3684 4641 tamen

2107 4677 2162 4724 et
2189 4671 2258 4726 ab
2289 4665 2421 4741 ipsis
2458 4671 2512 4726 in
2545 4662 2664 4726 loco
2691 4682 2879 4728 sancto
2907 4673 3282 4729 comedantur.
3315 4663 3421 4731 Sed
3462 4686 3518 4732 et
3559 4681 3686 4751 quia

2108 4771 2357 4816 sanctum
2400 4755 2712 4818 sanctorum
2763 4764 3019 4834 appellati
3069 4774 3214 4832 sunt,
3277 4767 3520 4840 intellige
3563 4753 3684 4840 qua:
3762 4799 3774 4816 π

2108 4854 2384 4909 dicuntur.
2411 4856 2571 4911 Dabit
2600 4856 2745 4910 enim
2772 4857 2868 4911 tibi
2899 4857 3162 4913 Dominus
3183 4845 3548 4940 intelleetum._
3568 4861 3682 4916 Me-

2091 4942 2297 5001 mento
2336 4940 2576 5018 mystica:
2627 4946 2852 5010 mensae.
2907 4947 2975 5003 de
3014 4965 3118 5020 qua
3165 4951 3301 5005 nulli
3353 4933 3685 5028 praesumere
3779 4949 3782 4952 ’

2108 5033 2442 5109 ῄτωεθρῐυῑη
2472 5048 2578 5103 est,
2623 5050 2849 5111 excepto
2894 5042 3216 5114 intelligibili
3265 5043 3467 5104 Aaron,
3509 5043 3559 5097 id
3601 5053 3684 5119 est

2103 5128 2368 5184 Christo:
2403 5131 2522 5200 ipse
2566 5131 2710 5185 enim
2757 5147 2876 5186 eam
2926 5133 3135 5203 primus
3189 5134 3422 5187 initiavit
3465 5134 3600 5214 :sed
3627 5141 3682 5211 et

2103 5222 2229 5277 ﬁliis
2269 5223 2410 5292 ejus,
2449 5223 2540 5292 qui
2583 5225 2652 5278 ab
2694 5240 2759 5280 eo
2802 5225 2928 5281 facti
2958 5235 3085 5280 sunt
3129 5225 3356 5291 Christi,
3404 5233 3456 5281 et
3501 5211 3676 5284 induti

2103 5324 2232 5370 sunt
2256 5331 2322 5369 eo
2349 5333 2361 5368 :
2385 5327 2546 5385 quam
2579 5323 2758 5371 tamen
2784 5317 3071 5372 comedere
3100 5317 3153 5372 in
3184 5317 3303 5379 loco
3331 5326 3518 5373 sancto
3540 5318 3676 5394 jussi

2103 5415 2249 5461 sunt.
2299 5405 2393 5461 Est
2438 5424 2566 5461 vero
2593 5418 2646 5462 et
2675 5417 2922 5464 sanctum
2968 5419 3303 5472 sant-torum,
3348 5420 3406 5464 ut
3434 5412 3678 5466 sanctiﬁ-

2103 5497 2372 5552 cationem
2422 5499 2660 5552 habeant
2707 5499 3059 5568 praecipuam,
3105 5509 3158 5553 et
3211 5500 3676 5571 imlespicabitcm.

2103 5588 2184 5641 Illi
2215 5604 2382 5656 panes
2411 5605 2475 5643 ex
2514 5589 2723 5643 duabus
2750 5591 2996 5656 decimis,
3030 5591 3120 5646 Dei
3147 5590 3290 5646 enim
3331 5602 3385 5648 et
3421 5593 3676 5656 hominis,

3289 5748 3332 5780 ’³
3351 5745 3506 5802 Joan.
3553 5764 3588 5814 ι,
3623 5747 3676 5804 9.

2540 5813 2620 5866 ⁸⁸1
2651 5813 2847 5868 Thess.
2877 5831 2930 5880 v,
2971 5816 3053 5870 19.
