3988 6222
474 295 518 360 Ἰ
532 298 629 361 103
1612 364 1618 369 ,
1678 293 2039 355 HESYCHII
2078 291 2554 355 PRESBYTER!
3601 282 3715 347 110$

462 422 619 469 urunt
639 412 880 484 ejusdem
910 411 965 465 in
992 418 1222 487 utroque
1260 408 1509 479 perfecti,
1540 418 1821 480 ponuntur
1848 409 1966 464 seni
1996 409 2069 475 al-
2098 420 2140 475 Α
2171 423 2325 462 suam
2349 421 2471 462 esse
2499 418 2762 468 mensam,
2790 409 2846 458 et
2884 407 3266 487 testamentum
3292 412 3455 479 suum
3485 405 3715 453 aeternum

489 476 775 557 trinsecus.
806 498 1024 570 Mystica
1051 476 1238 552 mensa
1263 476 1490 568 ponitur
1512 476 1731 568 quidem
1758 498 1868 562 hic,
1902 498 2065 569 poni-
2170 499 2457 568 solumque
2489 497 2690 561 Aaron,
2716 503 2770 548 et
2807 480 2944 547 ﬁlios
2977 491 3098 561 ejus
3143 476 3307 558 hujus
3345 476 3453 543 cibi
3484 502 3597 543 esse
3614 503 3719 558 par-

468 604 577 646 tur
590 591 751 646 etiam
781 590 835 643 in
868 589 1050 644 futuro
1080 589 1298 643 saeculo.
1327 587 1430 644 Sex
1459 598 1637 643 autem
1658 603 1849 660 panes,
1869 588 2066 658 positio
2170 588 2382 661 ticipes,
2426 588 2673 659 praecipit
2698 585 2986 642 comedere
3014 599 3123 638 non
3156 582 3382 651 ubique,
3415 580 3509 636 sed
3540 580 3594 634 in
3621 581 3719 636 loco

467 695 610 746 ιιιηαν
652 679 780 750 (Ιιιίδ
822 677 1100 749 Perfectus
1140 692 1422 745 numerus.
1479 679 1622 733 Sicut
1647 686 1702 732 ει
1747 677 2063 749 mysterium
2169 689 2379 737 sancto.
2407 679 2488 734 Sit
2518 687 2700 733 autem
2736 678 2894 732 nobis
2917 684 3138 730 sanctus
3164 675 3318 728 locus
3350 672 3503 742 prius
3534 673 3719 742 quidem

468 769 662 840 vipsum
701 768 1024 840 perfectum,
1064 777 1119 823 et
1167 768 1436 840 perfectos
1483 769 1612 825 facit
1666 784 1780 833 ros,
1821 768 1913 838 qui
1964 769 2066 823 hoc
2169 771 2292 825 aula
2316 770 2437 835 Dei,
2465 770 2662 825 deinde
2685 777 2872 824 nostra
2899 782 3127 837 corpora
3157 765 3381 835 quando
3432 763 3724 833 suntapol-

485 861 759 916 iruuntur.
801 859 863 915 In
890 875 982 915 sex
1011 871 1191 916 autem
1238 861 1434 916 diebus
1480 862 1597 916 lure
1636 860 1871 916 visibilis
1924 860 2065 915 facta
2170 862 2473 917 lutionibus
2534 861 2757 924 munda,
2801 861 2874 914 ita
2908 868 2969 913 ut
2995 867 3051 913 et
3090 858 3248 913 nobis
3278 856 3608 934 conveniant
3633 856 3724 910 haec

484 961 571 1009 est
606 960 877 1018 creatura,
920 963 1180 1023 sextaque
1223 954 1312 1009 die
1356 954 1523 1009 homo
1572 954 1866 1024 productus
1889 961 1971 1006 est
1999 952 2065 1018 ¹⁹,
2168 953 2323 1009 Pauli
2371 954 2577 1011 verba:
2608 952 2874 1022 Templum
2909 938 3042 1005 enim
3084 949 3180 1004 Dei
3226 957 3474 1003 sanctum
3502 957 3590 1012 est,
3615 948 3726 1017 quod

487 1055 707 1116 propter
732 1061 894 1116 quem
930 1046 1184 1101 Christus
1227 1047 1512 1117 mysticam
1551 1047 1875 1117 prmparavit
1909 1061 2066 1100 men-

486 1152 623 1194 sam.
657 1136 1045 1193 Verumtamen
1080 1147 1135 1192 et
1159 1152 1352 1194 omnes
1398 1138 1560 1192 simul
1604 1148 1749 1193 recte
1776 1137 2066 1192 duodecim

486 1245 656 1301 panes
678 1242 826 1295 sunt,
848 1246 974 1301 quia
1000 1230 1159 1302 primi
1186 1230 1520 1286 Dominicam
1551 1227 1905 1287 coenaverunt
1933 1244 2068 1302 apo-

486 1321 636 1387 stoli,
667 1322 761 1392 qui
804 1331 961 1377 erant
995 1321 1280 1377 duodecim
1308 1337 1556 1378 numero.
1590 1324 1768 1394 Super
1811 1323 1911 1379 hos
1938 1324 2069 1379 thus

488 1414 884 1471 lucidissimum
915 1415 1152 1485 ponitur,
1196 1416 1308 1471 sive
1337 1423 1398 1471 ut
1424 1415 1586 1483 LXX,
1616 1417 1777 1472 etiam
1810 1417 1908 1473 sal.
1961 1415 2068 1472 Sed

490 1504 620 1559 thus
646 1504 817 1574 prius,
856 1505 1149 1575 gratiarum
1181 1507 1473 1570 actionem,
1506 1504 1559 1560 id
1586 1512 1669 1559 est
1713 1505 2066 1570 oblationem,

490 1611 612 1666 quae
636 1594 1001 1665 principatum
1034 1604 1184 1651 tenet
1209 1597 1265 1651 in
1290 1596 1628 1652 Dominicam
1654 1612 1887 1665 ccenam,
1910 1597 2071 1668 signi-

490 1684 614 1740 ﬁcat
641 1684 788 1749 thus,
816 1700 927 1739 non
955 1685 1129 1740 solum
1158 1685 1284 1755 quia
1311 1686 1622 1741 immolatur
1654 1687 1783 1752 Deo,
1812 1687 1906 1742 sed
1941 1687 2068 1759 quia

489 1788 547 1833 ct
593 1779 815 1842 multas,
876 1780 1017 1834 sicut
1070 1781 1261 1836 dicunt
1314 1781 1532 1848 medici,
1574 1789 1730 1837 sanat
1786 1781 2067 1837 oculorum
2104 1759 2148 1814 Β

485 1874 858 1947 rgritudines.
891 1873 981 1929 Sal
1004 1875 1149 1930 enim
1169 1875 1533 1944 apostolorum
1571 1875 1871 1932 doctrinam
1905 1876 2071 1946 signi-

489 1964 634 2031 ﬁcat,
667 1965 733 2020 ad
774 1980 912 2037 quos
943 1965 1184 2020 dicitur:
1218 1965 1315 2020 Vos
1347 1967 1470 2021 estis
1516 1965 1599 2021 sal
1633 1976 1785 2021 terra:
1808 1967 1875 2021 '°.
1904 1965 2071 2021 Recte

488 2065 670 2112 autem
700 2056 756 2111 in
792 2056 977 2112 multis
1010 2057 1142 2113 locis
1168 2057 1407 2131 mysticae
1435 2072 1659 2123 mensze,
1692 2058 1793 2128 ipsi
1840 2057 2070 2127 apostoli

490 2156 546 2204 ct
571 2149 818 2205 doctrina
844 2164 1036 2204 eorum
1066 2157 1366 2219 ponuntur,
1425 2150 1552 2220 quia
1604 2150 2068 2220 quemadmodum

491 2241 626 2312 ipsis
685 2241 972 2308 Dominus,
1012 2241 1091 2297 sic
1127 2241 1233 2313 ipsi
1285 2242 1443 2296 nobis
1471 2243 1670 2297 divinae
1717 2257 1887 2298 coenae
1917 2256 2072 2297 com-

490 2335 807 2390 munionem
841 2334 1204 2400 tradiderunt,
1235 2349 1468 2405 quorum
1510 2348 1695 2391 mensa
1727 2336 1953 2397 munda,
1988 2336 2072 2388 vi-

485 2427 684 2483 delicet
727 2429 919 2496 altare,
958 2427 1024 2483 de
1046 2442 1156 2499 quo
1203 2428 1371 2483 David
1419 2427 1714 2499 psallebat:
1759 2426 1970 2483 Parasti
2016 2429 2072 2481 in

482 2529 761 2593 conspectu
801 2537 914 2576 meo
956 2538 1210 2589 mensam,
1262 2522 1511 2578 adversus
1552 2540 1636 2579 eos
1685 2524 1774 2595 qui
1819 2522 2071 2577 tribulant

487 2630 573 2668 me
600 2615 665 2670 “.
694 2613 818 2669 llaec
855 2614 1056 2669 munda
1089 2622 1173 2669 est
1214 2616 1450 2687 primum
1481 2617 1701 2687 quidem
1738 2617 1877 2673 sicut
1909 2632 2073 2671 mun-

489 2705 647 2772 dans,
685 2706 883 2761 deinde
909 2706 1051 2761 sicut
1086 2707 1222 2762 nihil
1260 2709 1551 2773 mendacii,
1598 2725 1702 2764 nec
1742 2709 2068 2777 infectionis,

489 2798 669 2866 qualia
692 2806 819 2853 sunt
840 2798 893 2851 in
925 2799 1194 2870 mysteriis
1217 2816 1574 2872 paganorum,
1602 2803 1808 2858 habens
1830 2804 2070 2875 insuper,

489 2889 617 2958 quia
646 2904 760 2946 non
784 2890 910 2946 licet
938 2892 1255 2963 participem
1290 2894 1432 2949 illius
1462 2893 1578 2949 ﬁeri
1623 2911 1771 2960 eum,
1821 2895 1913 2966 qui
1964 2912 2071 2951 non

492 2982 698 3036 mundo
729 2983 940 3038 accedit
965 2999 1148 3050 sensu,
1174 3000 1350 3056 neque
1396 2987 1617 3042 indutus
1645 2997 1728 3043 est
1749 2997 1897 3043 veste
1928 2988 2071 3052 alba,

488 3074 708 3142 qualem
735 3073 828 3144 qui
860 3075 1085 3131 indutus
1112 3092 1219 3131 non
1260 3078 1422 3132 fuerit
1452 3079 1734 3149 projicitur
1761 3094 1827 3135 ex
1853 3079 1952 3144 eis,
1978 3080 2069 3150 qui

491 3166 665 3221 vocati
696 3174 825 3221 sunt
848 3167 915 3222 ad
946 3183 1156 3223 crenam
1185 3168 1326 3223 hanc
1353 3185 1570 3241 semper
1609 3172 1673 3225 ".
1724 3170 1831 3226 Sed
1872 3179 1929 3226 et
1979 3172 2070 3226 die

494 3257 855 3313 Sabbatorum
885 3258 1131 3329 praecipit
1157 3261 1305 3330 poni,
1333 3261 1565 3331 primum
1593 3263 1833 3332 quidem,
1865 3262 1991 3331 quia
2016 3271 2071 3317 et

490 3348 549 3401 in
577 3347 899 3419 intelligibili
940 3352 1129 3420 requie
1159 3367 1279 3421 qua:
1307 3365 1392 3408 est
1423 3369 1612 3408 verum
1645 3352 1960 3419 Sabbatum,
1988 3354 2072 3409 lo-

493 3456 616 3497 cum
642 3441 825 3507 habet,
853 3443 1036 3499 ethoc
1061 3455 1143 3500 est
1168 3460 1354 3501 mensa
1381 3446 1617 3512 Domini,
1648 3447 1749 3503 etsi
1776 3463 1931 3504 creua
1954 3448 2074 3519 ejus

490 3543 592 3589 est
627 3548 788 3600 nova,
829 3536 1289 3605 quemadmodum
1341 3537 1470 3594 licet
1495 3539 1548 3593 in
1601 3539 1705 3605 his,
1754 3555 1877 3610 quae
1928 3540 2073 3597 dicta

482 3634 624 3684 sunt
669 3642 699 3682 a
742 3627 972 3684 Domino
1009 3629 1078 3684 de
1127 3629 1295 3686 calice
1338 3631 1463 3686 vitae
1492 3641 1732 3696 πίει-ηαξ,
1777 3632 2071 3703 conjicere.

490 3718 630 3787 Quia
679 3724 859 3775 autem
907 3736 1017 3776 non
1059 3720 1260 3777 frustra
1306 3724 1443 3791 haec,
1473 3737 1594 3794 quae
1623 3739 1772 3779 nunc
1800 3725 2075 3796 legislator

493 3810 766 3881 exposuit,
797 3811 854 3865 in
890 3808 1176 3883 'Unigeniti
1204 3813 1506 3885 accipimus
1530 3829 1738 3880 mensa,
1774 3829 1876 3869 nec
1902 3814 2076 3885 loqui—

495 3916 618 3958 mur
667 3912 1002 3975 arroganter,
1045 3914 1141 3959 aut
1180 3905 1483 3961 scurriliter
1529 3906 1885 3976 exquirimus,
1930 3906 2076 3976 quod

495 4005 605 4046 non
632 3993 702 4049 ad
730 3992 1090 4050 intentionem
1115 3992 1251 4067 legis
1279 3996 1537 4066 pertinet,
1571 3997 1668 4052 sed
1700 3996 1809 4052 imo
1834 3997 1991 4052 valde
2023 4004 2078 4053 et

495 4096 625 4139 vere
674 4083 1023 4155 conjicimus,
1082 4085 1200 4157 ipsa
1266 4086 1505 4142 auditori
1557 4089 1721 4144 verba
1765 4089 2078 4147 satisfacere

496 4182 745 4245 possunt,
797 4174 852 4230 in
887 4175 1087 4246 quibus
1126 4176 1225 4231 'hic
1294 4177 1517 4249 pr0prie
1573 4178 1792 4235 locutus
1838 4180 2075 4247 videtur,

496 4268 572 4321 ait
598 4267 746 4323 enim
776 4285 789 4321 :
2042 4326 2048 4333 .

571 4357 636 4416 Ut
685 4361 756 4416 sit
814 4360 967 4430 panis
1020 4361 1077 4415 in
1109 4362 1484 4434 monimentum
1516 4364 1791 4420 oblationis
1842 4365 2077 4420 Domini.

2171 1047 2291 1101 estis
2313 1064 2399 1102 vos
2422 1047 2487 1100 ”.
2515 1044 2740 1115 Insuper
2761 1045 2980 1100 elevans
3008 1045 3129 1115 ejus
3155 1042 3415 1114 gloriam,
3447 1049 3503 1096 et
3520 1040 3726 1112 mysterii

2170 1138 2489 1210 dignitatem
2521 1138 2758 1193 ell’erens
2794 1138 2847 1192 in
2876 1137 3108 1193 sublime
3134 1136 3285 1191 addit
3319 1153 3335 1189 :

2240 1229 2494 1286 Sanctum
2510 1241 2811 1286 sanctorum
2831 1240 2905 1285 est
2922 1231 2985 1285 de
2998 1229 3259 1300 sacriﬁcio
3275 1227 3492 1282 Domini
3499 1226 3617 1296 jure
3634 1241 3729 1294 per-

2172 1333 2349 1392 petuo.
2369 1323 2511 1395 Ergo
2528 1330 2715 1378 sancta
2731 1331 2816 1378 est
2834 1323 3030 1389 oratio,
3047 1329 3234 1376 sancta
3247 1319 3455 1375 divina:
3472 1316 3728 1388 Scriptum

2172 1414 2336 1471 lectio
2352 1425 2409 1471 et
2429 1416 2895 1488 interpretationis
2916 1415 3142 1480 auditio,
3164 1423 3353 1470 sancta
3375 1421 3527 1478 sunt,
3548 1421 3604 1466 ut
3627 1412 3727 1466 bre-

2171 1509 2314 1565 viter
2343 1508 2541 1571 dicam,
2580 1508 2764 1564 omnia
2791 1524 2912 1579 quae
2941 1507 2998 1561 in
3038 1507 3296 1563 Ecclesiis
3326 1507 3429 1562 Dei
3462 1504 3726 1561 secundum

2171 1602 2345 1673 legem
2370 1602 2493 1672 ejus‘
2509 1602 2767 1658 dicuntur
2794 1610 2850 1658 et
2872 1609 3130 1673 aguntur.
3163 1600 3369 1655 Sancta
3400 1609 3589 1654 autem
3623 1614 3726 1652 san-

2173 1703 2386 1750 ctorum
2421 1693 2489 1749 de
2537 1693 2803 1750 sacriﬁcio
2833 1693 3068 1757 Domini,
3102 1692 3170 1747 de
3201 1692 3467 1746 omnibus
3515 1690 3731 1745 videlicet

2174 1802 2293 1858 quae
2333 1786 2646 1842 offeruntur
2679 1795 2734 1841 et
2760 1792 3013 1858 aguntur,
3049 1785 3115 1840 ad
3145 1785 3267 1854 ejus
3299 1783 3530 1855 gloriam
3572 1783 3727 1837 mens:

2180 1887 2287 1946 est,
2313 1892 2477 1948 quam
2509 1877 2578 1934 de
2606 1877 2870 1934 sacriﬁcio
2892 1893 2994 1932 suo
3039 1875 3291 1931 Christus
3316 1875 3588 1946 proponit.
3620 1873 3728 1926 Nam

2175 1984 2284 2025 non
2315 1969 2633 2040 simpliciter
2655 1968 2811 2031 dixit,
2844 1967 2969 2039 quia
2997 1976 3247 2022 sanctum
3293 1974 3603 2021 sanctorum
3631 1973 3726 2018 est:

2173 2062 2270 2118 sed
2307 2062 2513 2118 addidit
2546 2062 2845 2117 secundum
2879 2059 3043 2124 LXX,
3078 2059 3180 2129 ipsi
3219 2074 3332 2114 non
3372 2059 3546 2114 solum
3577 2057 3657 2128 qui
3676 2056 3731 2110 ah

2174 2171 2241 2210 eo
2291 2154 2721 2210 satisfactionem
2772 2152 2937 2207 habet
2977 2150 3074 2206 sed
3099 2158 3155 2205 et
3198 2150 3606 2205 subsistentiam
3642 2162 3728 2203 non

2173 2247 2508 2318 negligenter
2534 2260 2654 2300 eam
2687 2243 2780 2299 sed
2807 2242 3030 2314 proprio
3065 2242 3335 2312 sanguine
3368 2260 3382 2295 :
3410 2242 3501 2312 qui
3537 2256 3628 2312 pro
3652 2254 3729 2292 no-

2173 2336 2256 2392 bis
2289 2336 2494 2392 etl‘usus
2521 2344 2605 2390 est
2627 2335 2950 2391 ostendente
2980 2343 3035 2389 et
3056 2335 3458 2389 constituente.

2244 2406 2406 2485 Vens.
2424 2429 2610 2482 ill-Li.
2631 2446 2649 2480 ι
2679 2428 2821 2483 Ecce
2847 2436 3027 2482 autem
3062 2442 3318 2498 egressus
3348 2426 3493 2480 illius
3522 2422 3730 2479 mulieris

2174 2521 2512 2588 Israelitidis,
2542 2536 2703 2592 quem
2734 2528 3023 2591 pepererat
3049 2519 3117 2574 de
3147 2519 3266 2574 viro
3316 2516 3571 2590 Egyptio
3611 2517 3729 2570 inter

2173 2615 2311 2672 ﬁlios
2338 2616 2527 2679 Israel,
2547 2615 2794 2687 jurgatus
2814 2622 2895 2669 est
2914 2613 2972 2668 in
2988 2613 3181 2668 castris
3204 2627 3331 2666 cum
3358 2614 3477 2668 viro
3500 2609 3726 2665 Israelita.

2173 2707 2417 2777 Cumque
2441 2706 2869 2777 blasphemasset
2887 2719 3086 2759 nomen
3106 2702 3341 2769 Domini,
3371 2712 3429 2757 et
3455 2698 3728 2756 maledixi;-

2173 2810 2256 2856 set
2271 2800 2342 2862 ei,
2370 2798 2635 2853 adductus
2663 2804 2743 2851 est
2762 2796 2827 2852 ad
2849 2795 3085 2868 Moysen.
3104 2795 3418 2851 Vocabatur
3440 2802 3612 2849 autem
3634 2806 3728 2846 ma-

2132 2882 2137 2885 ’
2175 2902 2257 2947 ter
2274 2891 2392 2961 ejus
2406 2889 2722 2954 Salomiteh,
2740 2889 2845 2943 lilia
2862 2889 3042 2951 Dabri,
3058 2888 3128 2943 de
3148 2888 3295 2942 tribu
3312 2886 3453 2941 Dan.
3474 2885 3729 2940 Miserum-

2175 3001 2279 3056 que
2312 3001 2435 3040 eum
2467 2984 2521 3038 in
2549 2999 2844 3047 carcerem,
2870 2982 3044 3038 donec
3066 2989 3311 3047 nossent,
3340 2979 3489 3051 quod
3512 2977 3730 3049 ju'ssisset

2178 3077 2461 3131 Dominus.
2491 3073 2593 3141 Qui
2626 3076 2840 3130 locutus
2867 3082 2952 3128 est
2980 3073 3048 3127 ad
3081 3072 3326 3145 Moysen,
3359 3072 3548 3126 dicens
3573 3067 3728 3124 :Educ

2126 3173 2141 3192 ‘
2174 3169 2552 3240 blasphemum
2600 3167 2764 3222 istum
2798 3174 2950 3222 extra
2983 3174 3183 3229 castra,
3217 3173 3275 3218 et
3318 3172 3529 3234 ponant
3566 3174 3728 3216 omnes

2172 3260 2267 3332 qui
2298 3261 2609 3325 audierunt,
2646 3275 2841 3314 manus
2883 3273 3009 3314 suas
3039 3272 3205 3327 super
3234 3266 3403 3328 caput
3435 3256 3556 3326 ejus
3580 3261 3632 3310 et
3665 3252 3730 3306 la-

2173 3354 2324 3424 pidet
2349 3368 2472 3407 cum
2492 3352 2737 3422 pepulus
2761 3350 3066 3406 universus.
3120 3368 3139 3402 ι

2238 3444 2588 3499 Admirabilia
2619 3452 2675 3499 et
2702 3458 2847 3497 nunc
2872 3442 3034 3497 nobis
3058 3441 3337 3515 legislator
3355 3441 3536 3506 tradit,
3558 3436 3610 3493 in
3628 3433 3728 3507 qui-

2172 3533 2278 3588 bus
2309 3533 2530 3605 dignum
2560 3541 2646 3588 est
2675 3532 2859 3588 dicere
2893 3549 2907 3586 ε
2944 3529 3119 3597 Quam
3148 3530 3334 3589 dulcia
3362 3530 3595 3603 faucibus
3621 3523 3724 3579 meis

2176 3625 2384 3697 eloquia
2415 3636 2527 3691 tua,
2559 3624 2802 3689 Domine,
2836 3641 2993 3695 super
3022 3624 3125 3678 mel
3151 3632 3200 3677 et
3231 3624 3416 3695 {avum
3448 3623 3525 3677 ori
3554 3615 3726 3674 meo“-

2176 3715 2490 3771 Necessaria
2522 3716 2688 3780 enim,
2723 3724 2777 3770 et
2806 3715 2970 3770 nimis
2992 3712 3144 3768 utilia
3169 3713 3225 3768 in
3245 3712 3567 3785 imaginibus
3594 3706 3724 3769 vivis.

2177 3817 2233 3864 et
2253 3808 2420 3880 signis
2443 3807 2716 3873 animatis,
2741 3816 2797 3862 et
2817 3807 3172 3878 operantibus
3190 3806 3355 3861 modo
3378 3804 3604 3875 quodam
3623 3811 3723 3854 s2se

2177 3900 2524 3955 moventibus
2555 3899 2739 3954 tradit.
2775 3897 3025 3954 Exterior
3055 3899 3204 3953 enim
3244 3896 3512 3967 sapientia
3543 3903 3635 3957 est,
3675 3889 3727 3945 de

2176 4005 2282 4061 qua
2328 3990 2404 4044 ait
2433 3989 2631 4044 Paulus
2657 4006 2669 4043 :
2701 3988 2840 4054 Quia
2868 3987 3084 4043 stultam
3128 3989 3254 4059 fecit
3285 3987 3426 4042 Deus
3451 3983 3726 4056 sapientiam

2179 4082 2337 4152 hujus
2367 4081 2550 4135 mundi
2578 4082 2644 4135 ".
2683 4081 2752 4136 Et
2786 4093 2976 4137 rursus
3003 4096 3016 4132 :
3053 4077 3334 4148 Sapientia
3374 4078 3529 4148 hujus
3556 4070 3724 4133 mundi.

2177 4173 2404 4230 stultitia
2432 4182 2507 4229 est
2537 4173 2682 4243 apud
2710 4173 2876 4227 Deum
2899 4173 2963 4225 “.
2997 4171 3139 4225 Dicit
3169 4171 3319 4225 enim
3362 4185 3503 4234 eam,
3531 4180 3643 4238 qua:
3661 4169 3727 4216 est

2178 4282 2305 4340 erga
2333 4282 2525 4322 cursus
2556 4266 2821 4329 siderum,
2853 4272 2909 4319 et
2937 4279 3220 4319 mensuras
3253 4262 3399 4327 cceli,
3427 4271 3482 4317 et
3533 4259 3724 4314 aliorum

2180 4361 2340 4416 nobis
2401 4356 3038 4429 incomprehensibilium
3081 4356 3589 4427 perscrutationem,
3630 4358 3724 4416 qua?

497 4450 652 4519 Quis,
685 4452 862 4508 autin
885 4453 1042 4524 cujus
1066 4455 1632 4512 commemoratione?
1660 4456 1766 4513 Sed
1792 4458 1922 4513 illud
1948 4474 2078 4529 pro-
2111 4481 2158 4541 ο
2183 4453 2329 4523 apud
2377 4450 2656 4523 A‘Igyptios
2704 4449 3084 4541 studebantur,
3118 4457 3173 4504 et
3211 4448 3322 4503 illic
3368 4437 3724 4541 quodammodo

497 4545 584 4600 cui
602 4545 771 4601 dubio
795 4553 900 4612 est,
921 4546 1069 4617 quod
1096 4562 1155 4602 se
1180 4547 1385 4604 dixisse
1407 4547 1611 4605 Paulus
1636 4549 1933 4605 Dominum
1965 4559 2075 4605 tra-

498 4635 718 4692 dentem
749 4638 1063 4710 mysterium
1113 4640 1348 4712 scripsit.
1379 4640 1824 4711 Quotiescunque
1849 4641 1968 4697 haec
1993 4641 2077 4697 fe-

499 4729 708 4793 ceritis,
762 4726 822 4782 in
878 4730 1191 4785 memoriam
1239 4732 1345 4786 mei
1402 4731 1586 4797 facite,
1641 4730 1840 4786 deinde
1889 4745 2078 4786 rursus

499 4819 743 4875 additum
773 4831 874 4877 est.
2052 4876 2060 4885 .

575 4910 681 4966 Per
726 4913 937 4985 singula
969 4912 1202 4969 Sabbata
1234 4912 1581 4968 mutabuntur
1622 4932 1801 4971 coram
1832 4913 2074 4982 Domino,

498 5007 725 5078 suscepti
741 5024 773 5061 a
787 5006 914 5078 ﬁliis
933 5006 1100 5061 Israel
1122 5007 1310 5078 findere
1324 5010 1657 5077 sempiterno.
1686 5010 1812 5065 Sive
1834 5018 1896 5064 ut
1913 5008 2076 5076 LXX,

502 5105 869 5152 testamentum
893 5097 1267 5165 sempiternum
1300 5113 1315 5149 :
1347 5095 1475 5151 illud
1508 5098 1695 5167 procul
1727 5097 1895 5153 dubio
1923 5106 2084 5153 testa-

500 5196 747 5243 mentum
780 5188 988 5253 dicens,
1021 5187 1177 5258 cujus
1201 5186 1464 5245 Dominus
1492 5191 1711 5247 tradens
1738 5190 2079 5262 mysterium,

501 5278 835 5335 mentionem
857 5278 1007 5335 facit.
1030 5279 1141 5335 Sed
1175 5288 1230 5334 et
1263 5294 1363 5334 nos
1403 5280 1668 5348 dicentes,
1701 5292 1964 5352 quantum
1995 5300 2086 5339 ve-

502 5373 698 5440 ritatis,
727 5382 1101 5445 quantumque
1135 5373 1411 5445 dignitatis
1436 5374 1655 5437 habeat.
1687 5392 1813 5432 cum
1845 5377 2085 5433 maximo

504 5464 698 5521 timore
741 5475 796 5520 et
839 5481 1022 5522 amore
1058 5467 1399 5523 accedamus.
1463 5466 1598 5533 Quia
1642 5469 1898 5524 mundam
1954 5469 2085 5526 dicit

613 5660 656 5692 ι’
683 5658 821 5731 Gen.
854 5680 893 5729 ι,
918 5662 1007 5718 27.
1088 5664 1134 5695 ὀ
1157 5661 1346 5719 Matth.
1378 5682 1430 5731 ν,
1466 5667 1555 5719 15.

502 5742 693 5797 CXIIII,
720 5730 843 5789 105.
953 5734 1002 5770 ⁸⁸
1048 5734 1222 5793 lCor.
1257 5752 1298 5805 ι,
1323 5730 1425 5794 2οζ
1525 5738 1573 5769 ⁸⁶
1600 5736 1622 5791 l
1650 5737 1775 5793 Cor.
1824 5755 1908 5810 tu,
1940 5740 2023 5799 19.

1667 5668 1711 5698 ²¹
1748 5667 1889 5723 Psal.
1916 5685 2046 5734 xxu,
2076 5669 2127 5724 5.
2244 5672 2288 5701 ”
2315 5670 2515 5724 Matth.
2544 5687 2635 5725 xx:

1667 5737 1775 5793 lor.
1824 5755 1908 5810 tu,
1940 5740 2023 5799 l9.
2135 5742 2178 5774 ²⁷
2205 5739 2267 5796 ιιι
2303 5740 2433 5814 Reg.
2463 5759 2534 5807 IV,
2561 5742 2646 5796 30.

2182 4543 2420 4610 initium,
2457 4551 2513 4598 et
2548 4542 2830 4613 praemium
2858 4540 3110 4611 sumpsit,
3147 4555 3309 4609 quam
3344 4553 3446 4593 nec
3471 4536 3661 4605 Moyses
3683 4528 3723 4580 in

2181 4637 2482 4692 Pharaonis
2529 4634 2802 4706 regalibus
2850 4633 3105 4696 nutritus,
3155 4630 3440 4703 ignoravit.
3486 4627 3587 4683 Sed
3620 4622 3727 4676 liber

2181 4729 2391 4802 Regum
2421 4728 2595 4784 dicit:
2622 4728 2957 4783 Prwcedebat
3009 4726 3277 4795 sapientia
3324 4719 3613 4779 Salomonis
3654 4728 3724 4767 sa—

2183 4829 2438 4898 pientiam
2494 4829 2730 4881 omnium
2774 4825 3154 4886 Orientalium,
3200 4830 3249 4877 et
3278 4819 3635 4891 Aigyptimm
3672 4807 3721 4858 ⁸⁷.

2184 4921 2443 4976 lsraelitis
2475 4928 2657 4975 autem
2692 4918 2906 4982 mulier,
2944 4917 3128 4972 divina
3167 4914 3447 4985 Scriptura
3490 4903 3723 4964 videlicet.

2184 5015 2255 5071 de
2281 5030 2386 5085 qua
2416 5014 2471 5068 in
2509 5012 2816 5067 Proverbiis
2843 5011 3046 5066 dictum
3085 5018 3169 5065 est
3196 5026 3210 5062 :
3247 5007 3441 5062 Mulier
3472 4998 3723 5067 intelliget"

2188 5108 2530 5172 benedicitur,
2588 5107 2828 5160 timorem
2885 5113 3062 5158 autem
3125 5101 3337 5156 Domini
3392 5101 3505 5169 ipsa
3558 5087 3723 5185 ιαμ

2193 5201 2320 5271 quia
2356 5199 2652 5269 superﬂuas
2678 5198 2985 5269 quwstiones
3014 5194 3329 5265 relinquens,
3351 5187 3561 5245 adhaesit
3579 5182 3721 5235 timori

2190 5289 2369 5343 divino
2398 5289 2465 5343 ’⁸.
2518 5287 2637 5342 Non
2678 5298 2894 5359 oportet
2937 5300 3065 5356 ergo
3097 5282 3454 5339 lsraelitidem
3481 5272 3719 5332 mulierem

2188 5389 2248 5436 et
2262 5380 2582 5451 sapientiam
2605 5379 2863 5451 spiritalis
2884 5378 3197 5447 Scripturze,
3216 5371 3468 5429 exteriori
3487 5359 3721 5460 sapienti?!

2191 5473 2356 5538 coire,
2388 5472 2461 5527 ita
2487 5482 2545 5527 ut
2568 5482 2624 5527 et
2642 5472 2985 5540 subjiciatur,
3019 5478 3223 5524 eteum
3250 5467 3340 5539 qui
3372 5482 3434 5521 ex
3466 5462 3542 5519 eis
3575 5463 3718 5513 πιεσ-

2244 5672 2288 5701 ¹²
2315 5670 2515 5724 Matth.
2544 5672 2710 5737 xxn,|
2755 5680 2869 5736 seq.
2985 5668 3030 5697 "
3063 5666 3103 5719 ll
3135 5667 3260 5721 Cor.
3293 5683 3367 5733 vl,
3400 5662 3485 5718 16.
3583 5648 3711 5707 ’³1⁵³-

2761 5740 2805 5771 ⁸⁸
2827 5739 2986 5793 Prov.
3010 5754 3161 5804 xvui,
3193 5740 3247 5795 i.
