3988 6222
334 408 473 477 1105

1472 422 1561 487 -ΙΝ
1591 419 2119 489 LEVITICUM.—
2152 420 2300 483 LIB.
2330 421 2487 486 VII-

2746 351 2827 385 ππ
2943 353 3017 415 ,νγ
3089 361 3096 367 ·
3606 396 3611 401 .

3469 423 3608 493 1106

330 542 442 595 tur,
457 526 709 587 videlicet
720 546 865 599 eum,
887 531 980 604 qui
1001 548 1067 590 ex
1090 544 1321 606 utraque
1335 536 1585 604 docetur,
1605 555 1718 596 non
1742 539 1918 596 solum
1948 536 1996 594 Α
2020 535 2114 607 qui
2155 536 2495 593 maledixerit
2520 535 2633 594 Deo
2669 550 2789 602 suo,
2830 534 3072 608 portabit
3099 544 3386 608 peccatum
3420 554 3605 608 suum,

338 621 509 679 ﬁlium
559 623 897 695 lsraelitidis,
934 629 1030 685 sed
1069 639 1125 685 et
1148 630 1318 686 lilium
1351 631 1588 706 {Egyptii
1618 651 1764 701 esse,
1786 650 1913 691 cum

335 714 512 785 sapiat
535 715 787 775 videlicet
811 735 933 791 quae
960 721 1193 794 Egyptii
1239 734 1387 790 sunt,
1420 735 1476 781 et
1523 728 1780 784 exteriori
1828 743 1914 783 sa.-

334 806 555 878 pientiaa
584 824 645 863 se
664 810 982 885 eonjungat,
1033 824 1087 868 et
1110 830 1174 870 ea
1200 832 1320 887 qua:
1347 817 1455 874 illic
1505 827 1636 876 sunt
1664 821 1914 891 dogmata

335 894 584 952 obtinere
627 898 778 953 velit.
823 898 881 956 Si
927 902 1219 973 aliquando
1264 907 1368 962 hoc
1408 907 1500 963 liet
1545 918 1602 964 et
1646 910 1916 980 quispiam

340 985 463 1041 talis
492 986 660 1043 fuerit
698 988 844 1045 inter
872 990 1011 1048 ﬁlios
1047 994 1396 1068 intelligibilis
1427 999 1596 1056 lidelis
1638 1000 1821 1068 lsrael,
1862 1012 1924 1059 et

336 1077 393 1132 in
419 1078 634 1146 castris,
673 1081 818 1151 quod
842 1090 927 1138 est
958 1082 1215 1151 Ecclesia,
1251 1104 1412 1158 quam
1443 1088 1610 1148 Jacob
1647 1092 1703 1147 in
1742 1092 1917 1166 ﬁgura

338 1184 440 1239 per
488 1171 764 1227 somnium
816 1173 1029 1242 videns,
1068 1177 1331 1235 dicebat:
1381 1180 1570 1237 Castra
1633 1184 1733 1241 Dei
1792 1197 1916 1242 sunt

310 1263 443 1353 'Ittee
474 1265 538 1331 “,
565 1272 622 1320 et
656 1275 741 1321 est
769 1282 833 1325 ex
871 1266 1191 1338 lsraelitide,
1219 1282 1275 1328 et
1315 1271 1577 1342 Israelita,
1636 1278 1908 1346 rixentur,

335 1356 428 1427 qui
459 1373 688 1431 magnus
709 1368 811 1424 est,
842 1369 898 1416 et
938 1363 1176 1419 mundus
1206 1373 1261 1419 et
1289 1367 1379 1436 qui
1403 1382 1464 1423 se
1492 1369 1773 1439 sapientize
1814 1371 1912 1427 Dei

338 1456 510 1503 totum
542 1448 713 1516 dedit,
741 1459 796 1506 et
837 1451 930 1522 qui
960 1452 1093 1507 dicit
1129 1453 1270 1510 sicut
1309 1456 1538 1514 Paulus:
1587 1458 1918 1531 Sapientiam

337 1536 602 1609 loquimur
628 1541 767 1597 inter
802 1545 1079 1615 perfectos,
1108 1548 1424 1616 sapientiam
1467 1560 1646 1606 autem
1678 1569 1782 1607 non
1813 1555 1914 1610 Itu-

336 1628 420 1699 ius
449 1633 649 1697 mundi,
681 1643 732 1688 et
768 1636 1064 1706 principum
1096 1641 1276 1695 saeculi
1305 1641 1484 1713 hujus.
1525 1647 1616 1718 qui
1646 1647 1920 1703 destruen—

339 1734 425 1778 tur
439 1723 503 1778 ³⁸.
522 1724 789 1781 Rixentur
803 1736 984 1783 autem
1002 1730 1069 1787 de
1096 1732 1294 1799 verbis,
1317 1744 1409 1789 aut
1434 1736 1773 1808 dogmatibus
1786 1757 1918 1797 con-

345 1816 653 1884 tendentes,
675 1827 731 1873 et
745 1819 1206 1890 blasphemaverit
1240 1824 1382 1881 ﬁlius
1397 1828 1638 1885 mulieris
1659 1831 1919 1889 Israeliti-

337 1909 423 1964 dis
462 1925 661 1964 nomen
690 1926 703 1965 :
733 1910 806 1966 sit
840 1888 987 1968 enim
1028 1914 1134 1970 hoc
1179 1920 1396 1987 quando
1436 1921 1481 1976 is
1513 1923 1606 1993 qui
1652 1926 1919 1996 sapientia
1950 1888 1994 1948 Β

337 2002 593 2057 exteriori
620 2003 780 2059 laesus
819 2012 924 2071 est,
970 2009 1305 2066 mentionem
1345 2012 1475 2069 facit
1514 2014 1743 2073 Christi.
1796 2019 1919 2075 Vidi

338 2092 508 2160 enim,
556 2094 685 2165 quia
709 2095 871 2151 nimis
925 2098 1280 2157 subtilitatem
1344 2119 1585 2176 sequens
1646 2108 1922 2180 legislator

338 2187 455 2242 ait:

410 2282 646 2355 Cumque
678 2285 1083 2356 blasphemasset
1115 2305 1320 2346 nomen.
1360 2288 1516 2357 Quod
1550 2303 1732 2349 autem
1759 2305 1919 2363 tacet,

340 2373 574 2428 necdum
604 2376 750 2431 enim
782 2378 1000 2447 quando
1028 2380 1135 2435 hoc
1173 2382 1524 2438 sanciebatur
1558 2394 1675 2440 erat
1710 2398 1921 2453 notum,

341 2465 466 2534 quia
483 2466 717 2521 necdum
744 2477 905 2523 natus
922 2479 1039 2525 erat
1061 2470 1129 2537 is,
1155 2472 1247 2542 qui
1274 2488 1339 2527 ex
1379 2474 1607 2545 virgine,
1639 2485 1692 2531 et
1718 2477 1923 2548 Spiritu

342 2567 529 2612 saneto
554 2559 869 2617 incarnatus
899 2571 1003 2627 est,
1042 2564 1110 2618 de
1140 2579 1249 2633 quo
1277 2564 1413 2621 dixit
1446 2568 1658 2623 Gabriel
1684 2587 1698 2623 :
1729 2571 1794 2625 Et
1836 2589 1924 2626 vo-

342 2653 531 2704 cubant
580 2669 767 2706 nomen
819 2654 931 2722 ejus
961 2655 1160 2722 Jesum,
1185 2658 1295 2727 ipse
1324 2659 1462 2712 enim
1524 2661 1729 2715 salvum
1766 2664 1922 2733 faciet

343 2744 594 2811 populum
633 2761 788 2799 suum
816 2763 846 2798 a
884 2749 1110 2814 peccatis
1157 2764 1336 2803 eorum
1379 2750 1443 2803 ⁸¹.
1496 2748 1696 2806 Paulus
1733 2762 1917 2808 autem

343 2844 606 2906 quantum
636 2839 704 2893 sit
743 2839 846 2894 hoc
882 2856 1081 2895 nomen
1107 2842 1404 2898 ostendens
1430 2842 1506 2898 ait
1536 2862 1549 2896 :
1598 2843 1663 2897 Et
1707 2846 1848 2899 dedit
1877 2824 1925 2900 ei

349 2925 486 2981 Deus
524 2943 711 2981 nomen
746 2943 901 2996 super
945 2945 1097 2983 omne
1144 2948 1350 2995 nomen,
1393 2941 1449 2985 ut
1483 2933 1539 2986 in
1569 2935 1775 2988 nomine
1799 2935 1925 2993 Jesu

345 3033 497 3071 omne
506 3034 638 3088 genu
655 3020 921 3087 ﬂectatur,
935 3022 1242 3086 ewlestium,
1262 3025 1604 3088 terrestrium,
1624 3033 1673 3079 et
1689 3026 1925 3096 inferno-

345 3126 466 3163 rum
496 3108 809 3176 “.Quando
834 3128 963 3186 ergo
987 3114 1051 3179 is,
1081 3115 1174 3184 qui
1203 3115 1254 3168 iu
1292 3115 1557 3185 sapientia
1589 3118 1833 3184 conﬁdit,
1870 3129 1926 3176 et

345 3200 584 3257 intendit
633 3203 918 3270 exteriori,
972 3221 1093 3275 quae
1142 3206 1275 3261 dicit
1332 3223 1584 3277 parvum,
1644 3225 1924 3281 magnum,

353 3294 652 3350 maximum
674 3313 687 3363 ;
716 3306 771 3352 et
794 3298 1011 3368 gradus,
1030 3298 1175 3368 quod
1202 3299 1539 3369 impossibile
1559 3310 1663 3369 est,
1678 3302 1929 3373 exquiret

347 3384 403 3439 in
433 3385 739 3452 divinitate,
776 3388 1233 3458 blasphemavcrit
1261 3406 1464 3445 nomen
1498 3391 1699 3448 Christi
1739 3412 1752 3447 :
1786 3394 1926 3449 blas-

344 3477 566 3548 pbemat
592 3477 737 3532 enim
760 3476 978 3545 Filium,
1001 3480 1091 3549 qui
1125 3495 1248 3534 eum
1274 3479 1419 3535 Patri
1448 3480 1581 3537 dicit
1613 3482 1879 3539 minorem
1910 3503 1923 3537 :

349 3577 505 3623 extra
557 3579 730 3625 castra
775 3571 1085 3626 necessarie
1131 3573 1440 3642 expellitur,
1472 3583 1527 3628 et
1554 3589 1584 3628 a
1614 3576 1928 3646 spectaculo

343 3659 605 3724 Ecclesia:
650 3660 923 3717 educitur.
975 3660 1077 3729 Qui
1118 3673 1301 3719 autem
1345 3664 1657 3732 audierunt,
1723 3680 1930 3737 ponent

344 3766 540 3805 manus
560 3766 687 3807 suas
712 3768 876 3822 super
917 3763 1079 3825 caput
1105 3756 1226 3825 ejus
1265 3774 1279 3809 :
1313 3757 1665 3815 ostendentes
1703 3775 1800 3830 per
1835 3776 1927 3815 ca-

344 3851 460 3910 put,
489 3843 615 3913 quia
644 3854 808 3915 caput
835 3861 958 3900 vere
1002 3846 1270 3915 Christus,
1316 3856 1480 3918 caput
1516 3857 1694 3904 autem
1725 3851 1927 3906 Christi

346 3936 490 3994 Deus
525 3958 537 3993 :
574 3940 699 4010 quia
724 3942 815 4011 qui
863 3942 1060 3998 Filium
1094 3943 1509 4014 blasphemavil,
1543 3954 1599 4000 et
1624 3945 1842 4001 Patrem
1869 3948 1923 4001 in

341 4030 437 4086 illo
464 4031 883 4102 blasphcmavit.

401 4125 472 4179 Et
500 4125 696 4197 lapidet
722 4145 840 4182 eum
865 4129 1088 4199 populus
1118 4132 1406 4187 universus.
1430 4131 1533 4198 Qui
1566 4133 1827 4189 occidunt
1866 4145 1924 4189 et

342 4217 662 4286 disperdunt
689 4235 814 4274 eum
835 4221 929 4290 qui
959 4221 1373 4292 blasphemavil.
1406 4221 1514 4279 Sed
1543 4233 1598 4280 et
1619 4225 1737 4280 haec
1760 4226 1923 4281 verba

343 4310 506 4380 hujus
534 4310 833 4366 sanationis
853 4323 1155 4383 opportune
1181 4322 1332 4379 nota,
1354 4331 1463 4387 quo
1488 4316 1650 4372 modo
1675 4317 1927 4373 adduxe-

343 4412 473 4456 runt
498 4418 624 4457 eum
650 4404 718 4458 ad
750 4401 992 4475 Moysen.
1041 4404 1163 4475 lpse
1210 4415 1398 4462 autem
1429 4422 1540 4462 non
1586 4423 1651 4463 ex
1686 4409 1926 4465 auctori-

344 4500 454 4548 tate
484 4493 742 4566 agit,nec
773 4494 983 4566 profert
1025 4504 1214 4551 contra
1264 4513 1390 4554 eum
1433 4502 1783 4566 sententiam,
1827 4501 1923 4557 sed

2020 636 2076 684 et
2089 628 2179 700 qui
2195 628 2862 699 blasphemavcritnomen
2875 630 3112 697 Domini,
3133 640 3309 688 morte
3320 632 3603 689 moriatur.

2021 719 2321 791 Lapidibus
2354 722 2782 793 opprimeteum
2813 723 2994 778 omnis
3027 722 3342 791 multitudo,
3377 724 3492 780 sive
3517 724 3607 781 ille

2022 812 2157 867 civis
2209 812 2324 868 sive
2374 814 2694 884 peregrinus
2744 813 2932 870 fuerit.
2984 813 3091 881 Qui
3146 815 3610 888 blasphemaverit

2021 922 2222 964 nomen
2259 906 2499 974 Domini,
2526 915 2703 962 morte
2728 906 3012 962 moriatur.
3058 926 3099 959 ιΔ

2091 1000 2303 1056 Novum
2335 1000 2446 1066 hic,
2508 1009 2565 1056 et
2588 1001 2733 1070 quod
2767 1001 3061 1058 conturbet
3095 1018 3258 1059 aures
3310 1004 3606 1061 multorum

2023 1090 2326 1146 secundum
2380 1089 2694 1145 editionem.
2729 1090 2876 1145 LXX
2909 1092 3159 1161 praecipit
3191 1112 3215 1147 :.
3235 1091 3428 1159 ﬂama,
3452 1094 3607 1150 homo

2023 1184 2318 1254 quicunque
2360 1182 2694 1237 maledicerit
2747 1182 2877 1249 Deo,
2926 1193 3200 1252 portatum
3221 1187 3464 1255 accipiet,
3518 1188 3609 1258 qui

2022 1276 2476 1330 autemrnominat
2520 1291 2715 1329 nomen,
2751 1275 2990 1341 Domini,
3041 1286 3205 1332 morte
3233 1278 3516 1333 moriatur.
3541 1276 3610 1334 Et

2021 1366 2453 1437 blasphemando
2481 1366 2672 1431 Deum,
2695 1365 2979 1422 nominare
2999 1383 3198 1424 nomen
3236 1366 3451 1425 Domini
3486 1385 3609 1441 gra—

2023 1460 2143 1515 vius
2170 1468 2254 1514 est
2282 1477 2293 1514 ε
2325 1474 2447 1513 nam
2481 1459 2572 1512 ille
2601 1458 2819 1528 quidem
2851 1467 3137 1539 peccatum
3170 1460 3370 1531 accipit
3398 1461 3606 1522 solum-

2022 1551 2207 1615 modo,
2244 1550 2335 1605 ille
2368 1558 2420 1603 et
2471 1565 2689 1618 poenam
2740 1550 2977 1605 sustinet
3017 1551 3240 1608 mortis..
3274 1550 3409 1618 Quae
3457 1554 3604 1609 enim

2023 1630 2335 1697 differentia
2369 1640 2510 1695 inter
2525 1640 2812 1694 Dominum
2838 1651 2893 1695 et
2921 1642 3092 1696 Deum
3123 1643 3364 1699 ?Nonne
3385 1644 3474 1699 hic
3505 1644 3607 1700 iste

2024 1733 2139 1803 ipse
2169 1742 2252 1788 est
2274 1732 2363 1804 qui
2393 1732 2529 1788 dixit
2555 1752 2566 1786 :
2589 1733 2748 1798 Audi,
2791 1732 2983 1799 Israel,
3016 1732 3269 1788 Dominus
3298 1734 3434 1789 Dens
3461 1746 3605 1804 tuus,

2024 1824 2164 1883 Deus
2194 1842 2327 1881 unus
2356 1835 2429 1880 est
2463 1826 2527 1880 ³⁵.
2558 1826 2625 1880 Ει
2652 1841 2840 1880 rursus
2865 1845 2875 1879 :
2902 1825 3103 1897 Diliges
3131 1825 3411 1881 Dominum
3438 1828 3604 1882 Deum

2023 1930 2171 1976 tuum
2192 1937 2256 1977 ea:
2271 1929 2378 1974 toto
2396 1921 2550 1975 corde
2575 1917 3026 1983 tuo".Quomodo
3054 1933 3184 1989 ergo
3206 1918 3299 1989 qui
3326 1918 3605 1974 maledixit

2021 2012 2156 2078 Deo,
2189 2021 2473 2083 peccatum
2511 2011 2729 2082 accipit,
2760 2012 2855 2083 qui
2887 2019 3070 2066 autem
3112 2009 3475 2068 nominaverit
3500 2024 3602 2064 no-

2022 2119 2148 2159 men
2178 2103 2398 2159 Domini
2431 2113 2608 2159 morte
2642 2103 2906 2161 morietur
2934 2104 2957 2158 ?
2989 2104 3096 2160 Aut
3123 2104 3281 2174 cujus
3327 2104 3402 2160 rei
3433 2104 3603 2176 gratia

2029 2196 2257 2250 omnino
2305 2211 2485 2266 poena:
2533 2196 2893 2262 submittitur,
2941 2196 3034 2267 qui
3093 2197 3344 2253 nominat
3404 2212 3605 2253 nomen

2023 2287 2279 2343 Domini?
2308 2287 2562 2343 Invenies
2586 2289 2733 2343 enim
2768 2286 2960 2344 Isaiam
2985 2290 3353 2345 exsultantem
3384 2290 3441 2345 in
3474 2290 3601 2352 hoc,

2023 2392 2079 2435 et
2107 2380 2381 2436 dicentem
2415 2398 2428 2435 :
2461 2378 2702 2446 Domine,
2733 2389 2883 2436 extra
2929 2389 2980 2439 te
3011 2381 3178 2436 alium
3203 2384 3486 2446 nescimus,
3519 2397 3608 2435 no-

2025 2487 2142 2526 men
2186 2481 2334 2526 tuum
2373 2472 2704 2527 nominamus
2724 2470 2788 2524 ³⁷.
2809 2471 2962 2537 Quod
3005 2487 3133 2544 ergo
3158 2486 3360 2528 nomen
3392 2471 3604 2529 Domini

2024 2568 2146 2637 quis
2180 2567 2490 2633 nominans,
2526 2566 2628 2622 sub
2655 2566 2948 2623 maledicto
2984 2575 3041 2622 et
3072 2567 3175 2622 sub
3219 2582 3380 2636 poma
3415 2567 3607 2623 mortis

2024 2658 2307 2715 edicitur?
2341 2656 2623 2728 Siquidem
2655 2657 2873 2727 aliquod
2910 2657 3086 2713 latens
3122 2671 3347 2723 nomen,
3372 2665 3429 2710 et
3460 2657 3607 2726 quod

2025 2764 2127 2805 nos
2148 2750 2484 2821 ignoramus,
2518 2746 2798 2818 legislator
2816 2762 2964 2802 nunc
2992 2746 3141 2808 dicit,
3169 2747 3315 2816 quod
3358 2745 3414 2800 in
3457 2745 3610 2803 Scri-

2026 2850 2186 2911 ptura
2239 2853 2393 2894 sacra
2436 2852 2544 2893 non
2570 2844 2654 2891 est
2677 2835 3085 2891 manifestatum
3112 2854 3125 2890 :
3157 2836 3430 2907 quomodo
3457 2836 3609 2906 quis-

2027 2935 2172 3005 piam
2202 2934 2303 2987 hoc
2337 2931 2601 2994 nominet,
2637 2927 2780 2999 quod
2808 2944 2920 2982 non
2949 2928 3137 2983 didicit
3162 2969 3175 2991 ,
3212 2944 3315 2984 nec
3361 2929 3431 2984 ad
3493 2944 3610 2985 me-

2027 3025 2176 3081 dium
2216 3024 2460 3095 proferre
2481 3028 2659 3094 potest
2683 3020 2706 3074 ?
2740 3019 2875 3075 Vide
2903 3029 3082 3074 autem
3111 3020 3242 3090 quid
3280 3021 3439 3077 nobis
3465 3020 3611 3077 Deus

2027 3132 2126 3188 per
2173 3116 2394 3187 Moysen
2459 3112 2894 3168 manifestaverit
2931 3128 2944 3166 :
2983 3110 3221 3180 Cumque
3265 3112 3609 3166 descendisset

2038 3209 2295 3263 Dominus
2337 3223 2430 3275 per
2466 3206 2674 3269 nubem,
2706 3205 2848 3257 stetit
2880 3220 2998 3257 eum
3022 3220 3081 3257 eo
3107 3202 3326 3273 Moyses,
3361 3203 3610 3258 invocans

2034 3314 2220 3352 nomen
2267 3296 2499 3358 Domini,
2526 3311 2627 3366 quo
2659 3303 2960 3349 transeunte
2982 3310 3160 3347 coram
3191 3310 3251 3348 eo
3279 3294 3359 3348 ait
3378 3309 3398 3348 :
3423 3292 3610 3348 Domi-

2031 3399 2185 3444 nator
2199 3388 2417 3442 Domine
2429 3386 2568 3440 Deus
2586 3385 2879 3439 misericors
2896 3392 2945 3437 et
2962 3383 3182 3438 clemens
3197 3383 3260 3438 "'.
3281 3383 3397 3439 Non
3427 3391 3608 3441 autem

2031 3483 2136 3537 hoc
2182 3480 2343 3537 nobis
2390 3478 2783 3543 manifestaret,
2836 3477 2878 3531 si
2910 3492 3011 3531 nos
3037 3477 3140 3531 hoc
3169 3492 3277 3531 non
3323 3475 3611 3532 nominare

2029 3575 2309 3632 voluisset.
2336 3572 2443 3629 Sed
2473 3572 2617 3627 aliud
2650 3586 2793 3625 nunc
2824 3585 2922 3639 per
2952 3569 3292 3637 praesentiam
3339 3567 3611 3639 legislator

2029 3668 2368 3723 demonstrat
2396 3681 2409 3716 :
2448 3662 2592 3717 illam
2612 3660 2757 3716 enim
2782 3658 3199 3730 blasphemiam,
3232 3674 3396 3729 quam
3425 3658 3607 3715 scien-

2030 3762 2100 3817 do
2121 3762 2242 3831 quis
2272 3758 2583 3822 committit,
2617 3757 2759 3811 hanc
2788 3756 2890 3809 sub
2926 3769 3086 3823 poena
3120 3753 3354 3808 maxima
3385 3766 3530 3816 esse,
3555 3757 3612 3805 et

2029 3870 2139 3908 non
2157 3852 2424 3908 venialem
2449 3851 2584 3905 vult.
2611 3848 2676 3903 Et
2689 3848 2791 3902 hoc
2807 3846 2939 3901 dicit
2961 3856 3166 3915 aperte,
3182 3843 3327 3915 quod
3355 3844 3411 3898 in
3429 3841 3610 3897 Evan-

2028 3944 2184 4017 geliis
2219 3942 2482 3996 Dominus
2507 3939 2576 3993 ait
2617 3954 2630 3990 :
2659 3935 2822 3992 Omne
2858 3943 3151 4004 peceatum,
3185 3943 3233 3987 et
3283 3932 3609 4004 blasphemia

2029 4034 2325 4089 dimittetur
2353 4029 2668 4084 hominibus.
2701 4025 2804 4092 Qui
2833 4033 3015 4079 autem
3041 4024 3236 4078 dixerit
3264 4032 3446 4078 contra
3482 4020 3608 4092 Spi-

2029 4127 2191 4181 ritum
2216 4132 2478 4184 sanetum.
2500 4136 2602 4175 non
2618 4120 2915 4173 dimittetur
2934 4116 3002 4181 ei,
3028 4131 3194 4185 neque
3210 4115 3265 4168 in
3284 4116 3378 4168 hoc
3395 4113 3607 4177 swculo,

2031 4236 2195 4291 neque
2231 4219 2287 4271 in
2321 4218 2499 4289 futuro
2528 4214 2589 4268 ".
2617 4210 3019 4282 Blasphemiam
3059 4208 3305 4278 spiritus,
3337 4222 3457 4262 eam
3485 4221 3607 4276 quae

2030 4314 2084 4368 in
2116 4309 2342 4367 scientia
2368 4309 2464 4363 Dei
2490 4304 2864 4369 committitur,
2888 4300 3281 4372 blasphemiam
3306 4297 3608 4370 appellans,

2028 4405 2154 4476 quia
2184 4401 2409 4459 scientia
2451 4401 2654 4456 donum
2689 4406 2774 4453 est
2800 4396 3114 4468 specialiter
3155 4392 3413 4464 Spiritus,
3442 4392 3513 4447 ita
3551 4400 3607 4445 ut

2028 4497 2230 4553 Paulus
2259 4495 2498 4551 diceret:
2519 4492 2653 4547 Huic
2681 4490 2890 4560 quidem
2924 4489 3083 4542 datur
3102 4502 3195 4556 per
3209 4485 3471 4555 Spiritum
3495 4499 3605 4538 ser-
3636 4477 3643 4491 '

341 4583 491 4639 misit
517 4600 641 4641 eum
684 4587 740 4640 in
774 4602 1069 4654 carcerem,
1104 4596 1163 4642 ut
1216 4589 1540 4659 dijudiraret
1589 4606 1684 4659 per
1718 4606 1923 4661 praece-
1958 4612 2002 4667 ι)
2031 4606 2115 4644 mo
2141 4588 2438 4658 sapientiae,
2470 4585 2564 4639 alii
2593 4598 2764 4638 sermo
2783 4582 3014 4635 scientia!
3042 4578 3111 4631 ⁸⁸·
3141 4576 3507 4644 Ουτιηιοὶπθῐη
3556 4584 3605 4630 0'

342 4687 495 4746 ptum
528 4677 760 4734 Domini.
786 4679 921 4735 Nam
951 4678 1184 4735 Mosaica
1217 4681 1322 4745 lex,
1347 4683 1474 4737 odio
1508 4683 1728 4753 quidem
1762 4684 1925 4739 habet

343 4769 459 4839 ipsa
476 4768 675 4824 Filium
707 4771 1198 4841 blasphemantem,
1222 4773 1366 4842 quod
1396 4773 1743 4835 manifestum
1760 4782 1925 4835 estex

343 4876 434 4926 eo,
461 4862 609 4932 quod
644 4860 959 4932 frequenter
992 4861 1277 4919 Trinitatis
1313 4864 1555 4935 insinuat
1582 4865 1921 4937 mysterium,

344 4952 478 5025 (non
518 4953 735 5024 quidem
781 4962 989 5024 aperte,
1020 4969 1125 5009 nec
1164 4956 1240 5009 sic
1270 4954 1430 5024 plane
1457 4956 1524 5011 dc
1556 4971 1618 5012 ea
1660 4957 1921 5027 loquitur,

350 5032 497 5099 sicut
547 5042 946 5115 Evangelium),
967 5053 1024 5099 et
1052 5052 1338 5115 propterea
1389 5061 1511 5098 eum
1559 5047 1626 5100 ad
1657 5046 1921 5115 judicium

345 5133 727 5190 mandatorum
757 5134 968 5190 Domini
1022 5136 1338 5191 reservavit.
1388 5136 1921 5202 Quorum?lllorum

344 5231 616 5296 videlicet,
647 5247 769 5301 qua:
795 5232 1017 5286 dicunt:
1041 5228 1141 5295 Qui
1167 5246 1270 5284 non
1294 5230 1457 5284 credit
1503 5226 1762 5283 inFilium
1801 5230 1921 5299 jam

335 5323 610 5395 judicatus
656 5332 733 5378 est
761 5323 826 5377 ³³.
855 5324 923 5378 Ει
955 5338 1143 5377 rursus
1164 5340 1177 5376 :
1197 5321 1254 5377 Si
1286 5338 1388 5375 non
1416 5323 1759 5383 credideritis,
1797 5323 1920 5391 quia

341 5428 437 5483 ego
462 5428 600 5478 sum,
618 5413 915 5466 moriemini
938 5413 993 5466 in
1012 5411 1504 5480 peeeatisvestris“.
1530 5411 1800 5482 Multaque
1820 5412 1920 5465 alia

349 5501 472 5559 talia
490 5502 547 5556 in
573 5501 901 5572 evangelicis
939 5503 1227 5572 praeceptis
1259 5502 1420 5556 dicta.

415 5589 581 5648 Vens.
617 5593 796 5649 15-16.
843 5613 861 5645 r
902 5592 969 5648 Et
999 5595 1066 5649 ad
1097 5593 1417 5650 ﬁlioslsrael
1456 5592 1724 5662 loqueris:
1751 5592 1923 5647 llomo

420 5749 469 5783 ⁸⁹
503 5747 670 5833 Gen.“
696 5764 867 5811 xxxu,
898 5747 952 5833 ‘2:
1134 5747 1175 5833 Ἰ.
1197 5746 1325 5833 Co_r.
1363 5761 1425 5811 tr,
1458 5744 1548 5833 6._

349 5818 438 5875 9i.
552 5819 597 5851 ⁸⁸
635 5818 788 5871 Deut.
821 5835 895 5883 τι,
928 5819 978 5872 οιί.
1058 5818 1102 5850 ³⁸
1130 5817 1320 5873 Matth.
1355 5831 1486 5883 XXII,
1520 5817 1609 5872 '57.

370 5890 413 5919 "“
437 5886 458 5945 ι
484 5888 611 5945 Cor.
644 5906 740 5945 xu.
776 5889 827 5942 8.

1626 5747 1666 5779 ³⁸
1694 5745 1829 5802 Luc.
1862 5763 1900 5808 ι,
1931 5743 2019 5799 51.

1724 5818 1762 5850 ’⁷
1792 5816 1893 5872 lsa.
1927 5832 2048 5883 sur,
2087 5818 2139 5872 5.

2034 4696 2182 4737 nunc
2214 4677 2471 4748 intelligis
2498 4674 2825 4731 maledicere
2873 4672 3062 4734 Deum,
3104 4667 3194 4739 qui
3240 4681 3350 4723 ncn
3387 4667 3608 4723 sciendo

2033 4772 2394 4843 blasphemat.
2418 4769 2577 4825 Unde
2593 4781 2694 4820 nec
2709 4764 3089 4835 blasphemare
3106 4776 3231 4816 eum
3249 4757 3608 4831 Symmachus

2033 4865 2174 4921 sicut
2202 4862 2373 4917 ﬁlium
2397 4859 2653 4914 mulieres
2681 4855 2996 4910 Israclitidis
3028 4852 3266 4924 scripsit,
3307 4850 3400 4917 sed
3424 4852 3607 4906 detra-

2033 4957 2187 5011 here.
2219 4954 2360 5009 Dixit
2383 4953 2529 5008 enim
2565 4970 2576 5004 :
2611 4950 2779 5004 [fonto
2800 4950 2889 5019 qui
2918 4949 3206 5003 detraxerit
3240 4945 3348 4999 Deo
3386 4961 3498 4999 suo.
3542 4943 3611 4997 Et

2032 5055 2130 5115 per
2160 5044 2263 5097 hoc
2291 5042 2525 5097 maxime
2555 5039 2879 5101 ostenditur,
2912 5036 3036 5107 quia
3064 5051 3163 5106 per
3196 5034 3419 5088 nimiam
3457 5031 3610 5101 igno-

2030 5137 2283 5199 rantiam,
2305 5151 2373 5189 ea
2399 5135 2467 5190 de
2497 5135 2623 5198 Deo,
2644 5148 2763 5202 quae
2797 5131 2864 5187 de
2889 5130 3110 5184 homine
3134 5125 3382 5187 habctin
3408 5122 3607 5194 quibus

2028 5230 2205 5285 locum
2246 5228 2413 5283 habet
2443 5225 2724 5291 detractio,
2770 5224 2971 5278 dicere.
3017 5218 3402 5276 Verumtamen
3443 5224 3497 5271 et
3529 5215 3633 5272 sic'

2028 5328 2311 5389 peccatum
2327 5318 2544 5387 accipit,
2564 5317 2688 5387 quia
2711 5317 2838 5370 dum
2858 5314 3082 5368 deberet
3098 5311 3382 5367 scientiam
3401 5309 3605 5365 habere

2028 5423 2133 5460 non
2160 5405 2678 5461 habuit.Nominare
2697 5413 2874 5457 autem
2896 5416 3093 5454 nomen
3122 5398 3335 5453 Domini
3362 5397 3417 5452 in
3440 5396 3604 5451 male-

2030 5500 2265 5555 dicendo
2306 5498 2380 5554 ait
2417 5513 2566 5561 eum,
2620 5495 2710 5565 qui
2779 5496 2831 5548 in
2867 5493 3093 5548 scientia
3130 5492 3492 5562 hlasphemat.
3534 5484 3602 5544 lli

2032 5599 2211 5645 autem
2244 5589 2465 5659 pronric
2500 5586 2784 5641 Dominum
2829 5585 3132 5649 nominant,
3159 5582 3249 5653 qui
3272 5582 3391 5652 ejus
3429 5579 3607 5638 scicn-

2100 5745 2143 5776 δ’
2178 5743 2373 5814 Philip.
2409 5759 2470 5801 ιι,
2502 5743 2586 5796 l0.
2665 5737 3129 5814 “quantum”.
3204 5736 3430 5814 “loga.
3459 5722 3599 5814 _v:m,

2242 5814 2284 5846 "
2316 5805 2482 5869 lisml.
2517 5829 2699 5879 xxxrv,
2738 5810 2791 5864 5.
2907 5811 2948 5841 ”
2979 5805 3173 5862 Matth.
3204 5822 3302 5875 xu,
3336 5807 3425 5871 5i,
3458 5809 3548 5863 5'2.
