3988 6222
463 325 611 425 ΠΨ(

1659 348 2021 438 nusvrun
2069 353 2563 439 PBESBYTERI.

2382 276 2845 289 ‘“,..-.o~.—o--‘Aa—~—
2862 277 2883 284 "
2968 296 2969 299 η
3126 284 3179 299 ,μ’

3583 364 3701 435 lilii

455 442 591 507 tiam
621 444 1037 547 conanisierunt
1069 462 1167 518 per
1197 448 1488 521 Spiritum.
1519 456 1689 529 Nemo
1725 463 1864 543 enim
1885 476 2057 547 potest
2089 476 2149 528 A'
2163 466 2269 522 Sed
2296 477 2353 547 et
2381 469 2424 523 si
2450 469 2783 545 percusserit
2810 468 3033 537 animal,
3073 467 3327 537 videlicet
3367 473 3594 545 eumqui
3614 491 3697 546 pe-

455 538 639 592 dit-ere
661 552 681 591 :
706 537 959 593 Dominus
995 532 1169 608 Iesus,
1203 546 1665 614 quemadmodum
1695 532 2037 627 Paulvusﬂait,

456 629 562 685 nisi
576 628 634 682 in
655 626 856 698 Spiritu
881 641 1065 686 sancto
1084 632 1174 689 “‘.
1198 634 1338 702 Quia
1365 654 1492 710 ergo
1517 641 1752 700 scientes
1784 626 2041 717 hlasphe¥

455 710 630 784 ruant,
660 728 807 774 recte
833 723 1103 779 sunt'sine
1133 725 1315 794 venia,
1351 728 1468 784 sive
1503 746 1532 785 a
1575 732 1825 790 Patribus
1858 722 2040 793 scien-

457 811 589 869 tiam
623 812 853 878 habent,
885 825 940 871 et
969 818 1313 888 appellantur
1342 812 1566 894 propter
1595 825 1699 881 hoc
1727 828 1893 894 cives,
1926 832 2041 888 sive

457 902 622 959 modo
653 919 773 959 eam
823 906 1136 964 didicerunt
1173 918 1547 991 et'pmplerea
1575 927 1704 973 sunt
1747 922 2036 993 peregrini.

456 997 595 1052 Cum
621 992 915 1053 numinant
955 1015 1088 1072 ergo
1113 1017 1318 1083 nomen
1353 1007 1595 1072 Domini,
1622 1019 1769 1066 recte
1801 992 2040 1069 morien-

458 1100 548 1150 tur
580 1107 594 1144 :
628 1090 683 1145 id
731 1099 837 1153 est,
870 1109 996 1148 cum
1038 1095 1323 1173 nominant
1352 1108 1407 1154 et
1437 1100 1837 1172 blasphemant.
1876 1106 2041 1161 Vides

455 1191 609 1248 crgo,
633 1178 761 1247 quia
789 1189 845 1234 et
887 1179 977 1236 ille
1010 1181 1275 1239 lsraelieu:
1302 1186 1551 1243 mulieris
1603 1192 1908 1246 nominavit
1938 1209 2040 1246 no-

455 1283 607 1334 men,
652 1280 709 1324 et
749 1269 1169 1342 blasphemavit,
1223 1290 1441 1345 pinnam
1491 1280 1594 1334 sibi
1639 1284 2037 1352 superinduxit.

457 1357 568 1412 Sed
612 1358 668 1412 in
709 1359 813 1415 hac
846 1362 1128 1419 sanctione
1174 1365 1277 1419 hoc
1336 1369 1482 1436 quod
1529 1370 1744 1425 videtur
1788 1372 2039 1440 dubium,

454 1448 650 1527 Aquila
684 1452 899 1522 planius
927 1455 1117 1519 edidit,
1141 1457 1219 1511 ait
1247 1459 1394 1512 enim
1432 1477 1475 1536 εἴ

541 1560 633 1617 Vir
652 1570 861 1635 quando
890 1566 1327 1637 blasphemaverit
1355 1570 1519 1625 Deum
1555 1590 1731 1641 suum,
1760 1586 1809 1632 et
1827 1596 2044 1651 accepe-

454 1654 527 1708 rit
573 1655 909 1727 iniquitatem
952 1660 1071 1724 sibi,
1109 1671 1158 1714 et
1178 1663 1521 1719 denominans
1564 1683 1751 1722 nomen
1800 1670 2039 1739 Domini,

453 1756 619 1807 morte
634 1750 914 1809 moriatur.
933 1751 1052 1807 Non
1068 1753 1222 1819 dixit,
1236 1742 1545 1825 nominans,
1562 1759 1656 1815 sed
1673 1762 2036 1833 denominans,

2144 544 2291 611 coris
2325 544 2488 612 modo
2531 557 2689 621 vivit,
2723 559 2790 614 de
2820 575 2929 629 quo
2965 560 3042 614 ait
3071 558 3272 615 David:
3309 562 3475 635 Homo
3516 544 3628 633 cum
3651 566 3699 622 in

2142 648 2335 703 honore
2364 661 2515 717 esset,
2546 667 2647 704 non
2684 651 2966 714 intellexit,
3000 663 3341 722 comparatus
3379 664 3452 711 est
3471 654 3697 725 jumeutis

2140 740 2524 812 insipientibus,
2563 753 2611 797 et
2649 744 2839 798 similis
2870 745 3043 816 factus
3076 754 3154 799 est
3187 747 3262 799 eis
3303 744 3370 810 “,
3417 742 3597 802 reddet
3630 749 3699 804 vi-

2141 834 2370 899 carium,
2418 834 2472 888 id
2509 843 2595 889 cst
2629 834 2864 888 animam
2913 850 3012 905 pro
3050 837 3254 891 anima.
3292 835 3403 892 Nec
3438 838 3591 900 enim,
3615 839 3707 910 qui

2141 932 2506 995 peccatorcm,
2544 935 2637 977 aut
2666 926 3009 995 popularem,
3039 934 3096 981 et
3134 943 3244 982 non
3278 929 3567 983 habentem
3603 931 3705 999 dis:

2141 1014 2438 1069 cretionem
2489 1015 2744 1069 subtilem
2804 1016 2872 1071 de
2908 1016 3037 1082 Deo,
3114 1033 3300 1073 errare
3373 1019 3516 1083 fecit,
3567 1022 3701 1076 venia

2141 1106 2368 1160 omnino
2395 1106 2596 1177 dignus
2622 1116 2728 1161 est.
2762 1107 2818 1161 Si
2849 1117 3036 1163 autem
3083 1125 3194 1163 non
3240 1109 3321 1163 sic
3352 1112 3623 1180 percussit.
3653 1122 3700 1167 ut

2138 1198 2381 1269 perfecte
2414 1215 2538 1254 eum
2578 1200 2643 1255 ad
2679 1200 3016 1271 impietatem
3060 1202 3406 1279 perduceret,
3440 1214 3492 1256 et
3522 1220 3580 1258 ex
3606 1214 3697 1258 toto

2141 1306 2266 1345 eum
2309 1307 2496 1347 errare
2530 1291 2735 1347 faceret
2777 1309 2806 1346 a
2838 1293 2970 1356 Deo,
2994 1293 3221 1347 omnino
3255 1306 3437 1349 autem
3480 1298 3697 1365 qutedam

2140 1382 2190 1436 ei
2234 1380 2456 1447 dixerit,
2513 1392 2607 1437 aut
2654 1383 2848 1454 egerit,
2883 1385 3150 1440 maculam
3212 1386 3426 1454 peccati
3473 1387 3698 1457 irrogavit

2142 1474 2445 1530 secundum
2477 1474 2604 1539 hoc,
2638 1483 2694 1529 et
2720 1489 2938 1544 poenam
2967 1475 3295 1542 sustinebit;
3325 1478 3405 1529 ait
3427 1477 3566 1535 enim
3597 1497 3609 1532 :

2212 1587 2314 1654 Qui
2376 1589 2690 1659 irrogaverit
2757 1589 3023 1645 maculam
3085 1590 3296 1644 cuilibet
3350 1590 3537 1667 civium
3592 1606 3696 1646 suo-

2142 1696 2282 1743 rum,
2333 1682 2469 1734 sicut
2535 1682 2687 1752 fecit,
2740 1681 2837 1750 ﬁat
2887 1683 2937 1735 ei
2982 1698 3000 1736 :
3043 1679 3368 1757 Fracturum
3436 1701 3528 1759 pro
3576 1686 3697 1754 frac-

2141 1780 2285 1835 tura,
2340 1772 2456 1826 sive
2501 1781 2563 1826 ut
2613 1770 2778 1837 LXX,
2822 1773 3191 1831 contritionem
3250 1791 3348 1842 pro
3396 1776 3695 1851 contritione,

451 1845 513 1891 ut
536 1837 703 1903 hunc,
737 1838 930 1913 dequo
960 1858 1108 1899 nunc
1135 1859 1316 1900 sermo
1331 1855 1435 1908 est,
1469 1850 2035 1922 simullilasphemare
2072 1841 2112 1895 Β
2140 1863 2346 1915 oculum
2408 1880 2503 1933 pro
2539 1863 2723 1928 oculo,
2768 1864 2974 1920 dentem
3013 1882 3107 1935 pro
3167 1866 3341 1920 dente.
3402 1866 3525 1921 Sive
3574 1846 3696 1920 enini

449 1933 508 1980 et
542 1927 828 1985 nominare
863 1933 1200 2000 ostenderet,
1240 1950 1387 2001 eum,
1434 1939 1526 2007 qui
1570 1940 1935 2011 blasphemat,
1979 1953 2034 2000 et

451 2015 700 2071 nominat
725 2033 925 2073 nomen
957 2021 1190 2084 Domini.
1224 2024 1476 2082 videlicet
1509 2016 1757 2098 spiritus.
1791 2031 1866 2086 ait
1904 2050 2034 2105 ergo

449 2107 652 2163 Paulus
705 2108 959 2166 Dominus
991 2100 1135 2167 enim
1179 2113 1413 2185 Spiritus
1455 2129 1552 2174 est.
1600 2120 1759 2177 Hunc
1799 2126 1938 2180 mori
1980 2135 2035 2182 et

450 2196 627 2255 occidi
663 2200 909 2271 praecipit
937 2202 1237 2275 legislator,
1270 2217 1356 2267 est
1386 2215 1569 2266 autem
1609 2211 1657 2274 is
1678 2213 1772 2283 qui
1809 2202 2034 2273 sciendo

448 2286 815 2358 hlasphemat,
853 2294 998 2353 sicut
1024 2297 1193 2352 Semel
1222 2298 1478 2356 diximus.

521 2379 684 2437 Vens.
721 2384 914 2441 17-22.
962 2407 982 2439 r
1027 2388 1129 2455 Qui
1165 2394 1500 2461 percusserit
1523 2404 1580 2451 et
1625 2399 1886 2455 occiderit
1929 2403 2032 2458 ho-

450 2473 678 2543 minem,
723 2487 898 2534 morte
942 2482 1236 2539 moriatur.
1275 2483 1376 2551 Qui
1426 2476 1761 2557 percusserit
1806 2495 2029 2558 animal.

449 2566 640 2627 reddat
672 2568 957 2645 vicarjum,
989 2572 1041 2626 id
1077 2582 1159 2629 est
1182 2575 1421 2630 animam
1455 2594 1554 2648 pro
1586 2582 1792 2637 anima.
1826 2582 1932 2650 Qui
1961 2586 2035 2640 ir-

453 2659 727 2728 rogaverit
774 2661 1044 2716 maculam
1098 2665 1326 2721 cuilibet
1366 2658 1567 2741 civium
1606 2666 2034 2741 suorum,‘sicut

448 2747 581 2809 fecit
612 2747 773 2805 faciat
811 2751 859 2806 ei
887 2767 903 2805 :
929 2751 1222 2809 fracturam
1258 2772 1356 2827 pro
1398 2759 1657 2828 fractura,
1692 2767 1910 2822 oculum
1932 2756 2033 2839 pro

447 2839 630 2904 oculo,
658 2840 877 2905 dentem
906 2859 1009 2913 pro
1030 2845 1195 2900 dente
1219 2849 1490 2905 restituet.
1520 2852 1746 2919 Qualem
1773 2856 2033 2914 inﬁixerit

446 2932 738 2999 maculam,
781 2932 942 2994 talem
985 2937 1260 3001 sustinere
1289 2943 1518 3013 cogitur.
1555 2945 1659 3011 Qui
1704 2951 2032 3017 percusserit

440 3026 774 3107 jumentum,
812 3031 1004 3090 reddet
1037 3032 1203 3088 aliud.
1231 3032 1333 3101 Qui
1370 3040 1699 3107 percusserit
1729 3043 2028 3112 hominem,

445 3116 983 3195 punietur.£quum
1008 3122 1277 3192 judicium
1307 3127 1379 3182 sit
1405 3129 1551 3184 inter
1568 3146 1689 3198 vos,
1721 3133 1837 3188 sive
1870 3149 2028 3204 pere-

443 3206 653 3275 grinus,
682 3208 798 3264 sive
824 3211 962 3267 civis
993 3216 1358 3282 peccaverint.
1391 3217 1528 3297 Quia
1555 3236 1656 3293 ego
1693 3238 1813 3278 sum
1840 3223 2027 3283 Domi—

444 3310 552 3349 nus
584 3296 728 3357 Deus
761 3311 963 3354 vester.
1006 3319 1025 3352 ι

517 3405 685 3465 Multa
713 3417 767 3468 et
802 3426 951 3467 nunc
987 3419 1380 3487 consequentia
1422 3420 1789 3492 legislatorem
1818 3428 2032 3491 inveni-.-

445 3510 570 3571 mus
600 3500 699 3563 uti,
732 3501 777 3556 si
810 3502 1102 3559 intentioni
1134 3523 1321 3563 eorum
1342 3527 1463 3580 qum
1485 3498 1684 3585 scripta
1720 3528 1848 3576 sunt
1880 3536 2032 3575 men-

447 3600 557 3645 tem
591 3591 851 3664 ﬁgamus;
878 3598 1133 3667 quoniam
1164 3601 1311 3656 nulla
1341 3603 1436 3659 Dei
1471 3607 1641 3677 gloria
1668 3626 1735 3665 ex
1767 3612 2027 3683 blasphe-

445 3684 553 3739 mia
590 3686 826 3761 alicujus
859 3692 1095 3747 sustinet
1124 3695 1560 3761 imminutionem
1590 3719 1693 3759 nec
1731 3708 1813 3761 sui
1846 3710 2021 3779 gratia

445 3778 569 3855 hos,
612 3779 704 3849 qui
739 3797 861 3837 cum
892 3783 1292 3854 blasphemant,
1324 3792 1426 3846 sub
1456 3794 1546 3848 tali
1582 3811 1703 3852 esse
1752 3778 1935 3868 pinna,
1975 3812 2031 3859 et

445 3871 733 3927 tormentis
799 3876 1064 3946 praecipit,
1118 3878 1271 3949 Cum
1323 3891 1504 3938 autem
1571 3904 1673 3943 nos
1727 3907 2037 3965 noceamur‘

446 3958 644 4019 talibus
668 3963 872 4031 verbis,
906 3976 963 4020 et
991 3968 1227 4024 divinam
1272 3972 1587 4032 minuentcs
1620 3980 1842 4050 famam,
1875 3988 2030 4055 quod

448 4060 535 4107 est
568 4053 882 4119 hominibus
908 4062 1301 4129 perniciosum,
1349 4067 1601 4138 ignorare
1647 4053 1930 4133 Creatoris
1966 4087 2026 4135 et

445 4147 753 4219 communis
781 4148 1149 4216 benefactoris
1176 4154 1520 4226 dignitatem,
1557 4173 1704 4226 recte
1735 4170 2028 4235 praesentia

447 4234 695 4293 subdidit
734 4256 748 4299 ξ

517 4345 621 4412 Qui
671 4354 1013 4419 percusserit,
1074 4363 1124 4411 et
1165 4361 1414 4423 occiderit
1462 4366 1745 4438 hominem,
1781 4372 1897 4429 sive
1947 4390 2029 4431 sc-

2138 1953 2416 2021 virtutem,
2472 1972 2637 2026 quam
2688 1958 2875 2012 habuit
2924 1958 3079 2023 civis,
3131 1957 3247 2013 sive
3300 1959 3579 2028 proximus
3623 1956 3698 2012 ille

2136 2046 2276 2100 mala
2320 2046 2524 2102 docens
2578 2056 2673 2101 aut
2727 2049 2985 2114 suadens,
3041 2058 3135 2104 aut
3174 2051 3573 2113 scandalizans,
3619 2057 3697 2104 aut

2136 2136 2517 2202 detrahens,et
2535 2138 2876 2194 calumnians
2897 2140 3175 2204 contrivit,
3209 2141 3323 2195 sive
3346 2141 3560 2196 oculum
3576 2140 3694 2209 ejus,

2050 2279 2055 2285 .
2135 2227 2391 2283 videlicet
2448 2230 2755 2294 scientiam,
2814 2231 3275 2304 unumquodlibet
3336 2233 3694 2303 praedictorum

2135 2333 2301 2388 agens
2345 2319 2585 2379 caecavit.
2618 2328 2714 2374 aut
2757 2320 2998 2385 dentem,
3050 2322 3309 2376 virtutem
3375 2324 3695 2377 verborum:

2134 2408 2325 2463 dentes
2346 2408 2490 2464 enim
2514 2424 2611 2477 pro
2628 2410 2805 2464 verbis
2825 2409 3105 2479 Scriptura
3130 2412 3384 2482 accipere
3404 2412 3556 2481 solet,
3573 2410 3697 2482 quod

2133 2498 2375 2553 ostendit
2405 2498 2573 2554 David
2603 2500 2791 2555 dicens
2817 2519 2828 2553 :
2860 2499 2992 2554 Filii
3021 2502 3290 2555 hominum
3328 2503 3513 2556 dentes
3542 2516 3713 2579 eorum

2134 2606 2287 2643 arma
2316 2598 2365 2642 et
2394 2591 2622 2660 sagittae,
2650 2599 2700 2644 et
2728 2591 2909 2660 lingua
2932 2609 3112 2647 eorum
3153 2594 3423 2646 mae/utra
3457 2603 3606 2646 acuta
3639 2591 3694 2643 ⁸³.

2132 2678 2210 2733 De
2234 2678 2451 2734 Christo
2495 2689 2675 2735 autem
2700 2678 2870 2734 Jacob
2899 2682 3207 2753 patriarcha
3233 2681 3285 2734 in
3319 2678 3696 2735 benedictioni-

2131 2771 2235 2826 bus
2269 2771 2482 2827 dicehat
2513 2790 2526 2826 :
2553 2772 2888 2827 Pulchriorcs
2918 2774 3056 2828 oculi
3099 2774 3215 2844 ejus
3249 2775 3398 2839 vino,
3447 2784 3496 2829 et
3536 2773 3695 2827 dentes

2134 2863 2270 2917 lacte
2297 2865 2629 2918 candidiores
2652 2865 2719 2917 “.
2747 2865 2889 2919 Clari
2923 2865 3091 2924 enim.
3136 2875 3191 2919 et
3215 2864 3392 2936 aperti
3418 2861 3693 2936 evangelici

2132 2954 2338 3012 Christi
2385 2971 2668 3012 sermones
2702 2964 2831 3010 sunt
2860 2972 3024 3026 super
3049 2957 3134 3011 lac
3158 2956 3356 3028 legale.
3397 2952 3694 3012 Necessario

2132 3062 2260 3119 ergo
2286 3062 2499 3107 eorum,
2527 3060 2648 3116 quae
2683 3048 2824 3102 dicta
2854 3056 2983 3102 sunt
3006 3048 3206 3117 aliquid
3234 3062 3465 3112 nocens,
3487 3045 3695 3101 similem

2134 3139 2319 3208 ctipse
2336 3138 2568 3193 sustinet
2593 3140 2881 3202 maculam.
2907 3140 2962 3194 in
2992 3139 3197 3210 judicio
3230 3139 3489 3194 videlicet
3509 3139 3693 3194 futuro.
3723 3190 3732 3200 _

2138 3228 2194 3283 Si
2224 3229 2373 3285 enim
2394 3229 2619 3285 alterius
2646 3231 2831 3286 virtuti
2859 3233 3067 3297 nocuit,
3100 3242 3195 3288 aut
3235 3233 3516 3300 contrivit,
3546 3230 3696 3301 ipsius

2135 3329 2450 3376 conteretur
2490 3339 2503 3374 :
2540 3320 2822 3376 scientiam
2850 3323 3178 3384 obscuravit,
3212 3324 3334 3392 ejus
3368 3322 3590 3380 scientia
3611 3335 3696 3392 pro

2134 3414 2285 3469 nullo
2324 3413 2636 3476 habebitur,
2680 3412 2725 3467 si
2770 3414 2948 3468 verbis
2991 3415 3367 3470 doctoralibus
3408 3414 3613 3476 nocuit,
3649 3417 3697 3467 et

2133 3504 2253 3573 ejus
2284 3519 2567 3559 sermones
2593 3504 2963 3560 infructuosos
2992 3506 3064 3572 ei,
3101 3513 3265 3576 atque
3298 3505 3523 3562 inutiles
3548 3505 3695 3576 judex

2133 3592 2348 3652 elﬁciet.
2388 3595 2615 3666 Propter
2646 3596 2788 3665 quod
2813 3613 2924 3651 non
2951 3599 3106 3665 dixit,
3135 3598 3227 3656 Sic
3256 3601 3474 3657 facietis
3500 3602 3567 3668 ei,
3594 3597 3693 3661 sed,

2133 3674 2213 3743 sic
2241 3688 2334 3743 ﬁet
2361 3689 2433 3752 ei,
2478 3687 2723 3743 futurum
2750 3689 3016 3759 judicium
3055 3693 3312 3761 innuens,
3346 3694 3404 3748 in
3429 3710 3529 3766 quo
3547 3692 3696 3762 inde:

2133 3783 2313 3837 reddet
2366 3782 2647 3853 unicuique
2687 3767 2969 3837 secundum
3012 3800 3170 3853 opera
3219 3801 3329 3859 sua.
3362 3785 3435 3839 ".
3474 3783 3619 3852 Quod
3656 3781 3696 3836 si

2132 3876 2253 3944 quis
2285 3875 2447 3929 etiam
2479 3874 2755 3929 hominem
2785 3876 3118 3945 percusserit
3147 3876 3461 3947 perfectum
3497 3878 3549 3930 in
3579 3873 3693 3939 ﬁde,

2131 3977 2187 4025 et
2219 3948 2653 4024 consummatum
2682 3986 2695 4021 :
2728 3969 2832 4023 hoc
2867 3969 3012 4022 enim
3057 3969 3277 4039 proprie
3315 3981 3405 4025 est
3434 3969 3656 4024 hominis
3678 4005 3694 4031 .

2131 4071 2354 4133 propter
2375 4060 2516 4129 quod
2536 4062 2673 4116 dixit
2692 4061 2891 4115 David:
2921 4063 3170 4133 Homines
3198 4070 3247 4116 et
3262 4065 3514 4130 jumenta
3546 4061 3695 4115 Stter

2132 4156 2315 4226 facies,
2337 4153 2653 4208 Domine":
2680 4154 2929 4217 homines
2951 4154 3139 4212 dicens
3159 4169 3271 4214 eos,
3290 4155 3385 4229 qui
3409 4164 3573 4226 agunt
3591 4167 3696 4222 qua

2131 4247 2369 4317 perlecta
2420 4253 2567 4311 sunt,
2618 4246 2890 4322 jumenta.
2938 4247 3308 4325 imperfectos,
3362 4258 3420 4303 et
3469 4249 3691 4303 idiotas:

2130 4341 2462 4414 percusserit
2491 4350 2671 4394 autem
2708 4340 2918 4394 mortali
2950 4341 3126 4410 plaga,
3155 4356 3276 4410 qure
3307 4342 3477 4396 trahit
3505 4342 3567 4395 ad
3609 4340 3697 4393 imo

444 4441 684 4496 cundum
745 4443 908 4509 LXX,
954 4445 1060 4512 Qui
1104 4440 1415 4518 ‘percwem
1479 4428 1744 4515 animam'
1770 4428 2020 4534 hominis;
2066 4504 2093 4515 ἡ
2129 4430 3520 4535 pietatem.hicmortemorietur.Nametsiido-ncus
3537 4428 3695 4488 fuitad
3731 4515 3735 4518 .

446 4512 631 4583 ,ηοηρ
667 4531 946 4589 mon-amr.
975 4511 988 4512 ί
1010 4532 1077 4589 Et
1105 4511 1256 4608 "quis
1311 4511 2029 4618 ᾑοηήηίέὦέξωῇξίωῶξξ
2065 4511 2104 4576 D
2136 4512 2509 4598 repellendum
2530 4523 2749 4590 vulnus,
2771 4523 2861 4591 qui
2896 4523 3330 4601 percutiebatur.
3373 4524 3481 4581 hoc
3523 4539 3695 4594 quam-

446 4634 635 4685 mam,
674 4622 781 4677 nisi
838 4625 929 4694 qui
966 4641 1092 4683 eum
1123 4630 1311 4689 illiciat
1357 4634 1426 4690 ad
1496 4637 1872 4715 impietatem?
1934 4647 2027 4716 qui

446 4724 574 4769 eum
625 4713 691 4768 ad
750 4715 1095 4786 blaspltemos
1148 4726 1315 4782 trahit
1361 4734 1675 4806 sermones?
1708 4713 1771 4788 in
1828 4713 2047 4806 quibus

448 4803 715 4887 moriatur
762 4808 997 4887 pessima
1052 4816 1263 4881 peccati
1315 4830 1536 4892 morte,
1605 4803 1728 4894 qua:
1772 4803 1895 4883 vera
1944 4842 2029 4887 est

447 4907 598 4961 mors
652 4896 870 4979 animae.
926 4900 1156 4973 Propter
1205 4909 1353 4976 quod
1407 4924 1583 4969 morte
1643 4918 1782 4973 mori
1840 4898 2052 4990 hunc,

446 4984 539 5052 qui
569 4985 690 5051 talis
738 4998 840 5052 est,
882 4993 1147 5063 praecipit.
1203 4994 1301 5052 llic
1344 5007 1527 5055 tamen
1564 5006 1809 5073 animam
1841 4984 2031 5068 dicens

447 5075 688 5155 hominis
738 5080 1027 5137 animalem
1094 5087 1330 5143 maxime
1396 5090 1672 5151 hominem
1741 5100 1923 5167 dicit,
1976 5103 2051 5163 id.

451 5174 536 5221 est
591 5170 777 5234 eum,”
833 5172 924 5240 qui
976 5186 1085 5226 non
1132 5185 1314 5244 potest
1372 5181 1693 5261 intelligere,
1732 5170 1852 5267 qua:
1902 5207 2031 5267 sunt

450 5262 677 5331 spiritus
709 5305 726 5331 ,
772 5265 841 5327 de
903 5282 1011 5336 quo
1072 5269 1149 5323 ait
1202 5268 1403 5347 Paulus
1453 5292 1465 5327 :
1514 5262 1819 5355 Animalia
1851 5262 2028 5343 autem

449 5352 603 5408 homo
633 5372 735 5409 non
758 5359 979 5427 percipit
1017 5376 1080 5413 ea
1111 5377 1228 5431 qua:
1256 5375 1376 5417 sunt
1408 5368 1646 5437 spiritus.
1684 5352 1927 5431 Stultitia
1954 5358 2055 5433 est.

451 5445 705 5525 enimilli
732 5456 780 5501 et
810 5463 1121 5517 nonpotest
1174 5455 1489 5527 intelligere,
1546 5464 1669 5536 quia
1718 5469 2030 5537 spiritaliter

451 5538 788 5615 nominatur
804 5539 870 5594 λι.
897 5538 1067 5606 Quem
1089 5546 1179 5613 qui
1202 5555 1554 5623 percusserit,
1580 5570 1757 5623 "torte,
1767 5563 2025 5626 moritur.

518 5695 901 5801 Ἧκίιρτεμεεν
928 5721 980 5801 ξ·
1083 5724 1126 5758 ιι
1167 5726 1344 5801 [βυτ.
1374 5750 1430 5801 η,
1469 5735 1554 5793 μ.

454 5792 571 5854 ιη,
596 5785 707 5842 27.¹
760 5788 977 5848 ισ-ιιεαι.
1023 5811 1180 5867 xxxv,
1207 5798 1256 5856 7.

1642 5742 1683 5774 "
1708 5738 1848 5827 Psal.
1876 5758 2060 5811 xum,
2090 5743 2173 5804 15.

2134 4624 2269 4679 libet
2296 4620 2720 4690 satisfactionem
2751 4634 2862 4693 non
2890 4628 3043 4686 paret
3077 4619 3432 4689 percutienti,
3466 4629 3520 4675 et
3546 4619 3696 4675 multo

2135 4715 2304 4786 magis
2330 4714 2431 4787 sub
2447 4727 2606 4785 poena
2624 4711 2747 4777 erit,
2774 4710 2899 4783 quia
2918 4719 3119 4787 etcum
3141 4711 3232 4783 qui
3254 4713 3439 4783 potuit
3462 4713 3696 4769 resistere

2134 4804 2207 4874 ei,
2244 4805 2464 4861 occidit.
3085 4796 3095 4808 ’
3194 4796 3199 4803 ’

2201 4916 2434 4987 Aquam
2460 4913 2715 4980 judicium
2736 4913 2804 4966 sit
2833 4912 2975 4969 inter.
2994 4929 3101 4975 vos.
3132 4914 3454 4984 inquit,sive
3481 4909 3696 4985 peregri-

2135 5008 2374 5069 nus,sive
2393 5006 2517 5060 civis
2531 5004 2841 5071 peccaverit,
2867 5005 2994 5075 quia
3019 5021 3112 5073 ego
3146 5023 3264 5061 sum
3285 5005 3549 5062 Dominus
3575 5003 3696 5069 Del;

2135 5108 2319 5155 vester.
2348 5098 2459 5155 Nec
2473 5099 2634 5167 modo
2658 5103 2875 5171 excepit
2901 5099 3126 5169 θρεμιυί
3148 5113 3298 5154 nunc
3320 5099 3466 5171 docti
3494 5104 3619 5165 sunt
3637 5090 3696 5144 ab

2139 5191 2240 5254 cis,
2274 5193 2365 5261 qui
2399 5196 2554 5265 prius
2572 5203 2682 5263 eta
2702 5194 3033 5269 parentibus
3066 5207 3252 5248 sacras
3289 5192 3539 5263 scierunt
3565 5182 3695 5242 Scri-

2141 5291 2351 5361 pturas.
2389 5287 2748 5359 Communem
2772 5295 2959 5347 autem
2973 5292 3462 5359 contrautrosqtlc

2137 5375 2347 5441 deﬁnit,
2390 5377 2689 5445 etinl‘ert:
2723 5379 2865 5448 quia
2891 5393 2992 5449 ego
3021 5376 3283 5431 Dominus
3314 5372 3463 5447 Deus
3510 5379 3693 5439 νςειατ.

2136 5468 2229 5535 qui
2286 5469 2420 5529 dixi.
2458 5472 2584 5540 quia
2617 5469 2922 5541 Quicunque
2959 5468 3407 5545 scandalizarerit
3447 5460 3711 5533 unum”,

2138 5558 2342 5627 pusillis
2375 5561 2508 5631 istis,
2540 5563 2629 5632 qui
2662 5564 2830 5631 inme
2854 5564 3092 5629 credunt,
3136 5562 3341 5633 expedit
3391 5560 3464 5626 ei,
3499 5569 3554 5610 ut
3592 5566 3692 5609 ﬂ"

3446 5739 3493 5773 ss

2286 5742 2346 5779 ’⁸³
2384 5746 2525 5805 Psal.
2553 5763 2661 5814 va,
2697 5748 2749 5802 ὅ.
2828 5747 2874 5781 ⁸³
2898 5743 3033 5803 Gen.
3073 5761 3216 5810 xm,
3259 5742 3339 5823 I23
