3962 6220
305 435 465 504 1109’

1442 437 1528 502 IN
1566 437 2008 502 LEVITICUM.
2044 461 2113 477 ·-
2143 436 2296 500 LIB.
2333 435 2492 501 VII-

2701 368 2796 381 ’πιννο-
2823 368 2832 374 ο

3468 439 3602 509 [110

303 552 568 624 pendetur
617 553 757 608 mola
800 554 1039 608 asinaria
1071 555 1142 609 ad
1177 553 1372 608 collum
1406 553 1540 622 ejus,
1573 561 1623 608 et
1650 553 1726 606 sic
1759 567 1903 607 πιοτ-
1930 568 1976 628 Α
2005 563 2180 616 seres,
2225 557 2299 605 et-
2323 550 2540 606 vineam
2586 565 2696 606 non
2740 552 2981 622 putabis.
3031 552 3166 620 Quae
3196 564 3392 625 sponte
3412 554 3603 630 gignet'

303 652 464 714 gatur
490 643 548 697 in
588 645 846 715 profundo
881 646 1046 700 maris
1083 645 1151 700 ".
1180 645 1370 716 Neque
1395 647 1541 702 enim
1574 645 1692 700 hac
1729 645 1896 700 verba

304 730 580 799 distinxit,
615 737 710 792 sed
734 736 958 793 dicens:
992 735 1528 809 Quicunque,omnes
1560 751 1737 808 poenae
1765 736 1898 792 sub-

302 824 458 894 jecit,
517 835 744 897 propter
797 829 942 899 quod
994 837 1052 885 et
1097 830 1302 886 Paulus
1343 830 1480 885 dixit
1518 847 1532 884 :
1571 827 1673 894 Qui
1720 837 1900 883 autem

305 918 588 974 conturbat
603 938 713 984 vos,
741 923 969 990 portabit
990 923 1278 992 judicium,
1309 924 1605 994 quicunque
1625 931 1701 976 est
1721 920 1813 975 ille
1828 919 1896 986 ",

305 1005 361 1062 id
403 1017 511 1073 est,
563 1011 678 1064 sive
707 1027 930 1081 parvus,
982 1013 1099 1068 sive
1138 1029 1388 1085 magnus,
1456 1014 1572 1067 sive
1615 1011 1899 1067 scientiam

309 1099 522 1156 habens
557 1102 845 1172 plurimam
877 1104 990 1159 sive
1022 1121 1270 1174 parvam,
1301 1106 1416 1161 sive
1446 1121 1596 1160 nunc
1625 1103 1898 1170 didicerit,

309 1191 424 1246 sive
459 1193 634 1262 prius,
665 1195 783 1249 sive
857 1197 992 1251 civis
1034 1197 1162 1262 ﬁde,
1213 1197 1326 1253 sive
1381 1197 1723 1267 peregrinus.
1763 1196 1900 1250 Cum

309 1293 494 1339 autem
524 1286 642 1341 haec
672 1287 744 1341 ita
774 1303 832 1343 se
865 1288 1119 1352 habeant,
1146 1290 1453 1345 necessaria
1479 1298 1594 1344 erat
1616 1288 1824 1345 Iudaeis
1849 1296 1904 1343 et

308 1375 508 1432 litterre
543 1378 772 1444 sanctio,
807 1395 986 1450 neque
1020 1381 1312 1452 cupiebant
1352 1382 1545 1436 audire
1573 1399 1585 1434 :
1612 1381 1670 1436 Si
1705 1382 1822 1452 quis
1856 1389 1903 1434 te

312 1469 628 1536 percusserit
664 1469 720 1521 in
743 1471 990 1523 dextram
1023 1470 1323 1537 maxillam,
1373 1470 1550 1541 prwbc
1571 1470 1654 1524 illi
1693 1479 1741 1524 et
1770 1469 1904 1524 alte-

314 1576 433 1613 ram
461 1561 530 1623 δθ,
565 1561 692 1630 quia
720 1577 848 1616 cum
875 1570 1060 1618 essent
1085 1563 1356 1628 malevoli,
1387 1563 1766 1634 unusquisque
1801 1563 1906 1618 hoc

312 1654 628 1723 proximum
651 1663 948 1711 exacturus
975 1664 1112 1722 erat,
1145 1664 1202 1710 et
1232 1671 1343 1710 non
1374 1657 1492 1726 ipse
1514 1671 1698 1726 agere.
1728 1654 1904 1709 Recte

313 1762 446 1818 ergo
473 1749 556 1804 eis
589 1748 806 1803 oculum
836 1763 935 1819 pro
963 1748 1144 1814 oculo,
1169 1751 1390 1804 dentem
1434 1763 1537 1819 pro
1563 1748 1728 1804 dente
1759 1748 1908 1802 dice-

315 1837 499 1904 batur,
537 1848 595 1892 ut
631 1848 781 1894 metu
821 1839 1046 1894 alterum
1086 1852 1320 1909 patrima
1353 1837 1666 1906 vinolentis,
1704 1849 1759 1893 et
1802 1837 1906 1893 bo-

314 1929 566 1987 micidiis
592 1931 956 1986 abstinerent.

389 2039 558 2097 Vens.
585 2042 676 2098 23.
707 2061 726 2095 ι
756 2041 1105 2113 Locutusque
1135 2041 1417 2114 estMoyes
1446 2042 1514 2096 ad
1549 2041 1689 2096 ﬁlios
1718 2039 1905 2107 israel,

313 2142 376 2189 et
415 2135 724 2190 eduxerunt
754 2151 879 2191 eum
913 2136 1006 2205 qui
1048 2134 1523 2206 blasphemaverat
1555 2143 1706 2189 extra
1731 2144 1908 2189 castra

315 2238 385 2280 ac
435 2225 713 2296 lapidibus
755 2236 1171 2299 oppresserunt,
1215 2226 1573 2297 feceruntque
1602 2226 1698 2281 ﬁlii
1741 2223 1910 2280 lsrael

313 2318 467 2372 sicut
489 2327 824 2388 praeceperat
849 2319 1110 2375 Dominus
1137 2319 1326 2390 Moysi.
1361 2336 1380 2369 ι

385 2407 536 2478 Ergo
565 2423 675 2461 non
709 2409 806 2462 tibi
840 2409 1040 2463 frustra
1069 2425 1221 2473 cum,
1259 2408 1350 2478 qui
1382 2408 1621 2462 animam
1663 2409 1910 2466 hominis

307 2498 618 2568 percussit,
644 2507 738 2552 aut
782 2501 1014 2569 pecoris,
1038 2509 1133 2554 aut
1171 2501 1474 2563 hominem,
1504 2515 1667 2570 quem
1691 2510 1747 2557 et
1771 2504 1908 2558 mori

307 2597 551 2657 propter
600 2589 703 2643 hoc
747 2590 1029 2660 praecepit,
1067 2590 1218 2643 illum
1269 2605 1393 2645 esse
1427 2590 1731 2645 secundum
1778 2592 1912 2662 legis

307 2679 847 2749 contemplationem
899 2682 1259 2748 ostendimus,
1313 2682 1404 2753 qui
1447 2683 1616 2736 alium
1655 2683 1724 2738 ad
1764 2683 1911 2740 blas-

313 2767 610 2838 phemiam
638 2772 971 2840 percusserit
997 2773 1220 2839 docens,
1249 2781 1340 2827 aut
1359 2787 1651 2836 exacuans,
1681 2781 1786 2828 aut
1807 2773 1913 2828 tale

309 2857 530 2927 aliquid
564 2860 710 2915 aliud
744 2877 932 2931 agens.
968 2862 1108 2917 Ecce
1137 2864 1284 2917 enim
1303 2864 1439 2918 ordo
1464 2865 1769 2920 sanctionis
1788 2881 1915 2936 pro-

310 2949 420 3005 bat
452 2951 555 3006 hoc
574 2960 628 3006 et
663 2952 870 3022 absque
890 2953 1070 3024 aliqua
1093 2955 1373 3009 dubietate
1404 2955 1766 3022 demonstrat,
1785 2959 1913 3028 quia

315 3043 510 3098 dehis
564 3045 656 3115 qui
709 3045 1041 3101 maledicunt
1091 3045 1286 3116 Deum,
1350 3056 1447 3103 aut
1505 3049 1911 3120 blasphemant,

315 3135 681 3206 praecipiens,
709 3138 996 3204 conjunxit
1019 3139 1103 3194 his
1121 3153 1248 3193 eum
1271 3140 1364 3210 qui
1394 3141 1633 3196 hominis
1650 3142 1910 3209 animam,

319 3237 425 3282 aut
459 3229 726 3294 animalis,
763 3239 857 3284 aut
887 3231 1166 3286 hominem
1200 3231 1378 3302 ipsum
1412 3233 1774 3303 percussisset
1809 3253 1822 3290 :
1855 3245 1909 3292 et

320 3333 442 3374 non
473 3321 649 3376 solum
673 3323 813 3377 sicut
839 3323 936 3389 illi,
972 3331 1029 3380 et
1054 3325 1185 3380 huic
1203 3341 1422 3396 poenam
1452 3327 1644 3383 mortis
1673 3328 1908 3396 induxit,

323 3410 426 3464 sed
473 3413 772 3482 explanans
807 3415 955 3484 quod
988 3431 1152 3470 unam
1184 3416 1424 3472 habeant
1469 3432 1554 3480 ea,
1599 3434 1718 3490 quae
1770 3420 1915 3475 dicta

325 3510 479 3566 sunt,
495 3502 878 3570 intention-em,
893 3521 1084 3564 rursus
1103 3507 1330 3572 addidit,
1345 3511 1435 3580 qui
1452 3509 1914 3580 blasphemauerit,

321 3606 550 3661 panem
577 3611 741 3665 quam
766 3599 947 3652 omnis
979 3599 1277 3656 multitudo
1300 3601 1565 3657 obcdiens
1589 3603 1694 3674 legi
1729 3604 1916 3674 exige-

326 3683 450 3739 bat.
507 3687 832 3742 Audivimus
881 3690 1051 3755 enim,
1095 3693 1558 3760 quemadmodum
1606 3696 1675 3750 de
1719 3697 1918 3751 Castris

325 3773 524 3828 eduxit
556 3791 703 3842 eum,
741 3778 834 3848 qui
889 3781 1308 3850 blasphemavit,
1360 3784 1743 3856 lapidibusque
1789 3802 1917 3842 eum

327 3867 570 3936 opprimi
607 3869 892 3941 praecepit.
946 3870 1240 3942 Propterea
1285 3875 1646 3945 indignationi
1691 3886 1745 3932 et
1779 3893 1920 3948 opus

329 3957 563 4026 addidit,
599 3970 653 4016 et
681 3961 854 4032 legem
883 3962 981 4020 tibi
1007 3967 1172 4020 etiam
1207 3967 1584 4036 experimento
1625 3969 1744 4040 ipso
1783 3987 1920 4025 con-

333 4049 602 4106 ﬁrmatam
620 4055 876 4119 ostendit,
893 4066 954 4112 ut
969 4070 1022 4113 et
1042 4067 1098 4113 tu
1117 4058 1495 4128 blasphemare
1515 4059 1683 4115 Deum
1701 4062 1920 4119 timeres

330 4150 392 4199 et
416 4143 651 4214 fugeres,
677 4147 822 4202 illam
842 4149 1039 4204 timens
1057 4153 1263 4220 peccati
1283 4151 1735 4221 magnitudinem,
1755 4171 1918 4225 quam

334 4251 448 4291 non
495 4239 670 4294 solum
727 4241 1030 4312 principes,
1091 4243 1187 4298 sed
1239 4258 1458 4298 onmem
1515 4244 1917 4302 multitudinem

335 4330 616 4387 vindicare
665 4335 954 4404 prazcepit.
1009 4335 1332 4392 Communis
1389 4337 1535 4392 enim
1590 4339 1755 4395 debet
1797 4356 1920 4396 esse

337 4423 594 4477 omnibus
620 4434 811 4478 contra
854 4426 1203 4497 blasphemos
1247 4432 1596 4501 pugna,quia
1640 4433 1918 4488 communi

337 4523 526 4568 nostro
564 4515 919 4582 benefactori,
963 4521 1238 4574 communi
1275 4532 1472 4577 nostrae
1517 4525 1638 4579 vitae
1696 4541 1762 4579 ex
1813 4542 1920 4595 quo

336 4617 529 4662 omnes
551 4614 772 4673 etesse,
797 4618 851 4664 et
875 4610 1013 4664 bene
1030 4627 1151 4667 esse
1188 4613 1470 4679 habemus,
1489 4615 1776 4672 detrahere
1802 4625 1912 4672 tcn-
1953 4649 1997 4704 ι)

340 4707 477 4763 tant,
507 4701 627 4769 ejus
660 4702 882 4770 quidem
915 4704 1098 4774 gloria;
1129 4705 1265 4759 nihil
1292 4717 1576 4775 nocentes,
1599 4725 1699 4765 nos
1734 4719 1918 4766 autem

310 4789 406 4844 -ab
431 4806 497 4847 eo
522 4807 795 4862 separare,
828 4803 884 4848 et
911 4796 1188 4865 expellere
1221 4799 1490 4854 volentes.

904 4929 1134 4988 CAPUT
1174 4932 1344 4989 XXV.

411 5040 571 5096 Vsus.
593 5044 710 5097 1-7.
758 5061 778 5095 ¢
803 5042 1152 5114 Locutusque
1181 5055 1266 5101 est
1307 5046 1570 5104 Dom-inus
1597 5049 1662 5104 ad
1701 5050 1921 5122 Moysen

335 5133 391 5188 in
424 5145 610 5190 monte
630 5134 804 5200 Sinai,
823 5137 1010 5193 dicens
1035 5157 1050 5192 :
1071 5138 1318 5208 Loquere
1343 5139 1470 5195 ﬁliis
1504 5140 1667 5195 Israel
1696 5151 1750 5196 et
1772 5142 1924 5197 dices

331 5225 406 5280 ad
431 5242 526 5283 eos
557 5245 570 5281 :
597 5228 827 5295 Quando
858 5231 1088 5300 ingressi
1131 5231 1342 5287 fueritis
1383 5241 1607 5300 terram,
1633 5249 1796 5304 quam
1821 5250 1922 5307 ego

334 5322 476 5376 dabo
497 5322 675 5390 vobis,
689 5323 1033 5378 sabbatizetis
1053 5322 1346 5380 Sabbatttm
1369 5325 1617 5380 Domino.
1639 5327 1744 5381 Sex
1764 5329 1924 5384 annis

334 5423 486 5464 seres
507 5427 698 5481 agrum
720 5420 895 5478 tuum,
916 5420 971 5466 et
987 5427 1082 5468 sex
1103 5415 1262 5469 annis
1288 5416 1506 5484 putabis
1527 5416 1742 5472 vincam
1774 5428 1921 5473 tuam

335 5501 664 5574 colligesqne
697 5503 909 5560 fructus
945 5506 1086 5576 ejus.
1112 5505 1360 5577 Septimo
1386 5519 1569 5563 autem
1599 5525 1746 5566 anno
1783 5511 1922 5566 Sab-

333 5592 524 5650 batum
557 5597 679 5652 erit.
705 5607 870 5653 terrae
896 5597 1260 5670 requietionis
1288 5599 1525 5656 Domini.
1555 5603 1759 5672 Agrum
1803 5617 1912 5657 non

407 5817 452 5851 δ’
470 5817 669 5896 llatth.
700 5839 856 5891 xvnt,
895 5821 953 5896 6.
1030 5821 1223 5896 “Qui.
1245 5825 1409 5896 v.10.
1485 5823 1531 5859 ³⁸
1559 5823 1751 5884 Matth.
1786 5845 1838 5896 v,
1871 5828 1961 5885 59.
2040 5831 2084 5861 ⁵ο
2118 5827 2258 5882 Psal.
2293 5841 2451 5892 chn,
2483 5826 2567 5881 10.

335 5887 391 5945 li.
467 5892 512 5924 ⁸³
533 5890 670 5947 Gen.
696 5887 850 5962 mx,
891 5895 972 5950 lt.
1050 5887 1308 5952 "Matth.
1337 5913 1483 5966 xxvi,
1517 5897 1606 5954 29.

2005 643 2227 708 humus,
2281 647 2394 698 non
2439 652 2632 706 metes.
2683 655 2737 700 et
2787 661 2922 702 uvas
2953 647 3316 718 primitiarum
3374 658 3595 710 tuarum

2005 752 2118 792 non
2143 737 2370 809 colliges
2397 737 2550 807 quasi
2593 737 2949 794 vindemiam.
2977 739 3172 798 Annus
3207 751 3290 798 est
3314 744 3461 798 enim
3504 751 3596 799 ω-

2005 827 2303 898 quietionis
2354 837 2531 883 terra}.
2584 827 2692 884 Sed
2735 840 2897 899 erunt
2944 833 3099 888 vobis
3139 833 3193 887 in
3229 835 3413 889 cibum
3447 852 3462 889 :
3497 835 3593 891 tibi

2007 930 2064 976 et
2089 937 2248 976 servo
2276 932 2388 985 tuo,
2416 923 2630 978 ancillae
2661 931 2715 978 et
2749 925 3093 980 mercenaria
3125 935 3236 990 tuo,
3264 936 3321 982 et
3348 929 3592 993 advenae,
3645 932 3654 938 '

2007 1013 2099 1082 qui
2124 1015 2544 1086 peregrinantur
2571 1017 2715 1086 apud
2735 1027 2788 1070 te
2806 1055 2820 1070 .
2854 1014 2883 1070 ,Ι
2893 1017 3126 1072 umentis
3149 1018 3275 1083 tuis,
3304 1027 3360 1074 et
3387 1020 3599 1090 pecori-

2008 1105 2132 1168 bus,
2167 1107 2349 1161 omnia
2382 1122 2505 1176 quae
2531 1116 2837 1162 nascuntur
2867 1108 3191 1178 praebebunt
3221 1111 3424 1164 cibum.
3464 1129 3482 1161 ι

2083 1196 2330 1260 Terram,
2356 1213 2519 1267 quam
2541 1207 2596 1253 et
2613 1199 2786 1252 Deum
2811 1198 2971 1254 nobis
2993 1199 3123 1254 dare
3150 1201 3330 1266 decet,
3358 1211 3415 1256 et
3437 1202 3599 1256 nobis

2011 1287 2230 1356 expedit
2273 1287 2544 1357 accipere,
2580 1303 2644 1342 ex
2689 1304 2796 1358 qua
2842 1303 3031 1344 veram
3059 1290 3228 1344 vitam
3275 1291 3601 1360 conquirere

2010 1392 2322 1447 possumus,
2370 1377 2422 1432 id
2450 1387 2532 1432 est
2581 1379 3054 1434 conversationem
3102 1381 3300 1435 bonam
3341 1396 3462 1451 quae
3518 1392 3601 1436 est

2010 1469 2312 1522 secundum
2363 1469 2488 1539 ejus
2524 1468 2721 1540 legem,
2771 1478 2936 1538 atque
2978 1472 3252 1537 mandata,
3288 1489 3410 1544 quas
3441 1473 3602 1528 nobis

2013 1560 2179 1625 dedit,
2200 1562 2267 1616 de
2289 1577 2395 1630 qua
2427 1561 2698 1615 ait~Davitl
2734 1579 2746 1615 :
2778 1561 2920 1617 Doce
2946 1580 3028 1616 me
3056 1565 3379 1620 uoluntatem
3415 1575 3600 1622 tuam:

2013 1653 2137 1722 quia
2171 1661 2226 1705 tu
2259 1668 2312 1705 es
2343 1652 2482 1706 Deus
2527 1669 2694 1718 meus,
2727 1651 2959 1722 Spiritus
2991 1663 3111 1709 tuus
3140 1666 3355 1711 sanctus
3383 1659 3601 1713 deducet

2014 1760 2096 1796 me
2120 1744 2175 1796 in
2212 1753 2411 1798 terram
2451 1751 2652 1796 rectam
2675 1744 2741 1798 ⁵ο.
2775 1744 2930 1800 Hanc
2973 1747 3016 1800 si
3052 1746 3458 1814 intraverimus,
3505 1766 3601 1804 sex

2015 1836 2176 1890 armis
2206 1852 2388 1891 serere
2434 1846 2683 1891 nostrum
2721 1851 2932 1908 agrum,
2983 1849 3038 1893 et
3071 1839 3317 1908 plantare
3361 1841 3596 1908 vineam,

1937 1947 1986 2008 Β
2015 1935 2070 1981 et
2099 1925 2352 1997 colligere
2377 1926 2586 1982 fructus
2618 1929 2710 1997 qui
2742 1945 2808 1983 ex
2842 1945 2904 1983 ea
2940 1940 3260 1998 nascuntur,
3290 1947 3598 2001 possumus,

2019 2017 2070 2073 id
2112 2027 2215 2082 est,
2258 2027 2429 2090 usque
2463 2020 2592 2075 dum
2625 2020 2680 2074 in
2725 2020 2835 2076 vita
2868 2021 2967 2076 hac
3012 2031 3066 2076 et
3107 2020 3160 2075 in
3211 2031 3460 2078 creatura
3500 2025 3602 2079 hac

2010 2111 2208 2165 visibili
2255 2127 2447 2167 sumus
2482 2132 2495 2168 :
2535 2127 2699 2184 quam
2753 2128 2850 2168 sex
2896 2113 3108 2169 dierum
3150 2130 3413 2169 numerus
3455 2123 3601 2173 recte

2013 2202 2282 2274 signiﬁcat
2332 2204 2459 2274 quia
2503 2204 2559 2258 in
2592 2220 2686 2260 sex
2738 2205 2933 2260 diebus
2959 2206 3257 2261 constituta
3286 2218 3434 2274 sunt,
3481 2224 3602 2278 qua)

2011 2292 2266 2348 videntur
2303 2295 2507 2349 omnia.
2554 2294 2800 2365 Septimo
2827 2304 3012 2351 autem
3056 2311 3225 2362 anno,
3279 2295 3599 2367 Sabb'atum,

2012 2390 2068 2437 et
2100 2384 2320 2454 requies
2353 2386 2457 2440 erit
2482 2394 2662 2440 teme.
2701 2385 2932 2452 Quando
2960 2387 3109 2466 enim
3139 2387 3478 2460 intelligibile
3504 2405 3603 2444 no-

2013 2483 2184 2528 strum
2207 2477 2417 2529 venerit
2444 2473 2760 2541 Sabbatum,
2806 2477 2858 2530 id
2881 2486 2965 2532 est
2996 2478 3281 2547 praesentis
3310 2478 3490 2534 saeculi
3515 2494 3604 2534 re-

2011 2567 2186 2636 quies,
2226 2568 2302 2623 de
2320 2585 2424 2639 qua
2454 2569 2532 2625 ait
2558 2569 2760 2624 Paulus
2787 2590 2798 2624 :
2830 2569 2971 2642 Erqo
2989 2571 3305 2639 relinquitur
3329 2570 3602 2627 Sabbatiso

2021 2675 2138 2714 mus
2166 2661 2349 2730 populi
2385 2660 2478 2715 Dei
2509 2661 2552 2693 ⁸¹
2587 2679 2601 2717 :
2636 2676 2796 2731 quem
2835 2661 3016 2732 signat
3045 2662 3160 2718 dies
3194 2662 3444 2732 septima,
3477 2664 3605 2734 quia

2024 2751 2259 2820 septima
2309 2751 2399 2806 die
2449 2752 2720 2822 requievit
2753 2751 2898 2807 Deus
2936 2753 3005 2807 ab
3046 2753 3303 2808 omnibus
3351 2753 3607 2824 operibus

2023 2840 2160 2906 suis,
2193 2841 2449 2896 videlicet
2477 2841 2785 2897 visibilibus
2811 2859 2826 2899 :
2854 2850 2984 2897 tunc
3019 2841 3355 2913 operationis
3382 2857 3492 2897 non
3523 2854 3610 2898 est

2017 2939 2252 3000 tempus,
2281 2942 2336 2988 et
2359 2932 2482 2988 ideo
2516 2949 2620 2989 nec
2648 2950 2838 3005 agrum
2876 2933 3010 3005 legis
3055 2944 3186 2990 tunc
3239 2950 3446 3005 serere,
3507 2950 3604 2993 nec

2016 3025 2388 3095 evangelicam
2424 3026 2637 3081 vineam
2679 3027 2924 3098 plantare
2952 3041 3265 3099 possumus.
3290 3030 3433 3099 Ager
3460 3027 3607 3082 enim

2017 3128 2047 3167 a
2075 3115 2233 3169 nobis
2259 3114 2342 3169 lex
2380 3125 2528 3171 recte
2554 3116 2896 3189 intelligitur,
2930 3117 3057 3188 quia
3107 3117 3292 3172 senior
3316 3117 3480 3181 ﬁlius,
3515 3120 3610 3187 qui

2014 3207 2219 3278 juniori
2260 3209 2462 3279 populo
2515 3210 2747 3264 tumulus
2795 3218 2900 3276 est,
2957 3212 3048 3280 qui
3093 3211 3383 3280 imaginem
3424 3209 3610 3282 populi

1939 3289 1985 3349 α
2026 3299 2335 3356 Judzrorum
2367 3303 2524 3373 gerit,
2557 3303 2624 3358 de
2653 3319 2803 3375 agro,
2832 3303 3086 3359 videlicet
3109 3303 3430 3374 operatione
3453 3303 3608 3375 legis,

2023 3393 2220 3446 reverti
2252 3391 2469 3448 dicitur.
2504 3391 2668 3446 Vinea
2699 3402 2907 3457 autem,
2953 3393 3264 3463 evangelica
3288 3391 3407 3446 sine
3433 3390 3613 3473 aliqua

2023 3484 2299 3541 dubietate
2332 3484 2647 3556 praedicatio
2676 3494 2759 3540 est
2785 3502 2797 3538 :
2825 3484 3078 3541 Christus
3101 3485 3248 3539 enim
3283 3483 3334 3538 ei
3367 3482 3613 3538 occasio-

2023 3593 2152 3632 nem
2185 3585 2240 3631 et
2281 3577 2566 3632 materiam
2611 3576 2783 3640 dedit,
2815 3578 2909 3649 qui
2955 3577 3132 3633 dixit:
3164 3576 3276 3647 Ego
3311 3591 3427 3629 sum
3473 3573 3612 3638 vitis,

2024 3683 2114 3722 vos
2135 3677 2314 3720 autem
2335 3668 2603 3737 palmites,
2638 3667 2803 3722 Pater
2848 3685 2993 3723 meus
3026 3667 3260 3740 agricola
3293 3675 3368 3721 est
3409 3667 3478 3719 δ’.
3501 3665 3615 3718 Nec

2026 3773 2156 3830 ergo
2228 3758 2410 3813 colere
2449 3759 2660 3830 legalia,
2710 3768 2805 3814 aut
2839 3759 3149 3830 evangelica
3193 3757 3446 3812 mandata
3490 3763 3614 3827 post

2027 3852 2233 3904 exitum
2262 3851 2329 3904 de
2361 3853 2465 3905 hac
2511 3851 2644 3914 vita,
2687 3860 2782 3904 aut
2811 3851 3105 3905 transitum
3153 3849 3477 3920 poterimus,
3517 3847 3610 3904 sed

2026 3956 2129 3996 nec
2165 3954 2228 3994 ea
2259 3957 2380 4010 quze
2426 3949 2620 4010 sponte
2651 3951 2977 4006 nascuntur,
3028 3949 3254 4004 metere,
3294 3939 3348 3995 id
3378 3948 3464 3995 est
3511 3955 3614 3996 nec

2026 4049 2368 4104 quaacunque
2410 4033 2675 4088 naturalis
2699 4034 2788 4089 lex
2813 4033 2884 4089 ad
2900 4032 3276 4104 operationem
3298 4031 3614 4088 hominibus

2031 4124 2292 4194 suggerit,
2327 4123 2446 4178 lucc
2475 4133 2559 4179 est
2604 4124 2752 4178 enim
2797 4139 2917 4195 quzc
2940 4132 3135 4194 sponte
3183 4123 3441 4195 gignitur,
3486 4123 3613 4193 quia

2028 4225 2178 4271 extra
2201 4217 2610 4271 meditationem
2639 4215 2925 4282 librorum,
2949 4223 3005 4270 et
3023 4229 3245 4269 omnem
3280 4213 3612 4269 doctoralern

2029 4309 2277 4364 auditum
2309 4309 2575 4380 suggerit,
2603 4317 2659 4363 et
2679 4308 3002 4363 exhortatur
3033 4322 3154 4377 qua:
3186 4315 3316 4361 sunt
3355 4305 3534 4370 utilia,
3559 4311 3615 4358 et

2029 4405 2387 4474 cogitationes
2407 4403 2564 4458 nobis
2586 4403 2912 4472 adjuvantes
2932 4401 3170 4454 animam
3195 4406 3476 4470 praestant.
3509 4396 3614 4452 Sed

2029 4511 2132 4550 nec
2164 4512 2296 4549 uvas
2325 4495 2693 4564 pritnitiarum
2721 4493 2833 4548 sive
2864 4503 2923 4546 ut
2954 4493 3095 4546 LXX
3131 4508 3286 4544 uram
3311 4489 3616 4559 sanctiﬁca-

2031 4590 2209 4651 tionis,
2251 4588 2588 4641 vindcmiarc
2634 4594 2765 4640 tunc
2802 4601 3028 4639 necesse
3080 4585 3365 4648 habemus,
3407 4591 3463 4637 et
3495 4598 3617 4651 qua:

2028 4691 2112 4734 est
2135 4678 2574 4734 sanctiﬁcationis
2592 4693 2698 4731 uva
2725 4696 2735 4730 :
2766 4676 2944 4730 sciunt
2964 4677 3055 4746 qui
3085 4677 3276 4730 imbuti
3305 4685 3429 4730 sunt
3451 4675 3616 4729 Chri-

2030 4772 2100 4826 sti
2129 4771 2465 4841 mysterium,
2496 4770 2586 4839 qui
2609 4768 2985 4838 experimcnto
3014 4768 3081 4822 de
3108 4767 3329 4822 Christo
3380 4768 3618 4838 prophe-

2042 4866 2170 4920 tiam
2201 4872 2570 4933 perceperunt
2598 4881 2608 4915 :
2645 4861 2868 4916 Lavabit
2906 4862 2959 4914 in
2981 4863 3100 4916 vino
3128 4860 3319 4915 stolam
3344 4877 3518 4926 suam,
3571 4869 3618 4912 et

2041 4955 2095 5008 in
2121 4954 2380 5024 sanguine
2402 4969 2515 5006 uvw
2536 4953 2761 5022 pallium
2787 4954 3020 5017 suum”,
3053 4953 3215 5022 hujus
3240 4950 3620 5006 sanctiﬁcatio-

2032 5046 2117 5100 nis
2145 5061 2310 5115 quam
2338 5059 2449 5098 non
2481 5044 2939 5099 vindemiahimus
2963 5061 2977 5108 ;
3015 5044 3126 5098 illic
3145 5059 3269 5096 nam
3297 5039 3612 5112 mysterium

2027 5135 2144 5190 fore
2191 5135 2534 5190 Dominicum
2565 5134 2872 5189 videbimus
2912 5141 3061 5196 tunc,
3117 5133 3214 5188 sed
3254 5146 3378 5184 cum
3421 5127 3611 5198 majori

2024 5227 2196 5298 gloria
2219 5225 2425 5280 nullius
2453 5225 2729 5281 sensibilis
2744 5226 2819 5280 rei
2843 5226 2988 5281 sicut
3011 5239 3158 5278 nune
3183 5230 3428 5292 egentes.
3454 5219 3614 5275 Unde

2027 5320 2305 5390 legislator
2361 5319 2581 5389 quidem
2627 5333 2784 5373 uvam
2831 5314 3302 5377 commemoravit,
3362 5311 3626 5368 Christus.

2027 5421 2208 5465 autent
2244 5411 2348 5464 hoc
2376 5426 2434 5463 se
2457 5409 2646 5465 bibere
2671 5410 2728 5463 in
2759 5423 2929 5479 regno
2962 5407 3274 5472 nobiscum,
3297 5405 3390 5460 scd
3409 5419 3627 5460 novum.

2028 5505 2364 5576 protrusit“.
2387 5502 2500 5557 lloc
2521 5519 2650 5575 ergo
2675 5503 2981 5565 sabbatum,
3001 5500 3056 5554 id
3078 5511 3159 5554 est
3176 5498 3391 5569 requies
3406 5497 3615 5565 saeculi,

2029 5599 2085 5652 in
2135 5613 2245 5668 quo
2290 5597 2547 5667 praedicta
2618 5604 2758 5649 terra
2818 5591 3236 5664 requiescimus,
3291 5607 3414 5647 cum
3469 5591 3627 5646 enim.

2669 5823 2711 5856 ⁵³
2742 5821 2908 5880 Hebr.
2952 5839 3037 5892 tv,
3061 5824 3114 5879 9.
3213 5822 3256 5855 ⁸³
3324 5820 3483 5877 Joan.
3525 5832 3616 5873 xv.
