3962 6220
390 387 525 487 ωτι

1534 468 1543 476 ,
1597 408 1961 472 HESYCHII
1994 412 2466 478 PRESBH‘ERI

2222 317 2255 352 κ
2724 338 2949 355 η--ι-οσ-¹4Γ⁷⁴δ
2980 340 2987 355 Υ

3524 412 3667 484 illi

391 486 755 601 tunc-fas'uon.
777 497 867 567 sit,
891 515 1038 601 nunc
1062 512 1277 601 tempus
1304 507 1572 569 habemus
1593 529 1715 584 quae
1732 530 1964 585 operan-
1992 530 2041 589 Α
2068 522 2282 580 sionem
2328 525 2544 582 cunctis
2594 502 2991 582 habitatoribus
3039 534 3199 584 terra:
3251 538 3379 584 tuae.
3413 531 3535 601 ipse
3573 540 3663 590 est

384 586 447 665 da
465 595 609 641 sunt.
630 586 783 643 Unde
802 601 857 645 et
877 592 1120 664 quinque
1141 595 1305 654 fatua:
1325 601 1582 674 virgines,
1598 607 1721 676 quia
1741 617 1964 675 vocatae,

386 685 444 733 ut
464 679 730 735 intrarent
759 683 827 738 ad
858 686 1065 756 regales
1102 691 1348 761 nuptias,
1383 694 1566 752 oleum
1616 699 1970 756 ambulabant

383 783 587 837 emere,
617 772 758 829 sicut
780 776 1092 846 ignorantes
1119 791 1355 854 tempus,
1385 787 1618 844 exclusa:
1640 800 1771 846 sunt
1798 792 1864 844 ³⁸.

451 860 557 919 Sed
574 876 726 939 erunt
754 870 896 923 vobis
919 872 973 924 in
1001 873 1191 937 cibum,
1218 877 1330 941 tibi,
1364 889 1413 933 et
1437 896 1584 934 servo
1607 892 1717 949 tuo,
1752 886 1965 939 ancillte

382 962 428 1016 et
454 960 778 1030 mercenaria
810 970 917 1027 tuo,
953 973 1001 1016 et
1029 965 1243 1021 advena:
1269 971 1359 1038 qui
1388 974 1794 1043 peregrinantur
1824 979 1969 1046 apud

383 1053 457 1111 te,
491 1046 750 1115 jumentis
794 1055 917 1121 tuis,
971 1058 1244 1124 pecoribus
1288 1063 1409 1114 tuis.
1456 1063 1781 1137 Quicunque
1819 1068 1966 1123 enim

383 1152 530 1214 nunc
558 1143 768 1229 operati
795 1143 1079 1224 fuerimus,
1114 1150 1307 1223 horum
1339 1153 1412 1211 ibi
1457 1154 1693 1212 fructum
1726 1160 1968 1228 percipi-

352 1246 527 1315 ‘mus,
559 1243 611 1287 et
642 1235 772 1291 illud
803 1238 1004 1308 Psalmi
1047 1243 1208 1303 nobis
1248 1246 1566 1317 aptabitur:
1600 1249 1752 1305 Beati
1790 1268 1966 1306 omnes

383 1325 474 1405 qui
501 1327 686 1380 timent
709 1328 1010 1387 Dominum.
1034 1335 1261 1392 Laborcs
1276 1338 1545 1409 fructuum
1568 1353 1781 1398 tuarum
1808 1362 1965 1399 man-

384 1414 616 1492 ducabis.
647 1418 844 1476 Beatus
873 1441 944 1490 es,
974 1436 1022 1479 et
1068 1427 1194 1480 bene
1223 1429 1316 1481 tibi
1336 1430 1433 1483 erit
1460 1431 1526 1485 ³⁸.
1569 1430 1964 1491 Beatitudinem

385 1521 514 1576 ergo
530 1508 788 1567 describit
808 1512 978 1589 futuri
1006 1516 1206 1583 saeculi,
1226 1517 1443 1574 beatum
1464 1522 1760 1589 quemdam
1782 1524 1964 1578 cibum

384 1595 653 1652 invenire.
694 1599 918 1657 Beatum
947 1606 1094 1661 enim
1120 1607 1214 1672 ait,
1246 1608 1337 1677 qui
1365 1611 1664 1666 comederit
1686 1629 1881 1682 panem
1908 1616 1963 1668 in

383 1702 551 1758 regno
577 1691 862 1750 caelorum.
895 1694 1062 1752 Multo
1093 1699 1268 1770 magis
1305 1710 1488 1756 autem
1532 1702 1753 1758 beatum
1799 1715 1965 1760 estet

380 1791 569 1834 servos
604 1780 827 1848 habere,
852 1793 906 1839 et
933 1788 1158 1843 ancillas
1190 1799 1245 1844 et
1269 1794 1661 1860 mercenaries,
1702 1796 1963 1861 advenas,

378 1867 624 1954 iumenta
650 1882 704 1927 et
740 1891 959 1945 pecora,
988 1879 1102 1934 sive
1138 1882 1439 1938 secundum
1493 1861 1646 1939 LXX.
1674 1898 1724 1941 et
1748 1888 1959 1942 bestias.

381 1960 601 2052 Species
632 1966 777 2021 enim
833 1969 951 2025 haec
972 1970 1359 2042 discipulatum
1394 1978 1755 2045 praebentium
1801 1980 1961 2035 nobis

381 2052 435 2105 iu
482 2065 666 2110 sancta
709 2058 800 2114 Dei
856 2066 1279 2121 conversatione
1309 2078 1437 2122 sunt
1488 2070 1741 2124 diversae.
1805 2072 1959 2126 Servi

381 2144 602 2231 quidem
632 2157 687 2203 et
707 2151 938 2220 ancillae,
978 2166 1245 2226 quotquot
1286 2159 1443 2213 nobis
1471 2160 1536 2214 ad
1576 2161 1959 2230 discipulatum

381 2239 736 2308 semetipsum
765 2243 1129 2314 subdiderint,
1171 2248 1257 2304 vel
1295 2265 1324 2304 a
1360 2252 1520 2306 nobis
1558 2253 1726 2323 empti
1758 2254 1962 2310 fuerint

381 2328 450 2382 de
470 2332 729 2390 exteriori
758 2338 1000 2393 servitio.
1031 2340 1349 2396 Merccnarii
1376 2352 1557 2399 autem
1583 2346 1774 2413 nostri,
1806 2349 1899 2419 qui
1931 2366 1960 2404 a

382 2419 540 2497 nobis
586 2422 794 2507 invitati
838 2438 987 2505 sunt,
1031 2447 1143 2507 non
1197 2442 1378 2489 tamen
1433 2444 1643 2492 tantum
1695 2440 1954 2510 subjecti,

384 2520 447 2589 ut
471 2518 710 2584 etservi,
739 2530 794 2574 et
819 2521 1030 2578 ancillae
1056 2525 1429 2583 nominentur.
1460 2530 1719 2597 Advenm,
1749 2532 1866 2589 sive
1903 2543 1963 2589 ut

384 2604 546 2681 LXX,
572 2610 839 2689 inquilini,
863 2615 1176 2684 adjacentes
1199 2620 1390 2679 nobis:
1423 2639 1602 2692 neque
1631 2627 1776 2681 enim
1804 2627 1960 2684 dixe-

381 2710 529 2777 runt,
549 2701 866 2775 inquilinos,
894 2708 987 2773 sed
1013 2709 1272 2787 inquilino
1290 2712 1557 2783 adjacenti
1587 2716 1658 2770 ad
1687 2726 1737 2770 te
1768 2736 1781 2771 :
1808 2729 1962 2789 quot-

381 2803 517 2885 quot
545 2794 600 2848 in
642 2796 750 2855 vita
782 2798 883 2852 ista
913 2816 1009 2869 per
1049 2801 1474 2873 philosophiam,
1524 2808 1679 2875 quasi
1712 2810 1962 2880 inquilini

382 2893 512 2939 sunt
536 2900 647 2940 non
677 2895 858 2963 tamen
886 2891 1251 2969 esterioribus
1279 2894 1551 2965 adjacent,
1571 2898 1666 2953 sed
1690 2899 1848 2957 nobis
1868 2903 1962 2972 qui

383 2976 436 3052 in
452 2975 649 3033 bonam
672 2988 868 3057 terram
889 2981 1116 3060 ingressi
1138 2999 1349 3065 sumus,
1367 2996 1424 3063 et
1442 2989 1789 3059 possidemus
1810 3009 1958 3060 eum,

382 3076 439 3122 ct
460 3084 581 3138 qua:
615 3071 682 3125 ad
712 3087 830 3127 eam
882 3075 1139 3149 pertinet.
1199 3078 1309 3134 Sed
1338 3087 1395 3135 et
1422 3080 1467 3135 si
1498 3096 1660 3152 quem
1707 3083 1958 3151 idiotam,

382 3156 495 3229 sive
524 3159 843 3239 pepularem
888 3163 1221 3233 juvabimus,
1253 3167 1309 3222 hi
1338 3168 1484 3223 enim
1517 3181 1645 3226 sunt
1670 3172 1918 3242 jumenta
1944 3192 1958 3229 :

383 3253 608 3322 insuper
656 3264 710 3309 et
755 3257 799 3311 si
840 3274 1001 3327 quem
1033 3259 1333 3317 inﬁdelium
1377 3264 1462 3319 vel
1518 3264 1831 3336 impiorum,
1870 3268 1962 3338 qui

383 3353 528 3398 recte
559 3361 775 3415 pecora.
808 3349 908 3403 sivi
939 3359 998 3404 ut
1021 3352 1182 3420 LXX,
1208 3354 1386 3410 bestia:
1405 3357 1777 3425 nominantur,
1805 3376 1965 3414 man-

382 3444 596 3490 suetum
663 3438 946 3506 facientes,
995 3443 1304 3514 relinquere
1344 3447 1601 3518 sylvas,et
1643 3450 1709 3503 ad
1763 3458 1964 3504 terram

382 3531 568 3612 venire
605 3544 844 3611 nostram
885 3536 1202 3611 fecerimus,
1248 3551 1304 3596 et
1348 3542 1549 3598 bestias
1576 3544 1689 3614 agri
1714 3544 1852 3611 .dici,
1897 3546 1965 3600 de

382 3623 580 3693 quibus
629 3626 767 3693 dixit
811 3629 1018 3687 David:
1049 3629 1196 3689 Inter
1226 3642 1424 3687 montes
1457 3635 1754 3690 transibunt
1790 3652 1964 3706 aqum,

383 3717 636 3789 putabunt
670 3736 761 3775 eas
784 3738 964 3795 omnes
995 3724 1175 3793 bestia:
1214 3727 1332 3795 agri
1356 3726 1422 3778 ⁵⁷.
1455 3726 1523 3781 Et
1545 3726 1601 3791 bi
1629 3727 1719 3797 qui
1755 3727 1968 3784 fructus

387 3813 539 3886 bona:
565 3819 744 3879 terrae,
767 3830 887 3883 quae
909 3831 941 3870 a
968 3816 1078 3875 Deo
1107 3816 1301 3889 tradita
1325 3826 1409 3883 est
1464 3818 1620 3885 nobis
1668 3834 1965 3875 conversa-

386 3903 571 3967 tionis,
595 3905 735 3960 sicut
762 3907 999 3979 diximus
1040 3907 1368 3979 iutelligibili
1395 3908 1620 3975 sabbato
1653 3909 1963 3973 comedent,

384 3996 437 4050 in
461 3997 705 4067 requiem
725 3998 891 4053 futuri
911 4000 1116 4065 smculi,
1135 4000 1408 4071 przedictae
1432 4009 1589 4071 terra:
1608 4000 1969 4070 percipientes

384 4091 657 4163 frtictuum
675 4092 920 4159 delicias,
937 4102 1162 4164 propter
1183 4095 1327 4163 quod
1344 4093 1701 4161 Ecclesiastes
1722 4094 1969 4153 dicebat;

388 4182 645 4254 Pra'para
690 4187 763 4239 ad
792 4188 989 4251 exitum
1026 4202 1187 4258 opera
1219 4197 1312 4241 tua
1343 4186 1412 4250 θ’,
1441 4186 1568 4256 quia
1608 4195 1732 4256 post
1761 4186 1966 4241 exitum

385 4287 611 4349 tangere
644 4278 944 4347 quamlibet
967 4277 1344 4348 operationem
1389 4294 1499 4339 non
1543 4278 1685 4348 licet.
1710 4277 1967 4341 Christus

382 4380 564 4425 autem
592 4369 668 4424 ait
698 4387 716 4425 :
748 4371 1061 4441 Operamiui
1092 4387 1194 4425 non
1226 4371 1395 4424 cibum
1418 4372 1508 4440 qui
1534 4371 1692 4438 perit,
1729 4375 1818 4424 sed
1849 4386 1973 4429 eunt

381 4461 472 4527 qui
495 4474 766 4530 permanet
794 4463 851 4515 in
879 4463 1043 4516 vitam
1071 4474 1346 4528 aeternam,
1369 4481 1523 4533 quem
1549 4462 1719 4518 Filius
1750 4463 1973 4529 hominis

2066 614 2328 684 jubileus.
2382 617 2711 673 Revertetur
2755 619 2918 674 homo
2941 621 3008 674 ad
3056 621 3466 689 possessionem
3503 640 3658 679 suam

2070 717 2127 762 et
2174 709 2550 780 unusquisque
2599 711 2774 766 rediet
2818 711 2885 766 ad
2920 711 3179 766 familiam
3221 713 3657 783 pristinam.Qui

2066 798 2307 869 jubileus
2336 808 2422 857 est
2472 810 2530 856 et
2562 802 3048 873 quinquagesimus
3102 818 3282 860 annus
3317 820 3429 862 non
3461 809 3659 863 scretis

2070 904 2252 959 neque
2273 891 2497 949 metetis
2522 905 2719 963 sponte
2747 895 2800 948 in
2832 909 2960 966 agro
2984 895 3286 961 nascentia,
3308 907 3361 951 et
3393 896 3658 966 primitias

2068 983 2361 1038 vindemiae
2394 1000 2506 1039 non
2523 985 2898 1057 colligetis,ob
2930 986 3418 1042 sanctiﬁcationem
3443 989 3656 1058 jubilei,

2070 1075 2168 1138 sed
2200 1076 2386 1131 statim
2441 1077 2618 1133 ablata
2668 1078 2988 1134 comedetis.
3021 1079 3398 1149 Annojubilei
3444 1081 3659 1137 redient

2069 1180 2261 1224 omnes
2288 1168 2355 1222 ad
2385 1170 2761 1238 possessiones
2790 1185 2941 1225 suas.
2975 1190 2993 1221 ›

2142 1258 2243 1315 Hic
2279 1260 2649 1333 interrogandi
2681 1272 2814 1317 sunt
2851 1262 3049 1329 Judaei,
3081 1264 3126 1318 si
3158 1264 3469 1334 septimam,
3513 1266 3660 1322 sicut

2071 1351 2177 1420 ipsi
2199 1351 2410 1417 dicunt,
2445 1351 2590 1407 diem
2611 1352 2762 1423 legisl
2780 1363 2888 1407 iter
2910 1353 3210 1421 bonorans,
3243 1370 3435 1409 vacare
3455 1356 3509 1409 in
3534 1355 3655 1425 ipsa

2069 1446 2139 1498 ab
2170 1442 2283 1513 agri
2338 1443 2618 1512 operibus,
2665 1442 2893 1514 alisque
2937 1444 3135 1500 talibus
3168 1444 3447 1514 precepit,
3494 1447 3657 1513 cujus

2069 1536 2242 1605 gratia
2266 1535 2720 1605 quinquagesimo
2743 1551 2890 1589 anno
2906 1550 3123 1592 cessare
3139 1538 3208 1592 ab
3232 1538 3490 1607 operibus
3513 1552 3654 1608 prae-

2068 1628 2231 1696 cepit.
2253 1625 2309 1681 Si
2334 1628 2478 1683 enim
2497 1627 2865 1683 hebdomadas
2885 1628 3348 1684 hebdomadarum
3373 1630 3437 1686 ad
3455 1645 3652 1685 novem

2067 1727 2124 1772 et
2146 1718 2506 1789 quadraginta
2526 1719 2741 1774 numeri
2784 1735 2958 1775 annos
2984 1721 3331 1792 colliguntur,
3353 1737 3461 1776 non
3485 1737 3655 1789 opor-

2073 1809 2221 1865 tebat
2242 1809 2749 1881 quinquagesimum
2799 1825 3011 1874 vacare,
3044 1812 3146 1866 nisi
3175 1812 3404 1868 forsitan
3447 1812 3653 1881 aliquid

2073 1897 2423 1967 signiﬁcaret,
2451 1908 2507 1952 et
2534 1898 2789 1969 mysteria
2815 1900 2900 1954 lex
2922 1910 3244 1970 exponeret,
3269 1918 3392 1971 quae
3415 1903 3654 1959 necdum

2071 1998 2286 2058 tempus
2305 1998 2423 2044 erat
2448 1999 2638 2058 aperte
2667 1997 2890 2060 propter
2928 1990 3240 2047 auditorum
3281 1993 3653 2049 inﬁrmitatem

2070 2081 2291 2151 aperiri.
2322 2080 2455 2147 Quae
2482 2089 2610 2139 sunt
2634 2093 2817 2136 autem
2846 2081 2999 2137 haec?
3020 2083 3156 2137 Audi
3185 2102 3197 2138 :
3230 2084 3435 2154 Duplex
3464 2094 3651 2143 autem

2069 2172 2317 2243 quaedam
2354 2170 2631 2227 infcrtura
2651 2172 2759 2229 Deo
2787 2174 3036 2228 omnium
3056 2173 3352 2231 visibilium
3396 2189 3656 2231 consum-

2071 2265 2259 2326 matio,
2305 2280 2412 2318 una
2467 2264 2692 2334 quidem
2742 2266 3176 2337 uniuscujusque
3220 2276 3492 2326 nostrum.
3548 2267 3654 2323 alia

2070 2363 2272 2419 autem,
2301 2357 2613 2412 communis
2646 2355 2870 2410 humani
2905 2356 3119 2427 generis
3160 2356 3510 2428 ipsorumque
3558 2358 3656 2412 bo-

2071 2462 2213 2514 rum,
2263 2432 2385 2518 qua:
2433 2448 2596 2515 hanc,
2630 2464 2751 2518 qua:
2802 2463 2953 2505 nunc
3012 2457 3113 2514 est,
3177 2449 3654 2505 conversationem

2070 2544 2434 2599 constituunt.
2466 2544 2572 2600 Sed
2598 2560 2702 2600 nec
2724 2545 2942 2615 quando
2992 2545 3367 2615 unusquisque
3407 2553 3654 2601 nostrum

2070 2646 2484 2692 consummatus
2517 2636 2702 2704 fuerit,
2756 2647 2972 2707 tempus
3002 2637 3175 2711 nobis.
3214 2638 3479 2708 operandi
3524 2638 3652 2701 erit,

2069 2743 2174 2784 nec
2202 2729 2422 2798 quando
2468 2743 2700 2783 omnes:
2736 2737 2793 2782 et
2835 2729 2939 2781 hoc
2980 2726 3145 2781 nimis
3190 2726 3430 2780 scienter
3476 2728 3652 2797 legem

2070 2822 2228 2887 dans,
2253 2822 2398 2876 Deus
2413 2820 2613 2891 quippe
2629 2827 2765 2884 erat,
2791 2817 2876 2872 his
2900 2816 3058 2872 nobis
3082 2815 3258 2869 innuit
3278 2825 3333 2870 et
3352 2818 3652 2884 superiori-

2070 2914 2174 2969 lms
2203 2913 2408 2973 verbis,
2438 2913 2492 2965 in
2525 2909 2903 2979 superioribus
2934 2908 3174 2978 quidem,
3209 2908 3649 2978 uniuscujusque

2073 3007 2235 3059 linem
2259 3002 2566 3065 insinuans,
2593 3000 2679 3055 his
2700 3007 2908 3063 autem,
2933 2997 3460 3052 consummationem
3485 2999 3675 3055 totius.

2069 3082 2287 3168 generis
2310 3093 2557 3158 humani,
2589 3091 2891 3162 mundique
2912 3088 3163 3146 visibilis.

2138 3185 2455 3242 Numerabis
2490 3201 2611 3257 ergo
2640 3186 2733 3238 tibi
2761 3194 2956 3256 septem
2979 3182 3336 3239 hebdomadas
3369 3199 3654 3247 annorum,

2069 3280 2196 3335 Sive
2251 3287 2311 3333 ut
2361 3274 2780 3347 LXX:Septem
2826 3292 2949 3346 ergo
2986 3275 3287 3341 numerabis
3306 3275 3403 3329 tibi
3451 3274 3655 3344 requies

2067 3386 2350 3425 annorum.
2368 3367 2599 3423 Sabbata
2627 3375 2827 3429 autem,
2846 3383 2945 3436 pro
2970 3368 3147 3437 requie
3173 3365 3364 3436 reliqui
3382 3365 3655 3435 interpre-

2067 3475 2183 3537 tum
2224 3465 2536 3520 ediderunt.
2589 3460 2654 3515 Et
2680 3462 2809 3530 quid
2842 3462 2948 3518 hoc
2972 3462 3105 3517 est?
3129 3460 3349 3531 Septem
3391 3460 3538 3515 enim
3579 3458 3657 3515 ait

2068 3558 2438 3613 hebdomadas
2459 3571 2725 3611 annorum
2753 3554 2977 3624 septies.
3004 3554 3072 3608 Et
3103 3560 3232 3609 sunt
3271 3560 3484 3622 septem
3517 3550 3655 3606 heb-

2068 3650 2329 3705 domades
2370 3664 2641 3703 annorum
2677 3646 3035 3718 quadraginta
3060 3660 3254 3700 novem
3277 3642 3573 3714 anni,quia
3600 3642 3654 3701 in

2071 3741 2413 3798 hebdomade
2435 3741 2648 3795 dierum
2682 3748 2853 3793 totum
2882 3736 3144 3792 saeculum
3181 3736 3479 3791 humanum
3512 3734 3657 3790 divi-

2068 3836 2238 3903 ditur,
2262 3834 2482 3907 quando
2502 3833 2590 3887 hic
2607 3833 2723 3902 ipse
2745 3830 2797 3884 in
2820 3829 3117 3899 semetipso
3137 3827 3526 3898 multiplicatus
3545 3825 3657 3880 fue-

2070 3930 2162 3993 rit,
2192 3938 2247 3982 et
2275 3934 2385 3982 tota
2427 3923 2609 3981 saeculi
2640 3923 2909 3993 completa
2940 3920 3107 3975 fuerit
3130 3919 3456 3975 volubilitas.
3499 3917 3658 3987 cujus

2072 4032 2289 4090 tempus
2314 4017 2543 4073 Creator
2561 4014 2827 4078 deﬁnivit,
2850 4013 2946 4068 diu
2966 4013 3325 4083 semetipsum
3345 4010 3568 4065 volvens
3587 4010 3656 4065 ad

2075 4112 2237 4166 tinem
2289 4109 2562 4181 pervenit.
2596 4107 2666 4162 Et
2704 4114 2998 4178 propterea
3048 4105 3138 4160 ille
3180 4104 3307 4159 ﬁnis
3344 4113 3656 4174 temporum

2076 4202 2539 4257 hebdomadarum
2595 4210 2745 4256 recte
2838 4198 3145 4270 appellatus
3201 4196 3657 4267 quadragesimus

2074 4276 2252 4360 nonus
2297 4309 2474 4348 annus
2516 4300 2622 4348 est.
2669 4291 2777 4347 Sed
2827 4298 3044 4361 Oportet
3080 4290 3247 4344 etiam
3303 4297 3659 4358 sequentem,

2074 4384 2603 4456 quinquagesimum,
2622 4384 2764 4438 sicut
2789 4383 2865 4437 ait
2895 4381 2984 4436 hic
3014 4379 3308 4452 Iegislator,
3340 4377 3655 4441 succedere,

2078 4464 2135 4549 in
2158 4491 2264 4547 quo
2299 4484 2641 4549 mortuorum
2678 4470 2737 4525 ﬁt
2768 4469 3122 4525 resurrectio.
3153 4469 3284 4524 Post
3313 4468 3476 4523 ﬁnem
3510 4466 3655 4522 enim

383 4551 532 4607 dabit
562 4552 701 4607 vobis
729 4553 796 4608 ⁸³.
835 4553 1007 4622 Hujus
1030 4553 1250 4623 quidem
1285 4570 1423 4623 opus
1452 4554 1559 4618 hic,
1584 4554 1635 4607 in
1668 4554 1853 4608 futuro
1877 4570 1969 4609 au-
2004 4568 2043 4622 υ
2078 4551 2405 4620 resurrectio
2448 4560 2869 4633 sequitur.Qu;e
2898 4562 3192 4632 quomodo,
3227 4558 3657 4631 etquemadmo-

386 4654 491 4705 tum
522 4643 731 4699 fructus
759 4654 860 4699 est.
887 4644 977 4699 Va:
1009 4646 1176 4707 enim,
1201 4647 1244 4702 si
1267 4646 1390 4716 quis
1418 4645 1602 4700 vacuis
1622 4645 1747 4699 hinc
1773 4645 1965 4699 ambu-

388 4735 579 4794 laverit
611 4736 881 4801 manibus,
929 4737 1039 4791 illic
1069 4738 1158 4792 ubi
1192 4749 1407 4807 tempus
1430 4738 1539 4809 jam
1570 4754 1679 4791 non
1712 4746 1795 4792 est
1841 4737 1965 4791 the-

387 4826 713 4897 saurizandi,
736 4843 847 4893 non
874 4830 1157 4898 cperandi,
1187 4832 1277 4884 sed
1301 4831 1417 4887 hinc
1447 4829 1819 4901 proferuntur,
1856 4829 1972 4882 Ιιςιξο

388 4922 665 4984 fruuntur,
697 4936 818 4989 quae
872 4921 962 4976 hic
988 4930 1194 4991 operati
1214 4923 1479 4977 tucrimus
1504 4940 1516 4974 :
1546 4921 1745 4991 quibus
1778 4936 1972 4990 super—

386 5012 663 5079 :ediﬁcans
693 5011 987 5083 legislator,
1015 5014 1293 5083 sequentia
1322 5014 1558 5080 subdidit
1583 5030 1597 5067 :

486 5125 648 5186 Vsus.
686 5126 839 5181 8-l5.
899 5144 917 5176 ι
975 5125 1305 5180 Νυιιιθτειὶιίε
1353 5140 1568 5196 quoque
1620 5126 1715 5180 tibi
1762 5136 1971 5195 septem

389 5213 762 5269 hebdomatlcs
800 5230 1092 5278 annorum,
1138 5214 1190 5269 id
1229 5224 1333 5277 est,
1378 5216 1600 5284 septies,
1650 5230 1772 5286 qu:e
1811 5216 1973 5270 simul

391 5308 597 5361 iaciunt
622 5322 797 5363 annos
837 5306 1201 5378 quadraginta
1244 5321 1464 5368 novem,
1497 5317 1553 5362 et
1588 5308 1807 5378 clauges
1836 5309 1971 5362 buc-

391 5402 536 5460 uitta,
561 5416 750 5455 mense
779 5400 1038 5470 septimo,
1076 5399 1285 5454 decima
1338 5400 1425 5453 die
1452 5401 1680 5463 mensis,
1705 5400 1971 5470 propitia-

393 5485 556 5543 tionis
581 5495 845 5556 tempore,
884 5488 938 5542 in
969 5487 1223 5543 universa
1252 5496 1397 5547 terra
1431 5497 1632 5554 vestra,
1671 5490 1974 5545 sanctiﬁca-

394 5575 584 5644 bisque
618 5594 823 5633 annum
862 5580 1390 5652 quinquagesimum,
1423 5589 1477 5636 et
1522 5583 1742 5637 vocabis
1783 5582 1973 5637 remis-

496 5768 769 5853 f'ﬂblatth.
804 5780 1135 5853 {ythidseq
1249 5762 1293 5815 λθ
1324 5783 1461 5837 Psul.
1492 5801 1687 5853 cum,
1730 5787 1777 5853 i,
1804 5788 1857 5842 ‘2.

400 5837 446 5887 tt
479 5831 499 5915 ξ
530 5833 774 5905 ςοὲ.”5.γ,
810 5831 956 5910 Ξδ;²ι
986 5831 1178 5905 Thess.
1216 5870 1290 5919 ιν,
1325 5854 1408 5908 ιδ.
1462 5856 1465 5859 ·

1964 5788 2008 5818 ³⁷
2052 5786 2195 5862 Ρδῧυι.
2228 5802 2341 5853 cm,
2382 5785 2463 5838 ll.

2075 4660 2203 4713 dum
2235 4657 2541 4730 proveniat,
2565 4655 2696 4718 dicit
2726 4653 2951 4715 l’aulus.
2972 4652 3238 4708 Similiter
3274 4661 3456 4705 autem
3502 4660 3557 4703 et
3582 4648 3661 4702 le—

2077 4732 2299 4819 g'islator
2315 4748 2677 4825 praesentibus
2699 4746 2942 4819 subdidit
2968 4744 3170 4805 verbis,
3193 4743 3267 4797 ait
3290 4743 3472 4829 enim':

2134 4844 2199 4897 Et
2219 4843 2465 4913 clangens
2487 4824 2701 4894 buccina
2709 4856 2906 4913 ,mense
2926 4838 3167 4906 septimo,
3188 4837 3242 4889 in
3261 4836 3503 4888 universa
3520 4845 3661 4888 terra

2080 4946 2275 4990 vestra.
2303 4934 2450 4987 Illam
2482 4933 2667 4987 tubam
2691 4918 3028 5003 signiﬁcans,
3059 4929 3125 4982 de
3159 4943 3264 4997 qua
3296 4925 3494 4979 Paulus
3522 4924 3661 4979 scri-

2083 5028 2161 5085 bit
2182 5025 2506 5089 Corinthiis,
2536 5024 2726 5078 dicens
2755 5041 2768 5077 :
2801 5021 2943 5087 Quia
2973 5023 3084 5089 ipse
3123 5018 3379 5073 Dominus
3408 5017 3464 5070 in
3479 5016 3669 5088 jussu,

2080 5123 2134 5175 in
2165 5136 2285 5175 voce
2330 5118 2666 5188 Are/tangeli.
2700 5119 2753 5171 in
2802 5117 2927 5170 tuba
2960 5114 3057 5169 Dei
3101 5112 3378 5167 descendet
3417 5110 3484 5163 de
3512 5107 3671 5175 cato,

2080 5224 2128 5267 et
2155 5213 2349 5267 mortui
2376 5212 2465 5281 qui
2493 5211 2549 5263 in
2574 5209 2783 5265 Christo
2810 5217 2954 5271 sunt,
2991 5214 3262 5276 resurgent
3288 5203 3580 5270 incorrupti
3593 5200 3658 5252 ⁸⁸.

2079 5307 2311 5376 Oportet
2338 5305 2484 5359 enim
2519 5311 2859 5358 mortuorum
2897 5299 3360 5358 resurrectionem
3392 5296 3663 5351 suscitan—

2082 5411 2189 5453 tem
2208 5415 2304 5453 eos
2323 5398 2636 5469 prazccdere
2658 5396 2868 5450 tubam.
2891 5392 3047 5448 Unde
3075 5391 3131 5444 in
3159 5389 3584 5461 quadragesimo
3609 5395 3664 5439 et

2084 5508 2232 5547 nono
2254 5506 2419 5555 anno,
2448 5490 2502 5544 in
2531 5505 2640 5559 quo
2671 5500 3020 5544 communem
3052 5484 3291 5539 diximus
3311 5493 3663 5537 consumma—

2088 5587 2292 5641 tionem
2332 5584 2471 5649 ﬁeri,
2502 5584 2629 5639 tuba
2659 5581 2782 5638 cani
2821 5578 3098 5653 praacepit.
3148 5579 3205 5632 lu
3249 5590 3440 5632 mense
3481 5582 3662 5629 autem

2576 5785 2620 5814 "
2651 5783 2814 5859 lit-cli.
2847 5797 2960 5847 xiv,
2987 5781 3075 5835 l7.
3111 5850 3119 5857 .
3193 5780 3237 5809 ”
3272 5777 3431 5857 {eam
3467 5790 3541 5852 vi,
3568 5772 3659 5829 27.

2460 5985 2567 5994 --.κ-
2990 5982 3036 5993 ⁸--
3132 5977 3215 5987 ”“”
