3962 6220
271 305 415 374 1113

1421 313 1503 378 IN
1537 278 1981 379 Levi'rtcnu.
2023 342 2093 356 -
2130 320 2281 381 LIB.
2313 320 2447 383 v11.

2766 260 2919 309 ἔχη
3042 284 3065 321 _,

3430 273 3564 385 tut

268 421 543 494 septimo,
600 421 807 480 decima
844 422 1074 497 mensis,
1126 426 1534 500 propitiationis
1590 439 1857 500 tempore,
1886 434 1937 491 Α
1964 430 2237 487 thesauros
2259 434 2317 486 in
2344 433 2494 498 caelo,
2533 435 2621 488 ubi
2650 448 2744 489 nec
2777 433 2941 498 tinea,
2971 430 3271 503 nec'terugo
3320 446 3566 487 corrum-

266 514 599 587 ctangentes
648 515 881 574 buccina
926 518 981 574 in
1016 519 1272 587 universa
1310 530 1452 577 terra
1494 530 1677 577 vestra
1720 530 1875 577 recte

266 603 567 675 praecepit,
635 621 737 677 per
797 608 1243 680 propitiationem
1308 610 1688 673 manifestans,
1741 611 1869 681 quia

270 701 513 764 propter
555 695 863 753 bonitatem
893 707 948 754 et
975 699 1321 754 clementiam
1352 715 1476 771 erga
1508 715 1673 755 omne
1698 716 1871 772 genus

270 780 609 853 humanum,
660 789 1063 845 communionis
1117 790 1537 845 resurrectionis
1589 791 1872 861 dispensat

270 878 627 948 mysterium,
647 880 1076 936 misericordiam
1108 881 1432 952 impendens
1450 880 1644 947 Adam,
1660 881 1753 951 qui
1770 896 1871 951 per

273 969 717 1027 inobedientiam
751 973 808 1027 in
835 982 1036 1029 terram
1081 974 1280 1030 reverti
1316 984 1620 1044 praeceptus
1650 982 1735 1028 est
1766 993 1780 1027 :
1819 972 1866 1028 si

272 1064 426 1119 enim
462 1081 581 1121 non
614 1066 870 1121 misertor
904 1067 1339 1138 propitiatorium
1370 1066 1581 1130 fuisset,
1611 1081 1722 1121 non
1743 1082 1870 1122 eum

271 1170 304 1210 a
328 1160 694 1229 corruptione
719 1169 940 1216 terrena
978 1161 1283 1217 liberasset.
1323 1159 1476 1226 Quod
1512 1168 1697 1215 autem
1733 1160 1871 1217 dixit

275 1264 506 1304 omnem
556 1260 781 1320 terram,
828 1252 955 1322 quia
1005 1253 1170 1307 totius
1224 1253 1331 1307 erit
1375 1252 1601 1307 humani
1652 1251 1871 1323 generis

274 1344 637 1400 resurrectio.
672 1343 776 1399 Per
803 1345 1097 1416 septimum
1126 1354 1312 1400 autem
1340 1360 1608 1412 mensem,
1639 1354 1695 1399 et
1716 1344 1871 1400 deci-

276 1449 430 1489 mam
458 1437 626 1502 diem,
659 1452 784 1491 eum
828 1438 919 1507 qui
954 1438 1070 1492 hanc
1114 1438 1246 1508 egit,
1297 1438 1549 1493 videlicet
1590 1436 1870 1492 Christum

279 1526 580 1601 intelliges.
605 1529 789 1586 Mense
827 1530 973 1585 enim
1014 1530 1254 1600 septimo
1280 1538 1414 1585 aetas
1451 1529 1643 1584 mundi
1670 1529 1820 1584 venit
1853 1549 1866 1582 :

279 1620 450 1689 cujus
479 1637 726 1677 mensem
749 1622 985 1692 primum
1017 1622 1252 1677 dicimus
1288 1636 1415 1676 eum
1439 1622 1531 1690 qui
1565 1620 1667 1677 fuit
1688 1621 1742 1674 in
1776 1636 1871 1690 pa-

280 1710 475 1767 radiso
505 1730 521 1780 ;
547 1714 850 1768 secundum
881 1730 1051 1785 usque
1075 1714 1141 1769 ad
1172 1714 1437 1769 diluvium
1464 1733 1477 1768 :
1504 1715 1749 1780 tertium,
1772 1730 1867 1769 us-

1975 524 2075 592 pit,
2105 538 2198 579 nec
2222 525 2368 595 fures
2402 525 2676 595 eﬁ'odiunt,
2725 538 2775 581 et
2836 529 3090 598 furantur
3108 526 3177 578 “.
3235 522 3344 579 Sed
3390 532 3446 579 et
3494 524 3563 580 ad

1976 613 2239 668 familiam
2272 613 2556 684 pristinam
2588 616 2854 679 redimus,
2886 616 2974 671 vel
2994 615 3140 671 sicut
3172 613 3560 686 Septuaginta,

1981 706 2054 760 ad
2102 707 2340 774 patriam
2395 716 2635 762 nostram
2688 708 3094 762 ambulabimus.
3140 705 3428 763 Manifesta
3480 717 3567 762 est

1977 798 2125 853 enim
2162 800 2412 869 quaedam
2437 800 2738 855 amantium
2761 800 3190 870 hospitalitatem
3230 800 3425 870 patria,
3448 799 3567 855 sive

1977 889 2203 957 familia,
2264 892 2353 946 cui
2399 891 2676 947 Abraham
2737 901 2956 962 praeest,
3015 892 3302 947 manifesta
3354 901 3564 947 castro-

1976 998 2124 1048 rum,
2156 982 2313 1052 cujus
2327 981 2532 1053 Joseph
2565 984 2822 1053 princeps
2851 989 2939 1038 est
2967 1001 2980 1037 :
3012 981 3305 1037 manifesta
3358 984 3567 1037 zelato-

1979 1088 2119 1140 rum,
2149 1075 2307 1145 cujus
2337 1074 2478 1131 Elias
2503 1074 2799 1145 primatum
2832 1084 3002 1141 tenet,
3045 1090 3275 1144 quarum
3331 1074 3567 1129 haeredi-

1979 1176 2145 1221 tatem
2176 1166 2530 1237 percipimus,
2580 1167 2801 1238 quando
2846 1167 3043 1222 horum
3109 1183 3235 1237 quae
3272 1167 3362 1221 hic
3415 1175 3566 1232 sunt,

1977 1256 2250 1323 remissio,
2299 1267 2356 1312 et
2403 1258 2771 1314 sanctificatio
2811 1266 3004 1314 contra
3054 1266 3288 1313 mortem
3326 1257 3570 1312 victoriae

1978 1359 2196 1420 peracta
2223 1349 2409 1405 fuerit.

2048 1442 2112 1497 In
2173 1443 2610 1514 quinquagesimo
2669 1458 2812 1496 anno
2867 1444 2960 1512 qui
3019 1452 3137 1513 post
3186 1443 3569 1497 hebdomadam

1978 1532 2475 1587 hebdomadarum:
2522 1531 2582 1585 ld
2639 1540 2762 1596 est,
2818 1541 2944 1601 post
3000 1547 3347 1586 communem
3403 1531 3568 1587 finem

1978 1627 2184 1689 veniet,
2219 1623 2550 1682 sicutsemel
2576 1632 2862 1679 ostensum
2911 1631 3015 1679 est.
3060 1625 3217 1679 Tunc
3266 1640 3378 1679 non
3437 1639 3572 1694 pos-

1979 1729 2108 1775 sunt
2146 1717 2427 1782 seminari,
2459 1731 2640 1787 neque
2674 1716 2807 1770 meti
2841 1724 3040 1785 sponte
3071 1716 3126 1769 in
3165 1729 3294 1785 agro
3334 1730 3573 1769 nascen-

281 1817 394 1872 que
435 1805 503 1861 ad
533 1804 806 1862 Abraham
836 1825 851 1861 :
880 1816 1136 1875 quartum
1172 1821 1343 1876 usque
1380 1806 1450 1861 ad
1477 1815 1714 1877 tempus,
1763 1823 1873 1877 quo
1906 1793 1948 1848 Β
1980 1812 2073 1876 tia,
2106 1827 2287 1883 neque
2317 1810 2587 1882 primitias
2616 1808 2914 1863 vindemiae
2963 1807 3165 1878 colligi.
3192 1805 3382 1876 Neque
3421 1805 3570 1860 enim

282 1893 621 1955 descensum
663 1908 748 1954 est
786 1899 841 1953 in
887 1898 1181 1971 Aigyptum
1214 1916 1227 1953 :
1259 1898 1534 1968 quintum,
1588 1915 1762 1969 usque
1807 1900 1889 1955 ad'

282 1991 663 2060 captivitatem
695 1994 751 2048 in
780 1992 1125 2064 Babyloniam
1152 1974 1171 2046 ξ
1193 2000 1429 2058 sextum,
1464 2008 1638 2062 usque
1680 1993 1748 2047 ad
1776 1993 1876 2048 ad-

282 2091 518 2137 ventum
533 2082 733 2140 Cbristi
752 2103 764 2139 :
786 2084 1099 2155 septimum,
1116 2084 1294 2155 ipsum
1316 2084 1530 2140 Domini
1550 2085 1840 2140 adventum
1860 2100 1875 2151 ;

282 2184 418 2227 nam
463 2177 567 2231 etsi
631 2191 742 2231 non
796 2191 988 2232 omnes
1049 2177 1134 2234 Ine
1176 2176 1538 2233 diﬂ'erentiam
1583 2177 1875 2247 quamdam

281 2256 433 2315 inter
462 2279 521 2319 se
539 2273 729 2319 zelotes
752 2265 955 2320 habent
974 2304 990 2329 ,
1033 2272 1215 2320 tamen
1236 2275 1540 2336 temporum
1566 2266 1716 2338 signa
1737 2266 1879 2322 sicut

276 2368 512 2412 menses
544 2356 766 2412 habent.
794 2356 901 2411 Sed
928 2357 1197 2415 decimam
1228 2358 1370 2413 diem
1405 2368 1691 2429 propterea
1719 2361 1876 2416 addi-

276 2443 383 2509 dit,
410 2448 545 2517 quia
579 2448 635 2502 in
659 2447 1070 2517 perfectionem,
1095 2445 1371 2518 perfectus
1388 2453 1593 2523 quippe
1614 2468 1879 2508 numerus

277 2544 366 2589 est
428 2537 692 2602 decimus,
728 2538 1168 2609 propitiationem
1214 2550 1455 2596 nostram
1500 2558 1599 2613 per
1632 2558 1876 2612 crucem,

277 2634 459 2695 atque
504 2628 814 2698 passionem
855 2629 1109 2686 Christus
1152 2632 1380 2703 peregit.
1427 2632 1586 2689 Unde
1624 2643 1678 2690 et
1720 2650 1876 2690 ovem

280 2721 708 2800 quamlbloyses
753 2723 1012 2793 praecepit
1052 2723 1341 2792 immolari,
1390 2726 1687 2796 perfectam
1730 2743 1874 2793 esse,

281 2819 341 2867 et
356 2813 575 2870 decima
592 2815 679 2870 die
691 2816 930 2887 separari
963 2818 1240 2887 praecepit,
1260 2818 1424 2889 hujus
1445 2829 1723 2890 gerentem
1744 2822 1878 2876 ima-

285 2904 500 2975 ginem,
530 2906 596 2961 de
623 2923 733 2977 quo
758 2909 918 2962 nobis
947 2924 1095 2964 nunc
1137 2925 1320 2966 sermo
1367 2920 1472 2966 est.
1519 2910 1660 2978 Quid
1693 2921 1877 2969 autem

289 2995 382 3051 his
405 2998 656 3054 addidit?

1977 1914 2196 1976 tempus
2217 1912 2321 1970 est,
2358 1903 2412 1958 in
2440 1918 2550 1973 quo
2592 1900 2751 1957 nobis
2777 1917 2873 1970 per
2903 1900 3283 1970 operationem
3334 1898 3570 1967 conqui-

1976 2014 2164 2054 ramus
2202 1999 2439 2068 aliquam
2479 1998 2922 2058 sanctimoniam,
2977 2011 3140 2066 quam
3194 1994 3250 2047 in
3298 1995 3400 2048 hac
3463 1994 3569 2048 vita

1975 2104 2087 2146 non
2115 2089 2551 2160 conquisivimus
2585 2090 2641 2144 in
2676 2089 2878 2145 saeculo
2920 2087 3126 2153 futuro,
3156 2086 3251 2140 sed
3292 2085 3398 2139 frui
3455 2083 3568 2150 his,

1976 2199 2097 2254 quae
2129 2182 2218 2237 hic
2244 2183 2453 2253 operati
2471 2181 2762 2246 fuerimus,
2793 2191 2850 2236 et
2879 2186 3167 2250 propterea
3211 2178 3428 2232 subdit:

2049 2275 2153 2331 Sed
2184 2275 2371 2330 statim
2403 2274 2585 2328 oblata
2652 2273 2953 2327 comedetis.
2986 2270 3085 2325 Vel
3147 2269 3287 2324 sicut
3339 2267 3573 2339 Septua-
3634 2291 3639 2295 -

1976 2369 2146 2440 ginta,
2171 2368 2235 2421 de
2256 2367 2459 2437 eampis
2498 2366 2800 2431 comedetis,
2837 2380 2955 2434 qua:
2985 2372 3278 2417 nascuntur
3312 2362 3368 2414 in
3393 2377 3479 2423 ea,
3520 2359 3573 2412 id

1977 2469 2061 2516 est
2088 2468 2297 2530 parata,
2346 2473 2458 2514 non
2512 2473 2635 2528 qua:
2687 2466 2820 2513 tunc
2865 2457 3245 2519 seminantur,
3296 2469 3402 2508 nec
3453 2467 3576 2522 quae

1976 2552 2251 2616 coluntur,
2308 2551 2402 2605 sed
2464 2549 2594 2605 olim
2631 2549 3038 2620 praeseminata,
3093 2556 3149 2602 et
3210 2552 3573 2615 praeoperata.

1979 2642 2113 2696 Illud
2166 2650 2249 2696 est
2307 2641 2459 2695 enim
2505 2648 2743 2710 tempus,
2807 2640 2874 2694 de
2908 2653 3017 2709 quo
3049 2638 3127 2693 ait
3184 2636 3396 2690 David:
3437 2634 3576 2699 Quia

1978 2734 2152 2788 reddis
2179 2733 2462 2802 unicuique
2510 2724 2798 2787 secundum
2831 2747 2997 2800 opera
3058 2729 3241 2783 sua“.
3290 2726 3399 2780 Sed
3440 2726 3576 2795 quid

1980 2825 2034 2879 in
2059 2824 2223 2879 ﬁnem
2253 2824 2545 2894 praesentis
2566 2822 2878 2878 sanctionis
2898 2820 3060 2876 dixit:
3079 2820 3232 2874 Anno
3251 2818 3463 2889 jubilei,
3494 2818 3579 2871 vel

1980 2921 2282 2976 secundum
2315 2916 2696 2990 Septuaginta,
2724 2933 2864 2971 anno
2889 2916 3213 2970 remissionis
3232 2912 3583 2986 signiﬁcatio-

1983 3014 2061 3067 nis
2087 3014 2286 3068 redicat
2318 3029 2496 3067 omnes
2535 3013 2606 3066 ad
2630 3011 2979 3081 possessiones
3006 3023 3152 3062 suas.

366 3108 839 3182 Sanctiﬁcabisque
875 3128 1073 3166 annum
1112 3114 1631 3185 quinquagesimum,
1699 3126 1747 3170 ει
1789 3135 1878 3172 va.
1910 3139 1952 3197 ο
2054 3105 2354 3160 Evidenter
2388 3120 2489 3159 nos
2534 3105 2641 3167 lex,
2687 3118 2786 3174 per
2828 3103 2931 3157 hoc
2976 3100 3124 3170 quod
3169 3113 3321 3153 nunc
3367 3098 3578 3197 dictum

294 3202 442 3256 cabis
466 3203 825 3257 remissionem
870 3204 1073 3257 cunctis
1120 3204 1503 3259 habitatoribus
1553 3216 1708 3261 teme
1757 3217 1882 3263 tuae.

299 3293 659 3365 Septuaginta
692 3304 876 3351 autem
909 3295 1140 3359 addunt,
1180 3297 1364 3351 Annus
1400 3299 1722 3354 remissionis
1788 3302 1886 3354 erit

298 3386 465 3440 vobis.
513 3386 851 3459 Signiﬁcatio
910 3388 1027 3444 haec
1076 3391 1527 3457 sanctiﬁcabitur,
1590 3391 1641 3446 id
1702 3401 1785 3447 est
1830 3394 1886 3448 in

299 3478 669 3533 sanctimonia
694 3480 843 3535 hunc
875 3489 1207 3548 exspectate,
1238 3490 1287 3535 et
1317 3490 1505 3535 sancta
1533 3482 1601 3535 de
1639 3498 1706 3537 eo
1738 3485 1889 3554 ρυεῖ-

304 3576 437 3622 tate.
474 3568 582 3623 Sed
604 3578 662 3623 et
689 3570 1108 3625 sanctimoniam
1134 3572 1186 3624 iu
1226 3588 1290 3626 co
1325 3574 1602 3642 corrigite,
1635 3575 1887 3630 reminis—

302 3667 495 3712 centes
531 3658 708 3722 illum,
733 3659 828 3728 qui
858 3659 1022 3713 dixit:
1054 3660 1251 3714 Pacem
1268 3679 1439 3715 nteant
1466 3665 1745 3732 sequimini
1771 3682 1889 3719 cum

300 3750 540 3803 omnibus
589 3759 639 3803 et
687 3753 1117 3815 sanctimoniam,
1174 3754 1286 3806 sine
1329 3770 1433 3823 qua
1488 3771 1638 3809 nemo
1684 3743 1875 3812 videbit

304 3841 555 3896 Deum“.
583 3840 692 3895 Sed
721 3852 778 3896 et
808 3841 1066 3896 omnibus
1095 3842 1188 3912 qui
1220 3854 1347 3897 sunt
1384 3845 1440 3897 in
1475 3854 1639 3911 terra,
1694 3849 1887 3903 remis-

304 3933 518 3988 sionem
580 3933 1003 3997 annuntiemus,
1039 3934 1254 4004 prolata
1283 3943 1471 3989 contra
1522 3952 1623 3991 nos
1666 3948 1890 4009 propter

302 4024 476 4079 Adam
514 4027 810 4080 sententia.
852 4025 1196 4096 Signiﬁcatio
1228 4027 1348 4082 haec
1397 4035 1501 4092 est,
1541 4028 1756 4100 signum
1806 4039 1889 4085 est
1936 4086 1951 4095 κ

302 4115 450 4171 enim
478 4123 819 4171 mortuorum
862 4116 1196 4171 resurrectio
1223 4116 1426 4173 Christi
1483 4117 1744 4181 victoriae,
1793 4134 1891 4189 per

304 4221 470 4276 quam
500 4205 671 4261 vincit
718 4205 1023 4271 inimicum,
1085 4206 1268 4261 omnia
1306 4208 1605 4278 subjiciens
1663 4211 1790 4276 sibi,
1834 4220 1892 4266 et

303 4300 595 4354 destruens
655 4308 930 4377 mortem,
989 4300 1453 4369 quemadmodum
1516 4301 1716 4357 Paulus
1771 4303 1884 4357 ait:

303 4388 521 4458 Oportet
549 4406 669 4444 eum
702 4406 942 4460 regnare,
1006 4391 1169 4444 donec
1218 4402 1382 4460 ponat
1436 4408 1613 4446 omnes
1653 4394 1890 4447 inimicos

1991 3206 2076 3253 est
2131 3206 2490 3259 contestatur,
2545 3197 2673 3266 quia
2735 3195 2819 3250 vel
2869 3194 2914 3248 si
2964 3192 3094 3247 hinc
3148 3189 3578 3253 recesserimus,

1992 3305 2165 3360 usque
2189 3290 2255 3345 ad
2290 3305 2494 3343 annum
2516 3288 2878 3352 remissionis,
2938 3285 3031 3356 qui
3071 3292 3156 3339 est
3190 3280 3584 3338 sanctiﬁcatio-

1990 3386 2100 3448 nis,
2140 3398 2313 3453 usque
2338 3383 2404 3437 ad
2442 3397 2792 3439 communem
2841 3380 3100 3436 videlicet
3143 3376 3581 3433 consummatio-

1992 3493 2140 3541 nem,
2167 3486 2222 3530 et
2253 3485 2596 3531 mortuorum
2628 3473 3112 3538 resurrectionem,
3144 3487 3306 3541 quam
3329 3469 3583 3523 Christus

1992 3578 2269 3638 operatur,
2307 3566 2528 3637 quando
2573 3567 2848 3637 integrum
2874 3564 3052 3635 surgit
3076 3571 3267 3618 contra
3295 3560 3581 3615 inimicum

1991 3670 2049 3712 et
2080 3667 2313 3712 mortem
2360 3639 2690 3726 trophaum,
2725 3656 2794 3710 ad
2847 3653 3254 3724 possessionem
3287 3666 3462 3713 suam,
3514 3650 3582 3704 ad

1993 3749 2370 3803 haereditate":
2406 3748 2668 3801 videlicet
2689 3762 2855 3801 nemo
2885 3745 3066 3799 redire
3110 3751 3312 3814 potest,
3358 3749 3586 3811 propter

1991 3839 2136 3908 quod
2169 3846 2224 3892 ct
2261 3839 2462 3891 Paulus
2490 3838 2594 3891 ait:
2632 3836 2742 3891 Nos
2771 3838 2862 3907 qui
2897 3835 3138 3897 uicimus,
3168 3851 3271 3888 non
3295 3833 3581 3904 prwvenie-

1992 3947 2108 3984 mm
2129 3946 2213 3984 eos
2246 3930 2336 4001 qui
2390 3930 2717 3983 dormierunt
2737 3929 2802 3980 ⁸⁸.
2834 3926 3024 3994 Neque
3081 3924 3225 3980 enim
3280 3923 3434 3994 justi,
3489 3922 3580 3991 qui

1992 4022 2097 4076 vivi
2134 4022 2482 4092 appellantur
2528 4028 2776 4074 mortuos
2805 4017 3145 4089 praecedunt,
3194 4016 3288 4071 sed
3336 4015 3581 4070 omnium

1987 4115 2254 4186 judicium
2288 4115 2392 4170 erit
2422 4128 2741 4177 commune,
2798 4122 2855 4166 et
2887 4126 3086 4165 omnes
3124 4108 3283 4164 simul
3317 4108 3382 4162 ad
3434 4121 3583 4161 com-

1992 4209 2234 4279 petentia
2296 4208 2398 4263 sibi
2472 4209 2587 4263 loca
2644 4205 3124 4261 transmittuntur.
3203 4201 3347 4256 Bene
3397 4211 3578 4254 autem

1994 4301 2227 4363 redient,
2275 4299 2370 4363 ait,
2402 4301 2528 4370 quia
2560 4299 2627 4354 ad
2670 4299 2839 4353 Deum
2896 4296 3270 4361 ambulamus,
3306 4309 3335 4347 a
3380 4307 3488 4362 quo
3527 4301 3582 4346 et

1994 4393 2270 4456 venimus,
2303 4408 2427 4446 cum
2459 4408 2569 4447 non
2617 4406 2864 4446 essemus
2904 4389 3079 4460 prius.
3131 4385 3359 4452 Quando
3398 4390 3579 4437 autem

302 4485 397 4538 sub
458 4485 677 4554 pedibus
750 4485 879 4537 suis.
934 4485 1230 4541 Novissime
1314 4486 1531 4540 inimica
1592 4487 1887 4541 destruetur
1922 4472 1965 4525 ἶ)
1993 4486 2303 4540 venerimus
2333 4485 2400 4539 ad
2433 4500 2582 4549 cum,
2617 4492 2745 4539 tunc
2773 4495 2897 4536 esse
2924 4480 3244 4550 incipimus.
3277 4476 3383 4531 Sed
3410 4475 3580 4545 coepi-

307 4593 444 4631 mors
472 4577 538 4631 ⁶².
573 4576 679 4631 Sed
712 4576 1037 4647 signiﬁcatio
1073 4578 1189 4634 haec
1219 4593 1317 4648 per
1342 4578 1713 4647 evangelicam
1743 4595 1885 4648 prae-

304 4669 631 4723 dicationem
659 4667 891 4723 elIicitur
916 4684 932 4735 ;
958 4668 1208 4726 Christus
1240 4671 1385 4725 enim
1412 4670 1732 4737 adveniens,
1764 4686 1883 4725 eam

304 4760 629 4831 significavit
650 4771 814 4831 atque
834 4762 1173 4831 praedicavit.

375 4856 518 4910 Tune
550 4865 838 4910 revertetur
875 4856 1028 4911 homo
1078 4860 1150 4910 ad
1192 4857 1569 4926 possessionem
1614 4875 1789 4922 suam,
1844 4871 1894 4913 et

303 4950 659 5020 unusquisque
690 4948 853 5002 rrdiet
882 4950 955 5002 ad
991 4950 1253 5019 familiam
1284 4951 1583 5019 pristinam,
1627 4951 1710 5005 vel
1750 4951 1893 5006 sicut

303 5041 685 5112 Septuaginta,
752 5042 823 5095 ad
880 5044 1114 5111 patriam
1174 5060 1350 5098 suam.
1402 5042 1691 5101 Possesdo
1741 5046 1889 5099 enim

304 5141 493 5187 nostra
527 5140 628 5197 est,
661 5141 716 5186 et
739 5132 985 5200 indeptio
1020 5134 1186 5188 futuri
1216 5134 1426 5197 surculi,
1448 5135 1575 5204 quia
1602 5135 1745 5189 illam
1778 5151 1887 5189 non

302 5223 370 5278 ad
400 5235 637 5293 tempus,
670 5222 768 5277 sed
818 5224 874 5277 in
911 5234 1239 5294 perpetumu
1279 5227 1647 5296 possidemus,
1678 5237 1734 5281 et
1786 5243 1890 5283 nec

304 5329 453 5369 nunc
480 5314 705 5383 quidem
725 5313 915 5385 hujus.
946 5330 1097 5371 nunc
1127 5328 1311 5372 autem
1344 5317 1508 5383 illius,
1530 5319 1628 5374 sed
1667 5334 1885 5389 semper

303 5407 552 5478 ejusdem
587 5414 673 5462 est
700 5403 877 5470 ﬁrma,
920 5417 1119 5479 etquae
1159 5425 1267 5464 non
1302 5410 1475 5479 possit
1522 5410 1723 5465 auferri
1766 5426 1889 5481 pns-

304 5496 498 5561 scssio,
531 5496 600 5551 de
628 5511 734 5566 qua
767 5496 1029 5552 Dominus
1057 5497 1309 5553 diccbat:
1345 5498 1714 5554 Thesaurizatc
1750 5499 1890 5553 vobis

378 5673 419 5710 "
450 5671 617 5729 llcbr.
643 5688 737 5740 xu,
778 5673 860 5731 ii.

308 5746 398 5815 iip.
427 5744 578 5810 1,23.
653 5748 659 5753 ·

947 5675 1033 5727 ⁸⁸1
1065 5676 1189 5731 Cor.
1224 5693 1314 5739 xv,
1345 5676 1435 5741 ‘25,
1460 5677 1546 5731 26.
1622 5678 1664 5709 ⁶²
1692 5677 1875 5734 Matth.
1906 5693 1981 5745 vt,
2022 5680 2101 5736 l9.

1995 4595 2115 4635 mus
2137 4579 2356 4648 quidem
2380 4593 2500 4633 esse
2522 4575 2905 4634 communiter,
2934 4590 2998 4627 ex
3031 4588 3139 4643 quo
3164 4572 3334 4624 Adam
3366 4577 3582 4624 creatus

1993 4679 2104 4723 est:
2139 4667 2455 4737 specialiter
2489 4675 2673 4720 autem
2706 4664 3085 4733 unusquisque
3121 4670 3224 4719 est,
3257 4676 3321 4714 ex
3371 4675 3479 4729 quo
3525 4658 3579 4711 in

1996 4768 2186 4815 ventre
2212 4770 2463 4813 materno
2486 4758 2786 4826 plasmatus
2812 4766 2917 4814 est,
2938 4753 3176 4808 aitenim
3214 4769 3227 4805 :
3252 4752 3352 4818 Qui
3382 4751 3580 4805 format

1994 4849 2247 4921 Spiritum
2285 4850 2524 4904 hominis
2563 4848 2619 4902 in
2651 4848 2854 4918 ipsum.
2889 4849 2930 4899 A
2969 4846 3078 4900 Deo
3110 4855 3293 4899 tamen
3328 4844 3579 4898 venimus

1995 4944 2209 4998 ratione
2244 4941 2469 5012 opificii,
2513 4949 2570 4995 et
2624 4940 2960 4995 conditionis
3006 4940 3145 5010 ejus,
3183 4944 3408 5008 propter
3433 4936 3577 5005 quod

1992 5046 2049 5092 et
2077 5037 2277 5091 Paulus
2307 5035 2561 5089 dicebat:
2598 5033 3063 5089 Coarctor'nntem
3100 5049 3163 5085 ea:
3187 5030 3409 5093 duobus,
3441 5029 3577 5082 desi-

1992 5130 2197 5183 derium
2229 5128 2424 5181 habens
2457 5126 2692 5191 dissolvi,
2720 5136 2768 5180 et
2801 5142 2918 5180 cum
2949 5125 3158 5178 Christo
3192 5138 3300 5176 esse
3321 5122 3387 5175 ".
3421 5119 3576 5186 Quod

1994 5221 2293 5289 unicuique
2345 5230 2596 5274 nostrum
2628 5235 2751 5273 cum
2804 5218 3002 5272 ﬁducia
3039 5215 3340 5286 proveniat,
3388 5214 3438 5267 id
3469 5221 3574 5278 est,

1999 5325 2057 5369 ut
2086 5314 2486 5384 possessionem
2525 5314 2750 5377 bonam,
2778 5321 2834 5367 ct
2872 5326 2993 5381 quae
3038 5308 3258 5363 familiis
3303 5308 3576 5377 iustorum

1997 5416 2455 5470 conuumerctur,
2531 5405 2874 5462 inveniamus
2941 5411 3104 5471 atque
3177 5398 3574 5470 possideamus.

2000 5500 2153 5557 Tunc
2170 5500 2312 5555 enim
2331 5505 2565 5559 nostras,
2582 5498 2725 5551 sicut
2748 5496 3003 5560 diximus,
3024 5491 3399 5564 possessiones
3429 5490 3578 5545 inve-

2185 5680 2227 5710 ⁶³
2260 5677 2401 5733 l‘sal.
2435 5692 2542 5741 ut,
2588 5676 2669 5730 15.
2768 5674 2810 5703 ⁵³
2844 5672 3077 5728 l'l‘hcss.
3105 5686 3181 5738 ix,
3210 5671 3286 5727 Η.
3375 5669 3420 5702 ⁸⁸
3446 5667 3580 5727 Phi-
