3988 6222
162 330 301 437 tm

1289 354 1373 417 IN
1416 352 1861 433 stmcun.
1901 376 1973 391 —
2011 350 2164 431 LIB.
2200 350 2337 415 vn.

3307 336 3447 417 11,18

161 470 266 527 sibi
281 464 629 540 conquirere,
653 468 875 525 domum
906 467 1091 524 domui
1152 467 1513 539 conjungere.
1565 481 1753 539 agrum
1785 472 1831 529 Α
1861 463 2066 520 tionem
2090 471 2267 535 terrae,
2299 460 2646 533 praeipiens,
2679 474 2791 529 non
2815 454 3206 529 vult;dedoere,
3259 468 3442 524 neque

161 578 295 634 agro
339 577 637 634 apponere,
694 563 790 617 sed
840 562 1083 617 tribuere
1121 576 1263 632 opus
1292 560 1649 627 habentibus,
1698 568 1753 615 et

159 654 424 724 paulatim
460 668 584 724 quae
631 653 923 715 dederunt,
972 653 1040 708 de
1071 651 1341 707 fructibus
1392 652 1631 722 recipere
1659 651 1753 722 qui

161 745 233 801 de
262 744 408 818 agris
427 745 776 817 colliguntur.
811 746 993 815 Ipsum
1045 744 1192 798 enim
1238 744 1484 799 debitum
1526 744 1751 808 donare,

168 844 230 890 et
277 850 460 905 neque
508 836 611 890 hoc
637 835 784 905 quod
840 842 1091 897 mutuum
1136 835 1322 889 datum
1365 842 1450 888 est
1487 837 1752 904 recipere.

167 925 433 982 Perfecta:
462 928 567 983 hoc.
618 928 745 983 vita:
769 935 871 986 est.
897 943 1061 997 quam
1108 943 1221 982 non
1256 942 1449 983 omnes
1500 927 1751 1001 capiunt:

164 1018 262 1087 qui
291 1027 473 1073 autem
514 1018 761 1088 capiunt,
795 1020 939 1074 beati
968 1026 1115 1072 sunt.

242 1106 404 1164 Vens.
443 1109 633 1164 18-20.
674 1128 693 1161 ‹
731 1109 916 1164 Facite
967 1119 1241 1180 praecepta
1273 1125 1417 1177 mea,
1461 1118 1516 1164 et
1552 1110 1757 1179 judicia

167 1201 460 1266 custodite,
490 1211 547 1256 et
566 1202 789 1272 implete
812 1218 896 1267 ea,
925 1213 986 1256 ut
1006 1203 1252 1256 habitare
1282 1203 1505 1272 possitis
1534 1204 1590 1256 in
1615 1212 1757 1258 terra

168 1293 378 1362 absque
399 1293 510 1346 ullo
553 1308 778 1361 pavore,
818 1301 874 1349 et
903 1292 1085 1364 gignat
1112 1292 1268 1347 vobis
1298 1293 1499 1346 humus
1552 1291 1760 1346 fructus

170 1395 327 1441 suos.
362 1381 564 1451 quibus
588 1380 888 1436 vescamini
918 1394 1090 1449 usque
1120 1379 1186 1433 ad
1221 1377 1584 1442 saturitatem,
1634 1378 1760 1431 nul-

178 1473 288 1527 lius
317 1473 585 1543 impetum
625 1473 1006 1527 formidantes.
1043 1489 1064 1523 ι

243 1563 478 1619 Maxime
519 1563 588 1619 ad
646 1579 809 1619 aures
868 1573 1083 1618 nostras
1137 1563 1365 1632 spiritus
1417 1562 1513 1617 Dei
1552 1562 1763 1617 cautela

171 1654 527 1725 perfectaque
561 1656 753 1720 utitur,
789 1670 859 1709 ne
886 1653 1025 1709 forte
1066 1654 1360 1719 discentes,
1393 1654 1519 1724 quia
1568 1667 1766 1707 secun-

172 1747 307 1800 dum
334 1761 625 1801 numerum
649 1761 941 1814 annorum,
972 1746 1025 1801 id
1074 1756 1158 1801 est
1180 1746 1474 1800 secundum
1505 1746 1762 1799 virtutem

1855 552 2179 609 conturbari
2237 566 2362 617 eos,
2429 552 2524 623 qui
2584 550 2761 621 legem
2817 546 3245 619 praecipiebant,
3308 543 3442 615 quid

1854 642 2163 706 comedant,
2200 648 2292 697 aut
2319 639 2464 697 unde
2485 640 2793 700 comedaut,
2828 637 2923 697 sed
2944 636 3050 690 ait:

1930 734 2079 787 Dabo
2112 732 2520 787 benedictionem
2546 748 2716 785 meam
2743 731 2904 784 vobis.
2934 728 3133 794 Quam,
3165 727 3301 797 quia
3327 740 3443 787 non

1858 826 1914 881 in
1948 827 2062 880 solo
2088 840 2230 896 pane
2259 824 2393 878 vivit
2428 824 2612 889 homo,
2640 823 2736 878 sed
2776 821 2831 876 in
2868 820 3019 877 omni
3067 821 3240 876 verbo
3296 819 3444 889 quod

1858 915 2107 986 procedit
2145 914 2212 970 de
2252 930 2348 969 orc
2380 914 2510 968 Dei:
2553 914 2826 984 quomodo
2855 928 2983 984 ergo
3018 912 3222 967 Christi
3280 926 3445 966 man-

1859 1008 2046 1063 datum
2072 1007 2294 1078 quidam
2337 1015 2590 1074 tanquam
2625 1006 2962 1083 impossibile
3011 1013 3065 1059 et
3110 1003 3445 1058 laboriosum

1860 1110 2145 1166 accusant,
2178 1116 2287 1171 quo
2332 1100 2504 1155 dixit:
2569 1097 2689 1152 Non
2736 1098 2974 1166 cogitetis
3019 1099 3073 1150 in
3119 1094 3449 1150 crastino"?

1862 1192 1999 1249 Ecce
2017 1192 2161 1246 enim
2186 1192 2270 1246 lex
2301 1192 2495 1246 similia
2524 1190 2793 1260 praecipit,
2823 1197 2889 1249 et,
2918 1190 2986 1243 de
3018 1188 3245 1258 integris
3273 1187 3446 1242 tribus

1862 1283 2023 1337 annis
2055 1284 2210 1352 jubet
2229 1298 2335 1338 non
2360 1283 2599 1353 cogitare
2624 1297 2737 1345 eos,
2767 1281 2859 1352 qui
2894 1280 3146 1335 virtutem
3170 1278 3446 1348 legislato-

1863 1375 1940 1429 ris
1977 1374 2292 1431 intendunt.
2341 1373 2608 1428 Pneterea
2638 1388 2734 1443 per
2782 1382 2892 1427 tres
2940 1387 3134 1436 annos,
3187 1370 3448 1425 uniuseu‘

1858 1467 2060 1535 jusque
2111 1475 2361 1520 nostrum
2415 1462 2969 1528 consummationem,
3017 1470 3073 1516 et
3101 1474 3444 1515 communem

1864 1555 2285 1610 retributionem
2311 1572 2432 1626 quae
2471 1564 2555 1609 est
2583 1564 2708 1625 post
2733 1555 3214 1620 resurrectionem,
3260 1567 3451 1608 neces-

1866 1646 2010 1701 sarie
2046 1646 2423 1718 intelligimus.
2455 1647 2514 1701 In
2538 1661 2867 1715 unoquoque
2888 1645 3081 1698 horum
3116 1644 3453 1700 comedimus

1867 1751 1987 1806 quae
2011 1736 2102 1803 hic
2137 1739 2346 1805 operati
2384 1737 2668 1801 fuerimus,
2691 1746 2912 1807 propter
2938 1736 3082 1806 quod
3115 1736 3229 1790 ait:

174 1837 392 1892 fructus
414 1837 845 1910 intelligibilium
891 1839 1323 1908 possessionum,
1359 1837 1615 1892 videlicet
1650 1836 1763 1889 vir-

1885 1803 1898 1806 -
1940 1821 2092 1887 Quod
2107 1825 2154 1877 si
2168 1803 2408 1878 dixeritis
2431 1841 2449 1878 :
2469 1823 2606 1889 Quid
2628 1803 3112 1878 comedeniusanno
3132 1823 3369 1892 septimo.
3393 1820 3453 1878 Id

177 1937 363 1982 tutum
424 1929 711 1999 exigimur,
778 1929 1253 1998 resupinaremur,
1310 1938 1366 1983 ct
1416 1931 1483 1985 ad
1544 1929 1765 1983 delicias

175 2021 531 2087 reclinemus,
559 2021 786 2092 ipsaque
803 2022 1200 2076 condescensio
1226 2022 1386 2077 nobis
1411 2022 1571 2076 noxia
1588 2022 1762 2075 fieret.

252 2112 432 2167 Facite
463 2123 722 2182 pracepta
758 2131 874 2169 mea
915 2123 963 2169 et
1000 2114 1208 2183 judicia
1262 2115 1533 2180 custodite,
1558 2115 1658 2179 ait,
1718 2124 1766 2169 et

175 2204 396 2275 implete
421 2223 506 2262 ea.
533 2207 857 2262 Nullatenus
878 2208 1025 2262 enim
1063 2224 1167 2262 nos
1202 2223 1417 2269 vacare.
1450 2208 1579 2262 licet
1611 2205 1767 2261 inﬁr-

180 2299 258 2352 mi
299 2299 472 2353 simus
516 2314 546 2353 a
590 2298 724 2371 legis
765 2299 1107 2369 operatione,
1159 2300 1256 2355 sed
1309 2299 1523 2369 operari
1576 2298 1767 2369 procul

180 2389 374 2457 dubio,
402 2391 617 2446 etiamsi
668 2391 969 2447 secundum
1008 2392 1290 2455 virtutem,
1338 2392 1473 2457 vult,
1523 2393 1769 2446 virtutem

184 2494 363 2536 autem
393 2493 630 2538 nostram
664 2485 982 2538 conscientia
1009 2493 1189 2538 nostra
1222 2485 1497 2551 convincit,
1524 2484 1665 2539 sicut
1697 2486 1771 2539 ait

188 2571 439 2629 Paulus:
495 2576 885 2648 cogitationum
937 2575 1174 2630 invicem
1254 2576 1627 2630 accusantium
1689 2577 1771 2630 vel

184 2668 644 2723 excusantium".
710 2668 915 2723 Omnes
955 2684 1084 2740 ergo
1124 2667 1362 2739 justitias
1410 2667 1526 2730 Dei,
1586 2668 1770 2722 omnia

183 2757 525 2826 ejusjudicia
560 2759 714 2829 prius
736 2760 1127 2826 custodiamus,
1166 2768 1222 2814 et
1248 2768 1433 2829 postea
1485 2758 1768 2815 faciamus.

184 2849 575 2903 Custodiamus
602 2866 710 2904 non
731 2860 1147 2922 corrumpentes
1175 2851 1535 2907 intentionem
1559 2868 1769 2918 eorum,

182 2939 285 2995 sed
316 2940 562 2995 districte
586 2942 979 3006 custodientes,
1028 2951 1083 2996 et
1117 2942 1561 2997 immutabilitcr:
1606 2943 1770 2997 veluti

181 3032 231 3087 si
264 3033 391 3102 quis
450 3032 853 3106 eleemosynam
915 3035 1129 3105 operari
1182 3036 1315 3102 vult,
1372 3050 1476 3090 nec
1527 3037 1772 3106 proximo

1867 1917 1972 1974 est,
2040 1910 2093 1962 in
2154 1911 2590 1982 uniuscujusque
2645 1922 2891 1966 nostrum
2960 1910 3450 1966 consummatione.

1868 2000 2215 2055 Manifestum
2243 2012 2326 2057 est
2359 1990 2526 2069 enim,
2559 2003 2687 2072 quia
2728 2012 2784 2057 ct
2812 2003 2868 2057 in
2913 2004 3208 2070 communi,
3262 2006 3316 2058 in
3346 2021 3455 2075 qua

1868 2094 1929 2149 fit
1958 2095 2307 2159 resurrectio,
2334 2105 2389 2150 et
2422 2096 2475 2149 in
2501 2095 2939 2162 retributionem,
2972 2097 3225 2152 eumdem
3261 2097 3443 2151 cibum

1868 2187 2157 2243 habemus.
2193 2186 2332 2243 Audi
2361 2188 2507 2258 quod
2541 2188 2639 2243 tibi
2671 2188 2739 2243 de
2799 2188 2886 2243 his
2936 2187 3079 2244 Deus
3132 2204 3454 2260 responsum

1868 2295 1967 2349 per
1988 2279 2161 2346 legem
2197 2279 2308 2334 dat.

1940 2396 2089 2450 Dabo
2142 2395 2551 2449 benedictionem
2596 2411 2769 2449 meam
2801 2393 2945 2448 vobis
2994 2410 3134 2448 anno
3188 2402 3354 2459 sexto,
3407 2403 3458 2450 et
3533 2392 3540 2399 ’

1872 2484 2077 2552 facietis
2107 2485 2336 2554 fructum
2379 2485 2538 2538 trium
2585 2501 2868 2538 annorum.
2912 2482 3223 2538 Benedictio
3286 2483 3455 2554 patris

1873 2574 2016 2628 filius
2043 2586 2145 2638 est,
2176 2575 2292 2644 ipse
2325 2574 2473 2629 enim
2521 2576 2875 2630 maledictum
2909 2574 3116 2630 illatum
3150 2575 3301 2637 Adae,
3342 2574 3457 2629 dis-

1873 2666 2126 2736 perdidit,
2154 2675 2379 2737 propter
2408 2667 2554 2735 quod
2579 2676 2633 2721 et
2666 2668 2719 2722 in
2748 2684 2812 2723 eo
2835 2677 3091 2736 oportere
3137 2682 3239 2721 nos
3294 2666 3463 2721 bene-

1874 2758 2007 2813 dici:
2030 2759 2195 2813 David
2215 2756 2500 2813 Psalmista
2525 2758 2739 2813 docuit:
2758 2758 3059 2813 Benedictio
3079 2756 3287 2810 Domini
3304 2772 3465 2827 super

1874 2867 1980 2913 vos,
2013 2851 2371 2904 benediximus
2394 2851 2537 2904 vobis
2562 2851 2620 2903 in
2666 2852 2874 2903 nomine
2922 2848 3212 2902 Domini".
3249 2848 3462 2903 Nomen

1875 2940 2112 3004 Domini,
2154 2941 2325 2995 filium
2354 2941 2487 2997 dicit
2515 2941 2823 3008 evidenter,
2848 2940 2975 3015 quia
3001 2940 3462 3017 quemadmodum

1877 3046 2078 3087 nomen
2125 3032 2441 3087 manifestat
2469 3048 2918 3103 unumquemque
2955 3032 3045 3102 qui
3084 3047 3194 3087 non
3224 3031 3460 3103 videtur,

182 3138 394 3178 noeens
425 3135 704 3194 Operetur.
734 3141 913 3195 neque
947 3126 989 3180 si
1043 3142 1250 3197 pauper
1291 3136 1394 3190 est,
1450 3127 1565 3196 ipse
1603 3128 1775 3193 rapiat
1802 3141 1845 3198 ρ
1878 3124 1957 3178 sic
1984 3131 2041 3178 et
2077 3121 2327 3179 Christus
2380 3139 2673 3194 apparens,
2702 3124 2956 3196 cognosci
2992 3124 3121 3178 fecit
3161 3122 3375 3179 Patrem
3409 3121 3463 3178 in

182 3212 417 3267 divitum
462 3215 742 3282 pecunias,
810 3225 867 3271 ut
927 3216 1172 3287 praebeat
1222 3217 1577 3287 pauperibus.
1629 3214 1773 3272 Deus

184 3304 336 3359 enim
386 3305 788 3377 eleemosynam
839 3323 906 3361 ex
953 3307 1165 3377 justitia
1211 3306 1397 3362 oﬂ'erri
1456 3307 1593 3364 vult.
1659 3305 1774 3363 Hoc

182 3403 370 3449 autem
394 3404 449 3450 et
473 3397 530 3451 in
571 3412 905 3467 unoquoque
936 3400 1193 3454 mandato
1236 3399 1490 3465 dicimus,
1519 3407 1581 3454 ut
1622 3399 1774 3470 prius

186 3487 312 3558 ejus
345 3488 706 3545 intentionem
735 3499 791 3545 et
830 3489 992 3545 finem
1024 3492 1420 3556 custodiamus,
1473 3500 1528 3547 et
1588 3493 1668 3547 sic
1717 3492 1774 3547 in

183 3595 379 3636 eorum
426 3582 803 3652 operationem
866 3583 1237 3654 proficiamus.
1296 3583 1454 3639 Tunc
1511 3585 1659 3639 enim
1718 3585 1775 3639 in

186 3680 336 3727 terra
371 3671 699 3744 intelligibili
748 3675 1144 3740 habitabimus,
1192 3676 1245 3729 in
1289 3674 1469 3730 divina
1522 3675 1778 3731 videlicet

185 3761 310 3833 lege
341 3763 936 3835 spiritalisScripturze,
991 3773 1047 3819 et
1093 3764 1255 3820 bona:
1314 3766 1774 3834 conversationis,

185 3870 352 3925 quam
414 3856 574 3911 nobis
631 3856 776 3912 Deus
832 3856 1119 3928 possidere
1164 3866 1220 3912 et
1263 3858 1444 3913 colere
1496 3858 1774 3928 przecepit.

185 3947 412 4018 quando
447 3948 570 4019 eius
590 3948 951 4004 intentionem
980 3964 1091 4004 non
1131 3949 1401 4005 fuerimus
1425 3950 1772 4021 transgressi,

185 4051 330 4096 tunc
362 4040 536 4111 gignit
561 4041 774 4095 fructus
809 4056 962 4108 suos,
1010 4043 1211 4112 quibus
1266 4058 1554 4098 vescamur
1606 4057 1779 4112 usque

185 4133 261 4188 ad
307 4135 672 4199 saturitatem,
727 4143 779 4188 et
827 4135 1032 4190 nullius
1082 4135 1344 4206 impetum
1393 4134 1770 4192 formidemus.

184 4223 297 4291 Qui
332 4226 476 4280 enim
507 4226 744 4281 custodit
782 4226 1147 4282 intentionem
1172 4227 1328 4298 legis,
1349 4236 1405 4281 et
1450 4228 1543 4298 qui
1576 4242 1780 4297 opera-

186 4327 307 4377 tur,
345 4317 434 4372 hic
471 4318 589 4385 eius
615 4318 835 4389 colliget
899 4318 1129 4383 fructus,
1156 4326 1212 4374 et
1257 4320 1513 4375 comedet
1563 4334 1659 4375 eos
1713 4320 1779 4374 ad

183 4410 555 4473 saturitatem,
592 4419 649 4465 et
683 4411 802 4465 sine
862 4410 1152 4467 formidine
1183 4411 1237 4465 in
1292 4426 1355 4465 ea
1388 4411 1616 4477 habitat,
1655 4411 1780 4481 quia

1875 3215 2197 3287 semetipso,
2234 3217 2487 3288 quamvis
2512 3217 2868 3273 invisibilem.
2899 3214 3076 3272 Hicin
3126 3224 3282 3270 sexto
3320 3231 3465 3271 anno

1874 3309 2048 3375 venit,
2096 3317 2206 3364 tam
2263 3309 2318 3364 in
2394 3309 2755 3380 perfectione,
2816 3309 2962 3364 hanc
3016 3308 3162 3362 enim
3217 3307 3467 3362 senarius

1875 3416 2138 3456 numerus
2161 3401 2451 3472 significat,
2475 3418 2637 3472 quam
2672 3412 2731 3456 ut
2771 3402 2828 3455 in
2875 3400 3177 3456 novissimo
3218 3407 3464 3469 tempore

1876 3509 2068 3548 rursus
2119 3493 2439 3550 reformatio
2498 3494 2851 3564 proveniret,
2917 3494 2973 3548 in
3041 3492 3202 3562 cujus
3254 3492 3468 3547 dierum

1875 3601 2109 3641 numero
2141 3587 2306 3644 homo
2345 3585 2614 3642 formatus
2652 3596 2754 3642 est.
2789 3584 3159 3653 Quamobrem
3209 3584 3473 3655 quemad-

1877 3679 2102 3735 modum
2133 3679 2477 3734 formationis
2529 3688 2681 3735 sexta
2724 3680 2862 3747 dies,
2916 3679 2997 3734 sic
3048 3686 3235 3733 sextus
3290 3692 3475 3729 annus.

1878 3770 2289 3826 reformationis
2340 3782 2488 3827 recte
2540 3772 2869 3841 appellatur.
2922 3769 3079 3835 Quod
3136 3778 3318 3822 autem
3361 3767 3474 3821 illic

1878 3871 2070 3917 sextus
2101 3861 2241 3924 dies,
2280 3873 2470 3916 sextus
2511 3871 2693 3916 autem
2728 3862 2818 3915 hic
2859 3875 3038 3916 annus
3085 3859 3306 3925 dicitur,
3367 3859 3476 3915 hoc

1879 3952 2036 4007 ideo:
2070 3951 2195 4021 quia
2243 3951 2413 4006 multa
2467 3952 2614 4006 inter
2654 3951 3041 4007 formationem
3107 3958 3376 4014 nostram,
3417 3958 3477 4004 et

1881 4045 2329 4099 reformationem
2392 4053 2700 4114 temporum
2762 4044 3204 4098 decucurrerunt
3265 4045 3465 4112 spatia.

1884 4134 2024 4205 Ergo
2055 4149 2163 4188 non
2212 4132 2413 4193 frustra
2462 4132 2600 4187 sexti
2644 4131 2773 4185 anni
2810 4131 3089 4201 legislator
3135 4131 3474 4187 mentionem

1884 4227 2051 4281 fecit:
2108 4225 2164 4280 in
2202 4225 2306 4279 hoc
2346 4223 2493 4300 enim
2539 4223 2790 4279 Christus
2819 4221 3069 4287 veniens,
3126 4221 3277 4277 dedit
3316 4221 3479 4279 nobis

1882 4319 2169 4390 acquirere
2217 4318 2452 4378 fructus,
2515 4317 2713 4387 quibus
2776 4315 2830 4369 in
2884 4315 3102 4386 propria
3162 4323 3475 4369 nostrorum

1885 4409 2320 4477 uniuscujusque
2383 4390 2897 4466 consummatione.
2962 4414 3018 4459 et
3079 4404 3131 4458 in
3197 4405 3478 4460 communi

186 4499 521 4569 legislatoris
572 4500 937 4554 intentionem
998 4516 1107 4555 non
1170 4502 1611 4572 transgreditur,
1682 4518 1782 4557 nec
1813 4495 1858 4551 D
1888 4500 2289 4555 resurrectione
2319 4507 2483 4569 atque
2520 4498 2879 4552 retributione
2927 4496 3121 4550 nutriri
3182 4497 3477 4564 possimus,

192 4591 457 4645 conscius
478 4591 580 4646 sibi
616 4600 701 4646 est
754 4601 946 4646 contra
978 4592 1151 4662 legem
1177 4592 1231 4646 in
1270 4593 1390 4663 lege
1422 4593 1515 4647 Dei
1555 4609 1785 4648 conver—

194 4681 336 4736 sari.
362 4681 515 4748 Quod
550 4683 593 4737 si
628 4683 901 4746 dixeritis,
934 4684 1064 4753 quid
1116 4684 1471 4738 come-demus
1518 4699 1661 4739 anno
1698 4701 1787 4740 se-

194 4776 397 4848 ptimo,
422 4776 468 4830 si
502 4791 612 4831 non
634 4775 957 4839 severimus,
985 4790 1164 4846 neque
1198 4775 1578 4847 collegerimus
1601 4775 1787 4847 fruges

190 4873 454 4949 nostras?

273 4962 437 5019 Vens.
466 4962 669 5026 2l,'22.
706 4980 726 5013 ι
772 4962 921 5019 Dabo
971 4962 1415 5018 benedictionem
1449 4962 1605 5043 vobis
1638 4977 1785 5018 anno

185 5064 375 5119 sexto,
413 5063 466 5111 et
493 5054 657 5111 faciet
693 5055 904 5110 fructus
935 5055 1097 5111 trium
1139 5071 1435 5121 annorum,
1481 5055 1786 5124 seretisque

188 5164 348 5204 anno
373 5156 589 5209 octavo,
632 5156 690 5202 et
719 5147 1021 5203 comedetis
1059 5156 1274 5203 veteres
1298 5148 1484 5217 fruges
1511 5162 1684 5217 usque
1716 5145 1786 5201 ad

188 5256 409 5298 novum
466 5255 710 5306 annum,
780 5240 956 5296 donec
1005 5256 1146 5295 nova
1209 5248 1545 5304 nascantur,
1611 5240 1787 5295 edetis

187 5341 411 5389 vetera.
451 5350 472 5384 ι

265 5419 429 5481 Unde
456 5424 679 5496 dignum
708 5433 811 5489 est,
840 5432 902 5479 ut
922 5424 1074 5496 prius
1097 5425 1377 5495 juvemur,
1409 5422 1460 5479 id
1507 5431 1613 5488 est,
1637 5422 1789 5478 utili-

192 5520 321 5569 tate
345 5512 551 5570 litterae
571 5516 679 5573 hoc
700 5516 1097 5573 intendendum
1129 5525 1233 5579 est,
1261 5522 1426 5585 atque
1477 5513 1790 5584 hujusmodi

190 5604 416 5661 lucrum
446 5609 789 5663 sectandum.
851 5607 1088 5662 Duorum
1125 5622 1256 5673 ergo
1307 5621 1579 5661 annorum
1628 5621 1791 5659 vaea-

275 5768 324 5799 ⁷⁸
342 5785 504 5840 ttom.
538 5800 599 5851 tt,
628 5785 716 5843 15.
794 5784 838 5817 ⁷⁸
876 5784 1065 5847 Matth.
1104 5800 1179 5852 vt,
1207 5782 1294 5838 3t.
1376 5782 1424 5815 "
1454 5780 1599 5840 Psal.
1630 5795 1850 5845 cxxvm,
1882 5777 1935 5832 8.

1891 4599 2160 4659 praestans
2199 4588 2385 4658 generi
2435 4588 2696 4641 “humano
2746 4585 3093 4639 abundanter
3145 4583 3483 4638 fructificare

1890 4683 2143 4743 virtutes,
2173 4690 2233 4735 ut
2274 4668 2478 4734 tantam
2536 4688 2592 4733 et
2624 4678 2681 4732 hi
2718 4678 2808 4747 qui
2839 4677 2985 4733 circa
3017 4677 3204 4729 horam
3257 4676 3482 4730 undeci-

1893 4787 2037 4826 mam
2072 4770 2327 4825 couducti
2362 4777 2491 4823 sunt
2524 4769 2592 4823 ad
2621 4766 2961 4838 operandum
2979 4764 3048 4834 ⁷⁸,
3086 4782 3211 4821 cum
3255 4766 3362 4820 illis
3387 4766 3481 4836 qui

1895 4880 2055 4919 mane
2080 4862 2338 4920 conducti
2376 4861 2621 4922 fuerunt,
2645 4859 2856 4915 denarii
2906 4858 3217 4931 acciperent
3274 4874 3486 4915 merce-

1891 4957 2035 5012 dem.
2066 4955 2183 5009 Non
2216 4963 2503 5009 estautem
2540 4953 2875 5007 contrarium
2912 4953 2979 5007 iis
3024 4952 3171 5023 quod
3212 4951 3483 5025 sequitur,

1891 5052 1971 5105 ait
1999 5050 2175 5104 enim:

1964 5140 2263 5211 Seretisque
2301 5156 2441 5194 anno
2493 5148 2696 5194 octavo.
2761 5137 2917 5205 Quod
2959 5135 3488 5209 quinquagesimum

1892 5233 2190 5303 appellant,
2219 5231 2288 5286 de
2329 5246 2438 5300 quo
2495 5230 2550 5284 in
2589 5228 2923 5300 praecedenti
2978 5228 3286 5283 sanciehat.
3341 5223 3487 5301 Quia

1888 5323 2149 5394 jubileus,
2198 5333 2255 5376 et
2295 5320 2786 5391 quinquagesimus
2843 5335 3053 5374 annus:
3095 5318 3217 5372 Non
3277 5316 3485 5387 aeratis,

1897 5431 2060 5484 neque
2081 5415 2304 5469 metatis.
2335 5412 2621 5479 Quomodo
2653 5427 2781 5483 ergo
2802 5427 2926 5466 eum
2952 5410 3041 5466 hic
3067 5424 3250 5464 serere
3290 5407 3487 5479 jubet?
3524 5474 3541 5479 _

1893 5507 2133 5563 Putasne
2182 5508 2457 5561 contraria
2486 5506 2591 5561 sibi
2640 5504 2917 5576 legislator
2951 5501 3130 5557 dicit?
3158 5500 3268 5556 Sed
3325 5506 3488 5555 aliter

1897 5602 1986 5656 hic
2008 5615 2193 5654 semen
2224 5598 2612 5669 intelligamus,
2630 5605 2691 5651 ut
2721 5609 2898 5668 neque
2916 5593 3099 5650 littera
3125 5591 3483 5673 contrarieta-
3539 5652 3553 5667 ,

2017 5779 2063 5815 τε
2092 5774 2281 5830 Matth.
2314 5789 2407 5839 xx,
2430 5774 2483 5827 fi.
