3962 6220
425 297 559 381 tuo

1610 311 1977 373 HESYCHII
2013 310 2488 372 PRESBYI'ERI

3560 315 3710 384 1120

422 440 530 485 tem
603 410 840 491 haheat,
902 404 1539 497 «contemplationem
1609 436 2008 483 consonantem
2038 436 2086 491 Α
2186 426 2348 483 Varia
2386 429 2555 483 etiam
2602 442 2751 483 nunc
2780 425 2942 484 nobis
2972 428 3247 503 iegistator
3290 434 3536 505 exponit,
3585 452 3710 497 non

423 518 767 573 inveniamus
788 516 1046 588 _spiritus.
1091 516 1213 572 Non
1251 519 1434 573 seretis
1463 534 1608 590 ergo,
1642 534 1807 589 neque
1845 527 2010 574 mete-

423 612 489 664 tis
507 610 572 664 de
591 610 1028 682 quinquagesimo
1072 610 1178 665 die.
1204 610 1316 665 Nec
1364 626 1554 666 semen
1586 612 1834 682 septima:
1868 613 2008 668 heb-

419 702 669 760 domade:
724 714 934 770 serant,
968 706 1037 761 de
1080 721 1191 776 quo
1230 705 1433 760 messio
1471 705 1525 759 in
1556 704 2009 777 quinquagesimo

421 815 569 854 anno
607 807 938 868 proventura
963 806 1101 853 erat.
1131 796 1257 852 llaec
1280 798 1424 852 enim
1448 798 1610 863 satio,
1639 799 1742 854 etsi
1774 799 1828 852 in
1871 814 2011 870 pra:-

423 893 638 947 cedenti
680 908 848 958 anno,
877 900 932 946 et
952 890 1368 962 quadragesimo
1389 892 1771 962 proveniebat,
1806 890 1861 946 in
1901 908 2010 962 quo

376 1052 381 1057 _
424 984 683 1045 maxime,
733 984 876 1040 sicut
922 983 977 1037 in
1006 984 1236 1052 septima
1287 982 1649 1049 hebdomada,
1702 994 2008 1040 sementem

423 1091 623 1132 vacare
648 1076 969 1147 oportebat:
999 1086 1375 1131 verumtamen
1404 1075 1841 1147 quinquagesimi
1875 1078 2011 1133 dici-

427 1182 535 1233 tur,
569 1170 712 1239 quod
735 1178 959 1240 propter
987 1184 1112 1224 eum
1147 1169 1531 1234 setninaretur,
1568 1178 1623 1223 et
1654 1177 1875 1240 propter
1905 1171 2009 1225 hoc

426 1263 769 1333 prohibetur.
813 1260 999 1332 Neque
1043 1261 1190 1317 enim
1239 1261 1295 1316 in
1352 1262 1581 1330 septima
1644 1261 2004 1327 hebdomada,

425 1370 586 1424 quam
661 1354 899 1409 diximus
956 1369 1080 1408 esse
1141 1353 1450 1409 communis
1518 1354 2009 1408 consummationis

427 1448 762 1517 exemplum,
797 1446 1055 1500 seminari
1085 1446 1333 1509 omnino,
1364 1455 1457 1499 aut
1492 1446 1709 1513 operari
1752 1445 1835 1499 lex
1870 1462 2008 1515 prte-

427 1538 592 1607 cepit.
633 1537 786 1592 Sicut
836 1553 965 1608 ergo
1003 1552 1103 1591 nos
1128 1537 1308 1591 littera
1346 1552 1457 1591 non
1487 1537 1553 1592 ad
1606 1554 1664 1592 se
1700 1538 2004 1605 intendere,

427 1632 523 1686 sed
553 1632 619 1686 ad
652 1631 1013 1689 intentionem
1037 1630 1366 1702 legislatoris
1386 1630 1670 1700 compulit,
1730 1641 1790 1685 nt
1827 1633 2007 1687 solve-

427 1735 601 1788 retur,
635 1740 696 1779 ea
725 1741 847 1795 quae
882 1725 1168 1781 videbatur
1212 1724 1335 1780 esise
1377 1724 1556 1795 legum
1613 1727 2003 1791 contrarietas,

427 1817 507 1871 sic
536 1815 685 1870 dabit
726 1814 872 1870 etde
902 1815 1367 1886 contemplatione
1416 1831 1656 1871 consona
1702 1817 2016 1872 existimare
2046 1792 2088 1846 Β

429 1907 722 1961 intentioni
755 1906 1223 1977 interpretationis
1245 1906 1522 1976 Spit-italis.
1558 1907 1842 1965 Seminant
1867 1908 2015 1963 enim

428 2014 576 2051 anno
600 2008 813 2064 octavo,
846 1998 1047 2054 Steculo
1103 1997 1316 2052 futuro:
1374 2013 1482 2051 non
1527 1998 1838 2069 quicunque
1887 2006 2019 2054 tunc

429 2091 705 2145 seminant
736 2091 864 2158 (hoc
885 2090 1033 2144 enim
1088 2106 1198 2143 non
1219 2098 1302 2144 est
1337 2089 1437 2158 l'as,
1464 2090 1559 2147 sed
1588 2099 1644 2145 et
1678 2090 2017 2161 impossibile

430 2182 572 2237 sicut
598 2182 767 2237 semel
801 2182 1062 2251 diximus)
1087 2200 1100 2236 :
1129 2183 1223 2237 sed
1253 2196 1357 2236 nec
1387 2182 1477 2251 qui
1516 2180 1571 2235 in
1605 2183 1861 2252 septimo,
1887 2198 2016 2255 cog-

430 2273 631 2328 novisti
670 2273 817 2329 enim
869 2275 997 2344 quia
1024 2275 1190 2329 etiam
1240 2274 1345 2329 hoc
1381 2274 1713 2343 prohibitum
1743 2282 1848 2330 est.
1907 2274 2015 2331 Sed

428 2374 700 2436 quotquot
740 2366 795 2420 in
844 2376 1020 2431 sexto,
1076 2366 1131 2420 in
1185 2382 1296 2437 quo
1342 2366 1546 2422 bonum
1613 2366 1772 2421 nobis
1828 2382 2018 2422 semen

426 2458 679 2515 Christus
704 2458 931 2515 veniens
957 2458 1129 2525 dedit,
1158 2460 1474 2530 quicunque
1510 2447 1703 2515 semen
1758 2460 1847 2514 hic
1879 2476 2020 2531 pra:-

428 2552 676 2615 mittunt,
711 2568 775 2607 ex
815 2568 926 2621 quo
977 2553 1403 2622 promissionum
1430 2553 1590 2608 nobis
1626 2552 1840 2609 ﬂorebit
1871 2569 2018 2608 mes-

426 2643 525 2707 sis,
552 2643 603 2696 id
630 2651 734 2707 est,
757 2656 1007 2696 messura
1030 2643 1433 2704 retributionis,
1460 2643 1528 2697 de
1559 2659 1663 2712 qua
1687 2645 1763 2697 ait
1810 2642 1980 2698 David
2003 2663 2014 2697 :

439 2732 715 2789 Venientes
741 2745 921 2787 autem
950 2735 1154 2788 venient
1183 2738 1302 2789 cu'm
1348 2735 1692 2800 exultatione,
1744 2746 2018 2806 portantes

432 2826 729 2897 manipulos
777 2842 898 2881 suos
917 2829 983 2880 ⁷⁸.
1021 2827 1131 2882 Sed
1184 2836 1242 2882 et
1278 2827 1511 2882 Paulus:
1547 2827 1652 2894 Qui
1694 2830 1920 2884 seminat
1962 2830 2020 2882 in

426 2919 892 2985 benedictionibus,
914 2920 977 2975 de
994 2920 1435 2975 benedictionibus
1464 2930 1512 2975 et
1542 2931 1715 2976 metet.
1744 2920 1846 2985 Qui
1860 2923 2020 2976 semi-

426 3023 521 3068 nat
547 3015 603 3067 in
638 3030 818 3078 carne,
846 3015 909 3068 de
936 3030 1096 3067 carne
1143 3024 1194 3068 et
1227 3022 1380 3067 metet
1435 3015 1870 3082 corruptionem;
1925 3017 2018 3085 qui

425 3116 606 3158 autem
642 3104 867 3157 seminat
894 3104 949 3156 in
997 3104 1212 3173 spiritu,
1248 3104 1312 3158 de
1345 3104 1537 3172 spiritu
1566 3114 1618 3158 et
1652 3113 1807 3158 metet
1853 3106 2018 3159 vitam

424 3196 762 3250 cateruam”.
799 3196 935 3251 llinc
957 3197 1230 3252 seminare
1248 3196 1304 3250 in
1328 3206 1523 3252 octavo
1540 3213 1707 3261 anno,
1734 3198 1788 3251 in
1814 3198 2015 3253 saeculo

425 3288 684 3342 videlicet
712 3287 920 3354 futuro,
952 3303 1181 3344 necesse
1223 3289 1521 3343 habemus:
1570 3290 1649 3343 sic
1677 3290 1826 3344 enim
1878 3305 2014 3344 con-

425 3381 658 3436 veniunt
688 3380 845 3434 nobis
875 3396 997 3449 qua:
1028 3388 1358 3449 sequuntur.

494 3475 563 3528 Et
590 3473 868 3526 comedetis
902 3483 1094 3526 veteres
1121 3473 1347 3544 fructus,
1380 3488 1543 3542 usque
1574 3473 1646 3526 ad
1688 3490 1889 3527 annum
1920 3490 2014 3526 no-

427 3581 575 3620 num.
606 3565 778 3618 Donec
797 3580 929 3618 nova
956 3565 1442 3625 uascantur,edetis
1462 3573 1659 3618 vetera.
1685 3563 2016 3637 Septuagin-

428 3667 481 3713 ta
501 3665 706 3720 autem,
724 3656 1005 3710 comedetis
1033 3664 1209 3710 vetera
1238 3665 1474 3710 veterum
1495 3672 1514 3710 :
1536 3671 1647 3710 non
1685 3656 2019 3727 simpliciter

425 3760 636 3815 vetera,
683 3749 778 3803 sed
820 3757 1007 3803 vetera
1055 3756 1326 3811 veterum,
1377 3748 1504 3818 quia
1555 3748 2018 3817 quemadmodum

426 3843 686 3907 diximus,
724 3857 831 3896 non
880 3840 1056 3894 solum
1087 3856 1212 3895 mox
1244 3848 1304 3895 ut
1327 3841 1457 3897 hinc
1507 3840 1838 3912 egredimur,
1874 3841 2019 3911 quod

428 3946 506 3990 est
540 3950 717 3990 annus
750 3934 1037 4005 septimus,
1063 3934 1156 3989 sed
1182 3935 1311 3990 etin
1336 3934 1742 3990 resurrectione
1768 3944 2018 3991 mortuo-

429 4042 572 4090 rum,
610 4042 733 4097 quae
786 4036 873 4081 est
912 4041 1092 4080 annus
1123 4026 1383 4082 videlicet
1423 4037 1669 4091 octavus,
1703 4044 1919 4084 necnon
1964 4028 2018 4083 in

431 4118 815 4185 retributione,
843 4134 1009 4188 quam
1046 4133 1249 4173 nonum
1273 4135 1480 4174 annum
1526 4119 1848 4190 accipimus,
1897 4136 2020 4176 cum

431 4211 652 4281 quidem
701 4227 872 4265 unum
922 4212 997 4266 sit
1051 4210 1310 4265 saeculum
1363 4211 1633 4278 futurum,
1666 4213 1940 4269 dividatur
1966 4214 2021 4267 in

434 4303 722 4375 praedictos
761 4303 1003 4368 ordines,
1034 4304 1379 4360 comedimus
1431 4321 1765 4376 quaecunque
1812 4307 2023 4377 operati

434 4398 720 4459 fuerimus.
756 4406 812 4452 et
839 4405 1128 4468 propterea
1154 4396 1410 4452 dicuntur
1439 4406 1624 4453 vetera
1672 4407 1921 4452 veterum
1954 4398 2021 4452 ad

434 4497 581 4544 tanta
609 4486 816 4554 saeculi,
846 4501 966 4556 quin
996 4489 1222 4543 vincunt
1249 4505 1537 4544 numerum
1575 4489 1941 4544 considerata.

503 4582 670 4637 Vens.
693 4580 887 4637 95-28.
914 4602 931 4633 ι
960 4581 1014 4637 Si
1032 4590 1347 4637 attenuatus
1371 4583 1540 4636 frater
1565 4590 1692 4636 tuus
1717 4583 2023 4637 vendiderit

431 4674 928 4744 possessiunculam
973 4691 1147 4740 suam,
1170 4683 1226 4730 et
1260 4674 1489 4730 voluerit
1517 4674 1855 4745 propinquus
1880 4675 2018 4745 eius,

434 4775 615 4838 potest
643 4767 912 4822 redimere
930 4774 1072 4838 quod
1104 4769 1193 4823 ille
1214 4767 1565 4833 vendiderat;
1592 4771 1675 4822 sin
1700 4779 1883 4822 autem
1908 4782 2019 4822 non

438 4857 689 4913 habuerit
707 4859 1034 4929 proximum,
1055 4860 1245 4930 etipse
1272 4860 1508 4931 pretium
1542 4860 1608 4913 ad
1636 4859 2018 4915 redimendum

435 4951 673 5022 potuerit
692 4952 1438 5024 invenire,computabuntur
1462 4951 1672 5007 fruetus
1690 4967 1753 5007 ex
1783 4967 1850 5006 eo
1881 4960 2020 5006 tem-

436 5061 586 5117 pore,
628 5061 737 5117 quo
772 5045 1035 5110 vendidit,
1071 5054 1126 5101 et
1177 5045 1323 5115 quod
1366 5045 1638 5115 reliquum
1686 5052 1790 5109 est,
1833 5043 2025 5098 reddat

435 5140 666 5209 emptori
699 5159 710 5194 :
745 5140 933 5212 sicque
960 5138 1188 5209 recipiet
1213 5138 1621 5209 possessionem
1654 5151 1830 5192 suam.
1865 5135 2023 5202 Quod

437 5231 480 5284 si
516 5245 626 5284 non
678 5231 945 5288 invenerit
1005 5244 1202 5286 manus
1231 5229 1372 5298 ejus,
1410 5237 1468 5282 ut
1521 5228 1713 5282 reddat
1763 5228 2022 5297 pretium,

439 5317 661 5373 habebit
687 5329 902 5390 emptor
935 5319 1077 5389 quod
1128 5327 1358 5383 emerat,
1393 5334 1562 5387 usque
1592 5319 1657 5373 ad
1704 5335 1907 5372 annum
1936 5320 2024 5388 ju-

441 5411 664 5474 hilcum,
686 5413 740 5465 iu
773 5413 893 5485 ipso
927 5414 1070 5468 enim
1102 5411 1280 5467 omnis
1303 5410 1544 5465 venditio
1576 5411 1717 5465 redit
1740 5411 1805 5464 ad
1842 5410 2025 5464 Domi-

443 5517 600 5567 num,
629 5513 685 5558 et
713 5506 780 5559 ad
808 5520 1179 5576 possessorem
1209 5503 1519 5576 pristinum.
1553 5522 1572 5554 ι

517 5704 562 5734 ’³
594 5702 734 5756 Psal.
774 5719 931 5765 cxxv,
961 5707 1013 5757 (ἶ.

574 5704 734 5780 Ῥειιι.
774 5707 1057 5780 exarati.“
1092 5707 1136 5780 ξ’)
1165 5706 1333 5761 lCor.
1360 5708 1524 5780 IX.A6__;
1561 5704 1736 5780 Qalat.
1767 5721 1841 5769 vt,
1880 5705 1928 5758 8.

450 5770 495 5803 “
515 5770 632 5831 .Tit.
668 5787 751 5835 ιιι,
782 5773 865 5825 l0.

946 5775 989 5805 ⁸⁸
1019 5774 1058 5827 ιι
1089 5775 1247 5829 Joan.
1285 5795 1331 5831 ι.
1407 5778 1452 5808 ⁸⁸
1477 5774 1619 5831 Psal.
1647 5790 1885 5846 Lxxxvtt,
1932 5775 2014 5831 l6.

2031 5708 2071 5737 πῖ
2108 5704 2122 5759 l
2155 5706 2279 5762 Cor.
2313 5722 2405 5771 ιιι,
2438 5706 2527 5761 20.

2112 521 2374 593 qualibet,
2395 521 2489 577 sed
2511 524 2749 576 maxima
2775 524 3062 595 sapientia,
3092 524 3139 579 si
3156 525 3279 596 quis
3308 527 3554 585 intendat
3580 528 3711 599 ple—

2112 628 2240 667 nam
2273 630 2287 667 :
2318 627 2444 668 nam
2463 622 2519 668 et
2538 629 2660 684 quae
2692 614 2764 669 sit
2791 627 2982 671 nostra
3003 615 3310 671 substantia
3335 626 3393 672 ct
3421 620 3710 688 possessio

2111 716 2168 761 et
2198 706 2474 776 quomodo
2502 706 2623 778 ejus
2646 716 2854 777 partem
2896 709 3224 774 alienamus,
3248 725 3357 779 quo
3387 711 3550 771 mndo
3578 728 3713 768 rur-

2111 814 2207 854 sus
2237 799 2556 870 recipimus,
2594 816 2695 869 per
2734 800 2986 856 ordinem
3030 802 3210 858 docet.
3257 803 3709 875 Uniuscujusque

2113 906 2241 963 ergo
2266 891 2504 947 hominis
2520 893 2813 963 possessio,
2838 895 2983 950 bona
3013 896 3361 951 conversatio
3397 905 3503 962 est,
3539 913 3707 967 quam

2112 985 2290 1040 sortiti
2320 999 2509 1041 sumus
2539 1002 2570 1040 a
2597 986 2731 1054 Deo,
2769 986 2838 1042 de
2868 1002 2975 1058 qua
3011 987 3213 1043 Paulus
3247 987 3463 1043 dicebat
3490 1005 3506 1043 :
3530 989 3707 1044 Unus-

2112 1080 2330 1150 quisque
2358 1080 2414 1133 in
2443 1097 2546 1151 qua
2575 1082 2844 1135 vocatione
2880 1090 3097 1136 vocatus
3122 1089 3196 1137 est
3216 1078 3407 1149 frater,
3434 1082 3490 1136 in
3519 1082 3708 1136 eadem

2111 1181 2329 1226 maneat
2358 1174 2503 1243 apud
2538 1174 2710 1229 Deum
2734 1174 2804 1239 εί,
2833 1174 2923 1231 hic
2966 1184 3155 1230 autem
3197 1174 3589 1247 virginitatem,
3613 1173 3709 1230 ille

2110 1275 2295 1320 autem
2321 1275 2531 1321 castum
2563 1267 2902 1339 coniugium,
2944 1269 3081 1323 alter
3120 1267 3287 1324 vitam
3323 1267 3565 1337 iustitiae,
3615 1266 3707 1321 hic
3742 1326 3745 1331 _
3838 1256 3843 1259 ’

2112 1359 2389 1414 silentium
2439 1360 2911 1430 remotionemque
2963 1375 3272 1425 causarum,
3323 1360 3413 1414 bic
3448 1359 3707 1414 sacerdo-

2114 1453 2268 1515 tium,
2289 1452 2379 1508 ille
2396 1467 2695 1522 pauperum
2711 1452 3096 1523 patrocinium:
3117 1453 3253 1509 alter
3273 1453 3397 1516 alia,
3414 1454 3709 1522 unusquis-

2111 1562 2217 1617 que
2257 1545 2524 1600 scundum
2552 1547 2824 1616 propriam
2864 1546 3116 1600 virtutem
3135 1544 3521 1616 possidet.$ed
3539 1561 3711 1614 quan-

2112 1639 2181 1694 do
2200 1639 2566 1710 perdcsidiam
2595 1641 2707 1710 cogi
2720 1639 3460 1694 tationesnostrteinﬁrmataz
3476 1636 3702 1701 fuerint,

2116 1739 2247 1783 tunc
2287 1744 2352 1783 ex
2400 1739 2554 1798 parte
2599 1729 2668 1783 de
2720 1727 2940 1799 propria
2978 1744 3041 1782 ea
3085 1730 3280 1784 demus
3333 1728 3703 1798 possessione,

2119 1827 2342 1890 propter
2365 1820 2508 1888 quod
2545 1817 2898 1890 Septuaginta
2927 1839 2940 1874 :
2979 1818 3039 1873 Si
3069 1836 3270 1889 pauper
3305 1821 3476 1889 factus
3496 1819 3652 1889 fuerit
3684 1835 3707 1884 ,°

2118 1913 2335 1984 Aquila,
2389 1915 2436 1967 si
2509 1914 2759 1969 exciderit
2796 1928 2810 1966 ε
2854 1912 3237 1985 Symmachus,
3294 1913 3340 1973 si
3393 1911 3708 1967 humiliatus

2118 2006 2296 2076 fuerit,
2344 2005 2653 2060 ediderunt.
2682 2003 2813 2071 Qua:
2855 2006 3129 2075 quomodo
3173 2006 3332 2060 nobis
3370 2013 3575 2075 etpost
3609 2018 3708 2059 ex-

2118 2112 2333 2152 cessum
2361 2095 2558 2151 salvari
2586 2097 2809 2167 poterit,
2841 2097 3023 2153 disces
3049 2112 3148 2167 per
3178 2106 3363 2169 partes
3393 2098 3557 2153 verba
3589 2098 3708 2169 ipsa

2118 2192 2440 2248 discutiens.

2189 2284 2247 2340 Si
2264 2294 2569 2341 attenuatus
2594 2287 2761 2357 frater
2784 2294 2904 2340 tuus
2920 2287 3211 2342 vendiderit
3230 2286 3706 2356 possessiunculam

2119 2389 2295 2439 suam,
2335 2383 2384 2427 et
2428 2374 2651 2427 voluerit
2690 2375 3017 2445 propinquus
3067 2375 3206 2445 ejus,
3242 2385 3409 2447 potest
3452 2378 3707 2432 redimere

2119 2468 2258 2538 quod
2291 2465 2385 2521 ille
2426 2468 2756 2521 vendiderat.
2798 2467 3339 2524 Fratremmostrvm
3383 2468 3706 2524 conlidelem

2121 2559 2205 2615 lex
2263 2560 2547 2615 intellexit.
2580 2558 2766 2630 Neque
2824 2557 2969 2613 enim
3027 2559 3350 2629 simpliciter
3403 2561 3705 2615 secundum

2120 2650 2477 2721 Septuaginta
2503 2649 2673 2719 dixit;
2696 2650 2863 2719 frater
2892 2659 3050 2714 tuus;
3093 2649 3191 2703 sed
3239 2649 3446 2704 addidit
3474 2669 3487 2703 :
3520 2649 3590 2703 Et
3616 2652 3708 2720 qui

2121 2752 2290 2798 tecum
2320 2752 2393 2796 est
2432 2759 2450 2796 :
2490 2742 2608 2796 illos
2634 2742 2834 2810 quippe
2861 2740 3114 2805 innuens,
3144 2740 3212 2795 de
3247 2740 3446 2808 quibus
3464 2739 3706 2794 Joannes

2121 2833 2449 2905 evangelista
2478 2833 2696 2900 scripsit
2724 2849 2737 2887 :
2762 2829 2820 2885 Si
2848 2831 2987 2884 enim
3008 2830 3223 2901 fuissent
3250 2846 3314 2884 ea:
3337 2830 3505 2894 nobis,
3544 2844 3706 2884 man-

2120 2926 2304 2979 sissent
2340 2921 2521 2991 utique
2559 2920 2829 2974 nobiscum
2858 2917 2927 2971 ⁸⁸.
2961 2916 3102 2971 Sunt
3143 2932 3273 2988 ergo
3313 2916 3536 2986 quidam
3583 2914 3706 2969 falsi

2121 3017 2336 3080 fratres,
2382 3012 2585 3083 iniquis
2632 3010 2934 3066 haeresibus
2983 3010 3343 3073 adhaerentes,
3395 3018 3450 3063 et
3489 3008 3710 3080 pietatis

2122 3107 2321 3161 frustra
2347 3103 2770 3159 cicumi‘erentes
2801 3117 3023 3165 nomen,
3043 3102 3112 3157 de
3143 3100 3343 3171 quibus
3369 3100 3567 3155 Paulus
3595 3100 3703 3155 ait:

2121 3196 2379 3251 Periculis
2417 3197 2472 3249 in
2509 3195 2658 3265 falsis
2699 3194 2959 3265 fratribus
2987 3193 3059 3247 ⁸⁸.
3092 3193 3195 3259 Qui
3247 3201 3430 3247 autem
3472 3191 3525 3245 hi
3575 3191 3707 3258 sint,

2117 3291 2231 3360 ipse
2244 3290 2376 3344 alias
2393 3287 2649 3343 admonet
2667 3307 2679 3342 :
2701 3287 3015 3342 Hiereticum
3030 3287 3294 3341 hominem
3320 3294 3435 3355 post
3454 3285 3704 3354 primam,

2116 3391 2165 3435 et
2185 3382 2467 3434 secundam
2484 3379 2898 3433 admonitionem
2915 3379 3091 3432 devita
3118 3376 3183 3430 ⁸⁸.
3214 3375 3322 3432 Sed
3354 3385 3409 3431 et
3433 3376 3705 3432 Joannes:

2117 3472 2176 3527 Si
2203 3473 2319 3544 quis
2353 3474 2490 3526 venit
2523 3473 2592 3526 ad
2632 3489 2739 3537 vos,
2779 3481 2827 3526 et
2855 3472 3152 3526 doctrinam
3199 3479 3335 3526 hanc
3366 3488 3469 3526 non
3505 3472 3705 3541 afferet,

2119 3581 2222 3618 non
2244 3565 2545 3632 suscipiatis
2561 3580 2681 3616 eum
2710 3563 2766 3616 in
2793 3563 3032 3629 domum,
3053 3580 3146 3618 nec
3169 3565 3274 3618 Ave
3295 3567 3341 3617 ei
3364 3563 3611 3618 dixeritis
3635 3562 3706 3616 ⁸⁸.

2118 3657 2231 3712 llos
2264 3668 2448 3712 autem
2465 3657 2759 3727 corrigere,
2797 3658 2997 3726 quibus
3026 3659 3235 3713 sociare
3267 3674 3377 3712 nun
3414 3655 3710 3712 licetnullo

2120 3763 2413 3818 possumus
2449 3749 2629 3811 modo,
2649 3749 2716 3802 ad
2749 3749 2944 3802 horum
2968 3747 3377 3818 ἀντιδιάστολην
3401 3748 3498 3801 ait.
3530 3744 3589 3801 Si
3623 3757 3708 3800 at-

2122 3850 2366 3895 tenuatus
2407 3841 2574 3910 frater
2616 3850 2759 3904 tuus,
2802 3842 2918 3896 sive
2960 3842 3263 3896 secundum
3311 3840 3709 3910 Septuaginta;

2121 3932 2180 3988 Si
2236 3934 2307 3987 ad
2345 3944 2720 4004 paupertatem
2775 3935 3067 4005 pervenerit
3115 3936 3281 4003 frater
3332 3944 3454 3988 tuus
3499 3933 3588 4003 qui
3639 3942 3713 3986 est

2123 4037 2311 4081 tecum.
2356 4024 2600 4081 Fratrem
2652 4036 2924 4088 nostrum,
2955 4034 3011 4080 et
3054 4025 3146 4096 qui
3178 4026 3461 4081 nobiscum
3494 4034 3599 4087 est,
3627 4024 3718 4077 in-

2124 4119 2330 4175 tellexit
2378 4119 2725 4184 conlidelem,
2789 4120 2841 4173 in
2891 4121 3050 4189 cujus
3099 4119 3428 4190 cogitatione
3491 4117 3715 4188 quando

2122 4210 2335 4265 venerit
2363 4221 2667 4280 peccatum,
2689 4211 2741 4264 in
2771 4221 3145 4282 paupertatem
3177 4212 3402 4278 labitur,
3424 4220 3479 4265 et
3502 4224 3713 4280 pauper

2122 4316 2251 4365 vere
2271 4313 2373 4367 est,
2409 4305 2663 4372 quoniam
2711 4303 2928 4359 divitias
2956 4304 3191 4375 perdidit
3221 4304 3491 4375 spiritales
3539 4303 3716 4357 factus

2123 4394 2302 4464 qtta!is
2328 4395 2417 4448 ile
2449 4396 2514 4449 de
2547 4410 2654 4465 quo
2676 4395 2843 4449 David
2878 4397 3035 4461 dixit,
3071 4410 3348 4451 cum'eum
3368 4397 3459 4466 qui
3493 4396 3546 4449 in
3571 4395 3714 4465 cogi-

2054 4495 2094 4547 ι)
2128 4488 2423 4541 tationibus
2475 4499 2824 4558 peccatorum
2876 4484 3207 4543 constitutus
3242 4498 3378 4554 erat,
3415 4498 3715 4559 exponeret

2131 4581 2409 4635 hominem
2431 4598 2443 4634 :
2467 4580 2638 4651 Egens
2658 4598 2775 4635 sum
2802 4597 2914 4651 ego,
2946 4592 2996 4635 et
3022 4582 3077 4635 in
3097 4581 3360 4636 laboribus
3386 4599 3418 4634 a
3437 4582 3716 4651 jnventute

2129 4690 2270 4738 mea,
2289 4672 2556 4727 exaltatus
2591 4685 2790 4739 autem,
2812 4674 3120 4728 humiliatus
3151 4691 3268 4727 sum
3292 4684 3340 4728 et
3369 4673 3618 4743 confusus
3643 4674 3710 4726 “.

2127 4763 2358 4831 Quando
2387 4780 2514 4836 ergo
2535 4765 2641 4830 hic,
2667 4764 2758 4834 qui
2785 4765 2905 4819 talis
2922 4772 3002 4820 est
3024 4774 3229 4836 partem
3252 4765 3507 4834 proprize,
3527 4764 3715 4819 home-

2127 4873 2234 4927 que
2255 4857 2639 4927 possessionis,
2655 4874 2777 4926 qua:
2798 4858 2844 4912 ei
2865 4869 3011 4913 sorte
3031 4859 3349 4923 obvenerat,
3369 4857 3709 4921 vendiderat,

2129 4949 2512 5021 cogitationem
2552 4949 2779 5020 peccati
2831 4949 3157 5020 suscipiens,
3205 4949 3393 5005 vendit
3438 4950 3587 5004 enim
3628 4949 3715 5003 hic

2130 5043 2443 5098 adversario
2476 5058 2630 5097 suam
2664 5053 2930 5107 utentem,
2961 5041 3418 5114 quemadmodum
3453 5044 3597 5099 Deus
3621 5040 3718 5097 Ju-

2132 5135 2263 5189 dmis
2303 5135 2559 5189 dicebat:
2590 5133 2725 5189 Ecce
2762 5136 2989 5205 peccatis
3029 5136 3210 5189 vestris
3244 5133 3527 5189 venundati
3572 5132 3714 5195 estis,

2131 5230 2297 5283 veniet
2322 5227 2494 5297 affinis
2521 5237 2567 5282 et
2596 5229 2922 5298 propinquus
2950 5228 3088 5297 ejus,
3116 5226 3416 5282 secundum
3441 5225 3712 5297 spiritum,

2133 5326 2394 5388 cognatus
2423 5326 2479 5373 et
2511 5318 2813 5384 contidelis,
2844 5327 2891 5372 et
2925 5317 3089 5387 legem
3118 5316 3447 5383 cognationis
3477 5314 3717 5384 operibus

2136 5412 2429 5475 ostendens,
2460 5421 2507 5466 et
2553 5411 2791 5465 liberabit
2836 5410 3182 5464 venditionem
3217 5410 3401 5480 fratris
3438 5408 3542 5472 sui,
3586 5405 3716 5461 illud

2136 5505 2389 5575 impletis,
2435 5505 2578 5574 quod
2610 5504 2810 5559 Paulus
2856 5502 3132 5559 scribebat
3164 5519 3176 5556 :
3207 5501 3448 5564 Fratres,
3487 5500 3533 5554 si
3573 5514 3716 5552 ceu:-

2628 5706 2673 5735 ⁸⁸
2717 5703 2918 5759 lloan.
2950 5719 3009 5768 ιι,
3044 5702 3131 5758 i9.
3208 5703 3252 5732 ⁸³
3284 5700 3481 5756 ΙιτΟιιι.
3520 5713 3596 5764 xt,
3626 5699 3714 5756 ‘26.
