3988 6222
301 278 428 348 1121

1405 289 1484 349 IN
1524 289 1964 352 LEVITICUM.
2002 317 2069 328 -
2112 293 2260 354 LIB.
2283 295 2425 356 ~VII.

3423 297 3561 363 1122

293 397 577 465 prehensus
628 396 786 484 fuerit
838 397 990 450 homo
1035 400 1088 451 in
1147 398 1326 471 aliquo
1387 403 1595 468 delicto,
1649 421 1737 457 eos
1795 405 1886 474 qui
1914 416 1954 470 Α
1987 405 2342 478 cogitationes
2392 411 2884 477 emendaverimus,
2919 423 2974 468 et
3007 415 3372 485 receperimus
3417 417 3562 485 quod

296 487 562 556 spiritales
589 481 729 547 estis.
757 489 999 541 instruite
1019 490 1321 558 ltujusmodi
1342 493 1394 544 in
1412 496 1602 563 spiritu
1631 512 1878 549 mansue-

299 580 516 642 tudinis,
550 581 888 634 considerans
917 581 1158 648 teipsuin,
1200 599 1262 636 ne
1290 593 1337 637 et
1370 596 1426 638 tu
1461 589 1695 640 tenteris.
1730 588 1881 641 Alter

296 669 526 726 alterius
568 684 729 724 cntra
788 681 1018 741 portate,
1077 683 1124 728 et
1179 676 1256 728 sic
1309 677 1662 747 adimplebitis
1717 680 1881 749 legem

295 764 494 821 Christi
510 764 650 819 ".Si
679 765 824 819 enim
852 766 1082 820 invicem
1111 784 1277 822 onera
1314 779 1498 824 nostra
1539 772 1880 826 exhortatio-

295 855 492 921 nibus,
542 856 1105 922 commonitionibus,
1155 861 1586 930 opportunisque
1639 864 1880 920 consiliis

296 948 718 1018 portaverimus,
767 948 998 1003 liberare
1045 950 1268 1005 fratrem
1313 968 1342 1005 a
1389 963 1708 1022 paupertate
1752 971 1880 1025 pos-

297 1056 510 1103 sumus,
544 1049 598 1094 et
629 1041 897 1095 redimere
943 1057 1103 1110 quam
1140 1043 1256 1112 ipse
1292 1051 1355 1098 ex
1388 1045 1714 1117 negligentia
1756 1063 1880 1117 pos-

297 1133 618 1196 sessionem,
666 1147 789 1188 cum
847 1149 956 1187 non
1003 1135 1261 1199 deberet,
1313 1136 1577 1202 vendidit,
1626 1147 1680 1192 et
1719 1140 1882 1194 modo

293 1225 526 1296 quodam
551 1224 609 1278 lit
633 1226 941 1281 communis
970 1227 1263 1294 possessio.
1287 1227 1340 1282 Si
1371 1237 1552 1283 autem
1586 1229 1745 1284 alicui
1770 1246 1877 1285 non

293 1315 459 1370 fuerit
488 1314 772 1384 proximus
810 1317 894 1371 vel
923 1319 1285 1389 propinquus,
1325 1319 1554 1374 forsitan
1584 1320 1729 1374 enim
1763 1337 1876 1376 non

293 1409 537 1464 ostendit
565 1419 878 1477 opportuno
909 1418 1154 1480 tempore
1179 1426 1304 1480 erga
1345 1413 1509 1466 alium
1541 1413 1880 1481 compassio-

293 1517 419 1557 nem
450 1507 508 1555 ut
540 1509 594 1555 et
626 1501 741 1571 ipse
767 1501 816 1555 ei
844 1502 1104 1572 spiritalis
1125 1503 1404 1560 affinitatis
1425 1507 1515 1576 jus
1542 1512 1761 1560 servet:
1787 1513 1882 1558 aut

295 1591 518 1646 forsitan
551 1590 655 1644 hoc
688 1591 833 1660 quod
862 1591 1106 1663 contigit,
1132 1609 1418 1664 suggerere
1434 1596 1535 1661 eis,
1565 1595 1660 1665 qui
1682 1611 1881 1650 secun-

293 1681 423 1735 dum
447 1679 697 1749 spiritum
721 1691 849 1735 sunt
867 1684 1132 1752 cognatis,
1158 1685 1433 1741 erubescit
1461 1705 1474 1741 :
1501 1697 1556 1740 et
1582 1687 1713 1742 illud
1735 1687 1878 1757 quod

293 1773 498 1828 dictum
529 1781 613 1826 est
643 1773 696 1826 in
728 1772 1039 1829 Proverbiis
1076 1775 1364 1846 ignoravit.
1393 1779 1586 1834 Frater
1609 1755 1787 1833 autem
1825 1782 1881 1834 in
1913 1755 1954 1810 Β

292 1865 552 1936 angustiis
597 1865 974 1932 comprobatur
1008 1867 1074 1928 ⁸⁸,
1121 1870 1247 1937 quia
1281 1870 1371 1940 qui
1405 1870 1691 1926 abscondit
1725 1887 1878 1926 suam

292 1957 623 2028 passionem,
646 1971 746 2011 nec
764 1957 1040 2026 accipiens
1064 1958 1206 2013 illico
1229 1959 1282 2013 in
1303 1971 1486 2016 mente
1513 1961 1878 2028 medicamen,

295 2050 412 2121 ipse
442 2051 794 2119 semetipsum
819 2050 1035 2105 salvare
1053 2051 1232 2118 debet,
1261 2064 1315 2107 et
1337 2055 1610 2125 propriam
1635 2055 1881 2110 substan-

298 2141 424 2195 tiam
457 2141 750 2207 rcdimere,
779 2149 833 2195 et
858 2149 1146 2212 pr0pterea
1173 2145 1282 2198 ait:

367 2231 426 2286 Si
447 2242 626 2286 autem
665 2249 768 2285 non
806 2233 1049 2286 habuerit
1081 2237 1398 2304 proximum,
1433 2245 1481 2290 et
1513 2239 1624 2306 ipse
1652 2241 1880 2309 pretium

295 2326 367 2378 ad
429 2325 791 2383 redimendum
839 2326 1066 2393 potuerit
1118 2327 1370 2394 invenire,
1440 2331 1881 2398 computabantur

296 2419 497 2484 fructus
521 2433 584 2470 ea:
609 2433 667 2469 eo
691 2425 942 2485 tempore,
971 2434 1072 2489 quo
1099 2419 1350 2485 vendidit,
1380 2430 1430 2474 et
1461 2423 1599 2492 quod
1620 2424 1879 2492 reliquum

295 2516 388 2571 est,
410 2509 586 2562 reddet
616 2510 857 2577 emptori,
874 2509 1049 2576 sicque
1071 2511 1284 2578 recipiet
1302 2515 1672 2580 possessionem
1701 2531 1876 2568 suam.

296 2600 430 2666 Quis
456 2615 584 2672 ergo
614 2610 862 2655 nostrum
887 2600 1118 2656 idoneus
1147 2612 1248 2667 est,
1281 2613 1375 2658 aut
1405 2613 1605 2674 potest,
1632 2620 1696 2661 ex
1731 2607 1879 2662 desi-

295 2693 408 2756 dia,
431 2701 527 2746 aut
555 2693 818 2774 pravitate
842 2703 1082 2749 mentem
1114 2695 1390 2749 vcnditam
1413 2697 1662 2763 liberare,
1691 2707 1751 2752 ut
1769 2713 1879 2754 non

297 2799 367 2840 ex
400 2794 512 2839 toto
545 2793 733 2854 pereat
765 2783 833 2838 ab
861 2785 1153 2850 alienante,
1191 2786 1294 2839 nisi
1326 2787 1436 2840 vita
1470 2787 1629 2852 bona,
1658 2797 1714 2843 et
1736 2788 1879 2843 actio

297 2875 591 2946 repellens,
610 2876 924 2946 quicunque
950 2877 1159 2932 inventi
1180 2877 1442 2932 fuerimus
1460 2879 1511 2931 in
1536 2887 1720 2934 mente
1750 2894 1878 2949 pec-

298 2966 544 3021 cantes?
590 2966 821 3036 Oportet
868 2981 1000 3038 ergo
1049 2969 1289 3038 cogitare
1339 2977 1603 3038 quantum
1663 2978 1880 3040 tempus

295 3053 584 3124 praedictas
639 3063 852 3108 mentes
907 3055 957 3109 ei
1001 3056 1094 3125 qui
1134 3057 1272 3111 solet
1313 3073 1406 3112 eas
1455 3058 1878 3128 cogitationibus

295 3145 454 3199 malis
476 3154 754 3209 emere,et
784 3146 840 3199 in
871 3149 1190 3202 servitutem
1218 3149 1480 3219 redigere,
1509 3151 1876 3215 vendidimus,

293 3235 575 3304 placentes
601 3236 670 3301 ei,
704 3245 760 3290 et
787 3238 1218 3304 consentientes,
1247 3248 1302 3294 et
1326 3239 1478 3295 reddi
1509 3241 1559 3294 ei
1586 3242 1728 3310 quod
1757 3241 1880 3295 reli-

293 3343 463 3397 quum
509 3338 594 3383 est
628 3328 712 3382 vel
755 3327 1053 3382 secundum
1082 3328 1457 3400 Septuaginta,
1508 3331 1652 3400 qnod
1694 3331 1874 3384 habet.

293 3420 484 3490 Neque
512 3421 658 3475 enim
692 3421 948 3474 dixerunt
978 3421 1122 3489 quod
1159 3422 1427 3490 reliquum
1454 3432 1559 3486 est,
1607 3422 1701 3476 Sed
1733 3421 1878 3490 quod

291 3527 460 3583 super
509 3512 692 3577 habet,
736 3521 794 3566 ut
821 3522 1104 3567 contractu
1150 3515 1450 3568 valentiore
1481 3514 1786 3576 vincamus,
1824 3521 1880 3566 et

296 3604 591 3660 liberemus
644 3615 884 3658 mentem
935 3614 1201 3660 nostram.
1259 3604 1327 3658 Et
1362 3605 1426 3669 si,
1473 3605 1623 3658 verbi
1684 3605 1874 3676 gratia,

293 3695 627 3750 desiderium
657 3703 906 3749 nostrum
946 3695 1188 3750 avaritiae
1212 3695 1480 3766 cegitatus
1513 3695 1712 3748 invasit
1752 3709 1874 3757 nos,

293 3801 686 3856 recuperemus
736 3794 974 3840 mentem
1011 3794 1276 3852 nostram,
1309 3793 1369 3838 ιιι
1411 3800 1504 3838 eas
1533 3784 1716 3846 etiam,
1755 3799 1879 3852 quas

293 3877 364 3932 de
383 3877 534 3947 justo
554 3884 701 3941 sunt,
725 3876 986 3947 pecunias
1015 3885 1069 3930 et
1097 3875 1470 3945 possessiones
1490 3874 1874 3943 deSpiciamus.

293 3968 352 4023 Si
377 3967 762 4039 gastrimargize
782 3967 1158 4037 captivitatem
1182 3965 1471 4038 suggessit,
1491 3981 1593 4020 nos
1617 3963 1878 4018 intentio-

293 4073 421 4113 nem
453 4059 649 4129 jejunii
670 4057 928 4121 districti,
967 4065 1022 4112 et
1050 4059 1295 4112 omnium
1321 4059 1566 4112 ciborum
1588 4056 1879 4111 continen-

294 4151 425 4207 tiam
453 4165 861 4221 recuperemus.
900 4149 957 4202 Si
995 4149 1142 4203 enim
1183 4149 1583 4219 possessionem
1631 4157 1876 4202 nostram

291 4245 537 4315 recipere
567 4260 598 4298 a
629 4242 821 4313 majori
872 4242 1113 4308 inimico,
1144 4259 1304 4312 quem
1341 4242 1723 4307 devicerimus,
1750 4256 1878 4311 pos-

290 4351 500 4391 sumus.
522 4334 779 4388 Siautem
803 4333 906 4388 hoc
923 4333 1126 4388 factum
1147 4349 1253 4388 non
1278 4334 1461 4399 fuerit,
1485 4334 1615 4403 quid
1639 4333 1875 4397 eveniat,

291 4429 443 4483 disce
480 4445 494 4482 :

370 4523 433 4578 Et
455 4524 498 4576 si
528 4539 627 4576 non
652 4522 900 4575 inuenerit
937 4537 1124 4574 manus
1155 4521 1289 4590 ejus,
1325 4530 1381 4574 ut
1417 4521 1599 4574 reddat
1626 4520 1872 4590 pretium.

291 4615 521 4686 Oportet
542 4615 711 4678 enim,
733 4614 874 4667 sicut
894 4611 1147 4678 diximus,
1166 4613 1384 4682 quando
1401 4628 1508 4667 non
1533 4612 1875 4683 praeveniens

227 4698 240 4708 ’
293 4707 419 4776 quis
447 4707 789 4776 propinquus
838 4702 1098 4773 spiritalis
1137 4701 1557 4766 commonuerit,
1603 4700 1874 4770 quomodo

296 4800 468 4854 malas
498 4798 861 4870 cogitationes
893 4795 1012 4853 sine
1041 4795 1262 4849 laesione
1303 4795 1652 4864 repellamus,
1683 4793 1875 4848 subse-

292 4891 388 4962 qui
426 4890 808 4962 cogitationem
849 4895 906 4942 et
945 4886 1218 4941 actionem
1260 4903 1324 4941 ex
1351 4902 1454 4957 qua
1485 4887 1715 4942 liberare
1747 4900 1874 4955 pos-

293 4985 467 5040 simus
506 4996 841 5054 quacunque
883 4981 1083 5049 reperti
1128 4979 1395 5034 fuerimus
1420 4980 1562 5034 male
1587 4979 1875 5033 alienasse.

293 5079 527 5136 Habebit
559 5086 774 5148 emptor
798 5075 941 5147 quod
975 5083 1183 5130 emerat
1221 5091 1390 5145 usque
1416 5075 1480 5129 ad
1505 5089 1709 5127 annum
1735 5071 1881 5142 jubi-

296 5175 465 5233 leum.

371 5266 436 5320 In
472 5267 584 5336 ipso
608 5269 747 5321 enim
770 5271 939 5324 omnis
964 5269 1194 5325 venditio
1221 5264 1353 5319 redit
1387 5260 1459 5314 ad
1489 5259 1798 5320 Dominum,
1832 5266 1880 5310 et

297 5359 370 5411 ad
391 5373 735 5428 possessorem
765 5362 1068 5430 pristinum.
1112 5359 1166 5414 Si
1197 5372 1326 5426 ergo
1366 5368 1544 5421 neque
1568 5366 1665 5420 per
1692 5350 1884 5405 frater-

297 5465 429 5507 nam
466 5452 772 5510 doctrinam
801 5469 979 5523 neque
1007 5468 1106 5524 per
1135 5452 1368 5506 aliouam
1391 5448 1646 5503 virtutem
1669 5452 1885 5499 nostras

301 5769 399 5820 vn,
434 5755 521 5814 14.

1983 498 2051 552 de
2100 509 2285 554 nostra
2334 502 2678 569 possessione
2718 505 3012 560 alienatum
3058 516 3159 570 est,
3193 508 3565 563 dominabitur

1983 588 2121 655 ejus,
2163 590 2255 660 qui
2296 606 2415 646 eam
2459 608 2556 662 per
2599 604 2842 649 nostram
2876 596 3256 668 negligentiam
3297 597 3560 666 possedit.

1983 680 2166 750 Usque
2197 683 2262 736 ad
2295 698 2434 752 Opus
2467 685 2612 738 enim
2650 695 2932 754 peccatum
2976 688 3316 756 producitur,
3363 697 3417 742 et
3450 704 3562 743 non

1983 773 2140 827 aliter
2158 774 2547 844 intelligibilem
2569 786 2807 832 nostram
2828 779 3227 848 possessionem
3250 780 3562 849 recipimus,

1983 865 2085 918 nisi
2118 866 2170 918 in
2205 875 2450 936 tempore
2475 869 2687 937 jubilci,
2727 871 2826 924 sivi
2875 881 2933 924 ut
2961 870 3335 941 Septuaginta,
3367 871 3565 925 remis-

1984 956 2175 1011 sionis.
2222 957 2359 1022 Quia
2391 960 2666 1028 perfectus
2704 970 2788 1015 cst
2830 978 3028 1025 anuus,
3077 963 3167 1032 qui
3196 979 3384 1017 omnes
3424 963 3477 1016 in
3507 978 3564 1016 se

1983 1051 2150 1106 horas
2179 1050 2364 1118 habet,
2395 1063 2449 1106 et
2481 1053 2722 1107 omnium
2750 1055 3034 1110 modorum
3080 1056 3391 1110 circuitum.
3435 1055 3563 1108 Per-

1988 1147 2170 1189 actum
2199 1146 2380 1191 autem
2413 1151 2719 1208 peccatum,
2742 1152 2797 1195 et
2821 1157 2918 1211 per
2957 1143 3183 1197 multum
3212 1151 3423 1212 tempus
3446 1159 3561 1196 ma-

1987 1243 2139 1292 nens,
2162 1244 2271 1282 non
2303 1230 2462 1284 aliter
2490 1234 2572 1285 l'as
2601 1242 2684 1286 est
2711 1233 2928 1304 corrigi,
2961 1243 3014 1287 et
3047 1234 3273 1288 liberare
3297 1244 3558 1298 mentem,

1983 1317 2039 1371 in
2071 1335 2176 1388 qua
2193 1320 2504 1376 dominatus
2533 1332 2616 1377 est
2645 1324 2709 1387 is,
2729 1325 2820 1394 qui
2844 1325 2982 1378 male
3005 1334 3189 1379 nostra
3212 1326 3560 1393 conquisivit,

1983 1410 2086 1464 nisi
2119 1427 2216 1480 per
2243 1413 2541 1482 perfectam
2565 1416 2967 1484 pmnitentiam,
2998 1415 3050 1468 in
3077 1432 3182 1485 qua
3200 1416 3558 1484 etjcjuuimn,

1983 1508 2040 1554 et
2058 1501 2250 1565 oratio,
2270 1495 2328 1556 et
2346 1502 2604 1567 cilicium,
2621 1505 3050 1574 etelecmosyna,
3073 1504 3394 1573 etlacrymze
3439 1519 3564 1572 per-

1983 1592 2348 1661 aguntur.Pcr
2372 1591 2488 1647 haec
2511 1593 2760 1647 remissio
2778 1593 2931 1646 nobis
2943 1594 3100 1662 plena
3115 1593 3474 1662 conquiritur.
3508 1592 3565 1645 Si

1992 1693 2174 1740 autem
2205 1685 2485 1739 hominem
2505 1684 2708 1740 dictum
2730 1683 2900 1738 fuisse
2919 1699 2947 1736 a
2966 1684 3271 1754 legislature
3291 1700 3439 1743 eum,
3467 1683 3565 1752 qui

1984 1776 2281 1846 captivavit
2311 1782 2525 1830 mentes
2559 1785 2794 1838 nostras,
2825 1774 3083 1837 diximus,
3111 1790 3218 1828 non
3252 1773 3562 1839 admireris,

1982 1871 2109 1941 quia
2148 1879 2204 1924 et
2248 1869 2449 1924 Paulus
2497 1884 2642 1932 eum,
2689 1866 2968 1921 hominem
3022 1867 3254 1936 peccati,
3300 1876 3356 1921 et
3394 1866 3564 1919 ﬁlium

1983 1961 2309 2031 perditionis
2357 1960 2645 2031 appellavit
2678 1957 2745 2010 “9.
2800 1957 2966 2012 Isaias
3019 1967 3200 2010 autem
3247 1954 3563 2026 [Egyptium

1984 2051 2286 2116 hominem,
2303 2059 2480 2106 etnon
2496 2050 2686 2116 Deum,
2715 2048 2767 2102 in
2787 2064 2882 2104 sua
2901 2063 3025 2102 eum
3044 2047 3328 2117 prophetia
3345 2047 3477 2100 dixit
3495 2048 3561 2098 ’°.

1985 2145 2092 2200 Sed
2123 2153 2179 2199 et
2197 2143 2458 2198 Dominus
2485 2142 2765 2196 hominem
2790 2139 2972 2196 vocari
2994 2139 3282 2193 manifeste
3309 2141 3510 2193 concet!
3522 2141 3564 2191 it

1981 2236 2279 2300 diabolum,
2321 2249 2421 2304 pro
2459 2249 2525 2288 eo
2555 2233 2698 2303 quod
2738 2233 2882 2286 inter
2907 2231 3157 2286 homines
3187 2240 3561 2295 conversetur,

1981 2339 2040 2384 et
2091 2329 2159 2382 ad
2189 2344 2375 2384 eorum
2409 2334 2567 2380 vacet
2620 2325 2870 2380 insidias.
2900 2325 3035 2379 Cum
3077 2340 3206 2394 ergo
3253 2323 3563 2393 parabolam

1983 2421 2314 2477 zizaniorum
2338 2428 2654 2490 exponeret,
2685 2418 2820 2472 dixit
2846 2434 2859 2470 :
2892 2417 3207 2470 Accedentes
3227 2424 3402 2468 autem
3428 2415 3564 2468 servi

1982 2515 2154 2582 patris
2194 2510 2450 2583 familias,
2486 2511 2731 2562 dixerunt
2755 2508 2842 2560 ei:
2873 2506 3119 2569 Domine,
3166 2521 3334 2556 nonne
3375 2504 3564 2556 bonum

1979 2622 2152 2660 semen
2167 2603 2437 2659 scminasti
2461 2603 2514 2654 in
2535 2618 2661 2670 agro
2694 2609 2804 2663 tuo,
2829 2599 2966 2650 unde
2991 2597 3198 2649 zizania
3220 2597 3243 2649 ?
3269 2596 3364 2650 Ille
3385 2606 3563 2648 autem

1981 2700 2115 2754 dixit
2138 2699 2211 2751 eis
2237 2717 2249 2750 :
2287 2695 2541 2748 Inimicus
2564 2695 2715 2745 homo
2736 2693 2830 2744 hoc
2854 2689 2974 2760 fecit
2998 2690 3063 2742 9‘.
3100 2688 3304 2742 Deinde
3334 2687 3565 2756 parabo-

1980 2789 2087 2842 iam
2125 2789 2512 2856 interpretans,
2544 2791 2596 2837 et
2639 2782 2896 2836 inimicus
2924 2779 3046 2848 quis
3068 2788 3234 2841 esset,
3258 2792 3557 2847 exponens,

1981 2881 2061 2933 sic
2081 2879 2212 2933 dicit
2240 2895 2252 2930 :
2284 2877 2536 2930 Inimicus
2558 2884 2735 2927 autem
2758 2874 2847 2943 qui
2867 2872 3140 2925 seminavit
3167 2887 3251 2932 ea,
3273 2881 3347 2923 est
3377 2869 3561 2923 diabo-

1983 2972 2082 3024 lus.
2114 2970 2248 3036 Quia
2272 2979 2328 3023 et
2361 2968 2451 3038 qui
2475 2977 2713 3020 mentem
2737 2981 2890 3020 Suam
2917 2980 3014 3033 per
3036 2972 3316 3032 peccatum
3345 2962 3561 3017 diabolo

1903 3089 1944 3146 ο
1981 3063 2183 3134 prodit,
2212 3059 2544 3116 venditionis
2571 3075 2681 3113 suae
2704 3072 2884 3127 prava:
2915 3064 2969 3110 et
2997 3055 3318 3124 perniciosa:
3339 3064 3559 3110 contra-

1979 3169 2126 3212 ctum
2153 3153 2468 3210 celebravit.
2485 3152 2682 3205 Paulus
2704 3151 2865 3204 etiam
2887 3149 2988 3203 hoc
3008 3146 3262 3202 Romanis
3291 3147 3557 3206 scribens,

1986 3249 2377 3316 interpretatus
2405 3253 2505 3299 est.
2536 3241 2738 3297 Scimus
2763 3241 2901 3294 enim
2925 3241 3050 3310 quia
3077 3239 3159 3292 lea:
3180 3236 3437 3307 spiritalis
3462 3246 3559 3300 est,

1981 3357 2074 3410 ego
2123 3348 2302 3390 autem
2337 3334 2571 3388 carnalis
2609 3349 2749 3396 sum,
2779 3331 3106 3384 venundatus
3141 3329 3236 3381 sub
3277 3328 3560 3397 peccato".

1981 3429 2114 3483 Illud
2141 3438 2321 3483 autem
2369 3435 2494 3480 nota
2548 3424 2804 3488 maxime,
2854 3422 2982 3492 quia
3027 3437 3138 3475 non
3170 3420 3419 3485 fratrem,
3451 3434 3562 3473 non

1983 3521 2348 3590 propinquum
2379 3515 2514 3571 dixit
2561 3530 2681 3570 esse
2712 3513 2880 3577 hunc,
2917 3511 3003 3566 cui
3035 3509 3299 3570 vendidit,
3342 3507 3438 3562 sed
3462 3521 3566 3560 nec

1981 3611 2288 3681 proximum
2312 3623 2458 3670 eum,
2484 3606 2642 3669 dixit,
2671 3601 3125 3672 quemadmodum
3154 3599 3205 3651 in
3234 3595 3565 3666 praecedenti

1984 3704 2289 3766 sanctione,
2321 3702 2374 3754 in
2403 3715 2507 3769 qua
2543 3699 2678 3753 dixit
2713 3715 2726 3750 :
2760 3695 2988 3762 Quando
3031 3692 3237 3748 vendes
3285 3687 3565 3758 quidpiam

1983 3796 2085 3849 civi
2107 3803 2222 3853 tuo,
2259 3792 2339 3844 vel
2363 3792 2500 3843 emis
2517 3789 2583 3841 ab
2607 3803 2692 3853 eo,
2715 3804 2825 3840 non
2852 3783 3146 3839 contristes
3164 3783 3386 3834 fratrem
3411 3787 3565 3830 tuum

1981 3885 2120 3938 nihil
2164 3883 2268 3936 tale
2313 3882 2397 3934 hic
2427 3881 2654 3942 addens,
2698 3877 2935 3930 ostendit
2959 3882 3167 3942 aperte,
3200 3870 3327 3941 quia
3362 3870 3429 3924 de
3460 3867 3563 3922 ali-

1983 3990 2091 4045 quo
2116 3990 2143 4026 a
2176 3973 2334 4026 nobis
2378 3970 2580 4031 alieno,
2628 3967 2718 4036 qui
2745 3966 2883 4020 male
2913 3973 3097 4019 nostra
3142 3960 3432 4031 conquirit.
3467 3959 3565 4012 lo-

1982 4067 2185 4136 quitur.
2224 4064 2290 4117 Et
2330 4065 2448 4117 hate
2483 4061 2701 4131 quidem
2731 4066 2816 4113 est
2848 4057 3108 4128 spiritalis
3152 4051 3563 4122 contemplatio.

1983 4155 2264 4210 Manifesta
2287 4160 2566 4208 autemest
2588 4149 2844 4206 omnibus
2863 4149 3030 4204 solius
3058 4145 3325 4217 expositio
3345 4144 3564 4207 litterae,

1983 4259 2039 4305 et
2065 4247 2237 4302 facilis
2261 4245 2500 4311 traditio,
2541 4243 2665 4314 quia
2688 4241 2892 4296 Judaeis
2917 4240 3090 4310 legem
3125 4233 3485 4298 sufﬁcientia,
3510 4240 3567 4286 et

1982 4358 2094 4398 non
2127 4338 2394 4412 gaudendi
2423 4338 2475 4392 in
2501 4336 2728 4392 avaritia
2765 4349 2860 4405 per
2895 4334 2998 4388 tale
3026 4331 3339 4386 mandatum
3363 4339 3565 4397 propo-

1913 4425 1958 4479 Ῑ)
1989 4435 2089 4498 nit,
2124 4443 2178 4488 et
2202 4441 2488 4502 propterea
2529 4428 2906 4500 possessiones
2940 4441 3036 4494 per
3059 4422 3320 4478 circulum
3359 4419 3564 4502 ad'eos,

1989 4527 2079 4596 qui
2105 4541 2196 4580 eas
2214 4523 2381 4578 semel
2403 4523 2736 4587 habuerunt,
2757 4517 2956 4573 reverti
2974 4515 3108 4580 vult,
3133 4522 3187 4568 et
3209 4527 3311 4568 nec
3331 4489 3568 4578 vendere

1985 4621 2180 4682 vetuit,
2205 4628 2266 4674 ut
2293 4633 2402 4673 non
2421 4623 2735 4686 angustaret
2757 4625 3072 4682 pauperem,
3097 4621 3200 4661 nec
3232 4611 3456 4674 angeret
3483 4601 3566 4655 in-
3615 4642 3622 4658 .

1985 4713 2281 4784 digentem,
2322 4709 2412 4779 qui
2443 4723 2553 4761 non
2595 4705 2750 4758 aliter
2775 4703 2992 4772 degere,
3032 4711 3210 4766 nequc
3239 4692 3566 4748 necessitate

1986 4782 2164 4870 aliqua
2184 4798 2417 4853 evadere
2431 4795 2654 4858 valeret,
2673 4792 2777 4848 nisi
2800 4792 2937 4845 forte
2959 4786 3310 4843 vendidisset.
3330 4782 3432 4836 Sed
3463 4796 3567 4838 nec

1987 4906 2082 4946 eos
2106 4890 2199 4960 qui
2246 4886 2714 4957 conquisiverunt,
2747 4896 2965 4950 semper
2991 4876 3268 4948 possidere
3300 4873 3564 4944 praecipit,

1989 4980 2085 5035 sed
2116 4988 2333 5048 tempus
2364 4975 2614 5032 deﬁnivit
2649 4974 2791 5027 intra
2820 4971 2964 5041 quod
3011 4969 3092 5022 lcx
3129 4965 3366 5034 antiquis
3390 4961 3567 5018 domi-

1989 5073 2076 5127 nis
2098 5071 2500 5143 possessionem
2528 5067 2798 5122 redderet.
2819 5063 2954 5130 Quia
2975 5071 3155 5116 autem
3177 5056 3410 5126 amplius
3434 5067 3567 5106 con-

1993 5159 2364 5233 templationis
2418 5159 2523 5222 lex,
2583 5166 2637 5213 et
2687 5155 2986 5228 juvaminis
3042 5149 3321 5220 spiritalis,
3370 5152 3564 5199 etnon

1991 5251 2291 5308 secundum
2319 5249 2558 5303 litteram
2584 5245 2846 5312 mandati,
2882 5254 2937 5298 et
2959 5256 3078 5311 qua:
3101 5241 3154 5293 in
3182 5233 3465 5319 superficie
3486 5242 3570 5288 est

1991 5343 2368 5416 expositionis,
2398 5355 2584 5394 curam
2606 5339 2823 5400 habeat,
2857 5332 3207 5391 manifestam
3228 5326 3532 5398 sequentia.

2063 5434 2230 5491 Vens.
2270 5433 2462 5492 29-34.
2485 5451 2504 5486 ‹
2542 5431 2646 5498 Qui
2672 5426 2974 5485 vendiderit
3001 5425 3221 5480 domum
3253 5421 3396 5475 intra
3421 5418 3574 5475 urbis

373 5681 420 5716 "
439 5682 559 5740 Gal.
585 5701 662 5750 VI,
690 5683 739 5740 Ι.
855 5689 896 5722 ιε
930 5687 1090 5741 Prov.
1121 5695 1252 5746 xvu,
1280 5679 1364 5734 l7.
1443 5677 1486 5710 "
1517 5674 1561 5731 ll
1586 5675 1782 5730 Thess.
1811 5689 1867 5738 ιι,

2051 5670 2097 5702 ⁸⁸
2135 5669 2241 5726 lsa.
2273 5683 2423 5735 χχιιι,
2456 5664 2511 5720 1.
2584 5663 2633 5697 ⁹¹
2663 5661 2854 5717 Matth.
2882 5673 3001 5723 χιιι,
3036 5655 3126 5722 27,
3161 5656 3250 5712 38.
3340 5654 3387 5686 θ’
3414 5651 3572 5708 Rom.
