3988 6222
512 291 650 359 H23

1684 262 2053 345 ausitch
2103 258 2580 344 missumst

3660 274 3797 340 lli!

506 412 717 471 muros,
759 400 988 458 habebit
1037 398 1315 457 licentiam
1368 393 1692 463 redimendi,
1737 396 1913 452 donec
1946 393 2090 463 unus
2116 399 2164 456 Δ
2192 393 2607 466 quodammodo
2628 391 2933 451 libertatem
2952 393 3249 464 accipiunt.
3274 391 3382 449 Sed
3399 390 3794 448 etludazomn!

508 496 798 566 impleatur
835 507 1030 549 annus.
1057 490 1115 546 Si
1146 507 1257 546 non
1282 489 1594 554 redemerit,
1617 499 1673 544 et
1694 484 1822 541 anni
1848 487 2091 542 circulus
2193 487 2593 554 collectionem,
2646 486 2921 559 quomodo
2956 486 3203 557 quaedam
3256 500 3357 556 per
3385 484 3665 554 quosdam
3713 481 3801 534 in-

504 579 673 642 fuerit
704 585 979 649 evolutus,
1011 591 1228 654 emptor
1267 580 1566 652 possidebit
1604 596 1746 645 eam,
1795 588 1851 634 et
1874 578 2090 650 'po'steri

2196 579 2500 651 telligihiles
2526 579 2763 644 Levitas,
2786 577 2839 633 id
2864 587 2968 644 est,
2997 576 3271 647 apostolos
3298 577 3607 638 salventur,
3634 571 3801 626 nimis

496 679 627 748 “ejus
657 678 712 732 in
741 686 1093 747 perpetuum,
1129 688 1186 730 et
1228 673 1417 729 redimi
1457 674 1568 727 non
1600 673 1801 742 poterit
1829 672 1993 726 etiam
2034 670 2092 725 in
2193 676 2496 731 secundum
2526 676 2670 746 quod
2704 676 2873 730 Deum
2906 675 3085 739 decet,
3114 671 3338 742 exponit
3358 671 3600 726 dicens:

504 770 730 840 jubil’eo.
763 768 860 823 Sin
882 777 1065 823 autem
1099 767 1153 820 in
1173 766 1297 820 villa
1328 764 1490 820 fuerit
1528 764 1741 830 domus,
1764 778 1886 833 quae
1907 774 2094 818 muros

508 867 621 918 non
640 860 825 927 habet,
856 874 1111 930 agrorum
1141 859 1262 929 jure
1274 858 1562 912 vendetur.
1587 855 1647 911 Si
1664 864 1789 910 ante
1812 855 2090 924 redempta

510 966 621 1009 non
645 954 832 1018 fuerit,
860 953 913 1007 in
940 952 1146 1022 juhileo
1167 958 1474 1007 revertetur
1490 953 1557 1005 ad
1577 942 1890 1004 Dominum.
1921 947 2092 1002 Edes

514 1042 826 1100 Uevitarum
877 1050 1000 1113 qum
1036 1042 1092 1096 in
1140 1041 1368 1096 urbibus
1417 1042 1567 1104 sunt,
1600 1054 1818 1109 semper
1864 1046 2097 1108 possunt

438 1174 450 1207 λ
505 1134 724 1191 'r‘cdimi.
755 1135 816 1190 Si
840 1136 1140 1204 redemptae
1170 1138 1281 1188 non
1319 1132 1524 1186 fuerint
1562 1132 1615 1185 in
1642 1131 1867 1200 jubileo,
1906 1136 2094 1184 rev‘er~

508 1224 699 1283 tentur
737 1226 813 1281 ad
838 1226 1105 1291 domihOs,
1145 1222 1271 1294 quia
1302 1223 1497 1278 domus
1538 1222 1753 1277 urbium
1782 1220 2096 1275 Levitarum

515 1334 615 1389 pro
658 1316 1098 1389 possessionibus
1139 1323 1266 1369 sunt
1300 1314 1455 1368 inter
1485 1313 1626 1368 ﬁlios
1666 1311 1854 1367 lsrael.
1881 1312 2096 1367 Subur-

513 1411 656 1464 bana
705 1418 888 1464 autem
930 1423 1120 1463 eorum
1167 1423 1279 1462 non
1331 1407 1577 1473 veniunt,
1643 1406 1772 1475 quia
1820 1405 2097 1476 possessio

515 1500 849 1570 sempiterna
872 1499 976 1554 eSt.
1016 1517 1035 1550 ι

584 1590 640 1646 Si
678 1591 748 1645 ad
780 1605 943 1644 unam
971 1591 1077 1644 hoc
1100 1586 1461 1644 intentionem
1489 1586 1769 1659 legislator
1791 1584 2095 1651 habuisset,

514 1690 576 1737 ut
606 1681 981 1752 possessiones
1014 1695 1125 1735 non
1149 1679 1408 1734 caderent
1445 1678 1514 1733 ab
1539 1678 1659 1732 aliis
1699 1674 1766 1734 ad
1795 1679 1950 1746 alios,
1980 1686 2099 1733 erat

515 1775 718 1845 quippe
765 1775 869 1828 hoc
917 1773 1068 1837 utile,
1111 1772 1238 1842 quia
1287 1771 1354 1826 de
1402 1770 1748 1836 sufﬁcientia,
1794 1770 2096 1827 secundum

515 1863 659 1932 quod
692 1861 952 1923 diximus,
971 1859 1057 1914 lex
1085 1874 1272 1915 curam
1306 1859 1479 1931 gerit:
1509 1859 1666 1928 cujus
1698 1868 1857 1930 putas
1874 1860 1949 1914 rei
1978 1875 2102 1931 gra-

517 1954 613 2020 tia,
642 1955 865 2025 quando
892 1968 1001 2008 non
1031 1951 1233 2007 fuerint
1269 1952 1413 2007 intra
1436 1956 1662 2016 annum,
1704 1953 1846 2007 sicut
1880 1950 1978 2018 ait,
2008 1966 2101 2006 re-

517 2043 772 2114 demptae,
823 2042 1043 2113 proprie
1081 2055 1202 2097 esse
1251 2041 1690 2111 conquirentium
1727 2042 1894 2112 iussa:
1935 2040 2104 2097 sunt?

520 2136 627 2191 Sed
650 2152 752 2191 nec
776 2135 881 2192 hoc
910 2134 1248 2206 simpliciter,
1277 2134 1375 2188 sed
1399 2134 1508 2189 imo
1539 2134 1792 2188 subtilem
1811 2134 2103 2204 quamdam

520 2224 836 2280 custodiens
860 2222 1207 2278 divisionem.
1240 2220 1594 2293 Qumcunque
1625 2223 1771 2279 enim
1807 2224 1950 2279 intra
1977 2240 2103 2280 mu—

517 2332 610 2373 ros
632 2325 762 2373 sunt
791 2316 1123 2372 munitarum
1146 2314 1455 2380 civitatum,
1495 2314 1636 2371 intra
1666 2331 1875 2371 annum
1907 2314 2104 2372 redimi

518 2409 864 2467 solummodo
898 2408 1091 2463 liceret
1139 2422 1152 2459 :
1183 2420 1522 2478 quaecunque
1553 2419 1734 2463 autem
1755 2409 1810 2463 in
1838 2422 1950 2463 non
1978 2424 2104 2463 mu-

517 2500 670 2566 ratis,
703 2497 979 2553 licentiam
998 2495 1185 2551 haberi
1206 2495 1470 2551 liberandi
1490 2508 1583 2552 eas
1602 2511 1821 2567 semper
1831 2497 2053 2569 permisi
2063 2509 2104 2552 t.

522 2592 835 2648 Levitarum
879 2598 1063 2644 autem
1107 2588 1319 2655 do‘m'os,
1357 2589 1472 2643 sive
1514 2588 1572 2643 in
1624 2590 1854 2645 muratis
1901 2590 2016 2645 sive
2049 2590 2106 2644 in

519 2698 632 2739 non
679 2680 911 2738 muralis
947 2680 1084 2744 sint,
1135 2693 1353 2748 semper
1393 2680 1586 2734 redimi
1616 2682 1893 2750 praecepit.
1935 2684 2109 2752 Agros

521 2769 1202 2833 ‘autem‘vendere,omnes
1231 2767 1531 2837 prohibuit.
1549 2768 1676 2824 Haec
1706 2778 1888 2824 autem
1911 2770 2108 2825 distin-

520 2861 653 2926 ctio,
702 2861 820 2932 jam
873 2857 1210 2913 infructuosa
1261 2856 1434 2911 estad
1484 2855 1681 2911 faciem
1728 2857 1924 2913 litterae
1947 2873 2108 2928 quam

521 2952 806 3009 ostendit:
835 2951 963 3022 quia
990 2949 1078 3005 lex
1120 2949 1224 3004 fuit
1253 2949 1494 3019 quidem,
1544 2946 1763 3019 quando
1786 2951 1983 3006 habuit
2018 2950 2109 3019 ju-

2254 766 2368 832 ‘Qni
2405 769 2697 822 vendiderit
2726 768 2939 821 domum
2976 766 3119 819 intra
3166 765 3309 818 urbis
3338 778 3545 827 muros,
3584 758 3801 813 habebit

2197 857 2467 912 licentiam
2520 859 2810 912 redimendi
2863 857 3028 911 donec
3068 872 3200 910 unus
3247 854 3540 925 impleatur
3599 867 3797 906 annus.

2196 949 2325 1007 Haec
2369 951 2437 1006 de
2466 950 2783 1006 Judteorum
2836 949 3115 1020 Synagoga
3145 946 3537 1017 intelligamus,
3568 960 3705 1013 quas
3745 942 3797 995 in

2198 1042 2304 1097 hac
2346 1042 2587 1097 nubatur
2646 1041 2867 1112 quidem
2921 1059 2935 1094 :
2994 1047 3285 1109 propterea
3312 1037 3460 1091 enim
3491 1051 3624 1090 eam
3661 1034 3799 1088 Deus

2197 1150 2297 1206 per
2338 1134 2580 1205 Moysen,
2608 1142 2670 1187 ut
2699 1139 2755 1187 et
2798 1122 3140 1187 habitaretur
3170 1126 3474 1193 constituit,
3512 1126 3657 1181 licet
3691 1125 3800 1195 ipsa

2198 1229 2314 1284 haec
2330 1244 2442 1283 non
2470 1227 2816 1292 custodierit,
2843 1226 2909 1281 ab
2933 1225 3019 1289 iis,
3048 1224 3103 1278 in
3130 1224 3329 1293 quibus
3356 1221 3798 1276 inhabitaverat.

2198 1302 2426 1392 Propter
2462 1321 2627 1390 quod,
2666 1331 2720 1374 et
2763 1318 3028 1372 Dominus
3057 1316 3262 1371 Judaa’s
3294 1314 3513 1370 dicebat
3550 1333 3563 1367 :
3600 1314 3805 1368 Domus

2199 1430 2337 1479 mea,
2385 1412 2570 1466 domus
2602 1411 2856 1465 orationis
2899 1408 3321 1469 vocabiturwos
3363 1406 3552 1460 autem
3602 1406 3804 1477 fecistis

2200 1518 2320 1555 eam
2361 1501 2666 1571 speluncam
2704 1499 2971 1554 latronum
3000 1498 3065 1552 “.
3116 1497 3246 1553 Erat
3272 1504 3454 1551 autem
3491 1496 3548 1549 in
3579 1496 3809 1550 civitate

2200 1588 2416 1647 murata
2450 1592 2505 1646 in
2534 1590 2848 1647 Jerusalem
2885 1607 2897 1642 :
2929 1588 3164 1645 habebat
3193 1588 3339 1643 enim
3368 1601 3596 1641 murum
3632 1587 3809 1657 legem

2204 1682 2382 1750 hanc;
2411 1682 2599 1738 vendit
2629 1681 2904 1751 quispiam
2931 1697 2943 1733 :
2968 1695 3077 1734 non
3112 1687 3293 1734 tamen
3317 1679 3407 1733 hic
3428 1676 3810 1739 venditorem,

2204 1787 2385 1842 neque
2433 1774 2824 1843 propinquum,
2867 1786 3048 1841 neque
3075 1770 3410 1841 proximum,
3443 1769 3594 1823 sicut
3641 1783 3812 1839 supra

2203 1864 2513 1935 appellavit,
2542 1879 2722 1935 neque
2742 1864 2886 1919 enim
2913 1878 3056 1918 unus
3085 1869 3201 1917 erat
3235 1862 3378 1916 hanc
3409 1860 3691 1926 vendens,
3718 1860 3811 1914 sed

2205 1954 2371 2009 totius
2412 1954 2725 2010 Judteorum
2768 1952 3006 2024 populus
3054 1952 3197 2007 male
3234 1951 3444 2014 vivens,
3474 1952 3573 2020 qui
3624 1962 3815 2020 neque

2203 2044 2390 2114 frater,
2435 2060 2616 2116 neque
2643 2042 2911 2117 cognatus
2949 2043 3148 2114 dignus
3181 2050 3299 2097 erat
3332 2043 3621 2113 appellari,
3662 2045 3815 2097 unde

2204 2151 2331 2191 eum
2392 2137 2558 2192 etiam
2619 2135 2882 2208 populum
2934 2135 3300 2188 Sodomorum
3361 2143 3418 2187 et
3457 2132 3812 2188 δοῦλοι-ιιικί

2204 2228 2464 2300 Deu‘sper
2490 2229 2645 2284 Isaia:
2666 2226 3009 2300 prophetiam
3027 2224 3336 2297 appellavit.
3355 2226 3575 2290 Audite,
3600 2225 3810 2295 inquit,

2206 2322 2421 2377 verbum
2456 2320 2694 2384 Domini,
2719 2317 2983 2390 principes
3011 2312 3379 2382 Sodomorum,
3410 2317 3637 2371 auribus
3672 2333 3812 2385 per-

2206 2413 2363 2483 cipite
2416 2411 2578 2483 legem
2618 2411 2714 2464 Dei
2764 2410 2932 2463 nostri
2962 2408 3186 2479 populus
3228 2407 3542 2463 Gomorrlna
3559 2411 3630 2463 ".
3662 2408 3809 2462 Alibi

2206 2515 2389 2561 autem
2437 2505 2503 2559 ad
2554 2518 2648 2559 eos
2683 2504 2898 2557 rursum
2924 2500 3197 2572 Propheta
3233 2502 3452 2556 dicebat
3486 2517 3499 2554 ε
3545 2500 3653 2554 Cui
3686 2516 3809 2554 ees-

2208 2598 2368 2652 ditori
2394 2597 2604 2651 vendidi
2647 2613 2733 2650 vos
2756 2597 2782 2650 ?
2801 2596 2935 2650 Ecce
2987 2594 3182 2648 uenditi
3208 2593 3329 2647 estis
3347 2593 3400 2645 in
3427 2591 3807 2661 iniquitatibus

2208 2692 2393 2744 uestris
2415 2691 2479 2744 ⁸⁸.
2507 2689 2613 2745 Sed
2632 2689 2827 2744 licebat
2847 2689 2926 2744 eis
2951 2688 3093 2743 hanc
3123 2687 3497 2742 venditionem
3522 2688 3805 2742 redimere

2207 2783 2264 2838 in
2296 2798 2463 2847 anno,
2507 2781 2563 2835 in
2593 2797 2701 2851 quo
2729 2777 2980 2836 Christus
3011 2781 3158 2836 omni
3179 2781 3366 2850 generi
3392 2781 3661 2845 humano,
3684 2795 3804 2835 ma-

2208 2874 2355 2929 xime
2378 2874 2579 2945 populo
2607 2872 2919 2929 Judasorum
2962 2872 3396 2942 redemptionem
3448 2881 3803 2943 peccatorum

2208 2966 2544 3038 praedicavit.
2594 2965 2767 3035 Quem
2816 2949 3209 3021 annum'nunc
3251 2964 3474 3035 quidem
3520 2965 3805 3036 legislator

519 3062 718 3105 vamen
751 3047 818 3102 de
849 3046 1052 3139 littera.
1085 3054 1194 3100 non
1232 3046 1414 3139 tamen
1439 3046 1811 3139 sempernec
1836 3044 1903 3100 d‘e
1937 3044 2106 3139 omni.
2136 3083 2178 3139 ο
2212 3058 2416 3124 innuit,
2441 3067 2627 3129 aperte
2658 3057 2828 3113 Isaias
2847 3057 3091 3113 exhibuit
3118 3075 3130 3110 ε
3159 3056 3389 3127 Spiritus
3410 3057 3632 3111 Domini
3646 3072 3805 3129 super

520 3144 746 3212 propter
772 3138 919 3208 quod
948 3138 1000 3193 ei
1046 3135 1438 3206 contemplatio
1481 3136 1745 3206 spiritalis
1784 3138 2100 3192 necessaria

522 3242 627 3289 est.
670 3230 889 3289 Utilitas
933 3237 1119 3286 autem
1150 3229 1279 3285 hinc
1306 3229 1613 3285 intendenti
1643 3238 1928 3299 perpetua,
1954 3238 2008 3285 et
2041 3231 2110 3287 de

524 3324 674 3381 omni
718 3322 977 3378 mandato
1023 3321 1159 3392 legis
1193 3320 1449 3392 provenit
1483 3326 1813 3391 :propterea
1858 3320 2111 3378 durescit

521 3414 726 3480 littera,
758 3424 820 3471 ut
842 3414 1170 3469 neces'sitate
1198 3415 1393 3479 coacti,
1414 3413 1483 3469 ad
1509 3415 1845 3485 spiritualem
1869 3428 2112 3473 contem-

522 3507 823 3579 plationem
869 3519 1240 3560 recurramus.
1287 3505 1445 3561 Unde
1473 3516 1529 3560 et
1584 3507 1786 3563 Paulus
1836 3508 2051 3564 dicebat
2093 3528 2107 3564 :

527 3592 670 3654 'Ante
711 3597 855 3654 enim
897 3610 1061 3667 quam
1105 3596 1321 3652 veniret
1373 3597 1527 3664 ﬁdes,
1557 3598 1658 3653 sub
1687 3599 1804 3670 lege
1839 3598 2111 3656 custodie-

525 3689 744 3755 bamur,
772 3688 1015 3745 conclusi
1042 3688 1097 3743 in
1128 3703 1250 3744 eam
1272 3687 1458 3756 ﬁdem,
1515 3705 1635 3756 quae
1658 3692 1944 3747 revelanda
1968 3702 2106 3749 erat.

526 3779 749 3835 Litterae
773 3779 921 3834 enim
971 3779 1276 3846 conclusio,
1321 3780 1629 3837 libertatem
1689 3794 1872 3839 amare
1920 3786 2114 3842 suadet

468 3912 473 3918 .
526 3872 753 3943 spiritus
786 3870 1003 3928 ".Jam
1060 3887 1213 3928 nunc
1270 3888 1399 3945 ergo
1455 3875 1744 3944 praesentis
1801 3878 2135 3935 sanctionisr

528 3967 885 4023 discutiamus
930 3969 1219 4033 virtutem,
1252 3967 1307 4023 in
1340 3970 1777 4039 praecedentibus
1823 3973 1984 4029 unius
2016 3990 2113 4030 cu-

524 4058 741 4143 jusdam
767 4060 1168 4130 possessionem
1197 4073 1529 4130 proponens,
1560 4061 1636 4116 ait
1667 4072 1814 4135 ergo:

599 4148 659 4209 Si
681 4160 986 4207 attenuatus
1020 4155 1187 4222 lrater
1219 4162 1361 4218 tuus,
1394 4155 1683 4209 uendiderit
1724 4159 2112 4224 possessiuncu-

531 4243 640 4298 tum
663 4254 839 4308 suam,
862 4251 911 4297 et
930 4242 1151 4298 uoluerit
1166 4245 1493 4315 prapinq'uus
1514 4244 1650 4316 ejus,
1673 4241 1841 4314 potest
1859 4248 2113 4305 redimere

529 4334 667 4405 quod
705 4333 797 4389 ille
827 4335 1133 4390 uendiderat
1159 4350 1179 4390 :
1206 4335 1288 4389 sin
1313 4336 1492 4390 autem
1521 4344 1622 4391 non
1660 4337 1902 4392 habuerit
1930 4343 2110 4410 proxi-

2212 3167 2316 3216 me,
2359 3167 2418 3204 eo
2459 3150 2597 3222 quod
2634 3150 2786 3204 unxit
2829 3147 3085 3203 Dominus
3122 3164 3206 3203 me
3247 3149 3320 3202 ad
3369 3150 3803 3204 annuntianduat

2211 3244 2499 3297 mansuetis
2539 3243 2676 3296 misit
2710 3258 2811 3306 me,
2859 3252 2916 3295 ut
2962 3242 3196 3295 mederer
3232 3242 3486 3295 contritas
3527 3243 3715 3309 corde,
3748 3250 3805 3294 ut

2208 3334 2555 3405 prwdicarem
2586 3333 2806 3403 captivis
2834 3331 3219 3402 indulgentiam
3254 3340 3301 3385 et
3329 3331 3527 3386 clausis
3562 3333 3805 3401 apertio-

2212 3443 2351 3493 nem,
2406 3436 2464 3481 ut
2500 3427 2847 3496 praedicarem
2908 3442 3104 3480 annum
3135 3424 3447 3497 placabilem
3494 3425 3806 3495 Domini,ct

2211 3519 2351 3572 diem
2377 3518 2594 3573 ultionis
2617 3518 2842 3572 Domino
2867 3526 3044 3572 nostro
3070 3519 3144 3571 ⁸⁷.
3177 3518 3336 3573 Unde
3363 3528 3420 3573 et
3443 3518 3808 3591 Septuaginta

2211 3610 2504 3666 ediderunt
2532 3628 2546 3664 :
2586 3602 2932 3665 Diurna‘erit
2992 3609 3217 3663 redditio
3257 3609 3392 3680 ejus,
3424 3611 3551 3679 quia
3582 3628 3683 3681 per
3701 3610 3810 3667 sin-

2210 3701 2361 3775 gulos
2387 3702 2498 3757 dies
2523 3702 2639 3773 ejus
2668 3716 2688 3757 :
2721 3702 2814 3773 qui
2844 3702 3022 3757 dictus
3047 3711 3132 3756 est
3152 3702 3302 3768 anni,
3328 3701 3529 3759 licebat
3549 3704 3635 3759 eis
3662 3704 3808 3775 quod

2212 3777 2583 3850 vendiderunt
2628 3793 2867 3859 diabolo,
2911 3793 3309 3848 redimentibus
3331 3796 3643 3851 venundari
3674 3797 3805 3852 Deo.

2211 3886 2333 3943 Non
2353 3888 2466 3959 jam
2514 3886 2663 3942 enim
2697 3885 2966 3943 dominari
2995 3885 3076 3941 eis
3103 3885 3381 3953 inimicus,
3415 3894 3609 3957 utpote
3637 3890 3809 3944 semel

2214 3981 2326 4037 Deo
2364 3980 2712 4045 venundatis,
2738 3987 2972 4050 poterat,
3002 3979 3132 4050 quia
3161 3980 3312 4033 enim
3348 3978 3433 4035 eis
3464 3994 3577 4034 non
3609 3980 3805 4045 semel,

2213 4089 2319 4130 nec
2360 4073 2626 4140 secundo,
2666 4073 2760 4128 sed
2782 4072 3024 4143 quotidie
3056 4072 3258 4127 licebat
3287 4071 3668 4143 captivitatem
3687 4090 3813 4145 pro-

2212 4165 2389 4237 prium
2404 4164 2696 4230 redimere,
2714 4163 2839 4218 audi
2854 4163 3144 4217 Dominum
3157 4163 3431 4220 dicentem
3449 4162 3807 4225 Jerusalem,

2211 4256 2648 4327 Jerusalem,qua:
2668 4255 2856 4310 occidis
2875 4253 3189 4325 Prophetas,
3207 4264 3255 4310 et
3276 4255 3494 4323 lapidas
3507 4271 3594 4310 eos
3619 4256 3714 4327 qui
3743 4256 3811 4310 ad

2215 4360 2265 4406 te
2306 4350 2452 4405 missi
2490 4348 2636 4414 sunt,
2691 4350 2893 4419 quoties
2925 4347 3067 4403 volui
3117 4364 3436 4420 congregare
3480 4347 3627 4418 [ilics
3670 4358 3806 4413 tuos.

527 4430 691 4491 mum,
706 4432 756 4480 et
771 4426 885 4496 ipse
898 4426 1124 4496 pretium
1144 4427 1216 4481 ad
1226 4428 1586 4483 redimendum
1604 4432 1832 4498 potuerit
1850 4433 2116 4490 invenire:
2149 4438 2193 4493 D
2222 4442 2665 4514 quemadmodum
2682 4439 2888 4513 gallina
2908 4449 3189 4512 congregat
3206 4439 3379 4510 pullos
3400 4456 3526 4495 suos
3547 4441 3647 4496 sub
3670 4441 3804 4506 alas,

529 4517 967 4585 contputabuntur
988 4520 1190 4591 [ructus
1217 4534 1282 4574 ea:
1308 4528 1626 4588 eo'tempore
1646 4532 1748 4593 quo
1774 4522 2023 4590 rendidit,
2060 4537 2110 4582 et

528 4606 669 4677 quod
695 4608 954 4674 reliquum
977 4621 1051 4666 est
1079 4610 1256 4667 reddet
1278 4613 1521 4682 emptori,
1542 4614 1720 4685 s'ic'que
1742 4617 1957 4688 recipiet
1989 4628 2109 4690 pes-

436 4734 445 4742 .
527 4699 805 4754 fessionem
848 4707 1001 4756 suam
1027 4718 1046 4757 :
1077 4704 1214 4775 quod
1240 4704 1285 4758 si
1318 4716 1419 4760 non
1463 4706 1718 4761 invenerit
1746 4716 1933 4764 manus
1971 4711 2106 4782 ejus,

528 4794 588 4843 ut
619 4786 807 4844 reddat
836 4793 1084 4862 pretium,
1104 4792 1311 4849 habebit
1330 4800 1535 4866 emptor
1563 4800 1700 4870 quod
1725 4806 1924 4855 emerat
1946 4804 2111 4876 usque

529 4878 604 4934 ad
630 4884 828 4935 annum
846 4881 1132 4952 jubileum.
1900 4912 1903 4916 ‘

498 5047 509 5053 _
600 4971 904 5044 Specialcm
941 4975 1372 5048 uniuscujusque
1411 4980 1886 5042 conversationem
1919 4986 2110 5061 procul

528 5062 697 5120 dubio
719 5065 991 5135 exposuit.
1021 5060 1118 5121 llic
1143 5070 1326 5121 autem
1360 5079 1472 5124 non
1496 5071 1609 5136 jam
1636 5077 1703 5130 de
1734 5060 2111 5139 Conversatio-

530 5168 602 5209 ne
682 5155 927 5226 speciali,
981 5156 1081 5211 sed
1135 5156 1304 5215 totius
1354 5158 1670 5236 Synagbgae,
1702 5169 1799 5229 jvel
1848 5170 2108 5231 Ecdesia:

523 5243 786 5317 ioquitrtr.
808 5245 873 5300 In"
895 5246 1091 5316 quibus
1116 5246 1431 5305 Juda‘e‘orum
1455 5253 1734 5330 Synagdga
1762 5260 1817 5315 in
1843 5277 1929 5329 eo,
1961 5266 2108 5336 quod

527 5347 708 5393 manet
753 5349 926 5407 usque
969 5353 1116 5394 nunc
1161 5340 1305 5412 apud
1349 5346 1759 5423 conquirentem
1801 5354 2105 5425 inimicum,

522 5436 576 5481 et
609 5428 978 5482 adversarium
1011 5428 1258 5485 serviens
1288 5449 1305 5488 :
1341 5429 1598 5493 Ecclesiae
1634 5450 1838 5510 autem,
1866 5447 2108 5516 gentium

662 5645 952 5743 ﬁniantur,
982 5648 1073 5707 25.
1150 5649 1196 5684 "
1236 5651 1427 5710 Matth.
1467 5676 1577 5729 xxi,
1614 5662 1697 5717 l5.
1772 5667 1820 5698 ’⁵
1855 5665 1959 5723 lsa.
1990 5648 2040 5737 ἰ,
2078 5669 2164 5726 l0.
2243 5673 2291 5705 "
2319 5670 2423 5730 lsa.
2454 5691 2506 5743 ι,
2546 5676 2565 5730 1

528 5713 660 5771 Luc.
693 5730 809 5780 uti,
841 5717 929 5776 Si.

2216 4541 2265 4586 et
2288 4531 2501 4586 noluisti
2537 4529 2628 4583 ἐἳ
2658 4529 2720 4586 ln
2751 4545 2818 4586 eo
2847 4529 2995 4585 enim
3025 4530 3170 4601 quod
3193 4529 3349 4596 dixit,
3378 4531 3605 4601 quoties,
3632 4530 3805 4587 mani-

2216 4618 2456 4687 festavit,
2481 4620 2607 4690 quia
2637 4620 2882 4691 quotidie
2911 4620 3111 4676 licebat
3135 4619 3216 4676 eis
3241 4621 3519 4692 propriam
3548 4637 3803 4694 peragere

2216 4702 2670 4783 redemptiOncm,
2694 4713 2740 4768 si
2762 4712 2986 4767 omnino
3005 4711 3324 4778 voluissent,
3340 4714 3468 4783 quia
3491 4723 3681 4769 autem
3698 4730 3800 4769 non

2216 4805 2496 4873 volebant,
2528 4806 2725 4862 similia
2765 4806 2852 4862 his
2891 4822 3013 4876 qua:
3050 4806 3185 4861 dixit
3209 4804 3485 4867 Christus.
3531 4806 3804 4878 legislatur

2213 4899 2485 4969 exposuit,
2520 4886 2588 4955 ab
2611 4900 2731 4969 ipso
2756 4899 2903 4953 enim
2935 4898 2986 4954 ei
3005 4888 3228 4969 spiritus
3258 4898 3796 4955 subministrabatur.

2284 4984 2343 5047 Si
2370 5001 2493 5045 ante
2529 4991 2800 5062 redempta
2838 5006 2942 5044 non
2979 4991 3141 5062 fuerit
3170 5001 3331 5061 usque
3366 4991 3493 5045 dum
3516 4990 3800 5061 impleatur

2213 5096 2386 5135 annus
2433 5079 2833 5150 conﬁrmabitur
2865 5088 3050 5135 domus
3092 5096 3208 5151 qua!
3230 5089 3304 5135 est
3347 5082 3402 5135 in
3431 5082 3668 5139 civitate.
3688 5095 3797 5153 qu

2212 5170 2369 5225 habet
2390 5187 2567 5226 muros
2597 5172 2705 5225 veri
2741 5172 2991 5243 emptoris
3012 5182 3444 5242 posterorumque
3463 5176 3582 5244 ejus
3611 5173 3669 5227 in
3680 5189 3795 5244 per-

2214 5270 2425 5331 petuum
2453 5272 2501 5316 et
2525 5263 2713 5317 redimi
2739 5280 2840 5317 non
2860 5264 3050 5334 poterit
3068 5263 3122 5318 in
3135 5264 3360 5335 jubileo.
3379 5248 3701 5321 Dominatus
3717 5272 3794 5321 est

2215 5352 2359 5408 enim
2389 5352 2699 5410 Judzeorum
2722 5353 3038 5428 Synagogaa,
3064 5357 3156 5428 qui
3193 5364 3314 5413 eam
3342 5358 3477 5414 emit
3503 5358 3790 5415 inimibus:

2217 5458 2271 5504 et
2296 5449 2503 5519 posteri
2534 5449 2654 5521 ejus
2679 5450 2732 5505 in
2762 5459 3086 5521 perpetuum
3114 5452 3261 5507 omni
3279 5453 3533 5509 videlicet
3560 5465 3792 5526 praesen-

2579 5718 2592 5731 .
2675 5676 2719 5706 "'
2741 5674 2843 5730 lsa.
2875 5690 2986 5738 in,
3020 5675 3104 5730 13.
3202 5677 3247 5709 "
3269 5672 3460 5753 Matth.
3502 5694 3659 5746 sum,
3693 5680 3790 5749 57;
