3988 6222
290 319 426 388 1125

1421 325 1506 389 IN
1529 319 1970 390 LEVITICUM-
2005 356 2071 367 —
2092 327 2240 392 LIB.
2275 333 2408 396 VII.

3428 333 3563 408 1126

281 440 333 496 1i-
364 450 630 509 tempore.
663 433 788 495 liae
817 439 966 496 enim
1005 441 1312 512 appellatur
1339 457 1437 512 per
1465 443 1587 512 ejus
1618 451 1873 513 posteros
1903 451 1948 506 Α
1977 444 2183 500 Christi
2216 456 2300 501 est
2331 447 2666 518 mysterium,
2693 448 2858 520 hujus
2884 459 3015 522 ergo
3040 453 3157 521 agri
3177 453 3304 522 jure
3321 455 3565 510 venden-

287 531 378 586 ναι
429 532 832 598 generationes,
887 533 1032 602 quod
1093 532 1453 605 Septuaginta
1511 535 1700 601 edunt,
1741 535 1868 602 quia

285 623 578 697 presentis
649 625 908 694 temporis
957 632 1279 695 potestatem
1331 627 1494 680 habet
1527 635 1717 681 contra
1771 643 1866 681 eos

292 718 385 786 qui
415 718 824 787 conjunguntur
854 717 925 782 ei,
955 725 1008 772 et
1041 717 1227 771 redimi
1259 734 1368 772 non
1402 718 1598 787 poterit
1622 721 1785 773 etiam
1815 719 1869 772 in

288 808 516 878 jubileo,
549 809 662 864 sive
705 820 765 863 ut
797 811 1148 880 Septuaginta
1182 810 1238 863 in
1267 811 1610 874 remissione,
1642 827 1748 880 qua
1786 826 1870 864 re-

291 901 576 965 missione,
603 902 706 955 nisi
741 903 926 972 utique
962 903 1128 968 illam,
1153 919 1314 972 quam
1349 904 1430 958 eis
1464 904 1721 958 Dominus
1747 921 1872 959 eru-

288 996 484 1052 ciﬁxus
515 997 646 1051 dixit
679 1016 692 1052 :
723 995 903 1063 Pater,
931 999 1134 1050 dimitte
1157 997 1282 1058 illis,
1313 998 1438 1066 quia
1471 999 1704 1050 nesciunt
1746 997 1872 1068 quid

293 1087 500 1158 faciunt
527 1091 592 1141 ³⁵.
637 1089 744 1144 Sed
779 1098 1056 1158 peccatum
1090 1097 1508 1149 renovaverunt,
1535 1100 1656 1157 post
1685 1090 1870 1142 datum

295 1179 672 1234 remissionem
706 1181 955 1234 malitiosi
986 1180 1186 1245 eil‘ecti,
1220 1189 1276 1234 et
1309 1181 1584 1250 praeterito
1615 1196 1722 1234 non
1754 1180 1872 1234 sui-

295 1270 509 1326 ﬁciente
526 1281 769 1341 peccato,
795 1272 1122 1327 addiderunt
1147 1272 1249 1325 alia
1279 1274 1567 1336 deteriora,
1590 1287 1710 1340 quae
1728 1271 1872 1325 circa

294 1364 625 1433 sepulcrum,
655 1373 710 1418 et
735 1373 860 1432 post
885 1363 1367 1427 resurrectionem,
1387 1372 1442 1418 et
1472 1373 1594 1432 post
1624 1365 1675 1416 in
1705 1363 1872 1418 caelos

295 1453 674 1508 ascensionem
694 1461 879 1506 contra
905 1452 1082 1521 ipsum
1109 1452 1406 1515 Christum,
1437 1461 1491 1506 et
1521 1459 1711 1505 contra
1738 1451 1873 1505 eho-

293 1559 413 1600 rum
463 1555 829 1612 apostotorum
865 1552 1350 1611 prmsumpserunt.
1374 1541 1718 1596 Conﬁrmans
1745 1557 1874 1614 ergo

289 1650 356 1691 ea
387 1650 506 1704 quae
534 1651 682 1689 nunc
714 1650 743 1688 a
765 1634 922 1689 nobis
953 1634 1094 1688 dicta
1122 1643 1251 1688 sunt
1295 1633 1575 1699 Dominus,
1606 1645 1660 1689 et
1687 1644 1874 1688 osten-

293 1729 430 1784 dens
463 1729 587 1798 quia
624 1727 933 1782 Iudaeorum
953 1726 1168 1794 domos,
1200 1735 1256 1780 et
1277 1726 1578 1782 Jerusalem
1609 1727 1872 1796 templum

1974 547 2082 599 tur,
2116 540 2203 594 vel
2249 540 2430 596 adhuc
2474 557 2664 612 agrum
2713 544 3153 611 aestimabuntur,
3188 549 3314 617 quia
3346 550 3395 603 ei
3432 560 3565 606 sunt

1971 633 2253 703 proximae.
2282 648 2391 686 non
2423 632 2549 704 legi.
2577 632 2945 700 Quamobrem
2977 653 3194 707 semper
3220 641 3416 695 redimi
3439 657 3565 712 pos—

1973 734 2122 787 sunt,
2148 724 2234 778 vel
2263 726 2567 779 secundum
2601 725 2958 798 Septuaginta
2984 730 3229 787 liberatae
3257 749 3354 802 per
3380 737 3564 788 omnia

1973 824 2157 872 erunt.
2195 815 2275 871 Ex
2325 833 2433 887 quo
2467 833 2597 888 ergo
2633 819 2898 874 Dominus
2935 823 3106 887 venit,
3143 839 3315 893 usque
3357 826 3424 879 ad
3474 840 3564 880 se-

1973 910 2213 966 cundum
2246 911 2540 964 adventum
2567 913 2706 980 ejus,
2737 926 2835 981 per
2861 923 3044 981 parter
3069 924 3261 984 gentes
3283 917 3564 970 redimun-

1974 1010 2082 1065 tur,
2115 1010 2170 1054 et
2217 1016 2312 1070 per
2343 1001 2722 1055 remissionem
2763 1004 3023 1067 evadunt,
3059 1021 3222 1074 quam
3259 1006 3375 1075 ipse
3410 1008 3563 1062 omni

1974 1092 2158 1162 generi
2204 1093 2444 1146 humano
2480 1109 2576 1161 per
2607 1108 2825 1147 crucem
2862 1096 3173 1163 appellavit.
3206 1098 3348 1151 Crux
3385 1099 3560 1165 enim,

1975 1191 2059 1237 est
2088 1199 2215 1236 vera
2246 1183 2690 1237 remissio.Unde
2718 1193 2773 1237 et
2798 1185 2917 1252 ejus
2944 1185 3168 1254 ﬁguram
3200 1204 3395 1257 gerens
3424 1190 3569 1244 aries

1975 1274 2065 1344 qui
2099 1291 2195 1344 pro
2227 1277 2376 1330 Isaac
2422 1275 2473 1328 in
2519 1274 2839 1330 hoiocausto
2875 1277 3094 1332 oblatus
3129 1289 3234 1339 est.
3262 1283 3564 1334 secundum

1974 1367 2120 1437 quod
2148 1365 2506 1436 Septuaginta
2541 1368 2733 1428 edunt,
2773 1369 2827 1420 in
2863 1368 3088 1439 virgulto
3129 1367 3328 1423 Sabech
3371 1371 3568 1424 invert-

1975 1469 2066 1514 tus
2093 1469 2177 1514 est
2203 1460 2482 1529 religatus.
2517 1459 2727 1513 Sabech
2764 1468 2969 1522 autem,
3006 1461 3258 1515 remissio
3294 1462 3571 1532 interpre-

1976 1560 2145 1614 tatur,
2176 1553 2302 1621 quia
2350 1561 2592 1612 crucem,
2614 1568 2735 1622 quae
2759 1552 2862 1606 fuit
2886 1552 3227 1609 remissionis
3248 1554 3566 1626 virgultum,

1945 1644 2359 1715 'praaﬁgurabat
2390 1646 2492 1700 hoc
2532 1645 2675 1714 quod
2718 1655 2845 1698 tunc
2876 1655 3092 1714 gestum
3138 1655 3242 1700 est.
3276 1645 3414 1716 Ergo
3447 1657 3574 1701 tan-

1977 1750 2140 1804 quam
2191 1735 2465 1789 Abraham
2523 1735 2578 1788 in
2634 1734 2804 1805 ﬁgura
2858 1735 3002 1789 diem
3054 1737 3234 1790 crucis
3284 1747 3571 1802 cernente,

293 1829 466 1877 totum
502 1819 796 1874 adversarii
827 1818 1030 1873 factum
1060 1827 1164 1879 est,
1198 1829 1250 1872 et
1273 1828 1480 1888 partem
1508 1819 1652 1888 apud
1685 1819 1870 1872 Domi-
1905 1808 1942 1859 Β
1973 1826 2226 1880 Christus
2256 1826 2428 1880 dixit:
2467 1826 2738 1878 Abraham
2764 1826 3068 1892 exsultauit,
3100 1837 3156 1880 ut
3185 1829 3384 1882 videret
3425 1831 3569 1883 diem

292 1927 424 1967 num
447 1911 646 1966 habere
669 1910 780 1981 jam
811 1925 918 1963 non
938 1919 1138 1979 poteSt,
1171 1909 1296 1978 quia
1323 1910 1743 1980 evangelizatam
1761 1925 1871 1964 non

293 2010 651 2073 susceperunt
707 2001 1160 2071 redemptionem,
1206 2001 1442 2057 dicens:
1478 2000 1692 2067 Quoties
1734 2003 1875 2058 uolui

292 2111 607 2167 congregare
625 2110 733 2157 vos,
763 2094 1202 2164 quemadmodum
1223 2093 1424 2165 gallina
1449 2106 1726 2167 congregat
1756 2095 1877 2164 pul-

293 2189 370 2243 los
397 2205 518 2242 suos
546 2187 640 2241 sub
664 2185 782 2241 alas
815 2202 939 2240 suas
983 2193 1051 2250 ,et
1075 2184 1315 2240 noluistis
1345 2188 1371 2239 ?
1399 2187 1550 2242 addit
1582 2205 1596 2242 :
1629 2187 1762 2242 Ecce
1783 2204 1870 2242 re-

294 2279 560 2350 linquetur
592 2277 735 2332 vobis
776 2277 960 2330 domus
988 2285 1160 2330 vestra
1205 2281 1408 2330 deserta
1439 2277 1476 2328 ¹.
1510 2275 1876 2343 Quemadmo-

293 2369 423 2425 dum
462 2385 591 2440 ergo
646 2383 710 2422 ea
758 2384 878 2437 quae
924 2369 991 2422 de
1011 2367 1252 2423 Judaicis
1295 2367 1589 2439 Synagogis
1631 2369 1879 2439 praedixit.

295 2459 555 2532 Spiritus,
597 2461 676 2515 sic
697 2459 915 2514 intende
936 2476 1056 2529 quae
1075 2460 1329 2514 Ecclesiae
1354 2461 1596 2532 gentium
1630 2461 1784 2516 dicit.

368 2553 466 2610 Sin
503 2564 683 2608 autem
731 2555 785 2607 in
825 2554 952 2607 villa
984 2555 1142 2625 fuerit
1186 2555 1395 2618 domus,
1427 2571 1544 2626 qua:
1570 2572 1748 2609 muros
1775 2572 1878 2609 non

295 2646 470 2710 habet,
505 2662 754 2714 agrorum
778 2645 905 2714 jure
931 2645 1202 2699 vendetur.
1236 2644 1298 2700 Si
1326 2655 1446 2699 ante
1469 2647 1740 2716 redempta
1775 2661 1879 2700 non

297 2738 456 2809 fuerit
483 2737 539 2790 in
558 2736 785 2806 jubileo,
814 2745 1100 2790 revertetur
1126 2738 1196 2790 ad
1223 2735 1525 2790 Dominum.
1560 2738 1760 2792 Domos
1787 2753 1878 2793 er-

298 2844 366 2900 go
415 2844 537 2899 qua:
581 2829 636 2882 in
686 2828 810 2881 vilia
864 2836 1012 2893 sunt,
1046 2828 1191 2897 quod
1225 2827 1478 2883 Ecclesiae
1507 2831 1751 2899 gentium
1782 2831 1880 2884 de-

297 2921 464 2977 beant
508 2920 774 2992 intelligi,
810 2920 979 2974 lsaias
1025 2921 1185 2975 nobis
1217 2922 1487 2992 prOpheta
1519 2920 1877 2989 demonstrat,

298 3011 511 3079 Lauda,
539 3013 760 3078 sterilis,
797 3029 913 3083 quae
959 3029 1063 3066 non
1095 3013 1262 3082 paris,
1294 3013 1519 3066 decanta
1551 3013 1762 3067 laudem
1784 3054 1799 3080 ,
1833 3019 1882 3067 et

296 3107 464 3174 hinni,
490 3123 606 3171 qua
635 3123 737 3160 non
769 3106 1034 3174 pariebas,
1057 3111 1316 3176 quomodo
1345 3106 1525 3160 multae
1551 3105 1677 3175 ﬁlia:
1703 3107 1884 3159 deser-
1909 3147 1954 3204 ο

299 3212 398 3263 ιω,
427 3201 597 3270 magis
627 3215 789 3270 quam
819 3201 933 3268 ejus
965 3215 1090 3268 quae,
1107 3199 1259 3252 habet
1294 3199 1494 3265 virum,
1537 3199 1664 3252 dicit
1697 3197 1883 3251 Domi-

299 3310 396 3348 nus
416 3293 436 3323 ’
471 3309 485 3345 :
513 3290 646 3356 Qua:
676 3299 763 3344 est
789 3299 973 3344 autem
1001 3289 1201 3344 sterilis
1231 3299 1286 3344 et
1318 3290 1536 3345 deserta
1566 3299 1618 3344 et
1642 3305 1752 3344 non
1785 3306 1883 3360 pa-

299 3385 472 3452 riens,
504 3382 611 3438 nisi
648 3382 890 3454 gentium
922 3367 1201 3437 EccleSia?
1234 3381 1366 3448 Quae
1401 3398 1512 3437 non
1537 3383 1884 3439 Patriarclias

298 3476 510 3542 habuit,
543 3491 655 3530 non
704 3475 899 3545 legem,
949 3490 1063 3528 non
1108 3475 1444 3544 prophetas,
1474 3475 1620 3530 unde
1663 3484 1718 3530 et
1765 3475 1884 3530 sine

299 3582 460 3622 muro
492 3576 642 3622 recte
673 3567 1012 3620 nominatur.
1047 3564 1202 3620 Unde
1231 3581 1362 3636 ergo
1387 3565 1520 3635 quid
1553 3575 1608 3619 et
1636 3565 1784 3619 aliud
1817 3565 1886 3620 de

301 3659 420 3730 ipsa
445 3659 734 3730 prophetia
770 3658 1054 3712 subdidit:
1092 3657 1239 3711 Dixit
1284 3659 1422 3712 enim
1453 3659 1708 3712 Dominus
1741 3673 1758 3711 :
1786 3657 1885 3710 Di-

300 3751 415 3806 lata
449 3751 619 3805 locum
654 3751 866 3804 tentorii
907 3752 1017 3816 tui,
1063 3761 1112 3804 et
1143 3751 1395 3804 aularum
1425 3751 1673 3804 tuarum'
1709 3767 1722 3803 :
1757 3766 1885 3821 ergo

299 3859 423 3915 qua:
448 3844 505 3898 in
532 3843 696 3909 villis,
728 3843 847 3898 sive
874 3851 933 3898 ut
961 3842 1339 3914 Septuaginta,
1376 3842 1432 3896 in
1460 3843 1601 3898 auiis
1633 3851 1763 3898 sunt
1789 3843 1888 3897 do-

301 3952 430 3993 mus
467 3939 731 4008 gentium,
769 3935 1027 3991 Ecclesia:
1060 3936 1464 4005 intelliguntur.
1507 3935 1663 4002 Quod
1706 3936 1890 3992 adhuc

301 4030 520 4101 planius
553 4030 606 4083 in
647 4029 1050 4099 posterioribus
1072 4030 1325 4098 ejusdem
1355 4030 1661 4099 prephetia:
1696 4038 1888 4084 osten-

301 4121 471 4176 ditur.
508 4120 659 4190 Euge
704 4135 812 4174 non
849 4135 1062 4190 parcas,
1091 4121 1325 4176 extende
1352 4121 1512 4175 funes
1543 4129 1685 4190 tuos,
1713 4130 1765 4176 et
1794 4137 1891 4191 pa-

305 4214 464 4270 xillos
505 4221 630 4268 tuos
659 4212 928 4278 conforta,
960 4213 1141 4268 adhuc
1183 4214 1254 4268 ad
1305 4214 1610 4281 dexteram,
1643 4223 1700 4270 et
1749 4215 1890 4271 sini-

303 4314 474 4361 stram
503 4306 771 4370 extende,
806 4314 861 4360 et
892 4320 1080 4360 semen
1114 4313 1269 4359 tuum
1299 4315 1489 4376 gentes
1522 4305 1888 4374 haereditabit,

302 4409 363 4455 et
395 4399 642 4454 civitates
672 4400 918 4453 desertas
951 4397 1298 4453 inhabitabit.
1335 4399 1474 4454 Ecce
1514 4399 1765 4456 civitates
1794 4401 1891 4456 de-

305 4500 500 4552 sertas,
535 4491 655 4545 sine
685 4505 844 4544 muro
877 4489 1152 4557 videlicet,
1188 4504 1280 4544 eas
1314 4505 1435 4559 quae
1463 4499 1592 4544 sunt
1621 4491 1885 4562 gentium,
1921 4526 1964 4581 ο

306 4585 625 4654 appellavit.
652 4582 843 4653 Neque
891 4582 1041 4637 enim
1091 4582 1367 4638 habebant
1401 4583 1534 4654 legis
1562 4592 1891 4650 murum,-et

308 4677 539 4732 deserta:
567 4684 744 4741 erant,
783 4691 940 4730 error
970 4675 1052 4730 eis
1085 4674 1374 4740 dolorum,
1420 4690 1653 4745 quorum
1698 4677 1896 4733 domus

307 4771 365 4826 in
391 4770 555 4835 villis,
588 4786 727 4840 quas
760 4769 1123 4840 Septuaginta
1166 4769 1222 4822 in
1267 4769 1409 4823 aulis
1451 4768 1732 4838 dixerunt,
1759 4784 1897 4840 quas

306 4877 434 4918 esse
461 4862 733 4917 Ecclesias
771 4863 1011 4916 diximus
1035 4881 1047 4915 :

380 4948 640 5020 Agrorum
676 4949 806 5018 jure
843 4951 1150 5005 vendentur.
1182 4948 1281 5006 Vel
1325 4949 1627 5006 secundum
1661 4953 1894 5025 Septua-

306 5040 459 5111 ginta
491 5059 505 5094 :
535 5043 618 5095 Ad
646 5058 837 5112 agrum
871 5052 1027 5096 terra:
1054 5044 1483 5100 estimabuntur.
1518 5045 1690 5114 Cujus
1736 5047 1894 5117 agri?

308 5130 462 5188 Illius
485 5134 694 5204 utique,
714 5150 878 5204 quem
903 5135 1162 5191 Dominus
1179 5137 1349 5192 dicit:
1371 5137 1558 5193 Simile
1579 5148 1654 5193 est
1675 5155 1893 5210 regnum

309 5223 555 5280 calorum
583 5227 828 5280 thesauro
853 5227 1158 5282 abscondito
1187 5229 1244 5282 in
1272 5247 1423 5301 agro,
1441 5243 1590 5298 quem
1627 5232 1716 5302 qui
1751 5233 1896 5286 inve-

311 5316 392 5368 nit
424 5315 576 5369 homo
610 5317 880 5370 abscondit
907 5332 1024 5370 eum
1067 5333 1177 5386 pra:
1205 5317 1401 5386 gaudio
1448 5333 1466 5371 :
1501 5317 1640 5370 alius
1669 5317 1820 5381 abiit,
1848 5326 1899 5371 et

307 5409 543 5464 uendidit
579 5410 780 5475 omnia,
807 5426 924 5480 qure
954 5409 1158 5474 habuit,
1185 5419 1232 5464 et
1277 5411 1402 5465 emit
1444 5427 1630 5482 agrum
1675 5411 1826 5465 illum
1847 5409 1892 5463 ‘.

314 5496 461 5557 Dicit
491 5511 674 5558 autem
705 5517 918 5573 agrum,
959 5501 1311 5573 Evangelium
1337 5546 1350 5568 ,
1383 5502 1437 5555 in
1468 5517 1576 5571 quo
1604 5503 1896 5558 thesaurus

391 5731 438 5763 ”
475 5731 606 5785 Luc.
633 5743 788 5794 mn,
818 5730 907 5784 5b.
987 5728 1002 5760 '
1032 5725 1220 5779 Matth.
1253 5743 1410 5786 xviii,
1435 5726 1524 5787 57,
1556 5726 1645 5783 58.

328 5797 418 5858 56.
492 5804 511 5834 δ
537 5800 692 5857 Num.
733 5815 884 5866 xvm,
918 5799 970 5854 6.
1046 5799 1063 5828 ⁷
1094 5795 1284 5849 Matth.
1318 5812 1427 5864 xu,
1459 5797 1549 5854 27.

1725 5726 1744 5757 ¹
1768 5724 1869 5781 lsa.
1897 5742 2004 5793 ων,
2039 5725 2087 5778 1.

1975 1933 2172 1983 meum,
2202 1926 2250 1970 et
2279 1917 2430 1980 vidit,
2457 1927 2504 1971 et
2525 1918 2735 1987 gavisus
2765 1928 2838 1971 est
2863 1919 2906 1972 ³.
2925 1917 3082 1984 Quod
3119 1935 3250 1990 ergo
3277 1929 3397 1974 erat
3423 1937 3570 1990 pra:—

1976 2009 2138 2065 dictis
2181 2010 2250 2064 de
2293 2007 2518 2064 Iudaica
2553 2009 2716 2062 domo
2745 2011 3100 2074 contrarium,
3136 2011 3260 2066 vide
3290 2013 3572 2081 quomodo

1977 2097 2287 2168 praevidens
2319 2096 2594 2167 legislator
2624 2097 2810 2158 solvit,
2843 2097 2970 2166 quia
3001 2099 3148 2150 enim
3187 2106 3311 2168 post
3336 2113 3563 2161 annum,

1976 2190 2033 2245 in
2078 2205 2186 2260 quo
2229 2187 2486 2243 Christus
2514 2190 2568 2242 in
2598 2203 2764 2242 carne
2806 2203 3050 2258 praesens
3078 2189 3343 2243 liberabat
3373 2190 3568 2245 huma-

1976 2297 2108 2336 num
2145 2296 2352 2352 genus,
2385 2280 2594 2350 integre
2624 2279 2936 2334 Judteorum
2974 2279 3269 2352 Synagogte
3304 2296 3402 2350 per
3429 2297 3560 2352 apo.

1979 2371 2231 2426 'stolicam
2263 2371 2567 2425 doctrinam
2595 2370 2838 2424 liberata:
2869 2381 3018 2434 sunt,
3041 2385 3192 2425 nunc
3221 2371 3438 2440 quidem
3467 2371 3566 2428 tria

1977 2464 2166 2530 millia,
2202 2479 2350 2517 nunc
2382 2473 2563 2517 autem
2589 2463 2829 2533 quinque
2855 2463 3043 2527 millia,
3068 2479 3370 2534 rursusque
3396 2465 3575 2520 multo-

1978 2557 2162 2628 plures
2191 2572 2354 2626 quam
2388 2556 2519 2610 dicti
2565 2565 2726 2619 sunt,
2762 2571 2832 2610 ne
2877 2557 3001 2626 quis
3038 2557 3143 2611 hoc
3174 2557 3454 2628 ignorasse
3487 2557 3567 2614 le-

1979 2653 2292 2725 gislatorem
2325 2653 2705 2718 arbitraretur,
2731 2653 2877 2717 vide,
2908 2652 3367 2721 quemadmodum
3387 2662 3444 2707 et
3465 2654 3573 2709 hoc

1981 2745 2254 2815 sapientia
2286 2745 2548 2814 spiritalis
2578 2745 2998 2798 demonstravit.

2049 2834 2212 2889 «Edes
2239 2833 2566 2900 Levitarum,
2605 2835 2695 2904 qui
2732 2835 2788 2887 in
2815 2834 3030 2888 urbibus
3061 2843 3183 2888 sunt
3210 2851 3416 2905 semper
3447 2853 3573 2907 pos-

1979 2935 2102 2981 sunt
2142 2926 2353 2990 redimi,
2385 2927 2430 2980 si
2456 2925 2726 2995 redempta
2764 2942 2868 2979 non
2898 2928 3127 2996 fuerint,
3164 2929 3220 2980 in
3243 2929 3448 2997 jubileo
3480 2938 3570 2984 re-

1983 3026 2250 3071 vertentur
2287 3017 2359 3071 ad
2414 3017 2672 3080 dominos,
2706 3017 2831 3084 quia
2877 3017 3061 3071 domus
3105 3019 3314 3072 urbium
3354 3020 3576 3075 Levita-

1986 3125 2106 3162 rum
2138 3124 2234 3177 pro
2262 3108 2676 3178 possessionibus
2719 3119 2840 3160 sunt
2884 3108 3022 3162 inter
3061 3109 3198 3179 filios
3228 3111 3415 3166 Israel.
3448 3111 3570 3169 Non

1985 3201 2187 3256 frustra
2221 3198 2438 3255 Levitas
2464 3198 2734 3268 quispiam
2779 3199 2926 3254 dicat
2957 3201 3235 3269 apostolos
3283 3202 3570 3273 appellari,

1984 3293 2079 3348 sed
2119 3293 2244 3361 quia
2275 3291 2343 3347 de
2378 3291 2582 3345 Levitis
2611 3291 2819 3346 dictum
2847 3300 2931 3346 est
2960 3311 2974 3348 :
3009 3293 3076 3347 In
3111 3304 3252 3348 terra
3276 3311 3456 3350 eorum
3483 3298 3573 3351 ni-

1984 3385 2060 3440 hil
2081 3385 2384 3453 possidebis,
2413 3401 2505 3438 nec
2534 3384 2743 3439 habebis
2774 3396 2980 3452 partem
3014 3387 3151 3440 inter
3177 3405 3280 3443 eos.
3319 3389 3428 3460 Ego
3447 3407 3578 3459 pars

1986 3485 2034 3530 et
2067 3477 2350 3532 hazreditas
2379 3485 2493 3541 tua,
2533 3477 2588 3528 in
2615 3478 2785 3529 medio
2811 3477 3044 3546 ﬁliorum
3071 3479 3297 3534 Israel“.
3332 3481 3448 3537 Hoc
3471 3499 3574 3536 au-

1986 3574 2097 3621 tem
2132 3566 2188 3619 in
2235 3565 2502 3635 apostolis
2554 3565 2774 3635 proprie
2825 3566 3108 3636 impletum
3158 3577 3262 3628 est.
3293 3570 3384 3638 qui
3421 3571 3577 3626 dice-

1986 3657 2125 3712 bant
2153 3655 2513 3722 conﬁdcnter,
2561 3656 2627 3710 ad
2667 3656 2954 3711 Dominum
2989 3675 3001 3710 :
3039 3656 3171 3712 Ecce
3218 3675 3310 3711 nos
3353 3660 3574 3728 reliqui-

1991 3764 2106 3802 mus
2139 3747 2340 3812 omnia,
2375 3755 2422 3799 et
2459 3747 2628 3798 secuti
2655 3762 2836 3800 sumus
2870 3756 2919 3799 te
2941 3789 2954 3810 ,
2993 3748 3121 3815 quid
3155 3757 3310 3813 putas
3348 3751 3446 3801 erit
3479 3766 3575 3802 no-

1992 3840 2145 3894 bis"!
2173 3839 2375 3893 Horum
2406 3854 2537 3908 ergo
2575 3839 2738 3904 mdes,
2772 3855 2894 3908 qum
2928 3839 2982 3892 in
3014 3840 3247 3894 urbibus
3273 3849 3420 3905 sunt,
3459 3842 3576 3896 sive

1991 3931 2290 3987 secundum
2317 3929 2695 4000 Septuaginta,
2713 3931 2891 3982 domos
2917 3931 3209 3992 civitatum,
3231 3945 3420 3984 eorum
3447 3947 3575 4002 pos-

1993 4023 2292 4082 sessiones,
2323 4029 2592 4090 quotquot
2622 4034 2718 4074 eos
2753 4019 2927 4074 secuti
2967 4030 3096 4074 sunt
3128 4021 3232 4075 ﬁde
3263 4033 3317 4075 et
3345 4039 3577 4078 conver-

1992 4114 2228 4176 satione,
2262 4111 2488 4168 Judaica
2543 4110 2768 4181 collegia
2826 4120 2972 4165 recte
3027 4111 3424 4182 intelliguntur,
3453 4115 3580 4184 Quia

1991 4207 2146 4278 prius
2173 4214 2398 4276 propter
2427 4219 2522 4259 eos
2552 4203 2652 4268 ire,
2689 4212 2750 4258 ut
2793 4203 2859 4257 ad
2892 4218 3024 4258 oves
3063 4219 3184 4274 quas
3233 4204 3452 4260 fuerant
3481 4221 3579 4276 per

1983 4300 2150 4379 dictae
2179 4300 2375 4354 domus
2405 4297 2594 4363 Israel,
2625 4311 2656 4351 a
2701 4295 2922 4352 Christo
2968 4295 3108 4365 jussi
3147 4304 3295 4350 sunt.
3333 4297 3476 4368 Ergo
3511 4298 3580 4353 ad

1993 4401 2198 4450 sortem
2234 4407 2424 4448 eorum
2455 4391 2807 4462 pertinebant
2835 4388 2937 4455 illi,
2962 4398 3126 4458 atque
3152 4391 3576 4459 possessionem,

1994 4501 2322 4558 semperque
2354 4492 2608 4555 poterant
2637 4481 2854 4546 redimi,
2880 4489 2935 4534 et
2967 4480 3070 4534 hoc
3092 4481 3316 4534 historia
3345 4481 3583 4536 Actuum

1993 4579 2367 4650 apostolorum
2399 4573 2794 4633 demonstravit
2831 4592 2842 4627 :
2875 4572 3043 4627 multa
3083 4573 3231 4628 enim
3262 4572 3579 4630 Iudaeorum

1993 4686 2093 4742 per
2139 4670 2419 4741 apostolos
2462 4668 2532 4724 ab
2554 4682 2742 4722 errore
2775 4664 2885 4720 dixi
2920 4664 3146 4719 liberata
3183 4667 3430 4737 collegia.
3461 4666 3582 4722 Non

1993 4764 2125 4819 solis
2161 4773 2343 4818 autem
2390 4762 2549 4817 licuit
2600 4759 2861 4830 apostolis
2892 4755 3034 4813 hanc
3064 4771 3329 4832 peragere
3364 4763 3584 4818 redem-

1994 4856 2263 4926 ptionem,
2300 4853 2394 4909 sed
2429 4861 2483 4908 et
2513 4850 2795 4921 discipulis
2835 4863 3046 4905 eorum.
3076 4851 3183 4907 Sed
3221 4861 3401 4908 tamen
3442 4855 3585 4908 hanc

1998 4947 2300 5002 secundum
2348 4947 2566 5001 illorum
2605 4944 2889 5014 oportebat
2936 4943 3073 4998 eiﬁei
3115 4946 3420 5003 doctrinam
3452 4986 3467 5012 ,
3525 4955 3590 5002 ut.

1999 5040 2104 5095 illis
2147 5039 2513 5110 imputaretur
2555 5038 2646 5108 qui
2687 5037 2969 5092 exordium
3021 5037 3162 5093 facto
3212 5041 3584 5110 praebuerunt,

2001 5133 2094 5203 qui
2145 5142 2452 5204 posuerunt
2493 5133 2766 5204 dogmata,
2804 5131 3079 5201 quomodo
3131 5131 3204 5195 hi,
3239 5133 3331 5201 qui
3379 5132 3433 5186 in
3471 5132 3584 5188 cir-

2001 5225 2341 5281 eumcisione
2396 5233 2554 5279 erant
2600 5221 2798 5276 salvari
2850 5229 2906 5276 et
2954 5221 3172 5276 liberari
3230 5222 3458 5290 possint.
3519 5222 3590 5279 Et

2003 5329 2294 5390 propterea
2335 5317 2634 5373 secundum
2665 5315 3021 5386 Septuaginta
3051 5315 3127 5369 ait
3161 5334 3173 5368 :
3206 5314 3274 5368 Et
3297 5316 3593 5389 quicunque

2005 5414 2262 5466 rediment
2287 5428 2319 5464 a
2348 5411 2560 5473 Levitis,
2595 5409 2646 5462 id
2677 5416 2777 5472 est,
2820 5407 2888 5462 ab
2922 5407 3026 5460 illis
3059 5406 3334 5476 accipiens
3365 5408 3590 5462 modum

2003 5501 2297 5557 liberandi.
2346 5500 2465 5555 Non
2515 5498 2662 5554 enim
2713 5513 2742 5551 a
2799 5497 3002 5552 Levitis
3051 5497 3389 5564 liberantur,
3435 5497 3590 5569 quasi

2168 5724 2189 5757 ³
2223 5724 2350 5780 ibid.
2390 5723 2444 5777 2.
2523 5722 2543 5753 ⁸
2565 5720 2757 5778 Matth.
2795 5738 2916 5787 xm,
2946 5721 3034 5790 44,
3066 5699 3166 5776 45.
3234 5722 3256 5754 ⁸
3286 5720 3439 5777 Joan.
3473 5735 3594 5790 vm,
