3962 6220
423 290 556 356 1127

1603 282 1975 367 HESYCHII
2022 280 2501 355 PRESBYTERI

3555 276 3685 344 1128

418 406 560 478 ipsis
603 400 1046 474 possidentibus,
1084 408 1139 454 et
1188 406 1474 469 propterea
1511 395 1871 468 Symmachus
1890 435 1905 461 ,
1949 406 2007 452 et
2035 407 2079 460 Α
2108 397 2177 451 ab
2205 412 2293 461 eo,
2322 411 2424 451 nec
2445 395 2682 465 amplius
2702 409 2865 465 quam
2893 395 3283 452 dedisti.’l‘ime
3317 394 3488 451 Deum
3515 407 3692 465 tuum,

418 498 635 568 Aquila,
681 494 998 564 quicunque
1036 490 1213 546 afﬁnis
1260 499 1344 546 est
1389 490 1459 545 de
1502 489 1739 555 Levitis,
1792 490 1999 545 dicunt.

419 586 743 655 Quicunque
775 598 905 653 ergo
930 583 1040 637 illis
1068 581 1264 637 similia
1291 581 1471 646 docet,
1504 590 1559 635 et
1587 580 1816 635 redimet
1844 595 2007 650 quas-

419 678 546 732 dam
573 675 789 739 domos,
813 676 901 731 vel
930 675 976 730 si
1006 674 1062 728 in
1090 673 1407 729 civitatibus
1436 672 1681 728 Judaicis
1710 673 1840 737 sint,
1869 673 2007 727 exiit

418 769 721 824 secundum
746 767 1100 838 Septuaginta
1128 765 1392 829 venditio,
1418 765 1467 819 id
1496 774 1598 831 est,
1628 764 2007 820 liberabuntur

420 859 475 914 in
507 858 830 914 remissione
854 857 978 913 ﬁdei
1007 857 1208 922 crucis,
1243 867 1298 912 et
1323 871 1599 912 concessa:
1632 871 1729 927 per
1760 871 1879 911 eam
1912 871 2006 912 ve-

419 948 548 1004 niae.
579 948 736 1015 Quod
764 958 951 1004 nostra
981 948 1151 1002 editio
1177 948 1366 1002 habet.

492 1039 556 1097 Si
586 1042 869 1110 redempta:
902 1056 1005 1092 non
1037 1041 1256 1110 fuerint,
1282 1040 1337 1093 iu
1359 1039 1563 1109 jubileo
1588 1048 1911 1094 revertentur
1938 1042 2009 1094 ad

421 1135 679 1189 dominos.
711 1133 892 1200 Quare
939 1141 1121 1187 autem
1173 1132 1378 1187 dictum
1418 1141 1522 1196 est,
1572 1133 1838 1202 sequitur.
1872 1122 2010 1198 Quia

422 1230 608 1281 domus
633 1227 839 1280 urbium
868 1224 1171 1279 Levitarum
1201 1241 1296 1294 pro
1325 1224 1735 1295 possessionibus
1773 1235 1895 1279 sunt
1934 1227 2014 1278 in-

428 1329 507 1373 ter
535 1318 673 1388 ﬁlios
707 1316 899 1371 Israel.
930 1317 987 1371 ld
1019 1325 1122 1378 est,
1155 1325 1376 1386 prepter
1403 1317 1775 1387 apostolorum
1808 1332 2011 1388 cogna-

431 1412 660 1477 tionem,
695 1409 1116 1480 intelligibilium
1170 1409 1317 1462 enim
1369 1407 1704 1474 Levitarum,
1734 1410 2011 1480 apostolo-

424 1518 549 1556 rum
585 1501 862 1571 possessio
912 1500 966 1553 in
1011 1500 1195 1554 medio
1226 1497 1461 1553 filiorum
1504 1498 1668 1553 lsrael
1698 1509 1834 1565 erat,
1873 1500 2015 1555 sicut

423 1593 802 1664 cognovimus,
822 1592 948 1658 quia
980 1590 1175 1646 Petrus
1205 1599 1259 1646 et
1285 1590 1527 1646 Joannes
1558 1600 1763 1646 sortem
1793 1602 2014 1661 aposto-

2107 500 2167 544 ut
2190 490 2372 544 vivere
2399 488 2576 559 possit
2609 488 2777 541 frater
2804 496 2931 543 tuus
2964 487 3109 557 apud
3144 486 3524 542 te.Pecnniam
3544 497 3694 544 tuam

2108 598 2215 636 non
2244 581 2401 637 dabis
2439 581 2490 635 ei
2515 579 2582 635 ad
2625 594 2868 644 usuram,
2903 588 2958 633 et
2983 578 3198 651 frugum
3238 581 3694 650 superabundan-

2109 676 2240 730 tiam
2284 690 2394 729 non
2439 676 2643 745 exiges.
2676 674 2792 742 Ego
2840 674 3108 728 Dominus
3157 674 3303 730 Deus
3347 685 3550 739 vester,
3598 676 3695 745 qui

2108 766 2271 820 eduxi
2305 780 2400 821 vos
2436 765 2506 820 de
2545 774 2688 819 terra
2715 764 2927 836 Egypti
2948 756 3062 830 ,‘ut
3086 765 3274 820 darem
3305 766 3461 823 vobis
3496 776 3694 822 terram

2107 858 2368 914 Chanaan
2398 875 2411 911 :
2450 870 2506 913 et
2534 873 2709 914 essem
2735 866 2918 912 vester
2940 858 3104 915 Deus.
3137 878 3157 913 ι

2178 971 2239 1026 In
2271 973 2528 1041 praesenti
2558 973 2675 1044 lege
2705 974 2816 1028 duo
2843 983 2975 1027 sunt
2998 990 3167 1051 ,‘qute
3197 973 3389 1029 mirari
3416 974 3696 1045 legislato-

2111 1077 2226 1117 rem
2254 1073 2491 1134 oportet,
2528 1065 2583 1119 id
2616 1074 2700 1120 est
2726 1105 2740 1129 ,
2774 1066 3042 1135 sapientia
3093 1074 3148 1122 et
3185 1068 3379 1137 pietas.
3417 1068 3697 1138 Sapientia

2110 1155 2356 1225 quidem,
2380 1158 2507 1227 quia
2535 1173 2656 1228 qua:
2685 1170 2816 1213 sunt
2840 1159 3116 1221 sublimia,
3141 1175 3238 1229 per
3266 1175 3330 1213 ea
3359 1176 3481 1230 qua:
3500 1161 3698 1216 viden-

2113 1257 2203 1302 tur
2234 1247 2485 1312 humilia,
2520 1249 2766 1319 exponit.
2801 1248 2981 1305 Pietas
3006 1259 3214 1316 autem,
3243 1266 3365 1321 quae
3397 1261 3485 1307 est
3510 1251 3567 1305 in
3597 1267 3696 1306 cu-

2111 1338 2286 1393 stodia
2316 1337 2542 1402 litteras,
2580 1348 2637 1394 et
2670 1340 3149 1410 contemplationis
3185 1341 3463 1411 spiritalis.
3493 1341 3696 1397 Littera

2112 1426 2404 1497 siquidem,
2442 1428 2701 1499 pauperis
2738 1429 2906 1501 exigit
2934 1430 3387 1498 subventionem,
3425 1438 3481 1486 et
3519 1447 3699 1501 neque

2113 1519 2293 1574 claudi
2324 1535 2450 1591 erga
2482 1534 2609 1575 eum
2637 1520 2847 1575 viscera
2881 1524 3091 1590 petenti
3137 1531 3421 1585 mutuum,
3457 1537 3560 1578 nec
3605 1537 3699 1577 ne-

2113 1612 2306 1682 gotiari
2333 1613 2402 1668 de
2430 1623 2751 1684 paupertate
2797 1615 2951 1684 ejus,
2987 1615 3543 1684 superabundantiam
3585 1615 3702 1671 exi-

422 1682 565 1736 ¹³ί¹¹⁸
590 1682 643 1735 ίη
671 1680 1063 1794 Ρταξάίξθίξοηξθ
1100 1695 1313 1794 gyrum,
1336 1680 1439 1794 βυί
1472 1694 1537 1734 ex
1565 1681 2006 1794 (ξίξίξυωθίδίοηξεν
2041 1734 2086 1794 Β
2115 1680 2311 1775 gendo,
2345 1714 2402 1760 et
2428 1680 2649 1761 usuram
2681 1680 3137 1776 perci'piendo,-et
3162 1706 3371 1761 lucrum
3397 1708 3467 1762 de
3496 1716 3699 1777 pietate

422 1779 809 1842 perceperunt.
846 1769 953 1826 Sed
995 1778 1051 1825 et
1083 1771 1192 1825 alio
1239 1770 1403 1827 modo
1440 1770 1703 1841 apostolis
1732 1771 2007 1841 possessio

422 1862 480 1916 in
501 1852 679 1917 medio
709 1861 945 1917 filiorum
975 1862 1139 1917 Israel
1171 1871 1310 1920 erat.
1341 1862 1833 1918 CircumcisiOnem
1860 1863 2007 1918 enim

422 1954 702 2011 habebant
739 1962 795 2010 et
825 1955 950 2025 ipsi,
973 1964 1028 2010 et
1058 1954 1362 2011 secundum
1387 1955 1561 2027 legem
1595 1954 1759 2011 lsrael
1791 1958 2010 2026 semper

423 2042 695 2098 vixerant.
733 2042 966 2114 PrOpter
990 2045 1138 2114 quod
1170 2053 1436 2100 eteorum
1468 2053 1625 2099 erant
1656 2046 1788 2116 ipsae
1812 2046 2009 2101 domus

423 2133 709 2190 civitatum
742 2154 754 2189 :
788 2136 857 2191 ab
888 2137 1022 2207 ipsis
1052 2138 1202 2192 enim
1228 2146 1388 2193 erant
1414 2137 1676 2202 liberatae,
1695 2144 1750 2193 et
1776 2139 2008 2209 quicun-

424 2242 535 2293 que
563 2226 754 2282 salvati
786 2236 937 2294 sunt,
975 2244 1075 2299 per
1127 2243 1223 2284 eos
1269 2228 1465 2284 salvati
1491 2220 1640 2283 sunt.
1675 2229 1892 2285 Etcum
1922 2231 2009 2284 in-

424 2319 575 2392 digni
602 2330 789 2375 essent
817 2329 1042 2392 propter
1065 2321 1486 2393 blasphemiam,
1522 2336 1685 2391 quam
1715 2322 2009 2378 commise-

424 2423 557 2469 runt
590 2414 647 2468 in
680 2428 920 2479 crucem,
957 2422 1014 2468 et
1056 2429 1221 2483 quam
1264 2429 1457 2468 rursus
1487 2421 1612 2483 post
1650 2414 2011 2471 resurrectio-

427 2521 552 2563 nem
599 2515 1090 2577 prresumpserunt,
1120 2506 1333 2561 honore
1384 2516 1566 2561 tamen
1613 2506 2009 2577 apostolorum,

424 2598 519 2667 qui
568 2608 624 2654 et
668 2606 796 2653 ante
838 2612 1057 2653 crucem
1101 2597 1495 2665 crediderunt,
1529 2606 1585 2653 et
1618 2597 1674 2652 in
1706 2614 1890 2665 cruce,
1926 2601 2012 2656 vel

424 2689 591 2743 etiam
625 2697 748 2758 post
779 2702 997 2743 crucem
1039 2696 1493 2757 permanserunt,
1524 2686 1580 2741 in
1624 2688 1729 2746 fide
1771 2691 2013 2761 suscepti

425 2792 574 2839 sunt.
609 2783 678 2838 Et
705 2782 833 2854 quia
881 2784 988 2838 hoc
1016 2798 1207 2838 verum
1254 2793 1358 2849 est,
1390 2784 1541 2841 disce
1576 2784 1713 2842 Isaia
1748 2788 1966 2845 dicente
1995 2806 2008 2843 :

426 2874 547 2930 Nisi
594 2875 851 2930 Dominus
897 2875 1224 2930 exercituum
1267 2875 1562 2947 reliquisset
1607 2879 1752 2934 nobis
1792 2898 1968 2936 semen
1995 2921 2012 2945 ,

425 2969 582 3040 quasi
619 2966 851 3024 Sodoma
880 2968 1195 3038 fuissemus,
1222 2978 1274 3025 et
1302 2970 1456 3040 quasi
1488 2967 1784 3027 Gomorrha
1816 2974 2014 3029 similes

425 3062 703 3117 essemus“.
738 3060 796 3116 Si
830 3062 980 3117 enim
1013 3077 1124 3118 non
1174 3062 1425 3118 relictum
1471 3072 1619 3119 esset
1663 3080 1849 3121 semen
1880 3082 2014 3136 apo-
2038 3097 2084 3154 ρ

424 3152 713 3216 stolarum,
739 3152 878 3207 nihil
900 3153 1241 3223 prohiberet,
1278 3152 1334 3206 in
1364 3153 1586 3208 modum
1614 3153 1933 3210 Gomorrhac
1958 3163 2015 3209 et

428 3240 679 3297 Sodomae
711 3257 931 3297 omnem
962 3242 1175 3313 plebem
1193 3234 1476 3297 Judaicani
1498 3243 1700 3313 perire.
1732 3244 1840 3298 Sed
1883 3258 2015 3314 apo-

425 3334 693 3389 stolorum
725 3348 891 3389 causa
928 3348 1039 3391 non
1069 3349 1264 3388 omnes
1296 3334 1605 3403 perierunt.
1636 3335 1879 3401 Quorum
1908 3335 2016 3389 vir-

429 3431 574 3478 tutes
623 3432 679 3478 et
718 3424 1119 3500 possessiones,
1148 3422 1340 3492 quales
1369 3433 1549 3488 erant,
1582 3427 1638 3479 in
1691 3425 1882 3495 paucis
1931 3424 2015 3479 his

425 3514 715 3570 considera
750 3514 957 3570 verbis.

499 3603 815 3662 Suburbana
848 3614 1027 3660 autem
1062 3621 1243 3660 eorum
1267 3622 1371 3661 non
1400 3607 1633 3673 veniunt,
1662 3607 1789 3677 quia
1817 3622 2017 3676 posses-

424 3699 503 3754 sio
531 3700 849 3767 sempiterna
879 3707 975 3753 est.
1012 3697 1297 3765 Quorum?
1328 3695 2013 3769 apostolorum'videlicet,

427 3792 485 3848 hi
518 3806 639 3848 esse
669 3790 875 3845 Levitae
921 3791 1053 3847 dicti
1086 3800 1217 3846 sunt
1254 3808 1268 3844 :
1302 3792 1498 3846 horum
1532 3792 1868 3855 suburbana,
1900 3791 2017 3845 sive

426 3885 537 3956 agri
575 3900 689 3940 non
715 3884 1052 3949 vendantur,
1091 3882 1145 3938 id
1178 3891 1285 3946 est,
1318 3883 1789 3945 conversationes,
1820 3891 1877 3937 ct
1906 3883 2017 3936 vir-

426 3987 594 4040 tutes,
625 3983 682 4030 et
733 3974 1017 4030 doctrinae.
1051 3974 1180 4029 Haec
1226 3974 1374 4028 enim
1430 3989 1684 4045 agrorum
1720 3973 1838 4028 vice
1869 3974 2017 4028 cole-

426 4071 582 4134 bant,
614 4067 688 4122 ita
735 4074 792 4120 ut
828 4065 1028 4120 Paulus
1069 4064 1139 4119 de
1184 4064 1266 4120 eis
1296 4063 1543 4119 diceret:
1580 4063 1709 4129 Quis
1739 4064 2017 4133 'plantavit

426 4165 636 4218 vineam
668 4169 717 4214 et
749 4161 812 4213 de
842 4160 1017 4229 fructu
1047 4158 1161 4227 ejus
1195 4174 1300 4211 non
1330 4157 1517 4211 edet’?
1568 4156 1633 4212 Et
1667 4173 1892 4212 rursus:
1926 4157 2019 4212 Di-

427 4270 562 4327 gnus
588 4264 663 4305 est
687 4250 962 4319 operarius
993 4252 1229 4302 mercede
1262 4264 1360 4301 sua
1384 4248 1450 4303 ³⁸.
1486 4248 1555 4302 Et
1586 4264 1777 4304 rursus
1805 4267 1819 4301 :
1860 4247 2017 4302 Nun-

429 4346 555 4417 quid
582 4346 648 4398 de
681 4342 839 4396 bobus
881 4356 1009 4394 cura
1064 4349 1136 4394 est
1174 4339 1285 4394 Deo
1310 4340 1377 4394 ¹¹.
1419 4338 1504 4394 An
1532 4340 1601 4395 de
1632 4341 1791 4395 nobis
1830 4341 2018 4410 utique

2115 1796 2409 1866 captanda.
2449 1795 2686 1867 Spiritus
2735 1807 2920 1852 autem
2967 1798 3260 1871 anagogice
3316 1798 3697 1869 demonstrat,

2113 1888 2392 1957 quomodo
2426 1897 2679 1958 oporteat
2725 1889 2802 1942 uti
2848 1888 2951 1950 eis,
2978 1889 3071 1959 qui
3098 1891 3191 1945 illa
3216 1901 3537 1960 paupertate
3562 1908 3700 1962 pau-

2113 1995 2278 2051 peres
2320 1980 2451 2036 facti
2479 1990 2630 2044 sunt,
2665 1981 2735 2036 de
2760 1997 2865 2051 qua
2904 1981 3073 2037 David
3104 1983 3374 2038 clamabat
3408 2002 3421 2038 :
3458 1984 3573 2041 Cito
3610 2003 3702 2040 an-

2115 2070 2297 2139 ticipes
2319 2086 2412 2124 nos
2431 2071 2794 2126 misericordia
2818 2081 2931 2135 tua,
2945 2074 3069 2142 quia
3091 2089 3348 2142 pauperes
3366 2077 3495 2145 [acti
3518 2093 3701 2131 sumus

2116 2164 2273 2217 nimis
2294 2162 2426 2215 ⁸³·ίθ.
2437 2163 2526 2219 Sic
2541 2179 2672 2237 ergo
2688 2166 2987 2221 secundum
3011 2165 3256 2223 ordinem
3277 2168 3380 2233 his,
3407 2184 3528 2239 quae
3555 2170 3700 2226 dicta
3790 2159 3794 2162 ⁴

2114 2265 2266 2322 sunt,
2290 2257 2647 2314 intendimus.

2187 2370 2249 2427 Si
2278 2382 2584 2429 attenuatus
2606 2376 2765 2447 fuerit
2786 2378 2955 2448 frater
2988 2388 3139 2451 tuus,
3164 2388 3211 2432 et
3243 2378 3486 2447 inﬁrmus
3515 2395 3699 2444 manu,

2117 2472 2167 2517 et
2200 2466 2491 2534 susceperis
2537 2484 2655 2521 eum
2689 2472 2841 2539 quasi
2881 2469 3139 2523 advenam
3171 2478 3220 2523 et
3248 2472 3581 2540 peregrinum
3608 2513 3623 2534 ,
3653 2480 3701 2523 et

2117 2559 2305 2613 vixerit
2331 2568 2520 2615 tecum.
2551 2560 2793 2616 Fratrem
2840 2562 3270 2633 uniuscujusque
3304 2562 3394 2615 hic
3435 2562 3700 2631 aequalem

2119 2651 2402 2723 dignitate,
2422 2662 2476 2707 et
2502 2653 2922 2708 conversatione
2946 2654 3097 2707 dicit.
3119 2651 3217 2706 llic
3236 2653 3280 2706 si
3303 2654 3358 2705 in
3381 2654 3702 2721 Operatione

2118 2747 2383 2802 virtutum
2417 2747 2722 2801 infirmatus
2751 2747 2919 2801 fuerit
2950 2768 2963 2800 :
2999 2747 3102 2801 hoc
3132 2752 3215 2801 est
3254 2748 3401 2800 enim
3433 2748 3701 2803 infirmari

2120 2855 2307 2905 manu,
2346 2848 2568 2909 propter
2610 2839 2753 2907 quod
2799 2838 2990 2907 Aquila
3024 2857 3037 2891 :
3075 2834 3134 2891 Si
3181 2834 3451 2906 exciderit,
3498 2840 3697 2909 inquit,

2121 2935 2287 3004 frater
2314 2940 2455 2998 tuus,
2481 2941 2526 2985 et
2548 2931 2839 3001 culpaverit
2869 2947 3056 2985 manus
3078 2930 3190 3001 ejus
3215 2940 3403 2992 tecum,
3438 2934 3702 2988 auxiliari

2121 3024 2189 3086 ei,
2221 3006 2523 3078 secundum
2553 3020 2909 3093 Septuaginta
2938 3019 3299 3091 lnterpretum
3326 3028 3571 3087 sensum,
3600 3038 3705 3079 nos

2118 3120 2374 3181 tanquam
2432 3111 2725 3181 proselyto,
2782 3118 2837 3164 et
2887 3108 3156 3179 inquilino
3199 3108 3337 3163 vult.
3391 3107 3707 3181 Proselytus

2114 3206 2299 3253 autem
2342 3207 2554 3261 noster,
2583 3200 2702 3253 sive
2747 3197 2958 3252 advena
2994 3205 3080 3251 est
3114 3196 3207 3267 qui
3254 3211 3401 3250 nunc
3430 3195 3497 3251 ad
3538 3197 3701 3252 linem

2114 3288 2290 3344 venit.
2333 3287 2647 3358 lnquilinus
2691 3295 2875 3342 autem
2921 3296 3133 3351 noster,
3165 3286 3257 3356 qui
3307 3287 3541 3342 necdum
3574 3302 3703 3356 pro-

2115 3381 2289 3451 priam
2323 3381 2545 3436 domum
2594 3381 2791 3447 habet,
2848 3379 2942 3435 sed
2985 3387 3175 3433 nostra
3213 3378 3620 3443 admonitione,
3650 3387 3706 3434 et

2118 3472 2365 3543 diligenti
2409 3471 2770 3526 instructione
2811 3480 2968 3540 eget,
2999 3477 3060 3523 ut
3118 3468 3457 3539 protegatur,
3486 3472 3542 3521 et
3594 3482 3705 3521 non

2116 3563 2578 3633 quemadmodum
2622 3563 2742 3617 sine
2774 3566 2936 3616 domo
2989 3561 3097 3614 huc
3143 3568 3200 3614 et
3248 3559 3377 3613 illuc
3415 3565 3579 3614 erret.
3616 3543 3706 3612 Sic

2118 3670 2248 3726 ergo
2277 3653 2606 3708 auxiliamur
2636 3652 2855 3706 infirmo
2885 3651 3038 3705 fratri
3075 3669 3087 3704 :
3121 3661 3181 3704 ut
3222 3651 3368 3704 vivat
3396 3649 3701 3707 nobiscum.

2118 3754 2173 3799 et
2200 3744 2516 3798 nullatenus
2540 3741 2827 3805 moriatur,
2861 3756 2891 3795 a
2922 3741 3344 3795 conversatione
3374 3740 3468 3794 Dei
3496 3740 3707 3793 alienus

2120 3837 2380 3901 ell‘ectus,
2411 3837 2604 3892 vivens
2634 3836 2946 3899 nobiscum,
2997 3834 3050 3889 id
3086 3842 3190 3896 est,
3225 3840 3324 3904 per
3362 3843 3485 3898 nes,
3526 3840 3581 3886 et
3611 3848 3707 3902 per

2120 3928 2364 3985 nostram
2411 3927 2740 3993 doctrinam,
2778 3926 3243 3995 quemadmodum
3270 3924 3594 3996 quibusdam
3626 3926 3703 3978 ci-

2119 4022 2204 4079 bis
2231 4023 2390 4078 bonis
2417 4021 2781 4077 confortatus.
2805 4019 3035 4090 Oportet
3066 4031 3248 4075 autem
3277 4021 3350 4082 ei,
3386 4020 3529 4075 sicut
3560 4018 3710 4073 infir-

2122 4132 2233 4178 mo,
2276 4115 2727 4170 condescendere
2753 4124 2809 4169 et
2838 4114 3079 4179 mederi,
3115 4130 3236 4183 qua:
3266 4112 3570 4168 secundum
3604 4111 3711 4166 vir-

2122 4216 2295 4261 tutem
2331 4207 2454 4277 ejus
2482 4215 2631 4273 sunt,
2658 4215 2950 4278 propterea
2990 4206 3233 4262 subdidit
3267 4215 3279 4260 ‘:
3704 4196 3707 4199 ’

2196 4317 2279 4373 Ne
2309 4318 2541 4389 accipias
2566 4335 2756 4373 usuras
2782 4319 2847 4372 ab
2878 4335 2959 4383 eo,
2993 4334 3083 4373 nec
3106 4318 3336 4387 amplius
3357 4334 3519 4391 quam
3562 4318 3711 4373 dedi-

428 4406 602 4505 ζημίη
631 4433 771 4501 Qui“
802 4434 948 4496 debet
977 4435 1031 4486 in
1055 4450 1145 4503 spe
1170 4435 1260 4504 qu,-
1297 4443 1419 4488 am,
1445 4450 1627 4499 amre.
1658 4444 1706 4489 σε
1743 4438 1833 4505 qu,-
1861 4406 2016 4489 δεδιί,
2047 4430 2091 4486 D
2122 4413 2210 4505 sti.
2252 4408 2330 4505 l‘ie
2360 4410 2503 4505 forte
2524 4425 2650 4463 cum
2685 4406 2938 4505 infirmus
2965 4410 3149 4505 factus
3178 4410 3268 4477 sit,
3289 4421 3394 4466 eta
3424 4411 3591 4482 priori
3621 4429 3708 4468 re—

431 4540 545 4596 nat,
585 4530 641 4583 in
666 4543 759 4596 spe
780 4527 983 4595 fructus
1009 4526 1332 4595 percipiendi
1351 4527 1415 4578 ¹¹.
1436 4525 1503 4581 Ει
1534 4542 1726 4581 rursus
1757 4545 1770 4581 :
1803 4525 1894 4580 Sic
1924 4544 2016 4581 nos

431 4622 575 4676 vobis
606 4618 874 4690 spiritalia
908 4619 1305 4682 seminavimus,
1346 4634 1598 4689 magnum
1644 4628 1719 4672 est
1756 4619 1801 4672 si
1843 4628 2015 4673 vestra

433 4711 677 4767 carnalia
724 4718 981 4766 metamus
1000 4709 1079 4762 “l
1131 4709 1224 4765 ila:
1262 4725 1392 4781 ergo
1439 4711 1705 4766 docu'ina:
1751 4719 2017 4780 separatae

434 4811 593 4880 erant
621 4801 936 4856 civitatibus
965 4816 1175 4866 eorum,
1208 4802 1299 4872 qui
1347 4819 1443 4874 per
1486 4804 1635 4874 ipsos
1664 4803 2010 4869 constabant,

433 4904 492 4950 et
542 4908 638 4966 per
682 4893 832 4963 ipsos
882 4890 1231 4947 salvabantur
1266 4911 1279 4947 :
1315 4904 1372 4949 et
1398 4895 1561 4950 vendi
1592 4910 1705 4950 non
1737 4904 2012 4966 poterant,

434 4986 565 5059 quia
600 4985 667 5042 ad
703 4984 854 5056 ipsos
897 4982 1180 5039 dicebatur
1213 5001 1227 5038 :
1261 4984 1443 5041 Gratis
1483 4990 1757 5057 accepistis
1781 5028 1798 5053 ,
1848 4991 2014 5060 gratis

433 5080 613 5139 dats“
646 5077 804 5136 Unde
854 5085 911 5133 et
950 5075 1236 5133 Simonem
1283 5094 1467 5134 emere
1505 5080 1779 5136 volentem
1812 5084 2014 5137 donum

433 5174 679 5247 spiritus,
709 5173 829 5243 ejus
856 5170 1130 5242 portione,
1162 5171 1276 5225 sive
1302 5180 1447 5226 sorte
1477 5172 1733 5241 privavit.

499 5265 667 5322 Vens.
702 5263 885 5322 55-56.
931 5282 951 5317 ι
984 5262 1041 5318 Si
1074 5271 1393 5320 attenuatus
1433 5263 1598 5319 fuerit
1646 5264 1814 5321 frater
1849 5276 1976 5324 tuus
1999 5306 2014 5333 ,

432 5366 491 5414 et
520 5357 772 5412 inﬁrmus
796 5372 961 5412 manu
986 5365 1043 5410 et
1067 5354 1374 5425 susceperis
1395 5370 1518 5409 eum
1546 5359 1701 5426 quasi
1728 5360 2018 5425 advenam,

434 5457 490 5501 et
517 5449 891 5520 peregrinum,
921 5455 979 5502 et
1006 5446 1199 5501 vixerit
1234 5454 1435 5510 tecum,
1467 5462 1538 5501 ne
1561 5448 1798 5519 accipias
1825 5466 2021 5506 usuras

494 5628 516 5659 ⁸
554 5636 656 5708 lsa.
694 5654 735 5708 ι,
770 5642 823 5694 9.
905 5644 926 5675 ’
962 5641 977 5693 Ι
1008 5641 1135 5696 Cor.
1164 5657 1238 5708 Ix,
1264 5643 1319 5695 7.

1431 5643 1472 5674 ¹⁰
1499 5642 1519 5696 1
1545 5642 1686 5699 Tim.
1726 5662 1777 5710 v,
1812 5649 1900 5703 18.

441 5702 495 5756 Β.
571 5705 687 5740 ¹⁸·⁸⁶
710 5707 848 5762 Psal.
884 5724 1107 5777 Lxxvtn,
1137 5713 1191 5766 8.

1273 5712 1315 5744 "
1349 5708 1539 5767 Matth.
1579 5731 1652 5782 ιχ,
1690 5708 1774 5770 il;

1983 5649 2069 5702 “I
2101 5647 2227 5705 Cor.
2262 5668 2338 5720 ix,
2371 5653 2425 5709 9.

2120 4503 2249 4576 gula
2278 4502 2602 4557 imminutus
2625 4544 2640 4569 ,
2674 4499 3048 4559 abundantius
3079 4504 3147 4558 ab
3175 4519 3243 4560 eo
3273 4505 3538 4562 virtutum
3579 4522 3705 4580 ope-

2119 4598 2388 4651 rationem
2419 4596 2725 4668 exigamus,
2763 4597 2859 4652 sed
2888 4612 3247 4668 provocemus
3275 4613 3424 4662 eum,
3455 4616 3710 4656 manum-

2121 4703 2227 4757 que
2259 4688 2378 4758 ejus
2405 4697 2466 4741 ut
2490 4685 2690 4742 infirmi
2716 4688 3111 4753 sustentemus,
3141 4699 3413 4761 caputque
3439 4705 3564 4745 eum
3592 4699 3710 4746 tan-

2124 4781 2406 4837 tummodo
2435 4781 2593 4852 legis,
2625 4791 2682 4837 et
2717 4780 3031 4837 divinorum
3068 4782 3473 4846 mandatorum,
3514 4783 3568 4840 id
3604 4793 3708 4847 est,

2123 4886 2182 4930 nt
2212 4892 2319 4931 non
2347 4886 2541 4949 peccet
2567 4877 2866 4950 exigentes.
2903 4878 3046 4950 Ergo
3073 4876 3237 4933 nimis
3269 4878 3579 4936 necessarie
3611 4880 3711 4935 ad-

2121 4967 2255 5024 didit
2287 4983 2301 5022 :

2198 5081 2348 5137 Time
2393 5081 2565 5136 Deum
2609 5091 2780 5137 tuum.
2826 5081 2940 5154 Ego
2986 5081 3248 5140 Dominus
3295 5083 3437 5142 Deus
3477 5096 3709 5145 vester:

2128 5175 2284 5245 cujus
2311 5174 2503 5244 jugum
2531 5189 2697 5229 suave
2726 5184 2829 5240 est,
2855 5173 2949 5245 qui
2982 5176 3260 5232 hominem
3308 5178 3485 5234 modis
3536 5179 3714 5237 omnl-

2120 5270 2225 5325 bus
2262 5285 2372 5325 non
2406 5286 2636 5341 peccare
2678 5268 2868 5343 exigit,
2897 5273 3132 5329 virtutes
3180 5287 3363 5331 autem
3404 5276 3595 5350 exigit,
3626 5292 3713 5332 so-

2120 5361 2363 5416 cundum
2394 5363 2833 5433 possibilitatem.
2864 5366 3094 5437 Propter
3126 5368 3272 5439 quod
3308 5370 3376 5425 de
3407 5369 3716 5442 virginitate

2121 5451 2396 5508 sanciens.
2427 5452 2547 5508 Non
2598 5471 2776 5510 omnes
2823 5457 3127 5527 capiunt",
3159 5460 3359 5531 inquit.
3393 5459 3499 5516 Sed
3549 5470 3606 5516 et
3648 5460 3715 5515 ds

2508 5655 2553 5686 “
2584 5654 2719 5710 ibid;
2752 5656 2842 5712 10.

2942 5658 2985 5691 ’³
3013 5657 3143 5714 ibid.
3181 5659 3269 5714 il.
3354 5662 3393 5691 “
3427 5659 3624 5718 Matth.
3658 5676 3717 5727 ι,
