3988 6222
350 316 486 389 1129

1459 333 1543 396 IN
1583 334 2018 398 LEVITICUM.
2047 362 2116 372 --
2153 338 2301 400 LIB.
2335 340 2466 403 VII.

3479 351 3614 416 1130

298 430 321 439 “’
348 459 456 497 non
513 443 840 515 possidendo
874 448 1078 503 docens
1108 468 1119 503 :
1155 450 1214 504 Si
1260 466 1368 515 vis,
1417 451 1626 522 inquit,
1674 455 1931 525 perfectus
1961 461 2003 516 Α
2036 456 2409 527 Septuaginta,
2432 458 2618 515 cibos:
2655 461 2712 517 in
2757 463 3053 535 Scripturis
3087 469 3290 523 sanctis
3339 469 3614 530 intellecta

346 536 532 590 esse".
563 535 621 590 ln
655 539 910 593 mandato
932 539 1071 593 dixit
1102 559 1115 594 :

418 625 510 680 Sic
539 643 662 699 ergo
693 630 863 699 frater
888 638 1008 683 tuus
1032 630 1172 684 vivat
1196 631 1341 700 apud
1363 642 1433 687 te.
1461 633 1747 691 Pecuniam
1779 647 1925 691 tuam

346 735 449 772 non
475 719 622 773 dabis
648 720 695 773 ei
713 722 784 774 ad
811 738 1050 787 usuram,
1072 734 1119 778 et
1143 725 1354 794 frugum
1380 728 1927 796 superabundantiam

345 824 449 861 non
482 809 674 878 exiges.
711 807 817 867 Sed
846 809 1080 871 Paulum
1124 813 1338 871 imitare
1373 816 1647 874 dicentem
1676 838 1688 874 :
1723 819 1926 877 Factus

342 916 459 953 sum
487 900 728 970 inﬁrmus
755 903 982 972 inﬁrmis
1004 906 1065 959 η.
1096 904 1242 961 Nihil
1276 923 1371 963 eos
1408 911 1476 965 ad
1507 912 1726 969 virtutis
1756 915 1923 970 ratio-

314 995 469 1047 nem
498 993 701 1064 exigas,
732 993 855 1064 plus
888 1011 919 1050 a
952 998 1170 1068 propria
1199 1000 1419 1056 virtute.
1451 1000 1508 1056 Si
1541 1013 1722 1059 autem
1750 1007 1921 1072 dicas,

344 1082 570 1139 forsitan
592 1100 688 1141 eos
710 1101 891 1156 posse,
923 1090 1018 1143 sed
1043 1090 1290 1147 inﬁrmos
1320 1108 1380 1148 se
1417 1094 1642 1166 ﬁngere,
1685 1098 1789 1154 hoc
1809 1098 1920 1168 jam

341 1190 453 1229 non
488 1184 573 1231 est
611 1186 786 1244 tuum,
821 1180 917 1234 sed
949 1180 1092 1236 illius
1110 1193 1214 1250 est,
1239 1185 1331 1254 qui
1356 1186 1458 1240 scit
1482 1187 1612 1257 quid
1633 1204 1762 1243 vere
1797 1204 1924 1259 pos-

341 1267 531 1321 simus.
559 1266 659 1333 Qui
695 1269 831 1324 dixit
855 1272 923 1325 ad
948 1273 1119 1340 illum,
1162 1277 1254 1345 qui
1284 1277 1545 1333 talentum
1581 1281 1871 1336 abscondit
1904 1301 1918 1338 :

343 1356 628 1427 Oportebat
668 1369 719 1414 te
753 1362 883 1417 dare
914 1366 1191 1434 pecuniam
1232 1386 1405 1424 meam
1437 1372 1809 1428 nummulariis
1828 1384 1920 1439 ,-et

338 1466 431 1519 ego
468 1452 695 1516 veniens,
729 1470 846 1508 cum
879 1458 1054 1512 usuris
1081 1461 1260 1529 utique
1300 1464 1581 1533 exegissem
1615 1466 1811 1520 eam".
1854 1467 1921 1522 Et

340 1557 448 1595 non
473 1551 558 1598 est
587 1546 1006 1614 condemnatus,
1031 1553 1156 1621 quia
1191 1570 1410 1609 usuram
1436 1572 1545 1613 non
1569 1559 1800 1630 accepit,
1823 1561 1918 1616 sed

336 1632 463 1700 quia
493 1636 780 1703 pecuniam
816 1653 927 1694 non
956 1641 1110 1697 dedit
1141 1662 1154 1696 :
1191 1645 1515 1718 sibimetipsi
1556 1650 1702 1704 enim
1733 1662 1918 1720 pater-

337 1725 569 1780 familias
619 1730 957 1786 exactionem
1002 1736 1305 1791 reservavit
1348 1752 1549 1793 usuris.
1578 1741 1916 1799 Alterutrum

2031 558 2160 604 sunt
2181 558 2437 621 pecunia,
2471 564 2660 626 utpote
2688 572 2810 627 qua:
2838 559 3038 615 divites
3062 560 3212 625 facit,
3244 561 3454 619 fructus
3482 582 3614 621 vero

2029 642 2117 698 vel
2162 643 2340 709 cibus,
2373 655 2434 699 ut
2479 648 2746 704 nutriens.
2786 647 2991 707 [lorum
3039 653 3427 712 abundantiam
3467 657 3614 715 Deus

2027 734 2171 806 exigi
2216 751 2327 791 non
2352 736 2530 807 jubet,
2566 739 2662 795 sed
2709 742 2822 797 sola
2868 759 2989 812 quae
3017 746 3325 807 secundum.
3352 749 3611 807 virtutem

2028 836 2178 893 sunt,
2215 837 2275 883 ut
2317 829 2389 885 sit
2432 842 2620 888 noster
2661 832 2821 890 Deus.
2852 836 2990 903 Quia
3033 846 3090 893 et
3122 840 3238 910 ipse
3280 842 3611 912 ptenitentes

2026 928 2343 989 peccatores
2382 923 2452 978 ad
2495 938 2553 978 se
2602 927 2830 998 suscipit
2856 938 2912 984 et
2944 931 3282 988 moderatum
3304 933 3494 1005 jugum
3529 937 3609 990 eis

2027 1010 2281 1081 imponit.

2097 1102 2261 1160 Vens.
2299 1105 2478 1162 59-43.
2524 1127 2542 1159 ι
2573 1108 2628 1162 Si
2659 1112 2986 1168 necessitate
3011 1117 3324 1185 compulsus
3350 1119 3612 1175 vendide-

2025 1193 2099 1250 rit
2122 1211 2181 1251 se
2212 1196 2308 1252 tibi
2347 1198 2514 1254 frater
2542 1206 2666 1255 tuus
2691 1240 2705 1263 ,
2746 1217 2857 1257 non
2886 1219 3012 1259 eum
3040 1207 3318 1276 opprimes
3343 1210 3610 1267 servitute

2023 1285 2372 1355 famulorum,
2400 1291 2495 1345 sed
2536 1292 2690 1362 quasi
2721 1296 3094 1350 mercenarius
3133 1307 3188 1352 et
3224 1299 3453 1355 colonus
3481 1302 3605 1357 erit.

2027 1374 2210 1445 Usque
2240 1379 2308 1433 ad
2356 1395 2563 1435 annum
2610 1382 2893 1452 jubilmunt
2925 1387 3244 1456 operabitur
3270 1391 3414 1459 apud
3448 1399 3519 1455 te,
3552 1404 3609 1448 et

2020 1478 2208 1536 postea
2244 1472 2556 1541 egredietur
2586 1489 2710 1530 cum
2740 1476 2930 1532 liberis
2963 1478 3098 1542 suis,
3126 1489 3183 1536 et
3211 1492 3516 1569 revertetur
3539 1487 3608 1540 ad

2020 1562 2398 1632 cognationem
2422 1579 2599 1629 suam,
2639 1579 2694 1622 et
2708 1568 2777 1623 ad
2809 1571 3212 1639 possessionem
3240 1585 3454 1644 patrum
3479 1562 3608 1634 suo-

2018 1669 2138 1707 rum
2170 1671 2182 1707 :
2216 1655 2319 1709 mei
2346 1656 2490 1711 enim
2514 1662 2657 1714 servi
2687 1668 2835 1726 sunt,
2861 1670 2917 1716 et
2940 1677 3042 1734 ego
3068 1664 3233 1721 eduxi
3255 1682 3350 1723 eos
3366 1668 3435 1724 de
3461 1678 3605 1725 terra

2019 1743 2258 1817 Egypti,
2290 1762 2398 1802 non
2429 1750 2657 1806 venient
2683 1753 3000 1809 conditione
3032 1771 3338 1813 servorum.
3359 1759 3440 1815 Ne
3466 1759 3604 1816 allii-

336 1822 518 1871 autem
546 1833 646 1873 nos
676 1830 734 1875 ut
752 1836 1041 1881 caveamus
1063 1838 1368 1897 peccatum,
1389 1831 1602 1886 solvere
1623 1841 1681 1889 et
1699 1820 1918 1905 exigere
1949 1857 1989 1912 Β
2018 1853 2111 1909 gas
2138 1854 2260 1894 eum
2291 1855 2390 1910 per
2411 1844 2734 1913 potentiam,
2758 1846 2853 1901 sed
2884 1847 3111 1903 metuito
3133 1849 3305 1906 Deum
3336 1860 3511 1908 tuum.
3542 1873 3562 1907 ι

336 1906 473 1969 vult,
500 1908 679 1964 locum
712 1913 871 1970 nobis
905 1916 1125 1974 alternae
1155 1921 1561 1991 conjunctionis
1594 1941 1703 1982 non
1736 1928 1918 1985 detra-

337 1996 615 2066 lientibus,
650 2018 759 2059 non
810 2007 1170 2079 rapientibus,
1206 2029 1317 2068 non
1369 2018 1772 2086 occidentibus,
1805 2038 1914 2078 non

334 2091 441 2146 tale
473 2092 675 2163 aliquid
708 2100 1061 2166 peccantibus
1085 2146 1100 2170 ,
1145 2122 1245 2176 per
1275 2107 1498 2165 Paulum
1525 2114 1809 2182 praebens,
1841 2116 1918 2171 ait

333 2197 461 2253 ergo
486 2201 500 2237 :
531 2182 590 2239 Si
617 2188 734 2257 quis
760 2191 934 2260 frater
962 2197 1267 2264 appellatur
1291 2201 1603 2271 fornicator,
1639 2216 1733 2260 aut
1760 2208 1914 2262 idolis

330 2276 576 2340 serviens,
602 2288 695 2332 aut
722 2296 938 2350 avarus,
967 2297 1060 2341 aut
1097 2289 1383 2357 detractor,
1407 2303 1501 2347 aut
1532 2295 1786 2365 ebriosus,
1821 2310 1915 2354 aut

330 2382 523 2435 rapax,
555 2384 674 2423 cum
703 2372 1007 2442 hujusmodi
1037 2395 1129 2434 nec
1156 2382 1324 2436 cibum
1356 2389 1642 2441 sumere“.
1685 2389 1802 2445 Non
1834 2392 1915 2447 di-

332 2458 412 2513 xit
442 2476 455 2513 :
490 2458 547 2514 Si
586 2462 709 2531 quis
734 2480 845 2520 non
880 2470 1189 2528 vendiderit
1213 2476 1575 2534 substantiam
1612 2495 1789 2545 suam,
1818 2500 1914 2539 ne-

328 2565 455 2625 que,
480 2552 536 2606 Si
567 2568 678 2609 non
710 2558 1074 2629 virginitatem
1106 2566 1381 2634 pollicitus
1403 2570 1588 2637 fuerit,
1614 2588 1795 2644 neque
1818 2591 1912 2631 su—

328 2641 508 2698 blimis
536 2653 974 2709 conversationis
1002 2655 1185 2712 fuerit.
1222 2657 1348 2716 Hth
1377 2654 1560 2719 autem
1592 2665 1760 2723 nimis
1789 2684 1912 2737 per—

327 2731 591 2790 fectorum
620 2750 941 2798 cunctorum
967 2745 1262 2806 humiliora
1302 2755 1556 2812 mandata
1585 2769 1736 2816 sunt.
1775 2758 1911 2816 Vide

326 2838 454 2895 ergo
483 2842 644 2896 quam
671 2834 1078 2893 conclusionem
1103 2843 1360 2899 mandato
1389 2847 1598 2905 addidit
1622 2870 1635 2906 :

398 2915 510 2986 Ego
545 2918 798 2976 Dominus
828 2922 969 2979 Deus
995 2938 1177 2994 vester,
1211 2934 1300 3002 qui
1328 2936 1485 2990 eduxi
1530 2955 1619 2995 vos
1657 2944 1720 2998 de
1766 2954 1907 3003 terra

322 3004 559 3077 digypti,
596 3021 653 3064 ut
693 3013 876 3068 darem
920 3018 1062 3072 vobis
1091 3030 1288 3076 terram
1330 3023 1611 3096 Chanaan,
1641 3044 1697 3088 ut
1747 3053 1909 3094 essent

322 3109 489 3153 vester
512 3100 667 3159 Deus.
698 3103 757 3160 Et
788 3109 917 3176 quid
946 3110 999 3164 in
1034 3117 1286 3181 praesenti
1315 3117 1553 3178 locohoc
1573 3140 1906 3186 commemo-

322 3204 443 3249 rare
493 3193 765 3265 legislator
809 3202 997 3272 eguit?
1024 3202 1132 3260 Sed
1161 3209 1337 3265 modis
1361 3215 1617 3273 omnibus
1646 3219 1776 3277 illud
1807 3224 1904 3279 tle-

322 3292 625 3340 monstrare
653 3289 860 3380 volens,
879 3294 1028 3364 quia,
1056 3301 1514 3367 quemadmodum
1549 3313 1806 3380 populant
1835 3314 1903 3372 de

324 3375 464 3425 terra
494 3374 728 3445 Egypti,
761 3387 812 3432 el
848 3380 916 3436 de
945 3386 1147 3453 populo
1181 3392 1482 3457 peccatoris
1511 3374 1731 3462 eduitit,
1756 3408 1811 3454 et
1845 3401 1899 3457 in

322 3469 465 3516 terra
494 3464 753 3523 Chanaan
782 3471 1007 3530 alterius
1035 3480 1240 3549 populi,
1276 3499 1467 3541 rursus
1488 3491 1791 3557 peccatoris
1820 3491 1902 3547 in-

324 3554 585 3622 troduxit,
628 3561 722 3615 sed
757 3561 902 3619 illinc
932 3567 1152 3636 quidem
1180 3587 1277 3628 eos
1302 3554 1523 3644 eduxitﬁ,
1560 3589 1757 3637 utnon
1797 3586 1899 3640 sub

322 3646 716 3716 ,Egyptiorum,
744 3653 791 3707 si
838 3655 1021 3713 adhuc
1066 3669 1266 3717 terram
1317 3665 1645 3738 habitarent,
1677 3675 1900 3733 domino

321 3743 740 3805 tenerentur,in
787 3754 986 3803 terram
1032 3763 1214 3808 autem
1245 3755 1679 3819 Chananteorum
1723 3765 1896 3823 intro-

316 3824 491 3894 duxit,
524 3830 652 3899 quia
686 3836 930 3904 expulsis
958 3844 1232 3912 gentibus,
1260 3862 1369 3902 non
1397 3862 1554 3907 erant
1575 3854 1687 3922 jam
1718 3857 1773 3912 in
1798 3874 1894 3915 eo-

315 3933 434 3972 rum
464 3923 691 3980 servitio
725 3929 1031 4002 redigendi,
1062 3936 1157 3992 sed
1209 3952 1261 3999 et
1292 3953 1437 4000 terra
1481 3948 1773 4004 emundata
1804 3966 1891 4006 ca-

313 4007 469 4064 rebat
497 4013 654 4069 malis
679 4015 1113 4080 habitatoribus:
1145 4027 1224 4082 sic
1267 4043 1370 4085 nos
1410 4031 1554 4089 Deus
1583 4039 1685 4093 sub
1717 4040 1893 4096 domi-

310 4102 534 4159 natione
565 4107 786 4175 quidem
822 4111 991 4184 redigi
1027 4129 1371 4184 peccatorum
1403 4140 1511 4180 non
1548 4130 1771 4198 patitur,
1798 4134 1893 4190 sed

309 4203 487 4259 neque
532 4209 720 4250 eorum
756 4199 1095 4270 societatem,
1133 4212 1433 4278 usquedum
1465 4227 1592 4271 sunt
1643 4233 1892 4289 peceato-

308 4295 421 4345 res,
449 4286 703 4355 amplecti
725 4307 739 4356 ;
761 4294 982 4360 quando
1008 4296 1405 4359 autem'eorum
1430 4317 1571 4364 terra
1597 4315 1889 4372 emundata

307 4371 492 4439 fuerit,
520 4382 766 4451 praecipit
798 4398 922 4440 cum
954 4388 1034 4443 eis
1062 4405 1203 4460 esse,
1235 4405 1292 4451 et
1332 4398 1496 4456 simul
1537 4403 1803 4475 habitare,
1837 4418 1892 4465 et

305 4463 439 4519 dare
471 4467 552 4523 eis
579 4482 821 4529 nostram
860 4480 1171 4552 pecuniam,
1201 4496 1258 4542 et
1301 4500 1520 4547 nostros
1568 4495 1803 4562 fructus,
1837 4502 1887 4556 id

303 4567 411 4622 est,
447 4558 662 4619 divinas
719 4567 1000 4628 doctrinas
1054 4590 1190 4645 quas
1248 4585 1584 4655 accepimus.
1630 4589 1736 4646 Pro
1782 4594 1884 4649 do-
1922 4577 1963 4632 Ῐ)

302 4648 477 4706 ctrina
527 4664 708 4711 autem
755 4659 1075 4735 intelligitur
1108 4673 1363 4742 pecunia,
1379 4648 1618 4749 propter
1658 4689 1803 4755 quod
1831 4702 1887 4746 et

298 4739 504 4799 Paulus
521 4746 736 4804 dicebat
765 4768 779 4804 :
804 4751 906 4817 Qui
935 4759 1273 4827 tediﬁcaverit
1305 4739 1463 4837 super
1486 4739 1886 4842 fundamentum

296 4832 395 4885 hoc
415 4875 430 4899 ,
461 4852 654 4893 aurum
679 4880 693 4905 ,
725 4856 1003 4914 argentum
1029 4890 1045 4914 ,
1089 4852 1292 4924 lapides
1319 4863 1654 4935 pretiosos",
1687 4869 1883 4929 bonam

293 4921 603 4983 doctrinam
652 4947 749 5001 per
779 4935 895 4991 haec
925 4938 1183 5000 innuens.
1219 4947 1334 5005 Hoc
1362 4963 1545 5011 autem
1579 4957 1758 5028 ipsum
1797 4973 1886 5020 est

289 5022 354 5069 et
380 5016 613 5086 fructus,
641 5024 775 5090 sive,
791 5037 851 5083 ut
878 5030 1250 5106 Septuaginta,
1266 5040 1370 5097 cibi
1387 5060 1401 5109 ;
1419 5016 1711 5120 utrumque
1736 5016 1881 5111 enim

289 5106 401 5162 hoc
427 5126 614 5169 rursus
638 5114 883 5176 invenies
905 5122 1124 5181 Paulum
1149 5124 1514 5201 exponentem
1533 5157 1550 5206 ;
1566 5140 1884 5204 Corinthios

287 5201 462 5269 enim,
492 5204 582 5261 alii
629 5209 896 5269 doctrinae
943 5233 1001 5273 se
1051 5223 1348 5295 sociantes,
1376 5245 1639 5304 suamque
1693 5238 1880 5312 despi-

1333 5292 1342 5295 _
1548 5292 1565 5304 ,
1742 5292 1845 5312 “re

283 5292 520 5361 cientes,
580 5307 992 5370 reprehendens
1039 5313 1259 5383 scripsit
1292 5318 1452 5374 :Jum
1501 5326 1688 5382 satiati
1733 5333 1880 5418 estis,

287 5383 402 5418 ὅηηι
451 5387 633 5418 Αἱιιέιιι-
690 5395 814 5418 1,.-.3
878 5401 981 5418 __.9,
1074 5403 1085 5415 ο
1277 5416 1284 5418 _
1309 5410 1320 5418 .
1594 5417 1597 5418 ,

273 5383 403 5452 jam
449 5387 633 5444 divites
685 5395 814 5463 facti
867 5401 1006 5466 estis,
1038 5403 1152 5458 sine
1200 5410 1346 5463 nobis
1394 5417 1626 5483 reguatis
1642 5420 1708 5475 ".
1741 5391 1882 5494 Ergt;

1451 5474 1473 5483 ν
1700 5474 1703 5475 ν
1742 5474 1875 5494 -κοθ

280 5474 592 5535 doctrinam
621 5499 720 5553 per
750 5491 1039 5553 pecuniam
1066 5504 1122 5550 et
1152 5496 1381 5570 fructus,
1417 5505 1554 5575 sive,
1577 5514 1880 5571 secundum

2089 1929 2255 1986 Multa
2305 1932 2486 1989 littera
2535 1936 2653 2006 ipsa
2699 1938 2903 2008 pietate
2949 1941 3107 2011 plena
3153 1952 3258 2009 est,
3287 1945 3380 1999 sed
3431 1947 3604 2002 multo

2019 2022 2192 2092 magis
2216 2024 2477 2095 spiritalis
2520 2027 2853 2087 intellectus.
2883 2032 3161 2099 Quantum
3193 2036 3341 2092 enim
3380 2038 3604 2095 libertas

2018 2114 2215 2170 anima:
2244 2117 2440 2174 melior
2474 2129 2560 2175 est
2590 2136 2620 2175 a
2651 2120 2906 2179 libertate
2934 2126 3210 2196 corporis.
3241 2136 3450 2186 tantum
3491 2133 3604 2203 spi-

2016 2204 2190 2262 ritalis
2232 2212 2620 2282 contemplatio
2665 2213 2786 2280 his,
2821 2216 2916 2286 qui
2962 2218 3083 2289 ejus
3116 2232 3348 2290 possunt
3389 2223 3603 2283 fructus

2018 2300 2319 2370 percipere,
2352 2303 2579 2360 clariora
2615 2307 2784 2363 donat
2824 2326 2987 2380 quam
3027 2313 3227 2369 littera.
3254 2314 3390 2383 Quia
3418 2319 3598 2376 littera

2016 2403 2145 2461 ergo
2190 2393 2499 2452 nullatenus
2540 2413 2640 2453 nos
2687 2400 2807 2464 bis,
2838 2418 2960 2472 qum
3005 2403 3265 2463 fratribus
3309 2411 3595 2476 eveniunt.

2014 2480 2165 2537 abuti
2196 2484 2330 2551 vult,
2358 2486 2410 2542 id
2438 2498 2540 2553 est,
2561 2491 2942 2559 conﬁdelibus,
2963 2498 3058 2551 sed
3085 2498 3170 2554 vel
3195 2500 3240 2557 si
3261 2502 3382 2571 quis
3405 2519 3596 2561 corum

2015 2575 2172 2631 nobis
2210 2580 2461 2636 venditus
2502 2581 2687 2648 fuerit,
2721 2601 2751 2639 a
2781 2588 3021 2656 qualibet
3055 2590 3372 2651 humiliatus
3399 2613 3598 2655 neces-

2015 2666 2191 2733 sitate,
2229 2669 2540 2727 nullatenus
2583 2676 2652 2730 ab
2695 2692 2762 2732 eo
2808 2679 3091 2736 servitium
3123 2687 3265 2740 servi
3294 2688 3592 2760 exigamus.

2012 2756 2184 2823 Quem
2208 2760 2355 2816 enim
2385 2765 2556 2820 semel
2598 2767 2821 2824 fratrem
2863 2786 2961 2842 per
3004 2774 3352 2846 adoptionem
3388 2756 3594 2840 Christi

2013 2849 2620 2925 babuimus,quomodo
2654 2861 2916 2933 deinceps
2964 2881 3185 2924 servum
3228 2870 3596 2932 habebimus?

2011 2943 2166 3002 Unde
2182 2957 2237 3002 et
2258 2947 2479 3016 Paulus,
2501 2954 2746 3010 scribens
2764 2957 2831 3012 de
2855 2957 3114 3018 Onesimo
3134 2965 3200 3019 ad
3218 2965 3593 3025 Philemonem

2011 3038 2255 3096 dicebat:
2285 3042 2571 3113 Propterea
2600 3052 2805 3105 recessit
2834 3054 2904 3107 ad
2921 3056 3130 3125 horam,
3149 3068 3207 3112 ut
3231 3070 3483 3118 cateruam
3503 3080 3590 3120 re-

2010 3132 2224 3201 ciperes,
2258 3152 2361 3191 non
2383 3139 2502 3209 jam
2546 3151 2600 3195 ut
2642 3159 2869 3212 servum,
2899 3155 2990 3203 sed
3035 3166 3131 3221 pro
3176 3169 3326 3209 servo
3369 3158 3592 3227 fratrem

1932 3223 1976 3281 (Ξ
2009 3221 2394 3294 charissimam,
2423 3233 2655 3288 maxime
2683 3238 2832 3303 mihi,
2848 3250 3046 3309 quanto
3076 3245 3245 3313 magis
3273 3257 3450 3303 autem
3473 3251 3587 3319 tibi,

2005 3322 2054 3367 et
2087 3315 2142 3368 in
2171 3333 2348 3384 carne,
2379 3330 2427 3375 et
2456 3323 2512 3377 in
2554 3324 2777 3382 Domino
2794 3330 2878 3383 "?
2914 3331 2981 3386 Et
3008 3349 3199 3392 rursus
3233 3356 3246 3391 :
3281 3337 3383 3404 Qui
3412 3315 3589 3400 autem

2002 3406 2178 3474 fideles
2214 3411 2405 3469 habent
2436 3416 2706 3485 dominos,
2737 3438 2841 3476 non
2872 3425 3184 3497 despiciant,
3222 3433 3349 3502 quia
3395 3436 3590 3506 fratres

2001 3502 2203 3555 sunt".
2248 3501 2478 3579 Insuper
2531 3522 2714 3568 autem
2753 3524 2810 3570 et
2848 3519 3072 3589 spiritus
3116 3501 3588 3596 prmccpit'etiam

2000 3592 2169 3661 aliud,
2194 3600 2411 3666 quando
2445 3602 2680 3675 aliquem
2723 3608 2976 3678 fratrum,
3019 3624 3074 3669 et
3110 3592 3375 3687 azqualem
3422 3623 3586 3678 nobis

2000 3688 2286 3745 vocatione
2329 3702 2387 3746 et
2426 3701 2844 3757 conversatione
2891 3707 3195 3775 venditum,
3237 3711 3584 3768 humiliatum

2000 3785 2182 3835 tamen
2210 3783 2267 3837 in
2293 3785 2603 3858 virtutibus,
2629 3792 2681 3847 id
2714 3804 2817 3858 est,
2845 3795 3178 3855 inﬁrmatam
3202 3803 3574 3873 deprehende-

2000 3868 2192 3939 rimus,
2222 3884 2280 3929 et
2311 3876 2460 3934 hunc
2483 3887 2936 3956 converterimus,
2970 3892 3354 3963 corripientes,
3389 3899 3583 3956 exhor-

1998 3970 2196 4030 tantes,
2220 3968 2533 4028 nuilatenus
2552 3989 2620 4030 eo
2654 3977 2826 4044 abuti,
2856 3982 2949 4037 sed
2974 3994 3032 4038 ut
3056 3986 3298 4043 modeste
3325 4000 3380 4046 et
3405 3992 3579 4048 humi-

1997 4052 2121 4107 liter
2149 4072 2272 4111 eum
2298 4062 2642 4131 accedamus,
2673 4080 2894 4140 propter
2930 4076 3076 4143 quod
3127 4077 3181 4132 in
3223 4082 3405 4137 verbis
3444 4084 3580 4156 ipsis

1996 4143 2242 4203 intende.

2065 4236 2227 4296 Vens.
2261 4242 2349 4308 ‘59,
2376 4244 2465 4301 40.
2513 4267 2532 4300 c
2564 4247 2618 4305 Si
2645 4266 2963 4325 paupertate
2985 4265 3297 4334 compulsus
3320 4271 3578 4330 vendide-

1993 4327 2063 4383 rit
2088 4345 2148 4386 se
2178 4334 2272 4389 tibi
2316 4336 2485 4393 frater
2509 4350 2656 4407 tuus,
2687 4362 2797 4402 non
2840 4366 2965 4407 eum
3009 4327 3284 4425 opprimes
3314 4365 3578 4423 servitute

1997 4421 2348 4491 famulorum,
2369 4432 2463 4486 sed
2489 4436 2644 4504 quasi
2678 4443 3053 4499 mercenarius
3075 4456 3130 4501 et
3149 4450 3378 4507 colonus
3409 4456 3569 4512 erit»

2063 4515 2199 4583 Quia
2228 4532 2517 4592 paupertas
2538 4528 2731 4585 anima:
2756 4542 2840 4587 est
2861 4533 3145 4593 inﬁrmitas
3165 4547 3575 4615 consequenda-

1991 4621 2110 4660 rum
2148 4610 2431 4678 virtutum,
2461 4619 2808 4676 manifestum
2839 4633 3011 4683 estex
3039 4628 3145 4695 his,
3175 4647 3297 4703 quae
3321 4610 3388 4691 ad
3412 4635 3570 4699 Sam-

1988 4712 2086 4752 son
2134 4700 2323 4770 Dalila,
2347 4716 2403 4761 et
2430 4708 2544 4777 ipse
2578 4711 2646 4765 ad
2677 4728 2798 4768 eam
2833 4716 3096 4789 loquitur.
3137 4700 3369 4783 Noluisti
3396 4732 3573 4789 dicere

1987 4790 2041 4843 in
2072 4809 2173 4862 quo
2213 4796 2281 4848 sit
2324 4800 2560 4856 matrima
2595 4806 2869 4875 fortitudo.
2903 4810 3139 4886 Cumque
3168 4819 3385 4876 molesta
3415 4825 3463 4878 ei
3490 4842 3569 4879 es—

1984 4890 2082 4945 set,
2110 4894 2157 4936 et
2184 4901 2277 4952 per
2306 4890 2496 4946 multos
2528 4894 2638 4948 dies
2653 4896 2858 4967 jugiter
2893 4904 3203 4974 adhtereret,
3232 4916 3464 4982 spatium
3497 4924 3571 4971 ad

1986 4974 2207 5043 quietem
2236 4994 2337 5032 non
2364 4983 2616 5053 tribuens,
2645 4998 2768 5044 tunc
2793 4996 3032 5062 aperiens
3061 5003 3331 5058 reritatem
3358 5007 3452 5071 rei,
3482 5008 3538 5061 di
3554 5040 3564 5046 -

1982 5065 2061 5117 :rit
2095 5068 2168 5121 ad
2195 5086 2310 5124 eam
2343 5088 2363 5125 .·
2385 5074 2605 5132 Ferrum
2645 5097 2912 5155 nunquam
2956 5093 3187 5146 ascendit
3223 5110 3380 5163 super
3409 5090 3566 5169 caput

1986 5169 2180 5221 meum,
2220 5163 2345 5232 quia
2380 5164 2696 5237 Nazaru'us,
2723 5176 2777 5228 id
2804 5185 2901 5243 est,
2933 5194 3264 5237 consecratus
3289 5185 3398 5239 Deo
3423 5205 3564 5253 sum,

1985 5248 2048 5300 de
2080 5259 2225 5304 utero
2268 5256 2455 5312 matris
2482 5277 2630 5318 metr.
2666 5264 2730 5320 Si
2766 5285 2945 5325 rasum
2982 5273 3141 5341 fuerit
3168 5287 3325 5346 caput
3369 5297 3561 5348 meum,

1985 5341 2185 5395 recedet
2224 5362 2257 5398 a
2306 5364 2389 5401 me
2420 5352 2670 5419 fortitudo
2725 5376 2861 5427 mea,
2891 5372 2941 5417 et
2987 5365 3248 5435 deficiam,
3285 5386 3474 5443 eraque
3510 5384 3564 5430 ut

1985 5432 2160 5487 ra'teri
2192 5435 2501 5494 homines".
2528 5443 2657 5501 Post
2691 5447 2826 5513 hare,
2858 5432 3080 5509 historia
3114 5432 3352 5514 subdidit
3429 5461 3564 5517 Item

1985 5529 2041 5574 at
2076 5522 2167 5577 illa
2202 5526 2432 5584 dormire
2458 5549 2577 5587 eum
2605 5538 2724 5609 fecit
2746 5557 2901 5617 super
2928 5559 3096 5612 genua
3138 5564 3256 5616 sua,
3288 5560 3335 5605 et
3362 5553 3417 5607 in
3443 5555 3561 5610 sinu

362 5650 767 5757 ’Ἶξξιιιίιεκνιμ
796 5666 886 5722 2|.
932 5668 973 5701 "
1007 5671 1169 5727 lCor.
1202 5644 1276 5758 is,
1303 5678 1392 5733 22.
1461 5683 1505 5715 ¹⁰
1539 5684 1728 5743 Matth.
1762 5708 1889 5759 xxv,
1920 5694 2011 5752 27.
2050 5699 2095 5730 ’ί
2121 5701 2142 5754 I
2172 5702 2297 5758 Cor.
2328 5723 2379 5773 v,
2414 5707 2495 5777 I0,
2539 5709 2621 5763 ll.
2667 5712 2710 5743 "
2742 5712 2915 5773 ICor.
2952 5734 3032 5785 Ill,
3065 5722 3151 5778 42.
3205 5726 3251 5759 ³³
3279 5729 3440 5787 ICnr.
3476 5744 3556 5797 tv,

515 5725 746 5786 Philem.
782 5752 870 5797 XV,
914 5741 994 5794 Ιϐ.
1068 5744 1152 5797 "I
1189 5745 1330 5797 Tim.
1368 5768 1437 5797 τι-
1473 5753 1526 5797 9-
1600 5759 1643 5789 ιθ
1670 5758 1828 5797 μιιιδεη
1881 5780 1968 5797 ν...
2020 5768 2085 5797 sn
2142 5772 2200 5797 η

278 5719 341 5778 8.
441 5724 486 5757 ιι
515 5719 885 5801 Ριιειειηίκνζ
914 5719 1023 5794 tcf
1052 5719 1169 5797 ’ἱῖϊ
1189 5719 1439 5822 ἠίῑῖηῗῒει,
1473 5753 1527 5808 s.

483 5816 736 5883 PATROL
796 5829 912 5890 Gn.
963 5831 1165 5896 XCIII.

1600 5759 1643 5789 ³⁸
1668 5758 1848 5818 Jttdic.
1878 5758 1989 5837 ΧΠ,
2020 5768 2109 5837 Hi,
2142 5772 2224 5829 l7.

3158 5889 3231 5950 3G

2376 5954 2381 5957 .
2416 5955 2453 5962 ,ὑί
