3962 6220
350 271 484 338 1131
1541 272 1867 334 HESYCHI
1877 272 1902 329 I

2050 272 2429 336 ESBYTERI.
3470 221 3614 334 1132'

346 402 441 440 suo
471 385 727 439 reclinare
755 393 930 454 caput.
965 384 1271 455 Vocavitqne
1298 393 1577 452 tonsorem,
1609 394 1659 438 et
1686 385 1816 439 rasit
1845 402 1927 439 se~
1959 390 2007 444 A
2036 388 2237 441 tionem
2292 394 2509 456 patrum
2557 400 2801 453 suorum,
2855 384 3123 455 recipiens
3175 386 3604 442 conversationis

349 487 486 546 ptent
514 478 680 532 crines
714 476 826 545 ejus
846 518 860 542 ,
891 485 939 530 et
984 477 1134 546 coepit
1167 477 1398 547 abjicere
1430 494 1548 532 eum
1577 494 1609 532 a
1634 494 1708 545 se,
1737 486 1783 531 et
1813 494 1845 531 a
1873 493 1927 531 se
2031 491 2254 541 sortem,
2288 487 2339 533 et
2373 487 2581 551 partem
2613 478 2820 548 gratim,
2847 492 2968 547 quae
3004 477 3072 531 ab
3103 476 3257 531 initio
3295 485 3442 532 sorte
3483 493 3606 547 per-

350 572 616 639 repellere.
646 568 838 626 Statim
864 572 1000 625 enim
1028 572 1095 626 ab
1133 588 1192 626 eo
1221 572 1474 640 fortitudo
1497 574 1746 637 discessit,
1764 573 1929 626 dixit-
2030 582 2249 644 ceperat
2274 588 2305 626 a
2336 573 2464 631 Deo,
2493 572 2584 641 qui
2621 571 2839 642 proprie
2865 580 3052 625 noster
3099 581 3251 641 pater
3278 580 3380 636 est,
3411 572 3477 626 de
3497 587 3606 642 quo

348 677 447 732 qne
475 678 493 715 :
519 659 690 729 Super
735 670 783 715 te
813 660 1120 718 Philistiim.
1150 660 1253 728 Qui
1285 664 1347 717 de
1379 679 1560 717 somno
1593 679 1923 733 consurgens,
2031 664 2107 717 ait
2133 662 2333 717 Paulus
2366 679 2380 716 :
2424 660 2559 725 Quia
2592 670 2771 715 autem
2801 664 2925 715 estis
2953 660 3072 730 ﬁlii,
3106 662 3245 715 misit
3273 661 3410 715 Deus
3435 660 3607 731 Spiri-

347 753 480 808 dixit
513 754 569 807 in
593 753 773 807 animo
804 771 898 808 suo
940 772 958 809 :
997 754 1258 825 Egredior
1304 755 1436 809 sicut
1466 765 1591 809 ante
1619 757 1738 827 feci,
1771 765 1818 809 et
1849 771 1929 808 me
2032 765 2142 808 tum
2168 754 2293 808 Filii
2318 753 2400 807 sui
2421 754 2475 806 in
2496 754 2737 806 cordibus
2766 755 2952 807 vestris
2974 794 2988 817 ,
3031 753 3347 808 clamantem
3373 768 3391 806 :
3436 755 3603 817 Abba,

349 847 631 911 excutiam,
659 847 892 901 nesciens
926 847 1064 917 quod
1097 846 1349 901 Dominus
1376 848 1662 903 recessisset
1690 847 1753 900 ab
1784 864 1842 901 eo
1861 848 1925 901 ’⁷.
2031 844 2195 898 Pater
2232 845 2298 898 ⁸¹.
2327 842 2436 898 Cur
2465 855 2647 897 autem
2692 843 2807 897 haec
2835 844 3087 899 sanciens
3136 843 3278 898 Deus
3308 852 3455 898 tanta
3487 843 3607 913 pie-

351 934 457 990 Sed
478 935 530 988 in
549 933 900 1005 Septuaginta
916 935 1174 1002 editione,
1197 951 1321 991 cum
1356 938 1445 992 hic
1475 934 1801 992 dixisset:Si
1830 937 1932 989 Im-
2032 946 2141 991 tate
2164 945 2365 998 utatur,
2395 934 2510 1005 ipse
2542 934 2675 1004 legis
2699 934 3091 989 demonstravit
3121 934 3322 989 verbis.

350 1026 586 1081 miliatus
614 1029 771 1098 fuerit
801 1031 965 1099 frater
992 1039 1111 1082 tuus
1135 1044 1152 1084 :
1174 1045 1283 1084 non
1302 1029 1460 1088 dixit.
1485 1046 1517 1082 a
1550 1038 1617 1092 te,
1642 1028 1760 1091 sed,
1785 1030 1929 1098 apud
2095 1026 2259 1081 Vens.
2303 1025 2391 1080 42.
2431 1046 2448 1077 ι
2488 1025 2589 1079 Mei
2638 1034 2821 1079 autem
2868 1025 3010 1080 servi
3043 1034 3191 1090 sunt,
3226 1034 3282 1080 et
3314 1040 3414 1097 ego
3443 1025 3609 1080 eduxi

351 1127 441 1173 te:
472 1134 597 1174 nam
633 1120 735 1174 etsi
769 1120 1051 1175 nobiscum
1080 1130 1214 1185 erat,
1248 1122 1343 1177 sed
1378 1135 1478 1175 nos
1507 1135 1615 1174 non
1652 1119 1702 1173 ei
1739 1134 1927 1174 sumus
2029 1135 2127 1175 eos
2153 1119 2219 1173 de
2246 1128 2391 1173 terra
2419 1116 2653 1188 Egypti.
2685 1135 2705 1169 ι
3298 1100 3304 1115 ’

350 1211 476 1268 facti
523 1211 913 1267 bumiliationis
958 1227 1143 1267 causa.
1212 1211 1332 1282 ipse
1379 1220 1558 1266 autem
1605 1211 1884 1281 negligens
1910 1249 1924 1274 ,
2106 1210 2179 1266 Ut
2209 1225 2338 1281 ergo
2377 1210 2467 1279 qui
2504 1209 2671 1263 semel
2715 1210 2834 1279 ejus
2865 1208 2991 1263 facti
3020 1214 3150 1263 sunt
3197 1209 3380 1275 servi,
3429 1218 3482 1264 et
3513 1226 3604 1280 per

351 1304 706 1374 semetipsum
739 1303 1065 1371 humiliavit,
1097 1312 1153 1357 et
1178 1304 1431 1359 venditus
1462 1313 1561 1367 est,
1592 1318 1699 1357 non
1737 1301 1927 1357 vcndi-
2030 1320 2156 1360 eum
2189 1301 2510 1373 intelligibili
2546 1300 2806 1355 servitute
2840 1300 3053 1372 [Egypti
3100 1312 3429 1366 caruerunt,
3468 1302 3609 1355 hanc

353 1396 498 1451 tione
529 1396 618 1450 illa
671 1396 739 1450 de
769 1412 872 1465 qua
925 1394 1068 1450 Elias
1114 1395 1179 1449 ad
1230 1395 1416 1449 Achab
1444 1394 1677 1449 diccbat.
1708 1391 1930 1449 Dicebat
2031 1390 2126 1452 eos
2162 1396 2387 1466 perdere
2439 1394 2755 1466 dignitatern
2790 1410 2898 1448 non
2926 1395 3058 1458 vult,
3090 1410 3191 1449 nec
3222 1394 3347 1464 quia
3391 1394 3457 1448 ad
3492 1412 3609 1447 nu.-

352 1489 497 1542 enim
529 1488 580 1542 ei
612 1506 624 1541 :
657 1488 799 1541 Num
832 1488 1076 1542 invenisti
1110 1503 1192 1541 me
1224 1488 1496 1541 inimicum
1528 1487 1656 1540 tibi?
1685 1485 1930 1556 Respon-
2031 1490 2211 1544 dicum
2243 1489 2363 1559 quis
2396 1488 2579 1557 lapsus
2603 1498 2706 1550 est,
2733 1496 3017 1557 propterea
3045 1503 3167 1542 eum
3201 1488 3255 1542 in
3286 1497 3607 1558 perpetuum

349 1579 430 1634 dit
465 1596 481 1632 :
511 1579 715 1643 Inveni,
747 1595 805 1631 eo
837 1580 971 1649 quod
1002 1579 1327 1633 venundatus
1357 1596 1408 1633 es
1435 1580 1606 1649 facere
1649 1581 1849 1634 malum
1875 1582 1929 1634 in
2031 1580 2260 1650 perdere
2306 1579 2585 1647 antiquam
2628 1578 2946 1649 dignitatem
3004 1580 3318 1646 desiderat,
3378 1578 3611 1650 ideoque

351 1679 623 1738 conspectu
656 1669 949 1723 Domini“.
982 1669 1075 1723 Ille
1101 1669 1248 1724 enim
1279 1671 1420 1724 sicut
1467 1671 1685 1741 impius,
1750 1671 1840 1741 qui
1874 1672 1928 1726 in
2033 1672 2142 1725 ait:

350 1761 680 1832 profundum
730 1761 992 1816 malorum
1035 1761 1323 1827 ceciderat,
1360 1762 1714 1833 despiciebat,
1742 1771 1797 1817 et
1824 1763 1930 1817 ini-
1965 1751 2007 1806 Β
2105 1762 2227 1818 Νοη
2271 1762 2438 1816 veniet
2483 1761 2782 1816 conditione
2825 1778 3114 1817 servorum.
3157 1762 3367 1817 Similia
3425 1750 3613 1818 dicens

351 1854 493 1908 mlco
523 1853 798 1917 venditus,
834 1868 943 1906 non
967 1853 1182 1908 volebat
1216 1854 1587 1909 venditionem
1618 1854 1929 1917 immutare.
2035 1855 2231 1910 Paulo:
2259 1855 2439 1909 Pretio
2462 1856 2624 1925 empti
2654 1856 2796 1918 estis,
2833 1855 2992 1909 nolite
3019 1856 3139 1926 ﬁeri
3161 1856 3295 1910 servi
3321 1856 3607 1910 hominum.

351 1958 452 1998 nec
490 1945 770 2014 prophetia
800 1944 981 2009 vendi,
1008 1944 1061 2000 id
1102 1955 1205 2007 est.
1234 1946 1413 2010 subdi,
1445 1946 1538 2016 qui
1581 1945 1631 2001 ei
1674 1947 1931 2016 paulatim
2034 1947 2142 2001 Sed
2175 1953 2229 2000 et
2261 1947 2363 2000 hoc
2391 1944 2627 1999 addidit:

352 2050 573 2089 manum
610 2035 956 2105 porrigendo,
983 2050 1011 2089 a
1035 2035 1183 2106 gravi
1226 2035 1456 2090 liberare
1503 2051 1629 2089 cum
1672 2036 1933 2090 servitute
2104 2037 2266 2094 Vens.
2305 2036 2393 2090 45.
2435 2055 2453 2088 ι
2491 2033 2569 2091 Nc
2601 2034 2805 2106 atﬂigas
2849 2053 2972 2091 eum
3021 2052 3119 2107 per
3148 2036 3468 2107 potentiam,
3516 2036 3614 2091 sed

354 2135 584 2197 poterat.
613 2127 668 2181 Si
691 2142 821 2199 ergo
841 2128 937 2182 tibi
964 2127 1130 2193 ﬁdeli,
1162 2136 1218 2183 et
1238 2128 1436 2183 colenti
1465 2128 1657 2193 Deum,
1677 2128 1934 2182 humilia-
2035 2128 2263 2182 metuito
2296 2126 2463 2182 Deum
2498 2136 2650 2182 tuum
2678 2129 2740 2182 ³³.
2779 2147 2801 2179 ›

354 2228 441 2273 tus
466 2219 632 2274 frater
653 2220 904 2275 venditus
929 2220 1114 2287 fuerit,
1144 2219 1596 2290 redemptionem,
1622 2226 1677 2273 et
1697 2220 1932 2289 pretium
2106 2215 2336 2288 Oportet
2381 2217 2534 2272 enim
2577 2218 2848 2273 moderari
2908 2234 3009 2273 nos
3043 2218 3232 2288 iugum
3287 2227 3616 2272 converten-

351 2312 547 2366 anima:
567 2312 686 2383 ejus
733 2321 878 2367 tuam
909 2311 1235 2375 doctrinam,
1268 2321 1324 2367 et
1349 2313 1784 2368 exhortationem
1813 2327 1934 2367 sus-
2039 2310 2172 2365 tium
2195 2351 2208 2373 ,
2238 2318 2292 2365 et
2332 2309 2526 2365 timere
2558 2308 2731 2364 Deum
2766 2320 3013 2365 nostrum
3040 2349 3054 2374 ,
3082 2302 3380 2379 qui'dixit:
3416 2308 3482 2363 In
3515 2328 3617 2382 quo

352 2404 566 2474 cipicns
602 2421 615 2458 :
647 2414 703 2459 et
730 2404 1188 2475 quemadmodum
1217 2419 1378 2459 suum
1433 2404 1714 2460 dominum
1749 2402 1936 2458 existi-
2026 2402 2232 2469 judicio
2253 2400 2643 2471 judicaveritis,
2662 2397 3058 2471 judicabimini,
3085 2411 3132 2454 et
3160 2403 3216 2454 in
3244 2417 3349 2472 qua
3372 2418 3617 2455 mensura

352 2511 533 2560 mans,
557 2511 665 2550 non
693 2497 897 2551 serviat
929 2496 1025 2552 tibi
1054 2497 1319 2551 servitute
1343 2497 1508 2563 servi,
1545 2497 1637 2551 sed
1671 2496 1937 2551 subdetur
2039 2494 2201 2548 mensi
2222 2493 2449 2564 fueritis,
2482 2493 2727 2545 metietur
2747 2492 2887 2545 vobis
2908 2491 2976 2545 ⁸⁸.

352 2586 595 2658 quidem,
638 2595 1014 2640 verumtamen
1039 2586 1289 2641 libertate
1327 2586 1437 2647 illa,
1458 2586 1526 2640 de
1560 2601 1665 2655 qua
1694 2585 1771 2639 ait
1799 2583 1937 2637 l’au-
2108 2584 2269 2639 Vens.
2303 2583 2492 2639 ιιι-46.
2533 2604 2550 2635 ι
2589 2584 2792 2637 Servus
2818 2591 2873 2637 et
2898 2581 3092 2636 ancilla
3124 2581 3197 2635 sit
3227 2582 3382 2637 vobis
3418 2581 3486 2637 de
3516 2597 3619 2636 na-

355 2679 477 2732 lus:
511 2677 772 2739 libertate,
798 2692 901 2747 qua
940 2677 1180 2730 liberavit
1213 2693 1306 2731 nos
1338 2675 1578 2731 Christus
1594 2678 1661 2731 ".
1685 2676 1936 2730 Invenies
2041 2677 2285 2731 tionibus
2310 2717 2324 2740 ,
2355 2691 2477 2745 quae
2504 2677 2560 2730 in
2588 2676 2819 2730 circuitu
2847 2684 3029 2729 vestro
3054 2682 3183 2727 sunt
3212 2714 3227 2738 ,
3260 2683 3313 2727 et
3348 2673 3417 2729 de
3451 2674 3616 2728 adve-

353 2776 537 2823 autcm
604 2766 733 2821 alibi
783 2767 1035 2821 eumdem
1081 2781 1274 2820 rursus
1318 2766 1645 2820 scribentem
1699 2782 1712 2819 :
1758 2764 1937 2819 Pretio
2038 2770 2145 2834 nis,
2176 2770 2267 2840 qui
2292 2769 2709 2839 peregrinantur
2736 2766 2878 2835 apud
2914 2780 3030 2827 vos,
3057 2764 3142 2816 vel
3170 2762 3258 2831 qui
3292 2779 3357 2815 ex
3387 2762 3472 2815 his
3503 2764 3615 2816 nati

355 2858 512 2926 empti
534 2857 676 2919 estis,
706 2856 864 2911 nolite
886 2857 1000 2925 ﬁeri
1025 2858 1159 2911 servi
1184 2857 1527 2921 hominum",
1554 2864 1773 2926 propter
1792 2871 1919 2925 quot

2052 2863 2244 2917 iuerint
2292 2862 2344 2914 in
2381 2870 2521 2914 terra
2557 2867 2738 2911 vestra
2763 2896 2776 2916 ,
2820 2856 2918 2908 hos
2965 2853 3236 2908 habebitis
3271 2853 3522 2914 famulos,
3559 2862 3616 2906 et

356 2949 431 3005 ait
460 2950 734 3022 legislator
770 2967 785 3006 :
2040 2955 2382 3012 hmreditario
2406 2955 2529 3022 jure
2558 2950 2940 3005 transmittetis
2969 2949 3035 3003 ad
3071 2957 3338 3018 posteros,
3374 2964 3438 3003 ac
3486 2964 3615 3017 pos-

427 3043 593 3108 Quasi
631 3043 986 3098 mercenarius
1022 3051 1071 3097 et
1103 3042 1315 3097 colonus
1363 3045 1485 3098 erit.
1517 3041 1613 3098 Vel
1648 3043 1789 3099 sicut
1834 3041 1936 3097 Se-
1965 3085 2009 3144 ς
2041 3047 2283 3103 sidebitis
2313 3047 2366 3098 in
2402 3054 2688 3099 aeternum.
2729 3040 2945 3096 Fratres
2999 3051 3181 3095 autem
3213 3050 3427 3127 vestros
3480 3041 3619 3095 ﬁlios

357 3136 663 3207 ptuaginta,
688 3136 982 3207 inquilinus
1002 3134 1160 3204 :quia
1192 3135 1388 3190 horum
1415 3144 1643 3204 uterque
1661 3134 1939 3203 subjectus
1969 3131 2009 3144 “
2042 3137 2224 3201 Israel,
2248 3151 2317 3189 ne
2343 3135 2666 3205 oppt'imatis
2691 3150 2785 3203 per
2817 3131 3135 3202 potentiam.
3163 3150 3180 3180 ι

358 3238 444 3283 est
488 3227 706 3295 quidem
750 3227 898 3291 huic,
929 3228 1086 3296 cujus
1114 3227 1333 3282 domum
1381 3226 1610 3289 habitat,
1640 3234 1693 3280 et
1728 3226 1781 3279 in
1810 3240 1940 3295 agro
2073 3289 2077 3297 ν
2112 3228 2227 3284 Non
2264 3236 2444 3299 potest
2468 3228 2628 3298 digne
2658 3226 2866 3279 laudari
2894 3226 3130 3278 varietas
3154 3232 3209 3278 et
3246 3222 3622 3294 multiplicitas

359 3327 620 3386 operatur
666 3326 891 3386 propter
944 3326 1346 3387 paupertatem,
1383 3331 1485 3371 nec
1540 3315 1761 3371 domum
1812 3331 1940 3385 pro-
2040 3317 2300 3388 spiritalis
2351 3317 2653 3386 sapientiae.
2690 3314 3055 3381 Quamobrem
3111 3324 3400 3384 postquam
3458 3314 3622 3386 digne

360 3410 558 3480 priam.
584 3423 688 3464 nec
721 3423 912 3479 agrum
945 3408 1188 3463 habens:
1228 3422 1340 3462 non
1373 3416 1552 3462 tamen
1584 3417 1808 3478 propter
1838 3408 1942 3461 hoc
2040 3409 2294 3463 admirari
2350 3425 2459 3463 non
2512 3423 2823 3478 possumus,
2867 3407 2994 3476 quia
3051 3422 3154 3462 nec
3202 3408 3468 3478 capimus,
3519 3407 3623 3463 hoc

361 3501 609 3557 aufertur
638 3499 909 3555 libertatis
937 3498 1172 3570 dignitas
1197 3537 1212 3562 ,
1245 3497 1699 3567 quemadmodum
1730 3506 1785 3550 et
1814 3511 1938 3549 eum
2041 3500 2377 3563 omittentes,
2402 3500 2707 3554 districtius
2734 3513 2898 3553 aures
2928 3498 3129 3553 mentis
3155 3499 3319 3553 etiam
3348 3498 3465 3563 his,
3500 3513 3625 3568 qua:

362 3594 453 3663 qui
478 3608 576 3663 per
598 3608 701 3647 nos
732 3607 762 3647 a
796 3598 1019 3660 peccato
1034 3603 1333 3645 conversus
1361 3597 1465 3650 est,
1488 3595 1722 3657 oportet,
1739 3586 1786 3641 si
1815 3593 1943 3640 ante
2042 3603 2188 3642 nunc
2220 3588 2363 3643 dicta
2393 3596 2542 3650 sunt,
2573 3588 2912 3657 praebeamus
2947 3596 3004 3642 et
3034 3604 3478 3657 unumquemque
3504 3602 3620 3642 ser-

362 3692 648 3756 peccatum
679 3682 847 3737 frater
867 3689 1056 3736 noster
1082 3681 1380 3735 secundum
1423 3679 1789 3749 aequalitatem
1822 3693 1944 3749 gra-
2043 3693 2262 3733 munem
2306 3680 2513 3733 intente
2547 3689 2833 3734 notemus:
2871 3679 2927 3734 in
2956 3681 3267 3736 diﬁ‘erentia
3314 3682 3461 3735 enim
3496 3695 3623 3735 ver-

344 3780 475 3844 ~tiae,
496 3778 870 3845 honoremque
896 3772 1327 3829 conversationis
1355 3770 1473 3827 fuit.
1516 3770 1652 3825 Nam
1683 3769 1788 3825 etsi
1815 3777 1943 3838 pro—
2044 3770 2236 3825 borum
2264 3811 2278 3835 ,
2319 3770 2684 3825 differentiam
2719 3786 2938 3841 quoque
2970 3771 3344 3827 intellectuum
3379 3771 3624 3842 reperie-

367 3868 542 3938 priatn
592 3880 739 3923 nunc
779 3864 1002 3920 domum
1039 3861 1289 3933 justitize,
1322 3870 1419 3916 aut
1450 3876 1639 3931 agrum
1662 3860 1943 3930 proprium
2044 3876 2187 3915 mus.
2225 3860 2378 3915 Scire
2426 3861 2590 3931 igitur
2619 3877 2720 3916 nos
2753 3863 2865 3916 vult
2910 3863 3039 3932 quid
3089 3873 3257 3918 restet
3315 3863 3458 3918 inter
3502 3863 3625 3925 bos.

367 3959 587 4015 virtutis
616 3972 729 4012 non
750 3955 948 4024 habet,
978 3970 1103 4010 cum
1132 3952 1425 4024 aliquando
1453 3952 1766 4016 habuisset,
1799 3950 1945 4005 unde
2044 3968 2182 4022 quos
2212 3968 2275 4007 ex
2318 3954 2625 4009 inﬁdelibus
2657 3954 2768 4009 Deo
2822 3955 3235 4019 salvaverimus,
3271 3965 3327 4012 et
3356 3958 3496 4025 illos,
3532 3959 3626 4028 qui

366 4066 479 4106 non
500 4049 655 4115 dixit,
688 4047 1081 4114 mercenarius,
1109 4055 1203 4101 aut
1234 4045 1480 4110 colonus,
1512 4043 1598 4098 vel
1643 4042 1945 4111 inquilinus
2045 4062 2170 4100 cum
2201 4045 2388 4100 ﬁdeles
2436 4057 2656 4114 essent,
2689 4047 3005 4118 similesque
3030 4050 3189 4103 nobis
3226 4050 3505 4120 dignitatis
3540 4052 3629 4105 in-

366 4144 495 4206 erit,
527 4141 645 4207 sed,
680 4139 835 4211 quasi
865 4139 1257 4200 mercenarius,
1290 4145 1345 4190 et
1374 4136 1623 4199 colonus,
1648 4132 1731 4187 vel
1760 4132 1935 4201 inqui-
2047 4137 2332 4192 vocatione
2377 4148 2430 4192 et,
2459 4138 2899 4206 conversatione,
2951 4150 3136 4210 postea
3167 4157 3265 4212 pro
3299 4151 3543 4214 tempore
3571 4144 3629 4197 in

368 4236 514 4291 linus
550 4234 655 4289 erit
683 4233 778 4288 tibi
812 4249 825 4285 :
861 4231 917 4285 in
944 4229 1145 4284 nostris
1166 4228 1313 4283 enim
1348 4226 1594 4281 habitare
1613 4239 1753 4293 opus
1783 4224 1948 4278 habet
2049 4230 2365 4299 operatione
2432 4230 2695 4284 virtutum
2759 4230 3017 4287 inﬁrmati
3086 4241 3214 4288 sunt
3270 4236 3625 4289 correximus.

366 4333 423 4380 et
453 4322 692 4395 operari,
734 4320 787 4377 id
830 4329 950 4385 est,
982 4318 1051 4373 ad
1080 4324 1297 4372 nostras
1322 4314 1753 4378 exhortationes,
1785 4329 1946 4383 regu-
2051 4320 2280 4391 Propter
2306 4322 2446 4391 quod
2499 4322 2711 4393 Operari
2748 4323 2967 4393 quidem
3022 4329 3164 4395 apud
3202 4342 3302 4380 nos
3361 4341 3530 4396 usque
3559 4328 3627 4380 ad

368 4419 555 4489 Iusque
589 4416 744 4481 vim.
771 4423 826 4469 ει
869 4411 1117 4481 exempla
1143 4450 1158 4476 ν
1202 4424 1323 4479 (ιυω
1353 4423 1383 4462 ³
1413 4406 1574 4462 “oms
1602 4405 1905 4475 susceperit
1932 4425 1945 4459 ε
1981 4412 2024 4466 1)
2050 4427 2253 4465 annum
2284 4413 2645 4478 remissionis,
2672 4414 2923 4470 videlicet
2960 4417 3320 4485 pmnitentim,
3378 4432 3487 4470 non
3530 4433 3631 4470 au-

368 4525 496 4582 spes
529 4520 710 4565 tamen
747 4514 834 4561 est
860 4517 983 4559 eum
1015 4502 1083 4557 ad
1120 4512 1582 4556 suam‘recurrere
1604 4495 1939 4566 dignitatem,
2051 4514 2158 4559 tem
2181 4504 2366 4575 postea
2405 4508 2678 4576 prmcepit.
2716 4505 2813 4561 llic
2851 4517 3053 4573 autem,
3082 4508 3208 4579 quia
3237 4524 3337 4563 nec
3362 4524 3509 4575 eum,
3533 4508 3627 4577 qui

370 4598 590 4670 quando
618 4598 884 4667 integram
931 4601 987 4647 et
1017 4593 1313 4662 perfectam
1344 4586 1516 4659 egerit
1544 4584 1934 4656 paenitentiam.

2063 4614 2112 4650 ἐκ
2144 4607 2368 4667 peccato
2398 4598 2716 4653 humiliatus
2743 4608 2850 4663 cst,
2895 4607 2950 4653 et
2978 4609 3262 4670 propterea
3298 4600 3456 4655 nobis
3495 4616 3627 4656 ven-

368 4689 484 4749 lloc
503 4688 652 4744 enim
677 4685 1032 4742 manifestans
1057 4683 1329 4753 legislator
1352 4679 1628 4736 subdidit:
2046 4687 2214 4753 ditus,
2249 4689 2340 4743 sed
2397 4705 2500 4743 nec
2544 4688 2764 4744 fratrem
2816 4691 2964 4755 dicit,
2998 4691 3093 4745 sed
3123 4691 3190 4745 de
3219 4691 3304 4744 his
3337 4691 3469 4745 dicit
3498 4707 3634 4760 quos

444 4780 612 4852 Usque
660 4777 731 4832 αά
779 4792 980 4830 “unum
1012 4774 1293 4845 jubihwm
1322 4771 1627 4842 οΡεναθίιιιν
1682 4768 1825 4835 aliud
1873 4776 1943 4820 τοι
2048 4794 2151 4834 nos
2189 4794 2252 4833 ex
2284 4779 2611 4845 inﬁdelibus,
2648 4783 2988 4838 autalterius
3022 4783 3146 4837 ﬁdei
3173 4782 3228 4836 in
3252 4783 3632 4852 discipulatum

367 4870 507 4940 Quia
529 4884 623 4940 per
657 4866 956 4939 perfectam
982 4863 1534 4936 poenitentiam,sicut
1554 4861 1762 4931 integre
1790 4874 1931 4913 mun-

2066 4869 2539 4939 icquisiverimus:
2587 4883 2735 4926 recte
2781 4888 2876 4928 eos
2906 4888 3009 4928 nec
3052 4888 3239 4928 servos
3270 4882 3486 4926 nostros
3511 4888 3630 4927 esse

367 4964 552 5026 datus,
583 4970 638 5016 et
664 4966 952 5033 propterea
1000 4954 1296 5027 perfectus,
1334 4952 1549 5024 operari
1595 4960 1651 5007 et
1695 4951 1839 5020 apud
1889 4964 1948 5004 se
2055 4957 2348 5027 prmcepit:
2383 4956 2589 5012 Christi
2639 4962 2788 5013 enim
2821 4970 2873 5015 et
2923 4960 3021 5030 ipsi
3053 4968 3201 5025 sunt,
3235 4960 3377 5013 sicut
3414 4969 3467 5013 et
3511 4976 3630 5021 nos,

366 5062 570 5127 potest,
614 5062 671 5108 et
710 5060 901 5121 postea
949 5047 1300 5121 egredietur:
1336 5046 1478 5101 sicut
1514 5044 1670 5099 aiunt
1712 5045 1946 5113 Septua-
2051 5047 2219 5101 servi.
2268 5048 2375 5101 Sed
2420 5047 2522 5101 sub
2566 5058 2754 5103 nostra
2789 5061 2970 5105 tamen
3011 5051 3359 5120 possessione
3386 5065 3630 5113 manere,

368 5148 541 5219 ginta,
566 5145 624 5201 in
657 5141 1035 5200 remissionem
1065 5155 1189 5196 cum
1220 5138 1406 5192 liberis
1454 5137 1586 5192 Suis.
1636 5134 1754 5190 Non
1801 5134 1951 5190 solus
2052 5138 2193 5193 sicut
2221 5155 2316 5207 per
2346 5155 2445 5193 nos
2480 5140 2704 5196 edoctos
2732 5142 3004 5211 praecepit,
3027 5142 3168 5197 sicut
3188 5143 3306 5214 ipsa
3336 5144 3635 5198 ostendunt

367 5241 517 5297 enim
548 5239 663 5310 ipse
692 5235 833 5294 liber
860 5233 1113 5298 edicitur,
1140 5231 1236 5286 sed
1265 5238 1320 5285 et
1362 5243 1483 5298 quas
1531 5227 1601 5283 ab
1640 5240 1706 5281 eo
1753 5226 1950 5296 genita:
2053 5227 2375 5298 legislatoris
2409 5231 2593 5285 verba.

367 5333 585 5390 fuerant
620 5330 870 5392 virtutes,
916 5335 1208 5395 antequam
1250 5323 1353 5376 sub
1397 5318 1769 5376 venditionem
1819 5333 1950 5388 pec-
2122 5319 2311 5374 Servus
2347 5332 2394 5376 et
2421 5322 2620 5376 ancilla
2659 5323 2765 5376 sint
2795 5322 2936 5378 vobis
2979 5324 3043 5377 de
3070 5323 3389 5387 nationibus,
3433 5339 3552 5393 qua:
3581 5325 3635 5376 in

367 5425 477 5481 cati
504 5423 860 5492 redigeretur.
899 5418 1195 5487 Propterea
1225 5422 1279 5468 et
1318 5419 1623 5466 revertetur
1652 5411 1722 5466 ad
1749 5425 1947 5480 cogna—
2056 5410 2277 5463 circuitu
2309 5425 2477 5466 vestro
2514 5422 2654 5477 sunt,
2690 5422 2737 5468 et
2771 5414 2832 5467 de
2869 5414 3081 5467 aa‘eenis
3111 5414 3200 5483 qui
3232 5415 3636 5483 peregrinantur

367 5618 1045 5744 m'gpdichsn,lla-9.3;
1099 5616 1168 5717 0”
1199 5613 1270 5669 lll
1294 5613 1430 5683 Reg.
1466 5629 1581 5680 xxx,
1604 5612 1694 5669 9.0.
1774 5613 1820 5646 "
1847 5611 2022 5669 Galat.
2057 5626 2131 5675 tv,
2170 5612 2259 5669 51.
2339 5614 2427 5665 "l
2462 5615 2587 5669 Cor.
2621 5631 2716 5680 vn,
2748 5616 2835 5669 25.
2914 5616 2953 5647 ³¹
2982 5613 3100 5671 Gal.
3137 5629 3212 5681 tv,
3246 5614 3299 5668 6.
3374 5611 3472 5667 "1
3507 5610 3633 5668 Cor.

386 5707 394 5715 ’
445 5729 459 5744 ο
547 5710 593 5742 l.
750 5718 760 5740 t
805 5708 833 5741 il
928 5730 940 5741 .
997 5706 1003 5711 ”
1056 5727 1069 5744 ,
1101 5724 1156 5741 ,ο

386 5706 459 5751 ill,
498 5706 593 5743 ιι.
669 5706 711 5720 συ
750 5706 940 5743 mauu.
978 5706 1069 5754 vn,
1099 5706 1156 5741 :.
