3988 6222
317 312 450 379 113'}

1444 301 1523 360 IN’
1567 292 2013 359 LEVlTlCUM.
2044 315 2110 325 α-
2153 289 2300 349 Ι.1Β.
2337 286 2471 348 Vll.

3440 278 3577 344 113i

313 429 453 497 tp‘ttl
482 444 589 482 vos.
621 425 822 480 Gentes
851 436 969 493 qua:
1003 419 1056 474 in
1089 417 1320 473 circuitu
1356 425 1541 468 nostro
1566 419 1728 471 sunt.
1765 424 1885 478 qua:
1918 411 1959 465 Α
1990 402 2226 455 civitates
2277 398 2626 468 presbyteros,
2666 398 2797 467 quos
2837 411 2928 466 ego
2965 396 3341 497 tibigconstitui
3364 395 3428 450 ³³.
3469 396 3575 453 Sed

314 521 546 576 necdum
591 513 962 576 crediderunt,
996 526 1147 581 spem
1192 516 1369 563 tamen
1421 505 1567 569 lidei,
1616 511 1671 557 ct
1701 500 1889 556 salutis

317 613 552 674 habent,
594 608 718 677 quia
766 605 899 675 ipsis
947 603 1175 657 missum
1212 597 1558 668 Evangelium
1594 603 1696 658 est,
1750 592 1892 646 sicut

318 702 518 759 Paulus
548 701 601 754 in
631 696 920 753 Antiochia
956 694 1023 748 ad
1072 691 1291 746 .Iudteos
1321 689 1537 743 dicebat
1562 704 1575 740 :
1616 686 1747 740 Ecce
1774 701 1894 738 con-

317 793 569 847 vertimur
598 789 669 842 ad
695 796 904 859 gentes:
940 785 1014 838 sic
1052 784 1186 837 enim
1232 780 1475 851 praecepit
1502 778 1663 831 ‘nobis
1710 776 1896 829 Domi-

319 902 417 942 nus
446 885 512 936 ".
562 881 638 934 De
687 881 772 934 his
799 877 958 931 nobis
991 874 1132 930 servi
1164 881 1216 928 et
1244 871 1451 927 ancillae
1483 869 1895 939 conquirantur,

321 978 372 1031 id
405 985 520 1035 est,
561 970 653 1042 qui
684 985 779 1040 per
812 968 1037 1023 verbum
1073 966 1357 1019 docentur.
1386 960 1540 1016 Unde
1566 970 1620 1015 et
1651 976 1767 1020 eos,
1808 959 1897 1026 qui

319 1064 641 1125 docuerunt,
685 1057 936 1113 dominos
973 1053 1269 1124 appellant,
1310 1051 1453 1121 quod
1484 1050 1819 1103 demonstrat
1847 1050 1898 1101 it-

322 1153 583 1222 Philippis
618 1158 804 1205 custos
836 1149 1091 1209 carceris,
1140 1145 1230 1215 qui
1264 1144 1331 1198 ad
1386 1144 1608 1198 Paulum
1644 1152 1698 1195 et
1724 1140 1901 1212 Sylam

322 1245 579 1300 diccbat:
617 1242 827 1296 Domini
851 1283 865 1305 ,
893 1240 1019 1309 quid
1051 1255 1130 1292 me
1156 1245 1356 1306 oportet
1402 1237 1595 1306 facere,
1628 1244 1681 1287 ut
1731 1233 1905 1287 saluus

325 1340 450 1409 ﬁam
475 1338 555 1388 ³⁸1)
585 1335 692 1390 Sed
732 1334 873 1388 etde
897 1330 1145 1394 advenis,
1183 1328 1317 1393 sive,
1354 1336 1413 1379 ut
1441 1324 1813 1395 Septuaginta,
1840 1322 1906 1377 ﬁ—

326 1431 412 1485 liis
432 1426 849 1498 inquilinorum,
881 1421 975 1492 qui
1008 1420 1426 1490 peregrinantur
1450 1416 1591 1487 apud
1637 1431 1751 1479 nos,
1778 1431 1908 1469 con-

327 1522 625 1592 quiramus.
669 1516 811 1570 Dicit
839 1523 1025 1569 autem
1069 1511 1366 1582 inquilinos
1405 1508 1493 1563 hic
1543 1508 1783 1571 Judzcos,
1817 1508 1908 1578 qui

332 1615 576 1669 habitant
628 1612 681 1665 in
722 1609 927 1664 lumine
974 1614 1184 1671 nostro,
1236 1620 1346 1659 non
1388 1613 1569 1659 tamen
1619 1604 1809 1659 volunt
1860 1602 1909 1656 ci

328 1707 517 1763 oculos
545 1703 743 1759 mentis
773 1699 1206 1763 accommodare,
1253 1698 1652 1753 abscondentes
1682 1697 1801 1766 ejus
1828 1696 1913 1749 lu-

332 1814 553 1855 cernam
603 1797 703 1851 sub
738 1794 942 1849 modio.
994 1792 1221 1861 Propter
1254 1789 1394 1859 quod
1428 1799 1537 1843 non
1596 1789 1914 1858 simpliciter

333 1888 616 1958 inquilinos
659 1883 1009 1955 Septuaginta
1048 1881 1356 1944 ediderunt,
1393 1880 1489 1935 sed
1526 1878 1665 1947 ﬁlios
1693 1878 1915 1945 inquilio

336 1994 544 2040 norum,
574 1975 666 2045 qui
698 1984 826 2030 sunt
866 1974 918 2027 in
959 1973 1135 2035 vobis,
1167 1971 1311 2041 quod
1337 1986 1368 2025 a
1417 1970 1793 2025 Thcodotione
1862 1979 1919 2023 et

338 2065 663 2136 Symmacho
718 2061 934 2132 planius
962 2062 1226 2130 scriptum
1261 2068 1378 2113 est:
1412 2058 1454 2110 A
1484 2057 1609 2126 ﬁliis
1635 2057 1919 2128 inquilino-

339 2174 478 2219 rum,
527 2156 614 2226 qui
643 2154 882 2207 habitant
932 2153 987 2206 in
1015 2153 1176 2205 vobis.
1204 2152 1280 2205 De
1310 2150 1508 2220 quibus
1549 2149 1682 2203 dixit
1710 2148 1877 2204 David
1904 2167 1916 2202 ε

339 2246 717 2303 Inhabitabunt
766 2256 812 2298 et
864 2244 1182 2298 abscondent
1223 2242 1290 2298 ³⁸.
1321 2227 1644 2296 (ἰιιιῐίριιῖηι
1693 2250 1821 2294 sunt
1869 2241 1922 2293 in

341 2342 522 2407 nobis,
553 2340 644 2410 qui
692 2340 864 2409 legem
910 2337 1080 2407 ipsam
1150 2343 1205 2389 ct
1234 2334 1548 2404 prophetas,
1579 2348 1717 2403 quos
1741 2341 1796 2388 et
1824 2348 1926 2388 nus

344 2434 627 2495 habemus,
658 2430 882 2492 habent,
922 2428 1233 2483 inhabitant
1262 2435 1442 2481 tamen
1483 2441 1593 2481 non
1625 2426 1815 2480 eadem
1837 2441 1924 2481 sa-

343 2526 561 2596 pientes
592 2525 661 2580 de
688 2520 807 2594 lege
860 2530 912 2576 et
939 2520 1241 2591 prophetis,
1276 2534 1395 2589 quae
1424 2533 1560 2574 nos:
1595 2533 1748 2573 suam
1780 2517 1925 2573 enim

341 2622 609 2692 justitiam
660 2618 999 2674 constituere
1034 2623 1362 2684 quazrentes,
1411 2613 1636 2684 iustitia:
1681 2612 1776 2666 Dei
1819 2626 1931 2666 non

348 2716 477 2763 sunt
505 2706 753 2776 subjecti,
797 2705 892 2760 sed
934 2705 1040 2758 hoc
1069 2702 1427 2767 abscondent,
1461 2708 1517 2755 et
1545 2710 1693 2756 recte
1719 2700 1932 2755 inhabi-

348 2806 488 2864 tant,
537 2796 680 2851 sicut
729 2797 824 2866 qui
877 2786 1203 2865 semetipsos
1246 2808 1277 2847 a
1321 2792 1514 2856 libera,
1551 2802 1607 2847 ct
1636 2808 1666 2847 a
1698 2792 1932 2847 fiduciali

352 2887 692 2942 habitatione
724 2887 1101 2941 excludentes.
1144 2884 1301 2940 Unde
1354 2883 1638 2947 Dominus,
1673 2885 1798 2954 quia
1852 2885 1934 2938 in-

355 2978 603 3033 habitant
667 2985 891 3047 pmptcr
955 2976 1325 3031 inﬁdelitatem
1387 2976 1624 3029 innuens
1684 2977 1932 3030 dicebat:

1993 506 2047 553 et
2098 496 2228 566 quid
2261 504 2428 549 restet
2469 494 2611 548 inter
2640 495 2782 555 illos.
2811 509 2948 564 quos
2991 493 3195 549 deforis
3228 493 3418 550 lucrati
3456 495 3577 550 lue-

1995 588 2184 652 rimus,
2226 595 2281 640 et
2312 585 2615 655 aequalibus
2664 585 2823 640 nobis
2867 584 3147 650 fratribus,
3209 585 3303 656 qui
3354 586 3577 643 forsitan

1995 679 2262 736 humiliati
2297 676 2667 750 corriguntur,
2701 678 2845 733 scire
2875 692 3023 731 nunc
3054 677 3330 750 lcgislatur
3353 696 3453 735 nus
3484 697 3583 735 vo-

2001 768 2137 829 lens.
2191 770 2308 825 haec
2354 770 2420 824 ad
2478 786 2823 826 communem
2878 771 3147 825 rationem
3202 771 3584 840 praedictorum

1998 861 2235 932 scripsit.

2071 952 2286 1008 Fratres
2308 963 2485 1007 autem
2511 963 2705 1007 uestros
2731 954 2867 1022 ﬁlios
2893 953 3065 1010 Israel
3094 973 3196 1010 non
3226 959 3463 1031 amiyetis
3497 977 3592 1031 per

2002 1044 2314 1099 natantium.
2371 1043 2491 1098 Non
2530 1046 2658 1115 quia
2698 1045 2854 1110 alios,
2903 1062 3041 1115 quos
3085 1048 3278 1103 lucrati
3321 1051 3592 1109 fuerimus

2005 1134 2272 1200 exterius,
2303 1135 2358 1188 in
2390 1136 2708 1191 servitutem
2740 1137 3006 1208 redigere,
3040 1150 3135 1196 aut
3184 1151 3471 1197 conterere
3509 1145 3591 1197 la-

2006 1224 2231 1279 boribus
2262 1225 2552 1294 przecepit:
2596 1241 2865 1297 nusquam
2908 1229 3052 1282 cnim
3082 1230 3188 1285 hoc
3214 1231 3268 1284 in
3309 1233 3593 1288 sanctione

2009 1317 2110 1370 hac
2149 1316 2347 1370 dixisse
2385 1316 2641 1371 videtur:
2674 1318 2769 1373 sed
2794 1320 2920 1388 quia
2952 1336 3060 1374 non
3096 1323 3289 1391 aequali
3326 1333 3595 1393 potestate

2009 1408 2065 1461 in
2099 1408 2223 1474 illis,
2254 1419 2311 1462 et
2344 1408 2464 1464 istis
2501 1410 2575 1464 uti
2619 1426 2931 1480 possumus.
2963 1413 3123 1469 Aliud
3157 1424 3241 1469 est
3276 1416 3423 1469 enim
3471 1417 3596 1472 iulio

2012 1501 2164 1556 deles
2213 1501 2280 1555 ad
2322 1501 2484 1557 ﬁdem
2535 1504 2850 1573 perductos,
2904 1504 3050 1560 aliud
3100 1506 3285 1562 ﬁdeles
3330 1508 3531 1578 lapsos,
3566 1526 3597 1563 a

2016 1593 2170 1647 nobis
2202 1592 2530 1647 admonitos.

2088 1683 2251 1737 Vens.
2314 1684 2505 1738 47-49.
2546 1702 2562 1734 ι
2617 1682 2673 1739 Si
2714 1684 3006 1739 invaluerit
3062 1687 3205 1756 apud
3260 1703 3358 1742 vos
3405 1703 3601 1743 manus

2018 1768 2265 1838 advenae,
2299 1781 2462 1843 atque
2498 1775 2791 1845 peregrini,
2820 1783 2876 1830 et
2921 1785 3236 1832 attenuatus
3270 1778 3438 1835 frater
3473 1790 3604 1838 tuus

2019 1864 2325 1919 vendiderit
2362 1880 2421 1919 se
2459 1866 2528 1929 ei,
2572 1874 2668 1920 aut
2704 1866 2955 1935 cuiquam
2998 1868 3068 1922 de
3101 1869 3273 1937 stirpe
3303 1870 3446 1938 ejus,
3482 1880 3605 1941 lost

2020 1956 2389 2011 venditionem
2416 1964 2594 2028 potest
2623 1957 2836 2012 redimi.
2865 1957 2968 2024 Qui
2992 1960 3224 2015 voluerit
3252 1978 3321 2017 ex
3349 1962 3609 2020 fratribus

2022 2050 2161 2113 suis,
2194 2060 2340 2105 emet
2374 2065 2522 2114 cuin,
2572 2061 2629 2105 et
2675 2059 2926 2121 patruus,
2953 2061 3011 2108 ct
3056 2055 3337 2123 patruelis,
3370 2065 3427 2111 et
3476 2071 3612 2112 con-

2023 2143 2374 2211 sanguineus,
2406 2153 2462 2198 et
2489 2143 2683 2199 aliiuis.
2714 2162 2736 2197 ι

2095 2234 2232 2301 Quia
2266 2236 2353 2291 lex
2388 2236 2662 2306 pertinere
2709 2238 2813 2293 sibi
2848 2241 3146 2295 secundum
3169 2244 3429 2308 litteram,
3460 2244 3529 2299 de
3556 2243 3617 2297 li-

2025 2329 2240 2384 hertale
2263 2330 2640 2400 indigenarum
2668 2331 3031 2386 Israelitarnm
3050 2334 3308 2398 ostendit,
3329 2344 3614 2404 propterea

2029 2436 2155 2476 cum
2199 2423 2293 2492 qui
2340 2423 2397 2477 in
2428 2424 2513 2478 eis
2540 2423 2782 2478 deterius
2830 2435 3058 2495 propter
3097 2435 3493 2495 paupertatem,
3525 2436 3620 2484 aut

2029 2517 2265 2585 aliquam
2290 2517 2448 2570 aliam
2484 2519 2871 2571 necessitatem
2893 2528 3036 2588 aget,
3068 2518 3375 2589 proselytis,
3408 2519 3493 2574 vel
3535 2519 3621 2574 in-

2031 2610 2274 2680 quilinis,
2307 2609 2399 2679 qui
2429 2610 2497 2664 de
2530 2610 2615 2663 his
2640 2609 2859 2678 quidem
2889 2609 3022 2664 foris
3053 2619 3182 2664 sunt
3213 2611 3402 2681 geniti,
3435 2611 3621 2666 adlue-

2035 2698 2185 2760 serit,
2216 2698 2422 2752 servire
2452 2714 2561 2751 non
2593 2698 2818 2766 patitur,
2855 2699 2951 2753 sed
2984 2699 3177 2753 redimi
3203 2714 3328 2753 eum
3356 2700 3425 2753 ab
3445 2699 3626 2770 aliquo

2036 2802 2258 2841 suorum
2291 2794 2648 2857 cognatorum
2682 2788 2960 2858 praecepit.
3012 2788 3169 2853 Vide,
3212 2790 3488 2859 quomodo
3522 2790 3627 2843 hoe

2033 2876 2300 2931 custodiri
2335 2886 2390 2931 et
2410 2879 2713 2933 secundum
2738 2895 3016 2950 anagogen
3050 2880 3350 2950 spiritalem
3389 2891 3624 2951 Oportet,

2039 2968 2116 3024 ait
2139 2969 2324 3024 enim:

357 3071 551 3127 Servus
591 3086 692 3123 non
742 3079 917 3123 manet
948 3070 1005 3122 in
1036 3068 1189 3122 domo
1225 3068 1277 3119 in
1300 3077 1553 3120 azternum
1590 3067 1652 3131 ³⁷,
1682 3068 1825 3138 quod
1856 3077 1942 3124 est
1966 3080 2011 3137 ο
2117 3062 2178 3119 Si
2205 3063 2495 3117 invaluerit
2529 3063 2673 3132 apud
2706 3079 2793 3117 uos
2826 3079 3012 3117 manus
3054 3065 3267 3118 aduena:
3286 3075 3449 3134 atque
3480 3082 3630 3135 perc-

356 3159 786 3216 inhabitantium
819 3158 1121 3228 proprium.
1157 3155 1265 3212 Sed
1309 3158 1384 3211 ait
1414 3157 1711 3226 legislator,
1746 3173 1947 3214 secun-

358 3255 486 3307 dum
523 3251 874 3322 Septuaginta
905 3251 1005 3304 :Et
1034 3250 1101 3305 de
1136 3249 1381 3320 cognatis
1427 3249 1690 3318 ipsorum,
1715 3251 1949 3319 quicun-

356 3355 468 3409 que
511 3339 714 3393 fuerint
740 3338 793 3391 in
838 3348 980 3392 terra
1008 3345 1205 3402 vestra,
1249 3347 1411 3392 erunt
1450 3338 1605 3392 vobis
1643 3339 1696 3392 in
1729 3354 1948 3409 posses-

362 3430 591 3484 sionem.
625 3428 849 3499 Cognati
895 3427 1039 3482 enim
1068 3427 1407 3495 Iudaeorum,
1449 3439 1676 3499 prepter
1722 3430 1954 3485 infideli-

364 3533 559 3589 tatem,
597 3521 838 3577 hmretici
886 3530 1032 3587 sunt,
1059 3522 1186 3591 quia
1226 3537 1336 3575 non
1369 3522 1548 3591 plene,
1586 3522 1727 3576 sicut
1778 3531 1833 3577 et
1878 3520 1952 3574 illi

365 3614 628 3676 sentiunt,
663 3612 935 3666 eteadem
976 3611 1134 3665 nobis
1176 3611 1474 3680 praedicant
1528 3610 1807 3681 mysteria,
1837 3625 1953 3663 non

369 3716 549 3760 tamen
581 3705 635 3757 in
669 3704 873 3758 eisdem
907 3701 1094 3767 rectis,
1124 3710 1179 3755 et
1231 3699 1507 3769 perfectis,
1555 3709 1609 3754 et
1639 3701 1867 3770 integris
1901 3701 1955 3753 in

371 3797 541 3851 Deum
586 3795 972 3866 dogmatibus:
1006 3793 1151 3847 unde
1183 3801 1311 3846 sunt
1336 3791 1554 3860 quidem
1589 3791 1643 3844 in
1674 3801 1818 3845 terra
1854 3807 1956 3845 nu-

368 3894 502 3947 stra,
528 3885 620 3940 sed
657 3884 932 3954 inquilini.
1006 3887 1016 3896 '

449 3974 557 4029 llos
595 3974 868 4036 habebitis,
920 3972 1117 4043 inquit,
1169 3973 1225 4025 in
1272 3973 1591 4043 famulos,et
1621 3973 1959 4027 hereditario

362 4070 493 4139 jure
530 4067 896 4123 transmittetis
926 4068 995 4120 ad
1040 4075 1294 4135 posteros,
1328 4082 1390 4119 ac
1422 4066 1748 4135 possidebitis
1788 4066 1843 4118 in
1897 4080 1961 4119 a3-

372 4172 604 4216 tcrnum.
644 4160 1008 4229 Quoscunque
1058 4174 1188 4229 ergo
1228 4174 1297 4213 ex
1338 4159 1593 4229 gentibus
1628 4158 1959 4223 infidelibus,

378 4262 474 4307 aut
508 4268 571 4307 ex
601 4251 822 4313 Judaeis,
855 4263 1037 4306 autex
1061 4250 1332 4304 haereticis
1361 4250 1550 4304 lucrati
1578 4250 1867 4315 fuerimus,
1907 4260 1963 4305 et

382 4345 490 4398 Deo
512 4344 891 4405 obtulerimus,
934 4357 1230 4412 servosque
1268 4353 1323 4396 et
1346 4343 1571 4397 ancillas
1606 4342 1962 4412 acquisiveri-

380 4447 523 4498 mus,
555 4433 934 4501 impendentes
965 4446 1065 4503 pro
1090 4432 1170 4487 eis
1190 4431 1451 4486 doctrinae
1476 4432 1783 4502 pecuniam,
1817 4432 1870 4486 hi
1904 4433 1962 4487 in

382 4527 568 4575 nostra
597 4519 949 4589 possessione
984 4528 1128 4573 sunt.
1159 4521 1264 4575 Sed
1293 4530 1348 4575 et
1376 4521 1499 4575 filiis
1523 4523 1745 4583 nostris.
1782 4523 1831 4577 id
1857 4533 1962 4589 est,

383 4611 696 4681 discipulis,
728 4611 973 4666 dividere
1002 4626 1116 4674 eos,
1156 4611 1206 4666 id
1248 4622 1352 4677 est,
1386 4613 1598 4667 tradere
1632 4629 1820 4668 eorum
1850 4614 1966 4669 dis-

384 4701 682 4769 cipulatuin
714 4716 1021 4770 possumus.
1046 4702 1198 4767 Quod
1231 4702 1541 4756 manifestat
1568 4702 1787 4767 Paulus,
1812 4704 1968 4773 cujus

386 4791 527 4845 sicut
562 4792 654 4845 lilii
694 4801 852 4847 erant
884 4793 1133 4862 discipuli
1166 4791 1318 4847 Titus
1352 4804 1408 4846 et
1445 4792 1786 4849 Timotheus.
1833 4794 1966 4848 Nam

387 4881 700 4945 Timotheo,
729 4883 1085 4940 dilectissimo
1116 4884 1224 4939 filio
1271 4885 1322 4938 in
1361 4884 1485 4951 fide,
1534 4895 1590 4943 et
1641 4885 1764 4942 Tito
1802 4887 1969 4942 dilec-

391 4973 603 5028 tissimo
657 4973 767 5030 filio
814 4976 1118 5032 secundum
1173 4992 1517 5033 communem
1551 4978 1734 5046 fidem,
1763 4980 1829 5034 ad
1876 4997 1972 5035 eos

389 5064 634 5118 scribens
674 5065 1081 5135 prtescribehat.
1114 5067 1318 5122 Deinde
1364 5068 1492 5122 huic
1530 5068 1813 5140 Ephesius,
1847 5072 1973 5127 huic

391 5155 682 5214 Cretenses
737 5157 1031 5213 distribuit.
1078 5156 1213 5213 Nam
1269 5160 1345 5214 illi
1389 5154 1610 5231 quidem
1662 5163 1971 5219 scribehat:

393 5245 539 5321 Sicut
583 5251 764 5321 rogaui
809 5260 878 5315 te,
919 5259 974 5304 ut
1014 5267 1310 5307 remaneres
1354 5252 1567 5322 Ephesi,
1597 5271 1712 5309 cum
1755 5257 1885 5311 irem
1924 5258 1980 5310 in

396 5337 789 5408 Macedoniam,
835 5353 891 5397 ut
939 5347 1285 5401 annuntiares
1330 5346 1664 5418 quibusdam,
1712 5366 1776 5403 ne
1827 5350 1983 5405 aliter

394 5432 634 5486 docerent
666 5434 732 5488 ³⁸.
775 5434 897 5491 Tito
921 5446 1134 5492 autem:
1177 5438 1352 5508 Hujus
1393 5440 1469 5492 rei
1502 5441 1677 5511 gratia
1718 5441 1907 5514 reliqui
1935 5452 1985 5496 te

398 5519 591 5590 (ἴτρια),
640 5534 694 5579 ut
734 5542 795 5580 ea
837 5544 954 5597 qua:
980 5528 1164 5583 desunt
1204 5531 1459 5601 corrigas,
1488 5541 1535 5585 ct
1571 5534 1859 5587 constituas
1888 5550 1981 5604 per

481 5695 670 5755 "Act.
704 5719 821 5764 stu.
863 5705 953 5759 46.
1031 5705 1073 5737 ³⁸
1106 5706 1225 5761 Act.
1264 5725 1375 5775 κγ’,
1410 5711 1495 5767 '50.
1577 5709 1619 5741 ³⁸
1645 5709 1788 5764 Psal.
1823 5727 1908 5777 LV,
1937 5711 1989 5764 7.

1995 4404 2038 4459 D

2050 3156 2189 3225 grini
2237 3156 2374 3222 (sive
2407 3163 2467 3210 ut
2510 3155 2859 3226 Septuaginta
2885 3156 3190 3227 inquilini,)
3231 3166 3278 3210 et
3328 3168 3634 3211 attenuatus

2053 3249 2218 3317 frater
2269 3257 2388 3301 tuus
2432 3246 2717 3300 uendiderit
2754 3264 2812 3301 se
2839 3248 2885 3301 ci
2939 3255 3032 3299 aut
3064 3249 3316 3315 cuiquam
3365 3249 3429 3302 de
3472 3250 3636 3318 stirpe

2054 3338 2189 3407 ejus.

2127 3429 2183 3483 ld
2222 3438 2327 3495 est,
2377 3430 2420 3484 si
2474 3428 2520 3484 is
2557 3430 2649 3500 qui
2690 3430 2756 3485 ad
2807 3430 2968 3485 tidem
3002 3444 3070 3484 ex
3118 3431 3395 3500 gentibus,
3424 3440 3519 3485 aut
3571 3447 3635 3487 es

2054 3524 2276 3590 Judteis,
2319 3535 2414 3578 aut
2442 3527 2667 3579 omnino
2696 3526 2989 3592 haereticis,
3022 3527 3235 3580 noviter
3265 3535 3468 3581 nostra:
3512 3525 3636 3580 fidei

2057 3616 2386 3683 conjunctus
2424 3616 2602 3669 clarus
2631 3623 2717 3668 est
2750 3616 3066 3678 virtutibus,
3098 3615 3170 3670 ita
3218 3622 3279 3668 ut
3329 3626 3525 3685 potens
3571 3617 3642 3670 sit

2060 3705 2112 3757 in
2149 3705 2445 3773 arguendo,
2467 3715 2523 3757 et
2540 3703 2881 3757 exhortando
2899 3713 3207 3772 peccantes,
3230 3705 3394 3773 hujus
3424 3706 3643 3774 proprie

2059 3815 2255 3853 manus
2288 3798 2590 3863 invalescit,
2620 3798 2830 3860 sive,ut
2852 3799 3225 3870 Septuaginta,
3256 3799 3482 3866 invenit,
3516 3803 3641 3870 quia

2063 3907 2160 3959 per
2198 3906 2351 3945 suam
2386 3890 2656 3944 actionem
2692 3889 2938 3944 invenire
2969 3899 3024 3944 et
3066 3891 3298 3946 aliorum
3342 3908 3643 3948 conversa-

2060 3982 2268 4036 tionem
2309 3992 2363 4037 et
2415 3981 2851 4037 exhortationem
2900 3991 3100 4053 potest.
3149 3983 3353 4040 Deinde
3393 3997 3448 4040 et
3477 3986 3645 4042 frater

2065 4082 2211 4138 tuus,
2242 4075 2332 4144 qui
2366 4074 2493 4127 olim
2542 4072 2793 4127 eruditus
2831 4082 2917 4127 est
2962 4072 3016 4127 in
3066 4075 3255 4139 verbo,
3288 4076 3382 4130 sed
3414 4084 3469 4131 et
3518 4077 3643 4147 quia

2063 4165 2291 4236 aequalis
2341 4164 2435 4219 tibi
2482 4175 2567 4220 est
2612 4166 2912 4220 secundum
2952 4175 3154 4221 sortem
3194 4169 3642 4227 conversationis.

2069 4260 2171 4312 hoc
2201 4267 2287 4312 est
2338 4257 2485 4312 enim
2521 4256 2688 4312 frater
2732 4266 3072 4323 attenuatus,
3108 4259 3161 4313 id
3214 4269 3320 4325 est,
3360 4277 3467 4314 non
3510 4263 3651 4317 inve-

2068 4351 2228 4405 niens
2262 4351 2665 4415 exhortantem,
2693 4359 2750 4405 et
2786 4351 3073 4406 consilium
3104 4353 3324 4407 dantem
3353 4372 3366 4407 :
3407 4356 3648 4419 advena,

2068 4443 2183 4498 sive
2216 4442 2521 4515 peregrino,
2564 4444 2650 4499 vel
2697 4443 2966 4513 inquilino
2994 4460 3053 4498 se
3086 4447 3412 4511 vendiderit,
3456 4449 3507 4501 id
3544 4460 3651 4512 est,

2067 4537 2118 4590 ei
2161 4536 2252 4605 qui
2305 4537 2524 4591 noviter
2553 4537 2620 4591 de
2651 4536 2926 4607 gentibus,
2951 4544 3045 4590 aut
3083 4537 3150 4591 de
3176 4537 3399 4606 Judaeis,
3435 4549 3530 4594 aut
3566 4556 3657 4595 se-

2069 4628 2310 4682 cundum
2354 4628 2501 4698 quod
2548 4628 2785 4682 diximus
2830 4628 3101 4683 bereticis
3144 4630 3410 4692 credenti.
3443 4647 3657 4687 venun-

2071 4715 2232 4768 datur
2281 4724 2463 4770 autem
2511 4714 2596 4777 ci,
2648 4714 2740 4769 illo
2786 4715 3015 4769 verbum
3063 4714 3383 4780 doctorale,
3437 4728 3660 4790 propter

2072 4803 2544 4857 conversationem
2576 4804 2696 4873 ejus
2727 4802 3108 4874 impendente:
3141 4805 3267 4874 quin
3300 4806 3659 4879 incongruum

2072 4902 2158 4947 cst
2212 4910 2358 4958 eum,
2400 4895 2494 4965 qui
2549 4894 2678 4949 olim
2740 4895 2794 4949 in
2836 4896 2981 4950 clara
3019 4896 3249 4951 scientia
3280 4906 3337 4952 et
3379 4911 3665 4953 conversa-

2076 4984 2224 5038 tione
2253 4994 2418 5041 notus
2445 4985 2566 5048 fuit.
2598 4987 2699 5041 sub
2725 5001 2793 5041 eo
2820 4987 2914 5056 qui
2952 4987 3169 5041 noviter
3202 4986 3271 5041 ad
3305 4986 3466 5041 fidem
3494 4989 3660 5052 venit,

2079 5093 2258 5147 agere.
2307 5075 2426 5131 Non
2475 5086 2562 5132 est
2616 5078 2763 5133 enim
2802 5094 2967 5149 parva
3005 5094 3095 5134 res
3145 5078 3526 5147 discipulatus,
3569 5080 3699 5157 sed,

2082 5170 2235 5224 multi
2279 5171 2563 5240 temporis,
2606 5171 2733 5225 vitae
2770 5171 2937 5226 etiam
2974 5185 3084 5224 non
3127 5170 3375 5225 modicus
3405 5170 3670 5227 decursus

2083 5263 2149 5317 ad
2190 5262 2584 5333 perfectionem
2626 5263 2992 5318 necessarius.
3026 5260 3195 5316 Recte
3233 5261 3537 5324 redimitur.
3573 5265 3670 5333 qui

2086 5344 2320 5400 voluerit
2359 5360 2427 5400 ex
2458 5344 2719 5400 fratribus
2756 5345 2894 5410 suis,
2927 5354 3072 5399 emet
3102 5359 3251 5409 cum,
3276 5344 3330 5400 id
3374 5353 3485 5412 est,
3520 5345 3673 5417 quis-

2088 5439 2234 5510 piam
2270 5452 2395 5492 eum
2437 5437 2631 5492 similis
2682 5436 2930 5500 honoris,
2975 5434 3280 5505 similisque
3324 5437 3675 5506 scientiae,“

2087 5530 2525 5586 conversationis
2585 5546 2684 5600 per
2730 5544 2886 5585 suam
2934 5528 3242 5584 doctrinam
3291 5531 3561 5597 redimat,
3613 5540 3674 5588 et

2068 5709 2110 5742 ³⁷
2146 5706 2303 5764 Joan.
2336 5723 2454 5775 vtu,
2488 5708 2577 5763 δῦ.

2657 5708 2699 5740 ³⁸
2733 5710 2751 5765 l
2789 5710 2930 5765 Tim.
2967 5728 3004 5766 ι.
3038 5711 3091 5765 '5.
3190 5710 3231 5742 ³³
3264 5709 3368 5764 Tit.
3405 5724 3444 5778 t,
3475 5708 3534 5767 5.
