3988 6222
427 280 447 342 l
468 280 568 345 135

427 396 592 451 faciat
635 410 743 450 non
772 409 907 464 opus
943 393 1143 447 habere
1183 392 1463 447 admoneri
1492 393 1561 446 ab
1586 394 1687 456 eis,
1720 407 1856 461 quos
1890 392 2006 461 ipse
2037 396 2076 451 Α

427 486 617 542 debuit
648 487 962 550 admouere,
1018 494 1206 554 utpote
1261 487 1350 554 qui
1408 486 1462 538 in
1502 485 1725 539 scientia
1776 483 2001 554 perfecit

423 593 520 631 eos
559 578 650 646 qui
686 576 864 631 adhuc
918 578 1079 631 modo
1129 578 1294 647 geniti
1353 587 1499 631 sunt.
1542 576 1659 630 Non
1718 587 1800 630 est
1851 577 1997 631 enim

422 666 818 739 qualiscunque
846 666 900 720 in
937 667 1250 722 doctoribus
1281 667 1530 739 dignitas,
1565 667 1705 738 longi
1739 667 1999 736 temporis

421 756 667 820 scuentia,
691 756 743 810 in
773 763 984 810 tantum
1024 767 1084 811 ut
1122 756 1342 822 Paulus,
1377 757 1594 827 quando
1628 755 1999 812 Philemonem

420 846 633 901 volebat
670 846 912 917 alligare.
950 848 1032 901 sic
1064 848 1375 917 scripsisset
1408 864 1422 900 :
1463 846 1702 901 Obsecro
1724 863 1847 901 cum
1880 847 1999 901 talis

421 939 517 1003 sis,
542 947 600 993 ut
626 938 827 991 Paulus
865 953 1053 1002 senex,
1082 953 1228 992 nunc
1253 945 1435 992 autem
1460 947 1515 990 et
1553 938 1766 991 vinctus
1795 937 1997 992 Christi

418 1025 568 1082 Jesu.
614 1026 680 1080 Et
710 1036 1037 1082 vetustatem
1075 1028 1353 1098 temporis,
1385 1028 1735 1092 confessioni,
1784 1044 1906 1097 qua:
1945 1028 1997 1082 in

423 1115 658 1169 vinculis
693 1124 833 1180 erat,
882 1116 1187 1181 conjunxit,
1219 1123 1406 1185 utpote
1447 1115 1697 1187 idoneam
1727 1118 1995 1170 exsisten~

419 1214 526 1258 tem
568 1204 635 1258 ad
674 1205 899 1274 gloriam
931 1219 1122 1259 eorum
1161 1204 1251 1273 qui
1274 1205 1328 1258 in
1364 1204 1590 1258 scientia
1626 1204 1993 1274 profecerunt.

417 1291 650 1346 Patruus
681 1306 829 1363 ergo,
855 1301 911 1347 et
938 1294 1220 1362 patruelis,
1249 1301 1304 1347 et
1334 1293 1793 1364 consanguineus,
1819 1301 1874 1347 et
1917 1291 1998 1345 af-

418 1379 542 1434 ﬁnis
595 1379 829 1434 redimat
881 1394 1025 1433 cuni.
1069 1379 1257 1435 Patres
1285 1380 1456 1436 nostri
1513 1390 1641 1435 sunt
1696 1379 1994 1434 secundum

417 1467 694 1536 spiritum,
727 1468 818 1537 qui
853 1483 953 1522 nos
981 1478 1406 1539 genueruntper
1442 1468 1645 1523 Christi
1666 1468 1992 1532 doctrinam,

417 1565 638 1625 propter
675 1556 821 1624 quod
854 1563 911 1609 et
948 1554 1147 1610 Paulus
1188 1556 1488 1611 Corinthiis
1519 1555 1810 1611 scribebat:
1851 1554 1995 1609 Nam

412 1643 511 1696 etsi
547 1641 737 1695 multos
764 1641 967 1695 habetis
994 1644 1304 1714 pa’dagogos
1355 1645 1413 1697 in
1467 1644 1690 1708 Christo,
1748 1647 1838 1697 sed
1895 1660 1996 1696 non

1612 278 1974 340 HESYCIIII
2029 274 2508 337 PRESBYTERI

3549 281 3693 347 1136

2180 387 2414 444 Tantum
2450 391 2517 444 de
2540 389 2788 446 libertate
2828 400 3035 459 nostra,
3069 404 3123 448 et
3148 395 3453 456 honestate.
3485 410 3534 451 et
3566 399 3691 467 glo-

2104 478 2334 532 riatione
2375 479 2430 532 in
2480 481 2637 536 nobis
2662 520 2674 544 ,
2708 491 2763 536 et
2802 484 3134 539 conﬁdentia
3180 495 3401 541 sanctus
3449 484 3692 557 Spiritus

2101 568 2197 630 ait.
2240 579 2299 623 ut
2330 586 2776 642 unumquemque
2814 587 3063 630 nostrum
3112 577 3213 633 sub
3257 579 3519 633 servitute
3552 593 3693 648 pec-

2099 664 2208 717 cati
2258 665 2640 729 constitutum,
2675 665 2971 720 virtutibus
3026 666 3309 737 pnecipiat
3360 668 3575 733 redimi,
3628 678 3695 723 et

2100 757 2558 820 corrcctionibus,
2579 757 2625 811 si
2654 757 2804 812 verbi
2836 759 3029 830 gratia.
3064 758 3301 812 cilicium
3334 770 3389 813 et
3415 761 3688 823 cinerem,

2100 854 2155 900 et
2194 847 2477 918 lacrymas,
2513 857 2569 902 et
2615 863 2734 903 eam
2780 865 2901 918 quae
2933 850 2989 903 in
3019 849 3105 904 bis
3156 860 3241 904 est
3279 850 3691 905 confessionem

2101 938 2299 991 lucrari
2355 939 2628 1002 volumus,
2688 948 2743 993 et
2779 954 3117 1009 quaecunque
3170 956 3293 995 cum
3340 940 3425 994 his
3475 957 3690 994 annum

2100 1026 2384 1080 continent
2417 1026 2624 1096 jubilaci
2651 1067 2664 1091 ,
2702 1026 2816 1081 sive
2852 1027 3212 1089 remissionis,
3265 1028 3330 1082 ad
3365 1028 3691 1096 huiusmodi

2098 1116 2245 1170 enim
2288 1118 2666 1185 probationem
2715 1118 3006 1188 prmsentia
3042 1120 3316 1189 exposuit.
3368 1119 3465 1173 Sin
3492 1128 3690 1174 autem

2100 1213 2154 1258 ct
2196 1206 2311 1276 ipse
2357 1208 2613 1277 potuerit,
2668 1208 2900 1262 redimet
2946 1223 3005 1262 se
3055 1210 3367 1279 supputatis
3412 1210 3695 1264 duntaxat

2097 1297 2279 1361 annis,
2316 1312 2347 1351 a
2379 1307 2624 1367 tempore
2648 1299 2976 1353 venditionis
3004 1315 3136 1363 suae,
3168 1315 3342 1369 usque
3370 1301 3436 1354 ad
3468 1317 3687 1355 uinum

2093 1387 2319 1456 jubilari.
2362 1388 2419 1441 Si
2466 1389 2613 1443 enim
2658 1405 2864 1459 pauper
2907 1389 3085 1446 factus
3117 1407 3215 1461 per
3247 1402 3554 1463 peccatum,
3584 1392 3689 1463 qui

2097 1479 2249 1548 prius
2274 1479 2426 1533 dives
2449 1489 2567 1534 erat
2596 1480 2647 1533 in
2667 1480 2961 1535 virtutibus
2977 1491 3032 1535 et
3051 1474 3501 1549 correctionibus,
3528 1493 3686 1537 recte

2097 1571 2449 1640 semetipsum
2485 1571 2758 1635 liberavit,
2797 1571 2926 1625 dum
2962 1571 3193 1627 sufﬁciat
3239 1573 3306 1628 ad
3331 1575 3684 1643 exhortatio.

2099 1677 2226 1715 nem
2262 1664 2559 1732 propriam.
2596 1662 2983 1717 Verumtamen
3015 1679 3118 1718 nec
3174 1664 3261 1718 hic
3303 1665 3576 1735 integrum
3609 1667 3683 1720 de

415 1734 606 1788 multos
627 1743 804 1804 patres
834 1734 900 1787 ⁸ο.
933 1733 988 1786 In
1027 1735 1248 1789 Christo
1276 1735 1423 1789 enim
1445 1735 1594 1800 Jesu,
1628 1750 1723 1804 per
1750 1730 1995 1805 liv-auge?

2098 1768 2156 1808 se
2192 1753 2447 1813 conﬁdat,
2482 1765 2541 1808 ut
2570 1756 2659 1824 qui
2695 1756 2863 1809 semel
2912 1756 3220 1812 inﬁrmatus
3265 1767 3368 1821 est,
3416 1758 3686 1810 exhorta-

413 1824 545 1879 lium
592 1840 690 1879 vos
737 1825 918 1896 genui.
959 1825 1238 1895 Quotquot
1292 1841 1421 1897 ergo
1453 1827 1647 1881 fratres
1690 1828 1904 1892 horum,
1942 1827 1995 1881 id

410 1927 494 1972 est
530 1917 863 1979 sacerdotes,
912 1916 1054 1970 sicut
1100 1925 1155 1970 et
1201 1917 1303 1987 ipsi
1343 1926 1472 1971 sunt
1503 1926 1559 1971 et
1592 1917 1866 1983 doctores,
1902 1927 1996 1970 aut

409 2019 464 2063 et
522 2009 617 2063 ﬁlii
669 2008 925 2075 fratrum,
980 2016 1077 2062 aut
1124 2007 1376 2078 discipuli
1425 2009 1643 2078 quidem
1680 2024 1892 2077 eorum,
1936 2010 1991 2064 in

408 2084 656 2156 eamdem
707 2110 888 2155 autem
943 2115 1105 2170 quam
1144 2099 1235 2153 ille
1279 2100 1564 2155 scientiam
1598 2111 1653 2155 et
1686 2102 1991 2155 doctrinam

411 2193 660 2263 provecti
712 2202 864 2255 sunt,
901 2193 1099 2246 fratres
1137 2193 1305 2261 patris
1359 2202 1507 2247 recte
1562 2194 1835 2249 dicuntur.
1889 2194 1993 2259 Qui

408 2288 555 2341 enim
590 2284 983 2355 consanguinei
1034 2292 1091 2337 et
1128 2282 1317 2338 afﬁnes
1365 2292 1495 2338 sunt
1544 2284 1664 2353 ejus
1725 2286 1821 2354 qui
1871 2299 1993 2354 eget,

407 2380 634 2434 consilio
665 2385 719 2431 et
753 2376 1156 2439 exhortatione,
1186 2376 1240 2429 id
1274 2383 1379 2438 est,
1415 2384 1473 2430 ut
1503 2376 1593 2445 qui
1624 2375 1866 2442 ejusdem
1906 2376 1990 2430 di-

406 2470 627 2540 gnitatis
658 2476 713 2522 et
762 2466 1196 2521 conversationis
1229 2465 1469 2531 fuerunt,
1515 2465 1568 2519 hi
1606 2480 1795 2519 rursus
1840 2465 1990 2519 redi-

407 2569 583 2623 munt,
613 2560 761 2614 Pauli
790 2573 1064 2612 memores
1094 2557 1270 2613 vocis:
1319 2557 1378 2611 Si
1403 2559 1519 2628 quis
1548 2568 1724 2612 autem
1750 2574 1986 2625 suorum,

407 2664 456 2709 et
501 2653 732 2706 maxime
784 2651 1186 2704 domesticorum
1232 2666 1417 2703 curam
1459 2634 1581 2703 non-
1606 2651 1756 2705 habet
1783 2691 1797 2716 ,
1832 2651 1989 2719 ﬁdem

408 2742 614 2813 negavit
634 2783 650 2808 ,
679 2749 727 2793 et
759 2750 832 2793 est
862 2739 1061 2807 inﬁdeli
1109 2740 1338 2793 deterior
1366 2740 1430 2805 “,
1466 2751 1520 2795 et
1557 2742 1649 2807 qui
1677 2750 1893 2811 oportet
1918 2743 1984 2795 ad

405 2847 600 2888 ontues
618 2832 823 2886 bonum
855 2829 1168 2895 ostendere,
1184 2829 1417 2885 maxime
1440 2840 1620 2884 autem
1641 2832 1707 2885 ad
1739 2832 1986 2901 proprios

406 2927 553 2982 ﬁdei.
618 2925 684 2981 lli
737 2940 865 2997 ergo
925 2922 1086 2978 nobis
1142 2924 1536 2994 consanguinei
1606 2940 1706 2994 per
1764 2940 1982 2979 carnem

2099 1841 2246 1895 tione
2278 1851 2333 1895 et
2360 1843 2588 1896 consilio
2610 1858 2797 1913 egens,
2817 1852 3096 1912 computet
3125 1845 3269 1913 apud
3294 1846 3679 1914 semetipsom.

2096 1934 2147 1986 id
2188 1943 2292 1999 est,
2334 1948 2518 1987 secum
2562 1943 2755 1990 tractet
2808 1944 2863 1989 et
2921 1935 3209 2003 disceptet.
3270 1934 3361 1990 Sic
3404 1938 3554 1990 enim
3619 1947 3683 1992 et

2094 2025 2433 2081 Theodotion
2460 2045 2473 2081 :
2524 2026 2797 2081 Tractabit
2831 2044 2950 2081 cum
2983 2045 3061 2093 eo,
3097 2029 3189 2094 qui
3218 2029 3493 2098 acquisivit
3525 2046 3677 2085 cum.

2091 2118 2286 2186 Aquila
2327 2128 2528 2174 autem:
2554 2118 2874 2188 Supputabit
2897 2138 3013 2173 cum
3043 2137 3121 2182 eo,
3156 2123 3246 2190 qui
3267 2123 3493 2190 possedit
3522 2139 3676 2175 eum.

2093 2208 2153 2261 Ei
2180 2209 2271 2279 qui
2303 2210 2573 2273 tractavit,
2607 2212 2880 2279 quomodo
2914 2212 3109 2265 debeat
3141 2229 3322 2266 veram
3358 2214 3676 2268 libertatem

2092 2301 2194 2355 sibi
2245 2301 2610 2370 conquirere:
2669 2303 3003 2370 computavit
3038 2311 3218 2356 autem
3255 2304 3324 2358 ab
3372 2319 3516 2356 anno
3558 2321 3675 2374 quo

2091 2393 2441 2462 semetipsum
2472 2392 2735 2456 vendidit,
2767 2408 2937 2462 usque
2959 2392 3022 2446 ad
3056 2409 3260 2447 annum
3288 2394 3514 2463 jubilrci,
3546 2398 3673 2449 sive

2089 2484 2447 2545 remissionis.
2480 2499 2510 2537 a
2543 2500 2651 2552 quo
2686 2484 2935 2539 videlicet
2970 2500 3204 2554 peccans
3234 2487 3383 2556 eguit
3429 2488 3673 2542 consilio

2087 2583 2143 2628 et
2181 2574 2464 2637 doctrina,
2511 2576 2814 2643 usquedum
2861 2575 3125 2645 integram
3195 2587 3248 2630 et
3290 2577 3665 2632 omnimodam

2087 2677 2307 2739 peragat
2357 2668 2754 2737 paenitentiam,
2797 2671 2851 2721 in
2911 2683 3017 2737 qua
3072 2669 3449 2725 remissionem
3511 2671 3664 2725 acci-

2087 2759 2264 2829 piens,
2295 2757 2514 2827 aaqualis
2563 2758 2610 2812 ei
2657 2758 2783 2823 ﬁat,
2830 2759 2922 2829 qui
2958 2760 3178 2830 penitus
3220 2775 3330 2814 non
3387 2763 3658 2829 peccavit.

2084 2848 2225 2914 Quid
2259 2856 2440 2900 autem
2474 2847 2761 2901 tractabit?
2798 2848 2996 2917 quibus
3043 2848 3334 2903 virtutibus
3389 2858 3444 2902 et
3470 2865 3661 2903 corre-

2084 2941 2376 3006 ctionibus,
2409 2955 2525 2994 eam
2558 2956 2680 3010 qua:
2722 2957 2820 3010 per
2856 2943 3154 2995 studiosam
3173 2943 3552 3012 ptenitcntiatn
3573 2951 3663 2999 est

404 3019 605 3075 Christi
634 3029 781 3083 sunt,
815 3017 941 3088 quia
979 3018 1047 3072 de
1094 3032 1256 3072 carne
1291 3017 1412 3087 ejus
1444 3018 1591 3071 etde
1618 3017 1833 3073 ossibus
1863 3020 1982 3089 ejus

578 3126 581 3127 ν
658 3125 664 3127 λ
710 3124 836 3127 μη
868 3109 897 3127 ,κ
924 3107 1105 3127 --μμ
1279 3121 1466 3127 μω---
1506 3105 1699 3127 .π.,,.,.,Δ
1730 3106 1977 3127 ,πμιηεμ

2092 3036 2478 3101 remissionem,
2499 3038 2877 3105 apprehendre
2906 3047 2960 3090 et
2992 3039 3286 3106 procedere
3306 3039 3497 3108 possit.
3529 3037 3659 3097 Sic-

406 3126 615 3175 sumus,
648 3107 1109 3178 quemadmodum
1135 3107 1251 3176 ipse
1279 3121 1470 3161 rursus
1505 3105 1703 3160 Paulus
1729 3106 1981 3176 Ephesiis

405 3201 644 3271 scripsit.
681 3200 738 3252 In
786 3210 996 3253 tantum
1037 3208 1167 3268 ergo
1206 3197 1400 3251 melius
1429 3205 1514 3251 est
1543 3196 1610 3250 ab
1634 3197 1890 3265 antiquis,
1927 3208 1983 3251 et

406 3295 650 3364 ejusdem
702 3291 827 3346 ﬁdei
878 3291 1157 3346 admoneri
1212 3305 1335 3344 eum
1370 3288 1463 3358 qui
1528 3288 1582 3342 in
1631 3288 1848 3343 actione
1889 3299 1984 3344 aut

407 3388 633 3443 scientia
664 3386 846 3439 minor
882 3393 984 3449 est,
1016 3383 1141 3453 quia
1171 3382 1388 3452 Apelles
1422 3381 1845 3446 Alexandrinus,
1881 3381 1982 3435 do-

407 3488 528 3533 ctus
572 3478 831 3547 magister
859 3485 977 3529 erat
1013 3483 1068 3529 et
1111 3475 1309 3539 clarus,
1348 3475 1444 3528 sed
1498 3484 1679 3527 tamen
1712 3474 1980 3528 minorem

406 3569 688 3624 scientiam
722 3566 981 3631 habebat,
1016 3574 1072 3620 et
1110 3566 1214 3619 hoc
1248 3565 1393 3633 quod
1431 3574 1549 3618 erat
1576 3578 1869 3628 summum,
1899 3579 1983 3617 re-

407 3660 781 3733 prehensibile
829 3659 1084 3724 habebat,
1135 3658 1389 3713 nesciens
1433 3655 1637 3711 Christi
1690 3656 1978 3726 baptisma.

406 3752 561 3810 Unde
608 3750 851 3807 Priscilla
906 3758 964 3804 et
1006 3749 1201 3818 Aquila
1252 3756 1611 3818 susceperunt
1649 3747 1796 3800 hunc
1824 3749 1891 3812 δ’,
1927 3757 1983 3802 et

406 3840 665 3895 subtilius
698 3845 1072 3907 exposuerunt
1123 3836 1173 3890 ei
1204 3836 1364 3900 viam,
1416 3837 1559 3890 sicut
1593 3837 1672 3889 ait
1694 3836 1889 3901 Lucas,
1925 3836 1981 3891 id

407 3940 516 3995 est,
543 3946 627 3993 ea,
660 3947 780 4000 quae
811 3930 1157 3999 pertinebant
1187 3929 1252 3982 ad
1274 3928 1577 3982 doctrinam
1601 3929 1978 3985 etscientiam:

406 4019 765 4092 incongruum
795 4035 918 4074 esse
950 4025 1222 4088 putantes,
1257 4018 1302 4072 si
1334 4019 1403 4072 ab
1427 4018 1547 4072 aliis
1575 4026 1629 4072 et
1671 4034 1781 4074 non
1812 4019 1880 4073 ab
1903 4020 1983 4073 eis

405 4114 497 4183 qui
562 4114 617 4167 iu
679 4111 907 4167 scientia
968 4111 1358 4181 profecerunt,
1407 4113 1595 4181 quales
1642 4119 1800 4166 erant
1854 4111 1978 4182 ipsi,

406 4204 788 4258 emendaretur
829 4202 1038 4257 doctor.
1082 4201 1190 4256 Sed
1212 4210 1420 4256 etcum
1464 4202 1580 4257 haec
1608 4200 1718 4256 sint
1748 4201 1983 4255 admira-

405 4296 557 4358 bilia,
582 4295 761 4349 adhuc
788 4293 1193 4349 admirabiliora
1215 4302 1535 4363 sequuntur.

2084 3136 2144 3181 ut
2197 3126 2344 3180 enim
2377 3125 2468 3194 qui
2499 3127 2784 3194 pecuniam
2809 3128 3041 3181 reddidit
3075 3132 3655 3199 re.lemptori,annum

2083 3216 2420 3269 remissionis
2453 3226 2771 3286 exspectare
2802 3232 2939 3286 opus
2970 3234 3078 3271 non
3111 3219 3367 3287 habebat,
3399 3222 3491 3290 qui
3534 3234 3657 3279 erat

2080 3308 2585 3378 quinquagesimus.
2634 3309 2724 3377 qui
2775 3309 3030 3377 jUbillBUS
3075 3311 3377 3377 dicebatur,
3413 3315 3494 3369 sic
3557 3319 3654 3387 qui

2081 3406 2365 3467 peccatum
2395 3398 2462 3452 ad
2506 3398 2795 3451 delendum
2843 3399 2974 3453 illud
3027 3401 3285 3469 a2quales,
3323 3404 3437 3459 sive
3493 3420 3657 3474 pares

2082 3489 2309 3543 virtutes
2339 3488 2597 3558 exquirit,
2634 3490 2887 3557 prsrcedit
2921 3491 3321 3560 paenitentiam,
3345 3495 3657 3552 actionibus

2080 3581 2239 3635 bonis
2258 3597 2316 3637 se
2356 3580 2632 3634 redimens
2654 3598 2667 3634 :
2689 3581 2832 3648 quod
2869 3580 3206 3637 demonstrat
3236 3583 3531 3653 Zachazus,
3561 3589 3656 3657 qni

2080 3687 2204 3727 cum
2250 3672 2612 3742 plurimorum
2664 3672 2897 3742 plurima
2944 3674 3292 3736 sustulisset.
3346 3693 3457 3730 non
3507 3682 3659 3751 eguit

2081 3779 2262 3830 sacco,
2286 3774 2341 3819 et
2370 3765 2575 3828 cinere,
2604 3772 2661 3817 et
2693 3762 2970 3833 lacrymis,
3001 3773 3053 3819 et
3083 3765 3350 3822 oratione.
3380 3766 3479 3822 llic
3507 3770 3657 3823 enim

2081 3855 2240 3910 nobis
2276 3871 2455 3909 annus
2477 3854 2837 3920 remissionis,
2869 3855 3009 3909 sicut
3042 3856 3224 3911 omnia
3274 3859 3503 3919 habens.
3534 3878 3658 3930 qua:

2083 3945 2241 3999 nobis
2268 3943 2597 3998 fructiﬁceut
2621 3944 3017 3998 remissionem.
3049 3942 3170 3999 Non
3196 3945 3425 4015 indiguit
3445 3957 3657 4016 autem,-

2081 4033 2208 4107 quia
2241 4041 2466 4102 peccata
2498 4032 2722 4101 quidem
2756 4043 2911 4086 erant
2953 4034 3292 4101 pecuniaria:
3325 4034 3441 4102 ipse
3470 4046 3656 4091 autent

2082 4137 2166 4188 ea,
2206 4137 2328 4191 quae
2357 4121 2585 4191 abrepta
2624 4122 2861 4185 fuerant,
2914 4120 3162 4190 promisit
3186 4120 3413 4175 reddere
3437 4121 3491 4175 iu
3518 4139 3656 4191 qua-

2080 4212 2356 4282 druplum,
2383 4211 2668 4268 dimidium
2699 4220 2880 4267 autem
2919 4225 3140 4265 suorum
3173 4211 3502 4266 distribuere
3525 4228 3658 4281 pau-

2083 4305 2325 4375 peribus.
2369 4303 2596 4372 Propter
2651 4302 2795 4371 quod
2849 4301 3099 4356 Christus
3149 4302 3215 4355 ad
3262 4317 3429 4356 eum:
3484 4306 3657 4356 Hodie

418 4412 422 4417 ~
470 4389 631 4442 Vens.
669 4385 856 4441 50-55.
890 4404 909 4437 ‹
948 4384 1004 4439 Si
1034 4394 1215 4439 autem
1245 4393 1300 4439 et
1322 4384 1436 4453 ipse
1466 4383 1721 4453 potuerit,
1751 4382 1978 4438 redimet

2092 4398 2223 4452 tatus
2273 4398 2394 4449 huic
2439 4397 2619 4448 domui
2649 4396 2790 4466 facta
2842 4404 2917 4449 est
2944 4395 3011 4462 ⁸³,
3053 4394 3356 4464 suscipiens
3396 4397 3655 4464 pecunia.-

403 4495 484 4548 se,
515 4478 823 4550 supputatis
850 4476 1115 4532 duntaxat
1142 4474 1300 4530 annis
1323 4489 1354 4529 a
1387 4483 1629 4545 tempore
1649 4473 1976 4529 venditionis

403 4588 516 4627 suae
574 4584 747 4641 usque
790 4573 844 4625 in
895 4584 1100 4623 annum
1149 4567 1455 4639 jubilaeum,
1506 4577 1557 4622 et
1590 4568 1821 4637 pecunia
1867 4583 1974 4638 qua

405 4663 658 4717 venditus
692 4662 904 4728 fuerat,
941 4661 1097 4732 juxta
1148 4674 1419 4714 annorum
1448 4674 1737 4713 numerum
1797 4666 1853 4713 et
1884 4675 1974 4713 ra-

404 4756 611 4810 tionem
640 4755 964 4809 mercenarii
995 4762 1306 4824 supputata.
1340 4753 1397 4808 Si
1415 4753 1598 4823 plures
1614 4752 1815 4806 fuerint
1842 4753 1974 4806 anni

398 4850 494 4920 qui
539 4856 823 4903 remanent
855 4862 1026 4917 usque
1057 4847 1127 4901 ad
1176 4846 1478 4915 jubilamm,
1527 4845 1825 4900 secundum
1872 4844 1973 4900 hos

398 4942 590 4998 reddet
617 4951 673 4997 et
713 4953 966 5013 pretium.
1006 4940 1061 4993 Si
1106 4940 1285 5009 pauci,
1322 4948 1486 5008 ponet
1533 4939 1797 4994 rationem
1847 4953 1970 4992 cum

397 5051 465 5090 eo
490 5037 647 5105 juxta
680 5034 940 5104 pretium,
971 5042 1025 5086 ct
1050 5044 1339 5085 numerum
1372 5045 1662 5091 annorum,
1697 5038 1753 5082 et
1782 5028 1972 5083 reddet

397 5128 632 5198 emptori
664 5126 808 5197 quod
852 5125 1121 5194 reliquum
1168 5131 1253 5176 est
1294 5135 1582 5185 annorum,
1616 5120 1813 5190 quibus
1841 5129 1968 5173 ante

396 5218 626 5275 oervivit
673 5215 1016 5271 mercedibus
1069 5210 1366 5281 imputatis.
1420 5208 1539 5265 Non
1588 5211 1787 5281 atiliget
1840 5224 1966 5263 eum

395 5310 661 5367 violenter
688 5309 742 5362 in
773 5315 1066 5376 conspectu
1109 5314 1222 5359 tuo.
1247 5303 1402 5369 Quod
1433 5303 1481 5357 si
1509 5319 1606 5374 per
1635 5305 1750 5358 haec
1779 5302 1968 5357 redimi

401 5417 513 5457 non
562 5399 814 5472 potuerit,
859 5412 1005 5453 anno
1040 5396 1263 5467 jubilzeo
1308 5395 1581 5465 egreditur
1630 5410 1754 5450 cum
1783 5395 1972 5449 liberis

397 5495 534 5547 suis.
562 5491 665 5544 Mei
694 5490 837 5543 enim
870 5498 998 5543 sunt
1028 5486 1172 5541 servi
1206 5486 1299 5540 ﬁlii
1334 5486 1517 5551 Israel,
1547 5501 1686 5557 quos
1714 5486 1874 5542 eduxi
1905 5485 1974 5540 de

400 5589 547 5637 terra
574 5580 810 5651 Egypti.
844 5580 955 5650 Ego
983 5578 1244 5635 Dominus
1275 5578 1420 5635 Deus
1444 5588 1640 5635 vester.
1680 5596 1701 5633 ι

469 5695 568 5753 σοι
604 5694 722 5752 Cor.
762 5710 833 5759 tv,
857 5695 942 5750 15.
1019 5695 1060 5727 ⁸⁸
1095 5694 1208 5751 Gal.
1241 5712 1312 5763 vI,
1341 5696 1425 5753 l0.

2079 4482 2470 4555 redemptionis
2492 4481 2801 4552 ejus,dixit.
2828 4481 3159 4536 Admirabile
3189 4490 3273 4535 est
3297 4490 3482 4535 autem
3509 4483 3651 4552 quod

2077 4576 2349 4646 sequitur.

2146 4667 2212 4721 Et
2243 4666 2462 4737 pecunia
2497 4682 2599 4736 qua
2633 4665 2869 4719 venditus
2895 4665 3069 4733 fuerat
3085 4664 3246 4730 juxta
3270 4680 3531 4718 annorum
3557 4681 3645 4717 uu-

2076 4774 2298 4823 merum,
2334 4766 2381 4810 et
2416 4758 2673 4810 rationem
2702 4755 3012 4809 mercenarii
3036 4764 3401 4823 supputatam.

2153 4849 2279 4903 Sive
2309 4846 2607 4902 secundum
2640 4844 2993 4916 Septuaginta
3018 4863 3029 4897 :
3054 4847 3167 4899 Erit
3203 4849 3435 4915 pecunia
3476 4847 3652 4901 vendi-

2080 4939 2240 4994 tionis
2269 4939 2387 5009 ejus
2421 4952 2565 4991 anno
2605 4936 2747 4990 sicut
2772 4937 2890 4990 dies
2918 4934 3240 4990 mercenarii
3263 4936 3377 4991 erit
3405 4934 3647 4991 cum‘eo.
3702 4960 3709 4967 ε

2075 5031 2214 5084 Cum
2254 5044 2364 5098 quo
2396 5028 2484 5081 die
2524 5041 2653 5097 ergo
2695 5026 2968 5096 legislator
3018 5038 3128 5078 non
3183 5025 3381 5079 frustra
3416 5029 3652 5081 utentio-

2073 5137 2197 5176 nem
2221 5122 2366 5183 fecit,
2385 5119 2477 5176 sed
2503 5120 2647 5174 illam
2674 5118 2927 5180 iunuens,
2947 5132 3107 5187 quam
3131 5128 3319 5188 aperte
3335 5119 3387 5172 in
3410 5117 3647 5191 Evange-

2072 5211 2157 5268 liis
2174 5214 2430 5268 Dominus
2444 5210 2922 5275 ostendit,quando
2939 5209 3244 5279 parabolam
3258 5213 3646 5280 operariorum,

2076 5305 2169 5375 qui
2206 5304 2273 5359 ad
2302 5304 2515 5358 vineam
2566 5301 2820 5356 conducti
2870 5308 3033 5365 sunt,
3061 5299 3377 5371 exposuit“
3402 5303 3648 5372 :quando

2079 5399 2180 5451 hos
2197 5396 2417 5466 quidem
2436 5409 2615 5461 mane,
2635 5393 2753 5449 illos
2774 5401 2956 5449 autem
2988 5394 3120 5449 hora
3137 5395 3313 5460 tertia,
3347 5396 3451 5451 bos
3472 5407 3646 5452 autem

2080 5496 2229 5542 sexta
2260 5527 2275 5553 ,
2309 5487 2429 5541 illos
2461 5495 2643 5541 autem
2667 5488 2831 5551 ndna,
2859 5485 2992 5540 alios
3013 5499 3143 5540 vero
3172 5486 3458 5541 undecima
3485 5500 3645 5557 quum

2082 5577 2311 5634 conduci
2351 5578 2598 5643 dixisset,
2637 5587 2695 5632 et
2739 5577 2853 5631 dari
2896 5577 3175 5632 mercedes
3230 5578 3333 5653 his.
3368 5578 3459 5649 qui
3506 5577 3638 5634 circa

1504 5696 1546 5729 ⁸³
1572 5695 1691 5752 Act.
1719 5712 1838 5765 vut,
1866 5696 1956 5753 26.
2031 5698 2076 5729 ⁴³
2110 5697 2243 5752 Luc.
2276 5712 2385 5763 xix,
2422 5696 2475 5750 9.
2552 5695 2598 5728 ⁸³
2626 5694 2817 5750 Matth.
2856 5710 2946 5759 xx,
2986 5697 3007 5747 Ι
3039 5707 3154 5763 seq.
