  <div class='ocr_page' id='page_1' title='image "/cluster/home/n/w/nwhite01/storage/ocr_20150623/93/mdp.39015078384313/576.png"; bbox 0 0 3962 6220; ppageno 0'>
   <div class='ocr_carea' id='block_1_1' title="bbox 333 415 469 486">
    <p class='ocr_par' dir='ltr' id='par_1_1' title="bbox 333 415 469 486">
     <span class='ocr_line' id='line_1_1' title="bbox 333 415 469 486; baseline -0.022 0"><span class='ocrx_word' id='word_1_1' title='bbox 333 415 469 486; x_wconf 80' lang='grc'><strong>1137</strong></span> 
     </span>
    </p>
   </div>
   <div class='ocr_carea' id='block_1_2' title="bbox 1450 424 2476 489">
    <p class='ocr_par' dir='ltr' id='par_1_2' title="bbox 1450 424 2476 489">
     <span class='ocr_line' id='line_1_2' title="bbox 1450 424 2476 489; baseline -0.003 -3"><span class='ocrx_word' id='word_1_2' title='bbox 1450 429 1527 487; x_wconf 78' lang='lat' dir='ltr'><strong>1N</strong></span> <span class='ocrx_word' id='word_1_3' title='bbox 1572 424 2011 489; x_wconf 80' lang='lat' dir='ltr'><strong>LEVITICUM.</strong></span> <span class='ocrx_word' id='word_1_4' title='bbox 2049 449 2119 461; x_wconf 95' lang='grc'><strong><em>-</em></strong></span> <span class='ocrx_word' id='word_1_5' title='bbox 2156 425 2302 485; x_wconf 87' lang='lat' dir='ltr'><strong>LIB.</strong></span> <span class='ocrx_word' id='word_1_6' title='bbox 2341 426 2476 486; x_wconf 81' lang='lat' dir='ltr'><strong>VII.</strong></span> 
     </span>
    </p>
   </div>
   <div class='ocr_carea' id='block_1_3' title="bbox 3356 420 3587 486">
    <p class='ocr_par' dir='ltr' id='par_1_3' title="bbox 3356 420 3587 486">
     <span class='ocr_line' id='line_1_3' title="bbox 3356 420 3587 486; baseline 0.009 -2"><span class='ocrx_word' id='word_1_7' title='bbox 3356 426 3362 437; x_wconf 90' lang='lat'>&#39;</span> <span class='ocrx_word' id='word_1_8' title='bbox 3452 420 3587 486; x_wconf 76' lang='lat'><strong>1138</strong></span> 
     </span>
    </p>
   </div>
   <div class='ocr_carea' id='block_1_4' title="bbox 331 528 3586 603">
    <p class='ocr_par' dir='ltr' id='par_1_4' title="bbox 331 528 3586 603">
     <span class='ocr_line' id='line_1_4' title="bbox 331 528 3586 603; baseline 0.003 -21"><span class='ocrx_word' id='word_1_9' title='bbox 331 528 679 585; x_wconf 79' lang='lat' dir='ltr'><strong>undecimam</strong></span> <span class='ocrx_word' id='word_1_10' title='bbox 715 532 972 588; x_wconf 80' lang='lat' dir='ltr'><strong>conducti</strong></span> <span class='ocrx_word' id='word_1_11' title='bbox 1001 541 1150 597; x_wconf 86' lang='lat' dir='ltr'><strong>sunt,</strong></span> <span class='ocrx_word' id='word_1_12' title='bbox 1173 534 1318 587; x_wconf 65' lang='lat' dir='ltr'><strong>sicut</strong></span> <span class='ocrx_word' id='word_1_13' title='bbox 1340 532 1428 587; x_wconf 82' lang='lat' dir='ltr'><strong>his</strong></span> <span class='ocrx_word' id='word_1_14' title='bbox 1447 533 1538 603; x_wconf 92' lang='lat' dir='ltr'><strong>qui</strong></span> <span class='ocrx_word' id='word_1_15' title='bbox 1567 541 1735 589; x_wconf 88' lang='lat' dir='ltr'><strong>totam</strong></span> <span class='ocrx_word' id='word_1_16' title='bbox 1760 532 1902 587; x_wconf 89' lang='lat' dir='ltr'><strong>diem</strong></span> <span class='ocrx_word' id='word_1_17' title='bbox 1936 535 1979 593; x_wconf 79' lang='grc' dir='ltr'>Α</span> <span class='ocrx_word' id='word_1_18' title='bbox 2008 528 2441 600; x_wconf 68' lang='lat' dir='ltr'><strong>praedicaverunt</strong></span> <span class='ocrx_word' id='word_1_19' title='bbox 2472 528 2765 600; x_wconf 74' lang='lat' dir='ltr'><strong>jejunium,</strong></span> <span class='ocrx_word' id='word_1_20' title='bbox 2819 540 2874 586; x_wconf 91' lang='lat' dir='ltr'><strong>et</strong></span> <span class='ocrx_word' id='word_1_21' title='bbox 2926 533 3101 588; x_wconf 83' lang='lat' dir='ltr'><strong>induti</strong></span> <span class='ocrx_word' id='word_1_22' title='bbox 3155 543 3281 589; x_wconf 85' lang='lat' dir='ltr'><strong>sunt</strong></span> <span class='ocrx_word' id='word_1_23' title='bbox 3338 549 3498 588; x_wconf 79' lang='lat' dir='ltr'><strong>sacco</strong></span> <span class='ocrx_word' id='word_1_24' title='bbox 3554 551 3586 591; x_wconf 90' lang='lat' dir='ltr'><strong>a</strong></span> 
     </span>
    </p>
   </div>
   <div class='ocr_carea' id='block_1_5' title="bbox 330 620 1909 696">
    <p class='ocr_par' dir='ltr' id='par_1_5' title="bbox 330 620 1909 696">
     <span class='ocr_line' id='line_1_5' title="bbox 330 620 1909 696; baseline 0.002 -23"><span class='ocrx_word' id='word_1_25' title='bbox 330 620 539 688; x_wconf 85' lang='lat' dir='ltr'><strong>operati</strong></span> <span class='ocrx_word' id='word_1_26' title='bbox 583 630 730 688; x_wconf 91' lang='lat' dir='ltr'><strong>sunt,</strong></span> <span class='ocrx_word' id='word_1_27' title='bbox 764 623 947 690; x_wconf 80' lang='lat' dir='ltr'><strong>jussit,</strong></span> <span class='ocrx_word' id='word_1_28' title='bbox 986 624 1128 678; x_wconf 93' lang='lat' dir='ltr'><strong>sicut</strong></span> <span class='ocrx_word' id='word_1_29' title='bbox 1160 624 1323 679; x_wconf 85' lang='lat' dir='ltr'><strong>unius</strong></span> <span class='ocrx_word' id='word_1_30' title='bbox 1354 639 1483 696; x_wconf 90' lang='lat' dir='ltr'><strong>ergo</strong></span> <span class='ocrx_word' id='word_1_31' title='bbox 1532 623 1771 684; x_wconf 85' lang='lat' dir='ltr'><strong>illorum.</strong></span> <span class='ocrx_word' id='word_1_32' title='bbox 1803 622 1909 677; x_wconf 89' lang='lat' dir='ltr'><strong>erit</strong></span> 
     </span>
    </p>
   </div>
   <div class='ocr_carea' id='block_1_6' title="bbox 332 712 1905 784">
    <p class='ocr_par' dir='ltr' id='par_1_6' title="bbox 332 712 1905 784">
     <span class='ocr_line' id='line_1_6' title="bbox 332 712 1905 784; baseline 0.002 -21"><span class='ocrx_word' id='word_1_33' title='bbox 332 712 382 764; x_wconf 90' lang='lat' dir='ltr'><strong>ei</strong></span> <span class='ocrx_word' id='word_1_34' title='bbox 439 713 530 784; x_wconf 83' lang='lat' dir='ltr'><strong>qui</strong></span> <span class='ocrx_word' id='word_1_35' title='bbox 582 712 867 768; x_wconf 80' lang='lat' dir='ltr'><strong>redimitur</strong></span> <span class='ocrx_word' id='word_1_36' title='bbox 908 714 1138 784; x_wconf 79' lang='lat' dir='ltr'><strong>pecunia</strong></span> <span class='ocrx_word' id='word_1_37' title='bbox 1195 714 1521 770; x_wconf 78' lang='lat' dir='ltr'><strong>venditionis</strong></span> <span class='ocrx_word' id='word_1_38' title='bbox 1569 729 1682 769; x_wconf 65' lang='lat' dir='ltr'><strong>sum</strong></span> <span class='ocrx_word' id='word_1_39' title='bbox 1718 732 1731 766; x_wconf 91' lang='lat'><strong>:</strong></span> <span class='ocrx_word' id='word_1_40' title='bbox 1773 714 1905 768; x_wconf 85' lang='lat' dir='ltr'><strong>licet</strong></span> 
     </span>
    </p>
   </div>
   <div class='ocr_carea' id='block_1_7' title="bbox 332 804 1908 885">
    <p class='ocr_par' dir='ltr' id='par_1_7' title="bbox 332 804 1908 885">
     <span class='ocr_line' id='line_1_7' title="bbox 332 804 1908 885; baseline -0.001 -27"><span class='ocrx_word' id='word_1_41' title='bbox 332 804 481 858; x_wconf 89' lang='lat' dir='ltr'><strong>enim</strong></span> <span class='ocrx_word' id='word_1_42' title='bbox 512 806 560 859; x_wconf 87' lang='lat' dir='ltr'><strong>ei</strong></span> <span class='ocrx_word' id='word_1_43' title='bbox 592 814 647 859; x_wconf 90' lang='lat' dir='ltr'><strong>et</strong></span> <span class='ocrx_word' id='word_1_44' title='bbox 676 819 773 874; x_wconf 86' lang='lat' dir='ltr'><strong>per</strong></span> <span class='ocrx_word' id='word_1_45' title='bbox 803 820 1032 875; x_wconf 86' lang='lat' dir='ltr'><strong>parvum</strong></span> <span class='ocrx_word' id='word_1_46' title='bbox 1061 813 1294 876; x_wconf 88' lang='lat' dir='ltr'><strong>tempus,</strong></span> <span class='ocrx_word' id='word_1_47' title='bbox 1327 816 1380 861; x_wconf 90' lang='lat' dir='ltr'><strong>et</strong></span> <span class='ocrx_word' id='word_1_48' title='bbox 1404 806 1747 885; x_wconf 82' lang='lat' dir='ltr'><strong>permultum</strong></span> <span class='ocrx_word' id='word_1_49' title='bbox 1781 820 1908 875; x_wconf 87' lang='lat' dir='ltr'><strong>per-</strong></span> 
     </span>
    </p>
   </div>
   <div class='ocr_carea' id='block_1_8' title="bbox 335 894 1908 967">
    <p class='ocr_par' dir='ltr' id='par_1_8' title="bbox 335 894 1908 967">
     <span class='ocr_line' id='line_1_8' title="bbox 335 894 1908 967; baseline 0 -19"><span class='ocrx_word' id='word_1_50' title='bbox 335 911 494 966; x_wconf 80' lang='lat' dir='ltr'><strong>agere</strong></span> <span class='ocrx_word' id='word_1_51' title='bbox 536 896 987 965; x_wconf 87' lang='lat' dir='ltr'><strong>redemptionem,</strong></span> <span class='ocrx_word' id='word_1_52' title='bbox 1027 906 1249 967; x_wconf 86' lang='lat' dir='ltr'><strong>propter</strong></span> <span class='ocrx_word' id='word_1_53' title='bbox 1306 897 1450 967; x_wconf 83' lang='lat' dir='ltr'><strong>quod</strong></span> <span class='ocrx_word' id='word_1_54' title='bbox 1475 903 1530 951; x_wconf 91' lang='lat' dir='ltr'><strong>et</strong></span> <span class='ocrx_word' id='word_1_55' title='bbox 1570 894 1908 949; x_wconf 84' lang='lat' dir='ltr'><strong>rationabili-</strong></span> 
     </span>
    </p>
   </div>
   <div class='ocr_carea' id='block_1_9' title="bbox 338 986 994 1054">
    <p class='ocr_par' dir='ltr' id='par_1_9' title="bbox 338 986 994 1054">
     <span class='ocr_line' id='line_1_9' title="bbox 338 986 994 1054; baseline 0.003 -16"><span class='ocrx_word' id='word_1_56' title='bbox 338 993 422 1041; x_wconf 86' lang='lat' dir='ltr'><strong>ter</strong></span> <span class='ocrx_word' id='word_1_57' title='bbox 454 986 728 1054; x_wconf 84' lang='lat' dir='ltr'><strong>legislator</strong></span> <span class='ocrx_word' id='word_1_58' title='bbox 747 986 953 1041; x_wconf 88' lang='lat' dir='ltr'><strong>addidit</strong></span> <span class='ocrx_word' id='word_1_59' title='bbox 981 1006 994 1040; x_wconf 91' lang='lat'>:</span> 
     </span>
    </p>
   </div>
   <div class='ocr_carea' id='block_1_10' title="bbox 413 1075 1912 1147">
    <p class='ocr_par' dir='ltr' id='par_1_10' title="bbox 413 1075 1912 1147">
     <span class='ocr_line' id='line_1_10' title="bbox 413 1075 1912 1147; baseline 0.001 -19"><span class='ocrx_word' id='word_1_60' title='bbox 413 1095 433 1128; x_wconf 80' lang='grc' dir='ltr'><strong>ι</strong></span> <span class='ocrx_word' id='word_1_61' title='bbox 461 1075 518 1129; x_wconf 87' lang='lat' dir='ltr'><strong>Si</strong></span> <span class='ocrx_word' id='word_1_62' title='bbox 564 1086 745 1130; x_wconf 82' lang='lat' dir='ltr'><strong>autem</strong></span> <span class='ocrx_word' id='word_1_63' title='bbox 806 1077 990 1145; x_wconf 84' lang='lat' dir='ltr'><strong>plures</strong></span> <span class='ocrx_word' id='word_1_64' title='bbox 1037 1076 1240 1132; x_wconf 76' lang='lat' dir='ltr'><strong>fuerint</strong></span> <span class='ocrx_word' id='word_1_65' title='bbox 1290 1078 1442 1143; x_wconf 89' lang='lat' dir='ltr'><strong>anni,</strong></span> <span class='ocrx_word' id='word_1_66' title='bbox 1486 1077 1580 1147; x_wconf 85' lang='lat' dir='ltr'><strong>qui</strong></span> <span class='ocrx_word' id='word_1_67' title='bbox 1627 1084 1912 1131; x_wconf 86' lang='lat' dir='ltr'><strong>remanent</strong></span> 
     </span>
    </p>
   </div>
   <div class='ocr_carea' id='block_1_11' title="bbox 340 1166 1909 1237">
    <p class='ocr_par' dir='ltr' id='par_1_11' title="bbox 340 1166 1909 1237">
     <span class='ocr_line' id='line_1_11' title="bbox 340 1166 1909 1237; baseline -0.001 -17"><span class='ocrx_word' id='word_1_68' title='bbox 340 1181 512 1237; x_wconf 89' lang='lat' dir='ltr'><strong>usque</strong></span> <span class='ocrx_word' id='word_1_69' title='bbox 543 1167 609 1221; x_wconf 84' lang='lat' dir='ltr'><strong>ad</strong></span> <span class='ocrx_word' id='word_1_70' title='bbox 636 1166 937 1235; x_wconf 74' lang='lat' dir='ltr'><strong>jubilzeum,</strong></span> <span class='ocrx_word' id='word_1_71' title='bbox 971 1167 1270 1222; x_wconf 89' lang='lat' dir='ltr'><strong>secundum</strong></span> <span class='ocrx_word' id='word_1_72' title='bbox 1320 1169 1421 1221; x_wconf 85' lang='lat' dir='ltr'><strong>hos</strong></span> <span class='ocrx_word' id='word_1_73' title='bbox 1461 1166 1650 1221; x_wconf 83' lang='lat' dir='ltr'><strong>reddet</strong></span> <span class='ocrx_word' id='word_1_74' title='bbox 1700 1175 1756 1221; x_wconf 90' lang='lat' dir='ltr'><strong>et</strong></span> <span class='ocrx_word' id='word_1_75' title='bbox 1783 1180 1909 1235; x_wconf 89' lang='lat' dir='ltr'><strong>pre-</strong></span> 
     </span>
    </p>
   </div>
   <div class='ocr_carea' id='block_1_12' title="bbox 343 1257 1909 1327">
    <p class='ocr_par' dir='ltr' id='par_1_12' title="bbox 343 1257 1909 1327">
     <span class='ocr_line' id='line_1_12' title="bbox 343 1257 1909 1327; baseline -0.001 -15"><span class='ocrx_word' id='word_1_76' title='bbox 343 1258 476 1312; x_wconf 86' lang='lat' dir='ltr'><strong>tium</strong></span> <span class='ocrx_word' id='word_1_77' title='bbox 515 1275 527 1309; x_wconf 91' lang='lat'>:</span> <span class='ocrx_word' id='word_1_78' title='bbox 550 1258 592 1310; x_wconf 89' lang='lat' dir='ltr'><strong>si</strong></span> <span class='ocrx_word' id='word_1_79' title='bbox 621 1258 799 1326; x_wconf 81' lang='lat' dir='ltr'><strong>pauci,</strong></span> <span class='ocrx_word' id='word_1_80' title='bbox 822 1268 990 1327; x_wconf 91' lang='lat' dir='ltr'><strong>ponet</strong></span> <span class='ocrx_word' id='word_1_81' title='bbox 1013 1258 1276 1313; x_wconf 88' lang='lat' dir='ltr'><strong>rationem</strong></span> <span class='ocrx_word' id='word_1_82' title='bbox 1298 1273 1422 1314; x_wconf 87' lang='lat' dir='ltr'><strong>cum</strong></span> <span class='ocrx_word' id='word_1_83' title='bbox 1454 1272 1539 1320; x_wconf 87' lang='lat' dir='ltr'><strong>eo,</strong></span> <span class='ocrx_word' id='word_1_84' title='bbox 1561 1257 1710 1327; x_wconf 77' lang='lat' dir='ltr'><strong>juxta</strong></span> <span class='ocrx_word' id='word_1_85' title='bbox 1736 1271 1909 1311; x_wconf 88' lang='lat' dir='ltr'><strong>anno-</strong></span> 
     </span>
    </p>
   </div>
   <div class='ocr_carea' id='block_1_13' title="bbox 340 1351 1912 1422">
    <p class='ocr_par' dir='ltr' id='par_1_13' title="bbox 340 1351 1912 1422">
     <span class='ocr_line' id='line_1_13' title="bbox 340 1351 1912 1422; baseline -0.002 -15"><span class='ocrx_word' id='word_1_86' title='bbox 340 1362 461 1407; x_wconf 78' lang='lat' dir='ltr'><strong>rum</strong></span> <span class='ocrx_word' id='word_1_87' title='bbox 495 1362 876 1417; x_wconf 89' lang='lat' dir='ltr'><strong>numerum,et</strong></span> <span class='ocrx_word' id='word_1_88' title='bbox 903 1353 1092 1407; x_wconf 84' lang='lat' dir='ltr'><strong>reddet</strong></span> <span class='ocrx_word' id='word_1_89' title='bbox 1113 1353 1342 1422; x_wconf 90' lang='lat' dir='ltr'><strong>emptori</strong></span> <span class='ocrx_word' id='word_1_90' title='bbox 1368 1353 1512 1421; x_wconf 92' lang='lat' dir='ltr'><strong>quod</strong></span> <span class='ocrx_word' id='word_1_91' title='bbox 1543 1351 1809 1421; x_wconf 91' lang='lat' dir='ltr'><strong>reliquum</strong></span> <span class='ocrx_word' id='word_1_92' title='bbox 1827 1358 1912 1405; x_wconf 88' lang='lat' dir='ltr'><strong>est</strong></span> 
     </span>
    </p>
   </div>
   <div class='ocr_carea' id='block_1_14' title="bbox 337 1444 1847 1513">
    <p class='ocr_par' dir='ltr' id='par_1_14' title="bbox 337 1444 1847 1513">
     <span class='ocr_line' id='line_1_14' title="bbox 337 1444 1847 1513; baseline -0.004 -14"><span class='ocrx_word' id='word_1_93' title='bbox 337 1460 629 1512; x_wconf 87' lang='lat' dir='ltr'><strong>annorum,</strong></span> <span class='ocrx_word' id='word_1_94' title='bbox 670 1445 868 1513; x_wconf 84' lang='lat' dir='ltr'><strong>quibus</strong></span> <span class='ocrx_word' id='word_1_95' title='bbox 892 1445 1118 1499; x_wconf 77' lang='lat' dir='ltr'><strong>servivit</strong></span> <span class='ocrx_word' id='word_1_96' title='bbox 1142 1444 1487 1499; x_wconf 87' lang='lat' dir='ltr'><strong>mercedibus</strong></span> <span class='ocrx_word' id='word_1_97' title='bbox 1514 1444 1813 1513; x_wconf 88' lang='lat' dir='ltr'><strong>imputatis.</strong></span> <span class='ocrx_word' id='word_1_98' title='bbox 1829 1462 1847 1493; x_wconf 75' lang='grc' dir='ltr'><strong>ι</strong></span> 
     </span>
    </p>
   </div>
   <div class='ocr_carea' id='block_1_15' title="bbox 411 1533 1910 1605">
    <p class='ocr_par' dir='ltr' id='par_1_15' title="bbox 411 1533 1910 1605">
     <span class='ocr_line' id='line_1_15' title="bbox 411 1533 1910 1605; baseline 0 -18"><span class='ocrx_word' id='word_1_99' title='bbox 411 1534 648 1588; x_wconf 69' lang='lat' dir='ltr'><strong>Primum</strong></span> <span class='ocrx_word' id='word_1_100' title='bbox 678 1550 808 1605; x_wconf 87' lang='lat' dir='ltr'><strong>ergo</strong></span> <span class='ocrx_word' id='word_1_101' title='bbox 850 1536 1150 1590; x_wconf 88' lang='lat' dir='ltr'><strong>secundum</strong></span> <span class='ocrx_word' id='word_1_102' title='bbox 1197 1533 1313 1589; x_wconf 67' lang='lat' dir='ltr'><strong>hate</strong></span> <span class='ocrx_word' id='word_1_103' title='bbox 1358 1534 1508 1589; x_wconf 84' lang='lat' dir='ltr'><strong>reddi</strong></span> <span class='ocrx_word' id='word_1_104' title='bbox 1550 1534 1808 1605; x_wconf 76' lang='lat' dir='ltr'><strong>pretium,</strong></span> <span class='ocrx_word' id='word_1_105' title='bbox 1857 1534 1910 1587; x_wconf 90' lang='lat' dir='ltr'><strong>id</strong></span> 
     </span>
    </p>
   </div>
   <div class='ocr_carea' id='block_1_16' title="bbox 338 1627 1910 1697">
    <p class='ocr_par' dir='ltr' id='par_1_16' title="bbox 338 1627 1910 1697">
     <span class='ocr_line' id='line_1_16' title="bbox 338 1627 1910 1697; baseline 0 -16"><span class='ocrx_word' id='word_1_106' title='bbox 338 1635 441 1689; x_wconf 84' lang='lat' dir='ltr'><strong>est,</strong></span> <span class='ocrx_word' id='word_1_107' title='bbox 470 1627 770 1682; x_wconf 80' lang='lat' dir='ltr'><strong>secundum</strong></span> <span class='ocrx_word' id='word_1_108' title='bbox 799 1643 886 1693; x_wconf 87' lang='lat' dir='ltr'><strong>ea,</strong></span> <span class='ocrx_word' id='word_1_109' title='bbox 917 1643 1042 1695; x_wconf 70' lang='lat' dir='ltr'><strong>qua:</strong></span> <span class='ocrx_word' id='word_1_110' title='bbox 1073 1628 1336 1695; x_wconf 84' lang='lat' dir='ltr'><strong>peccavit,</strong></span> <span class='ocrx_word' id='word_1_111' title='bbox 1373 1628 1519 1697; x_wconf 86' lang='lat' dir='ltr'><strong>quod</strong></span> <span class='ocrx_word' id='word_1_112' title='bbox 1552 1628 1910 1697; x_wconf 74' lang='lat' dir='ltr'><strong>semetipsum</strong></span> 
     </span>
    </p>
   </div>
   <div class='ocr_carea' id='block_1_17' title="bbox 339 1717 1911 1788">
    <p class='ocr_par' dir='ltr' id='par_1_17' title="bbox 339 1717 1911 1788">
     <span class='ocr_line' id='line_1_17' title="bbox 339 1717 1911 1788; baseline 0.001 -18"><span class='ocrx_word' id='word_1_113' title='bbox 339 1717 607 1771; x_wconf 79' lang='lat' dir='ltr'><strong>redimere</strong></span> <span class='ocrx_word' id='word_1_114' title='bbox 630 1718 746 1771; x_wconf 89' lang='lat' dir='ltr'><strong>vult</strong></span> <span class='ocrx_word' id='word_1_115' title='bbox 766 1718 1041 1787; x_wconf 79' lang='lat' dir='ltr'><strong>praecepit,</strong></span> <span class='ocrx_word' id='word_1_116' title='bbox 1082 1726 1141 1771; x_wconf 93' lang='lat' dir='ltr'><strong>ut</strong></span> <span class='ocrx_word' id='word_1_117' title='bbox 1167 1718 1211 1771; x_wconf 90' lang='lat' dir='ltr'><strong>si</strong></span> <span class='ocrx_word' id='word_1_118' title='bbox 1239 1717 1468 1771; x_wconf 76' lang='lat' dir='ltr'><strong>forsitan</strong></span> <span class='ocrx_word' id='word_1_119' title='bbox 1507 1733 1571 1771; x_wconf 80' lang='lat' dir='ltr'><strong>ex</strong></span> <span class='ocrx_word' id='word_1_120' title='bbox 1623 1718 1746 1788; x_wconf 84' lang='lat' dir='ltr'><strong>gula</strong></span> <span class='ocrx_word' id='word_1_121' title='bbox 1782 1733 1911 1784; x_wconf 87' lang='lat' dir='ltr'><strong>pec-</strong></span> 
     </span>
    </p>
   </div>
   <div class='ocr_carea' id='block_1_18' title="bbox 340 1809 1914 1880">
    <p class='ocr_par' dir='ltr' id='par_1_18' title="bbox 340 1809 1914 1880">
     <span class='ocr_line' id='line_1_18' title="bbox 340 1809 1914 1880; baseline -0.001 -17"><span class='ocrx_word' id='word_1_122' title='bbox 340 1809 503 1875; x_wconf 86' lang='lat' dir='ltr'><strong>cavit,</strong></span> <span class='ocrx_word' id='word_1_123' title='bbox 533 1824 631 1879; x_wconf 88' lang='lat' dir='ltr'><strong>per</strong></span> <span class='ocrx_word' id='word_1_124' title='bbox 655 1810 929 1879; x_wconf 85' lang='lat' dir='ltr'><strong>jejunium</strong></span> <span class='ocrx_word' id='word_1_125' title='bbox 954 1809 1188 1880; x_wconf 77' lang='lat' dir='ltr'><strong>corrigat</strong></span> <span class='ocrx_word' id='word_1_126' title='bbox 1214 1809 1335 1865; x_wconf 89' lang='lat' dir='ltr'><strong>:sin</strong></span> <span class='ocrx_word' id='word_1_127' title='bbox 1358 1818 1539 1864; x_wconf 90' lang='lat' dir='ltr'><strong>autem</strong></span> <span class='ocrx_word' id='word_1_128' title='bbox 1571 1825 1637 1864; x_wconf 80' lang='lat' dir='ltr'><strong>ex</strong></span> <span class='ocrx_word' id='word_1_129' title='bbox 1665 1809 1914 1864; x_wconf 84' lang='lat' dir='ltr'><strong>verbosi-</strong></span> 
     </span>
    </p>
   </div>
   <div class='ocr_carea' id='block_1_19' title="bbox 342 1901 1913 1964">
    <p class='ocr_par' dir='ltr' id='par_1_19' title="bbox 342 1901 1913 1964">
     <span class='ocr_line' id='line_1_19' title="bbox 342 1901 1913 1964; baseline 0.003 -12"><span class='ocrx_word' id='word_1_130' title='bbox 342 1908 474 1964; x_wconf 87' lang='lat' dir='ltr'><strong>tate,</strong></span> <span class='ocrx_word' id='word_1_131' title='bbox 506 1901 724 1955; x_wconf 81' lang='lat' dir='ltr'><strong>studeat</strong></span> <span class='ocrx_word' id='word_1_132' title='bbox 750 1902 1192 1956; x_wconf 87' lang='lat' dir='ltr'><strong>taciturnitatem.</strong></span> <span class='ocrx_word' id='word_1_133' title='bbox 1224 1901 1382 1957; x_wconf 77' lang='lat' dir='ltr'><strong>Si-ex</strong></span> <span class='ocrx_word' id='word_1_134' title='bbox 1414 1902 1683 1956; x_wconf 87' lang='lat' dir='ltr'><strong>incautela</strong></span> <span class='ocrx_word' id='word_1_135' title='bbox 1723 1901 1913 1956; x_wconf 88' lang='lat' dir='ltr'><strong>oculo-</strong></span> 
     </span>
    </p>
   </div>
   <div class='ocr_carea' id='block_1_20' title="bbox 341 1986 1916 2059">
    <p class='ocr_par' dir='ltr' id='par_1_20' title="bbox 341 1986 1916 2059">
     <span class='ocr_line' id='line_1_20' title="bbox 341 1986 1916 2059; baseline 0.002 -21"><span class='ocrx_word' id='word_1_136' title='bbox 341 2001 458 2039; x_wconf 88' lang='lat' dir='ltr'><strong>rmn</strong></span> <span class='ocrx_word' id='word_1_137' title='bbox 490 1986 545 2040; x_wconf 92' lang='lat' dir='ltr'><strong>in</strong></span> <span class='ocrx_word' id='word_1_138' title='bbox 581 1987 826 2040; x_wconf 88' lang='lat' dir='ltr'><strong>mulieris</strong></span> <span class='ocrx_word' id='word_1_139' title='bbox 848 1989 1346 2058; x_wconf 82' lang='lat' dir='ltr'><strong>concupiscentiam</strong></span> <span class='ocrx_word' id='word_1_140' title='bbox 1395 1989 1610 2053; x_wconf 88' lang='lat' dir='ltr'><strong>cecidit,</strong></span> <span class='ocrx_word' id='word_1_141' title='bbox 1639 1994 1763 2059; x_wconf 82' lang='lat' dir='ltr'><strong>agat</strong></span> <span class='ocrx_word' id='word_1_142' title='bbox 1802 2003 1916 2041; x_wconf 88' lang='lat' dir='ltr'><strong>non</strong></span> 
     </span>
    </p>
   </div>
   <div class='ocr_carea' id='block_1_21' title="bbox 338 2079 1909 2148">
    <p class='ocr_par' dir='ltr' id='par_1_21' title="bbox 338 2079 1909 2148">
     <span class='ocr_line' id='line_1_21' title="bbox 338 2079 1909 2148; baseline 0.003 -19"><span class='ocrx_word' id='word_1_143' title='bbox 338 2079 524 2133; x_wconf 80' lang='lat' dir='ltr'><strong>videre</strong></span> <span class='ocrx_word' id='word_1_144' title='bbox 564 2079 840 2144; x_wconf 84' lang='lat' dir='ltr'><strong>mulieres,</strong></span> <span class='ocrx_word' id='word_1_145' title='bbox 870 2094 1048 2148; x_wconf 88' lang='lat' dir='ltr'><strong>neque</strong></span> <span class='ocrx_word' id='word_1_146' title='bbox 1113 2079 1338 2133; x_wconf 86' lang='lat' dir='ltr'><strong>omnino</strong></span> <span class='ocrx_word' id='word_1_147' title='bbox 1380 2079 1460 2134; x_wconf 89' lang='lat' dir='ltr'><strong>eis</strong></span> <span class='ocrx_word' id='word_1_148' title='bbox 1483 2080 1707 2134; x_wconf 78' lang='lat' dir='ltr'><strong>obviuui</strong></span> <span class='ocrx_word' id='word_1_149' title='bbox 1771 2079 1909 2134; x_wconf 79' lang='lat' dir='ltr'><strong>fieri.</strong></span> 
     </span>
    </p>
   </div>
   <div class='ocr_carea' id='block_1_22' title="bbox 341 2171 1911 2241">
    <p class='ocr_par' dir='ltr' id='par_1_22' title="bbox 341 2171 1911 2241">
     <span class='ocr_line' id='line_1_22' title="bbox 341 2171 1911 2241; baseline 0.003 -18"><span class='ocrx_word' id='word_1_150' title='bbox 341 2171 546 2225; x_wconf 81' lang='lat' dir='ltr'><strong>Deinde</strong></span> <span class='ocrx_word' id='word_1_151' title='bbox 573 2172 617 2226; x_wconf 90' lang='lat' dir='ltr'><strong>si</strong></span> <span class='ocrx_word' id='word_1_152' title='bbox 650 2171 766 2225; x_wconf 88' lang='lat' dir='ltr'><strong>vult</strong></span> <span class='ocrx_word' id='word_1_153' title='bbox 792 2172 1023 2226; x_wconf 83' lang='lat' dir='ltr'><strong>celerem</strong></span> <span class='ocrx_word' id='word_1_154' title='bbox 1055 2172 1156 2226; x_wconf 83' lang='lat' dir='ltr'><strong>sibi</strong></span> <span class='ocrx_word' id='word_1_155' title='bbox 1199 2172 1633 2241; x_wconf 80' lang='lat' dir='ltr'><strong>redemptionem</strong></span> <span class='ocrx_word' id='word_1_156' title='bbox 1696 2188 1911 2241; x_wconf 78' lang='lat' dir='ltr'><strong>parare,</strong></span> 
     </span>
    </p>
   </div>
   <div class='ocr_carea' id='block_1_23' title="bbox 339 2260 1914 2331">
    <p class='ocr_par' dir='ltr' id='par_1_23' title="bbox 339 2260 1914 2331">
     <span class='ocr_line' id='line_1_23' title="bbox 339 2260 1914 2331; baseline 0 -16"><span class='ocrx_word' id='word_1_157' title='bbox 339 2261 589 2315; x_wconf 85' lang='lat' dir='ltr'><strong>intendat</strong></span> <span class='ocrx_word' id='word_1_158' title='bbox 622 2262 868 2331; x_wconf 88' lang='lat' dir='ltr'><strong>pecuniis</strong></span> <span class='ocrx_word' id='word_1_159' title='bbox 894 2261 1312 2330; x_wconf 80' lang='lat' dir='ltr'><strong>conquisitionis</strong></span> <span class='ocrx_word' id='word_1_160' title='bbox 1338 2277 1472 2325; x_wconf 66' lang='lat' dir='ltr'><strong>sum,</strong></span> <span class='ocrx_word' id='word_1_161' title='bbox 1524 2262 1691 2315; x_wconf 84' lang='lat' dir='ltr'><strong>verbo</strong></span> <span class='ocrx_word' id='word_1_162' title='bbox 1720 2260 1914 2317; x_wconf 86' lang='lat' dir='ltr'><strong>videli-</strong></span> 
     </span>
    </p>
   </div>
   <div class='ocr_carea' id='block_1_24' title="bbox 338 2354 1916 2423">
    <p class='ocr_par' dir='ltr' id='par_1_24' title="bbox 338 2354 1916 2423">
     <span class='ocr_line' id='line_1_24' title="bbox 338 2354 1916 2423; baseline 0 -15"><span class='ocrx_word' id='word_1_163' title='bbox 338 2364 429 2408; x_wconf 88' lang='lat' dir='ltr'><strong>cet</strong></span> <span class='ocrx_word' id='word_1_164' title='bbox 473 2354 756 2419; x_wconf 74' lang='lat' dir='ltr'><strong>doctrinae,</strong></span> <span class='ocrx_word' id='word_1_165' title='bbox 780 2354 925 2423; x_wconf 90' lang='lat' dir='ltr'><strong>quod</strong></span> <span class='ocrx_word' id='word_1_166' title='bbox 957 2369 1084 2408; x_wconf 86' lang='lat' dir='ltr'><strong>eum</strong></span> <span class='ocrx_word' id='word_1_167' title='bbox 1133 2354 1434 2422; x_wconf 79' lang='lat' dir='ltr'><strong>intelligere</strong></span> <span class='ocrx_word' id='word_1_168' title='bbox 1467 2354 1746 2423; x_wconf 71' lang='lat' dir='ltr'><strong>p&#39;oprium</strong></span> <span class='ocrx_word' id='word_1_169' title='bbox 1785 2369 1916 2423; x_wconf 81' lang='lat' dir='ltr'><strong>pec-</strong></span> 
     </span>
    </p>
   </div>
   <div class='ocr_carea' id='block_1_25' title="bbox 338 2447 1917 2505">
    <p class='ocr_par' dir='ltr' id='par_1_25' title="bbox 338 2447 1917 2505">
     <span class='ocr_line' id='line_1_25' title="bbox 338 2447 1917 2505; baseline -0.003 -1"><span class='ocrx_word' id='word_1_170' title='bbox 338 2461 520 2505; x_wconf 84' lang='lat' dir='ltr'><strong>ratum</strong></span> <span class='ocrx_word' id='word_1_171' title='bbox 559 2459 614 2505; x_wconf 92' lang='lat' dir='ltr'><strong>et</strong></span> <span class='ocrx_word' id='word_1_172' title='bbox 641 2451 800 2505; x_wconf 89' lang='lat' dir='ltr'><strong>subdi</strong></span> <span class='ocrx_word' id='word_1_173' title='bbox 831 2450 1143 2505; x_wconf 88' lang='lat' dir='ltr'><strong>admonenti</strong></span> <span class='ocrx_word' id='word_1_174' title='bbox 1171 2451 1318 2505; x_wconf 89' lang='lat' dir='ltr'><strong>fecit.</strong></span> <span class='ocrx_word' id='word_1_175' title='bbox 1359 2449 1493 2503; x_wconf 81' lang='lat' dir='ltr'><strong>Etsi</strong></span> <span class='ocrx_word' id='word_1_176' title='bbox 1528 2447 1722 2504; x_wconf 90' lang='lat' dir='ltr'><strong>viderit</strong></span> <span class='ocrx_word' id='word_1_177' title='bbox 1775 2448 1917 2500; x_wconf 86' lang='lat' dir='ltr'><strong>nml-</strong></span> 
     </span>
    </p>
   </div>
   <div class='ocr_carea' id='block_1_26' title="bbox 340 2543 1913 2605">
    <p class='ocr_par' dir='ltr' id='par_1_26' title="bbox 340 2543 1913 2605">
     <span class='ocr_line' id='line_1_26' title="bbox 340 2543 1913 2605; baseline -0.003 -7"><span class='ocrx_word' id='word_1_178' title='bbox 340 2553 455 2598; x_wconf 86' lang='lat' dir='ltr'><strong>tum</strong></span> <span class='ocrx_word' id='word_1_179' title='bbox 490 2544 669 2598; x_wconf 89' lang='lat' dir='ltr'><strong>minus</strong></span> <span class='ocrx_word' id='word_1_180' title='bbox 692 2559 813 2598; x_wconf 88' lang='lat' dir='ltr'><strong>esse</strong></span> <span class='ocrx_word' id='word_1_181' title='bbox 841 2544 908 2597; x_wconf 87' lang='lat' dir='ltr'><strong>ad</strong></span> <span class='ocrx_word' id='word_1_182' title='bbox 935 2558 1143 2597; x_wconf 83' lang='lat' dir='ltr'><strong>annum</strong></span> <span class='ocrx_word' id='word_1_183' title='bbox 1180 2543 1540 2605; x_wconf 81' lang='lat' dir='ltr'><strong>remissionis,</strong></span> <span class='ocrx_word' id='word_1_184' title='bbox 1577 2553 1631 2595; x_wconf 90' lang='lat' dir='ltr'><strong>et</strong></span> <span class='ocrx_word' id='word_1_185' title='bbox 1659 2543 1727 2595; x_wconf 92' lang='lat' dir='ltr'><strong>ad</strong></span> <span class='ocrx_word' id='word_1_186' title='bbox 1789 2556 1913 2596; x_wconf 88' lang='lat' dir='ltr'><strong>cor-</strong></span> 
     </span>
    </p>
   </div>
   <div class='ocr_carea' id='block_1_27' title="bbox 343 2634 1916 2705">
    <p class='ocr_par' dir='ltr' id='par_1_27' title="bbox 343 2634 1916 2705">
     <span class='ocr_line' id='line_1_27' title="bbox 343 2634 1916 2705; baseline 0 -16"><span class='ocrx_word' id='word_1_187' title='bbox 343 2636 661 2698; x_wconf 83' lang='lat' dir='ltr'><strong>rectionem,</strong></span> <span class='ocrx_word' id='word_1_188' title='bbox 695 2635 947 2690; x_wconf 81' lang='lat' dir='ltr'><strong>videlicet</strong></span> <span class='ocrx_word' id='word_1_189' title='bbox 978 2634 1216 2689; x_wconf 66' lang='lat' dir='ltr'><strong>deflnitat</strong></span> <span class='ocrx_word' id='word_1_190' title='bbox 1251 2635 1302 2688; x_wconf 90' lang='lat' dir='ltr'><strong>ei</strong></span> <span class='ocrx_word' id='word_1_191' title='bbox 1339 2634 1693 2703; x_wconf 66' lang='lat' dir='ltr'><strong>poenitentiae,</strong></span> <span class='ocrx_word' id='word_1_192' title='bbox 1742 2634 1916 2705; x_wconf 82' lang='lat' dir='ltr'><strong>magis</strong></span> 
     </span>
    </p>
   </div>
   <div class='ocr_carea' id='block_1_28' title="bbox 341 2725 1912 2795">
    <p class='ocr_par' dir='ltr' id='par_1_28' title="bbox 341 2725 1912 2795">
     <span class='ocr_line' id='line_1_28' title="bbox 341 2725 1912 2795; baseline -0.001 -16"><span class='ocrx_word' id='word_1_193' title='bbox 341 2734 597 2795; x_wconf 87' lang='lat' dir='ltr'><strong>operetur</strong></span> <span class='ocrx_word' id='word_1_194' title='bbox 620 2725 869 2789; x_wconf 85' lang='lat' dir='ltr'><strong>virtutes,</strong></span> <span class='ocrx_word' id='word_1_195' title='bbox 892 2735 947 2781; x_wconf 91' lang='lat' dir='ltr'><strong>et</strong></span> <span class='ocrx_word' id='word_1_196' title='bbox 975 2726 1298 2780; x_wconf 86' lang='lat' dir='ltr'><strong>laboriosam</strong></span> <span class='ocrx_word' id='word_1_197' title='bbox 1366 2727 1607 2779; x_wconf 88' lang='lat' dir='ltr'><strong>lucratur</strong></span> <span class='ocrx_word' id='word_1_198' title='bbox 1642 2726 1912 2794; x_wconf 64' lang='lat' dir='ltr'><strong>paeniten-</strong></span> 
     </span>
    </p>
   </div>
   <div class='ocr_carea' id='block_1_29' title="bbox 342 2819 1915 2890">
    <p class='ocr_par' dir='ltr' id='par_1_29' title="bbox 342 2819 1915 2890">
     <span class='ocr_line' id='line_1_29' title="bbox 342 2819 1915 2890; baseline 0.001 -18"><span class='ocrx_word' id='word_1_199' title='bbox 342 2820 492 2874; x_wconf 89' lang='lat' dir='ltr'><strong>tiam.</strong></span> <span class='ocrx_word' id='word_1_200' title='bbox 531 2820 588 2873; x_wconf 83' lang='lat' dir='ltr'><strong>Si</strong></span> <span class='ocrx_word' id='word_1_201' title='bbox 612 2829 795 2874; x_wconf 81' lang='lat' dir='ltr'><strong>autem</strong></span> <span class='ocrx_word' id='word_1_202' title='bbox 822 2821 925 2875; x_wconf 86' lang='lat' dir='ltr'><strong>hoc</strong></span> <span class='ocrx_word' id='word_1_203' title='bbox 957 2836 1146 2876; x_wconf 89' lang='lat' dir='ltr'><strong>rursus</strong></span> <span class='ocrx_word' id='word_1_204' title='bbox 1174 2835 1365 2890; x_wconf 90' lang='lat' dir='ltr'><strong>parum</strong></span> <span class='ocrx_word' id='word_1_205' title='bbox 1395 2828 1651 2890; x_wconf 85' lang='lat' dir='ltr'><strong>operatus</strong></span> <span class='ocrx_word' id='word_1_206' title='bbox 1690 2819 1816 2885; x_wconf 85' lang='lat' dir='ltr'><strong>fuit,</strong></span> <span class='ocrx_word' id='word_1_207' title='bbox 1868 2820 1915 2877; x_wconf 85' lang='lat' dir='ltr'><strong>si</strong></span> 
     </span>
    </p>
   </div>
   <div class='ocr_carea' id='block_1_30' title="bbox 342 2912 1912 2983">
    <p class='ocr_par' dir='ltr' id='par_1_30' title="bbox 342 2912 1912 2983">
     <span class='ocr_line' id='line_1_30' title="bbox 342 2912 1912 2983; baseline -0.001 -18"><span class='ocrx_word' id='word_1_208' title='bbox 342 2928 451 2966; x_wconf 83' lang='lat' dir='ltr'><strong>non</strong></span> <span class='ocrx_word' id='word_1_209' title='bbox 490 2928 587 2981; x_wconf 84' lang='lat' dir='ltr'><strong>per</strong></span> <span class='ocrx_word' id='word_1_210' title='bbox 607 2913 861 2977; x_wconf 85' lang='lat' dir='ltr'><strong>virtutes,</strong></span> <span class='ocrx_word' id='word_1_211' title='bbox 892 2929 990 2982; x_wconf 87' lang='lat' dir='ltr'><strong>per</strong></span> <span class='ocrx_word' id='word_1_212' title='bbox 1023 2913 1288 2983; x_wconf 83' lang='lat' dir='ltr'><strong>lacrymas</strong></span> <span class='ocrx_word' id='word_1_213' title='bbox 1316 2924 1523 2977; x_wconf 89' lang='lat' dir='ltr'><strong>autem,</strong></span> <span class='ocrx_word' id='word_1_214' title='bbox 1553 2922 1605 2966; x_wconf 92' lang='lat' dir='ltr'><strong>et</strong></span> <span class='ocrx_word' id='word_1_215' title='bbox 1656 2912 1912 2981; x_wconf 87' lang='lat' dir='ltr'><strong>suspiria,</strong></span> 
     </span>
    </p>
   </div>
   <div class='ocr_carea' id='block_1_31' title="bbox 342 3003 1917 3074">
    <p class='ocr_par' dir='ltr' id='par_1_31' title="bbox 342 3003 1917 3074">
     <span class='ocr_line' id='line_1_31' title="bbox 342 3003 1917 3074; baseline -0.001 -17"><span class='ocrx_word' id='word_1_216' title='bbox 342 3015 397 3058; x_wconf 90' lang='lat' dir='ltr'><strong>et</strong></span> <span class='ocrx_word' id='word_1_217' title='bbox 427 3004 645 3067; x_wconf 71' lang='lat' dir='ltr'><strong>similia,</strong></span> <span class='ocrx_word' id='word_1_218' title='bbox 706 3003 813 3059; x_wconf 87' lang='lat' dir='ltr'><strong>illis</strong></span> <span class='ocrx_word' id='word_1_219' title='bbox 853 3005 1090 3058; x_wconf 90' lang='lat' dir='ltr'><strong>remedia</strong></span> <span class='ocrx_word' id='word_1_220' title='bbox 1142 3019 1400 3074; x_wconf 79' lang='lat' dir='ltr'><strong>peragere</strong></span> <span class='ocrx_word' id='word_1_221' title='bbox 1454 3018 1678 3057; x_wconf 88' lang='lat' dir='ltr'><strong>necesse</strong></span> <span class='ocrx_word' id='word_1_222' title='bbox 1731 3003 1917 3056; x_wconf 89' lang='lat' dir='ltr'><strong>habet.</strong></span> 
     </span>
    </p>
   </div>
   <div class='ocr_carea' id='block_1_32' title="bbox 342 3094 1915 3165">
    <p class='ocr_par' dir='ltr' id='par_1_32' title="bbox 342 3094 1915 3165">
     <span class='ocr_line' id='line_1_32' title="bbox 342 3094 1915 3165; baseline 0 -17"><span class='ocrx_word' id='word_1_223' title='bbox 342 3097 682 3151; x_wconf 70' lang='lat' dir='ltr'><strong>Confirmans</strong></span> <span class='ocrx_word' id='word_1_224' title='bbox 704 3105 887 3153; x_wconf 89' lang='lat' dir='ltr'><strong>autem</strong></span> <span class='ocrx_word' id='word_1_225' title='bbox 923 3097 1065 3165; x_wconf 88' lang='lat' dir='ltr'><strong>quod</strong></span> <span class='ocrx_word' id='word_1_226' title='bbox 1097 3096 1301 3151; x_wconf 90' lang='lat' dir='ltr'><strong>dictum</strong></span> <span class='ocrx_word' id='word_1_227' title='bbox 1332 3103 1436 3160; x_wconf 86' lang='lat' dir='ltr'><strong>est,</strong></span> <span class='ocrx_word' id='word_1_228' title='bbox 1462 3094 1761 3150; x_wconf 88' lang='lat' dir='ltr'><strong>secundum</strong></span> <span class='ocrx_word' id='word_1_229' title='bbox 1816 3094 1915 3148; x_wconf 76' lang='lat' dir='ltr'><strong>Se-</strong></span> 
     </span>
    </p>
   </div>
   <div class='ocr_carea' id='block_1_33' title="bbox 2010 612 3584 691">
    <p class='ocr_par' dir='ltr' id='par_1_33' title="bbox 2010 612 3584 691">
     <span class='ocr_line' id='line_1_33' title="bbox 2010 612 3584 691; baseline 0.003 -15"><span class='ocrx_word' id='word_1_230' title='bbox 2010 612 2216 691; x_wconf 83' lang='lat' dir='ltr'><strong>majore</strong></span> <span class='ocrx_word' id='word_1_231' title='bbox 2263 634 2436 690; x_wconf 86' lang='lat' dir='ltr'><strong>usque</strong></span> <span class='ocrx_word' id='word_1_232' title='bbox 2498 622 2569 676; x_wconf 86' lang='lat' dir='ltr'><strong>ad</strong></span> <span class='ocrx_word' id='word_1_233' title='bbox 2602 629 2857 691; x_wconf 84' lang='lat' dir='ltr'><strong>patruum</strong></span> <span class='ocrx_word' id='word_1_234' title='bbox 2910 639 3135 689; x_wconf 89' lang='lat' dir='ltr'><strong>eorum,</strong></span> <span class='ocrx_word' id='word_1_235' title='bbox 3159 637 3214 680; x_wconf 90' lang='lat' dir='ltr'><strong>et</strong></span> <span class='ocrx_word' id='word_1_236' title='bbox 3241 625 3584 681; x_wconf 80' lang='lat' dir='ltr'><strong>exclamave-</strong></span> 
     </span>
    </p>
   </div>
   <div class='ocr_carea' id='block_1_34' title="bbox 2008 711 3587 779">
    <p class='ocr_par' dir='ltr' id='par_1_34' title="bbox 2008 711 3587 779">
     <span class='ocr_line' id='line_1_34' title="bbox 2008 711 3587 779; baseline 0.003 -14"><span class='ocrx_word' id='word_1_237' title='bbox 2008 719 2140 766; x_wconf 87' lang='lat' dir='ltr'><strong>runt</strong></span> <span class='ocrx_word' id='word_1_238' title='bbox 2171 712 2240 765; x_wconf 88' lang='lat' dir='ltr'><strong>ad</strong></span> <span class='ocrx_word' id='word_1_239' title='bbox 2273 711 2445 766; x_wconf 87' lang='lat' dir='ltr'><strong>Deum</strong></span> <span class='ocrx_word' id='word_1_240' title='bbox 2480 711 2709 778; x_wconf 86' lang='lat' dir='ltr'><strong>intente,</strong></span> <span class='ocrx_word' id='word_1_241' title='bbox 2740 722 2797 768; x_wconf 83' lang='lat' dir='ltr'><strong>et</strong></span> <span class='ocrx_word' id='word_1_242' title='bbox 2834 730 2959 768; x_wconf 83' lang='lat' dir='ltr'><strong>eum</strong></span> <span class='ocrx_word' id='word_1_243' title='bbox 2985 724 3096 769; x_wconf 92' lang='lat' dir='ltr'><strong>toto</strong></span> <span class='ocrx_word' id='word_1_244' title='bbox 3122 716 3323 779; x_wconf 89' lang='lat' dir='ltr'><strong>animo,</strong></span> <span class='ocrx_word' id='word_1_245' title='bbox 3354 726 3409 770; x_wconf 90' lang='lat' dir='ltr'><strong>et</strong></span> <span class='ocrx_word' id='word_1_246' title='bbox 3430 732 3587 770; x_wconf 84' lang='lat' dir='ltr'><strong>aver-</strong></span> 
     </span>
    </p>
   </div>
   <div class='ocr_carea' id='block_1_35' title="bbox 2010 801 3589 874">
    <p class='ocr_par' dir='ltr' id='par_1_35' title="bbox 2010 801 3589 874">
     <span class='ocr_line' id='line_1_35' title="bbox 2010 801 3589 874; baseline 0.003 -19"><span class='ocrx_word' id='word_1_247' title='bbox 2010 809 2192 855; x_wconf 87' lang='lat' dir='ltr'><strong>terunt</strong></span> <span class='ocrx_word' id='word_1_248' title='bbox 2224 816 2285 857; x_wconf 85' lang='lat' dir='ltr'><strong>se</strong></span> <span class='ocrx_word' id='word_1_249' title='bbox 2313 801 2694 872; x_wconf 84' lang='lat' dir='ltr'><strong>unusquisque</strong></span> <span class='ocrx_word' id='word_1_250' title='bbox 2719 818 2750 858; x_wconf 87' lang='lat' dir='ltr'><strong>a</strong></span> <span class='ocrx_word' id='word_1_251' title='bbox 2783 804 2866 859; x_wconf 88' lang='lat' dir='ltr'><strong>via</strong></span> <span class='ocrx_word' id='word_1_252' title='bbox 2888 819 2985 859; x_wconf 92' lang='lat' dir='ltr'><strong>sua</strong></span> <span class='ocrx_word' id='word_1_253' title='bbox 3027 806 3187 870; x_wconf 85' lang='lat' dir='ltr'><strong>mala,</strong></span> <span class='ocrx_word' id='word_1_254' title='bbox 3215 806 3362 861; x_wconf 89' lang='lat' dir='ltr'><strong>etab</strong></span> <span class='ocrx_word' id='word_1_255' title='bbox 3430 807 3589 874; x_wconf 83' lang='lat' dir='ltr'><strong>inju-</strong></span> 
     </span>
    </p>
   </div>
   <div class='ocr_carea' id='block_1_36' title="bbox 2009 890 3587 961">
    <p class='ocr_par' dir='ltr' id='par_1_36' title="bbox 2009 890 3587 961">
     <span class='ocr_line' id='line_1_36' title="bbox 2009 890 3587 961; baseline 0.004 -17"><span class='ocrx_word' id='word_1_256' title='bbox 2009 890 2161 945; x_wconf 78' lang='lat' dir='ltr'><strong>stitia</strong></span> <span class='ocrx_word' id='word_1_257' title='bbox 2196 906 2319 961; x_wconf 62' lang='lat' dir='ltr'><strong>qua:</strong></span> <span class='ocrx_word' id='word_1_258' title='bbox 2354 892 2408 945; x_wconf 92' lang='lat' dir='ltr'><strong>in</strong></span> <span class='ocrx_word' id='word_1_259' title='bbox 2435 893 2689 948; x_wconf 86' lang='lat' dir='ltr'><strong>manibus</strong></span> <span class='ocrx_word' id='word_1_260' title='bbox 2719 909 2910 949; x_wconf 89' lang='lat' dir='ltr'><strong>eorum</strong></span> <span class='ocrx_word' id='word_1_261' title='bbox 2937 906 3075 951; x_wconf 89' lang='lat' dir='ltr'><strong>erat.</strong></span> <span class='ocrx_word' id='word_1_262' title='bbox 3118 896 3210 951; x_wconf 91' lang='lat' dir='ltr'><strong>Sic</strong></span> <span class='ocrx_word' id='word_1_263' title='bbox 3229 897 3378 951; x_wconf 89' lang='lat' dir='ltr'><strong>enim</strong></span> <span class='ocrx_word' id='word_1_264' title='bbox 3439 897 3587 951; x_wconf 85' lang='lat' dir='ltr'><strong>Deus</strong></span> 
     </span>
    </p>
   </div>
   <div class='ocr_carea' id='block_1_37' title="bbox 2008 984 3591 1058">
    <p class='ocr_par' dir='ltr' id='par_1_37' title="bbox 2008 984 3591 1058">
     <span class='ocr_line' id='line_1_37' title="bbox 2008 984 3591 1058; baseline 0.004 -22"><span class='ocrx_word' id='word_1_265' title='bbox 2008 997 2201 1038; x_wconf 88' lang='lat' dir='ltr'><strong>eorum</strong></span> <span class='ocrx_word' id='word_1_266' title='bbox 2261 984 2641 1054; x_wconf 66' lang='lat' dir='ltr'><strong>paenitentiam</strong></span> <span class='ocrx_word' id='word_1_267' title='bbox 2667 987 2929 1055; x_wconf 86' lang='lat' dir='ltr'><strong>suscepit,</strong></span> <span class='ocrx_word' id='word_1_268' title='bbox 2974 998 3035 1042; x_wconf 90' lang='lat' dir='ltr'><strong>ut</strong></span> <span class='ocrx_word' id='word_1_269' title='bbox 3070 990 3336 1058; x_wconf 82' lang='lat' dir='ltr'><strong>propheta</strong></span> <span class='ocrx_word' id='word_1_270' title='bbox 3390 989 3591 1043; x_wconf 87' lang='lat' dir='ltr'><strong>subdc-</strong></span> 
     </span>
    </p>
   </div>
   <div class='ocr_carea' id='block_1_38' title="bbox 2009 1074 3590 1147">
    <p class='ocr_par' dir='ltr' id='par_1_38' title="bbox 2009 1074 3590 1147">
     <span class='ocr_line' id='line_1_38' title="bbox 2009 1074 3590 1147; baseline 0.004 -18"><span class='ocrx_word' id='word_1_271' title='bbox 2009 1085 2133 1130; x_wconf 87' lang='lat' dir='ltr'><strong>ret:</strong></span> <span class='ocrx_word' id='word_1_272' title='bbox 2158 1074 2398 1130; x_wconf 72' lang='lat' dir='ltr'><strong>Hisertus</strong></span> <span class='ocrx_word' id='word_1_273' title='bbox 2424 1086 2501 1131; x_wconf 77' lang='lat' dir='ltr'><strong>est</strong></span> <span class='ocrx_word' id='word_1_274' title='bbox 2538 1076 2679 1132; x_wconf 74' lang='lat' dir='ltr'><strong>Deus</strong></span> <span class='ocrx_word' id='word_1_275' title='bbox 2702 1094 2856 1147; x_wconf 80' lang='lat' dir='ltr'><strong>super</strong></span> <span class='ocrx_word' id='word_1_276' title='bbox 2907 1079 3192 1145; x_wconf 80' lang='lat' dir='ltr'><strong>malitiam,</strong></span> <span class='ocrx_word' id='word_1_277' title='bbox 3226 1098 3388 1147; x_wconf 88' lang='lat' dir='ltr'><strong>quam</strong></span> <span class='ocrx_word' id='word_1_278' title='bbox 3445 1081 3590 1135; x_wconf 86' lang='lat' dir='ltr'><strong>locu-</strong></span> 
     </span>
    </p>
   </div>
   <div class='ocr_carea' id='block_1_39' title="bbox 2011 1170 3593 1243">
    <p class='ocr_par' dir='ltr' id='par_1_39' title="bbox 2011 1170 3593 1243">
     <span class='ocr_line' id='line_1_39' title="bbox 2011 1170 3593 1243; baseline 0.003 -22"><span class='ocrx_word' id='word_1_279' title='bbox 2011 1178 2096 1223; x_wconf 83' lang='lat' dir='ltr'><strong>tus</strong></span> <span class='ocrx_word' id='word_1_280' title='bbox 2114 1170 2310 1239; x_wconf 76' lang='lat' dir='ltr'><strong>fuerat,</strong></span> <span class='ocrx_word' id='word_1_281' title='bbox 2343 1178 2398 1222; x_wconf 90' lang='lat' dir='ltr'><strong>ut</strong></span> <span class='ocrx_word' id='word_1_282' title='bbox 2430 1173 2627 1239; x_wconf 76' lang='lat' dir='ltr'><strong>faceret</strong></span> <span class='ocrx_word' id='word_1_283' title='bbox 2662 1172 2757 1236; x_wconf 80' lang='lat' dir='ltr'><strong>eis,</strong></span> <span class='ocrx_word' id='word_1_284' title='bbox 2789 1181 2837 1225; x_wconf 83' lang='lat' dir='ltr'><strong>et</strong></span> <span class='ocrx_word' id='word_1_285' title='bbox 2878 1188 2979 1225; x_wconf 84' lang='lat' dir='ltr'><strong>non</strong></span> <span class='ocrx_word' id='word_1_286' title='bbox 3004 1174 3123 1243; x_wconf 80' lang='lat' dir='ltr'><strong>fecit</strong></span> <span class='ocrx_word' id='word_1_287' title='bbox 3156 1175 3228 1228; x_wconf 77' lang='lat'><strong>“.</strong></span> <span class='ocrx_word' id='word_1_288' title='bbox 3257 1173 3322 1228; x_wconf 81' lang='lat' dir='ltr'><strong>Et</strong></span> <span class='ocrx_word' id='word_1_289' title='bbox 3339 1189 3460 1243; x_wconf 72' lang='lat' dir='ltr'><strong>quae</strong></span> <span class='ocrx_word' id='word_1_290' title='bbox 3510 1183 3593 1227; x_wconf 90' lang='lat' dir='ltr'><strong>cst</strong></span> 
     </span>
    </p>
   </div>
   <div class='ocr_carea' id='block_1_40' title="bbox 2011 1259 3592 1332">
    <p class='ocr_par' dir='ltr' id='par_1_40' title="bbox 2011 1259 3592 1332">
     <span class='ocr_line' id='line_1_40' title="bbox 2011 1259 3592 1332; baseline 0.004 -20"><span class='ocrx_word' id='word_1_291' title='bbox 2011 1272 2199 1322; x_wconf 85' lang='lat' dir='ltr'><strong>causa,</strong></span> <span class='ocrx_word' id='word_1_292' title='bbox 2229 1272 2351 1326; x_wconf 81' lang='lat' dir='ltr'><strong>quae</strong></span> <span class='ocrx_word' id='word_1_293' title='bbox 2381 1259 2763 1327; x_wconf 81' lang='lat' dir='ltr'><strong>paenitentiam</strong></span> <span class='ocrx_word' id='word_1_294' title='bbox 2794 1261 2977 1316; x_wconf 87' lang='lat' dir='ltr'><strong>delere</strong></span> <span class='ocrx_word' id='word_1_295' title='bbox 3018 1272 3240 1332; x_wconf 89' lang='lat' dir='ltr'><strong>peccata</strong></span> <span class='ocrx_word' id='word_1_296' title='bbox 3302 1263 3480 1327; x_wconf 85' lang='lat' dir='ltr'><strong>faciat,</strong></span> <span class='ocrx_word' id='word_1_297' title='bbox 3537 1274 3592 1318; x_wconf 92' lang='lat' dir='ltr'><strong>et</strong></span> 
     </span>
    </p>
   </div>
   <div class='ocr_carea' id='block_1_41' title="bbox 2012 1345 3589 1423">
    <p class='ocr_par' dir='ltr' id='par_1_41' title="bbox 2012 1345 3589 1423">
     <span class='ocr_line' id='line_1_41' title="bbox 2012 1345 3589 1423; baseline 0.004 -23"><span class='ocrx_word' id='word_1_298' title='bbox 2012 1345 2143 1401; x_wconf 88' lang='lat' dir='ltr'><strong>facit</strong></span> <span class='ocrx_word' id='word_1_299' title='bbox 2172 1346 2428 1400; x_wconf 80' lang='lat' dir='ltr'><strong>mundam</strong></span> <span class='ocrx_word' id='word_1_300' title='bbox 2466 1349 2752 1417; x_wconf 72' lang='lat' dir='ltr'><strong>pmnitenti</strong></span> <span class='ocrx_word' id='word_1_301' title='bbox 2807 1351 3080 1422; x_wconf 81' lang='lat' dir='ltr'><strong>proﬂigari</strong></span> <span class='ocrx_word' id='word_1_302' title='bbox 3139 1353 3589 1423; x_wconf 89' lang='lat' dir='ltr'><strong>redemptionem.</strong></span> 
     </span>
    </p>
   </div>
   <div class='ocr_carea' id='block_1_42' title="bbox 2011 1438 3593 1510">
    <p class='ocr_par' dir='ltr' id='par_1_42' title="bbox 2011 1438 3593 1510">
     <span class='ocr_line' id='line_1_42' title="bbox 2011 1438 3593 1510; baseline 0.006 -19"><span class='ocrx_word' id='word_1_303' title='bbox 2011 1438 2084 1491; x_wconf 89' lang='lat' dir='ltr'><strong>ita</strong></span> <span class='ocrx_word' id='word_1_304' title='bbox 2101 1446 2161 1492; x_wconf 92' lang='lat' dir='ltr'><strong>ut</strong></span> <span class='ocrx_word' id='word_1_305' title='bbox 2188 1453 2291 1493; x_wconf 89' lang='lat' dir='ltr'><strong>nec</strong></span> <span class='ocrx_word' id='word_1_306' title='bbox 2313 1453 2452 1507; x_wconf 78' lang='lat' dir='ltr'><strong>opus</strong></span> <span class='ocrx_word' id='word_1_307' title='bbox 2482 1439 2678 1493; x_wconf 84' lang='lat' dir='ltr'><strong>habeat</strong></span> <span class='ocrx_word' id='word_1_308' title='bbox 2710 1440 2876 1495; x_wconf 90' lang='lat' dir='ltr'><strong>alium</strong></span> <span class='ocrx_word' id='word_1_309' title='bbox 2908 1443 3017 1510; x_wconf 83' lang='lat' dir='ltr'><strong>iam</strong></span> <span class='ocrx_word' id='word_1_310' title='bbox 3048 1444 3468 1507; x_wconf 85' lang='lat' dir='ltr'><strong>admonentem,</strong></span> <span class='ocrx_word' id='word_1_311' title='bbox 3497 1459 3593 1501; x_wconf 79' lang='lat' dir='ltr'><strong>ne.-</strong></span> 
     </span>
    </p>
   </div>
   <div class='ocr_carea' id='block_1_43' title="bbox 2012 1528 3170 1600">
    <p class='ocr_par' dir='ltr' id='par_1_43' title="bbox 2012 1528 3170 1600">
     <span class='ocr_line' id='line_1_43' title="bbox 2012 1528 3170 1600; baseline 0.008 -19"><span class='ocrx_word' id='word_1_312' title='bbox 2012 1543 2118 1598; x_wconf 86' lang='lat' dir='ltr'><strong>que</strong></span> <span class='ocrx_word' id='word_1_313' title='bbox 2146 1529 2248 1582; x_wconf 85' lang='lat' dir='ltr'><strong>sub</strong></span> <span class='ocrx_word' id='word_1_314' title='bbox 2274 1529 2403 1599; x_wconf 81' lang='lat' dir='ltr'><strong>jugo</strong></span> <span class='ocrx_word' id='word_1_315' title='bbox 2436 1528 2661 1584; x_wconf 84' lang='lat' dir='ltr'><strong>alterius</strong></span> <span class='ocrx_word' id='word_1_316' title='bbox 2695 1546 2854 1600; x_wconf 83' lang='lat' dir='ltr'><strong>agere</strong></span> <span class='ocrx_word' id='word_1_317' title='bbox 2888 1534 3170 1589; x_wconf 74' lang='lat' dir='ltr'><strong>doctrinae.</strong></span> 
     </span>
    </p>
   </div>
   <div class='ocr_carea' id='block_1_44' title="bbox 2077 1620 3597 1694">
    <p class='ocr_par' dir='ltr' id='par_1_44' title="bbox 2077 1620 3597 1694">
     <span class='ocr_line' id='line_1_44' title="bbox 2077 1620 3597 1694; baseline 0.005 -21"><span class='ocrx_word' id='word_1_318' title='bbox 2077 1620 2180 1674; x_wconf 74' lang='lat' dir='ltr'><strong>Hei</strong></span> <span class='ocrx_word' id='word_1_319' title='bbox 2206 1628 2327 1674; x_wconf 73' lang='lat' dir='ltr'><strong>sunt</strong></span> <span class='ocrx_word' id='word_1_320' title='bbox 2354 1620 2493 1674; x_wconf 85' lang='lat' dir='ltr'><strong>enim</strong></span> <span class='ocrx_word' id='word_1_321' title='bbox 2513 1622 2650 1675; x_wconf 77' lang='lat' dir='ltr'><strong>servi</strong></span> <span class='ocrx_word' id='word_1_322' title='bbox 2685 1622 2785 1690; x_wconf 76' lang='lat' dir='ltr'><strong>ﬁlii</strong></span> <span class='ocrx_word' id='word_1_323' title='bbox 2804 1623 2993 1691; x_wconf 79' lang='lat' dir='ltr'><strong>Israel,</strong></span> <span class='ocrx_word' id='word_1_324' title='bbox 3026 1642 3156 1694; x_wconf 80' lang='lat' dir='ltr'><strong>quos</strong></span> <span class='ocrx_word' id='word_1_325' title='bbox 3181 1627 3341 1680; x_wconf 76' lang='lat' dir='ltr'><strong>eduxi</strong></span> <span class='ocrx_word' id='word_1_326' title='bbox 3368 1628 3430 1679; x_wconf 76' lang='lat' dir='ltr'><strong>de</strong></span> <span class='ocrx_word' id='word_1_327' title='bbox 3454 1636 3597 1680; x_wconf 82' lang='lat' dir='ltr'><strong>terra</strong></span> 
     </span>
    </p>
   </div>
   <div class='ocr_carea' id='block_1_45' title="bbox 2013 1709 3597 1786">
    <p class='ocr_par' dir='ltr' id='par_1_45' title="bbox 2013 1709 3597 1786">
     <span class='ocr_line' id='line_1_45' title="bbox 2013 1709 3597 1786; baseline 0.004 -20"><span class='ocrx_word' id='word_1_328' title='bbox 2013 1710 2251 1782; x_wconf 65' lang='lat' dir='ltr'><strong>Aigypti.</strong></span> <span class='ocrx_word' id='word_1_329' title='bbox 2284 1709 2566 1777; x_wconf 84' lang='lat' dir='ltr'><strong>Quomodo</strong></span> <span class='ocrx_word' id='word_1_330' title='bbox 2618 1721 2800 1767; x_wconf 89' lang='lat' dir='ltr'><strong>autem</strong></span> <span class='ocrx_word' id='word_1_331' title='bbox 2833 1730 2929 1769; x_wconf 91' lang='lat' dir='ltr'><strong>eos</strong></span> <span class='ocrx_word' id='word_1_332' title='bbox 2984 1716 3218 1771; x_wconf 83' lang='lat' dir='ltr'><strong>eduxit?</strong></span> <span class='ocrx_word' id='word_1_333' title='bbox 3246 1717 3597 1786; x_wconf 78' lang='lat' dir='ltr'><strong>SuSpirantes</strong></span> 
     </span>
    </p>
   </div>
   <div class='ocr_carea' id='block_1_46' title="bbox 2014 1803 3599 1870">
    <p class='ocr_par' dir='ltr' id='par_1_46' title="bbox 2014 1803 3599 1870">
     <span class='ocr_line' id='line_1_46' title="bbox 2014 1803 3599 1870; baseline 0.003 -11"><span class='ocrx_word' id='word_1_334' title='bbox 2014 1803 2290 1870; x_wconf 83' lang='lat' dir='ltr'><strong>videlicet,</strong></span> <span class='ocrx_word' id='word_1_335' title='bbox 2305 1803 2449 1860; x_wconf 89' lang='lat' dir='ltr'><strong>sicut</strong></span> <span class='ocrx_word' id='word_1_336' title='bbox 2471 1804 2608 1860; x_wconf 86' lang='lat' dir='ltr'><strong>liber</strong></span> <span class='ocrx_word' id='word_1_337' title='bbox 2629 1806 2789 1861; x_wconf 89' lang='lat' dir='ltr'><strong>nobis</strong></span> <span class='ocrx_word' id='word_1_338' title='bbox 2824 1808 2996 1863; x_wconf 88' lang='lat' dir='ltr'><strong>Exodi</strong></span> <span class='ocrx_word' id='word_1_339' title='bbox 3026 1808 3423 1863; x_wconf 85' lang='lat' dir='ltr'><strong>demonstravit</strong></span> <span class='ocrx_word' id='word_1_340' title='bbox 3449 1827 3461 1863; x_wconf 90' lang='lat'><strong>:</strong></span> <span class='ocrx_word' id='word_1_341' title='bbox 3491 1809 3599 1863; x_wconf 80' lang='lat' dir='ltr'><strong>Per</strong></span> 
     </span>
    </p>
   </div>
   <div class='ocr_carea' id='block_1_47' title="bbox 2016 1896 3595 1970">
    <p class='ocr_par' dir='ltr' id='par_1_47' title="bbox 2016 1896 3595 1970">
     <span class='ocr_line' id='line_1_47' title="bbox 2016 1896 3595 1970; baseline 0.003 -22"><span class='ocrx_word' id='word_1_342' title='bbox 2016 1896 2241 1950; x_wconf 78' lang='lat' dir='ltr'><strong>multum</strong></span> <span class='ocrx_word' id='word_1_343' title='bbox 2266 1896 2513 1965; x_wconf 73' lang='lat' dir='ltr'><strong>temporis</strong></span> <span class='ocrx_word' id='word_1_344' title='bbox 2539 1906 2776 1951; x_wconf 73' lang='lat' dir='ltr'><strong>mortuus</strong></span> <span class='ocrx_word' id='word_1_345' title='bbox 2837 1910 2911 1952; x_wconf 77' lang='lat' dir='ltr'><strong>est</strong></span> <span class='ocrx_word' id='word_1_346' title='bbox 2943 1915 3036 1952; x_wconf 72' lang='lat' dir='ltr'><strong>rex</strong></span> <span class='ocrx_word' id='word_1_347' title='bbox 3072 1897 3319 1970; x_wconf 60' lang='lat' dir='ltr'><strong>Egypti,</strong></span> <span class='ocrx_word' id='word_1_348' title='bbox 3345 1909 3393 1953; x_wconf 87' lang='lat' dir='ltr'><strong>et</strong></span> <span class='ocrx_word' id='word_1_349' title='bbox 3444 1901 3595 1969; x_wconf 84' lang='lat' dir='ltr'><strong>iuge-</strong></span> 
     </span>
    </p>
   </div>
   <div class='ocr_carea' id='block_1_48' title="bbox 2016 1986 3593 2061">
    <p class='ocr_par' dir='ltr' id='par_1_48' title="bbox 2016 1986 3593 2061">
     <span class='ocr_line' id='line_1_48' title="bbox 2016 1986 3593 2061; baseline 0.001 -21"><span class='ocrx_word' id='word_1_350' title='bbox 2016 1988 2286 2042; x_wconf 78' lang='lat' dir='ltr'><strong>miscentes</strong></span> <span class='ocrx_word' id='word_1_351' title='bbox 2321 1987 2420 2057; x_wconf 80' lang='lat' dir='ltr'><strong>ﬁlii</strong></span> <span class='ocrx_word' id='word_1_352' title='bbox 2449 1986 2619 2042; x_wconf 82' lang='lat' dir='ltr'><strong>Israel</strong></span> <span class='ocrx_word' id='word_1_353' title='bbox 2645 1999 2857 2058; x_wconf 84' lang='lat' dir='ltr'><strong>propter</strong></span> <span class='ocrx_word' id='word_1_354' title='bbox 2917 2006 3100 2059; x_wconf 85' lang='lat' dir='ltr'><strong>opera,</strong></span> <span class='ocrx_word' id='word_1_355' title='bbox 3154 1990 3423 2061; x_wconf 79' lang='lat' dir='ltr'><strong>vociferati</strong></span> <span class='ocrx_word' id='word_1_356' title='bbox 3450 2000 3593 2053; x_wconf 80' lang='lat' dir='ltr'><strong>sunt,</strong></span> 
     </span>
    </p>
   </div>
   <div class='ocr_carea' id='block_1_49' title="bbox 2015 2080 3597 2153">
    <p class='ocr_par' dir='ltr' id='par_1_49' title="bbox 2015 2080 3597 2153">
     <span class='ocr_line' id='line_1_49' title="bbox 2015 2080 3597 2153; baseline 0 -20"><span class='ocrx_word' id='word_1_357' title='bbox 2015 2080 2348 2148; x_wconf 72' lang='lat' dir='ltr'><strong>manditque</strong></span> <span class='ocrx_word' id='word_1_358' title='bbox 2400 2080 2602 2133; x_wconf 84' lang='lat' dir='ltr'><strong>clamor</strong></span> <span class='ocrx_word' id='word_1_359' title='bbox 2648 2096 2826 2134; x_wconf 86' lang='lat' dir='ltr'><strong>eorum</strong></span> <span class='ocrx_word' id='word_1_360' title='bbox 2887 2083 2958 2136; x_wconf 89' lang='lat' dir='ltr'><strong>ad</strong></span> <span class='ocrx_word' id='word_1_361' title='bbox 3008 2082 3173 2136; x_wconf 87' lang='lat' dir='ltr'><strong>Deum</strong></span> <span class='ocrx_word' id='word_1_362' title='bbox 3203 2082 3267 2135; x_wconf 79' lang='lat'><strong>&quot;.</strong></span> <span class='ocrx_word' id='word_1_363' title='bbox 3297 2081 3398 2148; x_wconf 83' lang='lat' dir='ltr'><strong>Qui</strong></span> <span class='ocrx_word' id='word_1_364' title='bbox 3466 2098 3597 2153; x_wconf 81' lang='lat' dir='ltr'><strong>ergo</strong></span> 
     </span>
    </p>
   </div>
   <div class='ocr_carea' id='block_1_50' title="bbox 2018 2171 3597 2243">
    <p class='ocr_par' dir='ltr' id='par_1_50' title="bbox 2018 2171 3597 2243">
     <span class='ocr_line' id='line_1_50' title="bbox 2018 2171 3597 2243; baseline 0.003 -19"><span class='ocrx_word' id='word_1_365' title='bbox 2018 2179 2148 2226; x_wconf 92' lang='lat' dir='ltr'><strong>tunc</strong></span> <span class='ocrx_word' id='word_1_366' title='bbox 2184 2171 2369 2241; x_wconf 88' lang='lat' dir='ltr'><strong>populi</strong></span> <span class='ocrx_word' id='word_1_367' title='bbox 2398 2173 2692 2242; x_wconf 86' lang='lat' dir='ltr'><strong>suspirium</strong></span> <span class='ocrx_word' id='word_1_368' title='bbox 2723 2174 2983 2243; x_wconf 90' lang='lat' dir='ltr'><strong>suscepit,</strong></span> <span class='ocrx_word' id='word_1_369' title='bbox 3029 2174 3390 2243; x_wconf 86' lang='lat' dir='ltr'><strong>liberavitque</strong></span> <span class='ocrx_word' id='word_1_370' title='bbox 3419 2188 3515 2228; x_wconf 89' lang='lat' dir='ltr'><strong>eos</strong></span> <span class='ocrx_word' id='word_1_371' title='bbox 3564 2186 3597 2228; x_wconf 83' lang='lat' dir='ltr'><strong>a</strong></span> 
     </span>
    </p>
   </div>
   <div class='ocr_carea' id='block_1_51' title="bbox 2016 2261 3596 2335">
    <p class='ocr_par' dir='ltr' id='par_1_51' title="bbox 2016 2261 3596 2335">
     <span class='ocr_line' id='line_1_51' title="bbox 2016 2261 3596 2335; baseline 0.003 -20"><span class='ocrx_word' id='word_1_372' title='bbox 2016 2261 2278 2316; x_wconf 84' lang='lat' dir='ltr'><strong>servitute</strong></span> <span class='ocrx_word' id='word_1_373' title='bbox 2304 2261 2573 2334; x_wconf 64' lang='lat' dir='ltr'><strong>Egyptia,</strong></span> <span class='ocrx_word' id='word_1_374' title='bbox 2602 2264 2716 2334; x_wconf 90' lang='lat' dir='ltr'><strong>ipse</strong></span> <span class='ocrx_word' id='word_1_375' title='bbox 2739 2273 2795 2319; x_wconf 89' lang='lat' dir='ltr'><strong>et</strong></span> <span class='ocrx_word' id='word_1_376' title='bbox 2846 2280 2994 2319; x_wconf 87' lang='lat' dir='ltr'><strong>nunc</strong></span> <span class='ocrx_word' id='word_1_377' title='bbox 3054 2280 3496 2335; x_wconf 86' lang='lat' dir='ltr'><strong>unumquemque</strong></span> <span class='ocrx_word' id='word_1_378' title='bbox 3540 2265 3596 2320; x_wconf 81' lang='lat' dir='ltr'><strong>in</strong></span> 
     </span>
    </p>
   </div>
   <div class='ocr_carea' id='block_1_52' title="bbox 2016 2353 3597 2426">
    <p class='ocr_par' dir='ltr' id='par_1_52' title="bbox 2016 2353 3597 2426">
     <span class='ocr_line' id='line_1_52' title="bbox 2016 2353 3597 2426; baseline 0.001 -19"><span class='ocrx_word' id='word_1_379' title='bbox 2016 2353 2339 2421; x_wconf 72' lang='lat' dir='ltr'><strong>pmoitentia</strong></span> <span class='ocrx_word' id='word_1_380' title='bbox 2383 2353 2750 2423; x_wconf 91' lang='lat' dir='ltr'><strong>suspirantem</strong></span> <span class='ocrx_word' id='word_1_381' title='bbox 2809 2355 3020 2419; x_wconf 87' lang='lat' dir='ltr'><strong>liberat,</strong></span> <span class='ocrx_word' id='word_1_382' title='bbox 3050 2364 3106 2411; x_wconf 91' lang='lat' dir='ltr'><strong>et</strong></span> <span class='ocrx_word' id='word_1_383' title='bbox 3142 2356 3211 2411; x_wconf 89' lang='lat' dir='ltr'><strong>ab</strong></span> <span class='ocrx_word' id='word_1_384' title='bbox 3269 2353 3597 2426; x_wconf 83' lang='lat' dir='ltr'><strong>intelligibili</strong></span> 
     </span>
    </p>
   </div>
   <div class='ocr_carea' id='block_1_53' title="bbox 2016 2444 3600 2518">
    <p class='ocr_par' dir='ltr' id='par_1_53' title="bbox 2016 2444 3600 2518">
     <span class='ocr_line' id='line_1_53' title="bbox 2016 2444 3600 2518; baseline 0.003 -20"><span class='ocrx_word' id='word_1_385' title='bbox 2016 2444 2248 2515; x_wconf 60' lang='lat' dir='ltr'><strong>2Egypto</strong></span> <span class='ocrx_word' id='word_1_386' title='bbox 2270 2444 2521 2500; x_wconf 87' lang='lat' dir='ltr'><strong>redimet.</strong></span> <span class='ocrx_word' id='word_1_387' title='bbox 2553 2446 2695 2501; x_wconf 85' lang='lat' dir='ltr'><strong>Dicit</strong></span> <span class='ocrx_word' id='word_1_388' title='bbox 2719 2446 2785 2502; x_wconf 91' lang='lat' dir='ltr'><strong>ad</strong></span> <span class='ocrx_word' id='word_1_389' title='bbox 2818 2463 2917 2503; x_wconf 89' lang='lat' dir='ltr'><strong>nos</strong></span> <span class='ocrx_word' id='word_1_390' title='bbox 2948 2465 2962 2502; x_wconf 89' lang='lat'><strong>:</strong></span> <span class='ocrx_word' id='word_1_391' title='bbox 2992 2446 3105 2518; x_wconf 86' lang='lat' dir='ltr'><strong>Ego</strong></span> <span class='ocrx_word' id='word_1_392' title='bbox 3138 2448 3399 2503; x_wconf 82' lang='lat' dir='ltr'><strong>Dominus</strong></span> <span class='ocrx_word' id='word_1_393' title='bbox 3458 2448 3600 2503; x_wconf 75' lang='lat' dir='ltr'><strong>lleus</strong></span> 
     </span>
    </p>
   </div>
   <div class='ocr_carea' id='block_1_54' title="bbox 2017 2537 3094 2611">
    <p class='ocr_par' dir='ltr' id='par_1_54' title="bbox 2017 2537 3094 2611">
     <span class='ocr_line' id='line_1_54' title="bbox 2017 2537 3094 2611; baseline 0.001 -18"><span class='ocrx_word' id='word_1_394' title='bbox 2017 2544 2216 2604; x_wconf 87' lang='lat' dir='ltr'><strong>vester,</strong></span> <span class='ocrx_word' id='word_1_395' title='bbox 2233 2537 2325 2609; x_wconf 91' lang='lat' dir='ltr'><strong>qui</strong></span> <span class='ocrx_word' id='word_1_396' title='bbox 2360 2538 2448 2593; x_wconf 89' lang='lat' dir='ltr'><strong>illa</strong></span> <span class='ocrx_word' id='word_1_397' title='bbox 2474 2538 2579 2611; x_wconf 91' lang='lat' dir='ltr'><strong>egi,</strong></span> <span class='ocrx_word' id='word_1_398' title='bbox 2615 2547 2671 2594; x_wconf 90' lang='lat' dir='ltr'><strong>et</strong></span> <span class='ocrx_word' id='word_1_399' title='bbox 2697 2539 2816 2594; x_wconf 71' lang='lat' dir='ltr'><strong>lucc</strong></span> <span class='ocrx_word' id='word_1_400' title='bbox 2837 2541 3094 2611; x_wconf 84' lang='lat' dir='ltr'><strong>praecepi.</strong></span> 
     </span>
    </p>
   </div>
   <div class='ocr_carea' id='block_1_55' title="bbox 2582 2694 3027 2752">
    <p class='ocr_par' dir='ltr' id='par_1_55' title="bbox 2582 2694 3027 2752">
     <span class='ocr_line' id='line_1_55' title="bbox 2582 2694 3027 2752; baseline -0.004 0"><span class='ocrx_word' id='word_1_401' title='bbox 2582 2695 2810 2752; x_wconf 81' lang='lat' dir='ltr'><strong>CAPUT</strong></span> <span class='ocrx_word' id='word_1_402' title='bbox 2834 2694 3027 2750; x_wconf 71' lang='lat' dir='ltr'><strong>XXVI.</strong></span> 
     </span>
    </p>
   </div>
   <div class='ocr_carea' id='block_1_56' title="bbox 2088 2805 3601 2879">
    <p class='ocr_par' dir='ltr' id='par_1_56' title="bbox 2088 2805 3601 2879">
     <span class='ocr_line' id='line_1_56' title="bbox 2088 2805 3601 2879; baseline -0.001 -17"><span class='ocrx_word' id='word_1_403' title='bbox 2088 2808 2249 2862; x_wconf 79' lang='lat' dir='ltr'><strong>Vens.</strong></span> <span class='ocrx_word' id='word_1_404' title='bbox 2280 2807 2403 2872; x_wconf 63' lang='lat'><strong>1,9.</strong></span> <span class='ocrx_word' id='word_1_405' title='bbox 2433 2808 2550 2863; x_wconf 89' lang='lat' dir='ltr'><strong>Non</strong></span> <span class='ocrx_word' id='word_1_406' title='bbox 2576 2808 2787 2863; x_wconf 84' lang='lat' dir='ltr'><strong>facietis</strong></span> <span class='ocrx_word' id='word_1_407' title='bbox 2818 2808 2972 2863; x_wconf 79' lang='lat' dir='ltr'><strong>vobis</strong></span> <span class='ocrx_word' id='word_1_408' title='bbox 3006 2808 3232 2874; x_wconf 85' lang='lat' dir='ltr'><strong>idolum,</strong></span> <span class='ocrx_word' id='word_1_409' title='bbox 3257 2818 3313 2862; x_wconf 92' lang='lat' dir='ltr'><strong>et</strong></span> <span class='ocrx_word' id='word_1_410' title='bbox 3329 2805 3601 2879; x_wconf 88' lang='lat' dir='ltr'><strong>sculptile,</strong></span> 
     </span>
    </p>
   </div>
   <div class='ocr_carea' id='block_1_57' title="bbox 2019 2894 3603 2970">
    <p class='ocr_par' dir='ltr' id='par_1_57' title="bbox 2019 2894 3603 2970">
     <span class='ocr_line' id='line_1_57' title="bbox 2019 2894 3603 2970; baseline 0.001 -18"><span class='ocrx_word' id='word_1_411' title='bbox 2019 2912 2119 2953; x_wconf 82' lang='lat' dir='ltr'><strong>nec</strong></span> <span class='ocrx_word' id='word_1_412' title='bbox 2154 2898 2338 2954; x_wconf 87' lang='lat' dir='ltr'><strong>titulos</strong></span> <span class='ocrx_word' id='word_1_413' title='bbox 2358 2894 2604 2970; x_wconf 69' lang='lat' dir='ltr'><strong>&#39;erigetis,</strong></span> <span class='ocrx_word' id='word_1_414' title='bbox 2637 2914 2740 2954; x_wconf 88' lang='lat' dir='ltr'><strong>nec</strong></span> <span class='ocrx_word' id='word_1_415' title='bbox 2769 2899 3041 2970; x_wconf 80' lang='lat' dir='ltr'><strong>insignem</strong></span> <span class='ocrx_word' id='word_1_416' title='bbox 3087 2900 3320 2968; x_wconf 78' lang='lat' dir='ltr'><strong>lapidem</strong></span> <span class='ocrx_word' id='word_1_417' title='bbox 3384 2898 3603 2970; x_wconf 64' lang='lat' dir='ltr'><strong>ponetis</strong></span> 
     </span>
    </p>
   </div>
   <div class='ocr_carea' id='block_1_58' title="bbox 2019 2990 3604 3063">
    <p class='ocr_par' dir='ltr' id='par_1_58' title="bbox 2019 2990 3604 3063">
     <span class='ocr_line' id='line_1_58' title="bbox 2019 2990 3604 3063; baseline -0.001 -17"><span class='ocrx_word' id='word_1_418' title='bbox 2019 2993 2073 3046; x_wconf 87' lang='lat' dir='ltr'><strong>in</strong></span> <span class='ocrx_word' id='word_1_419' title='bbox 2111 3002 2251 3047; x_wconf 90' lang='lat' dir='ltr'><strong>terra</strong></span> <span class='ocrx_word' id='word_1_420' title='bbox 2282 3001 2482 3055; x_wconf 85' lang='lat' dir='ltr'><strong>vestra,</strong></span> <span class='ocrx_word' id='word_1_421' title='bbox 2512 3000 2573 3046; x_wconf 93' lang='lat' dir='ltr'><strong>ut</strong></span> <span class='ocrx_word' id='word_1_422' title='bbox 2599 2992 2834 3047; x_wconf 86' lang='lat' dir='ltr'><strong>adoretis</strong></span> <span class='ocrx_word' id='word_1_423' title='bbox 2862 3007 3011 3054; x_wconf 90' lang='lat' dir='ltr'><strong>eum,</strong></span> <span class='ocrx_word' id='word_1_424' title='bbox 3046 3008 3146 3063; x_wconf 85' lang='lat' dir='ltr'><strong>ego</strong></span> <span class='ocrx_word' id='word_1_425' title='bbox 3171 2991 3316 3045; x_wconf 85' lang='lat' dir='ltr'><strong>enim</strong></span> <span class='ocrx_word' id='word_1_426' title='bbox 3346 3007 3464 3045; x_wconf 88' lang='lat' dir='ltr'><strong>sum</strong></span> <span class='ocrx_word' id='word_1_427' title='bbox 3504 2990 3604 3045; x_wconf 88' lang='lat' dir='ltr'><strong>Do-</strong></span> 
     </span>
    </p>
   </div>
   <div class='ocr_carea' id='block_1_59' title="bbox 2019 3079 3601 3148">
    <p class='ocr_par' dir='ltr' id='par_1_59' title="bbox 2019 3079 3601 3148">
     <span class='ocr_line' id='line_1_59' title="bbox 2019 3079 3601 3148; baseline -0.002 -13"><span class='ocrx_word' id='word_1_428' title='bbox 2019 3082 2199 3136; x_wconf 84' lang='lat' dir='ltr'><strong>minus</strong></span> <span class='ocrx_word' id='word_1_429' title='bbox 2231 3080 2383 3136; x_wconf 75' lang='lat' dir='ltr'><strong>Deus</strong></span> <span class='ocrx_word' id='word_1_430' title='bbox 2398 3089 2597 3136; x_wconf 78' lang='lat' dir='ltr'><strong>vester.</strong></span> <span class='ocrx_word' id='word_1_431' title='bbox 2628 3079 2913 3136; x_wconf 86' lang='lat' dir='ltr'><strong>Custodite</strong></span> <span class='ocrx_word' id='word_1_432' title='bbox 2960 3080 3192 3136; x_wconf 85' lang='lat' dir='ltr'><strong>Sabbata</strong></span> <span class='ocrx_word' id='word_1_433' title='bbox 3223 3095 3365 3143; x_wconf 88' lang='lat' dir='ltr'><strong>mea,</strong></span> <span class='ocrx_word' id='word_1_434' title='bbox 3395 3087 3451 3133; x_wconf 91' lang='lat' dir='ltr'><strong>et</strong></span> <span class='ocrx_word' id='word_1_435' title='bbox 3504 3093 3601 3148; x_wconf 89' lang='lat' dir='ltr'><strong>pa-</strong></span> 
     </span>
    </p>
   </div>
   <div class='ocr_carea' id='block_1_60' title="bbox 345 3173 3286 3258">
    <p class='ocr_par' dir='ltr' id='par_1_60' title="bbox 345 3173 3286 3258">
     <span class='ocr_line' id='line_1_60' title="bbox 345 3173 3286 3258; baseline -0.001 -17"><span class='ocrx_word' id='word_1_436' title='bbox 345 3190 624 3258; x_wconf 67' lang='lat' dir='ltr'><strong>ptuaginta</strong></span> <span class='ocrx_word' id='word_1_437' title='bbox 653 3188 818 3243; x_wconf 81' lang='lat' dir='ltr'><strong>infert</strong></span> <span class='ocrx_word' id='word_1_438' title='bbox 858 3205 871 3240; x_wconf 89' lang='lat'><strong>:</strong></span> <span class='ocrx_word' id='word_1_439' title='bbox 903 3187 1040 3253; x_wconf 85' lang='lat' dir='ltr'><strong>Quia</strong></span> <span class='ocrx_word' id='word_1_440' title='bbox 1087 3187 1459 3242; x_wconf 84' lang='lat' dir='ltr'><strong>mercenarius</strong></span> <span class='ocrx_word' id='word_1_441' title='bbox 1507 3202 1653 3242; x_wconf 88' lang='lat' dir='ltr'><strong>anno</strong></span> <span class='ocrx_word' id='word_1_442' title='bbox 1673 3202 1738 3242; x_wconf 74' lang='lat' dir='ltr'><strong>ex</strong></span> <span class='ocrx_word' id='word_1_443' title='bbox 1772 3200 1920 3241; x_wconf 84' lang='lat' dir='ltr'><strong>anno</strong></span> <span class='ocrx_word' id='word_1_444' title='bbox 1946 3193 1988 3249; x_wconf 76' lang='grc' dir='ltr'><strong>ο</strong></span> <span class='ocrx_word' id='word_1_445' title='bbox 2021 3184 2142 3229; x_wconf 72' lang='grc' dir='ltr'><strong>νοιϐ</strong></span> <span class='ocrx_word' id='word_1_446' title='bbox 2163 3174 2528 3228; x_wconf 62' lang='grc' dir='ltr'><strong>ωηοιυπίυῐη</strong></span> <span class='ocrx_word' id='word_1_447' title='bbox 2566 3189 2770 3228; x_wconf 77' lang='grc' dir='ltr'><strong>ωειιῐη-</strong></span> <span class='ocrx_word' id='word_1_448' title='bbox 2794 3175 2909 3245; x_wconf 71' lang='lat' dir='ltr'><strong>Ego</strong></span> <span class='ocrx_word' id='word_1_449' title='bbox 2938 3173 3226 3228; x_wconf 75' lang='grc' dir='ltr'><strong>ῧοπηίηυε-</strong></span> <span class='ocrx_word' id='word_1_450' title='bbox 3268 3191 3286 3223; x_wconf 75' lang='grc'><em>³</em></span> 
     </span>
    </p>
   </div>
   <div class='ocr_carea' id='block_1_61' title="bbox 344 3279 1967 3348">
    <p class='ocr_par' dir='ltr' id='par_1_61' title="bbox 344 3279 1967 3348">
     <span class='ocr_line' id='line_1_61' title="bbox 344 3279 1967 3348; baseline -0.004 -13"><span class='ocrx_word' id='word_1_451' title='bbox 344 3297 467 3335; x_wconf 82' lang='lat' dir='ltr'><strong>cum</strong></span> <span class='ocrx_word' id='word_1_452' title='bbox 500 3296 565 3335; x_wconf 89' lang='lat' dir='ltr'><strong>eo</strong></span> <span class='ocrx_word' id='word_1_453' title='bbox 589 3288 692 3343; x_wconf 86' lang='lat' dir='ltr'><strong>est,</strong></span> <span class='ocrx_word' id='word_1_454' title='bbox 721 3296 829 3334; x_wconf 91' lang='lat' dir='ltr'><strong>non</strong></span> <span class='ocrx_word' id='word_1_455' title='bbox 853 3280 1056 3348; x_wconf 82' lang='lat' dir='ltr'><strong>allliges</strong></span> <span class='ocrx_word' id='word_1_456' title='bbox 1071 3294 1195 3334; x_wconf 89' lang='lat' dir='ltr'><strong>eum</strong></span> <span class='ocrx_word' id='word_1_457' title='bbox 1227 3279 1282 3333; x_wconf 91' lang='lat' dir='ltr'><strong>in</strong></span> <span class='ocrx_word' id='word_1_458' title='bbox 1311 3280 1516 3341; x_wconf 87' lang='lat' dir='ltr'><strong>labore.</strong></span> <span class='ocrx_word' id='word_1_459' title='bbox 1542 3280 1598 3333; x_wconf 86' lang='lat' dir='ltr'><strong>in</strong></span> <span class='ocrx_word' id='word_1_460' title='bbox 1621 3287 1918 3348; x_wconf 88' lang='lat' dir='ltr'><strong>conspectu</strong></span> <span class='ocrx_word' id='word_1_461' title='bbox 1962 3322 1967 3327; x_wconf 93' lang='lat'><strong>.</strong></span> 
     </span>
    </p>
   </div>
   <div class='ocr_carea' id='block_1_62' title="bbox 346 3368 1921 3439">
    <p class='ocr_par' dir='ltr' id='par_1_62' title="bbox 346 3368 1921 3439">
     <span class='ocr_line' id='line_1_62' title="bbox 346 3368 1921 3439; baseline 0.001 -16"><span class='ocrx_word' id='word_1_462' title='bbox 346 3382 457 3423; x_wconf 91' lang='lat' dir='ltr'><strong>tuo.</strong></span> <span class='ocrx_word' id='word_1_463' title='bbox 493 3369 572 3423; x_wconf 84' lang='lat' dir='ltr'><strong>Ad</strong></span> <span class='ocrx_word' id='word_1_464' title='bbox 606 3370 757 3423; x_wconf 87' lang='lat' dir='ltr'><strong>illum</strong></span> <span class='ocrx_word' id='word_1_465' title='bbox 790 3370 1088 3439; x_wconf 88' lang='lat' dir='ltr'><strong>respiciens</strong></span> <span class='ocrx_word' id='word_1_466' title='bbox 1116 3370 1533 3431; x_wconf 80' lang='lat' dir='ltr'><strong>mercenarium,</strong></span> <span class='ocrx_word' id='word_1_467' title='bbox 1564 3384 1796 3437; x_wconf 91' lang='lat' dir='ltr'><strong>quorum</strong></span> <span class='ocrx_word' id='word_1_468' title='bbox 1832 3368 1921 3424; x_wconf 89' lang='lat' dir='ltr'><strong>hic</strong></span> 
     </span>
    </p>
   </div>
   <div class='ocr_carea' id='block_1_63' title="bbox 344 3460 1920 3530">
    <p class='ocr_par' dir='ltr' id='par_1_63' title="bbox 344 3460 1920 3530">
     <span class='ocr_line' id='line_1_63' title="bbox 344 3460 1920 3530; baseline -0.001 -15"><span class='ocrx_word' id='word_1_469' title='bbox 344 3462 560 3530; x_wconf 89' lang='lat' dir='ltr'><strong>quidem</strong></span> <span class='ocrx_word' id='word_1_470' title='bbox 609 3474 706 3529; x_wconf 90' lang='lat' dir='ltr'><strong>per</strong></span> <span class='ocrx_word' id='word_1_471' title='bbox 747 3470 908 3513; x_wconf 84' lang='lat' dir='ltr'><strong>unam</strong></span> <span class='ocrx_word' id='word_1_472' title='bbox 946 3461 1155 3523; x_wconf 89' lang='lat' dir='ltr'><strong>horam,</strong></span> <span class='ocrx_word' id='word_1_473' title='bbox 1190 3461 1278 3514; x_wconf 90' lang='lat' dir='ltr'><strong>ille</strong></span> <span class='ocrx_word' id='word_1_474' title='bbox 1316 3471 1497 3515; x_wconf 88' lang='lat' dir='ltr'><strong>autem</strong></span> <span class='ocrx_word' id='word_1_475' title='bbox 1525 3475 1622 3529; x_wconf 90' lang='lat' dir='ltr'><strong>per</strong></span> <span class='ocrx_word' id='word_1_476' title='bbox 1646 3470 1754 3515; x_wconf 88' lang='lat' dir='ltr'><strong>tres</strong></span> <span class='ocrx_word' id='word_1_477' title='bbox 1808 3460 1920 3514; x_wconf 89' lang='lat' dir='ltr'><strong>for-</strong></span> 
     </span>
    </p>
   </div>
   <div class='ocr_carea' id='block_1_64' title="bbox 345 3549 1919 3619">
    <p class='ocr_par' dir='ltr' id='par_1_64' title="bbox 345 3549 1919 3619">
     <span class='ocr_line' id='line_1_64' title="bbox 345 3549 1919 3619; baseline 0.003 -16"><span class='ocrx_word' id='word_1_478' title='bbox 345 3554 483 3603; x_wconf 82' lang='lat' dir='ltr'><strong>sitan</strong></span> <span class='ocrx_word' id='word_1_479' title='bbox 509 3550 645 3602; x_wconf 79' lang='lat' dir='ltr'><strong>alter</strong></span> <span class='ocrx_word' id='word_1_480' title='bbox 670 3549 945 3616; x_wconf 87' lang='lat' dir='ltr'><strong>aliquanto</strong></span> <span class='ocrx_word' id='word_1_481' title='bbox 976 3550 1209 3617; x_wconf 86' lang='lat' dir='ltr'><strong>amplius</strong></span> <span class='ocrx_word' id='word_1_482' title='bbox 1250 3551 1556 3604; x_wconf 83' lang='lat' dir='ltr'><strong>mercedem</strong></span> <span class='ocrx_word' id='word_1_483' title='bbox 1590 3551 1773 3619; x_wconf 87' lang='lat' dir='ltr'><strong>operis</strong></span> <span class='ocrx_word' id='word_1_484' title='bbox 1825 3566 1919 3607; x_wconf 84' lang='lat' dir='ltr'><strong>ac-</strong></span> 
     </span>
    </p>
   </div>
   <div class='ocr_carea' id='block_1_65' title="bbox 341 3639 1917 3711">
    <p class='ocr_par' dir='ltr' id='par_1_65' title="bbox 341 3639 1917 3711">
     <span class='ocr_line' id='line_1_65' title="bbox 341 3639 1917 3711; baseline 0.001 -14"><span class='ocrx_word' id='word_1_485' title='bbox 341 3643 489 3711; x_wconf 77' lang='lat' dir='ltr'><strong>cepit</strong></span> <span class='ocrx_word' id='word_1_486' title='bbox 517 3642 584 3693; x_wconf 73' lang='grc'><strong>⁸⁸.</strong></span> <span class='ocrx_word' id='word_1_487' title='bbox 618 3639 803 3707; x_wconf 84' lang='lat' dir='ltr'><strong>Neque</strong></span> <span class='ocrx_word' id='word_1_488' title='bbox 832 3642 979 3694; x_wconf 88' lang='lat' dir='ltr'><strong>enim</strong></span> <span class='ocrx_word' id='word_1_489' title='bbox 1034 3639 1273 3707; x_wconf 65' lang='lat' dir='ltr'><strong>iujustus</strong></span> <span class='ocrx_word' id='word_1_490' title='bbox 1327 3652 1465 3705; x_wconf 88' lang='lat' dir='ltr'><strong>erat,</strong></span> <span class='ocrx_word' id='word_1_491' title='bbox 1509 3644 1601 3710; x_wconf 81' lang='lat' dir='ltr'><strong>qui</strong></span> <span class='ocrx_word' id='word_1_492' title='bbox 1633 3645 1917 3707; x_wconf 78' lang='lat' dir='ltr'><strong>conduxit,</strong></span> 
     </span>
    </p>
   </div>
   <div class='ocr_carea' id='block_1_66' title="bbox 345 3731 1915 3802">
    <p class='ocr_par' dir='ltr' id='par_1_66' title="bbox 345 3731 1915 3802">
     <span class='ocr_line' id='line_1_66' title="bbox 345 3731 1915 3802; baseline 0.002 -19"><span class='ocrx_word' id='word_1_493' title='bbox 345 3733 440 3784; x_wconf 85' lang='lat' dir='ltr'><strong>sed</strong></span> <span class='ocrx_word' id='word_1_494' title='bbox 464 3732 604 3783; x_wconf 85' lang='lat' dir='ltr'><strong>sicut</strong></span> <span class='ocrx_word' id='word_1_495' title='bbox 626 3731 832 3795; x_wconf 77' lang='lat' dir='ltr'><strong>justus,</strong></span> <span class='ocrx_word' id='word_1_496' title='bbox 860 3744 972 3784; x_wconf 84' lang='lat' dir='ltr'><strong>non</strong></span> <span class='ocrx_word' id='word_1_497' title='bbox 1001 3731 1176 3783; x_wconf 86' lang='lat' dir='ltr'><strong>solum</strong></span> <span class='ocrx_word' id='word_1_498' title='bbox 1198 3732 1262 3784; x_wconf 89' lang='lat' dir='ltr'><strong>ad</strong></span> <span class='ocrx_word' id='word_1_499' title='bbox 1295 3743 1510 3802; x_wconf 84' lang='lat' dir='ltr'><strong>tempus</strong></span> <span class='ocrx_word' id='word_1_500' title='bbox 1547 3734 1915 3801; x_wconf 83' lang='lat' dir='ltr'><strong>operantium,</strong></span> 
     </span>
    </p>
   </div>
   <div class='ocr_carea' id='block_1_67' title="bbox 345 3818 1916 3890">
    <p class='ocr_par' dir='ltr' id='par_1_67' title="bbox 345 3818 1916 3890">
     <span class='ocr_line' id='line_1_67' title="bbox 345 3818 1916 3890; baseline 0.004 -20"><span class='ocrx_word' id='word_1_501' title='bbox 345 3819 439 3871; x_wconf 85' lang='lat' dir='ltr'><strong>sed</strong></span> <span class='ocrx_word' id='word_1_502' title='bbox 470 3826 526 3870; x_wconf 90' lang='lat' dir='ltr'><strong>et</strong></span> <span class='ocrx_word' id='word_1_503' title='bbox 563 3819 628 3871; x_wconf 85' lang='lat' dir='ltr'><strong>ad</strong></span> <span class='ocrx_word' id='word_1_504' title='bbox 664 3832 831 3886; x_wconf 77' lang='lat' dir='ltr'><strong>opera</strong></span> <span class='ocrx_word' id='word_1_505' title='bbox 866 3818 1122 3887; x_wconf 74' lang='lat' dir='ltr'><strong>respexit,</strong></span> <span class='ocrx_word' id='word_1_506' title='bbox 1154 3818 1233 3872; x_wconf 92' lang='lat' dir='ltr'><strong>sic</strong></span> <span class='ocrx_word' id='word_1_507' title='bbox 1282 3821 1523 3874; x_wconf 86' lang='lat' dir='ltr'><strong>metieris</strong></span> <span class='ocrx_word' id='word_1_508' title='bbox 1550 3822 1622 3883; x_wconf 90' lang='lat' dir='ltr'><strong>ei,</strong></span> <span class='ocrx_word' id='word_1_509' title='bbox 1657 3823 1746 3890; x_wconf 90' lang='lat' dir='ltr'><strong>qui</strong></span> <span class='ocrx_word' id='word_1_510' title='bbox 1802 3824 1916 3877; x_wconf 84' lang='lat' dir='ltr'><strong>vult</strong></span> 
     </span>
    </p>
   </div>
   <div class='ocr_carea' id='block_1_68' title="bbox 344 3910 1916 3982">
    <p class='ocr_par' dir='ltr' id='par_1_68' title="bbox 344 3910 1916 3982">
     <span class='ocr_line' id='line_1_68' title="bbox 344 3910 1916 3982; baseline 0.004 -21"><span class='ocrx_word' id='word_1_511' title='bbox 344 3926 443 3980; x_wconf 85' lang='lat' dir='ltr'><strong>per</strong></span> <span class='ocrx_word' id='word_1_512' title='bbox 471 3910 716 3964; x_wconf 88' lang='lat' dir='ltr'><strong>actiones</strong></span> <span class='ocrx_word' id='word_1_513' title='bbox 738 3911 906 3964; x_wconf 77' lang='lat' dir='ltr'><strong>bonas</strong></span> <span class='ocrx_word' id='word_1_514' title='bbox 937 3912 1309 3980; x_wconf 82' lang='lat' dir='ltr'><strong>semetipsum,</strong></span> <span class='ocrx_word' id='word_1_515' title='bbox 1347 3922 1402 3967; x_wconf 91' lang='lat' dir='ltr'><strong>et</strong></span> <span class='ocrx_word' id='word_1_516' title='bbox 1433 3911 1798 3982; x_wconf 74' lang='lat' dir='ltr'><strong>perfectiones</strong></span> <span class='ocrx_word' id='word_1_517' title='bbox 1828 3930 1916 3968; x_wconf 87' lang='lat' dir='ltr'><strong>re-</strong></span> 
     </span>
    </p>
   </div>
   <div class='ocr_carea' id='block_1_69' title="bbox 344 4001 1921 4073">
    <p class='ocr_par' dir='ltr' id='par_1_69' title="bbox 344 4001 1921 4073">
     <span class='ocr_line' id='line_1_69' title="bbox 344 4001 1921 4073; baseline 0.002 -17"><span class='ocrx_word' id='word_1_518' title='bbox 344 4001 571 4065; x_wconf 85' lang='lat' dir='ltr'><strong>dimere,</strong></span> <span class='ocrx_word' id='word_1_519' title='bbox 598 4011 659 4056; x_wconf 86' lang='lat' dir='ltr'><strong>ut</strong></span> <span class='ocrx_word' id='word_1_520' title='bbox 680 4018 884 4057; x_wconf 76' lang='lat' dir='ltr'><strong>annutn</strong></span> <span class='ocrx_word' id='word_1_521' title='bbox 908 4016 974 4056; x_wconf 80' lang='lat' dir='ltr'><strong>ex</strong></span> <span class='ocrx_word' id='word_1_522' title='bbox 1007 4017 1153 4056; x_wconf 89' lang='lat' dir='ltr'><strong>anno</strong></span> <span class='ocrx_word' id='word_1_523' title='bbox 1178 4002 1246 4057; x_wconf 93' lang='lat' dir='ltr'><strong>sit</strong></span> <span class='ocrx_word' id='word_1_524' title='bbox 1266 4017 1388 4057; x_wconf 91' lang='lat' dir='ltr'><strong>cum</strong></span> <span class='ocrx_word' id='word_1_525' title='bbox 1419 4019 1505 4067; x_wconf 89' lang='lat' dir='ltr'><strong>eo,</strong></span> <span class='ocrx_word' id='word_1_526' title='bbox 1530 4004 1921 4073; x_wconf 85' lang='lat' dir='ltr'><strong>redemptionis</strong></span> 
     </span>
    </p>
   </div>
   <div class='ocr_carea' id='block_1_70' title="bbox 344 4092 1915 4167">
    <p class='ocr_par' dir='ltr' id='par_1_70' title="bbox 344 4092 1915 4167">
     <span class='ocr_line' id='line_1_70' title="bbox 344 4092 1915 4167; baseline 0.002 -20"><span class='ocrx_word' id='word_1_527' title='bbox 344 4095 576 4163; x_wconf 74' lang='lat' dir='ltr'><strong>proprio:</strong></span> <span class='ocrx_word' id='word_1_528' title='bbox 603 4093 829 4164; x_wconf 81' lang='lat' dir='ltr'><strong>pecunia</strong></span> <span class='ocrx_word' id='word_1_529' title='bbox 861 4092 915 4147; x_wconf 89' lang='lat' dir='ltr'><strong>in</strong></span> <span class='ocrx_word' id='word_1_530' title='bbox 946 4102 1355 4155; x_wconf 81' lang='lat' dir='ltr'><strong>momento,aut</strong></span> <span class='ocrx_word' id='word_1_531' title='bbox 1380 4111 1478 4167; x_wconf 89' lang='lat' dir='ltr'><strong>per</strong></span> <span class='ocrx_word' id='word_1_532' title='bbox 1504 4095 1702 4149; x_wconf 90' lang='lat' dir='ltr'><strong>multos</strong></span> <span class='ocrx_word' id='word_1_533' title='bbox 1723 4110 1915 4158; x_wconf 89' lang='lat' dir='ltr'><strong>annos.</strong></span> 
     </span>
    </p>
   </div>
   <div class='ocr_carea' id='block_1_71' title="bbox 345 4186 1919 4257">
    <p class='ocr_par' dir='ltr' id='par_1_71' title="bbox 345 4186 1919 4257">
     <span class='ocr_line' id='line_1_71' title="bbox 345 4186 1919 4257; baseline 0 -17"><span class='ocrx_word' id='word_1_534' title='bbox 345 4196 437 4241; x_wconf 88' lang='lat' dir='ltr'><strong>aut</strong></span> <span class='ocrx_word' id='word_1_535' title='bbox 467 4202 561 4257; x_wconf 88' lang='lat' dir='ltr'><strong>per</strong></span> <span class='ocrx_word' id='word_1_536' title='bbox 583 4203 785 4257; x_wconf 87' lang='lat' dir='ltr'><strong>paucos</strong></span> <span class='ocrx_word' id='word_1_537' title='bbox 807 4186 1061 4241; x_wconf 88' lang='lat' dir='ltr'><strong>virtutem</strong></span> <span class='ocrx_word' id='word_1_538' title='bbox 1092 4188 1351 4257; x_wconf 80' lang='lat' dir='ltr'><strong>Operandi</strong></span> <span class='ocrx_word' id='word_1_539' title='bbox 1385 4187 1742 4257; x_wconf 84' lang='lat' dir='ltr'><strong>redemptioni</strong></span> <span class='ocrx_word' id='word_1_540' title='bbox 1773 4186 1919 4241; x_wconf 86' lang='lat' dir='ltr'><strong>simi-</strong></span> 
     </span>
    </p>
   </div>
   <div class='ocr_carea' id='block_1_72' title="bbox 345 4281 473 4333">
    <p class='ocr_par' dir='ltr' id='par_1_72' title="bbox 345 4281 473 4333">
     <span class='ocr_line' id='line_1_72' title="bbox 345 4281 473 4333; baseline 0 -2"><span class='ocrx_word' id='word_1_541' title='bbox 345 4281 473 4333; x_wconf 89' lang='lat' dir='ltr'><strong>lcm.</strong></span> 
     </span>
    </p>
   </div>
   <div class='ocr_carea' id='block_1_73' title="bbox 420 4373 1910 4444">
    <p class='ocr_par' dir='ltr' id='par_1_73' title="bbox 420 4373 1910 4444">
     <span class='ocr_line' id='line_1_73' title="bbox 420 4373 1910 4444; baseline -0.001 -17"><span class='ocrx_word' id='word_1_542' title='bbox 420 4373 488 4428; x_wconf 81' lang='lat' dir='ltr'><strong>Et</strong></span> <span class='ocrx_word' id='word_1_543' title='bbox 518 4390 622 4427; x_wconf 87' lang='lat' dir='ltr'><strong>non</strong></span> <span class='ocrx_word' id='word_1_544' title='bbox 652 4376 846 4444; x_wconf 77' lang='lat' dir='ltr'><strong>aﬂliges</strong></span> <span class='ocrx_word' id='word_1_545' title='bbox 872 4390 991 4427; x_wconf 84' lang='lat' dir='ltr'><strong>eum</strong></span> <span class='ocrx_word' id='word_1_546' title='bbox 1040 4376 1095 4428; x_wconf 86' lang='lat' dir='ltr'><strong>in</strong></span> <span class='ocrx_word' id='word_1_547' title='bbox 1127 4375 1301 4428; x_wconf 81' lang='lat' dir='ltr'><strong>labore</strong></span> <span class='ocrx_word' id='word_1_548' title='bbox 1359 4376 1416 4428; x_wconf 86' lang='lat' dir='ltr'><strong>in</strong></span> <span class='ocrx_word' id='word_1_549' title='bbox 1462 4383 1736 4444; x_wconf 77' lang='lat' dir='ltr'><strong>conspectu</strong></span> <span class='ocrx_word' id='word_1_550' title='bbox 1805 4383 1910 4426; x_wconf 89' lang='lat' dir='ltr'><strong>tuo.</strong></span> 
     </span>
    </p>
   </div>
   <div class='ocr_carea' id='block_1_74' title="bbox 345 4465 1920 4536">
    <p class='ocr_par' dir='ltr' id='par_1_74' title="bbox 345 4465 1920 4536">
     <span class='ocr_line' id='line_1_74' title="bbox 345 4465 1920 4536; baseline -0.001 -15"><span class='ocrx_word' id='word_1_551' title='bbox 345 4468 486 4532; x_wconf 84' lang='lat' dir='ltr'><strong>Quid</strong></span> <span class='ocrx_word' id='word_1_552' title='bbox 521 4476 702 4521; x_wconf 87' lang='lat' dir='ltr'><strong>autem</strong></span> <span class='ocrx_word' id='word_1_553' title='bbox 731 4467 832 4521; x_wconf 91' lang='lat' dir='ltr'><strong>hoc</strong></span> <span class='ocrx_word' id='word_1_554' title='bbox 852 4466 974 4519; x_wconf 86' lang='lat' dir='ltr'><strong>est?</strong></span> <span class='ocrx_word' id='word_1_555' title='bbox 1002 4465 1071 4521; x_wconf 89' lang='lat' dir='ltr'><strong>Ut</strong></span> <span class='ocrx_word' id='word_1_556' title='bbox 1093 4480 1241 4527; x_wconf 84' lang='lat' dir='ltr'><strong>eum.</strong></span> <span class='ocrx_word' id='word_1_557' title='bbox 1266 4467 1357 4536; x_wconf 86' lang='lat' dir='ltr'><strong>qui</strong></span> <span class='ocrx_word' id='word_1_558' title='bbox 1393 4483 1489 4535; x_wconf 90' lang='lat' dir='ltr'><strong>per</strong></span> <span class='ocrx_word' id='word_1_559' title='bbox 1513 4466 1768 4520; x_wconf 85' lang='lat' dir='ltr'><strong>virtutem</strong></span> <span class='ocrx_word' id='word_1_560' title='bbox 1793 4480 1920 4535; x_wconf 85' lang='lat' dir='ltr'><strong>pec-</strong></span> 
     </span>
    </p>
   </div>
   <div class='ocr_carea' id='block_1_75' title="bbox 2089 3263 3603 3336">
    <p class='ocr_par' dir='ltr' id='par_1_75' title="bbox 2089 3263 3603 3336">
     <span class='ocr_line' id='line_1_75' title="bbox 2089 3263 3603 3336; baseline -0.002 -17"><span class='ocrx_word' id='word_1_561' title='bbox 2089 3265 2207 3319; x_wconf 84' lang='lat' dir='ltr'><strong>Non</strong></span> <span class='ocrx_word' id='word_1_562' title='bbox 2232 3265 2405 3319; x_wconf 90' lang='lat' dir='ltr'><strong>solum</strong></span> <span class='ocrx_word' id='word_1_563' title='bbox 2431 3265 2603 3329; x_wconf 88' lang='lat' dir='ltr'><strong>nobis,</strong></span> <span class='ocrx_word' id='word_1_564' title='bbox 2658 3265 2931 3336; x_wconf 87' lang='lat' dir='ltr'><strong>quomodo</strong></span> <span class='ocrx_word' id='word_1_565' title='bbox 2955 3273 3243 3334; x_wconf 83' lang='lat' dir='ltr'><strong>peccantes</strong></span> <span class='ocrx_word' id='word_1_566' title='bbox 3299 3263 3603 3317; x_wconf 87' lang='lat' dir='ltr'><strong>libertatem</strong></span> 
     </span>
    </p>
   </div>
   <div class='ocr_carea' id='block_1_76' title="bbox 2022 3354 3604 3421">
    <p class='ocr_par' dir='ltr' id='par_1_76' title="bbox 2022 3354 3604 3421">
     <span class='ocr_line' id='line_1_76' title="bbox 2022 3354 3604 3421; baseline -0.003 -10"><span class='ocrx_word' id='word_1_567' title='bbox 2022 3357 2338 3421; x_wconf 87' lang='lat' dir='ltr'><strong>habeamus,</strong></span> <span class='ocrx_word' id='word_1_568' title='bbox 2372 3371 2475 3411; x_wconf 90' lang='lat' dir='ltr'><strong>nec</strong></span> <span class='ocrx_word' id='word_1_569' title='bbox 2528 3356 2755 3411; x_wconf 89' lang='lat' dir='ltr'><strong>aliorum</strong></span> <span class='ocrx_word' id='word_1_570' title='bbox 2812 3357 3058 3411; x_wconf 87' lang='lat' dir='ltr'><strong>doctrina</strong></span> <span class='ocrx_word' id='word_1_571' title='bbox 3083 3365 3178 3409; x_wconf 89' lang='lat' dir='ltr'><strong>aut</strong></span> <span class='ocrx_word' id='word_1_572' title='bbox 3219 3354 3604 3409; x_wconf 66' lang='lat' dir='ltr'><strong>exhortatione</strong></span> 
     </span>
    </p>
   </div>
   <div class='ocr_carea' id='block_1_77' title="bbox 2020 3445 3605 3518">
    <p class='ocr_par' dir='ltr' id='par_1_77' title="bbox 2020 3445 3605 3518">
     <span class='ocr_line' id='line_1_77' title="bbox 2020 3445 3605 3518; baseline -0.002 -17"><span class='ocrx_word' id='word_1_573' title='bbox 2020 3461 2298 3518; x_wconf 78' lang='lat' dir='ltr'><strong>egeamus,</strong></span> <span class='ocrx_word' id='word_1_574' title='bbox 2332 3447 2415 3501; x_wconf 78' lang='lat' dir='ltr'><strong>lex</strong></span> <span class='ocrx_word' id='word_1_575' title='bbox 2470 3447 2715 3511; x_wconf 86' lang='lat' dir='ltr'><strong>mandat,</strong></span> <span class='ocrx_word' id='word_1_576' title='bbox 2748 3457 2809 3503; x_wconf 91' lang='lat' dir='ltr'><strong>ut</strong></span> <span class='ocrx_word' id='word_1_577' title='bbox 2853 3449 3231 3518; x_wconf 84' lang='lat' dir='ltr'><strong>propheticum</strong></span> <span class='ocrx_word' id='word_1_578' title='bbox 3272 3446 3403 3500; x_wconf 90' lang='lat' dir='ltr'><strong>illud</strong></span> <span class='ocrx_word' id='word_1_579' title='bbox 3448 3445 3605 3499; x_wconf 90' lang='lat' dir='ltr'><strong>nobis</strong></span> 
     </span>
    </p>
   </div>
   <div class='ocr_carea' id='block_1_78' title="bbox 2021 3540 3603 3610">
    <p class='ocr_par' dir='ltr' id='par_1_78' title="bbox 2021 3540 3603 3610">
     <span class='ocr_line' id='line_1_78' title="bbox 2021 3540 3603 3610; baseline -0.002 -17"><span class='ocrx_word' id='word_1_580' title='bbox 2021 3540 2375 3610; x_wconf 88' lang='lat' dir='ltr'><strong>impleretur:</strong></span> <span class='ocrx_word' id='word_1_581' title='bbox 2411 3541 2478 3595; x_wconf 82' lang='lat' dir='ltr'><strong>Et</strong></span> <span class='ocrx_word' id='word_1_582' title='bbox 2533 3559 2635 3596; x_wconf 87' lang='lat' dir='ltr'><strong>non</strong></span> <span class='ocrx_word' id='word_1_583' title='bbox 2692 3542 2893 3595; x_wconf 79' lang='lat' dir='ltr'><strong>docebit</strong></span> <span class='ocrx_word' id='word_1_584' title='bbox 2960 3542 3321 3609; x_wconf 80' lang='lat' dir='ltr'><strong>unusquisque</strong></span> <span class='ocrx_word' id='word_1_585' title='bbox 3381 3541 3603 3609; x_wconf 77' lang='lat' dir='ltr'><strong>fratrem</strong></span> 
     </span>
    </p>
   </div>
   <div class='ocr_carea' id='block_1_79' title="bbox 2018 3631 3603 3701">
    <p class='ocr_par' dir='ltr' id='par_1_79' title="bbox 2018 3631 3603 3701">
     <span class='ocr_line' id='line_1_79' title="bbox 2018 3631 3603 3701; baseline -0.003 -17"><span class='ocrx_word' id='word_1_586' title='bbox 2018 3647 2193 3693; x_wconf 84' lang='lat' dir='ltr'><strong>suum,</strong></span> <span class='ocrx_word' id='word_1_587' title='bbox 2264 3632 2486 3686; x_wconf 82' lang='lat' dir='ltr'><strong>dicens:</strong></span> <span class='ocrx_word' id='word_1_588' title='bbox 2538 3632 2801 3701; x_wconf 73' lang='lat' dir='ltr'><strong>Cognosce</strong></span> <span class='ocrx_word' id='word_1_589' title='bbox 2860 3631 3145 3685; x_wconf 81' lang='lat' dir='ltr'><strong>Dominum</strong></span> <span class='ocrx_word' id='word_1_590' title='bbox 3182 3647 3201 3683; x_wconf 90' lang='lat'><strong><em>:</em></strong></span> <span class='ocrx_word' id='word_1_591' title='bbox 3249 3631 3374 3698; x_wconf 84' lang='lat' dir='ltr'><strong>quia</strong></span> <span class='ocrx_word' id='word_1_592' title='bbox 3426 3644 3603 3681; x_wconf 78' lang='lat' dir='ltr'><strong>omnes</strong></span> 
     </span>
    </p>
   </div>
   <div class='ocr_carea' id='block_1_80' title="bbox 2019 3719 3607 3791">
    <p class='ocr_par' dir='ltr' id='par_1_80' title="bbox 2019 3719 3607 3791">
     <span class='ocr_line' id='line_1_80' title="bbox 2019 3719 3607 3791; baseline -0.003 -16"><span class='ocrx_word' id='word_1_593' title='bbox 2019 3723 2181 3775; x_wconf 81' lang='lat' dir='ltr'><strong>scient</strong></span> <span class='ocrx_word' id='word_1_594' title='bbox 2209 3738 2311 3785; x_wconf 82' lang='lat' dir='ltr'><strong>me,</strong></span> <span class='ocrx_word' id='word_1_595' title='bbox 2344 3739 2376 3774; x_wconf 90' lang='lat' dir='ltr'><strong>a</strong></span> <span class='ocrx_word' id='word_1_596' title='bbox 2400 3723 2598 3775; x_wconf 83' lang='lat' dir='ltr'><strong>minore</strong></span> <span class='ocrx_word' id='word_1_597' title='bbox 2623 3737 2785 3791; x_wconf 76' lang='lat' dir='ltr'><strong>usque</strong></span> <span class='ocrx_word' id='word_1_598' title='bbox 2817 3722 2889 3774; x_wconf 83' lang='lat' dir='ltr'><strong>ad</strong></span> <span class='ocrx_word' id='word_1_599' title='bbox 2937 3721 3190 3789; x_wconf 82' lang='lat' dir='ltr'><strong>majorem</strong></span> <span class='ocrx_word' id='word_1_600' title='bbox 3248 3734 3445 3780; x_wconf 84' lang='lat' dir='ltr'><strong>eorum,</strong></span> <span class='ocrx_word' id='word_1_601' title='bbox 3476 3719 3607 3785; x_wconf 75' lang='lat' dir='ltr'><strong>quia</strong></span> 
     </span>
    </p>
   </div>
   <div class='ocr_carea' id='block_1_81' title="bbox 2020 3808 3603 3881">
    <p class='ocr_par' dir='ltr' id='par_1_81' title="bbox 2020 3808 3603 3881">
     <span class='ocr_line' id='line_1_81' title="bbox 2020 3808 3603 3881; baseline -0.001 -16"><span class='ocrx_word' id='word_1_602' title='bbox 2020 3814 2275 3880; x_wconf 75' lang='lat' dir='ltr'><strong>propitius</strong></span> <span class='ocrx_word' id='word_1_603' title='bbox 2298 3828 2387 3864; x_wconf 87' lang='lat' dir='ltr'><strong>ero</strong></span> <span class='ocrx_word' id='word_1_604' title='bbox 2409 3813 2775 3881; x_wconf 72' lang='lat' dir='ltr'><strong>iniquitatibus</strong></span> <span class='ocrx_word' id='word_1_605' title='bbox 2796 3827 2975 3864; x_wconf 86' lang='lat' dir='ltr'><strong>eorum</strong></span> <span class='ocrx_word' id='word_1_606' title='bbox 3000 3820 3047 3864; x_wconf 88' lang='lat' dir='ltr'><strong>et</strong></span> <span class='ocrx_word' id='word_1_607' title='bbox 3094 3818 3426 3879; x_wconf 84' lang='lat' dir='ltr'><strong>peccatorum</strong></span> <span class='ocrx_word' id='word_1_608' title='bbox 3482 3808 3603 3863; x_wconf 69' lang='lat' dir='ltr'><strong>illo»</strong></span> 
     </span>
    </p>
   </div>
   <div class='ocr_carea' id='block_1_82' title="bbox 2019 3899 3599 3971">
    <p class='ocr_par' dir='ltr' id='par_1_82' title="bbox 2019 3899 3599 3971">
     <span class='ocr_line' id='line_1_82' title="bbox 2019 3899 3599 3971; baseline 0.001 -19"><span class='ocrx_word' id='word_1_609' title='bbox 2019 3918 2137 3955; x_wconf 86' lang='lat' dir='ltr'><strong>rum</strong></span> <span class='ocrx_word' id='word_1_610' title='bbox 2158 3902 2278 3970; x_wconf 86' lang='lat' dir='ltr'><strong>jam</strong></span> <span class='ocrx_word' id='word_1_611' title='bbox 2312 3918 2413 3955; x_wconf 86' lang='lat' dir='ltr'><strong>non</strong></span> <span class='ocrx_word' id='word_1_612' title='bbox 2441 3903 2757 3956; x_wconf 84' lang='lat' dir='ltr'><strong>recordabar</strong></span> <span class='ocrx_word' id='word_1_613' title='bbox 2774 3902 3006 3971; x_wconf 77' lang='lat' dir='ltr'><strong>amplius</strong></span> <span class='ocrx_word' id='word_1_614' title='bbox 3030 3900 3094 3956; x_wconf 77' lang='lat'><strong>&quot;&#39;.</strong></span> <span class='ocrx_word' id='word_1_615' title='bbox 3113 3899 3398 3967; x_wconf 83' lang='lat' dir='ltr'><strong>Quomodo</strong></span> <span class='ocrx_word' id='word_1_616' title='bbox 3419 3909 3599 3957; x_wconf 75' lang='lat' dir='ltr'><strong>autem</strong></span> 
     </span>
    </p>
   </div>
   <div class='ocr_carea' id='block_1_83' title="bbox 2020 3993 3598 4064">
    <p class='ocr_par' dir='ltr' id='par_1_83' title="bbox 2020 3993 3598 4064">
     <span class='ocr_line' id='line_1_83' title="bbox 2020 3993 3598 4064; baseline 0 -17"><span class='ocrx_word' id='word_1_617' title='bbox 2020 3994 2124 4047; x_wconf 85' lang='lat' dir='ltr'><strong>hoc</strong></span> <span class='ocrx_word' id='word_1_618' title='bbox 2149 4001 2283 4053; x_wconf 87' lang='lat' dir='ltr'><strong>erat.</strong></span> <span class='ocrx_word' id='word_1_619' title='bbox 2306 3994 2349 4047; x_wconf 91' lang='lat' dir='ltr'><strong>si</strong></span> <span class='ocrx_word' id='word_1_620' title='bbox 2377 4009 2485 4047; x_wconf 89' lang='lat' dir='ltr'><strong>non</strong></span> <span class='ocrx_word' id='word_1_621' title='bbox 2520 3994 2695 4048; x_wconf 87' lang='lat' dir='ltr'><strong>solum</strong></span> <span class='ocrx_word' id='word_1_622' title='bbox 2723 3995 2792 4048; x_wconf 88' lang='lat' dir='ltr'><strong>ab</strong></span> <span class='ocrx_word' id='word_1_623' title='bbox 2848 4003 3039 4064; x_wconf 91' lang='lat' dir='ltr'><strong>aperto</strong></span> <span class='ocrx_word' id='word_1_624' title='bbox 3090 3993 3362 4048; x_wconf 91' lang='lat' dir='ltr'><strong>idolorum</strong></span> <span class='ocrx_word' id='word_1_625' title='bbox 3426 3993 3598 4057; x_wconf 85' lang='lat' dir='ltr'><strong>cultu,</strong></span> 
     </span>
    </p>
   </div>
   <div class='ocr_carea' id='block_1_84' title="bbox 2019 4081 3602 4155">
    <p class='ocr_par' dir='ltr' id='par_1_84' title="bbox 2019 4081 3602 4155">
     <span class='ocr_line' id='line_1_84' title="bbox 2019 4081 3602 4155; baseline -0.001 -19"><span class='ocrx_word' id='word_1_626' title='bbox 2019 4096 2180 4152; x_wconf 90' lang='lat' dir='ltr'><strong>quem</strong></span> <span class='ocrx_word' id='word_1_627' title='bbox 2220 4083 2473 4155; x_wconf 84' lang='lat' dir='ltr'><strong>prohibet</strong></span> <span class='ocrx_word' id='word_1_628' title='bbox 2503 4083 2634 4152; x_wconf 87' lang='lat' dir='ltr'><strong>legis</strong></span> <span class='ocrx_word' id='word_1_629' title='bbox 2657 4084 2859 4147; x_wconf 87' lang='lat' dir='ltr'><strong>littera,</strong></span> <span class='ocrx_word' id='word_1_630' title='bbox 2890 4082 2985 4137; x_wconf 89' lang='lat' dir='ltr'><strong>sed</strong></span> <span class='ocrx_word' id='word_1_631' title='bbox 3016 4091 3073 4137; x_wconf 90' lang='lat' dir='ltr'><strong>et</strong></span> <span class='ocrx_word' id='word_1_632' title='bbox 3102 4083 3170 4138; x_wconf 89' lang='lat' dir='ltr'><strong>ab</strong></span> <span class='ocrx_word' id='word_1_633' title='bbox 3192 4081 3602 4136; x_wconf 66' lang='lat' dir='ltr'><strong>occultombsti-</strong></span> 
     </span>
    </p>
   </div>
   <div class='ocr_carea' id='block_1_85' title="bbox 2018 4171 3602 4242">
    <p class='ocr_par' dir='ltr' id='par_1_85' title="bbox 2018 4171 3602 4242">
     <span class='ocr_line' id='line_1_85' title="bbox 2018 4171 3602 4242; baseline -0.001 -16"><span class='ocrx_word' id='word_1_634' title='bbox 2018 4172 2290 4226; x_wconf 85' lang='lat' dir='ltr'><strong>neamus?</strong></span> <span class='ocrx_word' id='word_1_635' title='bbox 2318 4173 2387 4228; x_wconf 90' lang='lat' dir='ltr'><strong>de</strong></span> <span class='ocrx_word' id='word_1_636' title='bbox 2416 4188 2525 4242; x_wconf 86' lang='lat' dir='ltr'><strong>quo</strong></span> <span class='ocrx_word' id='word_1_637' title='bbox 2558 4171 2758 4229; x_wconf 86' lang='lat' dir='ltr'><strong>Paulus</strong></span> <span class='ocrx_word' id='word_1_638' title='bbox 2812 4171 3030 4229; x_wconf 86' lang='lat' dir='ltr'><strong>dicebat</strong></span> <span class='ocrx_word' id='word_1_639' title='bbox 3062 4192 3074 4228; x_wconf 90' lang='lat'><strong>:</strong></span> <span class='ocrx_word' id='word_1_640' title='bbox 3135 4172 3313 4228; x_wconf 70' lang='lat' dir='ltr'><strong>Radix</strong></span> <span class='ocrx_word' id='word_1_641' title='bbox 3366 4173 3602 4226; x_wconf 83' lang='lat' dir='ltr'><strong>omnium</strong></span> 
     </span>
    </p>
   </div>
   <div class='ocr_carea' id='block_1_86' title="bbox 2020 4261 3597 4333">
    <p class='ocr_par' dir='ltr' id='par_1_86' title="bbox 2020 4261 3597 4333">
     <span class='ocr_line' id='line_1_86' title="bbox 2020 4261 3597 4333; baseline -0.001 -17"><span class='ocrx_word' id='word_1_642' title='bbox 2020 4261 2284 4317; x_wconf 82' lang='lat' dir='ltr'><strong>malorum</strong></span> <span class='ocrx_word' id='word_1_643' title='bbox 2336 4264 2565 4317; x_wconf 80' lang='lat' dir='ltr'><strong>avaritia</strong></span> <span class='ocrx_word' id='word_1_644' title='bbox 2609 4263 2820 4333; x_wconf 77' lang='lat' dir='ltr'><strong>“,quae</strong></span> <span class='ocrx_word' id='word_1_645' title='bbox 2879 4273 2963 4319; x_wconf 89' lang='lat' dir='ltr'><strong>est</strong></span> <span class='ocrx_word' id='word_1_646' title='bbox 3018 4265 3299 4319; x_wconf 90' lang='lat' dir='ltr'><strong>idolorum-</strong></span> <span class='ocrx_word' id='word_1_647' title='bbox 3325 4264 3597 4319; x_wconf 83' lang='lat' dir='ltr'><strong>servitus:</strong></span> 
     </span>
    </p>
   </div>
   <div class='ocr_carea' id='block_1_87' title="bbox 2020 4352 3601 4424">
    <p class='ocr_par' dir='ltr' id='par_1_87' title="bbox 2020 4352 3601 4424">
     <span class='ocr_line' id='line_1_87' title="bbox 2020 4352 3601 4424; baseline -0.001 -18"><span class='ocrx_word' id='word_1_648' title='bbox 2020 4352 2478 4423; x_wconf 83' lang='lat' dir='ltr'><strong>quemadmodum</strong></span> <span class='ocrx_word' id='word_1_649' title='bbox 2534 4354 2691 4409; x_wconf 89' lang='lat' dir='ltr'><strong>nobis</strong></span> <span class='ocrx_word' id='word_1_650' title='bbox 2738 4354 2901 4409; x_wconf 88' lang='lat' dir='ltr'><strong>etiam</strong></span> <span class='ocrx_word' id='word_1_651' title='bbox 2961 4370 3110 4411; x_wconf 86' lang='lat' dir='ltr'><strong>nunc</strong></span> <span class='ocrx_word' id='word_1_652' title='bbox 3174 4354 3309 4424; x_wconf 85' lang='lat' dir='ltr'><strong>legis</strong></span> <span class='ocrx_word' id='word_1_653' title='bbox 3374 4353 3601 4422; x_wconf 79' lang='lat' dir='ltr'><strong>spiritus</strong></span> 
     </span>
    </p>
   </div>
   <div class='ocr_carea' id='block_1_88' title="bbox 2021 4444 3598 4502">
    <p class='ocr_par' dir='ltr' id='par_1_88' title="bbox 2021 4444 3598 4502">
     <span class='ocr_line' id='line_1_88' title="bbox 2021 4444 3598 4502; baseline -0.002 -4"><span class='ocrx_word' id='word_1_654' title='bbox 2021 4444 2405 4500; x_wconf 87' lang='lat' dir='ltr'><strong>abstinentiam</strong></span> <span class='ocrx_word' id='word_1_655' title='bbox 2424 4445 2661 4501; x_wconf 86' lang='lat' dir='ltr'><strong>mandat.</strong></span> <span class='ocrx_word' id='word_1_656' title='bbox 2687 4446 2754 4499; x_wconf 83' lang='lat' dir='ltr'><strong>Et</strong></span> <span class='ocrx_word' id='word_1_657' title='bbox 2781 4460 2887 4500; x_wconf 90' lang='lat' dir='ltr'><strong>non</strong></span> <span class='ocrx_word' id='word_1_658' title='bbox 2910 4445 3172 4500; x_wconf 82' lang='lat' dir='ltr'><strong>faciemus</strong></span> <span class='ocrx_word' id='word_1_659' title='bbox 3186 4444 3345 4500; x_wconf 86' lang='lat' dir='ltr'><strong>nobis</strong></span> <span class='ocrx_word' id='word_1_660' title='bbox 3374 4444 3598 4502; x_wconf 89' lang='lat' dir='ltr'><strong>idolum,</strong></span> 
     </span>
    </p>
   </div>
   <div class='ocr_carea' id='block_1_89' title="bbox 343 4534 1914 4625">
    <p class='ocr_par' dir='ltr' id='par_1_89' title="bbox 343 4534 1914 4625">
     <span class='ocr_line' id='line_1_89' title="bbox 343 4534 1914 4625; baseline -0.001 -15"><span class='ocrx_word' id='word_1_661' title='bbox 343 4564 525 4610; x_wconf 88' lang='lat' dir='ltr'><strong>catum</strong></span> <span class='ocrx_word' id='word_1_662' title='bbox 566 4555 791 4625; x_wconf 90' lang='lat' dir='ltr'><strong>respuit,</strong></span> <span class='ocrx_word' id='word_1_663' title='bbox 825 4570 935 4610; x_wconf 88' lang='lat' dir='ltr'><strong>non</strong></span> <span class='ocrx_word' id='word_1_664' title='bbox 967 4555 1017 4609; x_wconf 91' lang='lat' dir='ltr'><strong>ei</strong></span> <span class='ocrx_word' id='word_1_665' title='bbox 1052 4534 1465 4625; x_wconf 81' lang='lat' dir='ltr'><strong>superimponas</strong></span> <span class='ocrx_word' id='word_1_666' title='bbox 1500 4555 1762 4609; x_wconf 55' lang='lat' dir='ltr'><strong>districta;</strong></span> <span class='ocrx_word' id='word_1_667' title='bbox 1796 4534 1914 4624; x_wconf 65' lang='lat' dir='ltr'><strong>poe-</strong></span> 
     </span>
    </p>
   </div>
   <div class='ocr_carea' id='block_1_90' title="bbox 2021 4534 3599 4625">
    <p class='ocr_par' dir='ltr' id='par_1_90' title="bbox 2023 4534 3599 4606">
     <span class='ocr_line' id='line_1_90' title="bbox 2023 4534 3599 4606; baseline -0.001 -17"><span class='ocrx_word' id='word_1_668' title='bbox 2023 4544 2078 4589; x_wconf 92' lang='lat' dir='ltr'><strong>et</strong></span> <span class='ocrx_word' id='word_1_669' title='bbox 2125 4535 2395 4605; x_wconf 88' lang='lat' dir='ltr'><strong>sculptile,</strong></span> <span class='ocrx_word' id='word_1_670' title='bbox 2429 4535 2562 4600; x_wconf 83' lang='lat' dir='ltr'><strong>sive,</strong></span> <span class='ocrx_word' id='word_1_671' title='bbox 2589 4545 2651 4590; x_wconf 90' lang='lat' dir='ltr'><strong>ut</strong></span> <span class='ocrx_word' id='word_1_672' title='bbox 2677 4535 3050 4606; x_wconf 82' lang='lat' dir='ltr'><strong>Septuaginta,</strong></span> <span class='ocrx_word' id='word_1_673' title='bbox 3108 4534 3465 4605; x_wconf 75' lang='lat' dir='ltr'><strong>manufactile,</strong></span> <span class='ocrx_word' id='word_1_674' title='bbox 3499 4534 3599 4587; x_wconf 89' lang='lat' dir='ltr'><strong>do-</strong></span> 
     </span>
    </p>
   </div>
   <div class='ocr_carea' id='block_1_91' title="bbox 344 4646 1920 4717">
    <p class='ocr_par' dir='ltr' id='par_1_91' title="bbox 344 4646 1920 4717">
     <span class='ocr_line' id='line_1_91' title="bbox 344 4646 1920 4717; baseline -0.001 -16"><span class='ocrx_word' id='word_1_675' title='bbox 344 4646 589 4702; x_wconf 69' lang='lat' dir='ltr'><strong>nitenlia:</strong></span> <span class='ocrx_word' id='word_1_676' title='bbox 611 4648 841 4715; x_wconf 90' lang='lat' dir='ltr'><strong>pondus.</strong></span> <span class='ocrx_word' id='word_1_677' title='bbox 875 4646 1053 4701; x_wconf 85' lang='lat' dir='ltr'><strong>Semel</strong></span> <span class='ocrx_word' id='word_1_678' title='bbox 1085 4646 1230 4701; x_wconf 90' lang='lat' dir='ltr'><strong>enim</strong></span> <span class='ocrx_word' id='word_1_679' title='bbox 1254 4648 1609 4717; x_wconf 85' lang='lat' dir='ltr'><strong>semetipsum</strong></span> <span class='ocrx_word' id='word_1_680' title='bbox 1662 4646 1920 4715; x_wconf 81' lang='lat' dir='ltr'><strong>operibus</strong></span> 
     </span>
    </p>
   </div>
   <div class='ocr_carea' id='block_1_92' title="bbox 344 4735 1917 4806">
    <p class='ocr_par' dir='ltr' id='par_1_92' title="bbox 344 4735 1917 4806">
     <span class='ocr_line' id='line_1_92' title="bbox 344 4735 1917 4806; baseline -0.001 -15"><span class='ocrx_word' id='word_1_681' title='bbox 344 4738 501 4792; x_wconf 84' lang='lat' dir='ltr'><strong>bonis</strong></span> <span class='ocrx_word' id='word_1_682' title='bbox 527 4736 775 4791; x_wconf 87' lang='lat' dir='ltr'><strong>redemit.</strong></span> <span class='ocrx_word' id='word_1_683' title='bbox 805 4735 947 4806; x_wconf 81' lang='lat' dir='ltr'><strong>Ergo</strong></span> <span class='ocrx_word' id='word_1_684' title='bbox 985 4737 1150 4791; x_wconf 88' lang='lat' dir='ltr'><strong>nimis</strong></span> <span class='ocrx_word' id='word_1_685' title='bbox 1175 4746 1323 4792; x_wconf 90' lang='lat' dir='ltr'><strong>recte</strong></span> <span class='ocrx_word' id='word_1_686' title='bbox 1356 4736 1618 4802; x_wconf 88' lang='lat' dir='ltr'><strong>subdidit,</strong></span> <span class='ocrx_word' id='word_1_687' title='bbox 1653 4751 1774 4805; x_wconf 76' lang='lat' dir='ltr'><strong>quae</strong></span> <span class='ocrx_word' id='word_1_688' title='bbox 1828 4751 1917 4791; x_wconf 87' lang='lat' dir='ltr'><strong>se-</strong></span> 
     </span>
    </p>
   </div>
   <div class='ocr_carea' id='block_1_93' title="bbox 347 4835 609 4896">
    <p class='ocr_par' dir='ltr' id='par_1_93' title="bbox 347 4835 609 4896">
     <span class='ocr_line' id='line_1_93' title="bbox 347 4835 609 4896; baseline -0.008 -15"><span class='ocrx_word' id='word_1_689' title='bbox 347 4835 609 4896; x_wconf 88' lang='lat' dir='ltr'><strong>quuntur.</strong></span> 
     </span>
    </p>
   </div>
   <div class='ocr_carea' id='block_1_94' title="bbox 416 4916 1921 4985">
    <p class='ocr_par' dir='ltr' id='par_1_94' title="bbox 416 4916 1921 4985">
     <span class='ocr_line' id='line_1_94' title="bbox 416 4916 1921 4985; baseline 0.005 -16"><span class='ocrx_word' id='word_1_690' title='bbox 416 4916 568 4982; x_wconf 80' lang='lat' dir='ltr'><strong>Quod</strong></span> <span class='ocrx_word' id='word_1_691' title='bbox 591 4917 636 4970; x_wconf 80' lang='lat' dir='ltr'><strong>si</strong></span> <span class='ocrx_word' id='word_1_692' title='bbox 663 4933 754 4984; x_wconf 82' lang='lat' dir='ltr'><strong>per</strong></span> <span class='ocrx_word' id='word_1_693' title='bbox 779 4919 887 4971; x_wconf 66' lang='lat' dir='ltr'><strong>hare</strong></span> <span class='ocrx_word' id='word_1_694' title='bbox 916 4918 1100 4970; x_wconf 74' lang='lat' dir='ltr'><strong>redimi</strong></span> <span class='ocrx_word' id='word_1_695' title='bbox 1126 4932 1227 4970; x_wconf 82' lang='lat' dir='ltr'><strong>non</strong></span> <span class='ocrx_word' id='word_1_696' title='bbox 1266 4926 1513 4985; x_wconf 74' lang='lat' dir='ltr'><strong>potuerit.</strong></span> <span class='ocrx_word' id='word_1_697' title='bbox 1539 4935 1678 4974; x_wconf 83' lang='lat' dir='ltr'><strong>anno</strong></span> <span class='ocrx_word' id='word_1_698' title='bbox 1712 4921 1921 4976; x_wconf 75' lang='lat' dir='ltr'><strong>iubila&#39;o</strong></span> 
     </span>
    </p>
   </div>
   <div class='ocr_carea' id='block_1_95' title="bbox 347 5007 1923 5081">
    <p class='ocr_par' dir='ltr' id='par_1_95' title="bbox 347 5007 1923 5081">
     <span class='ocr_line' id='line_1_95' title="bbox 347 5007 1923 5081; baseline 0.003 -20"><span class='ocrx_word' id='word_1_699' title='bbox 347 5009 640 5078; x_wconf 79' lang='lat' dir='ltr'><strong>egredietur</strong></span> <span class='ocrx_word' id='word_1_700' title='bbox 685 5023 800 5060; x_wconf 87' lang='lat' dir='ltr'><strong>cum</strong></span> <span class='ocrx_word' id='word_1_701' title='bbox 851 5007 1028 5062; x_wconf 76' lang='lat' dir='ltr'><strong>liberis</strong></span> <span class='ocrx_word' id='word_1_702' title='bbox 1070 5009 1198 5063; x_wconf 81' lang='lat' dir='ltr'><strong>suis.</strong></span> <span class='ocrx_word' id='word_1_703' title='bbox 1254 5008 1356 5074; x_wconf 84' lang='lat' dir='ltr'><strong>Qui</strong></span> <span class='ocrx_word' id='word_1_704' title='bbox 1387 5023 1569 5066; x_wconf 87' lang='lat' dir='ltr'><strong>autem</strong></span> <span class='ocrx_word' id='word_1_705' title='bbox 1620 5013 1923 5081; x_wconf 77' lang='lat' dir='ltr'><strong>aequalibus</strong></span> 
     </span>
    </p>
   </div>
   <div class='ocr_carea' id='block_1_96' title="bbox 346 5099 1921 5170">
    <p class='ocr_par' dir='ltr' id='par_1_96' title="bbox 346 5099 1921 5170">
     <span class='ocr_line' id='line_1_96' title="bbox 346 5099 1921 5170; baseline 0.006 -19"><span class='ocrx_word' id='word_1_706' title='bbox 346 5109 570 5169; x_wconf 86' lang='lat' dir='ltr'><strong>peccato</strong></span> <span class='ocrx_word' id='word_1_707' title='bbox 591 5099 883 5154; x_wconf 86' lang='lat' dir='ltr'><strong>virtutibus</strong></span> <span class='ocrx_word' id='word_1_708' title='bbox 906 5101 1259 5169; x_wconf 89' lang='lat' dir='ltr'><strong>semetipsum</strong></span> <span class='ocrx_word' id='word_1_709' title='bbox 1288 5116 1398 5155; x_wconf 89' lang='lat' dir='ltr'><strong>non</strong></span> <span class='ocrx_word' id='word_1_710' title='bbox 1435 5104 1685 5170; x_wconf 87' lang='lat' dir='ltr'><strong>redemit,</strong></span> <span class='ocrx_word' id='word_1_711' title='bbox 1716 5105 1771 5157; x_wconf 90' lang='lat' dir='ltr'><strong>in</strong></span> <span class='ocrx_word' id='word_1_712' title='bbox 1821 5121 1921 5159; x_wconf 70' lang='grc' dir='ltr'><strong>ειη-</strong></span> 
     </span>
    </p>
   </div>
   <div class='ocr_carea' id='block_1_97' title="bbox 343 5191 1921 5265">
    <p class='ocr_par' dir='ltr' id='par_1_97' title="bbox 343 5191 1921 5265">
     <span class='ocr_line' id='line_1_97' title="bbox 343 5191 1921 5265; baseline 0.005 -21"><span class='ocrx_word' id='word_1_713' title='bbox 343 5207 417 5245; x_wconf 88' lang='grc' dir='ltr'>ιιο</span> <span class='ocrx_word' id='word_1_714' title='bbox 442 5191 670 5260; x_wconf 63' lang='grc' dir='ltr'>ᾗιιὶιίἰιθί,</span> <span class='ocrx_word' id='word_1_715' title='bbox 706 5191 821 5246; x_wconf 89' lang='lat' dir='ltr'><strong>sive</strong></span> <span class='ocrx_word' id='word_1_716' title='bbox 850 5192 1213 5255; x_wconf 87' lang='lat' dir='ltr'><strong>remissionis,</strong></span> <span class='ocrx_word' id='word_1_717' title='bbox 1248 5194 1301 5249; x_wconf 91' lang='lat' dir='ltr'><strong>id</strong></span> <span class='ocrx_word' id='word_1_718' title='bbox 1344 5202 1448 5258; x_wconf 91' lang='lat' dir='ltr'><strong>est,</strong></span> <span class='ocrx_word' id='word_1_719' title='bbox 1504 5196 1558 5249; x_wconf 91' lang='lat' dir='ltr'><strong>in</strong></span> <span class='ocrx_word' id='word_1_720' title='bbox 1587 5196 1826 5265; x_wconf 87' lang='lat' dir='ltr'><strong>perfecta</strong></span> <span class='ocrx_word' id='word_1_721' title='bbox 1865 5207 1921 5253; x_wconf 91' lang='lat' dir='ltr'><strong>et</strong></span> 
     </span>
    </p>
   </div>
   <div class='ocr_carea' id='block_1_98' title="bbox 343 5282 1920 5358">
    <p class='ocr_par' dir='ltr' id='par_1_98' title="bbox 343 5282 1920 5358">
     <span class='ocr_line' id='line_1_98' title="bbox 343 5282 1920 5358; baseline 0.006 -23"><span class='ocrx_word' id='word_1_722' title='bbox 343 5282 587 5336; x_wconf 85' lang='lat' dir='ltr'><strong>districta</strong></span> <span class='ocrx_word' id='word_1_723' title='bbox 662 5282 1008 5352; x_wconf 67' lang='lat' dir='ltr'><strong>paenitentia,</strong></span> <span class='ocrx_word' id='word_1_724' title='bbox 1067 5286 1525 5353; x_wconf 86' lang='lat' dir='ltr'><strong>quemadmodum</strong></span> <span class='ocrx_word' id='word_1_725' title='bbox 1602 5288 1920 5358; x_wconf 79' lang='lat' dir='ltr'><strong>frequenter</strong></span> 
     </span>
    </p>
   </div>
   <div class='ocr_carea' id='block_1_99' title="bbox 342 5370 1917 5449">
    <p class='ocr_par' dir='ltr' id='par_1_99' title="bbox 342 5370 1917 5449">
     <span class='ocr_line' id='line_1_99' title="bbox 342 5370 1917 5449; baseline 0.007 -26"><span class='ocrx_word' id='word_1_726' title='bbox 342 5370 602 5436; x_wconf 79' lang='lat' dir='ltr'><strong>diximus,</strong></span> <span class='ocrx_word' id='word_1_727' title='bbox 627 5381 681 5427; x_wconf 87' lang='lat' dir='ltr'><strong>et</strong></span> <span class='ocrx_word' id='word_1_728' title='bbox 710 5374 885 5441; x_wconf 83' lang='lat' dir='ltr'><strong>ipsum</strong></span> <span class='ocrx_word' id='word_1_729' title='bbox 908 5373 1099 5429; x_wconf 87' lang='lat' dir='ltr'><strong>redimi</strong></span> <span class='ocrx_word' id='word_1_730' title='bbox 1132 5376 1409 5445; x_wconf 73' lang='lat' dir='ltr'><strong>praecepit,</strong></span> <span class='ocrx_word' id='word_1_731' title='bbox 1429 5376 1523 5432; x_wconf 87' lang='lat' dir='ltr'><strong>sed</strong></span> <span class='ocrx_word' id='word_1_732' title='bbox 1545 5386 1601 5431; x_wconf 88' lang='lat' dir='ltr'><strong>et</strong></span> <span class='ocrx_word' id='word_1_733' title='bbox 1621 5377 1761 5433; x_wconf 89' lang='lat' dir='ltr'><strong>bona</strong></span> <span class='ocrx_word' id='word_1_734' title='bbox 1783 5395 1917 5449; x_wconf 85' lang='lat' dir='ltr'><strong>ope-</strong></span> 
     </span>
    </p>
   </div>
   <div class='ocr_carea' id='block_1_100' title="bbox 343 5464 1917 5538">
    <p class='ocr_par' dir='ltr' id='par_1_100' title="bbox 343 5464 1917 5538">
     <span class='ocr_line' id='line_1_100' title="bbox 343 5464 1917 5538; baseline 0.006 -23"><span class='ocrx_word' id='word_1_735' title='bbox 343 5477 422 5526; x_wconf 87' lang='lat' dir='ltr'><strong>ra,</strong></span> <span class='ocrx_word' id='word_1_736' title='bbox 452 5478 574 5530; x_wconf 78' lang='lat' dir='ltr'><strong>qua:</strong></span> <span class='ocrx_word' id='word_1_737' title='bbox 607 5464 923 5533; x_wconf 88' lang='lat' dir='ltr'><strong>priusquam</strong></span> <span class='ocrx_word' id='word_1_738' title='bbox 978 5474 1281 5533; x_wconf 84' lang='lat' dir='ltr'><strong>peccasset,</strong></span> <span class='ocrx_word' id='word_1_739' title='bbox 1307 5467 1436 5538; x_wconf 88' lang='lat' dir='ltr'><strong>egit,</strong></span> <span class='ocrx_word' id='word_1_740' title='bbox 1460 5483 1580 5537; x_wconf 77' lang='lat' dir='ltr'><strong>qua:</strong></span> <span class='ocrx_word' id='word_1_741' title='bbox 1609 5469 1701 5523; x_wconf 86' lang='lat' dir='ltr'><strong>lilii</strong></span> <span class='ocrx_word' id='word_1_742' title='bbox 1735 5471 1917 5525; x_wconf 80' lang='lat' dir='ltr'><strong>unius-</strong></span> 
     </span>
    </p>
   </div>
   <div class='ocr_carea' id='block_1_101' title="bbox 340 5555 1914 5633">
    <p class='ocr_par' dir='ltr' id='par_1_101' title="bbox 340 5555 1914 5633">
     <span class='ocr_line' id='line_1_101' title="bbox 340 5555 1914 5633; baseline 0.004 -23"><span class='ocrx_word' id='word_1_743' title='bbox 340 5555 608 5624; x_wconf 72' lang='lat' dir='ltr'><strong>cujusque</strong></span> <span class='ocrx_word' id='word_1_744' title='bbox 645 5564 890 5610; x_wconf 89' lang='lat' dir='ltr'><strong>nostrum</strong></span> <span class='ocrx_word' id='word_1_745' title='bbox 922 5566 1070 5611; x_wconf 87' lang='lat' dir='ltr'><strong>sunt.</strong></span> <span class='ocrx_word' id='word_1_746' title='bbox 1109 5556 1204 5611; x_wconf 92' lang='lat' dir='ltr'><strong>Sin</strong></span> <span class='ocrx_word' id='word_1_747' title='bbox 1235 5571 1415 5613; x_wconf 86' lang='lat' dir='ltr'><strong>autem</strong></span> <span class='ocrx_word' id='word_1_748' title='bbox 1440 5559 1523 5615; x_wconf 82' lang='lat' dir='ltr'><strong>vis</strong></span> <span class='ocrx_word' id='word_1_749' title='bbox 1565 5577 1914 5633; x_wconf 82' lang='lat' dir='ltr'><strong>cognoscere,</strong></span> 
     </span>
    </p>
   </div>
   <div class='ocr_carea' id='block_1_102' title="bbox 340 5646 1915 5724">
    <p class='ocr_par' dir='ltr' id='par_1_102' title="bbox 340 5646 1915 5724">
     <span class='ocr_line' id='line_1_102' title="bbox 340 5646 1915 5724; baseline 0.006 -24"><span class='ocrx_word' id='word_1_750' title='bbox 340 5660 463 5717; x_wconf 74' lang='lat' dir='ltr'><strong>qua:</strong></span> <span class='ocrx_word' id='word_1_751' title='bbox 496 5647 567 5701; x_wconf 83' lang='lat' dir='ltr'><strong>sit</strong></span> <span class='ocrx_word' id='word_1_752' title='bbox 610 5646 844 5703; x_wconf 60' lang='lat' dir='ltr'><strong>terfecta</strong></span> <span class='ocrx_word' id='word_1_753' title='bbox 878 5648 1220 5716; x_wconf 59' lang='lat' dir='ltr'><strong>poenitentia,</strong></span> <span class='ocrx_word' id='word_1_754' title='bbox 1251 5649 1519 5706; x_wconf 79' lang='lat' dir='ltr'><strong>Ninivitas</strong></span> <span class='ocrx_word' id='word_1_755' title='bbox 1555 5653 1798 5720; x_wconf 82' lang='lat' dir='ltr'><strong>intende,</strong></span> <span class='ocrx_word' id='word_1_756' title='bbox 1824 5655 1915 5724; x_wconf 88' lang='lat' dir='ltr'><strong>qui</strong></span> 
     </span>
    </p>
   </div>
   <div class='ocr_carea' id='block_1_103' title="bbox 416 5822 982 5895">
    <p class='ocr_par' dir='ltr' id='par_1_103' title="bbox 416 5822 982 5895">
     <span class='ocr_line' id='line_1_103' title="bbox 416 5822 982 5895; baseline 0.007 -20"><span class='ocrx_word' id='word_1_757' title='bbox 416 5822 463 5855; x_wconf 68' lang='grc'><strong>⁸⁵</strong></span> <span class='ocrx_word' id='word_1_758' title='bbox 494 5823 677 5879; x_wconf 75' lang='lat' dir='ltr'><strong>.llatth.</strong></span> <span class='ocrx_word' id='word_1_759' title='bbox 703 5840 789 5887; x_wconf 73' lang='lat' dir='ltr'><strong>xx,</strong></span> <span class='ocrx_word' id='word_1_760' title='bbox 826 5825 982 5895; x_wconf 85' lang='lat' dir='ltr'><strong>lscq.</strong></span> 
     </span>
    </p>
   </div>
   <div class='ocr_carea' id='block_1_104' title="bbox 1079 5825 2745 5905">
    <p class='ocr_par' dir='ltr' id='par_1_104' title="bbox 1079 5825 2745 5905">
     <span class='ocr_line' id='line_1_104' title="bbox 1079 5825 2745 5905; baseline 0.001 -22"><span class='ocrx_word' id='word_1_761' title='bbox 1079 5825 1123 5857; x_wconf 81' lang='lat'><strong>&quot;&#39;</strong></span> <span class='ocrx_word' id='word_1_762' title='bbox 1144 5826 1319 5885; x_wconf 79' lang='lat' dir='ltr'><strong>Jome.</strong></span> <span class='ocrx_word' id='word_1_763' title='bbox 1353 5844 1430 5899; x_wconf 82' lang='lat' dir='ltr'><strong>tu,</strong></span> <span class='ocrx_word' id='word_1_764' title='bbox 1471 5829 1549 5885; x_wconf 86' lang='grc' dir='ltr'><strong>ιο.</strong></span> <span class='ocrx_word' id='word_1_765' title='bbox 1628 5831 1670 5861; x_wconf 63' lang='grc'><strong>³⁷</strong></span> <span class='ocrx_word' id='word_1_766' title='bbox 1704 5831 1872 5887; x_wconf 77' lang='lat' dir='ltr'><strong>Exod.</strong></span> <span class='ocrx_word' id='word_1_767' title='bbox 1912 5847 1980 5905; x_wconf 82' lang='grc' dir='ltr'>ιι,</span> <span class='ocrx_word' id='word_1_768' title='bbox 2010 5831 2097 5888; x_wconf 70' lang='lat'><strong>25.</strong></span> <span class='ocrx_word' id='word_1_769' title='bbox 2176 5834 2219 5866; x_wconf 57' lang='grc' dir='ltr'><strong>δ*</strong></span> <span class='ocrx_word' id='word_1_770' title='bbox 2245 5833 2445 5890; x_wconf 82' lang='lat' dir='ltr'><strong>.‘ercm.</strong></span> <span class='ocrx_word' id='word_1_771' title='bbox 2485 5849 2630 5900; x_wconf 73' lang='lat' dir='ltr'><strong>xxxi,</strong></span> <span class='ocrx_word' id='word_1_772' title='bbox 2660 5832 2745 5887; x_wconf 71' lang='grc'><strong>34.</strong></span> 
     </span>
    </p>
   </div>
   <div class='ocr_carea' id='block_1_105' title="bbox 2017 4622 3603 4698">
    <p class='ocr_par' dir='ltr' id='par_1_105' title="bbox 2017 4622 3603 4698">
     <span class='ocr_line' id='line_1_105' title="bbox 2017 4622 3603 4698; baseline -0.001 -17"><span class='ocrx_word' id='word_1_773' title='bbox 2017 4641 2136 4681; x_wconf 90' lang='lat' dir='ltr'><strong>mos</strong></span> <span class='ocrx_word' id='word_1_774' title='bbox 2163 4622 2510 4692; x_wconf 75' lang='lat' dir='ltr'><strong>:ediﬁcantes,</strong></span> <span class='ocrx_word' id='word_1_775' title='bbox 2542 4637 2595 4682; x_wconf 92' lang='lat' dir='ltr'><strong>et</strong></span> <span class='ocrx_word' id='word_1_776' title='bbox 2642 4642 2803 4698; x_wconf 83' lang='lat' dir='ltr'><strong>agros</strong></span> <span class='ocrx_word' id='word_1_777' title='bbox 2826 4627 3037 4696; x_wconf 84' lang='lat' dir='ltr'><strong>aliquos</strong></span> <span class='ocrx_word' id='word_1_778' title='bbox 3094 4625 3461 4695; x_wconf 85' lang='lat' dir='ltr'><strong>possidentes,</strong></span> <span class='ocrx_word' id='word_1_779' title='bbox 3499 4639 3603 4680; x_wconf 86' lang='lat' dir='ltr'><strong>nec</strong></span> 
     </span>
    </p>
   </div>
   <div class='ocr_carea' id='block_1_106' title="bbox 2017 4715 3602 4787">
    <p class='ocr_par' dir='ltr' id='par_1_106' title="bbox 2017 4715 3602 4787">
     <span class='ocr_line' id='line_1_106' title="bbox 2017 4715 3602 4787; baseline -0.001 -17"><span class='ocrx_word' id='word_1_780' title='bbox 2017 4716 2267 4787; x_wconf 85' lang='lat' dir='ltr'><strong>sculptile</strong></span> <span class='ocrx_word' id='word_1_781' title='bbox 2319 4717 2374 4770; x_wconf 90' lang='lat' dir='ltr'><strong>in</strong></span> <span class='ocrx_word' id='word_1_782' title='bbox 2408 4717 2490 4771; x_wconf 90' lang='lat' dir='ltr'><strong>eis</strong></span> <span class='ocrx_word' id='word_1_783' title='bbox 2539 4717 2856 4787; x_wconf 83' lang='lat' dir='ltr'><strong>figurantes,</strong></span> <span class='ocrx_word' id='word_1_784' title='bbox 2904 4723 3150 4769; x_wconf 81' lang='lat' dir='ltr'><strong>nostram</strong></span> <span class='ocrx_word' id='word_1_785' title='bbox 3194 4715 3602 4784; x_wconf 89' lang='lat' dir='ltr'><strong>quodammodo</strong></span> 
     </span>
    </p>
   </div>
   <div class='ocr_carea' id='block_1_107' title="bbox 2018 4802 3601 4864">
    <p class='ocr_par' dir='ltr' id='par_1_107' title="bbox 2018 4802 3601 4864">
     <span class='ocr_line' id='line_1_107' title="bbox 2018 4802 3601 4864; baseline 0.001 -1"><span class='ocrx_word' id='word_1_786' title='bbox 2018 4802 2316 4864; x_wconf 62' lang='lat' dir='ltr'><strong>atterentes</strong></span> <span class='ocrx_word' id='word_1_787' title='bbox 2352 4824 2540 4864; x_wconf 90' lang='lat' dir='ltr'><strong>amore</strong></span> <span class='ocrx_word' id='word_1_788' title='bbox 2571 4824 2759 4863; x_wconf 88' lang='lat' dir='ltr'><strong>eorum</strong></span> <span class='ocrx_word' id='word_1_789' title='bbox 2819 4816 3080 4864; x_wconf 89' lang='lat' dir='ltr'><strong>mentem.</strong></span> <span class='ocrx_word' id='word_1_790' title='bbox 3104 4807 3217 4864; x_wconf 79' lang='lat' dir='ltr'><strong>Nec</strong></span> <span class='ocrx_word' id='word_1_791' title='bbox 3256 4809 3444 4864; x_wconf 85' lang='lat' dir='ltr'><strong>titulos</strong></span> <span class='ocrx_word' id='word_1_792' title='bbox 3499 4825 3601 4864; x_wconf 84' lang='lat' dir='ltr'><strong>no-</strong></span> 
     </span>
    </p>
   </div>
   <div class='ocr_carea' id='block_1_108' title="bbox 2019 4898 3603 4970">
    <p class='ocr_par' dir='ltr' id='par_1_108' title="bbox 2019 4898 3603 4970">
     <span class='ocr_line' id='line_1_108' title="bbox 2019 4898 3603 4970; baseline -0.002 -17"><span class='ocrx_word' id='word_1_793' title='bbox 2019 4899 2126 4962; x_wconf 90' lang='lat' dir='ltr'><strong>bis,</strong></span> <span class='ocrx_word' id='word_1_794' title='bbox 2180 4899 2296 4953; x_wconf 84' lang='lat' dir='ltr'><strong>sive</strong></span> <span class='ocrx_word' id='word_1_795' title='bbox 2355 4907 2589 4953; x_wconf 89' lang='lat' dir='ltr'><strong>statuam</strong></span> <span class='ocrx_word' id='word_1_796' title='bbox 2616 4898 2669 4952; x_wconf 92' lang='lat' dir='ltr'><strong>in</strong></span> <span class='ocrx_word' id='word_1_797' title='bbox 2709 4898 2793 4953; x_wconf 82' lang='lat' dir='ltr'><strong>his</strong></span> <span class='ocrx_word' id='word_1_798' title='bbox 2855 4898 3149 4970; x_wconf 81' lang='lat' dir='ltr'><strong>erigamus,</strong></span> <span class='ocrx_word' id='word_1_799' title='bbox 3208 4898 3458 4953; x_wconf 87' lang='lat' dir='ltr'><strong>volentes</strong></span> <span class='ocrx_word' id='word_1_800' title='bbox 3507 4913 3603 4967; x_wconf 87' lang='lat' dir='ltr'><strong>per</strong></span> 
     </span>
    </p>
   </div>
   <div class='ocr_carea' id='block_1_109' title="bbox 2025 4990 3602 5059">
    <p class='ocr_par' dir='ltr' id='par_1_109' title="bbox 2025 4990 3602 5059">
     <span class='ocr_line' id='line_1_109' title="bbox 2025 4990 3602 5059; baseline -0.003 -13"><span class='ocrx_word' id='word_1_801' title='bbox 2025 5006 2144 5046; x_wconf 87' lang='lat' dir='ltr'><strong>eam</strong></span> <span class='ocrx_word' id='word_1_802' title='bbox 2169 4991 2487 5045; x_wconf 90' lang='lat' dir='ltr'><strong>memoriam</strong></span> <span class='ocrx_word' id='word_1_803' title='bbox 2529 5000 2771 5045; x_wconf 89' lang='lat' dir='ltr'><strong>nostram</strong></span> <span class='ocrx_word' id='word_1_804' title='bbox 2801 4990 3097 5046; x_wconf 77' lang='lat' dir='ltr'><strong>extendere</strong></span> <span class='ocrx_word' id='word_1_805' title='bbox 3156 4990 3210 5045; x_wconf 92' lang='lat' dir='ltr'><strong>in</strong></span> <span class='ocrx_word' id='word_1_806' title='bbox 3264 4990 3474 5044; x_wconf 87' lang='lat' dir='ltr'><strong>futuras</strong></span> <span class='ocrx_word' id='word_1_807' title='bbox 3505 5004 3602 5059; x_wconf 81' lang='lat' dir='ltr'><strong>ge-</strong></span> 
     </span>
    </p>
   </div>
   <div class='ocr_carea' id='block_1_110' title="bbox 2026 5081 3598 5153">
    <p class='ocr_par' dir='ltr' id='par_1_110' title="bbox 2026 5081 3598 5153">
     <span class='ocr_line' id='line_1_110' title="bbox 2026 5081 3598 5153; baseline -0.001 -16"><span class='ocrx_word' id='word_1_808' title='bbox 2026 5082 2335 5137; x_wconf 86' lang='lat' dir='ltr'><strong>nerationes</strong></span> <span class='ocrx_word' id='word_1_809' title='bbox 2368 5100 2381 5135; x_wconf 90' lang='lat'><strong>:</strong></span> <span class='ocrx_word' id='word_1_810' title='bbox 2426 5082 2530 5137; x_wconf 87' lang='lat' dir='ltr'><strong>scd</strong></span> <span class='ocrx_word' id='word_1_811' title='bbox 2551 5096 2656 5137; x_wconf 88' lang='lat' dir='ltr'><strong>nec</strong></span> <span class='ocrx_word' id='word_1_812' title='bbox 2693 5082 2927 5152; x_wconf 86' lang='lat' dir='ltr'><strong>lapidem</strong></span> <span class='ocrx_word' id='word_1_813' title='bbox 2977 5082 3246 5153; x_wconf 87' lang='lat' dir='ltr'><strong>insignem</strong></span> <span class='ocrx_word' id='word_1_814' title='bbox 3286 5081 3598 5151; x_wconf 68' lang='lat' dir='ltr'><strong>erigamus.</strong></span> 
     </span>
    </p>
   </div>
   <div class='ocr_carea' id='block_1_111' title="bbox 2023 5173 3602 5247">
    <p class='ocr_par' dir='ltr' id='par_1_111' title="bbox 2023 5173 3602 5247">
     <span class='ocr_line' id='line_1_111' title="bbox 2023 5173 3602 5247; baseline -0.003 -17"><span class='ocrx_word' id='word_1_815' title='bbox 2023 5176 2164 5238; x_wconf 91' lang='lat' dir='ltr'><strong>auri,</strong></span> <span class='ocrx_word' id='word_1_816' title='bbox 2199 5174 2352 5230; x_wconf 86' lang='lat' dir='ltr'><strong>verbi</strong></span> <span class='ocrx_word' id='word_1_817' title='bbox 2379 5174 2570 5245; x_wconf 88' lang='lat' dir='ltr'><strong>gratia,</strong></span> <span class='ocrx_word' id='word_1_818' title='bbox 2601 5183 2694 5229; x_wconf 90' lang='lat' dir='ltr'><strong>aut</strong></span> <span class='ocrx_word' id='word_1_819' title='bbox 2726 5174 2936 5247; x_wconf 83' lang='lat' dir='ltr'><strong>argenti</strong></span> <span class='ocrx_word' id='word_1_820' title='bbox 2976 5174 3285 5239; x_wconf 88' lang='lat' dir='ltr'><strong>cumulum,</strong></span> <span class='ocrx_word' id='word_1_821' title='bbox 3318 5183 3413 5227; x_wconf 90' lang='lat' dir='ltr'><strong>aut</strong></span> <span class='ocrx_word' id='word_1_822' title='bbox 3460 5173 3602 5241; x_wconf 76' lang='lat' dir='ltr'><strong>lapi-</strong></span> 
     </span>
    </p>
   </div>
   <div class='ocr_carea' id='block_1_112' title="bbox 2022 5263 3604 5334">
    <p class='ocr_par' dir='ltr' id='par_1_112' title="bbox 2022 5263 3604 5334">
     <span class='ocr_line' id='line_1_112' title="bbox 2022 5263 3604 5334; baseline -0.002 -13"><span class='ocrx_word' id='word_1_823' title='bbox 2022 5265 2182 5331; x_wconf 82' lang='lat' dir='ltr'><strong>dum,</strong></span> <span class='ocrx_word' id='word_1_824' title='bbox 2205 5264 2297 5334; x_wconf 81' lang='lat' dir='ltr'><strong>qui</strong></span> <span class='ocrx_word' id='word_1_825' title='bbox 2331 5264 2584 5319; x_wconf 89' lang='lat' dir='ltr'><strong>videntur</strong></span> <span class='ocrx_word' id='word_1_826' title='bbox 2615 5279 2737 5319; x_wconf 89' lang='lat' dir='ltr'><strong>esse</strong></span> <span class='ocrx_word' id='word_1_827' title='bbox 2760 5263 2985 5334; x_wconf 88' lang='lat' dir='ltr'><strong>pretiosi</strong></span> <span class='ocrx_word' id='word_1_828' title='bbox 3012 5263 3235 5333; x_wconf 87' lang='lat' dir='ltr'><strong>lapides,</strong></span> <span class='ocrx_word' id='word_1_829' title='bbox 3265 5264 3427 5316; x_wconf 88' lang='lat' dir='ltr'><strong>etiam</strong></span> <span class='ocrx_word' id='word_1_830' title='bbox 3456 5263 3506 5316; x_wconf 91' lang='lat' dir='ltr'><strong>hi</strong></span> <span class='ocrx_word' id='word_1_831' title='bbox 3534 5264 3604 5318; x_wconf 87' lang='lat' dir='ltr'><strong>de</strong></span> 
     </span>
    </p>
   </div>
   <div class='ocr_carea' id='block_1_113' title="bbox 2022 5353 3601 5425">
    <p class='ocr_par' dir='ltr' id='par_1_113' title="bbox 2022 5353 3601 5425">
     <span class='ocr_line' id='line_1_113' title="bbox 2022 5353 3601 5425; baseline -0.003 -14"><span class='ocrx_word' id='word_1_832' title='bbox 2022 5365 2163 5412; x_wconf 87' lang='lat' dir='ltr'><strong>terra</strong></span> <span class='ocrx_word' id='word_1_833' title='bbox 2209 5356 2445 5425; x_wconf 63' lang='lat' dir='ltr'><strong>aequales</strong></span> <span class='ocrx_word' id='word_1_834' title='bbox 2490 5356 2627 5411; x_wconf 84' lang='lat' dir='ltr'><strong>albis</strong></span> <span class='ocrx_word' id='word_1_835' title='bbox 2678 5355 2948 5425; x_wconf 87' lang='lat' dir='ltr'><strong>lapidibus</strong></span> <span class='ocrx_word' id='word_1_836' title='bbox 2988 5362 3138 5418; x_wconf 87' lang='lat' dir='ltr'><strong>sunt,</strong></span> <span class='ocrx_word' id='word_1_837' title='bbox 3166 5353 3266 5407; x_wconf 86' lang='lat' dir='ltr'><strong>etsi</strong></span> <span class='ocrx_word' id='word_1_838' title='bbox 3315 5367 3601 5407; x_wconf 85' lang='lat' dir='ltr'><strong>avarorum</strong></span> 
     </span>
    </p>
   </div>
   <div class='ocr_carea' id='block_1_114' title="bbox 2023 5442 3599 5516">
    <p class='ocr_par' dir='ltr' id='par_1_114' title="bbox 2023 5442 3599 5516">
     <span class='ocr_line' id='line_1_114' title="bbox 2023 5442 3599 5516; baseline -0.005 -13"><span class='ocrx_word' id='word_1_839' title='bbox 2023 5449 2175 5504; x_wconf 84' lang='lat' dir='ltr'><strong>visus</strong></span> <span class='ocrx_word' id='word_1_840' title='bbox 2222 5448 2279 5502; x_wconf 90' lang='lat' dir='ltr'><strong>in</strong></span> <span class='ocrx_word' id='word_1_841' title='bbox 2328 5448 2434 5513; x_wconf 92' lang='lat' dir='ltr'><strong>his,</strong></span> <span class='ocrx_word' id='word_1_842' title='bbox 2470 5446 2926 5516; x_wconf 84' lang='lat' dir='ltr'><strong>quemadmodum</strong></span> <span class='ocrx_word' id='word_1_843' title='bbox 2958 5457 3291 5515; x_wconf 85' lang='lat' dir='ltr'><strong>paganorum</strong></span> <span class='ocrx_word' id='word_1_844' title='bbox 3325 5443 3378 5497; x_wconf 92' lang='lat' dir='ltr'><strong>in</strong></span> <span class='ocrx_word' id='word_1_845' title='bbox 3421 5442 3599 5509; x_wconf 79' lang='lat' dir='ltr'><strong>idolis,</strong></span> 
     </span>
    </p>
   </div>
   <div class='ocr_carea' id='block_1_115' title="bbox 2023 5536 3604 5610">
    <p class='ocr_par' dir='ltr' id='par_1_115' title="bbox 2023 5536 3604 5610">
     <span class='ocr_line' id='line_1_115' title="bbox 2023 5536 3604 5610; baseline -0.004 -15"><span class='ocrx_word' id='word_1_846' title='bbox 2023 5540 2398 5595; x_wconf 88' lang='lat' dir='ltr'><strong>seducunlur:</strong></span> <span class='ocrx_word' id='word_1_847' title='bbox 2432 5547 2655 5610; x_wconf 90' lang='lat' dir='ltr'><strong>propter</strong></span> <span class='ocrx_word' id='word_1_848' title='bbox 2698 5540 2840 5609; x_wconf 91' lang='lat' dir='ltr'><strong>quod</strong></span> <span class='ocrx_word' id='word_1_849' title='bbox 2893 5545 2946 5591; x_wconf 88' lang='lat' dir='ltr'><strong>et</strong></span> <span class='ocrx_word' id='word_1_850' title='bbox 2996 5536 3226 5608; x_wconf 89' lang='lat' dir='ltr'><strong>insignis</strong></span> <span class='ocrx_word' id='word_1_851' title='bbox 3261 5536 3398 5606; x_wconf 84' lang='lat' dir='ltr'><strong>lapis</strong></span> <span class='ocrx_word' id='word_1_852' title='bbox 3423 5536 3604 5590; x_wconf 87' lang='lat' dir='ltr'><strong>dictus</strong></span> 
     </span>
    </p>
   </div>
   <div class='ocr_carea' id='block_1_116' title="bbox 2023 5629 3605 5702">
    <p class='ocr_par' dir='ltr' id='par_1_116' title="bbox 2023 5629 3605 5702">
     <span class='ocr_line' id='line_1_116' title="bbox 2023 5629 3605 5702; baseline -0.002 -15"><span class='ocrx_word' id='word_1_853' title='bbox 2023 5641 2126 5688; x_wconf 88' lang='lat' dir='ltr'><strong>est.</strong></span> <span class='ocrx_word' id='word_1_854' title='bbox 2156 5630 2265 5688; x_wconf 79' lang='lat' dir='ltr'><strong>Nos</strong></span> <span class='ocrx_word' id='word_1_855' title='bbox 2294 5640 2476 5688; x_wconf 88' lang='lat' dir='ltr'><strong>autem</strong></span> <span class='ocrx_word' id='word_1_856' title='bbox 2506 5631 2642 5687; x_wconf 86' lang='lat' dir='ltr'><strong>nihil</strong></span> <span class='ocrx_word' id='word_1_857' title='bbox 2674 5631 2777 5685; x_wconf 88' lang='lat' dir='ltr'><strong>tale</strong></span> <span class='ocrx_word' id='word_1_858' title='bbox 2810 5629 3095 5701; x_wconf 88' lang='lat' dir='ltr'><strong>patiamur,</strong></span> <span class='ocrx_word' id='word_1_859' title='bbox 3119 5644 3222 5683; x_wconf 86' lang='lat' dir='ltr'><strong>nec</strong></span> <span class='ocrx_word' id='word_1_860' title='bbox 3253 5630 3479 5702; x_wconf 83' lang='lat' dir='ltr'><strong>insignis</strong></span> <span class='ocrx_word' id='word_1_861' title='bbox 3507 5645 3605 5684; x_wconf 86' lang='lat' dir='ltr'><strong>uo-</strong></span> 
     </span>
    </p>
   </div>
   <div class='ocr_carea' id='block_1_117' title="bbox 2828 5829 3316 5896">
    <p class='ocr_par' dir='ltr' id='par_1_117' title="bbox 2828 5829 3316 5896">
     <span class='ocr_line' id='line_1_117' title="bbox 2828 5829 3316 5896; baseline -0.002 -11"><span class='ocrx_word' id='word_1_862' title='bbox 2828 5832 2867 5863; x_wconf 67' lang='lat'>”</span> <span class='ocrx_word' id='word_1_863' title='bbox 2900 5830 2920 5886; x_wconf 95' lang='lat' dir='ltr'><strong>l</strong></span> <span class='ocrx_word' id='word_1_864' title='bbox 2953 5830 3092 5888; x_wconf 88' lang='lat' dir='ltr'><strong>Tim.</strong></span> <span class='ocrx_word' id='word_1_865' title='bbox 3128 5846 3199 5896; x_wconf 78' lang='lat' dir='ltr'><strong>vx.</strong></span> <span class='ocrx_word' id='word_1_866' title='bbox 3232 5829 3316 5887; x_wconf 86' lang='lat' dir='ltr'><strong>lO.</strong></span> 
     </span>
    </p>
   </div>
  </div>
