3962 6220
338 379 476 446 1139

1571 369 1933 429 IlESYCHII
1974 365 2446 427 PRESBYTERI

3467 347 3606 415 lliO

332 496 421 553 bis
447 496 585 565 lapis
613 491 915 548 eﬂiciantur
941 490 1164 556 divitiae,
1198 497 1259 544 ut
1295 485 1597 543 secundum
1645 483 1920 540 intentio—
1951 491 1993 544 Α
2024 498 2139 544 vos.
2163 487 2219 536 et
2247 493 2493 536 crescere
2515 477 2735 541 faciam,
2760 467 3278 544 multiplicabimini,
3304 476 3361 522 et
3382 464 3609 523 lirmabo

332 598 458 641 nem
484 598 672 639 earum
699 581 967 645 vivamus,
989 580 1294 635 secundum
1324 577 1661 633 intellectum
1687 573 1924 643 Septua-

333 678 480 749 ginta.
510 677 871 745 interpretum
896 692 910 741 ;
939 682 995 728 et
1021 688 1128 726 non
1164 685 1507 742 quiscunque
1538 666 1920 738 praeceperint,

332 769 619 832 faciamus,
637 776 693 823 et
720 766 1011 822 desideriis
1039 779 1225 819 earum
1259 763 1580 827 serviamus,
1604 760 1925 814 adoremus-

333 876 440 931 que
471 876 594 925 eas,
628 869 684 915 et
722 859 966 914 colamus
997 859 1053 912 in
1086 855 1465 912 conservando
1490 868 1602 908 eas.
1634 851 1926 911 Custodia-

334 966 458 1004 mus
485 956 669 1005 autem
696 958 752 1003 et
775 947 1033 1015 Sabbata,
1064 948 1133 1001 ab
1158 945 1305 1000 omni
1336 944 1442 999 alio
1470 943 1612 997 malo
1643 940 1927 996 abstinen-

336 1048 466 1102 tiam
504 1047 954 1115 vacationemquc
1014 1044 1320 1109 studentes,
1352 1051 1407 1095 et
1434 1048 1656 1110 agentes
1684 1045 1744 1091 ut
1795 1050 1929 1104 ope-

336 1138 492 1193 ribus
524 1137 808 1207 praaseutis
834 1136 1020 1191 mundi
1046 1149 1350 1195 careamus,
1372 1142 1538 1200 atque
1564 1130 1632 1184 ab
1660 1129 1742 1183 eis
1770 1127 1929 1197 quie-

337 1242 576 1282 scamus.
608 1226 723 1280 Hoc
756 1226 902 1281 enim
937 1224 1278 1295 intelligibile
1311 1231 1366 1276 et
1397 1235 1584 1276 verum
1633 1217 1931 1273 Sabbatum

340 1328 444 1383 est,
476 1317 621 1387 quod
673 1332 784 1371 non
834 1315 1019 1385 populi
1068 1323 1153 1369 est
1196 1312 1412 1384 ingrati,
1446 1311 1543 1365 sed
1562 1309 1762 1379 *ipsius
1812 1308 1928 1371 Dei,

339 1408 801 1479 quemadmodum
828 1407 881 1460 in
916 1407 1048 1462 Isaia
1076 1406 1291 1461 dicebat
1323 1423 1335 1457 :
1366 1404 1560 1457 Beatus
1590 1404 1670 1455 vir
1695 1401 1785 1471 qui
1812 1401 1932 1471 fecit

343 1500 460 1561 hac,
493 1509 542 1552 et
574 1499 717 1567 ﬁlius
765 1497 990 1550 hominis
1038 1497 1128 1564 qui
1170 1493 1515 1563 apprehendit
1559 1492 1720 1554 istud,
1756 1499 1933 1543 custo-

342 1590 488 1644 diens
521 1588 811 1643 Sabbatum
838 1604 901 1641 ne
920 1586 1123 1656 polluat
1151 1585 1284 1639 illud
1303 1585 1370 1639 ⁵ο.
1408 1582 1563 1639 Unde
1597 1582 1933 1651 distinguere

343 1680 411 1735 ab
440 1682 547 1735 illis
574 1681 806 1744 volebat,
832 1680 899 1735 de
929 1679 1129 1748 quibus
1161 1678 1318 1732 initio
1348 1676 1652 1746 prOpbetite
1683 1675 1928 1730 dicebat:

342 1771 687 1832 Neonteuias.
718 1782 765 1824 et
798 1770 1109 1834 Sabbatum,
1145 1779 1195 1824 et
1216 1770 1524 1840 festivitates
1550 1769 1689 1821 alias
1720 1784 1819 1821 non
1857 1769 1935 1838 fc-

2027 580 2246 644 paetum
2303 585 2486 626 meum
2536 569 2838 624 vobiscum.
2887 562 3197 620 Comedetis
3246 557 3608 616 vetustissima

2027 671 2369 724 veterum,et
2405 670 2586 715 vetera
2624 656 2782 712 novis
2813 651 3328 725 supervenientibus
3357 647 3610 718 projicie-

2027 754 2117 809 tis.
2151 751 2350 805 Ponam
2387 748 2794 805 tabernaculum
2827 760 3008 800 meum
3044 744 3098 796 in
3131 740 3313 796 medio
3344 738 3531 800 vestri,
3554 746 3611 793 et

2028 859 2138 897 non
2169 841 2390 911 abjiciet
2420 856 2516 896 vos
2541 839 2720 894 anima
2755 853 2895 893 mea.
2931 834 3235 890 Ambulabo
3272 832 3418 886 inter
3442 845 3539 884 vos
3556 838 3612 884 et

2029 951 2123 989 ero
2156 944 2338 990 vester
2372 934 2536 998 Deus,
2566 946 2771 1001 vosque
2809 929 2963 984 eritis
3007 926 3243 997 populus
3292 937 3468 978 meus.
3499 920 3611 991 Ego

2032 1026 2296 1081 Dominus
2332 1025 2473 1080 Deus
2504 1032 2702 1086 vester,
2734 1022 2825 1091 qui
2860 1019 3021 1074 eduxi
3055 1032 3149 1071 vos
3171 1016 3238 1070 de
3268 1023 3412 1068 terra
3447 1011 3612 1081 IEgy-

2032 1120 2292 1189 ptiorum,
2328 1134 2398 1172 ne
2424 1114 2706 1170 serviretis
2734 1114 2837 1176 eis,
2871 1121 2928 1166 et
2967 1109 3059 1180 qui
3107 1105 3351 1176 confregi
3392 1112 3614 1158 catenas

2033 1211 2309 1266 cervicum
2339 1218 2663 1267 vestrarum.
2699 1201 3111 1264 utincederetis
3149 1198 3339 1254 erecti.
3374 1217 3394 1248 ι

2107 1301 2231 1357 llaec
2260 1299 2591 1356 seusibiliter
2620 1296 2864 1366 suscepit
2891 1294 3200 1349 Judaeorum
3227 1288 3484 1360 populus,
3526 1294 3615 1339 ut-

2035 1403 2161 1463 pote
2195 1407 2415 1461 parvam
2458 1391 2669 1445 habens
2707 1403 2859 1457 spem
2893 1386 3082 1451 futuri,
3115 1394 3307 1439 etnon
3357 1380 3492 1434 satis
3530 1379 3616 1431 iu-

2038 1483 2412 1553 telligibilibus
2439 1496 2739 1550 suspensus
2774 1478 2956 1533 bonis.
2985 1478 3114 1531 Erat
3157 1475 3302 1531 enim
3355 1479 3502 1527 totus
3547 1470 3615 1523 ad

2036 1585 2285 1631 ventrem
2333 1583 2388 1628 et
2429 1574 2496 1629 ad
2542 1572 2761 1627 carnale
2809 1569 2982 1623 otium
3025 1569 3292 1629 intentus,
3322 1564 3394 1618 ita
3450 1570 3508 1617 ut
3560 1561 3614 1615 in

2037 1665 2292 1738 praesenti
2328 1667 2436 1720 vita
2458 1706 2471 1727 ,
2509 1679 2571 1717 ea
2604 1678 2725 1732 qua:
2768 1661 2835 1716 ad
2871 1661 3202 1729 voluptatem
3242 1653 3611 1727 pertinebant,

2039 1763 2249 1819 etiamsi
2282 1763 2445 1817 nimis
2475 1766 2661 1815 essent
2688 1758 2943 1826 despecta
2990 1760 3045 1809 et
3095 1749 3314 1806 minima
3357 1761 3455 1817 pro
3487 1744 3614 1806 illis,

343 1864 541 1916 ram“.
561 1863 715 1926 Quod
751 1872 933 1917 autem
962 1862 1056 1916 Dei
1083 1870 1167 1917 est
1195 1826 1516 1923 Sabbatum,
1539 1867 1634 1914 aut
1662 1826 1935 1929 quomodo
1965 1826 2008 1880 Β
2036 1872 2157 1925 quae
2205 1871 2396 1924 parum
2433 1853 2703 1907 laboriosa
2748 1856 2927 1913 erant,
2959 1845 3053 1903 sed
3105 1842 3332 1898 multum
3383 1838 3614 1907 majora,

256 2006 261 2010 .
345 1953 475 2007 illud
507 1954 630 2022 quis
675 1953 964 2023 profanare
998 1969 1107 2007 non
1145 1961 1362 2022 potest,
1416 1950 1686 2006 subinfert
1718 1969 1731 2004 :
1766 1949 1926 2016 Quie-

343 2046 471 2102 scitc
499 2062 655 2114 agere
688 2046 1004 2111 perverse”.
1039 2045 1179 2114 Ergo
1217 2059 1249 2098 a
1276 2043 1434 2097 malis
1458 2043 1734 2098 abstinere
1759 2084 1774 2108 ,
1806 2042 1928 2097 sab-

290 2166 299 2174 -
344 2136 455 2192 bati
492 2146 574 2191 cst
607 2136 833 2206 impleti.
863 2136 967 2192 Sed
994 2144 1051 2190 et
1079 2135 1449 2189 sanctuarium
1480 2134 1598 2202 ejus
1636 2148 1930 2202 paveantus

346 2229 758 2284 sanctimoniam
790 2229 1093 2292 studentes,
1132 2226 1185 2281 id
1208 2234 1318 2292 est,
1344 2225 1651 2282 castitatem
1682 2240 1746 2278 ac.
1772 2225 1931 2294 pudi-

345 2322 529 2377 citiam
560 2339 574 2376 :
606 2318 723 2377 lucc
753 2321 900 2378 enim
932 2329 1016 2376 est
1044 2321 1164 2375 Viue
1192 2318 1528 2388 imperfectae
1574 2327 1629 2371 et
1676 2332 1930 2373 consum-

349 2423 509 2469 matae
555 2413 884 2481 capitulum,
916 2412 1035 2467 sive
1079 2425 1312 2465 summa.
1350 2408 1580 2478 Propter
1627 2407 1773 2477 quod
1829 2410 1932 2463 hoc

348 2501 510 2557 etiam
542 2505 900 2559 novissimum
936 2501 1143 2571 posuit,
1174 2508 1305 2554 tunc
1337 2499 1471 2555 dicit
1509 2499 1575 2553 ad
1605 2515 1706 2554 nos
1740 2499 1881 2554 Deus
1915 2518 1928 2554 :

349 2593 460 2664 Ego
482 2594 746 2648 Dominus
773 2593 915 2647 Deus
939 2601 1137 2654 vester,
1165 2591 1253 2660 qui
1287 2606 1406 2645 sum
1433 2590 1657 2659 quidem
1689 2599 1930 2654 sanctus,

349 2682 444 2737 sed
478 2691 531 2736 et
563 2683 615 2735 in
649 2682 852 2736 sanctis
884 2682 1169 2751 requiesco
1192 2720 1207 2747 ,
1258 2682 1582 2736 interimens
1628 2690 1683 2735 et
1720 2681 1932 2750 disper-

349 2771 488 2826 deus
512 2786 727 2835 omnes,
759 2771 852 2840 qui
885 2772 1295 2826 tabernaculum
1325 2787 1506 2827 meum
1536 2772 1852 2840 polluerint,
1881 2783 1935 2827 et

351 2860 615 2930 templum
662 2877 846 2916 meum
887 2863 1286 2932 pollutionibus
1326 2864 1665 2932 voluptatum
1701 2863 1935 2917 violave-

350 2954 493 3013 rint:
518 2954 662 3023 quod
692 2960 927 3010 testatur
958 2954 1161 3011 Paulus
1190 2957 1416 3011 dicens:
1448 2956 1508 3011 Si
1539 2958 1655 3025 quis
1683 2955 1936 3025 templum

351 3048 451 3105 Dei
481 3049 777 3115 violaverit,
812 3052 1077 3121 disperdet
1105 3052 1259 3106 illum
1289 3051 1509 3106 Deus".
1539 3050 1766 3120 Propter
1788 3050 1935 3119 quod

352 3139 721 3194 sanctuarium
748 3141 868 3210 ejus
897 3155 1214 3210 paveamus,
1250 3147 1311 3193 ut
1337 3154 1439 3193 nec
1466 3151 1664 3207 corpus
1688 3144 1935 3191 nostrum

355 3227 680 3297 polluamus,
704 3204 981 3299 neque-ad
1012 3245 1213 3300 corpus
1243 3227 1466 3293 Christi,
1494 3204 1684 3294 iniquo
1709 3232 1795 3278 est
1819 3238 1935 3276 om-
1964 3204 2005 3257 (ἶ

354 3318 443 3375 nis
492 3320 851 3376 sanctiﬁcatio
889 3322 964 3392 (in
1008 3323 1126 3391 ipso
1159 3322 1307 3376 enim
1337 3320 1518 3374 omnis
1542 3316 1823 3387 plenitudo
1853 3315 1937 3368 iu-

359 3411 565 3466 liabitat
589 3413 1074 3484 divinitatis),sine
1107 3411 1291 3467 subtili
1316 3408 1709 3480 dijudieationc
1740 3407 1935 3470 nostri,

358 3514 565 3576 temere
607 3507 932 3561 accedamus
959 3547 973 3571 ,
1010 3506 1103 3560 sed
1139 3505 1291 3573 prius
1326 3502 1692 3570 nosmetipsos
1736 3500 1938 3570 probe-

360 3613 502 3661 mus,
544 3598 962 3653 reminiscentes
1009 3598 1128 3665 ejus
1179 3597 1269 3668 qui
1296 3595 1432 3649 dixit
1468 3611 1481 3647 :
1521 3594 1827 3659 Quicunque
1853 3608 1941 3645 co-

360 3687 577 3740 mederit
622 3701 815 3754 panem
859 3694 962 3768 aut.
1002 3684 1187 3740 biberit
1216 3685 1433 3739 calicem
1465 3684 1677 3737 Domini
1711 3683 1938 3753 indigne,

361 3795 480 3832 rcus
508 3781 606 3833 erit
636 3778 870 3847 corporis
897 3787 945 3832 et
993 3779 1266 3848 sangui'iis
1288 3778 1525 3834 Domini.
1547 3776 1735 3831 Probet
1763 3784 1942 3829 autem

360 3871 696 3939 semetipsum
722 3871 895 3938 homo,
928 3881 977 3924 ct
1006 3871 1082 3924 sic
1110 3872 1172 3924 de
1205 3886 1342 3940 parte
1374 3870 1633 3931 comedat,
1665 3878 1713 3922 et
1755 3869 1819 3922 de
1853 3884 1945 3920 ca-

367 3959 463 4013 lice
508 3960 648 4015 bibat
667 3961 731 4014 ⁵⁵.
762 3960 989 4027 Qualem
1022 3962 1398 4031 probationem
1435 3960 1603 4015 dicit?
1640 3959 1698 4015 Id
1745 3970 1847 4019 est,
1887 3965 1942 4013 ut

371 4052 426 4105 in
456 4053 619 4107 corde
648 4053 872 4118 mundo,
899 4060 1063 4122 atque
1093 4052 1451 4114 conscientia,
1483 4060 1539 4105 et
1568 4051 1946 4120 pmnitentiam

370 4157 583 4208 eorum,
614 4158 733 4212 qua:
781 4143 911 4197 olim
954 4140 1182 4211 deliquit
1235 4141 1543 4197 intendenti
1595 4141 1951 4210 participetur

373 4234 595 4298 sanctis,
624 4235 692 4289 ad
720 4235 1052 4289 ablutionem
1081 4242 1427 4303 peccatorum
1457 4248 1701 4288 suorum.

448 4325 611 4382 Vsus.
647 4325 802 4380 3-13.
852 4345 871 4376 ι
903 4325 959 4378 Si
1006 4325 1062 4378 in
1105 4324 1393 4393 praeceptis
1422 4322 1560 4377 meis
1588 4322 1952 4378 ambulaveri-

379 4418 468 4483 tis,
494 4425 550 4472 et
594 4415 850 4471 mandata
893 4430 1012 4471 mea
1057 4412 1425 4470 custodieritis
1477 4421 1533 4467 et
1582 4412 1822 4467 feceritis
1863 4426 1948 4477 ea,

2031 1949 2276 2019 eligeret,
2312 1957 2369 2001 et
2400 1955 2687 2015 prepterea
2726 1948 2997 2012 qiuereret.
3031 1935 3310 2006 Aigyptios
3351 1945 3613 2003 pepones,

2031 2056 2226 2110 caepas,
2247 2043 2303 2094 et
2329 2039 2473 2102 allia,
2506 2035 2766 2106 quoniam
2798 2033 2855 2087 in
2887 2038 3141 2101 promptu
3171 2033 3329 2081 erant
3352 2024 3421 2078 ad
3450 2036 3614 2077 exsa-

2033 2130 2244 2185 tiandos
2272 2144 2388 2193 eos,
2420 2137 2475 2182 et
2512 2127 2634 2181 sine
2672 2125 2858 2179 labore
2896 2122 3143 2175 aderant.
3187 2116 3300 2170 Nos
3330 2121 3535 2176 autem,
3567 2111 3614 2164 si

2032 2221 2300 2276 mandatis
2349 2219 2442 2273 Dei
2495 2217 2855 2276 intendimus,
2908 2212 3153 2266 dicentes
3206 2208 3349 2262 sicut
3397 2203 3614 2259 David:

2036 2316 2183 2369 Viam
2207 2313 2656 2385 justi/icationunt
2686 2319 2898 2363 tuarum
2923 2306 3133 2360 insinua
3163 2301 3289 2356 mihi
3307 2301 3374 2353 ³⁸.
3408 2297 3474 2352 Ει
3498 2312 3620 2351 rur-

2032 2423 2125 2462 sus
2154 2426 2167 2459 :
2201 2406 2378 2460 Dedac
2426 2422 2506 2458 me
2540 2406 2596 2457 in
2627 2402 2813 2456 semita
2858 2398 3229 2453 mandatorum
3274 2401 3518 2452 tuorum;
3567 2397 3616 2442 et

2033 2497 2434 2552 custodierimus
2462 2496 2717 2550 mandata
2748 2492 2858 2560 ejus
2883 2491 2949 2554 ",
2984 2486 3123 2542 nihil
3152 2500 3341 2540 eorum
3371 2496 3620 2537 corrum-

2033 2598 2228 2660 pentes
2249 2629 2263 2652 ,
2296 2603 2475 2657 neque
2502 2585 2804 2642 secundum
2823 2589 3064 2635 nostram
3101 2575 3484 2632 intentionem.
3522 2569 3621 2626 sed

2035 2680 2335 2736 secundum
2393 2679 2514 2746 ejus
2538 2716 2553 2739 ,
2588 2683 2645 2729 et
2695 2688 2817 2742 quae
2863 2671 2982 2739 ejus
3031 2676 3179 2730 sunt,
3215 2673 3437 2734 agentes
3466 2682 3480 2715 :
3515 2664 3623 2716 hoc

2032 2772 2177 2827 enim
2213 2779 2301 2826 est
2338 2767 2556 2838 proprie
2587 2764 2706 2831 ejus
2738 2758 3013 2815 custodire
3043 2755 3329 2818 mandata;
3361 2750 3620 2818 intelligi-

2034 2863 2219 2918 biliter
2249 2866 2627 2928 exspectemus
2658 2850 3082 2918 unumquodque
3095 2858 3453 2931 leorum,qu:e
3479 2857 3618 2912 pra:-

2034 2957 2177 3011 dicta
2213 2960 2363 3007 sunt.
2400 2948 2532 3015 Quia
2582 2954 2763 3000 autem
2798 2960 2828 2997 a
2857 2940 3062 2997 ludatis
3092 2938 3440 2993 inveniemus
3466 2933 3617 2989 omni

2035 3045 2197 3100 modo
2231 3044 2348 3097 haec
2376 3039 2677 3096 secundum
2707 3036 2945 3089 litteram
2981 3030 3204 3100 impleta
3237 3047 3250 3081 :
3288 3026 3441 3080 multi
3471 3024 3621 3079 enim

2040 3135 2131 3189 Dei
2157 3133 2460 3203 prophetae,
2488 3127 2859 3184 custodientes
2880 3126 2998 3193 ejus
3028 3120 3299 3184 mandata,
3322 3125 3379 3171 et
3405 3117 3461 3170 iu
3486 3130 3627 3185 prte-

2039 3227 2211 3296 ceptis
2239 3227 2358 3295 ejus
2394 3223 2755 3284 ambulantes,
2795 3219 2852 3272 in
2884 3216 3051 3270 multa
3079 3213 3300 3268 fuerunt
3330 3208 3624 3264 alllictione

2039 3318 2343 3379 constituti,
2378 3330 2482 3370 nec
2509 3329 2706 3382 panem
2739 3325 2897 3366 suum
2928 3323 3051 3365 cum
3086 3305 3359 3363 satietate,
3384 3301 3479 3357 sed
3502 3315 3625 3355 cum

2041 3418 2281 3481 egestate
2322 3406 2701 3469 comederunt,
2742 3397 3200 3472 quemadmodum
3234 3391 3505 3455 Ezechiel,
3537 3391 3626 3444 cui

2041 3505 2109 3557 ab
2137 3504 2257 3571 ipso
2289 3502 2392 3555 hoc
2423 3499 2533 3552 Deo
2564 3502 2895 3566 praeceptum
2926 3498 3033 3546 est.
3060 3488 3168 3544 Sed
3200 3497 3256 3542 et
3288 3486 3488 3540 Paulus
3509 3499 3625 3545 eos,

2041 3595 2133 3663 qui
2167 3594 2222 3647 in
2257 3592 2375 3661 lege
2401 3597 2456 3645 et
2486 3585 2772 3658 propbetis
2815 3580 3098 3652 justilicati
3159 3587 3310 3641 sunt,
3347 3590 3627 3646 exponens

2042 3684 2292 3738 dicebat:
2323 3680 2653 3735 Circuierunt
2685 3676 2742 3728 in
2771 3673 2993 3736 metatis,
3026 3671 3080 3724 in
3110 3669 3331 3739 pellibus
3375 3666 3626 3735 caprinis.

2042 3774 2330 3838 humiliati,
2359 3770 2537 3840 aﬂlicti
2562 3811 2576 3834 ,
2609 3766 2798 3838 quibus
2826 3765 3014 3832 dignus
3044 3778 3145 3815 non
3171 3768 3285 3815 erat
3320 3762 3543 3812 mundus
3561 3757 3627 3811 ".

2047 3862 2179 3923 Illud
2212 3875 2394 3921 autem
2429 3862 2599 3932 magis
2633 3859 2921 3914 intendere
2953 3857 3007 3910 in
3045 3856 3147 3918 bis,
3176 3868 3297 3923 quae
3319 3851 3461 3907 dicta
3483 3859 3632 3915 sunt,

2047 3966 2283 4029 oportet.
2344 3955 2473 4023 quia
2506 3950 2945 4007 custodientibus
2972 3948 3067 4002 Dei
3100 3945 3377 4007 mandata,
3414 3943 3634 4012 triginta

2048 4045 2461 4104 benedictiones
2502 4044 2556 4096 in
2601 4040 2856 4112 praesenti
2886 4040 2967 4093 lex
3005 4036 3206 4107 posuit.
3242 4035 3331 4088 Sic
3360 4032 3507 4088 enim
3541 4045 3635 4085 eas

2050 4151 2283 4193 numero
2321 4134 2591 4197 invenies,
2627 4144 3073 4200 unamquamque
3101 4117 3539 4181 benedictionem
3567 4121 3637 4175 ab

2051 4229 2157 4281 alia
2205 4242 2303 4296 per
2346 4223 2814 4293 conjunctionem,
2847 4220 2902 4273 in
2953 4219 3251 4273 secundum
3284 4212 3639 4284 Septuaginta

2053 4318 2295 4375 editione
2342 4317 2685 4379 discernens,
2741 4312 2869 4381 quia
2918 4320 2995 4366 tot
3047 4323 3317 4364 annorum
3372 4304 3640 4360 exsistens

2055 4410 2339 4473 Dominus,
2371 4408 2439 4462 de
2473 4422 2581 4476 quo
2612 4406 2689 4459 ait
2714 4403 2938 4465 Paulus,
2968 4400 3035 4454 Ut
3080 4414 3418 4455 occurramus
3464 4411 3640 4449 omnes

381 4509 521 4564 dabo
569 4507 723 4564 vobis
768 4507 1009 4578 pluviam
1061 4507 1115 4562 in
1156 4506 1492 4576 temporibus
1524 4505 1638 4560 suis
1671 4523 1685 4558 :
1713 4514 1766 4559 et
1809 4513 1953 4559 terra
1990 4540 2035 4597 υ
2058 4506 2116 4558 in
2157 4503 2328 4556 virum
2372 4501 2660 4569 perfectum
2679 4497 2744 4562 ⁵⁸,
2775 4497 2832 4550 in
2859 4506 3173 4549 mensuram
3201 4489 3373 4544 aetatis
3406 4487 3644 4558 plenitu-

385 4599 567 4671 gignet
586 4599 823 4655 fructum
847 4615 1028 4666 suum,
1052 4609 1109 4655 et
1135 4598 1310 4670 pomis
1334 4598 1561 4653 arbores
1580 4597 1956 4666 replebuntur,

385 4696 442 4751 et
469 4689 847 4756 apprehendet
868 4690 1121 4745 messium
1161 4689 1355 4744 tritura
1381 4686 1726 4749 vindemiam,
1756 4695 1811 4741 et
1843 4686 1964 4739 vin-

388 4778 567 4833 demia
619 4778 901 4847 occupabit
948 4787 1294 4833 sementem:
1339 4786 1393 4831 et
1419 4777 1720 4832 comedetis
1771 4792 1966 4846 panem

389 4879 633 4925 vestrum
664 4868 719 4921 in
746 4868 1108 4933 saturitatem,
1141 4877 1198 4921 et
1229 4868 1432 4937 absque
1464 4882 1663 4937 pavore
1696 4867 1968 4922 habitabi-

393 4962 464 5019 tis
487 4962 543 5016 in
577 4969 720 5015 terra
751 4967 951 5014 vestra.
998 4958 1148 5013 Dabo
1176 4972 1364 5027 pacem
1404 4957 1456 5011 in
1492 4955 1691 5013 finibus
1716 4957 1921 5011 vestris
1952 4975 1966 5010 :

392 5052 698 5121 dormietis,
719 5060 909 5109 etnon
939 5050 1045 5106 erit
1073 5050 1162 5119 qui
1198 5048 1762 5105 exterreat.Auferam
1798 5048 1968 5102 malas

396 5145 631 5211 bestias,
658 5153 714 5201 et
748 5142 960 5215 gladius
1000 5158 1110 5196 non
1145 5140 1396 5201 transibit
1430 5139 1692 5195 terminos
1733 5148 1965 5195 vestros.

397 5235 793 5307 Persequimini
839 5234 1091 5290 inimicos
1118 5241 1347 5293 vestros,
1376 5238 1433 5284 et
1481 5236 1739 5285 corruent
1791 5244 1971 5284 coram

401 5328 574 5384 vobis.
595 5327 999 5396 Persequentur
1022 5325 1264 5394 quinque
1289 5322 1357 5376 de
1378 5319 1577 5375 vestris
1599 5328 1819 5374 centum
1843 5320 1975 5374 alie-

404 5434 526 5485 nos,
558 5426 615 5474 et
644 5425 866 5473 centum
895 5433 960 5472 ex
994 5416 1150 5471 vobis
1177 5415 1368 5469 decem
1417 5411 1604 5465 millia.
1639 5410 1846 5464 Cadent
1869 5411 1976 5463 iui-

407 5511 533 5565 mici
564 5510 732 5565 vestri
779 5510 835 5564 in
876 5522 1172 5579 conspectu
1217 5516 1398 5562 vestro
1430 5503 1626 5575 gladio.
1665 5501 1976 5572 Respiciam

483 5700 529 5733 "
555 5702 659 5754 lsa.
693 5718 798 5766 l.\'l,
823 5705 876 5757 9..
982 5708 1024 5737 ’ί
1057 5708 1157 5759 lsa.
1193 5722 1229 5764 ι,
1267 5705 1347 5755 15.

493 5769 608 5822 Ibid
662 5770 750 5823 35.
828 5774 869 5803 ⁵⁷
905 5772 1065 5828 llebr.
1101 5791 1176 5842 ιι,
1208 5777 1293 5828 ὗῑ.

1452 5704 1495 5736 ⁵³
1520 5705 1653 5756 ibin.
1692 5702 1770 5756 16.

346 5724 361 5761 \
483 5724 527 5733 "
555 5724 659 5754 ΙδίΙο
693 5724 798 5766 LVI,
823 5724 876 5757 ‘5.
982 5724 1024 5737 ’⁸
1057 5724 1157 5759 Isa-
1193 5724 1229 5764 Ι,
1267 5724 1347 5755 1ι).
1452 5724 1494 5736 ⁵⁸⁵
1520 5724 1653 5756 ΙυΙυο
1692 5724 1770 5756 Ιυ.

360 5766 453 5826 \”
493 5769 608 5822 lbid
662 5770 750 5823 35.
828 5774 869 5803 ⁵⁷
905 5772 1065 5828 llebr.
1101 5791 1176 5840 ιι,
1208 5777 1293 5828 ὗῑ.
1371 5774 1415 5804 ⁸⁸
1443 5772 1640 5840 liphes.
1678 5790 1749 5833 tv,
1786 5775 1865 5827 15.

1884 5703 1970 5755 ⁸³1
2007 5703 2128 5756 Cor.
2169 5718 2245 5765 ιιι,
2292 5702 2372 5755 l7.

2066 4594 2211 4649 diuis
2235 4590 2435 4647 Christi
2471 4608 2485 4644 :
2527 4590 2680 4646 venit
2731 4587 2798 4642 ad
2842 4585 3174 4656 baptismum
3209 4589 3521 4651 :quatenus
3543 4577 3645 4633 do-

2068 4682 2307 4739 nationis
2338 4680 2756 4751 perlectionem,
2786 4692 2884 4747 per
2902 4683 3139 4737 aetatem,
3170 4688 3331 4742 quam
3360 4685 3526 4740 agens
3550 4668 3647 4722 ba-

2070 4776 2305 4844 ptizatus
2333 4781 2446 4835 est,
2475 4770 2755 4824 nuntiaret
2784 4776 2839 4822 et
2872 4765 3186 4821 ostenderet
3219 4782 3232 4817 ε
3270 4769 3326 4815 et
3356 4761 3433 4815 sic
3467 4757 3647 4830 perfe-

2071 4875 2194 4922 ctus
2237 4864 2538 4920 secundum
2587 4871 2803 4931 tempus
2848 4858 3046 4923 factus,
3082 4854 3376 4925 praedicare
3403 4853 3647 4919 Evange-

2073 4957 2205 5011 lium
2233 4957 2400 5025 coepit
2437 4974 2450 5009 :
2484 4954 2539 5008 in
2566 4968 2676 5023 quo
2704 4949 2963 5006 omnibus
3000 4956 3086 5001 est
3108 4946 3231 5001 vita
3258 4953 3315 4997 et
3341 4940 3651 4996 donationis

2075 5049 2376 5120 plenitudo,
2409 5056 2465 5102 et
2497 5039 2954 5107 conversationis,
2986 5034 3488 5102 retributionisque.
3521 5032 3651 5097 Quae

2078 5141 2165 5195 hic
2196 5138 2555 5210 significavit;
2594 5137 2668 5190 ait
2696 5134 2880 5190 enim:

2152 5230 2218 5285 Et
2267 5232 2402 5286 dabo
2445 5231 2588 5284 vobis
2633 5228 2869 5299 pluviam
2902 5227 2959 5280 in
2993 5226 3310 5294 temporibus
3340 5221 3471 5274 suis.
3516 5216 3659 5271 Dicit

2079 5330 2262 5376 autem
2293 5321 2519 5376 verbum
2554 5320 2648 5375 Dei
2677 5359 2691 5384 ,
2727 5325 2916 5387 utpote
2957 5315 3383 5372 descendentem
3419 5310 3486 5363 de
3519 5307 3660 5362 curlo

2079 5413 2283 5484 gratiae,
2317 5413 2384 5468 de
2428 5427 2535 5482 quo
2564 5410 2772 5481 Moyses
2803 5409 2881 5464 sic
2907 5408 3044 5463 dixit
3073 5425 3087 5461 :
3121 5405 3362 5465 Attende,
3376 5399 3581 5459 caelum,
3611 5402 3659 5449 et

2084 5504 2289 5572 loquar,
2319 5511 2365 5557 et
2399 5503 2586 5556 audiat
2618 5510 2759 5554 terra
2787 5500 2941 5553 verba
2976 5513 3041 5552 eat
3067 5512 3154 5551 ore
3184 5510 3319 5559 meo,
3341 5500 3656 5561 exspectetur

2480 5702 2525 5733 ‘l
2555 5703 2572 5754 l
2603 5701 2729 5754 Cor.
2774 5713 2847 5763 sl,
2884 5698 2973 5751 9.8.
3071 5698 3113 5726 ⁵⁵
3143 5693 3284 5748 Psal.
3316 5705 3506 5752 cvvut,
3567 5687 3659 5740 Ἦ.
