3988 6222
378 409 509 480 illi

1471 422 1553 483 IN
1596 422 2037 483 LEVITICUM.
2079 446 2147 456 -”
2186 422 2333 482 LIB.
2374 419 2505 482 VII.

3491 406 3629 489 tua

372 528 508 581 sicut
538 526 715 597 pluria
745 529 1007 601 eloquium
1044 532 1293 586 meum”.
1339 530 1455 589 Hoc
1500 550 1612 588 non
1645 535 1944 604 qualecun-
1975 541 2019 594 Α
2047 533 2169 587 stris
2185 532 2266 587 “‘3
2294 533 2504 599 Quibus
2541 533 2835 591 destructis
2874 551 2979 605 pax
3019 535 3074 590 in
3122 545 3267 592 terra
3301 544 3480 594 vestra
3511 538 3630 607 lege

376 634 484 690 que
511 621 713 675 bonum
743 632 826 677 est
868 625 921 678 in
952 634 1194 693 tempore
1223 640 1322 678 suo
1370 627 1672 695 percipere,
1707 627 1801 681 sed
1830 641 1944 680 ma-

380 711 574 766 nifesta
626 722 708 767 est
756 715 851 769 Dei
904 716 1161 770 bonitatis
1199 717 1461 781 ostensio,
1491 718 1946 786 quemadmodum

379 816 490 857 non
539 803 790 873 accipere
831 806 1185 861 aversationis
1232 815 1334 862 est.
1370 805 1602 877 l’mpter
1630 809 1771 878 quod
1809 809 1948 863 Deus

376 892 623 950 irascens
671 897 871 967 populo
918 896 1248 960 Iudaeorum.
1282 914 1380 968 per
1405 899 1593 954 Isaiam
1628 901 1949 970 prophetam

378 986 624 1042 minatus
667 997 772 1055 est,
808 990 996 1044 dicens
1031 1008 1042 1042 :
1081 989 1147 1043 Et
1195 990 1489 1061 relinquam
1521 993 1727 1046 vineam
1759 1009 1949 1060 meum,

378 1088 431 1129 et
461 1095 563 1132 non
591 1081 881 1148 putabitur,
915 1098 1008 1135 nec
1039 1081 1288 1152 fodiatur,
1315 1092 1365 1137 et
1392 1085 1669 1138 ascenderit
1717 1085 1771 1137 in
1814 1101 1949 1150 eam,

378 1173 515 1225 sicut
541 1172 595 1224 iu
620 1188 748 1239 agro
776 1172 993 1235 inculto,
1019 1175 1213 1241 spinae;
1248 1184 1297 1227 et
1325 1175 1543 1228 nubibus
1576 1177 1855 1241 mandabo,
1893 1193 1955 1231 ne

378 1262 567 1329 pluunt
616 1279 776 1327 super
808 1280 925 1317 eam
954 1263 1188 1332 pluviam
1206 1266 1271 1319 ‘°.
1303 1267 1441 1331 Quid
1491 1266 1634 1320 enim
1690 1267 1845 1322 nobis
1889 1284 1954 1322 ex

380 1351 690 1421 accipienda
719 1353 895 1422 pluvia
925 1354 977 1407 in
1016 1363 1256 1424 tempore
1290 1372 1388 1410 suo
1420 1359 1678 1426 prolicit?

450 1444 519 1499 Et
548 1457 689 1498 terra
721 1447 894 1516 gignet
922 1448 1152 1518 fructum
1181 1464 1353 1502 suum.
1387 1448 1442 1503 Id
1473 1459 1575 1514 est,
1613 1466 1812 1520 corpus
1853 1467 1954 1505 no-

379 1544 574 1599 strum,
608 1537 771 1606 hujus
817 1538 966 1591 enim
1015 1538 1141 1591 doni
1184 1537 1391 1593 fructus
1420 1551 1567 1604 sunt,
1595 1541 1835 1607 castitas,
1868 1558 1956 1596 s0-

382 1623 603 1686 brietas,
636 1626 985 1680 abstinentia.
1013 1626 1080 1679 Et
1129 1629 1297 1697 pomis
1346 1628 1558 1683 arbores
1597 1630 1951 1699 replebuntur.

382 1712 531 1780 Sive,
568 1724 625 1769 ut
667 1716 1018 1789 Septuaginta
1057 1735 1071 1771 :
1103 1717 1271 1789 Ligna
1299 1723 1477 1789 campi
1499 1723 1696 1776 dabunt
1727 1723 1954 1789 fructum

380 1821 557 1860 suum.
583 1806 751 1878 Ligna
798 1818 980 1862 autem
1013 1810 1186 1878 campi
1246 1820 1373 1865 sunt
1411 1813 1605 1867 animae
1635 1826 1832 1879 motus,
1871 1825 1956 1868 ut—

383 1906 509 1966 pote
540 1900 630 1968 qui
665 1908 793 1953 sunt
826 1901 1062 1955 motibus
1090 1902 1412 1973 intelligibili
1447 1914 1645 1960 nostra;
1675 1906 1852 1970 terrae,
1879 1906 1957 1962 vi-

383 1989 581 2045 delicet
607 2006 770 2046 carne
801 1992 1167 2048 sublimiores.
1206 1996 1410 2049 Horum
1439 2011 1566 2067 ergo
1599 1997 1825 2062 fructus,
1861 2014 1953 2053 ve-

382 2081 539 2147 ritas,
569 2083 804 2152 justitia,
835 2087 1218 2150 mansuetudo,
1246 2089 1569 2157 compassio,
1608 2098 1663 2143 et
1692 2090 1777 2145 his
1803 2090 1956 2145 sinti—

382 2173 453 2229 lia
480 2191 494 2240 ;
525 2185 746 2246 propter
773 2176 916 2245 quod
963 2186 1365 2247 consequenter
1415 2179 1770 2252 subjungens,
1802 2182 1956 2236 addi-

384 2267 486 2322 dit.

452 2359 810 2429 Apprehendet
834 2363 1079 2416 messium
1107 2365 1300 2418 tritura
1330 2365 1667 2429 vindemiam,
1693 2373 1741 2421 et
1779 2366 1959 2420 vinde-

383 2453 489 2507 mia
545 2455 814 2522 occupabit
865 2467 1167 2512 sementem.
1208 2457 1347 2524 Quia
1389 2459 1537 2513 enim
1576 2459 1769 2514 tritura
1802 2468 1959 2514 terrae

380 2545 586 2616 colligit
631 2545 861 2611 fructus,
908 2547 1181 2603 vindemia
1232 2550 1512 2615 arborum,
1555 2560 1702 2606 recte
1750 2550 1961 2606 fructus

380 2637 627 2707 corporis
674 2647 767 2692 aut
813 2638 1023 2693 fructus
1069 2641 1264 2694 animae
1315 2642 1811 2711 comprehendere,
1845 2644 1960 2698 sive

381 2743 650 2798 occupare
679 2729 910 2783 dicimus
932 2770 947 2794 ,
978 2730 1104 2798 quia
1136 2730 1238 2783 hoc
1269 2731 1489 2799 quidem
1520 2733 1765 2786 maxima:
1793 2733 1961 2787 bene—

383 2818 640 2874 dictionis
678 2828 780 2884 est,
845 2836 956 2874 uno
1022 2821 1325 2890 eodemque
1376 2831 1621 2892 tempore
1669 2824 1860 2878 stabile
1906 2833 1961 2879 et

383 2909 674 2964 fecundum
731 2925 949 2979 corpus,
981 2918 1142 2980 atque
1167 2912 1403 2965 animam
1435 2912 1490 2965 in
1522 2912 1815 2969 virtutibus
1836 2931 1961 2980 pos-

382 2999 582 3054 sidere.
618 2999 1049 3068 Cdmprehendit
1076 3012 1281 3069 autem,
1309 3005 1424 3058 sive
1454 3006 1741 3074 occupavit
1774 3007 1962 3062 vinde-

384 3091 493 3147 mia
541 3104 877 3162 sementem;
928 3110 1264 3166 congregans
1318 3097 1463 3151 enim
1511 3098 1691 3151 anima
1733 3099 1963 3154 virtutes

2048 624 2141 678 Dei
2172 624 2458 680 refraznata
2488 625 2826 698 proﬂigator.

2121 715 2188 770 Et
2211 718 2507 781 dormietis,
2535 719 2725 789 inquit.
2750 719 2807 773 In
2835 720 3209 776 retributionis
3225 730 3405 795 autem
3425 721 3628 792 specie,

2049 809 2214 864 etiam
2258 811 2362 864 hoc
2408 808 2692 881 Scriptura
2746 828 2896 867 sacra
2946 814 3146 882 posuit.
3186 814 3451 869 Dormitio
3483 817 3629 874 enim

2054 910 2240 970 utpote
2274 901 2520 971 requies,
2553 918 2703 957 mors
2729 914 3043 959 sanctorum
3072 905 3290 968 dicitur,
3321 905 3630 974 iniquorum

2052 999 2232 1046 autem
2264 1008 2372 1046 non
2405 1000 2488 1048 est
2517 994 2608 1059 ita,
2630 993 2717 1047 cui
2753 994 2906 1049 testis
2940 1002 3024 1049 est
3052 995 3439 1052 Ecclesiastes:
3465 996 3631 1059 Satus

2055 1084 2186 1136 ritas
2222 1091 2402 1138 autem
2432 1084 2610 1137 divitis
2640 1100 2739 1137 non
2777 1085 2903 1138 sinit
2928 1086 3158 1140 dormire
3181 1087 3381 1142 eum”.
3406 1087 3633 1158 l’roptcr

2053 1162 2196 1242 quod
2228 1188 2376 1229 nunc
2407 1183 2804 1243 consequenter
2831 1174 3040 1228 addidit
3087 1193 3101 1229 :

2129 1263 2196 1318 Et
2224 1281 2325 1317 non
2357 1272 2431 1319 est
2456 1267 2544 1334 qui
2572 1274 2852 1320 exterreat.
2876 1265 2978 1332 Qui
2999 1266 3143 1319 enim
3171 1266 3249 1321 sic
3272 1266 3421 1331 vixit,
3442 1282 3634 1336 quem—

2059 1351 2346 1407 admodum
2381 1354 2436 1407 in
2469 1353 2840 1423 superioribus
2868 1352 3074 1408 dictum
3107 1360 3224 1419 est,
3258 1368 3369 1408 non
3415 1353 3636 1408 habebit

2056 1444 2146 1515 qui
2173 1459 2296 1499 cum
2328 1451 2530 1500 terreat
2560 1454 2802 1515 tempore
2831 1446 3043 1511 mortis,
3072 1462 3193 1516 quae
3240 1445 3400 1500 nobis
3431 1445 3635 1500 dormi-

2057 1537 2132 1591 tio
2181 1545 2285 1601 est,
2324 1547 2546 1607 propter
2593 1553 2743 1606 spem
2798 1547 3139 1592 mortuorum
3190 1536 3635 1592 resurrectionis.

2055 1622 2174 1679 Non
2227 1625 2448 1680 habebit
2493 1634 2675 1680 autem
2725 1627 2817 1696 qui
2857 1636 3147 1692 exterreat,
3182 1626 3318 1681 nihil
3353 1625 3459 1681 sibi
3506 1641 3637 1681 cou—

2058 1717 2221 1783 scius,
2254 1717 2323 1772 de
2352 1731 2459 1786 quo
2491 1724 2775 1771 terreatur.

2126 1807 2378 1879 Auferam
2432 1808 2602 1862 malas
2654 1809 2865 1862 bestias.
2900 1806 3166 1864 Videlicet
3208 1808 3504 1865 daemones.
3534 1808 3636 1863 Be-

2061 1900 2180 1955 stiae
2209 1900 2355 1955 enim
2387 1909 2516 1955 sunt
2544 1915 2611 1954 ex
2644 1901 2807 1955 simili
2847 1902 3072 1967 rnalitia,
3104 1903 3340 1971 primum
3388 1901 3531 1956 sicut
3558 1901 3639 1956 la—

2061 1999 2255 2055 tentes,
2289 1991 2485 2045 deinde
2522 2000 2579 2044 ut
2606 2006 2876 2045 venenum
2931 1991 3275 2061 importabile
3310 2001 3366 2047 et
3393 1992 3639 2047 mortife-

2061 2098 2178 2136 rum
2213 2083 2497 2137 habentes.
2547 2082 2936 2151 Proscquimini
2979 2082 3217 2137 inimicos
3264 2091 3478 2137 vestros.
3517 2082 3637 2137 Non

2060 2179 2287 2240 possunt
2313 2173 2463 2224 enim
2486 2180 2612 2226 ante
2644 2170 2837 2225 faciem
2864 2186 3074 2236 eorum,
3099 2170 3191 2240 qui
3223 2172 3526 2226 secundum
3557 2172 3637 2226 le-

2060 2276 2177 2331 gem
2230 2261 2444 2323 vivunt,
2470 2269 2636 2316 stare.
2686 2260 2753 2314 Et
2800 2262 3042 2314 corruerit
3095 2277 3269 2313 coram
3316 2260 3477 2314 vobis.
3521 2261 3637 2327 Qua

2060 2352 2277 2407 morte?
2306 2352 2437 2418 Quae
2470 2362 2552 2408 est
2587 2353 2770 2423 utique
2804 2368 2900 2424 per
2933 2353 3200 2423 jejunium
3233 2362 3287 2408 et
3311 2340 3635 2408 orationem.

2063 2443 2175 2500 lloc
2197 2446 2342 2499 enim
2372 2445 2531 2499 modo
2557 2445 2725 2499 nostri
2755 2445 3121 2516 intelligibiles
3143 2444 3344 2500 inimici
3362 2446 3638 2500 daemones

2061 2537 2470 2602 interimuntur,
2502 2547 2562 2592 ut
2608 2553 2948 2607 nequaquam
2990 2539 3128 2593 ultra
3156 2547 3345 2593 contra
3376 2554 3477 2593 nos
3506 2555 3636 2608 pos-

2060 2629 2168 2683 sint
2198 2628 2544 2684 reviviscere.
2582 2627 2734 2684 Unde
2780 2639 2835 2684 et
2882 2631 3144 2685 Dominus
3167 2633 3426 2701 apostolis
3457 2633 3639 2703 inqui-

2062 2720 2325 2782 rentibus,
2363 2735 2460 2774 cur
2487 2729 2696 2775 mutum
2738 2731 2793 2776 et
2827 2721 3053 2776 surdum
3083 2722 3410 2778 daemonium
3442 2725 3640 2793 ejice:e

2063 2813 2284 2866 minime
2321 2812 2646 2883 potuissent,
2677 2813 2988 2883 respondit:
3017 2812 3124 2868 Hoc
3160 2817 3299 2869 enim
3336 2834 3497 2886 genus
3538 2833 3642 2872 non

2062 2903 2294 2973 ejicitur,
2337 2904 2436 2957 nisi
2476 2921 2566 2974 per
2596 2903 2867 2973 jejunium
2907 2914 2957 2959 et
2995 2909 3286 2961 orationem
3309 2907 3375 2959 “.

2134 2995 2515 3065 Persequentur
2567 2997 2794 3066 quinque
2842 2998 2905 3051 de
2959 2998 3105 3052 vobis
3145 3010 3353 3053 centum
3410 3000 3639 3054 alienos.

2067 3088 2191 3142 Sive
2222 3096 2281 3142 ut
2307 3086 2659 3158 Septuaginta
2680 3104 2694 3141 :
2714 3088 2988 3157 Expellent
3015 3090 3399 3160 quinquaginta
3434 3102 3642 3144 centum
3678 3146 3679 3149 η

387 3198 537 3250 suas,
572 3200 697 3239 mox
727 3185 861 3239 alias
890 3187 1183 3252 desiderat,
1224 3203 1393 3256 usque
1421 3189 1548 3243 dum
1578 3190 1697 3245 illas
1726 3191 1966 3262 attigerit
1994 3195 2036 3252 C
2068 3181 2469 3250 ηαδηιιιιαθὶηεαο
2521 3180 2761 3235 θίοίηιυε
2815 3196 2935 3236 esse
2987 3181 3286 3251 spiritalem
3346 3181 3639 3245 hominem.

385 3275 626 3336 divitias,
653 3277 719 3330 ad
754 3291 888 3346 quas
916 3277 1115 3332 Paulus
1147 3277 1447 3342 festinavit,
1485 3286 1538 3332 et
1568 3288 1853 3348 propterea
1879 3278 1965 3333 di-

385 3371 585 3424 cebat:
622 3368 860 3435 Fratres,
893 3386 985 3440 ego
1032 3386 1113 3423 me
1160 3386 1260 3422 non
1300 3371 1531 3423 arbitror
1555 3372 1969 3440 comprehendis-

385 3478 443 3516 se
459 3462 525 3527 '“,
558 3478 724 3517 unum
755 3472 960 3525 autem,
990 3477 1111 3532 quae
1145 3462 1365 3531 quidem
1397 3471 1543 3517 retro
1573 3472 1699 3517 sunt
1743 3463 1965 3526 oblitus,

389 3555 445 3608 in
479 3555 564 3609 his
592 3563 797 3619 autem,
833 3569 954 3623 quae
988 3554 1171 3623 priora
1200 3564 1330 3608 sunt
1359 3562 1632 3619 extentus,
1666 3555 1965 3625 secundum

391 3642 751 3697 intentionem
786 3656 986 3713 sequor
1016 3642 1081 3695 ad
1114 3642 1348 3710 palmam
1380 3656 1633 3710 superna:
1675 3643 1970 3695 vocationis

389 3733 615 3789 Christi.
644 3733 874 3802 Propter
917 3734 1061 3803 quod
1112 3742 1167 3787 et
1216 3733 1418 3787 bonum
1470 3735 1717 3802 sequitur
1761 3748 1968 3798 semen,

394 3824 613 3894 plenum
656 3824 989 3879 salutaribus
1028 3823 1360 3888 actionibus,
1391 3833 1451 3877 ut
1496 3823 1638 3877 bene
1681 3823 1972 3876 conveniat

392 3914 540 3984 quod
572 3915 841 3984 sequitur.
1677 3951 1711 3973 ο

464 4006 532 4060 Et
558 4008 833 4061 comedetis
858 4021 1049 4076 panem
1078 4013 1303 4058 vestrum
1329 4005 1382 4057 in
1411 4005 1714 4059 saturitate.
1746 4004 1803 4058 Si
1825 4004 1970 4057 enim

395 4099 552 4172 panis
579 4106 768 4154 noster
798 4099 976 4152 virtus
1014 4105 1120 4159 est,
1155 4097 1224 4150 de
1263 4111 1368 4165 qua
1412 4095 1675 4149 Dominus
1706 4095 1924 4150 dicebat
1956 4113 1969 4150 :

395 4190 701 4260 Operamiui
728 4204 831 4242 non
866 4188 1037 4242 cibum
1067 4187 1157 4257 qui
1186 4188 1320 4255 perit
1340 4227 1354 4250 ,
1389 4187 1480 4239 sed
1507 4187 1597 4256 qui
1624 4197 1893 4256 permanet
1919 4187 1974 4239 in

396 4285 564 4338 vitam
593 4264 848 4337 (sternam
868 4282 912 4313 θ’
940 4297 954 4333 :
987 4279 1077 4334 hic
1100 4278 1252 4333 illum
1271 4279 1338 4332 ad
1369 4278 1672 4333 satietatem
1698 4278 1971 4342 comedet,

396 4371 453 4425 id
483 4378 883 4440 est,operatur,
899 4369 993 4439 qui
1017 4369 1072 4422 in
1103 4378 1369 4438 perpetuo
1398 4369 1522 4436 ejus
1547 4369 1847 4439 appetitum
1876 4368 1974 4423 ha-

398 4461 511 4518 bet.

2069 3273 2193 3341 quia
2239 3272 2327 3327 die
2354 3271 2706 3328 Pentecostes
2753 3271 2986 3342 Spiritus
3027 3273 3095 3328 de
3148 3274 3288 3329 caelo
3340 3272 3643 3329 descendit.

2070 3365 2208 3432 Ergo
2235 3363 2489 3432 spiritalis
2519 3364 2606 3417 ille
2632 3363 2808 3433 qualis
2826 3363 2915 3426 sit,
2954 3361 3156 3418 Paulus
3182 3364 3395 3418 dicebat
3420 3382 3433 3417 :
3466 3363 3647 3434 Spiri-

2072 3453 2196 3506 talis
2235 3462 2410 3506 autem
2436 3453 2647 3522 judicat
2678 3454 2876 3517 omnia,
2909 3462 2957 3506 et
2982 3454 3092 3522 ipse
3125 3470 3158 3506 a
3191 3455 3398 3507 nemine
3428 3454 3646 3524 judica-

2071 3553 2157 3596 tur
2181 3544 2227 3575 “
2262 3563 2277 3599 :
2317 3544 2371 3598 id
2404 3554 2506 3610 est,
2549 3545 2640 3612 qui
2671 3544 2953 3599 scientiam
2983 3544 3280 3615 perlectam
3318 3542 3520 3609 habet,
3578 3544 3647 3599 ad

2070 3632 2326 3686 subtilem
2359 3648 2571 3697 eorum,
2594 3648 2715 3701 qua:
2741 3633 2947 3702 agenda
2980 3642 3109 3686 sunt
3134 3632 3537 3695 discretionem,
3559 3632 3648 3686 hic

2070 3722 2317 3791 quamvis
2346 3723 2580 3776 validum
2616 3724 2940 3786 diemonem,
2967 3722 3115 3778 verbi
3147 3722 3339 3792 gratia,
3358 3722 3450 3791 qui
3475 3739 3542 3777 ex
3570 3723 3650 3777 eis

2073 3827 2237 3881 supra
2267 3821 2512 3876 centum,
2550 3820 2605 3865 et
2639 3812 2731 3880 qui
2760 3813 2900 3881 legio
2928 3813 3233 3881 appellatur
3262 3822 3483 3883 propter
3509 3815 3649 3867 mul-

2075 3902 2362 3957 titudinem
2407 3902 2778 3957 obedientium
2830 3904 2880 3956 ei
2926 3905 3195 3959 malorum
3247 3906 3535 3975 spirituum
3596 3915 3651 3960 et

2075 3995 2512 4064 cooperantimn,
2539 3995 2681 4048 valet
2710 4008 2972 4063 superare
3001 4003 3165 4064 atque
3195 3996 3432 4049 vincere.

2148 4086 2213 4139 Et
2241 4094 2448 4139 centum
2479 4101 2543 4137 eo:
2572 4084 2711 4138 vobis
2753 4086 2928 4138 decem
2970 4085 3158 4140 millia.
3197 4086 3299 4151 Qui
3348 4087 3492 4140 enim
3540 4103 3648 4140 non

2076 4177 2252 4231 solum
2279 4176 2566 4230 scientiam
2606 4176 2770 4230 habet
2795 4176 3071 4242 subtilem,
3131 4177 3225 4231 sed
3254 4185 3307 4245 et
3334 4178 3496 4231 vitam
3529 4193 3651 4246 pcr-

2077 4270 2270 4323 lectam
2308 4275 2970 4338 atqueconsumma-tam,
3016 4269 3106 4325 hic
3137 4270 3332 4341 duplex
3388 4271 3656 4339 quodam-

2078 4360 2241 4414 modo
2270 4359 2530 4429 spiritalis
2553 4369 2657 4425 est,
2691 4368 2748 4414 et
2770 4369 3058 4431 propterea
3088 4362 3399 4417 centenario
3424 4378 3654 4417 numero

2078 4452 2431 4506 honorandus
2474 4461 2577 4518 est,
2613 4452 2755 4507 sicut
2781 4452 3052 4521 duplicem
3097 4452 3331 4508 fructum
3370 4455 3553 4509 ferens
3599 4456 3655 4511 in

471 4553 541 4609 Et
570 4555 763 4625 absque
789 4570 979 4622 pavore
1009 4553 1314 4607 habitabitis
1348 4553 1405 4605 in
1434 4561 1578 4607 terra
1607 4564 1799 4608 vestra.
1824 4518 1976 4609 Dabo
2010 4547 2051 4601 D
2080 4543 2297 4614 Spirllu.
2327 4552 2491 4613 atque
2518 4543 2838 4613 perlectum,
2858 4518 2931 4598 -ει
2961 4558 3068 4612 quo
3113 4544 3376 4614 majorem
3404 4546 3661 4603 Christus

399 4663 581 4719 pacem
611 4648 665 4700 in
694 4645 884 4714 ﬁnibus
913 4646 1120 4698 vestris.
1144 4643 1243 4697 Vel
1271 4643 1572 4698 secundum
1604 4643 1977 4714 Septuaginta,

402 4745 452 4791 ct
477 4736 670 4791 bellum
697 4750 800 4788 non
828 4733 1168 4801 pertransibit
1194 4742 1412 4794 terram,
1432 4732 1577 4800 quod
1594 4742 1778 4788 nostra
1801 4742 1978 4788 transo

403 4829 538 4884 latio
571 4827 732 4898 paqu
766 4833 893 4896 post
917 4824 1068 4879 dicit.
1094 4823 1313 4879 Gladius
1353 4839 1457 4877 non
1498 4826 1741 4879 transibit
1781 4825 1834 4879 in
1875 4833 1981 4878 ter-

403 4922 573 4975 minos
599 4929 816 4982 vestros,
840 4927 888 4971 et
915 4917 1050 4970 dabo
1072 4932 1254 4986 pacem
1286 4918 1345 4970 in
1368 4924 1513 4971 terra
1532 4925 1730 4971 vestra.
1757 4916 1810 4970 Si
1830 4916 1978 4970 enim

403 5027 605 5081 corpus
633 5010 829 5067 stabile
860 5008 1042 5073 fuerit,
1077 5016 1133 5061 et
1163 5007 1344 5061 anima
1374 5007 1685 5072 l'ructiticat,
1716 5006 1893 5063 securi
1926 5006 1981 5061 in

407 5112 548 5157 terra
578 5112 761 5157 nostra
790 5101 1180 5163 habitabimus,
1211 5100 1338 5169 quia
1367 5099 1509 5154 Caro
1539 5115 1640 5153 non
1669 5100 1982 5167 concupiscit

407 5206 590 5250 contra
637 5197 882 5266 spiritum
903 5193 944 5224 "'
989 5211 1000 5246 :
1050 5193 1194 5245 unde
1242 5207 1346 5246 nec
1394 5191 1595 5246 bellum
1645 5204 1742 5259 per
1786 5200 1984 5247 terram

407 5285 674 5340 transibit.
703 5283 890 5352 Neque
923 5281 1071 5336 enim
1119 5281 1341 5337 habebit
1383 5271 1598 5350 tempus
1632 5281 1691 5333 in
1739 5294 1986 5336 resurre-

409 5376 590 5430 ctione
626 5375 1217 5445 concupiscentiarum,
1246 5374 1315 5428 de
1357 5373 1558 5442 quibus
1605 5372 1681 5426 ait
1709 5372 1985 5428 Jacobus:

409 5466 559 5522 Unde
619 5468 757 5521 bella
807 5477 856 5522 et
898 5469 1016 5521 lites
1053 5467 1111 5521 in
1146 5467 1330 5521 vobis?
1378 5464 1569 5520 Nonne
1598 5465 1725 5518 hinc
1762 5481 1826 5519 ea:
1864 5480 1986 5518 con-

413 5560 742 5629 cupiscentiis
793 5560 1016 5623 vestris,
1056 5575 1173 5629 quas
1220 5557 1457 5612 militant
1507 5557 1562 5610 in
1620 5555 1867 5610 membris
1904 5572 1988 5609 ve-

480 5759 529 5792 ³⁸
560 5759 697 5814 Deut
745 5777 914 5819 xxxii.
939 5761 992 5814 ἓ.
1064 5746 1117 5793 ’⁸⁸
1171 5762 1271 5817 lsa.
1302 5779 1353 5826 v,
1374 5763 1427 5816 6.

420 5831 522 5891 cle.
571 5846 625 5897 γ,
654 5831 742 5888 ll.
820 5833 863 5866 ⁵⁵
887 5830 1076 5888 Matth.
1108 5848 1216 5888 xvu
1244 5873 1261 5899 ,
1291 5832 1380 5887 20.

1509 5761 1551 5791 ⁶¹
1586 5760 1723 5814 Phil.
1754 5777 1833 5825 Ill,
1871 5763 1950 5815 l5.

1461 5831 1550 5886 “1
1584 5834 1710 5888 (or.
1746 5848 1805 5888 ll.
1847 5832 1926 5886 t‘i.

2026 5761 2069 5791 “
2094 5760 2253 5813 .loan.
2282 5775 2353 5822 vl,
2383 5757 2474 5811 ‘27.

1978 5831 2044 5901 ,δ’
2075 5829 2265 5884 Matth.
2299 5845 2417 5892 sui.
2453 5826 2507 5892 8,
2533 5825 2621 5881 25.

2082 4650 2192 4688 non
2234 4634 2386 4699 dicit,
2420 4635 2516 4691 sed
2545 4634 2862 4702 frequenter
2909 4635 3105 4688 bonam
3137 4642 3336 4690 terram
3369 4637 3658 4693 insinuans

2083 4727 2299 4783 dicebat
2328 4746 2341 4782 :
2370 4727 2529 4796 Aﬂ'ert
2555 4728 2785 4795 fructum
2811 4727 3155 4796 trigesimum,
3179 4736 3227 4782 et
3252 4714 3654 4801 sexagesimum,

2084 4828 2132 4871 et
2163 4818 2503 4871 centesimum
2522 4818 2590 4869 ⁸⁷.
2620 4816 2721 4872 llic
2743 4832 2872 4886 ergo
2897 4817 3064 4872 millia
3095 4818 3330 4874 hostium
3362 4820 3656 4891 subjicere,

2085 4924 2277 4963 omnes
2306 4908 2561 4964 videlicet
2585 4909 2888 4964 contrarias
2919 4909 3170 4973 virtutes,
3213 4919 3401 4980 utpote
3435 4912 3526 4981 qui
3553 4912 3661 4965 vir-

2089 5009 2263 5055 tutum
2294 5000 2458 5055 habet
2484 5000 2896 5069 perfectionem,
2922 4998 3121 5070 potest.
3145 5000 3430 5067 Quomodo
3453 5010 3658 5068 autem,

2088 5093 2329 5162 subjicit.
2358 5091 2415 5146 In
2443 5092 2608 5147 verbo
2633 5091 2821 5161 utique
2852 5092 2978 5158 Dei;
3009 5093 3085 5147 ait
3115 5093 3262 5146 enim
3289 5110 3302 5146 :

2160 5182 2227 5237 Et
2251 5181 2439 5237 cadent
2465 5182 2672 5235 inimici
2700 5182 2855 5235 vestri
2882 5182 2936 5234 in
2965 5191 3240 5248 conspectu
3266 5189 3435 5235 vestro
3459 5181 3663 5249 gladio.

2090 5275 2243 5330 illum
2273 5275 2484 5337 dicens,
2514 5290 2677 5344 quem
2710 5275 2932 5329 Paulum
2965 5275 3044 5328 sic
3087 5274 3361 5339 scribens,
3388 5273 3661 5343 exposuit.

2090 5366 2227 5422 Cum
2254 5365 2404 5420 enim
2434 5365 2586 5434 prius
2613 5364 2838 5418 dixisset
2859 5361 3202 5417 inimicorum
3230 5360 3395 5415 millia
3416 5400 3430 5423 ,
3461 5361 3514 5414 id
3540 5368 3662 5414 est:

2094 5460 2212 5514 Non
2239 5467 2311 5511 est
2342 5456 2481 5511 vobis
2514 5454 2816 5509 colluctatio
2854 5453 3101 5507 adversus
3129 5467 3340 5505 carnem
3366 5462 3412 5505 et
3447 5453 3667 5521 sangui~

2098 5534 2234 5614 nent,
2279 5552 2368 5605 sed
2407 5551 2655 5603 adversus
2700 5547 2959 5616 principes
2993 5553 3040 5599 et
3085 5553 3384 5613 potestates.
3418 5545 3669 5600 adversus

2576 5755 2620 5787 “
2641 5754 2756 5811 Gal.
2791 5770 2845 5819 ν,
2882 5752 2968 5809 l7.
3043 5751 3087 5784 “
3113 5749 3215 5805 Im.
3250 5764 3324 5814 tv,
3364 5749 3411 5804 l.
3475 5744 3669 5800 ΨΕΩ-
