3962 6220
1520 359 1881 423 HESYCIIII
1922 363 2394 431 PRESBYTERI

322 449 506 500 mundi
538 459 759 505 rectores
780 455 1113 510 tenebrarum
1130 459 1342 524 Irarum,
1368 464 1613 522 adversus
1633 470 1901 540 spiritalia
1931 474 1980 530 Δ
2079 476 2190 548 Ego
2218 478 2473 535 Dominus
2516 481 2657 537 Deus
2707 492 2895 549 vester,
2928 484 3018 555 qui
3045 484 3204 541 eduxi
3240 502 3328 542 vos
3351 489 3415 543 de
3443 498 3587 546 terra

320 539 570 607 nequitia:
597 541 652 592 in
682 541 973 599 crelestibus
1002 547 1068 613 ",
1098 549 1371 608 subinfert
1401 596 1414 608 .
1440 539 1729 627 Propterea
1759 563 1901 615 acci-

321 630 433 695 pite
492 641 828 690 armaturam
882 638 979 692 Dei
1011 638 1091 708 ";
1136 658 1298 712 quam
1364 647 1676 719 singulatim
1739 652 1902 707 dinu-

320 732 562 781 merans,
606 722 683 777 ait
712 742 725 778 :
756 724 822 780 Et
849 726 1093 798 gladium
1125 733 1366 803 spiritus,
1414 739 1554 807 quod
1583 749 1658 793 est
1688 741 1900 797 verbum

317 807 416 862 Dei
443 810 489 841 '°

384 896 683 969 Respiciam
705 921 811 962 vos.
835 908 976 975 Quid
1000 923 1087 971 est
1108 918 1256 973 enim
1287 920 1501 990 melius,
1520 941 1680 996 quam
1701 926 1897 1000 respici

316 1005 347 1043 a
379 991 488 1047 Deo
513 1037 527 1060 ,
560 997 719 1067 cujus
764 1012 1046 1072 respectus
1081 1009 1227 1066 salus
1251 1021 1372 1081 est,
1413 1019 1682 1075 aversatio
1714 1032 1895 1078 autem

314 1099 463 1140 mors
492 1089 618 1142 est?
662 1090 732 1144 Et
765 1110 994 1152 crescere
1017 1101 1244 1171 faciam,
1293 1115 1344 1159 et
1371 1109 1892 1180 anultiplicabimini.

313 1175 491 1247 Auget
518 1195 618 1233 nos
648 1184 892 1253 quidem,
929 1205 1053 1245 cum
1088 1194 1252 1263 parva
1307 1197 1469 1264 bona,
1495 1175 1616 1271 quae
1663 1204 1893 1275 agimus,

315 1268 550 1325 maxima
595 1271 726 1331 facit
776 1292 1062 1348 apparere.
1124 1283 1443 1357 Multiplicat
1489 1268 1674 1349 autem
1696 1268 1896 1367 vpauca

312 1376 562 1418 crescere
624 1364 831 1425 faciens
860 1372 916 1426 in
960 1376 1163 1432 multis.
1196 1381 1391 1436 Annon
1434 1399 1638 1457 augens
1682 1364 1897 1446 nostras

314 1448 546 1507 virtutes
597 1463 652 1510 et
686 1460 1041 1530 magniﬁcans
1106 1467 1320 1524 dicebat
1350 1490 1362 1525 :
1394 1448 1643 1538 Qttaitdiu
1703 1480 1896 1550 fecistis

311 1540 408 1593 uni
460 1542 525 1596 de
578 1546 812 1602 minimis
836 1550 947 1618 Itis,
987 1555 1118 1609 milii
1146 1559 1339 1628 fecistis
1365 1563 1451 1616 7'?
1500 1563 1566 1619 Et
1632 1540 1892 1641 multipli-

310 1644 442 1686 cans
485 1649 694 1703 rursus,
729 1638 955 1697 Paulum
1007 1648 1245 1705 scribere
1274 1652 1543 1712 faciebat:
1581 1658 1705 1717 Non
1754 1638 1894 1722 enim

309 1723 552 1791 occides;
582 1744 684 1782 non
743 1732 1077 1793 adulterabis
1110 1756 1130 1804 ;
1167 1759 1269 1797 non
1325 1753 1699 1820 concupisces;
1747 1768 1795 1811 et
1845 1760 1893 1814 si

308 1817 448 1880 quod
468 1827 546 1872 est
569 1818 723 1876 aliud
748 1829 1059 1886 mandatum
1082 1833 1149 1900 ⁷⁸,
1184 1836 1289 1892 hoc
1314 1817 1498 1898 verbo
1522 1817 1887 1906 restaurator:

312 1905 510 2003 lliliges
533 1917 830 1981 proximum
858 1931 1007 1978 tuum
1036 1929 1171 1983 sicut
1194 1933 1421 2001 teipsum
1443 1937 1507 2003 ⁷⁸,
1538 1942 1703 1997 multa
1732 1960 1890 2000 man-

307 1995 432 2052 data
463 2000 705 2061 cﬂlciens
732 2009 837 2066 hoc
860 2028 1029 2068 unum
1049 2020 1384 2090 mandatum,
1404 2035 1463 2081 ut
1480 2044 1577 2084 nos
1592 2046 1890 2103 assequen-

310 2092 391 2140 tcs
416 2087 571 2158 illud,
598 2094 796 2153 divites
826 2100 1146 2161 etiiciamur.
1196 2087 1379 2169 Nimis
1412 2130 1543 2188 ergo
1582 2087 1886 2192 oppoi‘tun'a

305 2189 453 2243 sunt.
479 2198 600 2253 quae
630 2202 953 2261 sequuntur.

381 2271 635 2333 Firmalro
658 2292 872 2348 pactum
902 2304 1074 2346 meum
1097 2294 1377 2353 vobiscum.
1411 2301 1488 2357 Ea
1515 2304 1730 2374 quidem
1756 2322 1887 2368 sunt

303 2366 583 2434 praedicta,
612 2388 713 2441 per
735 2378 1121 2441 retributiones
1142 2398 1323 2443 autem
1355 2391 1484 2449 illud
1517 2366 1712 2467 firmat,
1739 2366 1882 2472 quod

304 2460 677 2532 manifestam,
712 2483 834 2538 qua:
861 2487 1199 2545 sequuntur:
1221 2480 1515 2542 Comedetis
1536 2460 1884 2552 vetustisiima

300 2561 553 2608 ueterum.
587 2556 713 2614 Sive
738 2573 796 2617 ut
824 2563 1203 2646 §eptuaginta,
1234 2585 1406 2630 vetera
1434 2589 1685 2651 veterum,
1701 2586 1751 2641 id
1776 2600 1878 2657 est,

299 2658 424 2711 qua:
451 2647 606 2703 vobis
639 2667 737 2720 per
769 2654 941 2727 legem
995 2670 1051 2715 et
1090 2666 1391 2734 prophetas
1437 2647 1701 2740 promissa
1732 2647 1879 2748 sunt,

298 2744 355 2790 et
383 2754 506 2808 qua:
545 2758 643 2811 per
668 2747 1008 2814 patriarchas
1068 2754 1120 2808 in
1174 2772 1365 2814 eorum
1408 2744 1882 2828 benedictionibus

297 2829 569 2895 promisit.
605 2831 671 2888 Et
700 2845 873 2892 vetera
900 2843 1044 2895 novis
1060 2851 1539 2914 supervenientibus
1565 2858 1875 2928 projicietis.

296 2918 429 2986 Qua:
445 2939 573 2980 sunt
603 2930 785 2986 nova?
825 2932 1116 3007 Evangelia
1148 2939 1425 3012 videlicet;
1459 2963 1579 3002 nam
1614 2967 1738 3007 cum
1764 2971 1880 3010 ma-

297 3015 440 3070 xima
481 3028 610 3073 sunt
637 3037 722 3089 ea,
763 3040 886 3095 quae
928 3038 1180 3101 suutper
1211 3036 1570 3105 patriarchas,
1607 3042 1783 3115 legem
1823 3057 1878 3103 et

2005 567 2244 640 ngypti,
2282 588 2346 626 ne
2379 574 2642 628 serriretis
2686 577 2781 630 eis.
2825 575 2982 642 Quod
3026 577 3071 633 si
3105 578 3187 633 vis
3233 593 3583 651 cognoscere,

2006 659 2122 713 hinc
2154 661 2324 717 Exodi
2370 663 2532 719 verba
2574 680 2670 736 per
2720 666 2994 738 Evangelii
3054 668 3305 724 ordinem
3352 671 3581 729 discute.

2008 749 2152 805 Dixit
2196 768 2325 824 ergo
2378 752 2641 810 Dominus
2684 756 2751 811 ad
2795 756 3012 828 Moysen
3048 775 3061 810 :
3095 759 3208 814 Vidi
3252 761 3583 831 afﬂictionem

2005 844 2187 910 populi
2215 844 2318 898 mei
2365 845 2421 898 in
2444 845 2677 918 Egi/pio
2704 889 2718 913 ,
2771 850 3052 903 clamorem
3084 850 3198 919 ejus
3225 852 3425 919 audivi,
3452 870 3580 923 pro-

2006 944 2121 1000 pter
2143 934 2401 989 duritiam
2429 953 2630 1001 corum,
2657 940 2747 1009 qui
2776 950 3008 1008 praesunt
3040 941 3281 1009 operibus
3303 958 3323 997 :
3342 955 3391 1000 et
3415 945 3582 1000 sciens

2004 1025 2237 1079 dolorem
2262 1027 2397 1096 ejus,
2428 1029 2669 1083 descendi
2693 1029 2918 1085 liberare
2950 1048 3035 1086 eos
3067 1033 3131 1086 de
3153 1035 3392 1089 manibus
3411 1035 3582 1108 ,Ἐμν-

2004 1118 2257 1186 ptiorum,
2297 1128 2347 1173 et
2374 1120 2590 1175 educere
2620 1121 2685 1174 de
2711 1131 2852 1176 terra
2882 1124 2977 1178 illa
3006 1125 3063 1177 in
3083 1134 3281 1180 terram
3305 1128 3497 1183 bonam
3529 1139 3581 1184 et

1999 1210 2312 1275 speciosam,
2341 1227 2458 1281 quae
2487 1213 2606 1280 ﬂuit
2632 1213 2770 1268 lacte
2803 1224 2851 1268 et
2884 1216 3034 1269 melle
3057 1216 3125 1269 ⁷⁸.
3152 1216 3221 1272 Et
3247 1218 3372 1287 quis
3386 1218 3453 1275 sit
3483 1217 3577 1290 qui

1999 1302 2300 1357 introducit
2328 1302 2383 1357 in
2421 1305 2804 1374 promissionis
2834 1315 3034 1363 terram
3074 1306 3241 1378 Hpse
3276 1308 3452 1377 Deus,
3485 1312 3579 1385 qui

1998 1394 2116 1450 hac
2147 1393 2312 1466 Moysi
2343 1396 2582 1452 ostendit
2611 1414 2625 1450 :
2659 1397 2791 1455 Ecce
2813 1416 2905 1470 ego
2937 1399 3084 1455 mitto
3112 1401 3367 1472 Angelum
3404 1421 3580 1459 meum

1997 1490 2087 1558 qui
2119 1486 2383 1556 prtecedat
2414 1498 2464 1544 te
2498 1497 2546 1543 et
2568 1490 2829 1544 custodiat
2870 1500 2919 1544 te
2948 1492 3003 1545 in
3029 1495 3138 1554 via,
3175 1504 3223 1549 et
3278 1497 3580 1555 introducas

1996 1584 2067 1637 ad
2095 1582 2267 1637 locum
2295 1600 2449 1655 quem
2474 1583 2661 1652 paravi
2681 1583 2746 1636 ⁷⁷.
2776 1583 3041 1653 Angelum
3070 1585 3240 1640 ﬁlium
3273 1589 3576 1658 appellans,

1994 1677 2121 1749 quia
2161 1677 2497 1732 voluntatem
2525 1675 2684 1731 nobis
2721 1675 2893 1733 Patris
2930 1679 3310 1746 annuntiavit,
3361 1682 3430 1737 de
3467 1697 3577 1751 quo

1998 1770 2074 1824 ait
2101 1770 2268 1825 lsaias
2300 1788 2314 1823 :
2350 1769 2492 1823 Puer
2526 1779 2682 1824 natus
2707 1778 2780 1824 est
2816 1769 2990 1836 nobis,
3023 1771 3166 1840 ﬁlius
3191 1775 3349 1827 datas
3376 1784 3452 1827 est
3481 1790 3575 1829 uo.

1999 1863 2096 1927 bis,
2138 1861 2294 1930 cujus
2322 1862 2648 1932 principatus
2689 1877 2847 1931 super
2871 1865 3113 1916 humeros
3141 1863 3279 1931 ejus,
3306 1873 3354 1918 et
3394 1865 3577 1935 appel-

1998 1957 2196 2011 labitur
2228 1971 2415 2010 nomen
2444 1955 2560 2024 ejus
2593 1954 2772 2025 magni
2814 1954 3017 2008 consilii
3047 1952 3303 2025 Angelus.
3334 1957 3570 2011 admira-

1995 2050 2133 2114 bilis,
2185 2046 2544 2109 consiliarius,
2608 2044 2744 2099 Deus
2801 2045 2952 2115 fortis
2982 2045 3046 2099 ⁷⁸.
3096 2044 3381 2111 Quomodo
3401 2047 3567 2110 enim,

1994 2156 2121 2199 cum
2154 2138 2471 2211 promiserit
2519 2136 2683 2202 Deus,
2722 2151 2820 2206 per
2860 2150 2925 2190 ea
2965 2151 3088 2205 qua:
3133 2136 3390 2205 superius
3432 2136 3572 2192 dicta

1993 2241 2141 2300 sunt,
2178 2229 2528 2286 introducere
2554 2229 2812 2298 pupulum
2842 2227 2894 2281 in
2923 2236 3145 2290 terram,
3185 2227 3425 2299 Angelus
3471 2228 3573 2283 hoc

1995 2327 2195 2391 facere,
2223 2332 2278 2378 et
2299 2338 2409 2377 non
2447 2322 2564 2391 ipse
2590 2319 2682 2390 qui
2698 2318 2982 2389 promisit,
3023 2319 3271 2388 poterat?
3299 2319 3434 2385 Quis
3472 2334 3571 2373 au-

1993 2429 2125 2486 tem,
2147 2426 2203 2473 et
2232 2415 2330 2486 qui
2354 2413 2662 2479 descendit,
2696 2412 2812 2482 ipse
2842 2410 3002 2466 nobis
3026 2411 3213 2466 dicens
3242 2411 3359 2466 haec
3385 2411 3452 2465 ad
3476 2409 3567 2464 Ni-

1991 2512 2278 2569 codemum
2316 2506 2558 2563 ostendit
2586 2521 2600 2561 :
2634 2503 2804 2560 Nemo
2851 2504 3086 2559 ascendit
3111 2504 3170 2560 in
3204 2503 3388 2559 caelum
3415 2545 3430 2569 ,
3470 2503 3569 2558 nisi

1990 2606 2079 2677 qui
2111 2602 2373 2658 descendit
2413 2601 2477 2655 de
2504 2597 2650 2661 calo,
2683 2597 2851 2651 Filius
2879 2596 3106 2650 hominis
3136 2596 3227 2666 qui
3264 2598 3321 2649 in
3345 2595 3474 2649 coelo
3497 2594 3569 2648 ".

1989 2695 2153 2766 Atqui
2199 2692 2433 2748 necdum
2471 2689 2528 2743 in
2586 2688 2783 2743 coelum
2838 2702 2965 2742 cum
3004 2701 3171 2740 carne
3221 2686 3566 2751 ascenderat,

1989 2788 2222 2843 necdum
2252 2783 2399 2840 enim
2432 2786 2748 2848 assumptus
2777 2785 2914 2841 erat,
2946 2776 3042 2831 sed
3072 2775 3487 2841 descensionem
3510 2784 3563 2831 et

1987 2875 2363 2932 ascensionem
2399 2869 2683 2940 pristinam
2713 2866 2865 2930 dicit,
2898 2866 2966 2920 de
2981 2882 3108 2935 qua,
3134 2865 3278 2919 sicut
3301 2865 3557 2927 diximus,

1988 2967 2157 3039 Moysi
2190 2965 2403 3021 locutus
2439 2968 2566 3015 est:
2601 2958 2715 3013 Vidi
2738 2956 3071 3027 afﬂictionem
3111 2956 3292 3027 populi
3330 2958 3432 3010 mei
3456 2999 3472 3023 ,
3512 2965 3562 3010 et

1984 3059 2224 3117 descendi
2271 3056 2496 3109 liberare
2542 3067 2627 3106 eos
2666 3051 2729 3103 de
2761 3049 3000 3103 manibus
3026 3048 3419 3119 rEgyptiorum.
3464 3046 3565 3103 Hic

297 3111 594 3181 prophetas
615 3116 876 3185 pollicita,
902 3127 1083 3177 tamen
1106 3139 1203 3193 per
1225 3130 1578 3200 Evangelium
1606 3111 1876 3205 prbmissa

1992 3111 2300 3225 greci-nobis
2327 3156 2383 3201 et
2413 3160 2497 3211 ea,
2537 3157 2659 3213 qua:
2681 3148 3006 3212 sequuntur,
3037 3140 3208 3195 dedit.

297 3206 501 3274 majora
535 3216 683 3272 sum,
718 3220 945 3280 propter
992 3217 1172 3284 quod,
1221 3219 1415 3275 horum
1446 3231 1875 3298 comparatione,

295 3294 385 3348 illa
418 3296 573 3350 nobis
600 3298 875 3368 superﬂua
888 3302 1225 3371 judicantur.
1251 3309 1391 3366 Ecce
1407 3328 1535 3384 ergo
1556 3294 1877 3389 capitulum,

288 3386 437 3454 quod
506 3394 672 3442 totam
717 3389 1161 3450 benedictionem
1187 3400 1514 3468 conﬁrmat,
1566 3405 1775 3476 infert,
1826 3386 1879 3466 id

293 3487 398 3544 est,
455 3496 577 3551 qua:
615 3497 714 3552 per
770 3486 1139 3556 evangelicam
1187 3499 1304 3547 acta
1351 3502 1482 3549 sunt
1554 3506 1609 3553 et
1658 3499 1879 3572 impleta

293 3572 543 3642 gratiam.

363 3663 566 3720 Ponant
601 3668 1002 3726 tabernaculum
1039 3691 1210 3730 nteant
1241 3677 1297 3731 in
1351 3681 1520 3734 medio
1566 3686 1745 3738 vestri.
1784 3685 1878 3742 Vel

288 3753 431 3808 sicut
473 3757 829 3829 Septuaginta
876 3776 891 3813 :
931 3760 1266 3818 Constituam
1299 3774 1668 3826 testamentum
1704 3791 1878 3829 meum

290 3845 573 3901 vobiscum.
613 3848 769 3915 Quod
801 3861 884 3905 est
906 3853 1044 3916 hoc,
1087 3855 1142 3908 in
1182 3872 1291 3927 quo
1312 3874 1449 3912 nova
1475 3863 1748 3932 promisit,
1784 3882 1879 3921 cu-

285 3938 377 4008 jus
405 3940 484 3995 sic
514 3943 780 4011 propheta
807 3941 1075 4002 Jeremias
1102 3950 1422 4005 memoriam
1458 3952 1628 4008 facit:
1657 3955 1725 4009 Et
1752 3974 1879 4011 con-

287 4033 508 4088 stituam
555 4036 695 4089 vobis
761 4045 1133 4094 testamentum
1176 4057 1398 4108 nouum,
1450 4062 1553 4100 non
1592 4050 1879 4104 secundum

289 4134 690 4190 testamentum,
743 4131 883 4199 quod
925 4132 1162 4201 disposui
1198 4137 1437 4204 patribus
1460 4141 1642 4194 vestris
1672 4142 1736 4195 ⁷³.
1783 4142 1879 4200 llis

287 4217 435 4273 cnim
501 4221 796 4290 conjuncta
850 4233 1013 4287 sunt,
1071 4234 1126 4280 et
1181 4242 1303 4297 quae
1373 4243 1681 4300 sequuntur
1760 4252 1876 4291 ma-

290 4313 449 4370 xime.

357 4405 425 4460 Et
456 4423 559 4461 non
589 4408 981 4464 abominabitur
1026 4410 1210 4465 anima
1267 4429 1384 4467 mea
1431 4431 1539 4470 vos.
1585 4417 1877 4475 Ambulabo

286 4498 424 4553 inter
452 4517 559 4566 vos,
604 4513 654 4556 et
694 4518 783 4557 ero
818 4512 988 4559 vester
1020 4502 1186 4569 Deus,
1214 4520 1405 4576 vosque
1450 4509 1597 4563 eritis
1648 4511 1874 4581 populus

289 4608 455 4646 metu.
496 4593 697 4664 Aperte
720 4596 888 4653 etiam
920 4597 1038 4653 hac
1066 4614 1094 4652 a
1114 4598 1379 4669 praedicto
1409 4602 1696 4672 propheta,
1729 4606 1873 4661 sicut

288 4687 645 4758 Septuaginta
668 4689 838 4744 editio
875 4689 1142 4755 continet,
1190 4690 1392 4762 scripta
1424 4704 1571 4749 sunt.
1604 4694 1703 4750 llic
1727 4694 1872 4753 Deus

286 4790 489 4847 vester,
523 4795 634 4835 non
662 4782 1010 4850 reputabitur
1046 4783 1190 4838 alius
1234 4785 1304 4840 ad
1344 4801 1495 4841 eum.
1543 4787 1782 4845 Post/iac
1815 4792 1872 4844 in

2047 3246 2151 3312 Qui
2192 3238 2445 3310 confregit
2503 3243 2719 3288 catenas
2767 3232 3027 3286 cervicum
3069 3241 3383 3285 vestrarum.
3428 3227 3565 3284 Tam

1981 3334 2188 3409 peccati
2218 3346 2381 3402 quam
2413 3326 2548 3397 legis
2585 3324 2782 3379 littera:
2813 3341 2827 3377 :
2866 3323 2928 3378 Ut
2950 3322 3260 3379 incederetis
3291 3321 3471 3374 erecti.
3506 3318 3561 3373 id

1979 3439 2084 3490 est.
2114 3442 2238 3483 cum
2263 3419 2615 3485 conﬁdentia,
2643 3418 2770 3488 quia
2797 3417 3028 3473 virtutes
3049 3415 3207 3470 nobis
3236 3414 3357 3469 sine
3381 3413 3562 3482 aliqua

1980 3517 2325 3575 hmsitatione
2361 3508 2576 3581 operari
2606 3507 2778 3563 dedit.

2054 3611 2215 3665 Vsus.
2243 3605 2429 3661 14-17.
2462 3623 2480 3654 ι
2511 3600 2668 3668 Quod
2690 3599 2735 3654 si
2770 3613 2881 3653 non
2905 3595 3188 3653 audieritis
3219 3611 3328 3661 me,
3353 3609 3460 3649 nec
3477 3593 3561 3649 te-

1978 3702 2167 3759 ccritis
2198 3696 2452 3753 mandata
2473 3708 2617 3759 mea,
2672 3691 2719 3746 si
2760 3689 3076 3761 Spreveritis
3112 3687 3259 3758 leges
3300 3701 3470 3751 meas,
3504 3694 3565 3740 et

1975 3794 2180 3866 judicia
2211 3806 2331 3846 mea
2357 3784 2819 3856 contempseritis,
2872 3792 2932 3838 ut
2953 3796 3064 3837 non
3091 3779 3302 3835 faciatis
3326 3794 3413 3844 ea,
3438 3793 3561 3848 qua

1979 3903 2009 3940 a
2044 3900 2131 3939 me
2163 3880 2459 3945 constituta
2488 3886 2636 3940 sunt,
2669 3885 2725 3930 et
2752 3875 2819 3930 ad
2866 3874 3080 3929 irritum
3124 3873 3435 3943 perducatis
3463 3885 3561 3939 pa-

1980 3987 2128 4032 ctum
2163 3988 2366 4037 meum,
2387 3986 2488 4042 ego
2511 3983 2729 4040 quoque
2757 3968 2874 4022 haec
2903 3965 3098 4020 iaciam
3118 3964 3292 4020 vobis.
3316 3962 3560 4018 Visitabo

1980 4084 2076 4123 vos
2108 4065 2372 4123 velociter
2401 4064 2456 4117 in
2486 4068 2727 4132 egestate
2779 4066 2835 4113 et
2884 4057 3082 4112 ardore
3109 4098 3124 4121 ,
3182 4057 3275 4126 qui
3305 4052 3562 4111 conﬁciat

1978 4161 2168 4216 oculos
2192 4167 2423 4224 vestros,
2456 4164 2512 4211 et
2544 4160 2832 4210 consumat
2851 4150 3083 4205 animas.
3112 4149 3332 4203 Frustra
3365 4149 3560 4203 seretis

1979 4271 2167 4310 semen
2190 4293 2206 4318 ,
2243 4251 2389 4323 quod
2435 4250 2504 4306 ab
2549 4248 2795 4304 hostibus
2826 4232 3199 4301 devorabitur.
3235 4244 3441 4299 Ponam
3480 4242 3560 4297 ia-

1978 4349 2116 4403 eiem
2149 4360 2324 4400 meam
2352 4350 2543 4399 contra
2568 4356 2684 4404 vos,
2711 4347 2767 4393 et
2794 4338 3064 4393 corruetis
3088 4351 3271 4392 coram
3312 4334 3561 4391 hostibus

1981 4441 2201 4508 vestris,
2231 4447 2286 4493 et
2306 4432 2674 4506 subjiciemini
2699 4431 2765 4486 iis
2785 4431 2877 4501 qui
2906 4430 3143 4485 oderunt
3171 4443 3283 4483 vos.
3316 4425 3560 4498 Fugietis

1980 4533 2203 4588 nemine
2226 4534 2610 4601 persequente.
2644 4541 2661 4572 ι

2050 4625 2183 4691 Quae
2210 4623 2352 4677 bona
2380 4634 2496 4685 eos,
2515 4617 2610 4688 qui
2634 4615 2899 4672 obediunt
2926 4612 3017 4669 Dei
3050 4612 3342 4677 mandatis,
3363 4624 3559 4679 exspe—

1979 4727 2150 4782 ctant,
2191 4712 2530 4770 suﬂicienter
2569 4710 2655 4763 lex
2704 4707 2958 4778 superius
3002 4705 3156 4759 dixit.
3199 4703 3332 4770 Quae
3375 4712 3556 4755 autem

1979 4807 2203 4864 evenire
2256 4799 2781 4873 transgredientibus
2832 4796 3163 4853 comminata
3200 4803 3304 4859 est,
3340 4808 3403 4848 ea
3437 4805 3559 4862 quae

285 4875 441 4929 terris
471 4874 612 4928 uisus
640 4884 735 4939 est,
767 4883 816 4929 et
846 4891 967 4930 cum
995 4876 1293 4932 hominibus
1324 4892 1660 4936 conversatus
1692 4895 1766 4937 est
1784 4886 1869 4939 πε
1905 4923 1948 4977 υ
1978 4915 2128 4955 nunc
2159 4896 2481 4953 sanciantur
2505 4933 2521 4959 ,
2579 4891 2896 4946 ostendunt.
2945 4887 3190 4955 Quorum
3234 4885 3455 4977 quando
3490 4884 3558 4938 ad

283 4966 428 5040 quod
458 4983 568 5023 non
602 4968 822 5040 egisset,
852 4968 898 5023 si
933 4983 1033 5022 nos
1057 4979 1423 5026 aversaretur.
1464 4973 1583 5027 Non
1609 4990 1739 5045 ergo
1763 4992 1866 5033 nos

281 5059 626 5117 abominatus
651 5067 755 5127 est,
788 5059 885 5115 sed
908 5069 963 5114 ct
992 5059 1328 5118 inambulare
1354 5064 1409 5118 in
1436 5065 1596 5122 nobis
1621 5082 1718 5137 per
1745 5085 1867 5125 car-

280 5170 407 5212 nem
435 5153 626 5220 voluit,
659 5163 717 5210 et
756 5152 874 5209 ﬁeri
914 5162 1104 5208 noster
1128 5152 1292 5220 Deus,
1337 5173 1460 5213 cum
1501 5171 1646 5216 esset
1685 5164 1861 5234 prius,

279 5248 376 5304 sed
410 5246 673 5318 ignotus:
700 5247 829 5317 quia
862 5260 966 5301 nos
991 5246 1166 5300 errori
1207 5246 1490 5319 conjuncti
1515 5267 1756 5310 eramus.
1783 5255 1864 5312 Ex

279 5357 389 5411 quo
417 5356 601 5397 autem
635 5358 738 5397 nos
761 5343 985 5413 proprio
1008 5344 1144 5397 emit
1168 5344 1435 5414 sanguine
1455 5389 1469 5413 ,
1502 5348 1645 5405 Deus
1676 5361 1866 5408 noster

279 5432 458 5490 factus
482 5446 587 5499 est.
618 5446 677 5491 et
698 5452 799 5492 nos
821 5438 1036 5508 plebem
1064 5452 1220 5494 suam
1252 5439 1402 5496 fecit.
1431 5443 1497 5497 Et
1517 5445 1641 5515 quis
1660 5454 1746 5501 est
1771 5447 1863 5518 qui

282 5525 397 5581 inec
426 5525 557 5584 fecit
587 5531 612 5583 ?

349 5727 397 5763 οι
435 5728 639 5797 Ephes.
669 5747 745 5793 νε,
779 5736 868 5792 ta.
942 5739 987 5770 ιο
1021 5740 1153 5794 ibid.
1190 5743 1274 5797 tt.

278 5812 428 5865 sui,
460 5798 552 5852 5'2.
628 5800 672 5833 "
703 5801 936 5861 Baruch.
969 5822 1050 5876 ut,
1078 5810 1179 5888 53..
1238 5813 1284 5844 τ’
1311 5798 1495 5872 Exod.
1530 5798 1611 5883 m,
1636 5798 1692 5884 ’7,
1729 5817 1781 5874 8.

1365 5745 1414 5775 “’⁰
1452 5745 1581 5799 ibid.
1628 5747 1715 5799 11.
1789 5749 1829 5781 ⁷³
1865 5747 2059 5802 Matth.
2103 5763 2227 5811 xxv,
2265 5747 2355 5800 40.
2427 5747 2474 5780 ⁷³
2505 5745 2666 5800 ηοω.
2701 5758 2822 5808 xm,
2861 5743 2894 5798 9

1899 5819 1945 5851 ⁷⁷
1973 5817 2147 5875 Exod.
2191 5808 2346 5887 sant,
2388 5817 2478 5874 20.
2530 5817 2600 5903 λ’
2628 5816 2714 5874 lsa
2772 5831 2851 5883 ix,
2880 5812 2933 5870 6.
2992 5814 3034 5891 τί*
3066 5813 3224 5868 Joan.
3260 5825 3344 5878 tu,
3374 5808 3460 5865 15.

1973 4991 2211 5046 litteram
2249 4986 2459 5057 singula
2508 4983 2876 5048 discutimus,
2931 4979 3244 5035 invenimus
3296 4975 3557 5046 populum

1972 5082 2310 5146 Judmorum,
2340 5079 2537 5133 borum
2564 5089 2784 5146 passum
2813 5072 3062 5143 quaedam
3090 5069 3389 5125 secundum
3413 5066 3557 5121 litte—

1975 5189 2111 5240 ram,
2143 5171 2328 5228 omnia
2358 5176 2542 5224 autem
2573 5165 2875 5222 secundum
2920 5162 3197 5234 spiritum.

2044 5263 2194 5329 Quod
2235 5263 2282 5316 si
2314 5277 2416 5315 non
2461 5246 2738 5312 audieritis
2768 5272 2870 5321 me,
2911 5270 3004 5309 nec
3033 5251 3258 5324 feceritis
3298 5249 3553 5305 mandata

1975 5374 2122 5420 mea,
2172 5356 2219 5409 si
2264 5352 2563 5424 spreveritis
2605 5351 2739 5422 leges
2767 5364 2931 5415 meas,
2965 5356 3015 5402 et
3038 5344 3248 5416 judicia
3282 5358 3553 5405 medean-

1977 5447 2310 5518 tentpseritis,
2345 5454 2402 5499 ut
2433 5460 2540 5499 non
2581 5442 2794 5515 faciatis
2841 5456 2927 5505 ea,
2960 5454 3077 5509 qua:
3101 5455 3135 5493 ει
3158 5453 3239 5491 me
3267 5435 3553 5490 constituta

1976 5551 2117 5603 sunt,
2151 5548 2199 5593 et
2227 5542 2298 5593 ad
2330 5539 2543 5593 irritum
2571 5533 2870 5607 perducatis
2899 5541 3110 5603 pactum
3145 5545 3337 5585 meum.

2993 5743 3041 5780 ’³³
3071 5740 3202 5794 ibid.
3279 5738 3323 5771 "
3349 5736 3547 5791 larem.
