3988 6222
922 356 1081 403 "1'55?

313 411 447 481 1145

1426 418 1510 488 ΙΝ
1550 416 1989 491 LEVITICUM.
2014 452 2083 481 -τ
2115 431 2263 492 LIB.
2290 432 2425 495 VII.

3421 435 3559 504 1M6

377 534 480 602 Qui
511 548 621 591 non
659 536 889 592 audiunt
918 537 1231 593 mandatum
1261 538 1377 607 Dei,
1433 551 1490 596 et
1547 543 1639 613 qui
1673 543 1878 611 judicia
1910 551 1954 604 Α
1983 544 2322 601 abscondere
2354 553 2641 617 poterant,
2696 550 2791 605 sed
2830 551 3141 607 clamabant
3192 554 3368 624 palam
3395 566 3561 625 atque

308 626 706 684 contemnunt?
737 628 840 683 nisi
876 630 969 700 qui
1019 630 1339 686 traditiones
1367 635 1647 688 seniorum
1698 635 1879 689 inten-

307 717 503 771 dentes
522 756 537 779 ,
560 725 613 772 et
646 717 972 789 legislato‘ris
1000 721 1360 777 intentionem
1394 725 1875 795 transgredientes,

309 809 378 863 ad
410 809 516 862 hoc
564 809 710 879 quod
754 810 833 865 eis
877 810 1161 867 videbatur
1183 812 1355 885 legem
1382 815 1748 884 exponebant,
1785 816 1877 886 qui

305 897 578 965 dicebant,
617 899 758 953 sicut
783 900 1165 957 aitDominus:
1186 901 1492 973 Quicunque
1520 905 1713 957 dixerit
1736 904 1880 973 patri

306 998 398 1042 aut
425 989 590 1042 matri
610 1004 630 1042 :
665 989 874 1043 Donum
921 993 1263 1063 quodcunque
1289 1009 1353 1047 ea:
1384 1009 1466 1046 me
1496 994 1591 1047 tibi
1622 994 1876 1063 proderit,

304 1090 355 1136 et
380 1096 484 1135 non
505 1081 869 1150 honeriﬁcabit
887 1093 1091 1152 patrem
1133 1100 1284 1138 suum
1310 1093 1358 1138 et
1380 1093 1601 1138 matrem
1625 1102 1778 1139 suam
1795 1086 1875 1139 ”:

304 1172 358 1228 id
405 1181 490 1228 est
515 1215 529 1239 ,
581 1174 895 1244 quicunque
933 1175 1131 1254 dixerit
1182 1176 1504 1245 parentibus
1541 1176 1722 1231 :Vota
1752 1186 1879 1232 sunt

307 1265 417 1318 Deo
454 1276 519 1319 ea
539 1278 661 1334 qua:
688 1265 884 1332 habeo,
911 1265 1015 1335 ipsi
1047 1266 1194 1320 enim
1228 1281 1292 1321 ea
1335 1282 1533 1321 munus
1564 1277 1619 1321 et
1646 1266 1879 1321 oblatio-

302 1368 430 1408 nem
460 1354 665 1421 obtuli,
712 1370 828 1420 eos,
872 1357 966 1426 qui
1008 1365 1430 1429 generaverunt,
1464 1357 1735 1412 honorare
1765 1371 1877 1411 non

304 1446 535 1516 cogitur.
558 1446 661 1512 Qui
703 1455 834 1503 sunt
878 1449 970 1517 qui
998 1463 1107 1503 non
1133 1449 1253 1520 ejus
1281 1449 1462 1505 omnia
1489 1448 1701 1504 faciunt
1724 1464 1879 1503 man-

303 1537 468 1594 data?
492 1537 597 1593 uisi
622 1540 713 1609 qui
748 1553 963 1593 anetum
990 1549 1037 1595 et
1062 1543 1328 1611 cyminum
1350 1542 1632 1606 decimant,
1653 1551 1712 1604 let
1731 1557 1878 1594 men-

301 1627 469 1694 titam,
503 1628 803 1699 relinquunt
832 1639 1010 1683 autem
1032 1632 1297 1701 judicium
1318 1674 1331 1699 ,
1365 1642 1413 1686 et
1440 1633 1874 1697 misericordiam,

301 1729 353 1771 et
382 1718 541 1786 ﬁdem
558 1719 642 1784 ⁸¹;
697 1734 821 1774 cum
869 1719 1010 1776 Deus
1050 1721 1131 1777 eis
1186 1737 1286 1793 per
1316 1723 1636 1793 prophetam
1682 1723 1825 1778 dicat
1860 1740 1872 1775 :

297 1808 555 1864 Indicabo
584 1810 708 1877 tibi,
755 1828 785 1865 ο
812 1812 985 1879 homo,
1037 1813 1163 1883 quid
1192 1812 1447 1868 Dominus
1473 1822 1680 1884 quaerat
1728 1830 1761 1866 a
1805 1822 1871 1877 te,

298 1900 481 1971 utique
506 1903 681 1972 facere
702 1903 968 1971 judicium
989 1946 1004 1969 ,
1037 1914 1088 1958 et
1116 1904 1333 1975 diligere
1360 1907 1797 1968 misericordiam,
1827 1912 1877 1958 et

295 1991 584 2045 sollicitum
622 1992 900 2047 ambulare
934 2011 1053 2048 cum
1085 1994 1193 2049 Deo
1233 2003 1323 2049 tuo
1350 1995 1420 2051 ⁸¹.
1473 1996 1704 2066 Propter
1732 1996 1877 2065 quod

299 2082 559 2137 Dominus
587 2084 654 2138 ad
679 2098 794 2151 eos,
828 2093 1018 2156 utpote
1060 2099 1170 2140 non
1197 2087 1380 2141 omnia
1418 2087 1706 2157 implentes
1745 2087 1877 2160 legis

297 2178 590 2244 praecepta,
633 2177 730 2231 sed
777 2191 901 2246 quae
950 2178 1072 2248 ejus
1100 2189 1230 2235 sunt
1266 2179 1449 2250 gravia
1481 2181 1872 2250 relinquentes.

296 2272 352 2318 et
383 2280 505 2333 quae
532 2266 756 2320 minima
781 2275 1022 2337 agentes,
1050 2267 1296 2323 dicebat:
1329 2267 1454 2324 Haec
1485 2269 1767 2339 oportebat
1794 2271 1876 2324 fa-

295 2369 444 2417 cere,
475 2365 530 2409 et
558 2354 646 2408 illa
676 2370 787 2410 non
817 2357 1090 2413 omittere.
1138 2355 1245 2412 Sed
1274 2366 1331 2412 et
1378 2358 1630 2412 mandata
1664 2357 1757 2413 Dei
1800 2359 1875 2414 illi

295 2447 519 2517 proprie
559 2448 1052 2518 transgrediuntur,
1095 2457 1148 2503 ct
1177 2449 1257 2503 eis
1295 2449 1528 2503 maxime
1557 2449 1877 2505 inobedien-

300 2547 384 2592 tes
408 2538 697 2608 sunt.quia
715 2542 1041 2594 exteriorem
1074 2540 1269 2596 faciem
1301 2556 1513 2606 eorum,
1548 2557 1658 2596 non
1689 2550 1872 2596 autem

295 2629 657 2684 intentionem
677 2627 773 2684 Dei
801 2639 1150 2684 conservant.
1174 2630 1392 2685 Planius
1426 2645 1555 2702 ergo
1579 2631 1795 2700 Aquila,
1820 2639 1876 2685 et

296 2720 636 2776 Theodotion
660 2760 676 2785 ,
731 2732 788 2777 et
827 2721 1184 2793 Symmachus
1211 2721 1449 2776 edidisse
1498 2722 1872 2780 inveniuntur.

294 2813 428 2867 Nam
459 2814 549 2868 ille
580 2814 797 2884 quidem
828 2815 943 2868 ait:
978 2812 1036 2867 Si
1063 2815 1345 2868 constituta
1371 2831 1486 2868 mea
1515 2814 1875 2882 reprobaveri-

297 2904 396 2967 tis;
444 2905 520 2959 illi
552 2914 734 2959 autem
768 2922 780 2957 :
815 2902 874 2958 Si
912 2904 1230 2959 subtilitates
1259 2921 1403 2959 meas
1428 2944 1445 2970 ,
1497 2905 1551 2960 id
1594 2912 1713 2971 est,
1760 2904 1873 2975 agri

295 2994 462 3062 viam,
502 2997 800 3051 renueritis.
834 2996 1093 3068 Dogmata
1124 3005 1310 3051 autem
1337 2996 1462 3063 Dei,
1518 3005 1571 3051 et
1599 2996 1873 3052 subtilita-

297 3096 406 3142 tem
431 3128 446 3152 ,
475 3101 597 3156 qua:
631 3087 687 3141 in
718 3086 945 3156 spiritali
995 3087 1376 3141 mandatorum
1428 3086 1702 3142 intellectu
1731 3094 1869 3153 erat,

301 3177 795 3248 transgrediuntur,
829 3177 954 3248 quia
994 3176 1147 3232 Novo
1175 3175 1528 3233 Testamento
1555 3177 1869 3244 concordat,

295 3268 573 3323 inﬁrmare
604 3267 973 3338 evangelicum
1022 3267 1250 3339 gratiam
1299 3282 1398 3338 per
1451 3268 1557 3323 hoc
1601 3267 1868 3332 volentes,

293 3360 439 3431 quod
479 3375 575 3414 eos
599 3375 835 3431 arguens
872 3359 991 3416 ait:

361 3450 432 3505 Et
456 3451 527 3504 ad
551 3452 761 3504 irritum
786 3451 1089 3519 perducatis
1119 3461 1334 3521 pactum
1363 3469 1555 3506 meum.
1579 3451 1720 3518 Quid
1743 3467 1870 3523 ergo

292 3556 395 3613 pro
433 3542 538 3596 hoc
570 3531 809 3597 minatus
836 3541 961 3596 est?
998 3541 1172 3597 Nimis
1195 3542 1342 3596 enim
1373 3542 1567 3596 similis
1597 3556 1756 3611 ptena
1788 3549 1871 3596 est

292 3633 724 3705 praevaricationi
752 3650 967 3689 eorum.
997 3633 1107 3706 Ego
1133 3650 1336 3705 quoque
1355 3635 1464 3688 Iure
1479 3636 1675 3705 faciam
1703 3633 1865 3687 vobis.

290 3724 619 3790 Quomodo?
650 3717 878 3780 Visitabo
914 3744 1002 3782 vos
1029 3727 1271 3781 velociter
1297 3729 1354 3780 in
1411 3734 1661 3797 egestate.
1696 3725 1870 3780 Nimis

289 3817 436 3873 enim
470 3829 694 3889 egentes
715 3834 810 3873 eos
842 3818 1100 3873 Dominus
1130 3833 1227 3887 per
1258 3819 1483 3872 verbum
1515 3833 1673 3872 suum
1717 3817 1864 3884 fecit,

290 3907 347 3962 in
378 3915 586 3962 tantum
614 3918 669 3961 ut
690 3907 756 3961 ad
782 3908 1015 3962 invicem
1047 3907 1342 3989 dicerent}
1379 3905 1560 3959 Durus
1590 3916 1663 3960 est
1697 3923 1868 3960 sermo

289 3998 395 4065 hic,
435 4000 552 4070 quis
581 4009 747 4069 potest
771 4017 889 4055 eum
916 4000 1105 4053 audire
1124 3999 1214 4053 3'?
1248 3998 1403 4053 Sicut
1426 4013 1556 4070 ergo
1576 4005 1771 4068 sponte
1790 3998 1867 4052 le-

287 4092 371 4163 gis
395 4092 730 4147 intellectum
768 4092 1308 4163 transgrediebantur
1329 4135 1344 4159 ,
1400 4103 1460 4147 ut
1489 4090 1864 4162 evangelicum

289 4192 679 4239 testamentum
738 4184 790 4238 in
849 4185 1063 4238 irritum
1095 4184 1463 4250 deducerent,
1523 4184 1668 4254 quod
1717 4183 1867 4239 illinc

288 4273 527 4329 habebat
553 4274 860 4340 exordium,
890 4274 971 4330 sic
999 4275 1081 4330 eis
1109 4284 1164 4330 et
1185 4275 1301 4346 ipse
1322 4275 1552 4330 obscura
1584 4276 1752 4331 verba
1779 4275 1863 4331 dio

286 4365 467 4430 cebat,
495 4374 550 4420 et
576 4365 846 4421 difficilem
874 4382 1098 4423 suorum
1123 4367 1437 4439 dogmatum
1464 4367 1695 4423 faciebat
1716 4382 1864 4423 com-

286 4457 736 4527 prehensionem.
779 4457 886 4513 Sed
921 4461 1034 4530 jam
1064 4475 1187 4530 qua:
1212 4469 1515 4530 sequuntur
1536 4476 1793 4532 agnosce.

1982 638 2355 707 praedicabant
2390 657 2402 692 ε
2437 639 2578 704 Quid
2607 642 2881 710 faciemus,
2935 645 3058 714 quia
3089 646 3173 698 hic
3209 646 3360 699 homo
3390 646 3560 699 multa
3610 682 3613 683 ν

1981 728 2131 799 signa
2175 729 2350 794 facit?
2376 725 2433 782 Si
2464 729 2756 783 omittimus
2795 746 2913 784 eum
2941 734 3042 798 sic,
3077 735 3281 787 venient
3312 733 3559 797 Romani,
3608 770 3609 777 η

1981 830 2029 874 et
2074 818 2255 873 tollent
2289 830 2523 873 nostrum
2552 830 2601 874 et
2628 820 2800 876 locum
2838 832 2885 877 et
2919 833 3122 894 gentem
3161 824 3228 879 “.
3264 826 3406 897 Ergo
3447 842 3561 882 non

1982 912 2108 981 quia
2143 911 2243 982 legi
2277 917 2372 965 aut
2397 912 2684 981 prophetis
2714 914 2987 968 contraria
3018 914 3273 982 docebat,
3307 932 3430 971 nam
3469 917 3557 972 ni-

1981 1002 2084 1056 mis
2112 999 2194 1056 eis
2210 1016 2449 1056 consona
2475 1001 2680 1066 docuit,
2705 1004 2799 1058 sed
2827 1003 2911 1058 sui
2931 1006 3134 1063 amoris
3150 1022 3335 1072 causa,
3365 1009 3559 1078 suique

1979 1108 2141 1147 causa
2186 1094 2435 1163 negotii,
2487 1095 2838 1150 sermonibus
2886 1097 3006 1166 ejus
3041 1114 3159 1153 non
3207 1101 3555 1156 obedicbant.

1979 1183 2094 1240 Hoc
2118 1200 2247 1257 ergo
2278 1186 2511 1255 perculsi
2534 1187 2746 1254 morbo,
2779 1190 2967 1244 oculos
3009 1205 3138 1245 suos
3170 1192 3553 1258 conﬁciebant,

1978 1285 2031 1332 et
2059 1277 2270 1332 animas
2298 1278 2727 1345 consumebant,
2770 1296 2882 1334 non
2932 1283 3110 1336 solum
3139 1284 3555 1340 exardescentes

1979 1368 2184 1435 furore,
2212 1377 2267 1423 et
2304 1368 2504 1423 invidia
2540 1371 2815 1440 corrupti,
2850 1373 2947 1427 sed
2993 1383 3054 1428 ut
3083 1375 3254 1429 semel
3293 1375 3554 1431 inﬁrmati

1979 1469 2182 1526 mente,
2231 1469 2285 1515 et
2310 1461 2666 1531 cogitationes
2700 1477 2812 1516 non
2842 1462 3006 1520 nimis
3041 1480 3203 1520 sanas
3231 1466 3298 1520 ad
3354 1467 3556 1522 disrre—

1981 1537 2184 1608 tionem
2215 1550 2483 1606 factorum
2541 1552 2880 1609 dictorumve
2920 1556 3186 1611 habentes
3215 1597 3231 1622 ,
3260 1555 3447 1611 verbis
3499 1565 3556 1611 et

1979 1647 2257 1702 miraculis
2282 1687 2297 1712 ,
2353 1647 2643 1702 interiores
2675 1663 2803 1705 suos
2834 1650 3023 1705 oculos
3056 1651 3443 1715 conﬁciebant,
3500 1660 3556 1706 et

1978 1739 2215 1792 animam
2257 1738 2689 1805 consumebant,
2730 1738 2805 1794 ita
2850 1747 2911 1794 ut
2939 1740 3005 1795 ad
3042 1757 3168 1795 eum
3199 1741 3501 1795 clamarent
3536 1758 3551 1795 :

1984 1830 2254 1900 Usquequo
2284 1831 2522 1884 animam
2551 1841 2785 1885 nostram
2819 1831 2998 1885 tollis?
3036 1831 3094 1887 Si
3128 1841 3184 1886 tu
3215 1849 3267 1885 es
3296 1831 3552 1899 Christus,
3605 1821 3608 1824 ’

1977 1924 2062 1977 die
2091 1923 2237 1976 nobis
2273 1922 2458 1992 palam
2482 1921 2552 1976 ⁸⁸.
2596 1920 2751 1988 Quod
2784 1923 2973 1993 utique
2997 1922 3191 1977 anima:
3220 1921 3556 1977 inﬁdelitatis

1977 2013 2379 2083 consumptioni
2429 2013 2779 2083 subjacentes
2824 2022 3002 2068 erant.
3056 2011 3164 2068 Sed
3212 2021 3268 2067 et
3312 2010 3555 2067 Joannes

1978 2105 2093 2158 haec
2121 2102 2191 2158 de
2229 2102 2310 2158 eis
2352 2102 2481 2157 dicit
2514 2119 2526 2154 :
2560 2101 2856 2172 Pr0pterea
2889 2117 3000 2155 non
3029 2108 3281 2170 poterant
3306 2098 3552 2154 credere.

1976 2196 2079 2263 Qui
2111 2211 2300 2251 rursus
2346 2194 2479 2249 dicit
2520 2193 2684 2249 Isaias
2710 2212 2723 2247 :
2750 2192 2903 2248 Caeca
2951 2210 3040 2247 cor
3082 2191 3264 2262 populi
3292 2192 3472 2261 hujus,
3505 2200 3555 2245 et

1978 2303 2133 2341 aures
2162 2286 2275 2355 ejus
2312 2301 2543 2357 aggrava
2567 2325 2583 2351 ,
2626 2301 2688 2339 ne
2717 2284 2929 2356 quando
2976 2282 3140 2337 oculis
3172 2283 3282 2337 suis
3319 2283 3552 2349 videant,

1976 2388 2026 2431 et
2065 2377 2280 2430 auribus
2329 2375 2587 2441 audiant,
2629 2384 2678 2429 et
2711 2376 2866 2428 corde
2903 2374 3201 2444 intelligant
3230 2373 3296 2427 '°.
3337 2372 3551 2438 Cernis,

1975 2469 2101 2539 quia
2130 2467 2586 2538 quemadmodum
2630 2465 2881 2522 fecerunt
2926 2466 3052 2537 ipsi,
3099 2466 3179 2520 sic
3209 2473 3265 2520 et
3303 2464 3554 2520 Christus

1976 2561 2057 2616 eis
2093 2560 2242 2617 fecit.
2283 2559 2420 2626 Quia
2465 2559 2613 2615 enim
2659 2559 2779 2630 ejus
2813 2558 3029 2613 irritum
3078 2557 3260 2615 facere
3306 2565 3550 2628 pactum,

1978 2650 2094 2706 sive
2130 2658 2514 2705 testamentum
2546 2649 2899 2715 studuerunt,
2951 2658 3099 2705 recte
3131 2664 3323 2704 eorum
3365 2648 3554 2702 oculos

1975 2750 2032 2798 et
2059 2757 2153 2798 cor
2184 2741 2497 2807 excaecavil,
2515 2748 2569 2796 et
2584 2740 2833 2795 ardorem
2859 2739 2974 2795 sive
3004 2740 3218 2810 ἴκτερον
3251 2736 3552 2793 conﬁcien-

1977 2843 2088 2888 tem
2120 2831 2310 2887 oeulos
2338 2846 2550 2896 eorum,
2583 2838 2635 2884 et
2662 2830 2873 2885 animas
2897 2836 3312 2885 consumentem
3341 2828 3423 2883 eis
3453 2828 3554 2883 de-
3648 2894 3655 2900 ,

1975 2917 2075 2974 dit.
2124 2915 2229 2972 Sed
2257 2916 2392 2987 quid
2426 2918 2492 2972 iis
2520 2917 2764 2972 addidit?

2047 3009 2269 3064 Frustra
2300 3017 2581 3063 sementem
2607 3011 2813 3074 seretis,
2845 3026 2962 3081 quae
2983 3011 3049 3064 ab
3073 3011 3303 3065 hostibus
3329 3011 3553 3064 devora-

1977 3099 2138 3152 bitur.
2181 3096 2405 3153 Frustra
2438 3099 2583 3153 enim
2624 3098 2731 3155 illis
2761 3101 3151 3170 prophetarum
3183 3111 3239 3156 et
3267 3101 3401 3173 lc‘gis
3424 3115 3552 3172 pro-

1977 3187 2161 3242 ferunt
2199 3187 2407 3243 semina
2435 3229 2451 3254 ,
2496 3197 2551 3243 et
2584 3190 2891 3246 doctorales
2934 3191 3085 3246 illinc
3120 3192 3395 3247 seminam
3431 3206 3552 3247 ser-

1973 3293 2190 3344 mones,
2239 3294 2348 3333 non
2382 3279 2647 3334 habentes
2683 3288 2880 3335 terram
2910 3279 3146 3335 fertilem
3198 3280 3264 3335 ad
3291 3279 3553 3351 intelligi-

1971 3368 2163 3423 bilium
2193 3366 2509 3437 dogmatum
2544 3368 2779 3422 fructum
2811 3386 2825 3422 :
2858 3368 3002 3422 unde
3049 3383 3153 3423 nec
3185 3367 3309 3423 cibo
3357 3380 3549 3421 eorum

1972 3459 2252 3525 fruuntur,
2286 3460 2378 3515 scd
2408 3459 2674 3515 devorant
2707 3474 2770 3514 ea
2800 3457 3094 3514 adversarii
3128 3473 3320 3513 eorum
3366 3456 3457 3527 qui
3494 3455 3550 3509 in

1971 3552 2190 3607 Christo
2237 3552 2490 3617 credunt,
2518 3567 2657 3621 quos
2690 3551 2791 3622 ipsi
2832 3551 2936 3606 sibi
2965 3567 3063 3621 per
3090 3549 3467 3605 inﬁdelitatem
3495 3556 3551 3602 et

1971 3645 2234 3699 invidiam
2270 3644 2577 3699 contrarios
2611 3643 2878 3701 fecerunt.

2041 3733 2109 3788 Et
2144 3751 2338 3804 ponam
2368 3736 2560 3805 faciem
2595 3751 2769 3789 meam
2819 3742 3002 3787 contra
3058 3749 3167 3787 vos.
3232 3729 3547 3785 Secundum

1969 3825 2347 3897 propheticum
2398 3825 2544 3879 illam
2596 3840 2831 3880 vocem:
2878 3823 3064 3877 Vultus
3118 3832 3298 3876 autent
3334 3820 3546 3874 Domini

1968 3934 2126 3988 super
2150 3918 2401 3989 facientes
2428 3915 2571 3970 mala
2593 3957 2608 3981 ,
2638 3926 2694 3969 ut
2726 3916 2912 3984 perdat
2955 3914 3019 3967 de
3051 3923 3199 3967 terra
3237 3911 3545 3965 memoriam

1969 4024 2149 4063 eorum
2171 4007 2241 4062 "’.

2039 4101 2108 4156 Et
2134 4100 2388 4155 corruetis
2416 4114 2592 4152 coram
2616 4097 2847 4151 hostibus
2885 4095 3088 4149 vestris.
3118 4093 3359 4148 Gentiles
3374 4091 3543 4151 enim,

1968 4208 2110 4264 quos
2132 4190 2384 4247 inimicos
2417 4190 2516 4246 sibi
2553 4189 2825 4259 judicent,
2874 4203 3058 4244 coram
3090 4187 3170 4241 eis
3219 4184 3455 4244 cadunt,
3490 4183 3543 4236 in

1969 4283 2144 4340 salute
2175 4297 2366 4337 eorum
2397 4280 2764 4336 oﬁ'cndentes.
2805 4279 2960 4335 Unde
2996 4277 3352 4350 Symmachus
3376 4317 3391 4341 ,
3444 4290 3546 4346 pro

1910 4398 1927 4415 ι
1969 4376 2183 4440 cadetis,
2227 4373 2497 4443 oﬂ’endetis
2522 4413 2537 4436 ,
2587 4372 2681 4436 ait,
2714 4380 2836 4426 ante
2872 4371 3113 4426 inimicos
3148 4379 3360 4425 vestros.
3404 4365 3543 4432 Quid

1968 4480 2149 4524 autem
2180 4466 2327 4521 aliud
2365 4465 2615 4520 addidit?
2646 4464 3028 4535 Persequentur
3060 4478 3168 4526 vos,
3196 4461 3312 4514 odio
3344 4459 3541 4512 haben-

359 4547 428 4602 Et
462 4548 653 4602 ardore
684 4548 774 4619 qui
799 4549 1038 4619 conﬁciat
1069 4549 1242 4603 oculos
1264 4559 1476 4604 vestros.
1502 4550 1626 4605 Sive
1662 4565 1860 4604 secun-
1895 4550 1937 4604 D
1966 4574 2039 4618 ιεε
2068 4579 2177 4627 vos,
2204 4571 2253 4616 ει
2286 4561 2495 4633 fugietis
2523 4558 2667 4612 nullo
2690 4565 3047 4627 persequente.

286 4639 418 4694 dum
452 4640 843 4711 Septuaginta:
872 4639 1136 4705 Scabiem,
1172 4650 1221 4696 et
1245 4642 1480 4695 morbum
1509 4643 1706 4712 regium
1740 4658 1863 4695 con-

285 4742 548 4787 sumentes
576 4731 748 4785 oculos
767 4743 979 4797 vestros,
1008 4732 1297 4801 obﬁrmabo
1329 4748 1486 4801 super
1506 4749 1612 4786 vos.
1638 4730 1862 4787 Scabies

287 4834 473 4880 autem
502 4824 726 4879 morbus
754 4833 837 4879 est
864 4824 1134 4893 corporis,
1168 4824 1262 4878 sed
1285 4823 1629 4890 manifestus,
1671 4823 1725 4877 in
1766 4841 1861 4879 su-

285 4915 512 4987 perﬁcie
539 4916 722 4971 carnis
755 4925 809 4969 et
833 4916 985 4970 corio
1009 4915 1129 4987 ejus
1163 4915 1481 4971 decurrens:
1516 4915 1737 4971 Morbus
1764 4931 1863 4971 au-

284 5018 396 5063 tem
422 5006 622 5079 regius,
644 5007 696 5061 id
718 5015 822 5072 est,
843 5006 1076 5077 ῐκτερος,
1100 5005 1161 5061 ﬁt
1185 5006 1405 5077 quidem
1429 5023 1494 5062 ex
1516 5007 1859 5063 accensione.

285 5097 610 5168 Manifestus
642 5107 824 5153 autem
867 5099 960 5154 hic
986 5106 1093 5166 est,
1127 5099 1183 5154 in
1241 5099 1532 5170 superﬁcie
1577 5099 1757 5156 carnis
1808 5109 1865 5155 et

283 5190 444 5262 pellis
477 5191 795 5256 decurrens,
853 5200 909 5246 et
962 5192 1135 5247 multo
1180 5192 1353 5262 magis
1381 5192 1555 5247 oculis
1596 5192 1858 5247 insidens.

282 5282 483 5338 Latere
511 5292 694 5338 autem
730 5283 1043 5339 morborum
1072 5292 1265 5339 neuter
1293 5292 1494 5354 potest.
1521 5282 1680 5340 Tales
1709 5294 1865 5341 erant

280 5374 589 5429 animarum
639 5373 991 5430 Judaicarum
1032 5377 1247 5443 morbi,
1298 5377 1572 5432 manifesti
1604 5386 1661 5433 et
1707 5377 1858 5445 mali,

229 5490 235 5495 -
281 5479 339 5524 ct
368 5480 711 5535 nequaquam
752 5466 892 5520 ultra
921 5466 1173 5523 latentes.
1212 5468 1557 5524 Emulantes
1576 5470 1722 5524 enim
1752 5470 1859 5524 Do-

280 5560 418 5617 mini
460 5562 716 5618 verba-et
774 5562 1077 5632 miracula,
1130 5579 1242 5618 non
1284 5564 1394 5635 jam
1456 5565 1675 5621 morbos
1728 5580 1857 5621 suos

356 5759 405 5793 "
435 5761 598 5819 Marc.
626 5780 718 5827 νη.
752 5764 838 5819 Η.

1357 5924 1402 5932 ὀ-

275 5822 326 5853 ..
356 5760 718 5853 ἲὶθιεξῖειᾱειο
752 5764 880 5853 1.!
916 5764 963 5853 7'.
987 5760 1179 5853 dettl:-
1210 5765 1612 5853 §5"".?~’:;...'.'
1634 5764 1806 5853 θιίετιι-
1835 5784 1869 5853 .‘1

1978 5770 2006 5821 ς.
2078 5766 2124 5799 ⁸³
2154 5765 2401 5835 Joan.vr,
2437 5765 2527 5823 61.

362 5835 469 5889 ιω.
498 5849 571 5904 vt,
608 5836 692 5890 ω.
766 5838 809 5868 ⁸⁷
840 5836 981 5892 P51}.
1014 5837 1288 5899 xxxm,l7.
1352 5837 1411 5914 .33
1449 5834 1681 5908 Philipp.
1724 5852 1802 5904 nt,
1835 5837 1914 5894 Ν.

2039 4653 2137 4710 Hic
2164 4651 2570 4725 quodammodo
2600 4648 2934 4705 contrarium
2962 4660 3085 4701 esse
3130 4642 3349 4700 videtur
3395 4641 3539 4723 quod

1966 4748 2187 4803 dicitur.
2228 4746 2283 4800 Si
2317 4744 2461 4800 enim
2490 4742 2559 4797 ab
2589 4740 2841 4796 hostibus
2861 4738 3298 4810 persecutionem
3324 4735 3539 4806 patiun-

1968 4850 2077 4904 tur,
2104 4835 2378 4908 quomodo
2394 4834 2546 4889 nullo
2569 4839 2934 4902 persequente
2963 4828 3223 4900 fugiunt?
3254 4824 3384 4892 Sed,
3411 4840 3538 4896 per-

1965 4938 2266 5000 sequentur
2300 4941 2398 4981 vos
2421 4967 2437 4992 ,
2480 4940 2591 4979 non
2623 4923 2691 4978 ad
2724 4921 3110 4993 expellendum
3138 4917 3419 4989 legislator
3448 4929 3537 4968 ac-

1964 5017 2111 5089 cepit
2140 5034 2154 5072 :
2190 5016 2289 5071 sed
2325 5014 2453 5085 quia
2481 5011 2754 5069 currendo
2800 5010 3171 5075 imminerent,
3205 5008 3269 5062 ad
3310 5005 3534 5061 salutem

1965 5123 2153 5163 eorum
2187 5105 2531 5161 festinantes.
2563 5103 2741 5169 Unde,
2773 5108 3172 5173 persequentur
3194 5113 3308 5163 vos,
3340 5094 3402 5149 In
3429 5109 3528 5147 ser-

1964 5201 2180 5255 uitutem
2212 5196 2443 5269 redigent
2471 5212 2579 5259 vos,
2598 5193 2987 5265 Symmachus;
3014 5190 3280 5245 Erudiunt
3314 5202 3346 5239 a
3376 5185 3537 5248 vol-is,

1965 5288 2305 5346 Theodotion
2338 5288 2531 5345 edidit.
2571 5286 2758 5341 Talem
2782 5285 2941 5341 nobis
2974 5291 3030 5339 et
3058 5280 3259 5336 Paulus
3278 5293 3537 5350 persecu-

1967 5379 2170 5435 tionem
2207 5378 2545 5433 demonstrat
2574 5395 2587 5430 :
2620 5373 2827 5446 Sequar
2867 5384 3046 5427 autent
3071 5412 3087 5437 ,
3126 5371 3173 5425 si
3205 5369 3542 5439 comprehcn-

1965 5471 2110 5536 dam,
2144 5470 2199 5522 in
2228 5485 2329 5539 quo
2360 5477 2409 5522 et
2431 5468 2827 5536 comprehensus
2849 5462 3049 5524 sum“.
3081 5461 3283 5519 Gentes
3303 5476 3452 5531 ergo,
3483 5472 3539 5514 et

1964 5558 2290 5617 sicutDavid
2305 5559 2372 5615 de
2402 5557 2625 5626 Iudaeis,
2641 5558 2832 5614 dicunt
2850 5573 2864 5611 :
2884 5551 3075 5611 Nonne
3101 5552 3193 5625 qui
3218 5561 3267 5607 te
3292 5553 3537 5618 oderunt,

2608 5762 2653 5798 ⁸³
2680 5761 2813 5823 Luc.
2849 5776 2910 5835 η,
2936 5758 3021 5818 Π.
3087 5760 3133 5795 ⁸⁸
3161 5759 3316 5816 Joan.
3355 5772 3411 5825 ι,
3440 5754 3534 5819 ΞΗ.
