3988 6222
495 383 638 455 1147

1685 389 2050 458 HESYCHII
2086 398 2562 460 PRESBYTERI
3586 398 3692 465 Illis

492 505 654 569 Deus,
696 507 904 559 oderam
952 502 1069 557 illos
1097 499 1182 557 "?
1217 499 1602 560 Verumtamen
1653 522 1843 562 eorum
1904 510 2070 563 instat
2098 517 2142 569 Α
2173 513 2337 565 totius
2368 510 2658 583 praesentis
2686 507 2809 564 vitae
2837 506 3011 577 ﬁgura
3038 516 3142 570 est,
3174 516 3230 562 et
3256 507 3461 579 signum
3486 522 3575 577 est,
3595 528 3691 583 qua

489 597 680 661 saluti,
704 595 1036 664 festinatque
1071 604 1127 649 et
1155 603 1296 663 orat,
1328 596 1432 651 scit
1455 597 1599 650 enim
1627 594 1762 661 Quia
1785 600 2071 665 assumptio

490 703 694 752 earum,
714 686 852 743 sicut
877 687 950 740 ait
972 685 1195 752 Paulus,
1230 690 1335 743 vita
1364 697 1439 741 est
1470 704 1533 741 ea:
1567 689 1806 755 mortuis,
1831 698 1878 742 et
1909 689 2074 758 pleni-

492 777 616 829 tudo
645 791 848 843 eorum,
880 777 1032 832 salus
1064 779 1246 831 mundi
1270 779 1336 831 δθ.
1372 777 1435 830 lli
1460 785 1641 831 autem
1679 778 1896 849 fugiunt
1924 778 2074 834 nullo

491 876 877 936 persequente.
920 868 1037 923 Non
1063 868 1207 922 enim
1274 868 1735 938 quemadmodum
1769 869 1844 922 illi
1874 878 2077 923 nostrae

491 959 650 1013 saluti
684 959 950 1026 invident,
970 959 1050 1014 sic
1076 970 1130 1013 et
1156 975 1257 1013 nos
1281 959 1521 1019 illorum.
1543 960 1685 1015 unde
1714 976 1807 1015 eos
1831 975 1933 1015 nec
1956 976 2078 1029 pcr-

490 1048 806 1119 sequimur,
842 1065 945 1104 nec
992 1065 1119 1105 cum
1171 1065 1271 1103 nos
1323 1058 1681 1115 aversantur,
1734 1066 2073 1116 aversantur,

491 1139 589 1195 sed
639 1140 932 1210 implemns
993 1141 1137 1210 quod
1196 1140 1365 1194 lsaias
1398 1141 1665 1211 propheta
1694 1141 1830 1195 dixit
1860 1159 1872 1194 :
1906 1142 2077 1196 Dicite

493 1232 791 1285 odientibus
827 1248 915 1285 vos
947 1232 1198 1301 fratribus
1227 1233 1431 1297 vestris,
1464 1242 1511 1284 et
1541 1233 1984 1297 abominantibus,
2019 1244 2075 1288 ut

495 1334 678 1371 nomen
702 1320 915 1373 Domini
941 1319 1283 1391 glori/icetur,
1303 1330 1351 1373 et
1376 1322 1615 1375 videatur
1645 1323 1701 1375 in
1724 1322 2077 1378 exsultatione

495 1425 696 1476 eorum,
727 1420 775 1463 et
807 1410 887 1463 illi
914 1411 1219 1465 erubescant
1243 1413 1311 1466 “.

572 1499 734 1555 Vens.
765 1501 945 1556 18-26.
978 1522 993 1553 ι
1014 1503 1107 1557 Sin
1128 1511 1309 1557 autem
1336 1518 1439 1558 nec
1472 1503 1550 1558 sic
1579 1504 1891 1561 olledieritis
1920 1507 2085 1573 mibi,

494 1591 689 1645 addam
714 1591 1091 1662 correptiones
1122 1602 1332 1647 vestras
1358 1594 1667 1663 septuplum
1698 1606 1921 1666 propter
1948 1613 2079 1667 pec-

494 1690 615 1737 cata
656 1693 859 1749 vestra,
886 1691 941 1738 et
971 1692 1252 1739 conteram
1286 1684 1540 1739 duritiam
1574 1685 1843 1753 superbia:
1864 1698 2076 1753 vestrae,

494 1773 746 1843 daboque
771 1776 970 1830 coelum
999 1775 1154 1830 vobis
1180 1775 1436 1845 desuper,
1470 1777 1611 1829 sicut
1641 1776 1868 1841 ferrum,
1898 1785 1953 1831 et
1980 1788 2082 1832 ter-

2176 614 2272 667 per
2301 597 2674 669 septenarium
2710 612 2998 652 numerum
3030 596 3288 650 volvitur.
3316 595 3508 667 thuia
3522 612 3698 669 septem

2174 688 2254 743 eis
2288 688 2665 758 correptiones
2696 689 2813 744 sive
2857 688 3127 743 vindictas
3164 687 3251 741 vel
3295 688 3470 759 plagas
3508 689 3693 757 inferre,

2175 780 2544 834 oumimodam
2571 795 2810 849 pinnam,
2845 779 3188 849 etintegram
3221 778 3521 842 vindictam,
3544 790 3697 850 utpote

2175 886 2285 925 non
2318 871 2547 926 venialia
2578 886 2682 926 nec
2713 870 3038 940 paenitentia
3068 870 3236 940 digna
3261 871 3591 938 peccantibus
3617 872 3696 926 mi-

2175 972 2338 1017 natus
2373 970 2476 1027 est,
2509 963 2582 1017 ita
2617 970 2675 1016 ut
2708 964 2870 1016 linem
2903 962 2960 1016 in
2990 962 3071 1016 eis
3121 960 3252 1014 illud
3303 961 3560 1030 acciperet
3597 978 3717 1031 pro--

2177 1053 2453 1123 placticum
2482 1052 2762 1122 eloquium
2797 1069 2810 1105 :
2842 1050 2980 1116 Quid
3036 1051 3281 1121 cogitatis
3328 1060 3502 1105 contra
3557 1051 3699 1107 Docti.

2178 1159 2303 1197 num
2324 1143 2405 1197 ⁸³2
2425 1142 2965 1198 Consummationem
2988 1143 3106 1213 ipse
3122 1142 3303 1208 faciet,
3327 1156 3433 1196 non
3458 1154 3700 1213 consurget
3768 1182 3773 1187 ι

2178 1234 2380 1304 duplex
2410 1234 2708 1299 tribulatio,
2732 1235 2860 1303 quia
2887 1234 3030 1289 sicut
3057 1233 3232 1303 spina:
3259 1248 3318 1287 se
3346 1233 3562 1288 invicem
3579 1248 3700 1288 com-

2178 1327 2510 1397 plectuntur,
2536 1327 2616 1381 sic
2637 1326 2947 1381 convivium
2966 1325 3182 1380 illorum
3207 1324 3410 1394 pariter
3426 1326 3700 1393 palantium,

2178 1425 2574 1472 consumuntur
2604 1416 2761 1487 quasi
2813 1416 3013 1487 stipula
3058 1415 3315 1469 ariditate
3353 1416 3525 1484 plena.
3565 1413 3629 1468 Ex
3662 1424 3703 1469 te

2179 1503 2370 1569 exibit,
2401 1504 2648 1574 cogitans
2677 1513 2868 1559 contra
2913 1503 3204 1558 Dominum
3238 1502 3494 1556 malitiam
3518 1541 3533 1566 ,
3559 1511 3705 1556 mente

2179 1603 2521 1664 pertractans
2552 1595 3082 1665 praevaricationem.
3118 1593 3164 1647 Λ
3191 1609 3301 1664 quo
3330 1602 3509 1649 autem
3537 1593 3705 1663 cogita-

2182 1686 2257 1740 tio
2282 1698 2470 1741 contra
2508 1688 2798 1742 Dominum
2835 1702 3055 1759 egressa
3086 1698 3191 1750 est,
3222 1686 3365 1740 mala
3397 1686 3642 1757 cogitans,
3665 1693 3707 1739 et

2182 1778 2454 1832 contraria
2493 1780 2784 1849 praeceptis
2824 1780 2961 1849 ejus.
3014 1778 3122 1834 nisi
3167 1779 3373 1849 populo
3398 1776 3707 1832 Iudaeorum?

495 1880 608 1919 ram
644 1881 875 1921 amcam.
916 1866 1286 1921 Consumetur
1333 1867 1608 1921 incassum
1668 1867 1820 1922 labor
1874 1877 2077 1923 vester.
2111 1860 2154 1915 Β
2181 1869 2249 1924 de
2280 1886 2390 1939 quo
2418 1870 2586 1926 Isaias
2625 1872 2876 1931 dicebat:
2915 1871 2999 1925 Va:
3029 1870 3168 1935 illis,
3200 1871 3329 1940 quia
3367 1868 3710 1923 consiliumco-

492 1955 611 2011 Non
642 1957 885 2027 proferet
920 1966 1063 2012 terra
1098 1974 1342 2029 germen,
1368 1973 1471 2013 nec
1497 1960 1723 2014 arbores
1745 1976 1902 2030 poma
1936 1977 2076 2031 prte-

494 2048 722 2104 bebunt.
761 2048 815 2103 Si
849 2050 1259 2122 anibulavcritis
1294 2065 1362 2104 ex
1401 2050 1632 2105 adverso
1669 2052 1823 2119 mihi,
1852 2069 1954 2108 nec
1982 2070 2078 2108 vo-

495 2137 707 2195 lueritis
758 2140 950 2193 audire
1001 2156 1123 2208 me,
1180 2139 1376 2194 addam
1428 2140 1615 2210 plagas
1657 2150 1869 2196 vestras
1904 2158 2078 2211 usque

496 2231 804 2301 sepluplum
850 2240 1073 2302 propter
1118 2240 1339 2302 peccata
1375 2241 1552 2288 vestra
1588 2250 1602 2286 :
1635 2234 1989 2305 emittamque
2021 2236 2075 2289 in

496 2335 593 2374 vos
624 2322 794 2375 malas
819 2321 1025 2378 bestias
1075 2321 1209 2392 agri,
1243 2336 1364 2389 quae
1412 2330 1737 2376 consumant
1773 2330 1828 2375 et
1877 2337 1974 2376 vos
2023 2330 2079 2377 et

496 2426 694 2482 pecora
729 2423 907 2466 vestra
933 2453 948 2478 ,
1007 2420 1060 2466 et
1100 2412 1165 2466 ad
1200 2413 1529 2482 paucitatem
1571 2420 1763 2466 cuneta
1810 2414 2074 2482 redigant,

497 2504 680 2576 desert
695 2520 835 2574 eque
864 2504 996 2558 fiant
1029 2504 1131 2558 viae
1154 2515 1371 2559 vestrm.
1402 2501 1556 2569 Quod
1583 2504 1627 2557 si
1661 2520 1761 2559 nec
1791 2503 1869 2559 sic
1898 2506 2078 2559 voluc-

498 2596 624 2653 ritis
660 2597 907 2665 recipere
930 2595 1296 2664 disciplinam,
1332 2596 1426 2649 sed
1451 2595 1861 2649 ambulaveritis
1891 2611 1956 2650 ex
1984 2596 2081 2650 ad-

502 2703 662 2742 verso
695 2687 825 2740 mihi
848 2726 862 2751 ,
913 2701 1012 2756 ego
1050 2701 1267 2755 quoque
1298 2696 1484 2738 contra
1512 2700 1608 2739 vos
1642 2685 1903 2740 adversus
1934 2685 2080 2740 ince-

502 2776 647 2840 dam,
673 2785 727 2829 (ιι
748 2776 1046 2844 percutiam
1065 2792 1160 2829 vos
1180 2775 1382 2844 septies
1402 2783 1622 2844 propter
1637 2785 1858 2844 peccata
1879 2786 2079 2840 vestra,

503 2866 867 2935 inducamque
892 2881 1057 2937 super
1079 2880 1176 2920 vos
1196 2866 1433 2936 gladium
1460 2865 1696 2920 ultorem
1715 2864 1936 2921 foederis
1950 2867 2078 2921 mei.

502 2957 750 3028 Cumque
787 2956 1141 3027 confugeritis
1169 2957 1236 3011 ad
1276 2957 1459 3022 urbes,
1485 2956 1696 3010 mittam
1719 2957 2079 3026 pestilentiam

503 3046 560 3101 in
594 3048 772 3101 medio
809 3046 971 3100 vestri
1001 3088 1015 3113 ,
1075 3056 1132 3101 et
1164 3045 1456 3101 trademini
1495 3046 1737 3101 hostium
1792 3048 2083 3102 manibus:

506 3147 795 3208 postquam
821 3137 1145 3209 conlregero
1182 3138 1435 3192 baculum
1467 3139 1625 3207 panis
1660 3138 1864 3204 vestri,
1918 3139 1987 3193 ita
2025 3150 2086 3195 ut

501 3229 693 3284 decem
730 3230 993 3283 mulieres
1020 3231 1074 3283 in
1100 3229 1316 3284 clibano
1347 3241 1585 3298 coquent
1617 3244 1785 3299 panes
1809 3270 1824 3294 ,
1860 3239 1917 3285 et
1954 3230 2080 3283 red-

503 3319 637 3374 dent
685 3334 780 3374 eos
831 3319 898 3373 ad
932 3319 1166 3388 pondus,
1199 3326 1255 3372 et
1302 3319 1603 3374 comedetis
1631 3360 1645 3385 ,
1704 3329 1759 3375 et
1791 3336 1901 3375 non
1931 3329 2081 3376 satu-

504 3409 782 3463 rabimini.
825 3428 842 3460 ι

575 3498 800 3554 Talibus
869 3499 1319 3554 distinctionibus
1376 3515 1486 3553 non
1540 3499 1739 3555 frustra
1807 3501 2083 3571 legislutor

511 3606 640 3646 usus
681 3600 783 3655 est,
809 3606 935 3644 nam
964 3607 1112 3647 nunc
1144 3592 1365 3661 quidem
1402 3594 1480 3646 ait
1514 3610 1525 3647 :
1567 3591 1662 3647 Sin
1691 3602 1866 3647 autent
1892 3611 1982 3648 nec
2009 3596 2084 3648 sic

500 3683 805 3739 obedieritis
831 3683 981 3736 mihi.
1038 3682 1242 3737 Deinde
1293 3684 1554 3755 quasdam
1585 3685 1960 3753 correptiones
1989 3685 2085 3738 de-

500 3786 806 3827 :tumerans
836 3772 1113 3828 subinl'crt
1146 3791 1159 3827 :
1188 3770 1249 3827 Si
1305 3773 1705 3827 ambularet-itis
1752 3791 1816 3827 ea;
1868 3778 2082 3829 adverso

502 3862 654 3916 mihi.
701 3863 767 3916 Et
796 3878 986 3916 rursus
1015 3863 1148 3916 alias
1167 3863 1351 3934 plagas
1382 3879 1681 3932 exponens,
1715 3863 1903 3917 addit:
1935 3863 2095 3928 Quod

505 3952 551 4004 si
579 3967 670 4004 nec
689 3952 956 4006 volueritis
984 3953 1209 4023 recipere
1251 3955 1585 4022 disciplinam
1606 3994 1621 4021 ,
1648 3955 1739 4009 sed
1772 3954 2080 4009 ambulave-

508 4040 626 4093 ritis
653 4057 717 4094 ea:
740 4042 959 4094 adverso
997 4042 1144 4096 mihi.

580 4131 687 4188 Sed
740 4134 862 4188 ideo
883 4175 897 4199 ,
950 4142 1009 4188 ut
1039 4134 1276 4188 diximus
1300 4177 1314 4200 ,
1363 4135 1449 4189 bis
1474 4135 1919 4195 distinctionibus
1951 4158 2081 4198 usus

506 4233 630 4291 est,
683 4225 809 4295 quia
841 4226 1157 4295 frequenter
1184 4226 1439 4281 Christus
1485 4229 1766 4298 suscipere
1814 4222 2081 4302 populum

503 4314 821 4371 Iudaeorum
848 4315 1035 4382 voluit,
1068 4316 1143 4369 illi
1184 4325 1365 4370 autem
1401 4334 1509 4371 non
1539 4319 1887 4386 obcdiebant,
1926 4322 1998 4376 ita
2028 4329 2090 4376 ut

508 4407 578 4460 ad
609 4421 704 4461 eos
730 4405 989 4459 clamaret
1021 4423 1032 4456 :
1067 4403 1383 4470 Jerusalem,
1412 4404 1727 4472 Jerusalem,
1755 4423 1870 4477 qua:
1897 4407 2089 4463 occidis

2172 1958 2339 2028 gitant
2369 1959 2565 2011 malum
2589 2000 2603 2020 ,
2654 1969 2840 2013 contra
2873 1960 3172 2026 semetipsos
3213 1961 3442 2013 dicentes
3471 1976 3485 2011 :
3515 1958 3710 2011 Circum-

2176 2048 2450 2102 veniamus
2470 2049 2677 2118 justum
2711 2069 2725 2104 :
2763 2051 2891 2120 quia
2919 2050 3125 2104 inutilis
3154 2059 3231 2104 est
3259 2050 3407 2104 nobis
3436 2050 3499 2103 ’⁸.
3525 2049 3713 2103 Fructus

2180 2154 2309 2209 ergo
2335 2139 2584 2193 laborum
2616 2155 2839 2196 suorum
2892 2142 3328 2197 manducabunt.
3362 2140 3575 2196 Intende
3598 2138 3713 2193 enim

2179 2226 2426 2281 Ordinem
2498 2243 2608 2298 quo
2681 2228 2852 2284 utitur
2910 2229 3189 2298 legislator
3253 2231 3322 2283 ad
3384 2228 3713 2284 comminatio-

2148 2358 2157 2365 ι
2181 2333 2332 2372 nem.

2251 2407 2350 2463 Sin
2380 2418 2554 2463 autem
2590 2426 2680 2463 nec
2708 2410 2785 2463 sic
2824 2410 3119 2470 obedieritis
3165 2411 3315 2472 mihi,
3359 2412 3546 2465 addam
3577 2424 3714 2462 corre-

2181 2504 2381 2572 ptiones
2437 2513 2633 2559 vestras
2676 2505 2973 2575 septuplum
3032 2515 3244 2575 propter
3303 2514 3511 2574 peccata
3561 2513 3716 2557 vestra.

2182 2591 2533 2664 Septuaginta
2602 2603 2782 2654 autem
2862 2593 3153 2648 ediderunt
3189 2612 3202 2646 :
3237 2592 3293 2647 Si
3342 2610 3498 2663 usque
3563 2591 3622 2645 ad
3648 2588 3719 2642 tu

2185 2700 2287 2737 non
2327 2685 2606 2738 audieritis
2646 2701 2726 2738 me
2754 2702 2767 2737 :
2796 2699 2969 2753 usque
2997 2685 3066 2739 ad
3112 2684 3216 2738 hoc
3234 2685 3383 2754 quod
3416 2680 3719 2753 piat-cedentis

2182 2775 2561 2840 ostenderunt,
2597 2775 2687 2829 ubi
2713 2784 3011 2843 egestatem
3040 2775 3407 2843 ardoremque
3429 2774 3576 2829 dixit.
3621 2769 3722 2838 Qut

2182 2867 2454 2937 quomodo
2498 2874 2746 2937 oporteat
2776 2867 2971 2937 accipi,
3015 2867 3069 2920 in
3118 2868 3555 2936 praecedentibus
3593 2876 3723 2933 espo-

2184 2958 2416 3015 suimus.
2446 2957 2503 3012 Si
2544 2974 2672 3033 ergo
2701 2973 2871 3029 usque
2902 2959 2969 3013 ad
3010 2959 3114 3014 hoc
3144 2959 3522 3013 inobedientes
3545 2953 3723 3021 fuerint,

2188 3060 2248 3105 ut
2278 3066 2381 3105 ncc
2410 3067 2476 3105 ex
2508 3050 2615 3117 his,
2645 3066 2767 3120 qua:
2794 3033 2936 3105 dicta
2969 3061 3119 3114 sunt,
3153 3050 3534 3111 emendentur,
3566 3045 3723 3115 septies

2192 3142 2311 3196 illos
2342 3142 2478 3197 dixit
2500 3143 2723 3213 corripi,
2746 3142 2798 3196 id
2822 3153 2924 3206 est,
2959 3142 3252 3211 perfectam
3288 3142 3663 3211 correptionem
3684 3136 3726 3189 in

2184 3230 2419 3298 peccatis
2462 3246 2653 3289 eorum
2681 3232 2924 3286 evenire.
2954 3230 3162 3296 Quibus
3201 3241 3409 3295 autem,
3450 3245 3554 3284 non
3601 3226 3722 3288 dicit,

2184 3328 2244 3372 ut
2293 3334 2482 3373 eorum
2537 3329 2759 3390 peccata
2794 3320 2897 3374 hoc
2958 3320 3097 3389 ipso,
3143 3319 3290 3389 quod
3328 3336 3441 3374 non
3495 3314 3725 3373 emendati

2183 3417 2330 3476 sunt,
2353 3426 2418 3465 ex
2441 3411 2716 3479 praedictis
2741 3410 3123 3480 intelligamus.
3154 3411 3220 3464 Et
3246 3411 3381 3479 quid
3406 3410 3601 3465 adlidit
3631 3408 3651 3459 ‘t

2256 3499 2325 3553 Et
2358 3511 2626 3555 conteram
2647 3501 2900 3555 duritiam
2917 3502 3172 3570 superbia:
3199 3510 3406 3555 vestra’.
3434 3499 3544 3555 Non
3574 3497 3727 3553 volue-

2185 3600 2316 3647 runt
2365 3608 2483 3647 eam
2526 3592 2729 3646 Christi
2782 3593 3091 3648 libertatem
3138 3592 3439 3661 suscipere,
3492 3590 3728 3646 dicentes:

2184 3683 2370 3739 Semen
2404 3684 2623 3738 Abralue
2652 3701 2854 3748 sumus,
2877 3695 2925 3738 et
2948 3684 3078 3737 nulli
3108 3685 3420 3738 seruiuimus
3454 3696 3664 3752 unquam
3678 3677 3727 3728 ’³.

2188 3775 2340 3830 lianc
2370 3791 2558 3830 eorum
2608 3775 2865 3830 duritiam
2909 3776 3180 3845 superbiae
3239 3775 3519 3841 contrivit,
3567 3768 3731 3825 servire

2185 3882 2280 3921 eos
2308 3866 2560 3936 gentibus
2577 3865 2803 3920 faciens.
2832 3864 2981 3919 Dabo
3008 3865 3195 3918 cielum
3214 3866 3358 3918 vobis
3382 3873 3591 3931 desuper
3617 3861 3729 3913 sicut

2193 3961 2416 4029 ferrum.
2446 3958 2660 4012 Nullam
2685 3973 2813 4028 ergo
2832 3974 2895 4011 ex
2926 3973 2993 4011 eo
3015 3957 3389 4011 visitationem
3416 3956 3618 4025 penitus
3637 3957 3734 4004 sunt

2189 4049 2396 4118 adepti.
2436 4047 2503 4102 Et
2533 4057 2728 4102 terram
2757 4064 2980 4103 niueam.
3017 4048 3184 4101 Terra
3214 4047 3367 4101 enim
3408 4046 3595 4101 divinae
3619 4042 3733 4096 Sert-

2161 4150 2382 4210 -pturae,
2426 4156 2589 4209 quam
2626 4140 2934 4209 possident,
2993 4137 3335 4195 infructuosa
3380 4139 3462 4192 eis
3493 4146 3601 4200 est;
3639 4148 3734 4187 cum

2188 4246 2300 4285 non
2343 4232 2410 4284 ab
2460 4232 2539 4285 eis
2585 4230 2901 4301 intelligitur
2951 4246 3059 4299 quo
3097 4237 3354 4298 oporteat
3407 4228 3591 4290 modo,
3622 4225 3733 4277 illaut

2189 4335 2395 4374 aeneam
2446 4334 2567 4374 esse
2610 4319 2760 4374 dicit.
2803 4319 2885 4374 Ad
2922 4319 3083 4389 cujus
3136 4319 3213 4373 rei
3253 4318 3624 4374 ostensionem
3665 4312 3738 4367 ad-

2192 4410 2329 4466 didit
2361 4427 2375 4463 :

510 4499 810 4565 prop/tetas,
836 4507 884 4550 et
911 4497 1121 4567 lepidas
1145 4512 1229 4549 eos
1255 4494 1344 4566 qui
1368 4496 1436 4548 ad
1466 4505 1515 4548 te
1539 4496 1681 4549 missi
1701 4507 1821 4550 sunt
1845 4513 1863 4552 .'
1884 4500 2085 4568 quoties
2121 4528 2163 4582 ι)
2261 4501 2607 4558 Consumetur
2650 4501 2913 4553 incassum
2963 4497 3112 4553 labor
3154 4509 3343 4555 vester.
3387 4499 3561 4555 Labor
3594 4491 3729 4551 enim.

512 4587 656 4642 uolui
693 4604 1009 4659 congregare
1045 4586 1182 4657 ﬁlios
1214 4598 1358 4653 tuos,
1402 4587 1537 4639 sicut
1573 4587 1772 4656 gallina
1806 4602 2086 4661 congregat

511 4679 684 4749 pullos
708 4696 826 4734 suos
859 4680 951 4733 sub
1000 4669 1117 4732 alas
1149 4695 1294 4743 suos,
1332 4687 1379 4731 et
1411 4677 1630 4731 noluisti
1659 4679 1702 4709 "
1729 4678 1751 4732 ?
1789 4680 1918 4734 Illud
1961 4697 2089 4751 ergo

513 4771 749 4826 maxime
776 4771 830 4824 in
865 4771 970 4839 his,
1025 4786 1147 4840 quae
1177 4770 1321 4824 dicta
1353 4779 1501 4833 sunt,
1544 4764 1912 4831 atlendanius.
1965 4772 2088 4841 quia

512 4876 640 4916 cum
675 4870 884 4931 septem
917 4861 1291 4931 correptiones
1344 4862 1709 4915 comminatus
1761 4861 1961 4929 fuerit,
2014 4864 2092 4917 sic

514 4968 608 5007 eas
634 4953 879 5007 subdidit
913 4969 927 5005 ε
956 4951 1355 5007 Contritionem
1389 4966 1518 5022 ergo
1547 4952 1763 5007 duritia:
1801 4955 2091 5023 superbim,

514 5053 573 5099 et
593 5043 868 5099 dationem
892 5044 1013 5098 caeli
1045 5042 1232 5108 ferrei,
1260 5053 1315 5098 et
1344 5056 1503 5098 teme
1524 5060 1711 5111 tenete,
1733 5053 1789 5099 et
1823 5045 2095 5101 incassum

513 5150 706 5191 eorum
738 5134 989 5203 consumi
1029 5133 1268 5188 laborem
1294 5174 1309 5198 ,
1356 5143 1406 5187 et
1465 5142 1662 5188 terram
1705 5152 1815 5190 non
1850 5136 2097 5206 proferre

517 5242 765 5298 germen,
806 5243 907 5283 nec
935 5227 1159 5281 arbores
1203 5240 1360 5296 poma
1406 5226 1652 5295 praebere
1707 5228 1946 5283 minatus
1991 5238 2096 5283 cst.

521 5318 649 5375 llaec
682 5327 865 5374 autem
894 5335 989 5374 sex
1011 5328 1160 5384 sunt,
1191 5334 1301 5372 non
1333 5327 1543 5387 septem
1572 5335 1585 5372 :
1612 5319 1713 5373 hoc
1746 5320 1886 5375 idem
1914 5331 2097 5375 autem

523 5411 792 5476 invenies,
825 5421 881 5466 et
901 5411 1140 5480 reliquas
1166 5410 1543 5479 correptiones
1575 5426 1919 5481 percurrens.
1959 5413 2099 5483 Ergo

525 5519 621 5572 per
646 5504 750 5559 hcc
774 5504 1121 5559 manifestum
1145 5513 1227 5558 est
1252 5521 1265 5554 :
1292 5503 1419 5574 quia
1450 5504 1792 5574 septenarius
1817 5519 2099 5571 numerus,

602 5725 645 5754 εν
681 5724 819 5782 l‘sal.
862 5745 1125 5791 cxxxvm,
1153 5731 1242 5787 2|.

1345 5734 1389 5765 ⁸ο
1423 5731 1579 5787 itont.
1629 5748 1702 5797 xt,
1731 5732 1797 5787 15
1828 5742 1884 5788 et
1917 5732 1997 5785 l2.

547 5798 567 5828 ⁸
613 5794 737 5869 Sap.
778 5814 837 5869 ll,
877 5801 960 5855 ιε.

1040 5801 1085 5833 ’³
1114 5801 1271 5858 Joan.
1311 5820 1425 5870 \'lll,
1452 5803 1539 5859 55.

2110 5734 2152 5765 ’⁸
2180 5731 2284 5787 lsa.
2313 5748 2453 5795 LXVI,
2486 5732 2535 5784 5.

1617 5804 1662 5836 9°
1691 5801 1892 5875 I’bilip.
1929 5819 2009 5871 Ill,
2050 5802 2131 5857 l9.

2191 4611 2352 4665 quem
2385 4594 2439 4647 in
2473 4593 2672 4648 divinis
2698 4590 2992 4661 Scripturis
3022 4593 3343 4657 ostendunt,
3407 4589 3741 4648 incumbentes

2196 4685 2470 4742 traditioni
2521 4687 2734 4750 litterae,
2762 4685 3034 4739 incassum
3067 4685 3434 4749 consumitur,
3491 4682 3576 4752 qui
3620 4677 3742 4748 plene

2196 4795 2305 4834 non
2327 4788 2552 4848 possunt
2577 4779 2692 4848 lege
2715 4776 3014 4831 secundum
3040 4775 3273 4830 litteram
3303 4777 3408 4837 uti,
3444 4776 3613 4829 ablato
3634 4770 3739 4826 loro.

2200 4872 2252 4925 in
2279 4885 2386 4940 quo
2409 4870 2599 4924 littera
2613 4885 2831 4924 omnem
2850 4867 3093 4922 divinum
3120 4867 3326 4922 cultum
3347 4866 3481 4936 legis
3502 4855 3742 4919 conclusit.

2202 4961 2374 5015 Nimis
2402 4960 2546 5014 enim
2570 4958 2827 5013 convenit
2851 4957 2997 5027 quod
3029 4959 3276 5026 sequitur
3302 4976 3314 5010 :
3351 4957 3473 5011 Non
3507 4952 3639 5008 dabit
3664 4960 3743 4999 ter-

2204 5069 2265 5106 ra
2327 5066 2537 5120 germen
2596 5065 2771 5110 suum,
2827 5064 2919 5100 nec
2970 5047 3182 5101 arbores
3243 5063 3405 5115 poma
3457 5039 3739 5112 prtrbebunt.

2204 5142 2390 5212 Neque
2429 5142 2576 5196 enim
2617 5139 2858 5194 exterior
2889 5154 3077 5193 eorum
3118 5139 3301 5204 homo,
3343 5139 3439 5208 qui
3488 5132 3746 5205 appellatur

2209 5213 2374 5294 terra,
2411 5230 2719 5296 fructiﬁeat,
2753 5229 2881 5299 quia
2912 5230 2980 5282 in
3009 5230 3380 5300 gastrimargia
3413 5229 3616 5286 vivunt.
3637 5217 3747 5277 etde

2206 5319 2285 5375 eis
2339 5320 2541 5374 dictum
2584 5330 2704 5374 est:
2759 5317 2993 5382 Quorum
3053 5318 3192 5372 Deus
3222 5331 3421 5381 venter,
3459 5327 3507 5372 et
3530 5314 3679 5385 gloria
3707 5308 3745 5357 ἔτι

2208 5412 2507 5482 confusione
2532 5428 2711 5466 eorum
2728 5412 2794 5466 ⁸⁸⁸.
2819 5409 2924 5466 Sed
2958 5426 3059 5465 nec
3100 5421 3328 5472 mentes,
3371 5426 3494 5482 quae
3515 5413 3630 5463 sunt
3661 5395 3745 5468 agri

2211 5505 2375 5577 ligna,
2412 5504 2554 5559 sicut
2588 5504 2806 5559 insertae
2833 5502 3055 5573 quidem
3084 5502 3294 5572 corpori
3330 5522 3345 5557 :
3384 5503 3481 5557 sed
3516 5500 3749 5553 tamenet)

2653 5733 2697 5762 θ’
2734 5728 2927 5783 Matth.
2955 5744 3107 5795 χχιιι,
3150 5728 3237 5782 37.
3315 5725 3364 5756 9’
3394 5722 3618 5777 Nullum.
3642 5707 3742 5779 1,9-
