3962 6220
345 413 481 481 1140

1488 428 1573 492 ΙΝ
1612 430 2049 494 LEVITICUM.
2070 457 2135 469 -
2158 429 2304 495 LIB.
2324 432 2453 493 VII.

3452 428 3587 497 1156

341 525 672 581 excelsiores
685 526 894 586 fructus
920 530 1028 587 Deo
1059 534 1305 603 prabent
1325 537 1469 606 quod
1492 540 1796 609 geminare
1815 555 1918 594 nos
1946 546 1990 601 Α
2021 541 2093 594 ris
2151 539 2467 610 sapientiam
2528 539 2850 608 obstupesce
2875 578 2890 605 ,
2945 541 3218 609 Quomodo
3284 552 3589 612 opportuna

343 614 399 671 in
432 616 632 687 pietate
659 619 794 674 vult.

395 707 455 762 St
475 708 870 766 ambulaueritis
886 729 950 767 ea:
970 714 1186 768 adverso
1212 716 1355 771 mihi.
1378 716 1565 787 Neque
1595 720 1740 772 enim
1773 727 1922 774 recto

346 798 511 855 corde
557 800 622 854 ad
656 799 823 856 Deum
877 803 1155 859 incedunt.
1215 807 1539 865 Pervertunt
1596 811 1743 865 enim
1803 812 1922 879 ejus

346 890 513 954 viam,
568 890 702 962 legis
727 902 783 946 et
826 894 1217 963 prophetarum
1265 913 1459 954 sensus
1522 901 1921 966 subvertentes,

344 990 405 1035 ut
431 996 585 1036 suam
616 982 1037 1039 inobedientiarn
1087 1002 1180 1056 per
1207 988 1311 1045 hoc
1338 999 1498 1060 atque
1524 993 1922 1062 praevaricatio-

345 1087 470 1124 nem
529 1074 793 1131 colerent.
828 1075 1056 1146 Propter
1111 1081 1256 1148 quod
1303 1080 1470 1136 infert
1498 1100 1510 1135 :
1543 1082 1652 1136 Nec
1674 1084 1719 1136 si
1746 1084 1924 1138 uolue-

346 1160 466 1214 ritis
492 1162 682 1216 audire
713 1179 813 1224 me,
842 1166 1038 1219 addam
1070 1168 1211 1222 uobis
1240 1169 1428 1240 plagas
1451 1182 1649 1226 vestras
1670 1190 1829 1242 usque
1853 1175 1924 1227 ad

345 1253 643 1323 septuplum
668 1267 880 1325 propter
900 1268 1115 1327 peccata
1143 1270 1333 1314 castra.
1360 1261 1478 1315 Non
1494 1261 1606 1331 jam
1627 1263 1923 1332 correptio-

347 1357 473 1409 nos,
516 1344 612 1399 sed
664 1347 865 1416 plagas,
919 1350 1232 1404 validiorem
1282 1367 1426 1405 nunc
1455 1366 1670 1421 poenam
1720 1368 1923 1422 praece-

312 1503 320 1511 .
357 1436 531 1502 denti,
569 1445 624 1490 et
663 1439 923 1507 aequalem
963 1456 1150 1495 eorum
1194 1441 1573 1511 iniquitatibus
1621 1458 1921 1512 exponens,

346 1539 513 1595 quam
550 1526 712 1581 hanc.

417 1617 777 1689 Emittantque
799 1619 852 1673 in
873 1636 960 1673 vos
1004 1620 1177 1675 malas
1215 1622 1404 1676 bestius
1432 1623 1571 1694 agri,
1599 1639 1716 1693 qua
1737 1638 1926 1676 constt»

348 1716 497 1761 ruant
537 1723 626 1762 vos
655 1718 701 1762 et
741 1725 928 1779 pecora
951 1720 1145 1777 vestra,
1176 1722 1226 1765 et
1266 1714 1336 1766 ad
1378 1713 1696 1781 paucitatem
1736 1723 1924 1766 cuncta

349 1799 617 1871 redigant,
675 1800 993 1872 desertaeque
1037 1803 1168 1871 ﬂant
1199 1805 1296 1857 vite
1338 1814 1539 1859 vestrm.
1588 1802 1725 1869 Quia
1773 1805 1918 1859 enim

2024 633 2211 688 subdit
2234 649 2249 685 :

2091 742 2327 814 Cumque
2378 742 2616 814 fugeritis
2673 743 2742 796 ad
2776 745 2944 809 urbes,
2994 746 3201 798 mittam
3237 745 3589 814 pestilentiam

2022 835 2077 887 in
2130 835 2300 890 medio
2349 835 2528 889 vestri.
2578 833 2943 904 lntelligibiles
2987 834 3252 897 civitates,
3309 836 3593 905 prophem

2022 935 2170 978 sunt.
2211 923 2559 977 Manifestum
2601 931 2684 976 est
2713 931 2893 975 autem
2927 937 2995 976 ex
3027 924 3225 993 quibus
3260 925 3402 979 Deus
3439 925 3592 980 Jure-

2023 1014 2146 1069 mite
2186 1014 2401 1071 dicebat
2447 1032 2460 1067 :
2500 1014 2612 1085 Ego
2663 1015 2855 1084 quippe
2898 1015 3017 1068 dedi
3052 1023 3101 1067 te
3142 1014 3292 1068 hodie
3328 1017 3592 1071 civitatem

2023 1105 2284 1157 munitam
2299 1106 2365 1158 ”.
2384 1104 2845 1171 Quemadmodum
2865 1120 2993 1174 ergo
3007 1105 3060 1157 in
3086 1104 3335 1158 civitates
3352 1116 3593 1162 muratos

2020 1193 2111 1263 qui
2144 1192 2301 1264 fugit,
2320 1194 2364 1246 si
2396 1191 2603 1246 amicus
2628 1202 2711 1245 est
2740 1192 2997 1254 salvatur,
3023 1192 3070 1245 si
3108 1200 3290 1246 autem
3319 1194 3591 1260 inimicus,

2021 1280 2235 1335 facilius
2286 1279 2569 1349 perimitur
2606 1278 2659 1334 in
2683 1294 2873 1333 earum
2930 1279 3138 1337 ambitu
3178 1281 3543 1336 circumdatus
3578 1299 3591 1335 :

2021 1371 2102 1427 sic
2138 1372 2193 1425 in
2229 1369 2568 1441 propheticis
2606 1369 2780 1434 libris,
2819 1378 2875 1424 et
2918 1370 2974 1423 in
3024 1385 3213 1424 eorum
3253 1371 3596 1437 testimoniis,

2021 1462 2182 1517 amici
2235 1462 2362 1516 ﬁdei
2394 1459 2776 1530 confugientes
2830 1461 3195 1516 munitionem
3265 1462 3601 1531 salutemque
3658 1518 3663 1521 .

2024 1553 2328 1617 inveniunt,
2378 1552 2582 1606 inimici
2629 1561 2813 1607 autem
2859 1561 2916 1605 et
2956 1551 3202 1606 inﬁdeles
3248 1552 3357 1606 cito
3402 1553 3599 1622 captivi

2026 1652 2276 1715 pereunt.
2309 1643 2538 1712 Propter
2563 1641 2727 1711 quod,
2750 1643 2970 1711 quando
3000 1641 3066 1695 ad
3099 1642 3402 1711 prophetas
3428 1642 3597 1696 Judaei

2027 1736 2260 1805 fugiunt,
2306 1734 2645 1790 declinantes
2689 1748 2812 1787 eum
2864 1733 2955 1802 qui
3007 1734 3170 1788 estin
3219 1734 3395 1787 doctis
3442 1733 3597 1797 viris,

2029 1827 2329 1895 Spiritalem
2366 1826 2623 1896 gladium,
2665 1823 3032 1895 pestilentiam
3071 1824 3148 1877 ait
3194 1839 3252 1879 se
3298 1825 3512 1878 mittere
3544 1823 3597 1875 in

346 1893 669 1961 ‘em‘ipsos
704 1908 734 1946 ³
775 1892 870 1947 Dei
918 1894 1003 1948 Via
1052 1895 1384 1963 ΓθΡυῙθΓυηιν
1434 1905 1581 1949 "me
1622 1910 1786 1965 super
1831 1907 1924 1950 ⁰⁰⁵
1957 1892 1995 1943 θ
2024 1892 2206 1973 medio
2256 1892 2468 1973 eorum.
2517 1917 2638 1971 Illic
2666 1892 2838 1973 enim
2869 1916 3196 1979 moriuntur,
3255 1915 3417 1968 etiam
3451 1914 3600 1967 nullo

347 1981 535 2037 bestia:
575 1983 710 2054 agri,
761 1983 1035 2040 daemones
1072 1984 1461 2051 immittuntur,
1515 1986 1786 2041 dominari
1841 1985 1921 2038 eis

346 2072 622 2143 permissi,
676 2073 769 2143 qui
828 2089 922 2129 eos
949 2084 1004 2130 et
1051 2085 1398 2131 consumunt.
1453 2075 1722 2146 Quidquid
1773 2074 1921 2129 enim

347 2164 843 2234 videnturjustitite
863 2180 1045 2236 agere,
1073 2167 1216 2221 Deus
1246 2167 1347 2222 sibi
1376 2183 1481 2221 non
1509 2168 1753 2237 imputat,
1778 2165 1923 2235 quod

345 2251 691 2308 demonstrat
716 2251 915 2307 Paulus
938 2252 1127 2308 dicens
1165 2271 1178 2307 :
1216 2254 1486 2309 Justitiam
1503 2272 1656 2308 suam
1684 2270 1924 2325 qumren-

347 2355 423 2400 tes
464 2346 796 2410 constituere,
834 2346 1063 2415 justitiae
1107 2347 1203 2401 Dei
1236 2363 1337 2401 non
1365 2358 1485 2401 sunt
1514 2345 1735 2415 subjecti
1757 2346 1823 2399 ".
1857 2346 1925 2399 Et

347 2452 535 2492 rursus
583 2436 810 2491 :lsrael
866 2448 1044 2493 autem
1094 2439 1340 2492 sectanda
1389 2438 1555 2507 legem
1596 2438 1840 2507 justitire,
1868 2438 1923 2489 in

347 2524 508 2594 legem
538 2525 766 2596 justitia:
803 2542 909 2580 non
945 2528 1177 2595 peruenit
1209 2527 1275 2581 ⁸⁸.
1313 2525 1544 2580 Necesse
1575 2536 1658 2581 est
1685 2541 1834 2596 ergo,
1867 2535 1924 2580 ut

353 2628 471 2672 cum
491 2618 782 2672 comedant
807 2618 1103 2680 dtemones,
1132 2618 1223 2687 qui
1262 2634 1450 2672 eorum
1486 2633 1702 2688 pecora,
1735 2619 1786 2672 id
1817 2626 1923 2683 est,

348 2709 637 2777 pecoribus
668 2709 874 2764 similes
915 2710 1185 2772 homines,
1216 2724 1442 2779 pravum
1474 2709 1728 2763 videlicet
1756 2725 1927 2778 popu—

352 2799 465 2855 lum
511 2810 674 2870 atque
702 2801 1013 2878 imperitum
1047 2808 1399 2864 consumunt,
1440 2799 1707 2869 siquidem
1740 2801 1926 2855 nullus

347 2900 435 2948 est
476 2892 534 2947 in
579 2892 688 2949 illis
726 2892 1058 2957 intellectus,
1102 2893 1237 2947 nihil
1289 2893 1380 2947 Dei
1430 2893 1650 2947 servitio
1704 2892 1926 2964 dignum

348 2984 587 3057 cogitare
617 2993 1047 3047 consueverunt,
1065 2985 1160 3039 sed
1185 2986 1328 3040 sicut
1352 2985 1595 3054 iumenta
1626 2985 1680 3039 in
1707 2988 1927 3042 modum

351 3076 495 3131 freni
548 3075 730 3132 stultis
791 3076 1206 3145 praepositorum
1253 3091 1475 3131 suorum
1540 3076 1929 3133 traditionibus

354 3168 652 3232 ducuntur,
686 3176 909 3237 prepter
943 3168 1087 3236 quod
1120 3175 1248 3222 sunt
1276 3166 1586 3223 daemonum
1613 3168 1741 3235 cibi,
1772 3178 1829 3224 et
1862 3171 1929 3224 ad

352 3259 677 3329 paucitatem
726 3258 1069 3327 rediguntur,
1105 3267 1217 3312 tam
1261 3258 1615 3314 multitudine
1645 3276 1808 3330 quam
1843 3262 1926 3316 di-

353 3349 578 3420 gnitate.
601 3348 945 3418 Dcsertmque
965 3365 1150 3404 eorum
1173 3351 1310 3406 fiunt
1329 3349 1446 3418 viae,
1471 3367 1592 3420 quae
1613 3366 1716 3405 nec
1737 3368 1929 3423 aquam

356 3442 562 3496 habent
593 3441 738 3506 vitaz,
771 3457 873 3496 nec
896 3443 1324 3513 susceptionem,
1356 3444 1472 3498 sive
1508 3445 1930 3513 hospitalitatem

353 3532 765 3603 intelligibilem,
832 3549 933 3588 nec
1011 3535 1378 3603 producentes
1429 3550 1490 3588 se
1521 3536 1607 3590 vel
1657 3537 1811 3605 quasi
1856 3537 1924 3592 ad

356 3638 576 3678 manum
601 3623 965 3689 “deducentes,
996 3631 1090 3675 aut
1119 3626 1511 3678 custodientes.

431 3712 582 3775 Quod
612 3712 657 3765 si
689 3728 782 3764 nec
807 3714 882 3765 sic
910 3713 1178 3765 volueritis
1207 3715 1435 3781 recipere
1458 3714 1813 3783 disciplinam,
1845 3718 1934 3770 sed

355 3801 749 3854 ambulaveritis
780 3817 844 3855 ea:
872 3802 1090 3855 adverso
1124 3803 1269 3868 mihi,
1289 3820 1382 3871 ego
1407 3821 1609 3873 quoque
1636 3817 1816 3859 contra
1846 3823 1932 3860 vos

356 3891 607 3944 adversus
639 3890 900 3945 incedam.
943 3890 1185 3945 Adversa
1215 3907 1375 3961 poena
1404 3901 1546 3955 utar,
1578 3895 1934 3963 quemadmo-

357 3978 488 4031 dum
513 3977 739 4033 adversa
776 3987 861 4033 est
881 3979 982 4049 legi
1008 3987 1189 4033 vestra
1213 3978 1615 4049 praevaricatio:
1638 3995 1762 4034 cum
1786 3980 1933 4035 enim

356 4070 607 4125 meditari
668 4086 788 4125 eam
842 4069 1157 4135 videamini,
1224 4070 1590 4125 intentiOnem
1645 4070 1763 4138 ejus
1823 4086 1933 4125 non

357 4162 606 4226 servatis,
643 4162 721 4216 sic
749 4173 803 4216 et
836 4177 936 4233 ego
984 4163 1269 4221 adversam
1315 4161 1470 4216 vobis
1512 4162 1934 4231 superinducam

357 4268 598 4322 poenam,
627 4269 735 4306 non
761 4269 857 4307 vos
883 4253 1182 4322 corripiens
1220 4254 1346 4317 illis,
1376 4253 1572 4322 quibus
1604 4246 1936 4322 ﬂagellabam
2004 4292 2007 4293 ν

358 4346 530 4415 prius,
555 4346 777 4416 quando
804 4344 1111 4399 mortiferas
1136 4353 1418 4414 serpentes
1446 4352 1499 4397 et
1518 4343 1850 4405 incendium,
1883 4354 1940 4397 et

358 4444 518 4491 terra:
549 4437 749 4501 hiatus,
786 4445 841 4488 et
888 4435 1086 4489 similia
1127 4451 1290 4505 super
1314 4450 1411 4489 vos
1447 4435 1789 4496 inducebam,
1842 4434 1938 4488 sed

357 4522 513 4576 alias.
569 4523 700 4588 Quae
755 4532 884 4577 sunt
935 4533 1115 4578 autem
1180 4524 1287 4587 hac,
1356 4525 1638 4593 sequentia
1692 4524 1934 4594 legentes

358 4614 615 4670 sciemus.

452 4705 519 4758 Et
550 4707 841 4774 percutiam
870 4721 958 4759 vos
1000 4707 1189 4773 septies
1226 4715 1435 4775 propter
1469 4715 1684 4774 peccata
1731 4716 1930 4762 vestra.

359 4793 520 4850 Prius
547 4796 861 4865 corripiam,
883 4795 1080 4850 deinde
1108 4796 1430 4865 percutiam.
1464 4795 1766 4849 Procedens
1788 4798 1936 4850 enim

361 4902 546 4957 paena,
582 4896 773 4957 utpote
801 4897 990 4943 contra
1024 4887 1423 4949 inohedientes,
1461 4888 1653 4941 fortior
1679 4886 1930 4942 efficitur.

360 4978 725 5049 Indueamque
754 4996 912 5048 super
944 4995 1032 5033 vos
1058 4979 1297 5049 gladium
1337 4979 1555 5031 ultorem
1574 4980 1780 5050 [aderis
1814 4979 1937 5035 mei.

359 5068 583 5125 Gladius
623 5070 851 5139 spiritus
899 5069 1026 5140 quia
1074 5070 1304 5123 verbum
1348 5069 1443 5123 Dei
1492 5070 1582 5134 sit,
1632 5069 1947 5138 frequenter

364 5161 625 5217 diximus.
663 5161 778 5217 Hoc
804 5150 1030 5217 verbum
1060 5160 1115 5214 in
1137 5160 1336 5231 linguis
1370 5160 1626 5214 Ecdesize
1662 5159 1947 5228 magistro-

364 5270 512 5319 rum,
569 5255 811 5310 vindicat
850 5255 1117 5325 judicium
1170 5252 1413 5316 hederis,
1463 5253 1578 5306 sive
1633 5253 1943 5307 testamenti

362 5349 682 5420 evangelici.
728 5348 1016 5404 Convincit
1060 5347 1205 5401 enim
1245 5360 1340 5399 eos
1386 5343 1477 5413 qui
1524 5358 1725 5421 novum
1755 5353 1942 5398 trans-

364 5441 709 5513 grediuntur,
736 5455 839 5495 nec
866 5448 1025 5493 vetus
1049 5436 1322 5493 custodire
1349 5449 1528 5504 posse,
1565 5444 1619 5487 et
1641 5434 1944 5489 vindicatur

370 5534 743 5605 l'lvangelium,
786 5547 911 5587 cum
961 5530 1164 5584 inimici
1216 5528 1350 5599 legis
1406 5527 1794 5587 ostenduntur,
1847 5527 1941 5596 qui

370 5622 646 5696 Evangelii
679 5625 906 5692 gratiam
931 5617 1419 5689 transgrediuntur.
1456 5613 1561 5669 Sed
1595 5623 1649 5669 et
1673 5614 1943 5684 legislato-

451 5812 667 5871 "llum.
705 5832 756 5880 χ,
787 5815 838 5869 5.
915 5812 961 5845 ’⁸
992 5810 1187 5881 Philip.
1213 5811 1358 5879 “1,6.
1434 5814 1479 5845 9’
1504 5811 1706 5867 Jercm.
1738 5825 1777 5879 ι,
1810 5810 1889 5863 l8.

2021 2019 2304 2081 arguente,
2331 2024 2441 2063 non
2462 2009 2704 2062 valentes
2727 2007 2940 2061 cunctis
2967 2006 3034 2062 de
3057 2006 3276 2061 Christo
3300 2004 3600 2075 prophetiis

2023 2099 2101 2154 sic
2121 2099 2323 2170 apertis
2355 2113 2677 2170 repugnare.

2095 2211 2161 2266 Et
2229 2211 2516 2265 tradentini
2565 2211 2788 2264 hostium
2841 2210 3084 2264 manibus
3131 2210 3267 2279 ejus.
3338 2206 3603 2265 Videlicet

2023 2300 2464 2371 intelligibilium.
2497 2299 2788 2369 Postquam
2822 2300 3133 2369 confregero
3161 2299 3403 2352 baculum
3447 2298 3603 2367 panis

2023 2393 2200 2447 vestri.
2254 2390 2500 2445 llarcscit
2572 2390 2719 2445 enim
2773 2389 2915 2458 apud
2953 2404 3047 2443 eos
3091 2389 3382 2444 dnctoralis
3426 2388 3601 2458 panis,

2024 2483 2263 2539 maxime
2313 2482 2569 2537 salutaris
2637 2500 2651 2536 :
2699 2480 2973 2550 quomodo
3030 2479 3428 2539 autem?Audi
3477 2494 3600 2548 qua:

2025 2582 2329 2646 sequuntur
2370 2566 2498 2627 :Ita
2538 2581 2595 2626 ut
2643 2572 2819 2625 decem
2872 2571 3115 2624 mulieres
3155 2571 3210 2624 in
3251 2586 3355 2623 uno
3398 2571 3604 2623 clibano

2025 2674 2251 2737 coquant
2268 2681 2449 2734 panes,
2475 2672 2523 2717 et
2550 2663 2770 2716 reddant
2789 2678 2873 2715 eos
2897 2662 2966 2716 ad
2989 2663 3211 2730 pondus,
3236 2671 3284 2716 et
3303 2661 3603 2724 comedetis,

2026 2768 2074 2813 et
2116 2775 2218 2813 non
2242 2755 2639 2818 saturabimini,
2680 2754 2828 2808 Nihil
2863 2753 3067 2808 habent
3107 2751 3304 2819 Judaei,
3336 2753 3478 2823 quod
3513 2753 3608 2807 do-

2026 2850 2261 2907 ctrinam
2316 2848 2463 2903 vires
2508 2846 2721 2901 habere
2788 2844 3065 2900 nutriendi
3120 2845 3304 2908 faciat,
3365 2844 3609 2914 exceptis

2027 2943 2216 2998 decem
2258 2938 2567 3010 praeceptis,
2615 2937 2739 3007 quia
2770 2952 2954 2991 veram
3003 2936 3394 3006 prophetarum
3438 2951 3610 3005 expo-

2030 3033 2308 3099 sitionem,
2352 3039 2541 3100 utpote
2579 3029 3004 3084 concordantem
3068 3026 3365 3083 Salvator-is
3434 3027 3609 3082 nostri

2032 3123 2424 3196 dispensationi
2471 3121 2710 3194 fugiunt.
2761 3120 2989 3189 Reliqua
3030 3128 3211 3174 autem
3241 3120 3378 3191 legis
3418 3118 3607 3176 nolunt

1956 3245 2000 3303 ε
2034 3217 2446 3287 iutelligibilitcr
2474 3214 2745 3283 accipere,
2773 3227 2877 3267 nec
2910 3210 3267 3282 spiritualiter
3298 3212 3612 3281 suscipere:

2035 3310 2127 3366 sed
2152 3308 2452 3364 secundum
2475 3306 2706 3360 litteram
2727 3304 2918 3370 solam,
2943 3304 3087 3373 quod
3110 3314 3252 3357 stare
3276 3319 3384 3358 non
3413 3311 3609 3373 potest.

2037 3403 2295 3462 Primum,
2352 3399 2478 3469 quia
2520 3399 2674 3453 locus
2725 3397 3039 3452 destructus
3092 3404 3196 3462 est,
3239 3396 3293 3449 in
3324 3411 3432 3465 quo
3457 3401 3618 3449 erant

2034 3491 2313 3556 sacrificia,
2346 3489 2828 3555 etmundationes,
2858 3496 2913 3543 et
2942 3486 3270 3553 oblationes,
3296 3497 3353 3541 et
3380 3487 3613 3555 reliqua,

2032 3598 2152 3653 qute
2173 3582 2447 3652 pertinent
2470 3580 2535 3633 ad
2560 3581 2877 3635 servitutem
2902 3579 3121 3643 litteras,
3149 3577 3351 3632 deinde
3378 3577 3543 3631 multa
3561 3576 3621 3631 in

2033 3672 2114 3727 eis
2147 3680 2321 3733 erant,
2358 3684 2472 3724 non
2524 3679 2631 3724 tam
2675 3669 2880 3731 studio,
2921 3684 3083 3737 quam
3117 3667 3227 3719 risu
3260 3666 3441 3735 digna,
3473 3665 3617 3718 sicut

2034 3776 2120 3823 ea,
2153 3776 2273 3829 quae
2302 3768 2433 3813 sunt
2466 3759 2533 3812 de
2561 3759 2710 3827 lepra
2744 3757 3036 3827 parietum,
3073 3757 3328 3817 trabium,
3358 3753 3612 3816 vestium,

2042 3862 2153 3900 non
2179 3862 2334 3900 arare
2362 3861 2487 3898 cum
2525 3845 2664 3899 bove
2702 3853 2756 3899 et
2785 3844 2960 3906 asino,
2979 3853 3034 3897 et
3068 3842 3287 3905 similia,
3320 3858 3442 3910 qua:
3472 3842 3617 3911 lega-

2035 3938 2177 3992 libus
2208 3936 2589 3991 traditionibus
2624 3936 2997 3990 continentur.
3034 3935 3229 3988 Decem
3255 3940 3436 3988 autem
3460 3949 3616 3989 man-

2036 4026 2284 4079 datorum
2327 4025 2506 4078 littera
2542 4023 2687 4077 clara
2733 4030 2835 4084 est,
2882 4022 3044 4094 digna
3089 4022 3157 4077 ad
3197 4023 3616 4079 custodienda-tt

2037 4127 2198 4186 atque
2228 4115 2588 4185 nperandum.
2616 4114 2729 4170 Nec
2753 4114 3086 4170 contrarium
3113 4124 3200 4170 est
3216 4114 3437 4169 Sabbati
3462 4130 3619 4169 man—

2038 4211 2250 4273 datum,
2295 4208 2423 4277 quia
2484 4209 2587 4262 etsi
2639 4207 2828 4262 decem
2874 4206 3144 4262 mandatis
3203 4207 3473 4261 insertum
3511 4215 3618 4271 est,

2038 4316 2149 4355 non
2200 4310 2378 4354 tamen
2419 4313 2486 4353 ex
2515 4298 2596 4353 eis
2634 4306 2737 4354 est.
2779 4295 2836 4351 Si
2870 4312 3000 4368 ergo
3036 4297 3350 4352 mandatum
3383 4296 3622 4367 speciale

2043 4407 2309 4461 ponamus
2338 4408 2351 4444 :

2118 4502 2226 4573 Ego
2255 4519 2370 4556 sum
2408 4502 2658 4555 Dominus
2691 4500 2831 4555 lleus
2853 4509 2994 4565 tuus,
3016 4500 3106 4569 qui
3129 4499 3285 4557 eduxi
3314 4508 3362 4552 te
3390 4499 3453 4551 de
3477 4506 3621 4551 terra

1968 4586 2009 4642 D
2037 4591 2276 4662 zEggpti,
2305 4595 2367 4645 de
2392 4593 2545 4645 domo
2577 4591 2844 4644 seruitutis
2868 4629 2884 4655 ,
2918 4589 3221 4658 perfectum
3244 4588 3431 4642 decem
3462 4603 3621 4642 man-

2052 4688 2302 4742 datorum
2358 4699 2648 4739 numerum
2730 4683 3089 4737 inveniemus.
3168 4680 3378 4735 Dehinc
3435 4688 3624 4748 aperte

2043 4776 2287 4847 requiem
2311 4774 2699 4845 intelligibilem
2721 4773 3011 4844 signiﬁcat,
3040 4773 3094 4827 iu
3114 4788 3217 4842 qua
3241 4771 3453 4825 nullum
3484 4787 3625 4841 opus

2044 4870 2209 4938 hujus
2230 4867 2414 4922 mundi
2441 4868 2568 4920 licet
2601 4879 2699 4920 nos
2749 4881 2929 4936 agere.
2961 4864 3088 4919 Haec
3115 4881 3244 4935 ergo
3275 4865 3387 4918 sola
3421 4879 3618 4932 panem

2045 4966 2342 5031 operantur
2379 4957 2581 5027 p0pulo
2608 4956 2942 5023 Judatorum,
2979 4956 3035 5010 in
3073 4957 3287 5010 clibano
3323 4971 3433 5009 uno
3463 4953 3619 5021 legali

2048 5050 2324 5110 videlicet,
2376 5056 2431 5103 et
2483 5048 2718 5102 reddunt
2768 5062 2863 5103 eos
2907 5048 2975 5102 ad
3019 5048 3232 5118 pondus
3282 5044 3623 5115 supradich

2050 5157 2242 5214 panes,
2283 5140 2337 5195 id
2369 5150 2474 5206 est,
2522 5141 2589 5195 ad
2623 5140 2937 5195 seusibilem
2973 5138 3389 5194 districtioncm.
3430 5135 3623 5203 Neque

2049 5249 2180 5306 ergo
2221 5234 2450 5288 dilatant
2486 5232 2791 5287 doctrinam
2835 5231 2978 5287 sicut
3020 5227 3394 5298 Evangelium,
3438 5241 3620 5295 neque

2048 5326 2307 5383 adulterii
2357 5324 2661 5380 doctrinam
2711 5322 3008 5378 ostendunt
3040 5321 3107 5374 ad
3158 5318 3486 5379 custodiam,
3520 5332 3623 5371 nec

2048 5418 2368 5490 respiciendi
2413 5416 2718 5479 mulierem,
2753 5430 2857 5469 nec
2892 5412 3191 5473 homicidii,
3237 5425 3341 5465 nec
3384 5411 3451 5463 ad
3486 5411 3621 5463 iras-

2049 5513 2305 5569 cendum.
2337 5509 2492 5565 Unde
2548 5523 2651 5562 nec
2680 5508 2951 5562 satiantur
2989 5504 3309 5559 Judaorum
3368 5501 3619 5571 panibus,

2039 5604 2130 5675 qui
2153 5618 2217 5659 ex
2247 5601 2327 5657 eis
2345 5599 2708 5663 suutnutriti,
2728 5606 2932 5653 arctam
2975 5594 3265 5667 quamdam
3288 5593 3619 5656 doctrinam,
