3988 6222
411 373 436 442 1
452 371 542 452 151

1589 376 1952 441 HESYCHII
1986 377 2456 441 PRESBYTERI

3517 375 3647 442 1152

407 505 446 545 n
473 491 655 560 liilqee
681 488 977 543 habentem
1005 488 1288 556 ubertatis,
1326 488 1692 561 spiritalisque
1712 490 1983 562 largitatis
2014 497 2060 553 Α
2086 498 2245 545 erant
2275 488 2623 559 captivitates
2657 488 2891 560 experti,
2924 490 3203 562 multaque
3234 490 3440 560 ﬂagella
3464 503 3645 561 pertu-

404 588 701 637 sumentes.

474 668 637 724 Vens.
670 670 862 727 27-45.
905 691 924 724 ‹
963 671 1056 727 Sin
1089 684 1270 727 autem
1296 689 1397 729 nec
1428 689 1524 745 per
1548 675 1663 731 haec
1694 675 1978 731 audieritis

403 776 514 827 me,
559 762 654 817 sed
704 765 1113 820 ambulaveritis
1141 774 1332 820 contra
1368 782 1478 832 me,
1507 776 1687 839 etcgo
1728 767 1977 823 incedam

403 852 697 908 adversum
718 855 883 911 vosin
912 856 1095 911 furore
1129 872 1251 912 meo
1275 859 1567 924 contrario,
1606 868 1661 913 et
1687 860 1975 930 corripiam

402 961 501 1001 vos
529 956 737 1017 septem
799 948 971 1019 plagis
1022 957 1245 1021 propter
1284 959 1503 1019 peccata
1559 961 1759 1015 vestra,
1822 954 1978 1006 itaut

403 1039 699 1094 comedatis
738 1057 956 1097 carnem
1009 1040 1240 1096 filiorum
1278 1050 1602 1109 vestrorum,
1645 1052 1699 1098 et
1744 1043 1975 1099 ﬁliarum

405 1140 727 1187 vestrarum.
772 1134 1057 1188 Destruam
1112 1134 1326 1189 excelsa
1366 1144 1539 1190 vestra
1582 1144 1639 1191 et
1685 1134 1975 1192 simulacra

403 1223 761 1294 confringant.
800 1225 1016 1281 Cadetis
1051 1227 1193 1281 inter
1233 1226 1414 1280 ruinas
1458 1228 1724 1283 idolorum
1767 1241 1976 1285 vestro-

404 1328 545 1379 rum,
592 1322 648 1368 et
685 1316 1087 1372 abominabitur
1119 1334 1216 1373 vos
1254 1318 1435 1371 anima
1468 1334 1607 1382 mea,
1653 1320 1708 1373 in
1740 1327 1972 1385 tantum,

405 1411 466 1457 ut
495 1405 659 1460 urbes
690 1417 897 1462 vestras
924 1409 1160 1477 redigam
1192 1408 1244 1462 in
1273 1408 1641 1474 solitudinem,
1678 1418 1732 1465 et
1758 1411 1974 1466 deserta

404 1493 598 1550 faciam
651 1500 959 1552 sanctuaria
1018 1508 1219 1562 vestra,
1277 1515 1381 1554 nec
1428 1500 1686 1569 recipiam
1752 1502 1973 1557 odorem

407 1584 543 1638 ultra
582 1585 985 1651 suavissimum,
1024 1586 1438 1658 dtsperdamque
1469 1598 1664 1643 terram
1713 1601 1971 1656 vestram,

403 1684 459 1730 et
487 1677 782 1746 stupebunt
809 1694 972 1747 super
995 1693 1117 1733 eam
1146 1679 1350 1741 inimici
1381 1682 1570 1746 vestri,
1601 1696 1725 1736 cum
1765 1684 1974 1739 habita-

405 1777 547 1822 tores
573 1768 714 1822 illius
744 1768 964 1823 fuerint.
986 1770 1093 1826 Vos
1121 1781 1303 1826 autem
1331 1771 1634 1843 dispergam
1664 1774 1720 1827 in
1753 1784 1969 1847 gentes,

400 1866 456 1912 ct
483 1857 778 1929 evaginabo
799 1867 923 1928 post
954 1876 1051 1915 vos
1072 1860 1332 1931 gladium,
1371 1862 1583 1931 eritque
1612 1870 1754 1918 terra
1790 1873 1970 1921 vestra

400 1947 635 2004 deserta.
679 1960 735 2001 et
780 1947 1025 2004 civitates
1060 1949 1273 2005 dirutae.
1308 1951 1473 2006 Tunc
1492 1953 1782 2022 placebunt
1816 1965 1972 2013 terra:

402 2038 625 2092 sabbata
658 2054 755 2093 sua
782 2040 994 2095 cunctis
1017 2041 1209 2095 diebus
1230 2042 1540 2097 solitudinis
1591 2059 1721 2110 suae,
1754 2047 1971 2116 quando

403 2126 612 2182 fueritis
651 2129 704 2181 in
743 2138 885 2185 terra
931 2131 1136 2186 hostili.
1186 2130 1555 2188 Sabbatizabit
1580 2143 1635 2189 et
1668 2138 1973 2205 requiescet

401 2220 456 2271 in
489 2220 724 2275 sabbatis
749 2220 1062 2276 solitudinis
1092 2238 1223 2287 sum,
1257 2238 1322 2278 eo
1344 2226 1485 2293 quod
1510 2242 1619 2279 non
1645 2228 1973 2295 requieverit

404 2309 662 2366 Sabbatis
710 2313 925 2380 vestris,
962 2313 1181 2385 quando
1221 2314 1534 2369 babitabitis
1585 2317 1640 2370 in
1670 2333 1753 2372 ea.
1788 2317 1849 2372 Et
1878 2319 1969 2388 qui

397 2401 465 2455 de
519 2403 672 2457 vobis
706 2402 1088 2467 remanserint,
1138 2403 1279 2457 dabo
1321 2420 1577 2473 pavorem
1628 2406 1682 2460 in
1717 2408 1973 2462 cordibus

398 2509 588 2547 eorum
622 2510 634 2546 :
669 2492 722 2546 in
772 2493 1084 2564 regionibus
1116 2492 1355 2547 hostium
1383 2495 1610 2550 terrebit
1642 2512 1736 2551 vos
1761 2498 1972 2551 sonitus

399 2580 511 2635 folii
545 2581 797 2645 volantis,
826 2592 881 2635 et
909 2582 980 2636 ita
1009 2581 1229 2652 fugient
1271 2586 1425 2652 quasi
1470 2585 1726 2654 gladium.
1766 2586 1972 2641 Cadent

399 2672 548 2725 nullo
591 2682 877 2739 sequente,
923 2682 978 2727 et
1011 2682 1269 2728 corruent
1312 2673 1508 2744 singuli
1550 2692 1715 2747 super
1753 2677 1967 2743 fratres,

396 2761 550 2830 quasi
570 2762 704 2816 bella
733 2761 1206 2831 fugientes.Nemo
1235 2773 1474 2820 vestrum
1495 2765 1729 2822 inimicis
1752 2767 1973 2823 audebit

398 2855 670 2909 resistere.
712 2854 962 2912 Peribitis
991 2857 1133 2911 inter
1147 2866 1356 2928 gentes.
1391 2869 1444 2914 et
1469 2861 1683 2915 hostilis
1700 2877 1795 2916 vos
1823 2870 1967 2915 terra

398 2957 703 3003 consumet.
757 2947 912 3015 Quod
966 2950 1009 3004 si
1038 2959 1092 3005 ct
1133 2950 1315 3006 dehis
1362 2952 1528 3022 aliqui
1585 2954 1965 3021 remanserint,

398 3039 678 3094 tabesccnt
713 3040 767 3093 in
797 3039 1174 3110 iniquitatibus
1203 3043 1336 3109 suis,
1365 3042 1419 3096 in
1452 3052 1590 3097 terra
1620 3044 1963 3099 inimicorum

2080 581 2278 648 lerant,
2321 580 2416 635 sed
2455 595 2519 635 ea
2545 595 2666 650 qua
2701 596 2848 636 nunc
2888 596 2985 652 per
3020 592 3207 654 partes
3230 583 3383 649 dicit,
3409 583 3479 638 ad
3500 583 3643 639 illam

2079 672 2444 742 captivitatem
2487 673 2783 743 pertinent,
2827 690 2950 744 quae
2987 685 3209 746 propter
3230 675 3647 745 iniqpitatemin

2077 762 2295 818 Christo
2325 763 2694 830 commissam,
2726 780 2754 818 a
2787 763 3047 820 Romanis
3081 766 3536 838 depopulantibus
3570 769 3652 823 eis

2076 856 2325 927 contigit.
2351 855 2648 928 Cognoscis
2673 866 2875 924 autem,
2908 858 2952 912 si
2976 859 3230 914 subtilius
3253 875 3417 914 nosse
3454 861 3539 914 vis
3562 876 3651 923 ea,

2076 961 2197 1015 qua:
2234 945 2314 1001 eis
2342 954 2667 1012 evenerunt,
2706 962 2772 1002 ex
2797 946 3020 1017 Josepbi
3066 947 3311 1013 historia,
3340 948 3398 1002 in
3423 964 3527 1019 qua
3553 964 3652 1003 eos

2076 1046 2131 1092 et
2159 1038 2297 1093 ﬁlios
2340 1039 2666 1104 comedisse,
2706 1048 2762 1093 et
2788 1038 2992 1108 reliqua
3026 1039 3377 1109 praesentium
3419 1040 3653 1095 eorumi-

2077 1128 2363 1181 nationum
2414 1128 2741 1183 sustinuisse
2791 1128 3105 1199 descripsit,
3131 1146 3363 1199 quorum
3418 1130 3654 1200 plurima

2076 1218 2238 1272 etiam
2272 1233 2420 1272 nunc
2460 1219 2662 1274 nostris
2690 1220 2756 1274 ad
2781 1220 3114 1275 cernendum
3144 1221 3391 1289 adiacent
3420 1221 3652 1277 visibus.

2077 1308 2298 1363 Deserta
2320 1323 2506 1362 eorum
2533 1318 2696 1376 terra,
2748 1310 2997 1365 civitates
3044 1309 3367 1380 deprredatae
3388 1310 3456 1364 ab
3480 1311 3655 1365 hosti-

2076 1399 2197 1466 bus,
2238 1400 2476 1455 desolata
2506 1399 2783 1469 provincia
2813 1401 3025 1470 ipsique
3065 1400 3478 1472 peregrinantes
3503 1403 3653 1472 apud

2077 1490 2325 1545 inimicos
2346 1504 2472 1544 suos
2496 1489 2744 1560 gentiles,
2775 1504 2900 1544 cum
2930 1498 3075 1544 metu
3110 1488 3393 1546 continuo.
3424 1490 3655 1546 Verum-

2078 1591 2259 1637 tamen
2302 1580 2757 1651 quemadmodum
2812 1596 2923 1635 non
2975 1581 3151 1636 solum
3193 1580 3297 1635 hoc
3342 1584 3653 1638 secundum

2076 1675 2308 1730 litteram
2331 1675 2571 1746 perpessi
2590 1683 2740 1737 sunt,
2760 1674 2851 1729 sed
2873 1673 2939 1728 ad
2968 1674 3139 1742 ipsam
3157 1673 3652 1729 considerationem

2076 1767 2318 1836 Spiritus,
2357 1767 2645 1836 dupliciter
2685 1765 2831 1820 enim
2878 1772 3188 1833 peccantes,
3222 1765 3276 1819 in
3302 1765 3435 1836 legis
3470 1774 3654 1820 trans.

2073 1856 2370 1927 gressione,
2421 1866 2477 1912 et
2517 1855 2838 1927 legislatoris
2900 1855 3258 1924 blasphemia,
3311 1855 3558 1925 duplices
3598 1867 3654 1912 et

2072 1963 2262 2018 poenas
2296 1956 2446 2003 recte
2477 1947 2776 2017 patiuntur,
2807 1945 2952 2016 quod
2981 1947 3084 2001 hoc
3114 1947 3277 2002 modo
3304 1946 3475 2002 disce.
3518 1948 3655 2003 Am-

2072 2040 2396 2094 bulaverunt
2445 2054 2568 2093 cum
2614 2038 2853 2103 Christo,
2888 2052 2955 2091 ex
3001 2037 3232 2092 adverso
3268 2038 3655 2093 subvertentes

2071 2129 2329 2184 miracula
2385 2130 2525 2198 ejus,
2559 2136 2613 2183 et
2668 2127 2737 2182 de
2784 2126 3031 2181 doctrina
3086 2127 3211 2196 ejus
3254 2127 3605 2183 detrahentes
3634 2148 3655 2182 :7

2071 2238 2197 2277 cum
2236 2237 2335 2291 per
2375 2220 2637 2275 invidiam
2698 2219 3110 2281 insidiarentur,
3177 2229 3429 2287 tanquam
3456 2228 3656 2274 contra

2076 2310 2240 2362 lieum
2287 2316 2535 2378 agentem
2580 2305 2748 2361 divini
2796 2305 3001 2360 amoris
3044 2304 3329 2360 Doctorem
3383 2305 3655 2362 fallaciter

2071 2398 2405 2454 asserebant.
2451 2398 2558 2453 Sed
2598 2407 2652 2452 ct
2685 2397 2801 2467 ipse
2844 2397 2899 2450 in
2939 2396 3020 2451 ira
3062 2398 3144 2452 eis
3172 2412 3239 2451 ex
3283 2398 3514 2453 adverso
3544 2399 3653 2454 hoc

2072 2488 2232 2542 modo
2263 2503 2395 2544 usus
2446 2497 2530 2542 est
2570 2507 2583 2542 :
2618 2489 2742 2557 quia
2774 2488 2920 2542 enim
2949 2487 3216 2558 judicium
3248 2488 3373 2551 fuit,
3398 2499 3455 2544 et
3485 2506 3657 2559 paena.

2072 2579 2375 2634 commissae
2411 2578 2465 2632 in
2493 2594 2558 2634 eo
2590 2578 2890 2648 iniquitatis
2928 2579 3237 2651 captivitas,
3268 2596 3437 2650 quam
3481 2582 3652 2635 susti-

2071 2678 2311 2724 nuerunt
2349 2685 2362 2721 :
2402 2684 2562 2739 quam
2606 2685 2714 2723 non
2744 2677 2923 2723 tamen
2972 2680 3192 2740 propter
3236 2669 3340 2724 hoc
3372 2669 3655 2726 Romanos

2073 2760 2272 2815 inferre
2295 2759 2440 2826 fecit,
2465 2760 2697 2814 necdum
2717 2761 2862 2815 enim
2883 2760 3001 2829 ejus
3020 2761 3367 2817 vindicabant
3382 2762 3609 2833 gloriam
3632 2781 3649 2818 :

2072 2852 2165 2907 sed
2196 2851 2469 2921 quomodo
2497 2851 2586 2920 qui
2612 2867 2802 2906 eorum
2848 2848 3077 2921 imperio
3128 2851 3474 2919 resistebant,
3516 2870 3650 2909 cum

2070 2945 2279 3015 pridem
2301 2943 2586 2998 collatores
2603 2959 2789 2998 eorum
2812 2942 3065 3009 fuissent,
3086 2944 3410 3014 tributisque
3431 2961 3649 3010 eorum,

2073 3046 2127 3090 et
2182 3034 2413 3107 legibus,
2475 3043 2637 3105 atque
2689 3034 3094 3105 magistratibus
3137 3035 3501 3091 obedientes:
3552 3038 3651 3091 sed

398 3145 638 3191 suorum.
672 3140 729 3186 et
769 3140 988 3201 propter
1017 3141 1235 3202 peccata
1266 3142 1480 3204 patrum
1528 3150 1751 3189 suorum
1797 3145 1852 3191 ct
1871 3151 1969 3190 sua
1997 3142 2039 3200 ο
2070 3129 2310 3184 furorem
2346 3142 2414 3182 ex
2451 3127 2680 3182 adverso
2724 3142 2985 3183 exercens
3026 3127 3289 3182 adversus
3333 3143 3431 3183 eos
3476 3128 3647 3191 Deus,

398 3221 720 3291 allligentur,
764 3221 939 3278 donec
980 3224 1343 3279 confiteantur
1379 3226 1693 3296 iniquitates
1738 3243 1883 3293 suas,
1911 3237 1967 3282 et

399 3313 664 3382 majorum
708 3327 952 3380 suorum,
1002 3315 1202 3385 quibus
1243 3317 1579 3386 praevaricati
1629 3324 1756 3373 sunt
1800 3319 1965 3373 inme

399 3412 457 3456 et
485 3403 898 3458 ambulaverunt
926 3420 992 3457 ex
1031 3404 1258 3459 adverso
1284 3405 1438 3459 mibi.
1472 3406 1774 3462 Ambulabo
1805 3408 1970 3478 igitur

399 3500 456 3547 et
473 3507 572 3564 ego
584 3500 766 3547 contra
784 3507 899 3559 eos,
917 3503 969 3547 et
983 3493 1236 3547 inducam
1260 3494 1378 3549 illos
1394 3495 1447 3548 in
1472 3505 1670 3550 terram
1694 3498 1965 3565 hostilem,

400 3584 575 3639 donec
620 3585 904 3639 erubescat
949 3584 1326 3640 ineircumcisa
1371 3603 1527 3642 mens
1570 3604 1780 3643 eorum.
1817 3590 1970 3645 Tunc

399 3675 631 3729 orabunt
674 3690 773 3745 pro
813 3675 1183 3745 impietatibus
1228 3676 1360 3740 suis,
1407 3686 1463 3732 ct
1499 3680 1827 3735 recordabor
1872 3681 1970 3736 fm-

401 3765 546 3820 deris
602 3766 731 3826 mei.
785 3766 928 3836 quod
980 3766 1157 3838 pepigi
1185 3782 1309 3822 cum
1355 3767 1542 3834 Jacob,
1596 3779 1651 3824 et
1702 3770 1868 3835 lsaac,
1915 3781 1970 3827 et

402 3855 673 3910 Abraham
714 3873 726 3907 :
779 3863 934 3910 terra:
983 3870 1200 3927 quoque
1254 3873 1465 3913 memor
1506 3877 1623 3928 ero,
1679 3878 1799 3932 qua:
1844 3878 1966 3917 cum

403 3947 585 4001 relicta
635 3947 798 4002 fuerit
840 3948 909 4002 ab
941 3949 1041 4012 eis,
1073 3950 1432 4019 complaeebit
1481 3953 1582 4007 sibi
1634 3953 1686 4006 in
1729 3955 1969 4009 sabbatis

386 4036 535 4100 suis,
587 4038 801 4107 patiens
842 4039 1190 4094 solitudinem
1229 4049 1453 4111 propter
1487 4042 1626 4098 illos.
1672 4042 1776 4112 Ipsi
1836 4059 1967 4098 vero

402 4130 667 4201 rogabunt
711 4145 810 4200 pro
856 4132 1091 4200 peccatis
1140 4131 1272 4196 suis,
1322 4147 1388 4187 eo
1439 4134 1582 4202 quod
1643 4134 1958 4204 abiecerant

399 4220 598 4288 judicia
648 4235 787 4285 mea,
829 4229 882 4273 et
918 4220 1064 4289 leges
1093 4236 1242 4275 meas
1276 4222 1662 4291 despexerunt.
1711 4226 1963 4278 Attamen

403 4327 526 4365 cum
572 4321 756 4366 essent
798 4311 852 4364 in
882 4320 1023 4365 terra
1072 4311 1275 4375 hostili,
1294 4329 1399 4368 non
1429 4314 1645 4383 penitus
1673 4315 1844 4385 abieci
1875 4332 1968 4372 eos

403 4416 582 4470 neque
616 4402 694 4455 sic
732 4401 972 4470 despexi,
1018 4410 1077 4457 ut
1119 4414 1591 4470 consumerentur,
1649 4413 1704 4460 et
1750 4405 1965 4461 irritum

2069 3217 2450 3290 superinduxit
2491 3226 2681 3274 contra
2721 3234 2818 3273 eos
2862 3218 3019 3285 iram,
3044 3228 3105 3273 ut
3141 3218 3511 3283 vindicaretur
3553 3236 3655 3290 per

2068 3310 2437 3366 Romanorum
2457 3309 2765 3378 imperium,
2788 3318 3043 3379 tanquam
3067 3309 3239 3380 ipsius
3258 3308 3655 3379 praedicatores

2069 3400 2424 3465 exstitissent,
2443 3409 2498 3455 et
2514 3400 2779 3469 corripuit
2794 3414 2889 3457 eos
2909 3408 3118 3470 septem
3138 3400 3330 3471 plagis,
3347 3399 3651 3455 secundum

2068 3502 2290 3563 peccata
2326 3508 2536 3557 eorum,
2568 3493 2938 3563 multiplicans
2967 3508 3156 3547 eorum
3188 3508 3403 3561 poenas.
3434 3493 3502 3545 Et
3538 3507 3651 3545 non

2070 3600 2179 3640 uno
2206 3584 2367 3639 modo
2383 3583 2697 3648 vindicavit,
2732 3584 2857 3654 quia
2879 3600 2980 3639 nec
3006 3584 3108 3654 ipsi
3152 3599 3261 3638 uno
3285 3590 3658 3653 peccaverunt

2069 3676 2231 3731 modo
2264 3693 2277 3729 :
2312 3674 2408 3729 sed
2440 3682 2495 3729 et
2528 3689 2722 3729 carnes
2768 3674 3000 3730 ﬁliorum
3043 3689 3266 3729 suorum
3317 3682 3375 3727 et
3412 3672 3652 3727 ﬁliarum

2069 3781 2289 3822 suarum
2345 3765 2652 3831 comedent,
2702 3765 2755 3820 id
2800 3773 2904 3831 est,
2962 3766 3258 3835 discipulos
3313 3780 3461 3827 suos,
3512 3781 3655 3835 quos

2070 3859 2223 3928 quasi
2260 3858 2313 3912 in
2349 3857 2490 3913 ﬁlios
2518 3857 2617 3912 sibi
2647 3864 2955 3924 assumunt,
2980 3857 3048 3912 ad
3074 3859 3320 3913 eamdem
3344 3858 3653 3913 doctrinam

2070 3950 2248 4006 verbis
2292 3951 2522 4016 callidis,
2567 3950 2915 4019 animamque
2961 3950 3411 4006 subvertentibus
3465 3966 3653 4005 eome-

2070 4043 2280 4098 dentes.
2320 4042 2425 4098 Sed
2475 4051 2529 4097 et
2560 4042 2774 4096 excelsa
2810 4056 3000 4097 eorum
3034 4043 3104 4097 ad
3133 4042 3411 4097 desertum
3442 4043 3651 4111 perdu-

2070 4131 2167 4196 xit,
2211 4139 2266 4186 et
2301 4131 2590 4186 simulacra
2627 4131 2921 4201 confregit.
2966 4130 3188 4186 Excelsa
3225 4131 3428 4201 quippe
3459 4146 3652 4186 eorum

2070 4221 2346 4293 principes
2387 4229 2442 4277 et
2484 4222 2755 4287 doctores,
2798 4236 2935 4291 quos
2984 4222 3353 4285 intendentes,
3402 4223 3551 4278 sicut
3596 4224 3652 4276 in

2071 4313 2290 4370 sublimi
2323 4313 2670 4380 constitutos,
2702 4313 2785 4368 vel
2817 4312 2959 4368 sicut
3002 4311 3169 4379 LXX,
3201 4324 3435 4381 statuas,
3482 4315 3655 4370 vitam

2072 4421 2223 4460 suam
2260 4418 2589 4475 componere
2637 4404 2962 4459 debuerunt.
3007 4403 3114 4459 Sed
3142 4405 3268 4473 quia
3311 4405 3448 4459 nihil
3484 4405 3655 4461 habe-

405 4490 637 4545 facerem
682 4498 899 4560 pactum
957 4506 1138 4546 meum
1183 4506 1309 4546 cum
1362 4493 1461 4547 eis.
1495 4492 1607 4564 Ego
1636 4495 1781 4549 enim
1841 4512 1962 4551 sum
2005 4469 2045 4523 θ
2073 4495 2207 4549 bant
2243 4508 2459 4559 sanum,
2512 4507 2690 4563 neque
2731 4491 2890 4557 forte,
2945 4492 3040 4548 sed
3092 4493 3304 4547 inﬁrma
3360 4495 3573 4560 omnia,
3598 4505 3657 4549 ct

406 4583 664 4637 Dominus
702 4584 845 4638 Deus
886 4598 1097 4649 eorum,
1138 4592 1193 4639 et
1227 4583 1555 4638 recordabor
1588 4583 1809 4640 foederis
1855 4586 1964 4640 mei

406 4672 637 4742 pristim,
679 4675 936 4742 quoniam
983 4676 1144 4732 eduxi
1182 4690 1278 4731 eos
1327 4675 1395 4730 de
1454 4684 1596 4730 terra
1641 4675 1881 4746 Egypti,
1913 4678 1966 4730 in

405 4775 699 4833 conspectu
748 4766 1009 4835 gentium,
1061 4774 1122 4820 ut
1169 4780 1346 4823 essem
1398 4762 1542 4821 Deus
1584 4780 1791 4821 eorum.
1859 4767 1971 4839 Ego

406 4854 668 4910 Dominus
693 4854 857 4911 Deus.
904 4874 923 4908 ι

474 4948 612 5013 Quia
654 4963 761 5002 non
800 4941 973 5004 selum
1014 4947 1286 5019 legislator
1326 4948 1555 5021 Moyses,
1585 4951 1681 5006 sed
1717 4952 1881 5006 etiam
1919 4961 1973 5008 et

405 5039 668 5109 propheta
704 5048 838 5106 erat,
885 5041 1000 5109 ipse
1038 5040 1448 5104 demonstravit,
1479 5042 1547 5097 de
1595 5041 1814 5098 Christo
1844 5059 1974 5114 spe-

403 5131 616 5186 cialiter
667 5131 1000 5200 prophctans
1061 5130 1146 5183 bis
1199 5131 1382 5185 verbis
1414 5148 1435 5188 :
1472 5131 1788 5203 PrOphelam
1834 5135 1974 5189 vobis

403 5222 673 5277 suscitabit
719 5222 974 5275 Dominus
1015 5221 1079 5274 de
1117 5221 1367 5291 fratribus
1410 5224 1613 5287 uestris,
1656 5227 1794 5280 sicut
1819 5242 1899 5280 me
1930 5228 1969 5280 '.

330 5336 337 5343 -
404 5311 553 5367 Bene
591 5320 769 5365 autem
812 5311 914 5366 sibi
958 5311 1160 5365 Christi
1204 5311 1612 5368 similitudinem
1657 5316 1974 5381 custodivit,

404 5402 497 5472 qui
519 5412 718 5472 prmter
745 5403 870 5466 alia,
904 5402 958 5456 in
982 5402 1183 5472 quibus
1211 5402 1625 5460 similitudinem
1672 5407 1794 5476 ejus
1820 5422 1977 5478 gere—

406 5492 520 5557 bat,
555 5493 1007 5561 quemadmodum
1047 5492 1312 5547 Dominus
1338 5493 1407 5547 de
1452 5494 1559 5548 ﬁne
1596 5496 1785 5550 mundi
1817 5496 1975 5560 dixit,

410 5581 482 5636 ita
518 5590 573 5635 et
619 5581 707 5636 hic
729 5598 815 5646 ea,
837 5599 958 5653 qua:
995 5583 1178 5639 futura
1219 5595 1375 5641 erant
1400 5587 1601 5658 populo
1643 5588 1975 5655 Iudaeorum,

408 5667 468 5725 in
500 5671 752 5739 praesenti
798 5673 913 5743 lege
947 5675 1285 5748 conscripsit.
1342 5677 1534 5737 Multas
1577 5680 1844 5751 siquidem
1891 5680 1979 5736 fu-

485 5805 500 5837 ¹
537 5801 699 5862 Deut.
724 5820 878 5878 svnt,
910 5808 995 5868 15.

2077 4583 2444 4655 corruptibilia
2477 4583 2690 4638 virtutis
2737 4583 3036 4650 schemata,
3066 4593 3122 4638 et
3153 4581 3497 4653 imitationis,
3530 4603 3656 4655 qua:

2079 4682 2322 4742 tempore
2359 4680 2787 4743 corrumpuntur
2811 4677 2976 4741 atque
3005 4680 3353 4742 putrescunt,
3404 4675 3550 4729 unde
3601 4684 3656 4729 et

2074 4761 2217 4831 apud
2247 4759 2409 4826 LXX,
2435 4760 2607 4832 lignea
2636 4762 2942 4831 manufacta
2987 4761 3311 4816 dicebantur
3344 4782 3357 4816 :
3390 4763 3659 4818 desolavit

2074 4866 2162 4919 ea,
2199 4867 2433 4924 arguens
2482 4868 2664 4907 coram
2718 4868 2881 4907 unam
2942 4851 3276 4923 hypocrisin,
3325 4869 3451 4908 cum
3521 4856 3659 4924 ipsis

2073 4952 2254 4999 autem
2285 4952 2341 5000 et
2368 4944 2677 5014 p0pularcs,
2700 4943 2791 5014 qui
2826 4943 2907 5000 eis
2939 4943 3318 5005 intendebant.
3356 4944 3659 5016 Posuitque

2072 5036 2335 5091 cadavera
2363 5050 2550 5090 eorum
2575 5035 2718 5089 inter
2752 5035 2940 5090 ruinas
2974 5034 3244 5090 idolorum
3290 5034 3561 5104 ipsorum,
3597 5037 3649 5091 id

2073 5136 2178 5193 est,
2228 5129 2470 5183 membra
2499 5127 2709 5198 populi,
2745 5137 2801 5182 ct
2828 5127 3071 5183 actiones
3120 5139 3468 5181 coacervans
3493 5142 3659 5197 super

2075 5218 2317 5273 actiones
2376 5217 2642 5272 idolorum
2718 5218 2983 5287 ipsorum,
3041 5214 3442 5271 Pharisaeorum
3493 5227 3655 5287 atque

2080 5307 2431 5374 Scribarum,
2471 5309 2671 5380 quibus
2714 5308 2857 5363 sicut
2908 5306 3065 5362 idolis
3120 5305 3440 5371 utebantur,
3490 5308 3655 5362 relin-

2076 5407 2307 5472 quentes
2333 5399 2523 5467 Deum,
2552 5409 2605 5453 ct
2640 5399 2906 5454 idolorum
2929 5398 3337 5453 scductionibus
3362 5398 3655 5454 intenden-

2081 5501 2185 5557 tes,
2214 5500 2503 5563 propterea
2533 5490 2611 5545 ait
2637 5508 2649 5542 :

2150 5583 2549 5639 Abomiuabitur
2595 5597 2682 5635 vos
2713 5581 2897 5635 anima
2950 5597 3086 5635 mea.
3139 5579 3509 5650 Qum?quam
3558 5593 3656 5649 pro

2082 5678 2241 5735 nobis
2310 5675 2512 5748 posuit,
2581 5683 2638 5729 ut
2690 5689 2788 5729 nos
2850 5673 2915 5728 de
2993 5672 3255 5728 servitute
3311 5679 3658 5742 peccatorum
