3962 6220
326 338 464 407 1153

323 551 485 613 atque
510 541 566 596 in
600 550 927 613 perpetuum
971 555 1066 596 eos
1103 550 1408 609 aversatur,
1450 543 1574 613 quia
1605 542 1724 613 ejus
1747 557 1904 611 opus,

323 642 587 703 quantum
614 633 679 687 ad
701 648 796 688 eos
837 632 1122 702 pertinuit,
1155 633 1223 687 ad
1248 633 1464 688 irritum
1511 634 1905 703 perduxerunt,

324 739 647 780 concessum
699 741 799 795 per
869 740 990 780 eam
1039 726 1244 780 donum
1301 732 1617 778 renuentes.
1679 721 1909 792 Propter

324 818 467 885 quod
504 818 669 871 urbes
712 832 902 872 eorum
927 818 1136 888 redegit
1184 816 1240 870 in
1269 816 1641 883 solitudinem,
1672 815 1910 885 fecitque

324 909 536 962 deserta
566 909 883 963 sanctuaria
909 927 924 976 ;
950 910 1161 963 nullum
1188 910 1337 963 enim
1376 908 1661 963 inveniunt
1688 908 1758 962 de
1782 924 1909 978 pro-

324 998 561 1067 pheticis
588 998 743 1053 libris
778 998 1040 1060 fructum,
1070 1015 1251 1069 neque
1271 1000 1510 1069 aliquam
1532 999 1755 1054 studere
1778 1015 1906 1055 san-

323 1084 640 1144 ctimoniam
675 1090 877 1145 valent.
908 1089 1020 1145 Nec
1041 1091 1237 1162 recipit
1258 1091 1478 1146 odorem
1500 1091 1906 1157 suavissimum,

325 1196 428 1236 nec
464 1183 698 1252 suscipit
726 1199 915 1238 eorum
945 1184 1277 1250 orationem,
1301 1184 1678 1255 disperditque
1704 1193 1905 1239 terram

322 1285 537 1336 eorum,
570 1287 737 1326 omne
776 1281 935 1329 vetus
978 1280 1390 1337 testamentum,
1424 1288 1535 1328 non
1565 1273 1691 1344 quia
1727 1272 1906 1343 ipsum

321 1379 387 1416 ex
418 1372 533 1418 toto
576 1365 918 1434 despoliavit,
950 1367 1047 1421 sed
1097 1366 1203 1422 illis
1229 1367 1532 1421 desolatum
1588 1375 1646 1420 et
1698 1366 1905 1420 invium

322 1453 473 1508 fecit.
523 1453 781 1510 llabilare
837 1466 1022 1511 autem
1062 1457 1118 1511 in
1166 1472 1230 1512 ea
1270 1457 1400 1512 fecit
1433 1467 1643 1530 gentes,
1682 1464 1907 1527 propter

303 1528 466 1615 'quod
492 1545 607 1600 ait:

389 1634 682 1704 Stupebant
707 1654 863 1706 super
900 1655 1017 1692 eam
1070 1640 1272 1693 inimici
1321 1641 1500 1705 vestri,
1544 1657 1661 1695 cum
1696 1640 1908 1697 habita-

321 1736 459 1783 tores
509 1729 655 1783 illius
686 1731 903 1799 fuerint.
958 1730 1160 1786 Gentes
1206 1732 1470 1801 siquidem
1509 1733 1743 1788 inimicae
1779 1740 1907 1787 sunt

320 1817 658 1885 Iudaeorum,
703 1819 830 1889 quia
872 1820 949 1873 illi
1021 1821 1307 1891 elegerunt
1344 1821 1659 1876 inimicitias
1703 1822 1906 1877 habere

321 1923 447 1964 cum
482 1909 616 1974 Deo,
654 1919 711 1965 et
758 1926 881 1964 cum
910 1910 1018 1966 illis
1059 1927 1197 1981 quos
1227 1910 1424 1967 Paulus
1447 1913 1695 1969 inimicos
1725 1914 1905 1969 crucis

317 1999 522 2055 Christi
554 2012 730 2056 vocat.
781 2002 1042 2058 Habitant
1107 2012 1289 2059 autem
1318 2005 1373 2058 in
1397 2003 1711 2060 Judazorum
1738 2014 1901 2071 terra,

320 2093 377 2147 in
408 2094 583 2147 veteri
607 2104 957 2157 testamento,
988 2104 1044 2150 et
1080 2096 1385 2151 habitantes
1404 2105 1729 2166 stupescunt
1754 2114 1900 2166 eum,

317 2185 414 2255 qui
439 2185 494 2239 in
541 2186 658 2257 lege
686 2197 743 2242 et
772 2187 1059 2258 prophetis
1094 2189 1221 2243 talia
1247 2189 1461 2244 locutus
1486 2198 1589 2245 est.
1625 2189 1730 2256 Qui
1779 2191 1904 2247 vitae

317 2274 429 2331 illic
461 2275 712 2332 fundavit
733 2279 980 2341 exordia,
1017 2281 1243 2351 insuper
1267 2281 1342 2335 ait
1371 2299 1383 2333 :

394 2368 490 2424 Vos
517 2378 694 2423 autem
729 2370 1030 2442 dispergam
1064 2373 1119 2425 in
1149 2381 1345 2442 gentes.
1373 2372 1491 2427 Non
1523 2373 1700 2427 solum
1728 2375 1903 2429 sensi-

316 2457 411 2513 bili
455 2459 559 2513 hac
603 2460 971 2530 dispersione,
1026 2463 1121 2517 sed
1156 2472 1211 2518 et
1268 2464 1615 2536 intelligibili.
1650 2464 1781 2531 Quae
1831 2467 1904 2521 sit

315 2558 499 2604 autem
531 2550 670 2619 haec,
697 2552 864 2607 disce.
893 2552 963 2606 Et
1016 2555 1307 2625 evaginabo
1355 2567 1468 2624 post
1506 2572 1594 2610 vos
1640 2557 1898 2627 gladium,

316 2642 521 2712 eritque
563 2657 707 2697 terra
751 2653 925 2698 vestra
957 2645 1166 2699 deserta
1204 2655 1252 2700 et
1288 2649 1521 2702 civitates
1550 2649 1758 2704 dirutte.
1806 2648 1899 2703 Dei

315 2733 461 2788 enim
491 2736 740 2801 verbum,
779 2738 923 2807 quod
954 2747 1038 2792 est
1086 2739 1312 2808 spiritus
1358 2740 1585 2812 gladius,
1621 2741 1823 2811 ubique
1843 2741 1898 2795 in

316 2827 571 2897 gentibus
608 2828 923 2894 decurrens,
953 2838 1009 2884 et
1034 2843 1252 2884 omnem
1301 2840 1504 2886 terram
1533 2832 1896 2897 circumdatis,

317 2918 592 2973 consumit
649 2919 961 2975 Judaeorum
1020 2920 1203 2989 ﬁlios,
1256 2930 1310 2978 et
1364 2924 1628 2993 disperdit
1680 2940 1775 2979 eos
1830 2925 1899 2979 de

317 3009 526 3064 sanctis
568 3010 661 3064 Dei
699 3029 711 3065 :
746 3012 1046 3067 ostendens
1070 3014 1215 3082 quod
1240 3013 1442 3067 nullam
1469 3029 1594 3068 cum
1635 3014 1714 3069 eis
1746 3029 1895 3067 com-

1423 343 1505 403 ΙΝ
1542 340 1983 405 LEVITICUM.
2026 363 2090 377 -
2130 340 2280 402 LIB.
2317 343 2451 403 VII.

321 452 519 507 mortis
556 450 877 507 redimeret.
907 450 1034 506 “(PC
1079 465 1209 521 ergo
1236 451 1457 508 Judzeos
1490 452 1918 517 abominabitur,
1952 458 1997 510 Α
2026 452 2232 505 sonitus
2300 451 2417 522 folii
2494 450 2744 504 volantis.

265 3127 270 3133 ~
315 3101 635 3155 munionem
670 3102 929 3165 habeant,
956 3092 1111 3157 'unde
1141 3103 1354 3157 deserta
1383 3112 1527 3159 terra
1551 3115 1606 3159 et
1626 3106 1892 3168 civitates,
1925 3141 1970 3201 ϐ

314 3193 556 3261 expulsis
582 3195 663 3249 eis
691 3193 1025 3250 habitatione
1057 3209 1174 3260 sua,
1200 3195 1578 3252 inveniuntur.

384 3281 528 3337 Tunc
557 3283 837 3353 placebunt
872 3298 1030 3339 terrae
1057 3285 1280 3339 sabbata
1341 3301 1439 3340 sua
1477 3288 1679 3341 cunctis
1716 3286 1897 3341 diebus

312 3373 615 3430 solitudinis
633 3393 763 3441 suae,
795 3378 1007 3449 quando
1028 3380 1235 3450 fueritis
1265 3380 1321 3433 in
1344 3391 1487 3434 terra
1514 3380 1691 3435 hostili
1721 3397 1740 3434 :
1771 3380 1897 3435 sab-

319 3466 577 3523 batizabit
611 3479 660 3524 et
685 3472 974 3542 requiescet
1006 3473 1062 3525 in
1083 3472 1317 3526 sabbatis
1348 3473 1645 3527 solitudinis
1669 3489 1798 3539 sure,
1836 3492 1895 3529 eo

311 3562 452 3629 quod
517 3577 620 3613 non
670 3564 980 3632 requieverit
1035 3563 1091 3617 in
1124 3561 1370 3618 Sabbatis
1422 3567 1623 3630 vestris,
1684 3574 1894 3636 quando

310 3648 617 3703 habitabitis
663 3652 719 3703 in
771 3668 855 3706 ea.
900 3650 1124 3706 Terram
1165 3668 1288 3707 esse
1314 3654 1708 3727 intelligibilem
1744 3657 1892 3712 Scri-

315 3748 527 3806 pturam
574 3740 690 3803 Dei,
736 3749 792 3794 et
838 3743 1337 3806 conversationem,
1390 3761 1512 3814 quae
1552 3747 1606 3799 in
1651 3748 1732 3801 eis
1785 3757 1888 3815 est,

310 3841 459 3897 saepe
509 3830 854 3885 ostendimus
901 3850 914 3885 :
963 3833 1057 3887 sed
1102 3831 1415 3888 Iudaeorum
1472 3835 1693 3904 quidem
1733 3846 1890 3893 vetus

312 3924 704 3974 testamentum
740 3939 753 3975 :
790 3921 1032 3993 gentium
1072 3932 1281 3986 autem,
1328 3930 1451 3993 quae
1491 3925 1722 3980 inimicae
1764 3937 1891 3981 sunt

307 4006 531 4077 Iudaeis,
581 4026 781 4068 novum
825 4030 838 4066 :
873 4013 999 4083 quia
1045 4028 1175 4085 ergo
1212 4012 1509 4070 Sabbatum
1550 4016 1887 4071 vacationem

310 4106 577 4178 signiﬁcat
632 4105 858 4173 Iudaeis,
893 4106 1127 4161 maxime
1163 4107 1269 4162 hoc
1301 4124 1447 4163 nunc
1488 4108 1770 4164 evidenter
1806 4110 1887 4164 le-

309 4198 535 4270 gislator
572 4199 771 4255 innuit.
809 4198 947 4266 Quia
974 4199 1112 4254 nihil
1158 4216 1309 4257 nunc
1340 4201 1623 4257 invenient
1653 4218 1718 4257 ex
1769 4204 1887 4274 lege

308 4302 364 4347 et
391 4293 692 4363 prophetis,
727 4293 871 4363 quod
913 4293 1012 4363 ipsi
1041 4293 1220 4349 facere
1244 4293 1454 4357 volunt,
1489 4296 1585 4350 sed
1611 4295 1884 4352 destructa

311 4400 495 4439 eorum
530 4401 670 4456 pene
701 4387 879 4441 omnis
909 4387 1228 4457 superﬁcies
1252 4387 1464 4442 litterze.
1494 4387 1718 4458 Propter
1742 4392 1884 4460 quod

3455 343 3592 406 1154

2817 450 3095 521 Quotquot
3171 451 3318 506 enim
3373 468 3440 508 ex
3509 455 3596 512 eis

2009 543 2187 597 relicti
2270 551 2418 605 sunt,
2462 541 2644 595 adhuc
2730 541 3018 595 studentes
3100 539 3442 609 Scripturam
3505 558 3596 599 sa-

2010 650 2183 698 cram,
2207 641 2410 705 pavent
2439 633 2493 687 in
2519 640 2663 687 terra
2688 632 3035 689 inimicorum
3084 647 3333 698 suorum,
3369 633 3425 687 in
3447 648 3596 689 novo

2012 734 2361 788 testamento,
2400 725 2544 779 sicut
2586 725 2861 780 diximus:
2914 723 3112 778 timent
3139 723 3286 778 enim
3316 739 3380 778 ex
3427 724 3592 779 fatui-

2009 826 2141 882 tate,
2170 827 2222 872 et
2253 817 2420 872 corde
2454 828 2658 873 caecato
2686 816 3073 871 commixtione
3095 816 3216 887 ejus
3237 826 3322 880 ,et
3350 817 3593 887 comple~

2012 920 2100 963 tur
2124 908 2277 963 :Illic
2306 909 2703 979 trepidaverunt
2731 910 2936 971 timore,
2966 908 3057 961 ubi
3087 923 3191 961 non
3218 919 3334 961 erat
3358 911 3516 964 timor
3546 912 3589 966 ³.

2071 996 2302 1052 Terrebit
2331 1015 2417 1052 eos
2438 1000 2638 1052 sonitus
2659 998 2776 1069 folii
2800 998 3049 1053 uolantis.
3067 996 3592 1071 Foliumlegislitte~

2008 1104 2123 1143 ram
2163 1089 2449 1159 appellans
2470 1105 2483 1140 :
2505 1088 2670 1159 hujus
2685 1089 2832 1143 enim
2860 1104 2956 1143 eos
2986 1089 3200 1144 sonitus
3217 1091 3588 1160 persequitur,

2009 1191 2065 1237 et
2100 1184 2351 1237 timorem
2405 1190 2654 1238 nostrum
2681 1182 2771 1237 eis
2796 1181 3007 1247 indicit,
3034 1183 3183 1252 quia,
3215 1183 3366 1238 verbi
3395 1184 3588 1255 gratia,

2009 1272 2242 1326 audiunt
2265 1273 2689 1328 custodiendum
2709 1272 2854 1327 diem
2879 1271 3123 1337 Sabbati,
3158 1274 3345 1328 vident
3404 1284 3588 1330 autent

2004 1380 2106 1420 nos
2128 1366 2266 1420 nihil
2293 1367 2359 1421 de
2382 1366 2576 1421 eodem
2600 1367 2863 1420 mandato
2893 1366 3230 1437 despicabile
3253 1382 3473 1437 sapere,
3489 1383 3590 1424 ne-

2006 1474 2115 1527 que
2145 1466 2446 1523 terrenum,
2467 1474 2646 1529 neque
2684 1475 2713 1513 a
2743 1460 2955 1514 cultura
2996 1468 3176 1526 teme,
3212 1461 3308 1515 sed
3367 1476 3397 1515 a
3449 1463 3586 1516 mala

2007 1551 2224 1605 actione
2249 1551 2591 1605 vacationem
2613 1551 2889 1606 discentes
2921 1569 2936 1605 :
2991 1551 3281 1607 offendunt
3311 1553 3366 1607 in
3404 1553 3587 1615 nobis,

2006 1649 2063 1696 et
2092 1640 2437 1697 commisceri
2472 1641 2634 1697 nobis
2661 1640 2902 1713 fugiunt.
2945 1641 3159 1697 Folium
3204 1652 3387 1697 autem
3439 1652 3591 1698 recte

2007 1730 2143 1802 legis
2174 1732 2354 1787 littera
2377 1733 2669 1803 accipitur,
2691 1733 2815 1801 quia
2835 1733 3294 1803 quemadmodum
3329 1734 3588 1789 arborum

2006 1822 2218 1877 fructus
2252 1823 2396 1879 foliis
2416 1824 2634 1895 tegitur,
2661 1823 2741 1878 sic
2789 1824 2891 1879 sub
2930 1825 3063 1896 legis
3092 1824 3270 1878 lit'era
3296 1824 3588 1879 abscondi-

2006 1914 2357 1983 turspiritus.
2391 1913 2625 1985 Propter
2646 1917 2789 1985 quod
2844 1931 2966 1982 nos,
2997 1916 3066 1971 de
3116 1915 3318 1984 quibus
3375 1914 3584 1970 dictum

2004 2011 2089 2057 est
2117 2019 2130 2055 :
2160 2002 2219 2057 Si
2242 2005 2644 2060 viudemiatores
2677 2007 2900 2077 ingressi
2949 2006 3165 2076 fuissent
3199 2006 3256 2057 in
3287 2014 3357 2067 te,
3396 2005 3586 2058 saltem

2004 2096 2333 2166 reliquissent
2360 2113 2630 2151 racemum
2670 2098 2764 2151 tibi
2801 2096 2823 2127 ⁴
2850 2115 2864 2151 :
2893 2098 3167 2152 nudamus
3194 2096 3384 2151 folium
3434 2098 3585 2152 litte-

2004 2199 2100 2249 rae,
2130 2195 2186 2237 ut
2217 2184 2454 2240 fructum
2478 2185 2707 2255 spiritus
2739 2186 3103 2241 inveniamus.
3157 2184 3220 2239 Hi
3250 2195 3433 2241 autem
3488 2187 3581 2256 qui

2005 2271 2123 2328 haec
2147 2274 2417 2344 ignorant,
2448 2274 2589 2329 sicut
2616 2274 2869 2329 inimicos
2900 2291 3000 2331 nos
3025 2275 3248 2340 habent,
3276 2285 3331 2330 et
3366 2275 3585 2347 fugiunt

2003 2378 2105 2418 nos
2136 2363 2277 2419 sicut
2304 2366 2395 2435 qui
2450 2364 2589 2434 fugit
2612 2365 2869 2437 gladium.

2072 2455 2142 2509 Et
2191 2458 2378 2510 cadent
2445 2457 2591 2510 nullo
2634 2466 2898 2527 sequente.
2941 2457 3129 2527 Neque
3180 2457 3327 2511 enim
3358 2472 3457 2513 nos
3487 2474 3583 2514 eos

2003 2549 2400 2618 persequimur,
2430 2549 2525 2603 sed
2560 2564 2624 2604 ex
2684 2549 2766 2603 sui
2797 2550 2979 2604 cordis
3018 2550 3212 2605 duritia
3243 2550 3579 2620 persecutio-

2002 2656 2127 2695 nem
2153 2641 2455 2711 patiuntur.
2486 2640 2621 2695 Nam
2645 2640 2766 2697 vide
2792 2642 2922 2711 quid
2964 2642 3228 2698 subdidit.
3252 2643 3317 2697 Et
3339 2653 3579 2697 corruant

2001 2731 2197 2800 singuli
2269 2746 2429 2795 super
2466 2731 2662 2800 fratres
2727 2746 2872 2798 suos,
2917 2732 3069 2797 quasi
3125 2731 3262 2784 bella
3301 2732 3578 2802 fugientes.

2002 2821 2234 2888 Quando
2257 2822 2402 2876 enim
2431 2837 2557 2877 cum
2584 2823 2664 2876 eis
2697 2822 3001 2892 loquimur,
3037 2831 3092 2878 et
3116 2823 3255 2893 legis
3280 2824 3579 2894 propheta-

2003 2926 2233 2980 rumque
2270 2911 2580 2965 testimonia
2607 2921 2798 2965 contra
2822 2926 2917 2966 eos
2954 2913 3022 2966 de
3044 2911 3264 2967 Christo
3293 2911 3581 2985 Evangeli-

2003 3002 2189 3071 eisque
2208 3003 2480 3072 mysteriis
2495 3002 2845 3072 proferimus,
2861 3003 3119 3057 coarctati
3139 3003 3191 3058 hi
3212 3004 3430 3075 quidem
3452 3005 3580 3069 hoc,

2004 3092 2079 3146 illi
2115 3100 2296 3147 autem
2339 3093 2469 3147 illud
2492 3093 2703 3156 dicunt,
2744 3101 2800 3147 et
2855 3093 3233 3163 unusquisque
3265 3108 3430 3165 super
3467 3094 3578 3148 fra-

2002 3195 2141 3242 trem
2177 3187 2303 3242 ruit.
2332 3186 2551 3241 lnﬁrma
2581 3186 2727 3240 enim
2759 3200 2954 3240 omnes
3003 3186 3215 3251 dicunt,
3279 3186 3581 3243 consistere

2001 3286 2224 3350 propter
2247 3279 2351 3333 hoc
2376 3279 2428 3332 in
2461 3278 2684 3333 alternis
2720 3293 2833 3333 non
2881 3277 3062 3333 valent
3088 3278 3290 3347 verbis,
3347 3287 3403 3334 et
3445 3294 3582 3334 con-

2004 3371 2293 3425 turbantur
2317 3354 2471 3439 quasi
2506 3369 2648 3424 bella
2672 3369 2968 3441 fugientes,
2991 3369 3144 3424 nullo
3172 3380 3454 3441 sequente.
3469 3370 3581 3426 Nos

2001 3471 2182 3516 autem
2218 3475 2330 3514 non
2355 3461 2737 3531 persequimur
2763 3476 2877 3527 eos,
2912 3477 3016 3517 nec
3043 3469 3104 3516 ut
3129 3472 3453 3529 noceamus,
3483 3463 3579 3519 sed

2001 3560 2061 3607 ut
2083 3553 2339 3623 juvemus
2366 3563 2529 3624 atque
2561 3554 2836 3609 lucremur
2863 3569 2980 3621 eos,
3020 3554 3396 3625 disceptamus
3451 3571 3577 3611 curn

1998 3645 2103 3699 eis.
2135 3645 2275 3710 Quid
2294 3660 2438 3716 ergo
2456 3646 2584 3699 hinc
2615 3646 2942 3714 patiuntur?

2068 3736 2237 3789 Nemo
2273 3745 2502 3790 vestrum
2537 3738 2767 3790 inimicis
2791 3737 3006 3791 audebit
3045 3737 3309 3800 resistere,
3339 3735 3576 3804 peribitis

1997 3828 2135 3879 inter
2181 3834 2381 3896 gentes,
2405 3836 2453 3879 et
2488 3827 2693 3880 hostilis
2725 3844 2812 3880 vos
2861 3836 3005 3880 terra
3044 3836 3332 3882 consumet.
3364 3829 3575 3882 Consu-

1996 3917 2098 3971 mit
2125 3917 2275 3972 enim
2307 3931 2401 3970 eos
2417 3918 2794 3988 evangelicum
2821 3924 3235 3980 testamentum,
3266 3918 3437 3973 totius
3470 3933 3571 3973 eo-

1995 4028 2116 4067 rum
2142 4022 2435 4067 conterens
2473 4012 2678 4066 erroris
2714 4010 3094 4067 substantiam.
3152 4010 3313 4066 Unde
3347 4026 3449 4065 nec
3481 4027 3572 4065 re-

1995 4106 2187 4161 sistere
2208 4103 2448 4159 inimicis
2464 4103 2598 4171 suis,
2632 4106 2726 4175 qui
2757 4104 2955 4160 salvari
2993 4119 3094 4175 per
3116 4103 3280 4159 fidem
3312 4112 3566 4174 possunt,

1993 4199 2089 4256 sed
2121 4206 2177 4254 et
2215 4207 2449 4268 pereunt
2507 4198 2651 4253 inter
2706 4207 2916 4270 gentes,
2978 4196 3031 4250 iu
3083 4197 3260 4268 lapide
3323 4197 3569 4269 angulari

1992 4290 2354 4355 oﬁ‘endentes,
2427 4299 2610 4346 etnec
2682 4291 2818 4363 legis
2869 4290 3090 4361 quidem
3162 4289 3396 4344 litteram
3478 4304 3568 4344 re—

1991 4384 2204 4454 spicere
2263 4382 2534 4448 volentes,
2592 4392 2780 4453 utpote
2821 4382 2915 4453 qui
2956 4383 3012 4437 in
3042 4398 3162 4438 eam
3216 4397 3327 4437 non
3358 4380 3567 4437 habent

306 4479 439 4558 facti.
464 4488 593 4534 sunt
620 4481 676 4534 in
727 4489 871 4535 terra
925 4481 1268 4536 inimicorum
1316 4496 1564 4548 suorum,
1603 4482 1655 4536 id
1695 4494 1798 4549 est,
1827 4483 1880 4538 in
1915 4492 1957 4547 υ
1988 4480 2264 4535 ﬁduciam.

306 4571 619 4642 evangelico
666 4581 1029 4627 testamento:
1063 4572 1187 4626 facti
1232 4581 1357 4627 sunt
1399 4581 1600 4637 autem,
1634 4574 1734 4629 etsi
1770 4590 1881 4630 non

304 4673 518 4733 sponte,
553 4673 730 4718 tamen
778 4680 843 4719 ex
888 4666 1235 4720 necessitate.
1283 4663 1418 4734 Ipsis
1466 4666 1883 4724 enim'nolenti-

303 4755 427 4823 bus,
480 4757 767 4821 sacriﬁcia,
811 4766 867 4812 et
908 4757 1319 4827 puriﬁcationes
1351 4773 1685 4830 azymorum,
1719 4770 1773 4816 et
1800 4769 1882 4815 ta-

303 4845 721 4903 bernaculorum
774 4849 1117 4917 festivitates,
1142 4859 1198 4904 et
1230 4850 1438 4920 reliqua
1485 4867 1698 4908 cessare
1730 4853 1883 4921 fecit,

302 4937 675 4994 diﬁieultatem
712 4942 1006 5011 patientes,
1035 4941 1092 4994 in
1122 4942 1531 4998 meditationem
1559 4945 1678 5014 ejus
1707 4945 1884 5001 disce-

300 5029 457 5085 dunt.
492 5032 560 5086 Et
607 5032 748 5087 lianc
776 5033 1113 5088 vacationem
1142 5050 1241 5104 pro
1269 5034 1507 5090 Sabbato
1533 5037 1794 5108 suscepit,
1824 5047 1878 5094 et

298 5121 368 5177 ab
412 5122 492 5177 eis
530 5139 682 5178 sacra
724 5124 1027 5195 Scriptura,
1064 5126 1336 5197 nimisque
1382 5129 1463 5184 eis
1505 5128 1668 5184 etiam
1714 5145 1875 5199 supra

298 5210 541 5282 priorum
595 5211 959 5268 Sabbatorum
1021 5216 1361 5272 vacationem
1429 5218 1680 5288 placebit.
1720 5217 1876 5273 Cur?

298 5300 436 5366 Quia
472 5319 573 5357 non
616 5315 689 5358 est
723 5306 954 5375 speciosa
996 5307 1115 5361 laus
1150 5309 1203 5362 iu
1234 5326 1321 5363 ore
1363 5311 1652 5380 peccatoris
1682 5312 1724 5363 '.
1769 5309 1873 5366 Sed

295 5392 374 5449 ait
392 5410 407 5449 :

372 5485 441 5540 Et
494 5489 585 5558 qui
631 5490 694 5542 de
721 5488 863 5543 vobis
919 5495 1291 5557 remanserint,
1342 5493 1476 5546 dabo
1526 5509 1775 5562 pavorem
1822 5494 1875 5548 in

297 5579 541 5634 cordibus
573 5596 775 5643 eorum,
810 5581 866 5634 in
918 5583 1215 5652 regionibus
1257 5584 1487 5637 hostium
1545 5584 1753 5638 terrebit
1791 5601 1877 5638 eos

368 5760 389 5788 ³
417 5756 580 5812 Eccli.
609 5774 695 5825 xv,
723 5757 773 5811 9.
852 5757 872 5788 ³
902 5755 1046 5811 Psal.
1083 5773 1198 5826 sui,

1373 5759 1392 5790 ⁸
1415 5757 1619 5814 Jercm.
1664 5775 1811 5827 xnx,
1848 5758 1901 5813 9.

2061 4570 2212 4637 Quod
2239 4569 2337 4624 etsi
2366 4571 2429 4623 de
2448 4568 2529 4622 Itis
2561 4568 2732 4639 aliqui
2790 4567 3163 4633 remanserint,
3207 4570 3467 4621 tabescent
3508 4569 3564 4621 in

1988 4661 2358 4733 iniquitatibus
2385 4660 2517 4725 suis,
2536 4661 2593 4712 in
2623 4667 2763 4712 terra
2790 4658 3127 4712 inimicorum
3159 4674 3395 4712 suorum.
3430 4657 3563 4726 Qui-

1989 4768 2205 4823 cunque
2237 4751 2381 4807 enim
2430 4766 2495 4805 ex
2526 4752 2627 4816 eis,
2649 4749 2739 4821 qui
2797 4751 3046 4806 conversi
3076 4761 3224 4818 sunt,
3252 4764 3558 4823 remanent,

1988 4854 2373 4914 permanentes
2400 4843 2451 4897 in
2478 4843 2609 4914 legis
2635 4843 2837 4909 studio,
2873 4842 2925 4896 bi
2957 4850 3181 4914 propter
3208 4853 3426 4913 peccata
3440 4860 3557 4912 sua,

1980 4953 2102 5006 quae
2138 4937 2192 4991 in
2228 4945 2371 4992 terra
2398 4937 2747 4991 inimicorum
2779 4951 3022 5001 suorum,
3046 4935 3099 4991 id
3118 4944 3221 5001 est,
3279 4936 3334 4991 in
3383 4938 3561 4991 Evan—

1985 5028 2160 5099 gelico
2198 5036 2548 5093 testamento,
2583 5029 2883 5083 secundum
2935 5027 3079 5098 quod
3133 5028 3390 5093 diximus,
3433 5042 3560 5097 pro-

1984 5128 2107 5190 pter
2134 5120 2618 5192 transgressionem
2647 5120 2764 5192 ejus
2807 5128 3043 5192 pereunt
3074 5136 3090 5174 :
3121 5119 3237 5175 haec
3257 5127 3384 5173 sunt
3411 5117 3557 5173 enim

1985 5213 2160 5267 tnodis
2187 5213 2444 5268 omnibus
2469 5224 2713 5285 peccata,
2748 5230 2870 5283 quae
2911 5214 2965 5267 in
3013 5228 3078 5268 eo
3121 5213 3555 5267 committuntur.

2054 5304 2124 5358 Et
2152 5315 2366 5376 propter
2387 5317 2603 5376 peccata
2628 5324 2750 5372 sua,
2777 5317 2826 5361 et
2862 5315 3073 5377 propter
3096 5311 3311 5373 peccata
3345 5312 3556 5372 patrum

1983 5413 2218 5452 suorum.
2242 5398 2379 5464 Quia
2408 5398 2750 5470 praevaricati
2779 5406 2928 5465 sunt,
2962 5397 3404 5465 etdcspexeruut
3428 5407 3512 5449 me
3543 5411 3559 5449 :

1983 5504 2046 5545 ea
2066 5490 2212 5544 enim
2242 5507 2362 5561 qum
2386 5506 2536 5547 nunc
2570 5492 2652 5546 eis
2680 5498 3009 5555 evenerunt,
3068 5498 3284 5559 patrum
3319 5488 3562 5562 peccatis

1984 5586 2283 5643 ascribunt.
2315 5584 2547 5657 Propter
2569 5585 2712 5656 quod
2739 5593 2793 5640 ct
2821 5583 3102 5641 tabescent
3137 5582 3192 5637 in
3216 5582 3319 5650 eis,
3348 5598 3447 5655 pro
3475 5582 3557 5638 eis
