3988 6222
436 349 574 413 ιὶῦῖ)

1614 332 1976 395 HESYCHII
2019 331 2489 392 PRESBYTEBI

3534 322 3664 388 1151i

433 461 778 520 contuentes,
801 453 929 523 quia
950 447 1289 522 praevaricati
1326 455 1454 501 sunt
1480 445 1648 499 Deum
1685 444 1739 497 in
1795 453 2002 513 tempo-
2033 477 2073 532 Α
2106 442 2344 512 relinqui
2371 442 2461 496 illa
2487 455 2516 494 a
2539 438 2747 494 Jutlaais
2768 436 2917 501 l‘ecit,
2939 434 3066 506 quia
3109 410 3376 522 malitiose
3409 433 3673 505 interpre-
3767 503 3787 512 _

435 549 588 603 ribus
624 536 1011 608 anterioribus,
1041 552 1151 591 non
1202 535 1347 589 bona
1377 533 1483 587 hoc
1509 540 1715 597 mente,
1742 530 1837 584 sed
1864 530 2001 584 mala

435 638 715 696 facientes,
734 640 794 685 ut
809 645 1023 700 pmnam
1046 644 1166 698 qua:
1194 641 1358 696 super
1380 639 1474 680 eos
1498 624 1647 679 venit
1666 630 1886 693 pmpter
1904 622 2007 676 ini-

2106 540 2304 597 tantes,
2337 546 2446 586 non
2464 530 2606 584 bene
2645 528 3068 593 meditabantur,
3126 518 3467 596 injuriabant
3528 541 3622 580 eas
3653 544 3670 581 :

2103 623 2338 693 primum
2357 622 2578 693 quidem
2605 621 2871 686 dicentes,
2894 626 2950 674 et
2985 633 3097 673 non
3145 616 3433 678 facientes,
3475 615 3676 671 deinde

435 728 719 800 quitatem,
749 738 911 793 quam
939 722 991 775 in
1017 720 1238 776 Christo
1263 717 1679 782 commiserunt,
1714 716 2003 781 molliant;

437 834 564 873 nam
590 815 756 870 infert
779 833 793 869 :
815 812 881 867 Et
910 811 1331 867 ambulaverunt
1349 825 1415 864 ex
1444 809 1676 863 adverso
1702 807 1856 861 mihi.
1873 806 2006 860 Am-

440 907 636 964 bulabo
667 905 829 975 igitur
849 912 906 957 et
939 917 1038 973 ego
1070 909 1259 956 contra
1298 915 1412 965 eos,
1475 907 1532 954 et
1575 898 1827 953 inducam
1884 896 2009 950 illos

442 999 498 1053 in
523 1007 720 1052 terram
758 994 1034 1049 hostilem.
1061 991 1528 1058 Quemadmodum
1568 990 1715 1046 enim
1743 989 1820 1043 illi
1847 1004 2009 1057 repu-

443 1098 557 1144 tant
583 1088 750 1141 Deum
776 1084 1195 1147 circumvenire,
1222 1099 1288 1137 ex
1310 1082 1543 1136 adverso
1568 1082 1617 1135 ei
1647 1081 2008 1141 ambulantes,

442 1192 498 1239 et
526 1184 632 1239 alia
654 1198 753 1251 pro
778 1181 901 1236 aliis
930 1178 1482 1249 interpretationibus
1505 1176 1642 1245 legis
1686 1184 1739 1231 et
1767 1176 2011 1246 prophe-

444 1284 643 1337 tarum,
665 1288 784 1342 qua:
813 1272 1137 1327 conﬁrmant
1161 1270 1361 1325 Christi
1386 1269 1722 1339 mysterium,
1746 1269 2011 1334 dicentes,

446 1365 591 1433 quod
619 1376 701 1418 est
736 1362 1142 1416 adversantium
1194 1361 1475 1431 proprium
1509 1377 1522 1412 :
1564 1361 1642 1414 sic
1662 1368 1717 1415 et
1748 1359 1863 1429 ipse
1900 1374 2017 1412 am-
2114 1350 2195 1405 eis
2220 1350 2374 1404 dixit.

446 1456 655 1512 bulavit
685 1469 806 1509 sum
828 1455 909 1509 eis
934 1454 1218 1518 adversus,
1255 1460 1310 1506 et
1350 1452 1580 1506 inducet
1610 1467 1707 1506 eos
1729 1452 1783 1505 in
1814 1461 2014 1506 terram

2184 1444 2292 1510 Ipsi
2312 1459 2431 1497 vero
2462 1446 2721 1513 rogabunt
2751 1458 2846 1511 pro
2883 1440 3112 1511 peccatis
3132 1439 3266 1502 suis,
3308 1438 3523 1507 ecquod
3542 1437 3697 1500 adie-

448 1546 723 1612 hostilem,
759 1542 811 1599 id
841 1555 942 1610 eSt,
977 1544 1032 1597 in
1056 1542 1433 1613 Evangelium,
1477 1543 1619 1611 quod
1654 1542 1904 1613 gentibus
1924 1541 2019 1595 de.
2119 1536 2279 1587 cerint
2295 1534 2503 1602 judicia
2530 1548 2672 1594 mea,
2703 1532 2904 1601 etleges
2944 1546 3086 1584 meas
3131 1529 3481 1597 despexerint.
3512 1526 3702 1597 Dupli-

447 1638 544 1692 dit.
577 1638 654 1690 Ex
685 1650 793 1705 quo
816 1635 1028 1690 duobus
1066 1633 1242 1688 modis
1265 1642 1539 1702 pereunt:
1583 1634 1843 1702 primum,
1889 1634 2015 1703 quia
2119 1624 2224 1690 cia,
2253 1624 2450 1693 inquit,
2468 1624 2609 1678 bona
2632 1623 2856 1693 expulsa
2894 1622 2961 1676 de
3026 1621 3186 1692 plebe
3225 1620 3562 1686 Iuda-orum,
3631 1622 3701 1675 de

447 1728 726 1783 Iudaicam
751 1726 1021 1796 justitiam
1061 1725 1332 1780 destruit:
1402 1725 1620 1790 deinde,
1681 1725 1809 1793 quia
1876 1725 2019 1794 apud
2125 1715 2427 1785 Scripturis
2448 1714 2617 1770 Sacris
2637 1722 3027 1784 provenerunt,
3060 1728 3164 1767 nec
3218 1711 3321 1782 ipsi
3357 1711 3507 1765 enim
3561 1712 3706 1781 inju-

453 1822 647 1885 gentes
667 1822 772 1876 est,
800 1814 1000 1882 quibus
1022 1812 1203 1867 aemuli
1226 1823 1374 1879 sunt,
1402 1823 1458 1866 et
1519 1814 1864 1868 contentioso
1927 1815 2023 1869 ad-

2151 1805 2353 1869 iantur,
2387 1811 2609 1873 pr0pter
2626 1805 2770 1872 quod
2791 1812 2845 1857 et
2870 1803 3104 1873 gaudent
3152 1815 3264 1855 non
3305 1801 3409 1872 legi
3471 1801 3542 1855 ab
3595 1802 3706 1867 eis,

450 1920 642 1961 versus
666 1919 760 1958 eas
783 1904 967 1958 animo
992 1904 1192 1958 salvari
1243 1919 1355 1959 non
1389 1905 1601 1969 volunt,
1657 1906 1727 1959 ita
1776 1914 1835 1958 ut
1886 1905 2026 1959 Deus
2125 1912 2303 1967 neque
2352 1897 2500 1951 enim
2531 1895 3001 1965 ilalesunl.sicut
3034 1894 3209 1964 Prius.
3246 1908 3371 1947 cum
3453 1893 3567 1946 είηῑ
3620 1893 3710 1946 di-

2106 714 2512 785 despicabiliter
2572 714 3019 782 interpretantes,
3076 717 3134 764 et
3157 708 3307 778 quod
3356 708 3413 761 in
3436 706 3517 761 eis
3560 715 3677 760 erat

2107 810 2366 879 Optimam
2401 805 2702 877 spiritalem
2745 801 3160 874 intelligentiam
3222 807 3486 871 tegentes.
3516 797 3680 854 Unde

2108 907 2164 953 et
2199 904 2594 966 consequenter
2614 894 2821 949 addidit
2852 910 2866 946 :
3273 936 3277 941 .

2177 988 2525 1058 Complacebit
2555 987 2654 1041 sibi
2682 987 2740 1039 in
2761 982 3007 1039 Sabbatis
3033 983 3164 1037 suis.
3191 980 3244 1035 Id
3273 989 3380 1046 est,
3413 980 3543 1035 dum
3581 979 3688 1034 de-

2111 1078 2283 1157 solata
2312 1077 2380 1132 ab
2410 1077 2491 1132 eis
2518 1083 2788 1131 remanet.
2837 1074 3218 1131 Gaudelemm
3274 1069 3371 1125 Dei
3432 1071 3517 1124 lex
3584 1069 3688 1124 Ju-

2113 1170 2351 1224 darorum
2378 1168 2566 1223 [ruens
2591 1168 2946 1231 desolatione,
2979 1181 3141 1233 quam
3173 1165 3273 1234 ipsi
3302 1163 3524 1218 sibimet
3543 1163 3692 1217 intu-

2113 1258 2310 1312 lerunt.
2336 1257 2719 1328 Propterquod
2742 1268 2797 1310 et
2817 1256 3165 1310 solitudinem
3221 1254 3366 1307 illam
3416 1252 3529 1322 pati
3588 1267 3693 1320 pro

450 2008 550 2064 per
576 1992 796 2062 Moysen
827 1993 1033 2047 diceret
1064 2009 1078 2046 :
1111 1993 1193 2047 Ad
1217 1993 1615 2048 aemulationem
1647 2011 1734 2048 vos
1764 1996 2028 2049 adducam

454 2084 624 2137 nonin
647 2092 795 2152 gente
823 2085 865 2132 ⁸.
892 2081 1092 2137 Paulus
1119 2091 1301 2137 autem
1320 2100 1334 2136 :
1356 2082 1652 2137 Secundum
1685 2083 2029 2155 Evangelium

465 2173 670 2243 quidem
704 2172 904 2225 inimici
924 2180 1135 2241 propter
1164 2188 1254 2225 vos
1280 2172 1323 2223 °.
1380 2171 1590 2226 Rursus
1628 2187 1642 2222 :
1684 2170 1828 2225 Sfcut
1893 2172 2030 2224 enim

456 2279 544 2317 vos
574 2280 693 2317 cum
722 2263 924 2315 inimici
955 2263 1160 2326 essetis,
1193 2263 1518 2316 reconciliati
1533 2264 1656 2315 estis
1680 2262 1811 2327 Deo,
1841 2264 1919 2316 sic
1982 2270 2031 2316 et

461 2367 597 2406 nunc
613 2367 714 2403 non
736 2351 1065 2404 crediderunt
1095 2352 1145 2402 in
1173 2359 1343 2403 vestra
1375 2351 1733 2403 misericordia
1772 2353 1813 2404 ⁷.

537 2439 684 2495 Tunc"
708 2443 971 2495 erubescet
1007 2441 1376 2494 incircumcisa
1408 2457 1551 2495 mens
1584 2457 1791 2503 eorum,
1831 2451 1878 2496 et
1912 2451 2036 2495 tunc

461 2534 684 2589 orabunt
742 2550 836 2601 pro
889 2533 1256 2603 iniquitatibus
1282 2533 1414 2585 suis.
1442 2532 1567 2587 Sive
1608 2544 1668 2586 ut
1730 2532 1890 2597 LXX,
1967 2533 2035 2587 Et

469 2634 676 2699 peccata
737 2640 835 2677 sua
890 2623 1089 2692 placita
1123 2622 1402 2683 habebunt,
1451 2622 1505 2676 id
1537 2632 1644 2689 est,
1670 2638 1859 2693 poenas
1903 2638 2037 2691 quas

464 2711 746 2782 patiuntur
778 2726 875 2778 pro
897 2710 1138 2778 peccatis
1177 2725 1189 2760 :
1220 2708 1300 2762 sic
1340 2709 1485 2761 enim
1527 2710 1672 2777 quod
1700 2710 1909 2764 dictum
1953 2717 2039 2763 est

466 2803 523 2856 in
546 2801 686 2858 Osee
714 2802 1110 2856 intelleximus:
1146 2800 1370 2854 Peccata
1386 2801 1566 2871 populi
1588 2802 1688 2855 mei
1704 2808 1970 2855 comedent
1992 2801 2034 2855 ⁸.

466 2892 608 2958 Quid
629 2890 808 2944 autem
834 2891 937 2944 hoc
958 2899 1063 2954 est,
1093 2891 1144 2943 in
1167 2889 1634 2958 subsequentibus
1650 2890 2036 2945 nianil‘estavit:

470 2982 537 3036 Et
568 2982 636 3036 ad
658 2982 993 3052 iniquitatem
1013 2997 1195 3034 eorum
1244 2981 1585 3035 sublevabunt
1612 2983 1818 3036 animos
1839 2998 2039 3037 eorum.

472 3075 611 3145 Ergo
638 3083 860 3144 peccata
895 3073 1082 3143 populi
1114 3074 1426 3136 comedere,
1452 3081 1538 3127 est
1567 3090 1669 3143 pro
1716 3074 1796 3127 eis
1853 3088 2042 3142 pcenas

2127 1987 2298 2057 spersi
2314 1985 2572 2054 omnique
2597 1992 2849 2040 carentes
2891 1982 3342 2053 praesumptione.
3375 1978 3486 2035 Sed
3534 1982 3707 2036 etiam

2129 2080 2229 2150 ipsi
2267 2086 2619 2149 peccatorum
2642 2092 2885 2140 suorum,
2918 2089 2973 2131 et
2998 2073 3469 2145 praevaricationis
3501 2074 3715 2128 divina:

2129 2172 2265 2242 legis
2286 2170 2492 2225 conscii
2515 2170 2617 2224 sibi
2671 2168 2851 2224 eﬂ'ecti
2905 2174 3052 2222 sunt.
3101 2165 3495 2221 Admirandum
3542 2165 3711 2221 etiam

2131 2272 2216 2317 est
2243 2262 2386 2332 quod
2418 2261 2485 2315 ad
2512 2261 2679 2314 totius
2732 2258 3033 2313 sanctionis
3096 2257 3507 2313 conclusionem
3554 2256 3717 2310 lasti-

2133 2353 2387 2423 giumque
2424 2351 2650 2406 addidit.
2681 2352 2749 2405 Et
2778 2349 3214 2419 intelligendum,
3256 2347 3381 2416 quia
3412 2360 3603 2415 aperte
3617 2348 3715 2416 qui

2134 2444 2190 2497 in
2228 2442 2428 2514 Moyse,
2459 2442 2577 2512 ipse
2603 2440 2847 2495 etiamin
2874 2438 3065 2501 Paulo,
3106 2447 3162 2493 et
3203 2438 3255 2492 in
3288 2436 3550 2491 omnibus
3582 2452 3719 2506 apo-

2135 2535 2288 2588 stolis
2310 2535 2536 2589 locutus‘
2551 2541 2656 2587 est.

2209 2624 2456 2678 Attamen
2482 2640 2609 2677 cum
2637 2631 2800 2677 essent
2836 2624 2892 2674 in
2922 2632 3062 2674 terra
3126 2620 3323 2686 hostili,
3353 2637 3455 2674 non
3507 2620 3721 2688 penitus

2141 2716 2311 2785 abjeci
2343 2732 2452 2776 eos.
2476 2731 2638 2786 neque
2666 2714 2895 2783 despexi,
2933 2721 2989 2765 ut
3035 2722 3480 2774 consumerentur,
3499 2721 3551 2764 et
3588 2711 3723 2764 irri-

2141 2816 2250 2860 tum
2289 2807 2516 2875 [acerem
2542 2813 2754 2874 pactum
2776 2820 2946 2857 meum
2984 2803 3211 2856 cnnteis.
3246 2802 3358 2873 Ego
3409 2803 3552 2856 enim
3598 2817 3728 2855 sum

2140 2895 2401 2949 Dominus
2439 2893 2581 2947 Deus
2606 2909 2805 2956 eorum,
2839 2902 2889 2946 et
2906 2892 3219 2946 recordabar
3244 2892 3454 2962 {aderis
3478 2892 3582 2943 mei
3608 2890 3728 2957 pri-

2141 2986 2296 3049 stini,
2340 2985 2549 3055 quando
2584 2984 2739 3037 eduxi
2781 3000 2864 3037 eos
2909 2984 2972 3037 de
3002 2991 3146 3035 terra
3205 2981 3448 3052 ngypti,
3482 2982 3543 3034 in
3599 2996 3728 3035 m-

2144 3086 2321 3144 speclu
2346 3075 2601 3144 gentium,
2648 3082 2704 3126 ut
2750 3067 2914 3127 essem
2957 3070 3097 3126 Deus
3142 3086 3344 3125 eorum.
3395 3069 3511 3139 Ego
3538 3070 3731 3124 Domi-

471 3142 1044 3234 sustinere,diguaque
1062 3178 1119 3218 se
1149 3163 1258 3233 pati
1290 3164 1521 3232 peccatis
1548 3142 1663 3217 suis
1702 3163 1921 3217 dicunt:
1942 3162 2043 3217 etsi
2072 3142 2113 3200 ο
2147 3142 2264 3221 nus.

472 3252 717 3321 quaedam
770 3261 989 3323 peccata
1045 3269 1141 3308 sua
1175 3254 1540 3320 conﬁtentur,
1567 3254 1814 3324 quaedam
1839 3262 2044 3324 tegunt,

473 3359 594 3414 qua:
623 3343 674 3397 in
702 3344 978 3399 Christum
1006 3346 1416 3402 commiserunt.

546 3434 614 3487 Et
643 3436 955 3489 recordabor
978 3437 1184 3507 {cedetis
1208 3438 1307 3489 mei
1344 3439 1483 3507 quod
1518 3439 1692 3508 pepigi
1722 3454 1841 3491 cum
1864 3437 2046 3505 Iacob,

476 3523 636 3579 Isaac
693 3535 739 3578 et
770 3525 1059 3579 Abraham.
1088 3523 1258 3595 Cujus
1284 3525 1364 3580 rei
1403 3526 1575 3595 gratia
1596 3541 1707 3580 non
1749 3528 2050 3584 secundant

478 3615 727 3669 ordinem
761 3615 1021 3684 temporis
1067 3624 1123 3671 et
1153 3618 1370 3686 generis
1409 3619 1684 3674 Abraham
1712 3621 1897 3689 coepit,
1958 3621 2053 3676 sed

476 3704 684 3760 Jaccb?
714 3706 797 3761 vel
822 3721 919 3760 cur
964 3705 1104 3762 LXX
1131 3723 1242 3762 non
1265 3709 1452 3765 dicunt
1477 3729 1490 3765 :
1529 3709 1937 3767 Testamentum
1957 3711 2051 3783 Ja-

479 3796 602 3861 ccb,
635 3803 690 3850 et
722 3797 887 3875 Isaac,
914 3804 968 3851 et
997 3798 1290 3865 Abraham,
1322 3800 1440 3863 sed,
1465 3810 1830 3856 testamentum
1872 3802 2052 3867 Iacob,

481 3895 530 3941 ct
558 3896 925 3941 testamentum
970 3891 1145 3956 Isaac,
1207 3900 1256 3944 et
1307 3900 1674 3947 testamentum
1748 3891 2057 3947 Abraham?

484 3978 609 4032 Tria
639 3980 1094 4048 quemadmodum
1131 3990 1452 4037 testamenta
1486 3983 1801 4048 innuentes,
1850 3991 1911 4037 ut
1969 3983 2052 4036 le-

485 4084 606 4140 gem
637 4069 889 4124 videlicet
925 4080 979 4125 et
1026 4074 1321 4141 prophetas
1369 4075 1778 4129 commendaret
1818 4074 2061 4145 Evange-

486 4157 642 4225 lium,
678 4174 911 4228 quorum
945 4162 1073 4229 quia
1104 4163 1380 4232 antiquior
1400 4163 1486 4217 lex
1506 4173 1609 4229 est,
1637 4165 1881 4219 secundo
1934 4180 2062 4219 vero

488 4248 609 4303 loco
646 4249 925 4318 pr0phetae
954 4250 1309 4305 novissimum
1358 4252 1711 4323 Evangelium
1775 4254 2064 4309 ostendere

490 4338 802 4395 voluerunt.
831 4339 969 4406 Quia
986 4339 1360 4412 Evangelium,
1390 4342 1494 4397 etsi
1537 4342 1900 4399 novissimum
1938 4361 2061 4414 gra-

2217 3257 2345 3313 llazc
2374 3256 2418 3312 si
2447 3272 2529 3311 vis
2562 3270 2657 3325 per
2695 3255 2907 3326 singula
2932 3265 3283 3321 cognoscere,
3336 3249 3568 3305 Paulum
3584 3252 3730 3321 lege,

2146 3352 2418 3423 quomodo
2446 3365 2542 3405 eos
2566 3364 2677 3403 non
2710 3346 3022 3419 despexerit
3047 3344 3192 3400 D‘eus
3231 3346 3287 3399 in
3341 3352 3490 3398 terra
3517 3344 3731 3409 hostili,

2153 3444 2207 3499 id
2241 3451 2347 3509 est,
2381 3441 2434 3494 in
2462 3439 2786 3510 Evangelico
2848 3444 3198 3501 testamento,
3249 3449 3354 3489 nec
3388 3436 3738 3504 consumpsit

2152 3549 2267 3600 eos,
2294 3542 2355 3587 ut
2387 3532 2602 3586 irritum
2633 3530 2836 3585 faceret
2855 3537 3072 3600 pactum
3096 3543 3256 3582 suum
3288 3526 3606 3597 pristinum.
3630 3524 3741 3580 Ne-

2153 3641 2258 3696 que
2282 3625 2430 3679 cnim
2457 3623 2523 3678 ad
2556 3622 2769 3677 irritum
2802 3620 2935 3675 illud
2963 3620 3190 3675 deduxit
3237 3635 3302 3673 ex
3329 3628 3463 3683 toto,
3524 3619 3624 3673 sed
3680 3628 3741 3672 et

2156 3731 2308 3786 spem
2335 3715 2527 3770 salutis
2554 3712 2791 3782 reliquit,
2816 3728 2915 3766 non
2948 3712 3188 3765 omnibus
3219 3719 3420 3772 autent,
3444 3708 3539 3763 sed
3599 3708 3737 3762 reli-

2157 3808 2313 3878 quiis,
2363 3806 2502 3860 sicut
2525 3804 2722 3859 Paulus
2755 3803 2853 3868 ait,
2908 3801 3197 3873 proferens
3246 3801 3397 3856 Isaia
3449 3800 3744 3870 pmphetae

2159 3898 2551 3952 testimonium.
2573 3892 2630 3948 Si
2653 3895 2815 3964 fuerit
2837 3909 3084 3946 numerus
3116 3891 3349 3961 ﬁliorum
3388 3889 3565 3945 Israel
3605 3891 3743 3943 sicut

2160 4007 2323 4044 arena
2339 3990 2527 4052 maris,
2562 3987 2794 4058 reliquiae
2810 3984 2968 4039 salua:
2997 3984 3129 4050 ﬁunt
3158 3984 3201 4035 ’³.
3232 3980 3367 4035 Dico
3395 3977 3747 4050 ergo,;Num-

2160 4082 2289 4151 quid
2321 4081 2518 4149 repulit
2543 4079 2685 4133 Deus
2702 4078 2914 4147 plebem
2951 4073 3142 4131 suam?
3168 4072 3324 4127 Absit
3351 4073 3366 4126 ι
3402 4070 3747 4126 Recordabi-

2118 4214 2121 4217 η
2165 4183 2252 4228 tur
2273 4172 2435 4226 etiam
2461 4170 2678 4226 foederis
2736 4170 2818 4223 sui
2855 4164 3334 4238 pristini,quando
3383 4162 3532 4217 ﬁlios
3577 4159 3747 4218 Israel

2165 4262 2232 4317 de
2261 4270 2405 4316 terra
2428 4259 2646 4330 IEgypti
2675 4257 2883 4314 eduxit.
2941 4256 3008 4310 Et
3045 4256 3100 4310 in
3159 4271 3269 4326 quo
3311 4252 3748 4309 recordabituri

2166 4353 2238 4408 Ut
2262 4359 2406 4407 esset
2432 4349 2574 4405 Deus
2598 4365 2785 4404 eorum
2808 4349 2864 4403 in
2891 4356 3189 4418 conspectu
3208 4346 3474 4418 gentium.
3508 4345 3594 4400 Ad
3610 4360 3750 4415 quo-

491 4429 585 4496 tia,
635 4430 730 4485 sed
774 4445 806 4483 a
856 4430 969 4485 Deo
990 4432 1344 4501 praeponitur,
1379 4442 1542 4504 atque
1572 4434 1696 4489 ideo
1740 4437 1892 4504 prius
1944 4437 2063 4505 ejus
2095 4467 2139 4520 υ
2168 4457 2288 4495 rum
2314 4440 2663 4496 manifestam
2709 4438 3235 4494 demonstrationem
3303 4434 3585 4491 sulliciunt
3654 4435 3749 4489 tibi

488 4521 807 4577 memoriam
843 4521 986 4589 facit,
1015 4523 1251 4593 primum
1277 4522 1467 4591 Jacob,
1490 4526 1582 4595 qui
1603 4526 1934 4581 novissimus
1980 4537 2066 4581 est

493 4619 739 4681 tempore
765 4621 821 4667 et
844 4613 1053 4679 ordine,
1079 4614 1412 4670 mentionem
1431 4614 1576 4670 facit.
1598 4614 1667 4669 Ut
1684 4616 2065 4686 cognationem

493 4711 677 4756 autem
714 4703 856 4758 inter
888 4721 945 4760 se
972 4706 1227 4761 habentia
1272 4706 1524 4760 similiter
1572 4705 1874 4775 conjunxit.
1910 4706 1976 4759 Et
2011 4707 2066 4759 in

496 4793 606 4857 his,
659 4794 712 4848 in
771 4797 969 4865 quibus
1006 4797 1143 4870 legis
1199 4799 1695 4869 prophetarumque
1738 4799 2070 4853 mentionem

493 4885 645 4951 lacit,
671 4886 724 4939 in
751 4887 836 4941 bis
860 4904 917 4943 se
938 4897 994 4943 et
1026 4889 1301 4961 Evangelii
1358 4891 1491 4947 dicit
1528 4890 1730 4946 facere.
1760 4889 1932 4945 Nimis
1972 4906 2070 4944 au-

493 4985 606 5032 tem
636 4980 739 5034 hoc
767 4995 851 5046 ea,
884 4997 1004 5050 quae
1033 4993 1357 5050 sequuntur,
1394 4984 1703 5038 conﬁrmat.

573 5067 747 5123 Terrae
786 5086 991 5141 quoque
1016 5087 1214 5124 memor
1229 5088 1337 5133 ero.
1364 5089 1479 5143 qua:
1530 5090 1647 5126 cum
1699 5074 1882 5127 relicta
1915 5073 2075 5144 fuerit

491 5160 565 5213 ab
598 5160 690 5223 eis,
709 5163 821 5215 sive
847 5171 904 5215 ut
931 5159 1093 5227 LXX,
1116 5161 1429 5236 relinquitur
1452 5165 1516 5217 ab
1538 5166 1634 5219 eis.
1656 5163 1792 5236 Ergo
1814 5168 1939 5236 quia
1979 5168 2077 5223 be-

498 5248 735 5305 nedictio
765 5253 1003 5306 maxime
1029 5234 1170 5306 terra
1191 5263 1271 5308 est
1297 5269 1328 5307 a
1357 5253 1487 5321 Deo,
1525 5254 1578 5308 in
1612 5257 1872 5311 memoria
1888 5257 2076 5312 haberi

497 5341 733 5413 diligens
803 5343 1196 5413 intelligibilem
1245 5353 1446 5400 terram
1499 5346 1661 5413 Deus,
1686 5348 1739 5403 id
1801 5358 1903 5413 est,
1951 5364 2078 5403 suas

501 5434 823 5505 scripturas,
846 5446 902 5492 et
920 5437 1236 5491 memoriam
1262 5454 1476 5508 eorum,
1533 5449 1587 5495 ct
1633 5456 1743 5495 non
1796 5442 2078 5497 oblivione

576 5644 783 5726 ε’ὀθιίο
809 5671 974 5723 in".
1016 5654 1114 5719 9ῑῖ
1151 5656 1304 5713 Rom.
1333 5676 1388 5724 κ,
1421 5660 1506 5714 19.
1583 5662 1601 5684 ⁸
1635 5660 1790 5716 Rom.
1837 5678 1911 5726 xt,
1943 5662 2034 5715 9.8.

509 5717 613 5785 a7;
651 5724 746 5777 lsa.
778 5739 829 5792 x,
852 5717 971 5780 ae.’
1026 5726 1066 5756 ιο
1100 5717 1253 5783 nom.
1283 5717 1477 5796 mea,
1511 5729 1598 5784 ac.

2170 4533 2288 4587 haec
2310 4531 2637 4601 Apostolicaa
2662 4531 2827 4585 verba
2857 4528 3166 4599 sapientiae.
3196 4525 3317 4581 Non
3343 4527 3483 4580 enim
3513 4524 3635 4578 volo
3666 4541 3752 4579 eos

2169 4625 2434 4693 ignorare,
2462 4624 2675 4693 fratres,
2721 4622 3023 4692 mysterium
3044 4619 3159 4680 hoc.
3195 4626 3249 4670 ut
3285 4633 3388 4670 non
3446 4617 3564 4669 sitis
3610 4618 3753 4687 apud

2171 4714 2502 4781 vosmetipsos
2525 4712 2804 4780 sapientes,
2838 4711 2962 4781 quia
3005 4709 3212 4763 cwcitas
3243 4724 3307 4761 ea:
3343 4716 3498 4777 parte
3527 4706 3749 4777 contigit

2172 4805 2229 4858 in
2257 4802 2446 4868 Israel,
2480 4804 2642 4857 donec
2666 4803 2935 4872 plenitudo
2987 4802 3222 4872 gentium
3293 4800 3566 4863 introiret,
3604 4807 3652 4850 et
3680 4799 3752 4849 sic

2176 4895 2344 4948 omnis
2364 4893 2534 4949 Israel
2547 4893 2722 4947 salvus
2741 4893 2886 4962 ﬁeret
2907 4893 2974 4945 ιο.
3006 4892 3151 4946 Bene
3168 4906 3300 4966 ergo
3316 4891 3382 4943 ad
3418 4892 3594 4944 totius
3608 4890 3751 4944 verbi

2179 4983 2588 5039 conclusionem
2620 4981 2880 5037 Dominus
2925 4980 3105 5036 dixit:
3164 4979 3273 5051 Ego
3319 4978 3595 5031 Dominus.
3657 4976 3753 5043 Qui

2182 5079 2424 5131 omnium
2451 5076 2685 5131 salutem
2720 5074 2866 5135 volo,
2890 5081 3052 5141 atque
3083 5070 3206 5126 ideo
3233 5071 3396 5124 etiam
3418 5068 3753 5129 Judaaorum.

2181 5168 2312 5222 licet
2334 5175 2456 5237 post
2479 5175 2559 5221 tot
2587 5164 2922 5234 iniquitates.
2966 5161 3277 5217 salvaturus
3301 5159 3584 5228 reliquias.

2226 5246 2229 5247 ν
2256 5259 2417 5314 Vens.
2449 5258 2540 5313 45.
2583 5274 2603 5308 t
2644 5257 2770 5311 Haec
2797 5260 3207 5323 suntpra‘cepta
3236 5257 3399 5320 atque
3429 5249 3659 5318 judicia,
3710 5254 3761 5300 et

2184 5352 2330 5422 leges
2347 5366 2482 5420 quas
2513 5348 2664 5405 dedit
2690 5347 2953 5402 Dominus
2984 5344 3126 5398 inter
3155 5357 3235 5408 se,
3270 5351 3326 5397 et
3348 5341 3509 5404 lilios,
3535 5340 3646 5407 vel,
3708 5341 3757 5391 iu

2189 5451 2378 5495 monte
2409 5439 2559 5493 Sinai
2583 5454 2679 5510 per
2705 5452 2932 5492 manum
2953 5434 3141 5515 Moysi.
3175 5453 3194 5484 ι

2139 5663 2156 5693 ⁷
2192 5661 2348 5715 Rom.
2410 5678 2463 5725 v,
2492 5660 2577 5715 l0.
2673 5658 2693 5690 '
2727 5657 2884 5712 Osce.
2921 5673 2993 5722 tv,
3033 5656 3085 5710 8.
3160 5655 3182 5687 ’
3213 5652 3343 5708 ibid.
3416 5652 3457 5683 "
3495 5650 3655 5706 Rom.
3687 5666 3762 5718 ιι,
