3988 6222
311 335 442 403 ῙῖῖρἿ

1414 344 1495 403 IN
1540 343 1982 404 LEVITICUM.
2025 370 2095 380 --
2134 345 2280 407 LIB.
2322 344 2452 406 VII.

3424 357 3560 423 115%

387 452 506 509 Non
538 454 715 510 otiose
737 456 1007 522 intendas,
1031 472 1152 527 quae
1199 456 1344 512 dicta
1367 466 1515 521 sunt.
1564 457 1886 512 Conclusio—
1915 465 1958 520 Α
1989 458 2230 525 cerdote,
2255 467 2311 512 et
2330 466 2597 528 quantum
2616 458 2703 513 ille
2732 458 3102 527 aestimaverit,
3125 470 3180 518 et
3209 463 3405 525 viderit
3433 486 3559 528 eum

306 559 431 599 nem
488 545 636 600 enim
696 547 878 601 verbis
934 548 1046 602 suis
1102 547 1379 618 legislator
1428 547 1652 617 adjecit,
1685 563 1747 603 ex
1772 562 1876 617 qua

307 644 481 705 usque
513 636 579 690 ad
603 645 811 691 certum
835 647 1048 708 tempus
1072 637 1284 692 ﬁrmam
1316 638 1448 693 velit
1472 654 1594 693 esse
1616 638 1752 710 legis
1790 639 1876 693 lit-

310 735 496 790 teram,
534 727 652 782 sine
681 728 859 797 aliqua
903 729 1244 783 dubitatione
1289 728 1677 791 manifestavit,
1705 739 1760 785 et
1785 730 1882 786 Ju-

311 818 551 873 daeorum
585 819 859 874 obstruxit
879 835 961 885 os,
990 819 1335 874 tentantibus
1360 820 1464 874 hac
1489 821 1606 892 lege
1627 821 1701 875 uti
1716 822 1879 876 etiam

312 925 481 974 nunc,
505 911 724 980 quando
756 919 974 981 tempus
1001 927 1113 965 non
1148 913 1502 982 habent,jam
1534 913 1788 969 veniente
1816 929 1883 968 eo

309 999 403 1069 qui
427 998 652 1062 Judwis,
677 1000 822 1054 sicut
849 1001 1105 1062 inﬁrmis,
1143 1002 1299 1056 lactis
1332 1002 1452 1056 vice
1479 1002 1612 1072 legis
1648 1003 1882 1057 litteram

313 1091 624 1160 quuisivit,
655 1090 858 1146 ethuic
907 1091 1126 1162 Moysen
1173 1092 1496 1162 praecipiens
1551 1094 1882 1157 ministrare,

314 1180 430 1251 ipse
460 1182 685 1236 veniens
715 1183 782 1236 ad
814 1183 961 1236 illam
1014 1183 1311 1253 perfectius
1338 1184 1639 1239 introduxit
1661 1184 1883 1253 judicia.

312 1272 454 1342 Ergo
471 1274 769 1327 secundum
828 1274 969 1343 quod
996 1275 1165 1328 semel
1204 1274 1463 1337 diximus,
1500 1276 1882 1344 propriedixit,

311 1378 432 1431 qum
478 1362 587 1416 Deo
614 1363 898 1429 jndicante
958 1365 1027 1419 de
1074 1365 1395 1431 quibusdam
1450 1365 1720 1434 capitulis,
1768 1381 1888 1435 qua:

312 1454 627 1524 ignorantes
686 1455 1180 1526 interrogaverunt,
1228 1458 1370 1512 dicta
1430 1467 1578 1512 sunt.
1612 1458 1886 1529 Prmcepta

314 1555 517 1609 autem,
541 1562 662 1615 quer.
685 1562 792 1601 non
819 1548 922 1601 hoc
945 1548 1124 1612 modo,
1159 1550 1254 1602 sed
1284 1550 1581 1619 semetipso
1611 1549 1889 1620 legislator

315 1634 465 1688 nullo
514 1635 882 1706 interrogante
927 1637 1181 1691 sancivit.
1225 1636 1429 1692 Deinde
1463 1640 1744 1694 succincte
1802 1649 1888 1694 to-

314 1724 424 1779 tius
455 1726 751 1781 sanctionis
806 1726 1270 1796 dispensationem
1359 1728 1648 1798 complecti
1694 1729 1882 1784 volens

312 1817 551 1871 subdidit
586 1835 599 1871 :

383 1908 452 1961 Et
480 1908 616 1979 leges
649 1924 781 1978 quas
807 1908 947 1963 dedit
979 1908 1230 1964 Dominus
1248 1910 1384 1964 inter
1412 1927 1468 1965 se
1497 1921 1545 1966 et
1590 1913 1727 1966 inter
1745 1912 1884 1982 ﬁlios

314 1997 509 2053 Israel.
534 2000 756 2070 Propter
784 2000 927 2068 quod
957 2009 1014 2055 et
1048 2000 1241 2070 reliqui
1264 2000 1612 2070 interpretes,
1643 2004 1886 2071 exceptis

315 2089 400 2143 LX
416 2089 480 2154 X,
498 2091 642 2160 leges
662 2090 971 2158 ediderunt,
1005 2091 1314 2144 diﬂ'ercntia
1339 2091 1472 2162 legis
1491 2094 1706 2162 negotia
1718 2094 1886 2148 verbo

317 2175 419 2230 hoc
446 2175 823 2229 demonstrare
841 2176 1145 2245 cupientes.
1206 2175 1346 2241 Quid
1393 2186 1686 2231 autemest
1740 2178 1887 2248 quod

315 2264 452 2319 dixit
468 2264 641 2319 inter?
678 2265 785 2319 nisi
810 2264 936 2334 quia
965 2263 1334 2333 proculdubio
1358 2279 1529 2332 usque
1552 2266 1683 2318 dum
1703 2265 1888 2319 veniat

315 2356 384 2410 de
417 2371 526 2425 quo
553 2355 632 2409 ait
665 2354 870 2410 lsaias:
912 2353 1033 2423 Ipse
1053 2355 1223 2409 veniet
1278 2353 1568 2407 elsalvabit
1595 2370 1686 2408 nos
1713 2369 1732 2408 :
1764 2363 1889 2407 tunc

317 2447 623 2517 aperientur
636 2446 772 2500 oculi
785 2455 1117 2509 cwcornm,el
1135 2461 1290 2498 aures
1301 2444 1579 2498 surdornm
1595 2445 1808 2498 audient
1824 2448 1833 2475 '
1847 2447 1886 2509 ¹,

323 2547 375 2592 et
401 2552 742 2608 quaecunque
767 2536 820 2590 in
859 2536 947 2589 illa
994 2535 1280 2605 prophetia
1321 2535 1705 2588 continentur:
1761 2542 1892 2590 tunc

319 2644 661 2700 nequaquam
696 2628 837 2682 ultra
867 2627 1165 2681 secundum
1193 2625 1537 2696 superﬁciem
1567 2625 1776 2690 littera,
1797 2626 1892 2680 sed

317 2720 774 2790 quemadmodum
820 2720 938 2789 ipse
955 2719 1292 2789 eprsuerit,
1329 2724 1549 2786 oportet
1569 2717 1743 2787 legem
1793 2732 1892 2770 cu-

320 2810 509 2865 stodiri
527 2809 593 2865 ad
612 2809 992 2878 Evangelicam
1015 2808 1243 2879 gratiam
1268 2807 1582 2861 translatam
1609 2816 1663 2860 et
1685 2807 1750 2860 ad
1767 2821 1895 2875 per»

320 2899 607 2954 fcctiorem
652 2900 1147 2964 conversationem,
1177 2914 1289 2952 non
1312 2905 1371 2952 ut
1389 2898 1455 2952 ad
1478 2897 1689 2951 irritum
1720 2897 1893 2951 dedu-

320 2998 497 3054 catur,
530 2989 626 3044 scd
649 2996 710 3043 ut
737 2990 805 3043 ad
826 2989 1148 3058 prudentem
1183 2988 1714 3058 interpretationem,
1773 2987 1888 3056 spi-

323 3082 643 3179 τίιξλξθιηίζηξ
919 3081 1185 3135 traham“
1229 3081 1340 3135 cur
1382 3079 1548 3135 θιί²¹¹¹
1584 3079 1762 3134 locum
1818 3079 1893 3132 δί’
1922 3125 1964 3179 C
1997 3105 2156 3174 genti.
2178 3104 2581 3174 Quinquaginta
2605 3105 2932 3159 didrachmas
2957 3079 3238 3173 sive'sicli,

323 3172 637 3243 gnilicavit?
667 3171 743 3225 ait
764 3171 909 3225 enim
937 3187 952 3223 :

397 3261 464 3316 In
494 3271 667 3317 monte
694 3261 877 3329 Sinai,
911 3262 1016 3316 nisi
1049 3270 1265 3325 utnon,
1295 3261 1462 3315 David
1498 3261 1717 3316 dicente
1750 3276 1763 3310 :
1802 3262 1894 3314 Vi-

326 3354 529 3408 debitur
550 3354 690 3408 Deus
717 3355 936 3407 deorum
960 3352 1017 3405 in
1046 3350 1174 3406 Sion
1203 3352 1247 3384 "
1272 3368 1288 3418 ;
1318 3359 1373 3405 et
1400 3351 1692 3420 Malachia‘:
1713 3352 1898 3410 Subito

326 3446 493 3500 ueniet
522 3445 578 3498 in
603 3442 856 3513 templum
879 3459 1036 3496 suum
1076 3442 1353 3503 Dominus,
1383 3459 1535 3511 quem
1590 3459 1677 3497 vos
1706 3447 1900 3515 quaeri-

330 3536 490 3603 tis“;
527 3543 583 3590 et.
610 3548 802 3589 rursus
821 3532 1123 3588 David:Ea:
1159 3532 1287 3587 Sion
1319 3534 1509 3602 species
1546 3535 1742 3588 decoris
1761 3535 1897 3604 ejus,

328 3629 468 3684 Dens
502 3628 810 3697 manifestus
830 3626 1016 3691 veniet,
1038 3625 1176 3680 Dens
1192 3634 1385 3688 noster,
1409 3637 1459 3678 et
1487 3641 1588 3677 non
1615 3625 1782 3679 silebit
1806 3626 1849 3659 ιδ
1880 3643 1896 3680 :

328 3720 475 3775 illam
530 3719 649 3786 ejus
685 3717 792 3772 dici
838 3717 1298 3786 dispensationem
1347 3725 1602 3785 putemus
1656 3725 1900 3785 tempore

330 3810 466 3881 legis
492 3818 692 3871 actam,
726 3807 869 3862 unde
907 3807 1000 3861 hic
1060 3814 1168 3860 tam
1208 3805 1313 3859 loci
1380 3804 1711 3858 mentionem
1774 3805 1904 3859 fecit

328 3916 493 3970 quam
516 3897 874 3953 ministrantis
901 3897 1089 3968 Moysi,
1109 3905 1167 3950 ut
1194 3912 1257 3951 ex
1282 3896 1385 3950 hoc
1408 3894 1903 3964 disceremus,quia

327 3991 497 4047 alium
524 3990 682 4045 nobis
713 3988 1007 4044 adventum
1041 3987 1158 4057 ejus
1188 3986 1468 4056 prophetae
1513 3984 1899 4055 promiserunt,

331 4083 425 4153 qui
454 4097 570 4137 nec.
585 4081 640 4135 in
678 4080 829 4147 Sina,
863 4095 968 4135 nec
1003 4093 1104 4148 per
1158 4077 1535 4139 mediatorem,
1575 4068 1691 4132 sed
1718 4085 1905 4146 aperte

332 4176 511 4232 factus
541 4185 646 4231 est.

890 4260 1118 4319 CAPUT
1162 4260 1375 4326 ΧΧᾘΙ.

409 4357 571 4413 Vens.
600 4355 705 4411 1-8.
748 4374 767 4407 ι
791 4355 1141 4423 Locutusque
1162 4361 1247 4408 est
1298 4351 1559 4406 Dominus
1588 4351 1657 4407 ad
1684 4349 1908 4421 Moysen

1981 563 2144 618 posse
2172 549 2419 612 reddere,
2440 557 2649 604 tantum
2680 550 2849 605 dabit.
2901 572 2919 603 ο

2050 639 2211 693 Plena
2234 649 2366 695 sunt
2380 641 2497 695 haec
2518 641 2685 695 etiam
2708 641 3037 712 lcgislatoris
3057 648 3220 702 verba
3241 649 3557 719 prudentia,

1983 730 2215 785 maxime
2253 740 2559 801 Opportune
2588 742 2911 789 conservata
2942 739 3215 807 tempori;
3251 756 3372 810 qua:
3408 743 3557 798 enim

1982 827 2229 887 oporteat
2254 821 2357 890 agi,
2384 833 2506 888 quae
2557 820 2807 886 minime,
2865 822 2921 876 in
2951 827 3329 896 superioribus
3365 833 3571 900 praeciv

1983 909 2161 977 piens,
2191 924 2337 964 nunc
2359 909 2525 964 etiam
2572 911 2893 982 dignitatem
2955 930 3018 969 ea
3065 921 3441 990 peragentium
3492 940 3565 979 ex

1985 1005 2118 1064 toto,
2144 1001 2231 1054 vel
2259 1014 2326 1054 ex
2353 1010 2529 1070 parte,
2552 1017 2650 1070 per
2683 1004 2818 1068 haec,
2843 1020 2965 1074 qua:
3000 1007 3262 1065 dicuntur
3312 1014 3557 1084 exponit.

1983 1089 2053 1144 Et
2075 1090 2202 1158 quid
2227 1091 2298 1146 sit
2334 1091 2575 1161 perfecta
2612 1093 2749 1159 vita,
2771 1110 2892 1164 quae
2909 1106 3089 1152 autem
3129 1101 3309 1157 adhuc
3331 1105 3383 1157 in
3432 1121 3554 1174 pro-

1984 1179 2130 1234 fectu
2152 1183 2614 1253 constituta,quid
2630 1184 2843 1240 initium
2874 1189 3199 1257 cognitionis
3224 1194 3560 1263 Deihabens,

1984 1270 2115 1340 quid
2136 1272 2273 1339 veri,
2307 1288 2427 1342 qua:
2462 1276 2725 1329 virtutum
2789 1292 2977 1346 opera,
3028 1280 3173 1334 clare
3215 1283 3563 1354 perfecteque

1985 1362 2277 1429 percurrit.
2304 1362 2407 1417 Sed
2435 1373 2489 1417 et
2518 1364 2846 1431 infirmatus,
2893 1383 3005 1422 non
3062 1379 3244 1423 tamen
3295 1375 3563 1431 recedens

1985 1452 2056 1506 ab
2082 1467 2179 1518 ea,
2212 1453 2529 1511 differentes
2584 1466 2774 1511 aetates
2816 1460 3117 1525 ascribens,
3152 1465 3425 1531 exposuit.
3468 1464 3562 1519 Di-

1987 1544 2062 1598 cit
2079 1554 2262 1600 autem
2285 1546 2366 1601 sic
2387 1563 2399 1597 :

2058 1633 2251 1701 Homo,
2277 1637 2367 1699 qui
2392 1645 2570 1689 uolunt
2604 1639 2804 1708 fecerit,
2831 1649 2880 1692 et
2907 1644 3242 1709 spoponderit
3302 1645 3414 1700 Deo
3443 1648 3564 1700 ani-

1990 1738 2130 1775 mam
2151 1739 2324 1777 suam.
2350 1724 2407 1778 ld
2440 1734 2557 1789 est,
2619 1727 2930 1797 quicunque
2975 1732 3284 1798 promiserit
3327 1734 3560 1790 animum

1914 1799 1956 1856 Β
1984 1822 2138 1862 suatn
2173 1809 2671 1881 Deo,‘omnemque
2699 1812 2749 1866 ei
2781 1828 2934 1868 suam
2956 1815 3121 1870 vitam
3143 1817 3340 1871 offerre
3375 1821 3563 1874 volue-

1986 1896 2075 1952 rit.
2122 1896 2352 1968 Propter
2400 1901 2546 1969 quod
2593 1902 2785 1972 Aquila
2835 1912 2893 1957 et
2943 1903 3317 1973 Theodotion,
3366 1924 3466 1976 pro
3495 1924 3563 1964 eo

1985 1990 2131 2057 quod
2158 1990 2364 2045 dictum
2389 1999 2494 2057 est,
2522 2002 2698 2046 votum
2747 1996 2948 2064 fecerit,
2982 1996 3339 2064 Symmachus
3355 2012 3561 2066 autem,

1986 2078 2030 2129 si
2046 2082 2393 2147 superauerit,
2427 2081 2738 2136 ediderunt.
2770 2082 3103 2138 Admirabile
3155 2088 3303 2140 enim
3327 2102 3456 2143 vere
3480 2097 3566 2144 est

1987 2177 2043 2222 et
2067 2170 2221 2225 valde
2242 2170 2566 2225 beatitudini
2601 2173 2932 2241 proximum,
2978 2184 3154 2231 totum
3205 2181 3563 2250 semetipsum

1988 2261 2298 2330 quempiam
2328 2260 2437 2315 Deo
2460 2262 2680 2328 oﬂ‘errc,
2732 2272 2791 2317 ut
2816 2264 3054 2319 animam
3105 2283 3258 2321 suam
3313 2268 3564 2336 Domino,

1990 2350 2073 2405 vel
2106 2351 2245 2405 sicut
2267 2350 2427 2417 LXX,
2454 2354 2695 2407 honorem
2724 2354 2919 2408 anima:
2942 2371 3051 2409 sure
3069 2356 3313 2421 Domino,
3348 2359 3401 2413 id
3455 2368 3563 2427 est,

1993 2450 2053 2494 ut
2080 2443 2273 2496 oll‘erat
2307 2443 2416 2496 Deo
2430 2438 2597 2512 'quem
2641 2445 2851 2513 accepit
2872 2446 2940 2499 ab
2967 2461 3034 2500 eo
3060 2448 3259 2502 animae
3288 2449 3556 2506 honorem

1992 2534 2166 2597 illum,
2219 2534 2289 2588 de
2344 2551 2452 2603 quo
2494 2535 2659 2590 David
2689 2536 2997 2593 daemonum
3054 2537 3280 2593 insidias
3303 2540 3563 2605 innuens,

1991 2626 2209 2681 dicebat
2242 2643 2258 2680 :
2300 2627 2666 2682 Verumtamen
2696 2632 2947 2684 honorem
2992 2646 3165 2684 meum
3207 2633 3569 2701 cogitaverunt

1992 2718 2239 2788 repellere
2270 2719 2333 2773 ίδ.

2054 2835 2171 2888 Erit
2201 2836 2428 2903 pretium
2482 2836 2708 2889 masculi
2764 2853 2795 2889 a
2828 2838 3071 2892 vicesimo
3102 2855 3260 2901 anno,
3294 2855 3454 2911 usque
3497 2854 3567 2896 aa

1993 2925 2373 2992 sexagesimum
2403 2939 2623 2987 annum,
2657 2925 3041 2995 quinquaginta
3083 2926 3199 2980 sicli
3223 2930 3448 2998 argenti,
3497 2935 3567 2984 ad

1996 3029 2293 3065 mensuram
2321 3014 2634 3066 sanctuarii.
2675 3014 2803 3068 Sive
2832 3024 2888 3069 ut
2912 3014 3055 3069 LXX
3086 3060 3098 3082 ,
3130 3018 3452 3073 didrachmw
3475 3035 3565 3074 ar-

3267 3110 3409 3163 obuli
3439 3119 3569 3165 sunt.

1999 3196 2146 3249 mille
2178 3214 2190 3249 :
2230 3197 2422 3266 viginti
2450 3197 2595 3250 enim
2628 3197 2821 3250 obolos
2869 3212 2988 3251 esse
3023 3198 3236 3263 siclum,
3294 3201 3410 3254 sive
3480 3202 3568 3256 di-

1998 3286 2332 3347 drachmam,
2363 3287 2449 3340 hic
2473 3286 2589 3355 ipse
2619 3287 2672 3339 in
2707 3285 2891 3340 Exodo
2923 3288 3077 3341 dixit.
3096 3289 3186 3342 Ait
3211 3289 3357 3343 enim
3389 3268 3467 3344 sic
3497 3291 3567 3345 de

2001 3378 2123 3433 filiis
2159 3377 2315 3431 Israel
2347 3376 2551 3433 :Juxla
2573 3393 2842 3430 numerum
2877 3378 3075 3431 dabunt
3108 3379 3304 3448 singuli
3341 3380 3568 3447 pretium

2000 3482 2096 3536 pro
2114 3465 2390 3519 animabus
2414 3466 2521 3519 suis
2552 3465 2773 3518 Domino
2807 3466 2870 3529 ³⁸,
2906 3465 2998 3534 qui
3028 3473 3208 3520 autem
3241 3466 3448 3521 dabunt
3493 3468 3574 3521 di-

2002 3555 2230 3608 midium
2263 3553 2404 3619 sicli,
2436 3554 2591 3623 juxta
2621 3568 2935 3608 mensuram
2967 3554 3176 3621 templi,
3206 3554 3291 3607 vel
3321 3562 3382 3607 ut
3406 3553 3570 3620 LXX,

2001 3647 2355 3707 didraclnnaa,
2377 3645 2522 3714 quod
2550 3645 2852 3700 secundum
2901 3645 3276 3698 didrachmam
3326 3655 3570 3699 sanctam

2001 3737 2191 3806 viginti
2222 3736 2385 3790 oboli.
2424 3737 2551 3790 Sicli
2574 3751 2704 3805 ergo
2763 3738 2876 3789 sive
2932 3735 3280 3800 didrachmas,
3303 3735 3423 3790 ideo
3471 3751 3573 3794 nos

1998 3827 2153 3896 juxta
2182 3842 2491 3880 mensuram
2524 3826 2730 3894 templi,
2761 3827 2845 3878 vel
2896 3825 3198 3878 secundum
3261 3840 3573 3881 mensuram

2003 3917 2300 3973 sanctuarii
2332 3916 2608 3970 reminisci
2651 3916 2843 3979 voluit,
2876 3914 2942 3969 ad
2978 3914 3131 3970 illum
3182 3915 3318 3985 legis
3366 3925 3576 3972 textum

2003 4007 2375 4063 transmittere
2406 4020 2506 4060 nos
2530 4006 2780 4074 cupiens,
2816 4005 2871 4058 in
2905 4020 3012 4075 quo
3036 4004 3226 4075 viginti
3277 4005 3467 4060 obolos
3488 4007 3575 4062 di-

2002 4094 2313 4151 dracltmam
2348 4101 2589 4148 sanctam
2619 4106 2761 4157 esse,
2793 4091 2906 4147 sive
2929 4093 3124 4147 siclum
3147 4092 3243 4147 ait.
3269 4091 3405 4147 Cum
3424 4094 3575 4164 adja-

2004 4191 2150 4239 ceret
2173 4190 2352 4235 autem
2377 4181 2665 4250 praecipere
2690 4194 2857 4233 unum
2894 4179 3110 4239 siclum.
3141 4180 3227 4233 vel
3263 4180 3577 4235 drachmam

2005 4269 2213 4334 oﬂ'erri,
2240 4283 2350 4323 non
2382 4270 2463 4323 sic
2495 4268 2779 4337 praecepit,
2829 4268 2925 4321 sed
2958 4267 3074 4321 sicli
3105 4266 3219 4321 sive
3248 4266 3580 4322 didrachmas

2009 4357 2317 4412 dimidium.
2338 4354 2439 4409 Per
2465 4357 2567 4409 hoc
2588 4355 2985 4414 demonstrans.
3038 4354 3170 4422 quia
3201 4354 3419 4423 prpprie
3450 4368 3581 4409 san-

336 4451 556 4506 dicens:
586 4449 831 4518 Loquere
853 4446 977 4500 filiis
1007 4445 1171 4501 Israel
1206 4452 1263 4499 et
1279 4445 1428 4499 dices
1452 4444 1521 4498 ad
1564 4458 1659 4498 eos
1691 4461 1705 4496 :
1733 4443 1906 4497 Homo
1938 4458 1980 4513 ι)
2012 4456 2157 4503 ctum
2183 4445 2240 4502 in
2273 4445 2389 4515 lege
2411 4452 2516 4510 est,
2549 4459 2658 4498 non
2690 4445 2832 4513 quod
2880 4444 3179 4498 secundum
3208 4444 3375 4499 solam
3432 4445 3581 4500 nuc-

335 4540 428 4612 qui
450 4550 632 4596 votum
655 4539 865 4604 fecerit,
895 4545 951 4591 et
978 4536 1330 4607 spoponderit
1349 4536 1458 4590 Dco
1474 4536 1711 4589 animam
1729 4549 1905 4594 suam,

338 4633 442 4689 sub
466 4630 825 4687 aestimatione
846 4629 998 4684 dabit
1023 4628 1277 4699 pretium.
1326 4627 1383 4682 Si
1418 4626 1585 4681 fuerit
1611 4625 1904 4691 masculus,

336 4725 652 4780 avicesimo
693 4737 865 4791 usque
927 4720 993 4774 ad
1049 4718 1439 4789 sexagesimum
1485 4732 1709 4782 annum,
1758 4715 1908 4771 dabit

338 4816 734 4888 quinquaginta
756 4814 918 4868 siclos
946 4812 1154 4884 argenti
1184 4811 1249 4865 ad
1288 4824 1598 4865 mensuram
1654 4817 1907 4863 sanctua-

338 4907 408 4969 rii
434 4925 448 4960 :
476 4908 520 4962 si
551 4906 764 4967 mulier,
807 4904 1046 4975 triginta.
1070 4902 1117 4957 A
1145 4902 1334 4971 quinto
1349 4908 1532 4955 autem
1561 4913 1707 4953 anno
1732 4913 1905 4967 usque

337 5000 409 5054 ad
449 4997 784 5061 vicesimum,
804 4995 1078 5050 masculus
1107 4992 1259 5048 dabit
1289 4991 1477 5062 viginti
1495 4991 1680 5055 siclos,
1706 4989 1905 5045 femina

340 5093 551 5149 decem.
574 5090 656 5144 Ab
698 5104 809 5143 uno
846 5102 1035 5142 mense
1074 5100 1251 5155 usque
1286 5085 1354 5140 ad
1403 5098 1606 5138 annum
1655 5082 1907 5152 quintum

339 5197 441 5254 pro
482 5181 726 5236 masculo
775 5178 1052 5234 dabuntur
1090 5176 1331 5245 quinque
1376 5175 1516 5237 sicli,
1579 5188 1679 5243 pro
1708 5171 1909 5228 femina

340 5282 475 5329 tres.
508 5270 925 5341 Sexagenarius,
946 5276 1002 5323 et
1034 5267 1173 5322 ultra
1197 5267 1470 5322 masculus
1507 5265 1656 5320 dabit
1678 5264 1911 5334 quinde~

340 5363 447 5420 cim
466 5363 650 5429 siclos,
667 5362 870 5417 femina
887 5360 1097 5414 decem.
1134 5357 1190 5412 Si
1237 5372 1443 5427 pauper
1474 5355 1660 5421 fuerit,
1683 5368 1740 5411 et
1765 5356 1913 5412 aesti-

340 5454 640 5511 mationem
672 5454 898 5511 reddere
924 5465 1036 5505 non
1077 5448 1328 5515 valuerit,
1375 5448 1540 5503 stabit
1588 5464 1771 5502 coram
1827 5463 1914 5502 sa-

417 5637 458 5671 “
487 5637 568 5692 lsa
622 5649 784 5698 xxxv,
820 5635 874 5698 4,
911 5633 963 5687 5.
1044 5632 1087 5662 ¹²
1118 5629 1259 5685 l’sal.
1295 5646 1519 5696 Lxxxnt,
1561 5631 1613 5684 8.

341 5710 593 5771 113,12.

1696 5629 1736 5662 "
1768 5628 1994 5684 Malacli.
2031 5643 2115 5693 ιιι,
2147 5627 2197 5680 1.

2013 4554 2150 4604 ram,
2183 4536 2278 4591 sed
2308 4537 2471 4590 etiam
2501 4535 2802 4589 secundum
2838 4535 3092 4603 spiritum
3127 4534 3466 4604 intelligitur,
3524 4545 3583 4592 et

2012 4628 2176 4699 hujus
2215 4628 2442 4683 debetur
2499 4626 2723 4680 oblatio.
2781 4625 2937 4680 Unde
2983 4632 3039 4679 et
3062 4625 3365 4680 secundum
3407 4625 3578 4701 LXX,

2013 4720 2163 4790 ipsas
2188 4720 2536 4774 didrachmas
2554 4717 2657 4772 sibi
2677 4716 2980 4786 conjunxit,
3006 4716 3287 4771 dimidium
3301 4726 3480 4772 autem
3499 4717 3584 4772 of-

2011 4797 2140 4867 ferri
2171 4809 2463 4878 praecepit:
2487 4815 2545 4861 ut
2568 4807 2736 4870 dicas,
2767 4806 2893 4875 quia
2929 4805 3379 4860 condescendens
3438 4805 3584 4861 sicut

2012 4898 2262 4963 inﬁrmis,
2295 4900 2381 4954 his
2399 4898 2492 4969 qui
2515 4898 2686 4966 legem
2710 4896 3070 4965 accipiebant,
3118 4910 3228 4949 non
3287 4894 3582 4964 perfectam

2011 4991 2358 5057 oblationem,
2397 4989 2774 5059 imperfectum
2802 4996 2888 5042 est
2939 4987 3140 5057 quippe
3174 4985 3476 5047 dimidium,
3501 4983 3586 5037 of-

2014 5085 2145 5141 ferri
2165 5083 2443 5154 praecepit,
2478 5080 2623 5151 quod
2643 5088 2885 5135 sanctam
2909 5072 3280 5133 didrachmam
3300 5075 3353 5128 in
3384 5075 3469 5128 bis
3487 5074 3587 5127 dc-

2015 5196 2131 5235 cem
2153 5190 2237 5234 est
2257 5177 2469 5238 obolos,
2504 5176 2558 5230 id
2587 5183 2692 5240 est,
2717 5174 2771 5228 in
2794 5173 3004 5244 viginti.
3032 5172 3145 5227 Lex
3190 5168 3335 5224 enim
3382 5166 3471 5221 bis
3487 5167 3584 5221 de-

2017 5288 2133 5325 cem
2181 5268 2431 5324 mandata
2479 5266 2662 5330 habet,
2722 5264 2947 5334 exigens
2972 5278 3036 5317 ea
3079 5257 3366 5329 duplicari,
3400 5255 3452 5309 id
3480 5264 3583 5321 est,

2018 5361 2316 5416 secundum
2347 5359 2679 5420 litteram,et
2699 5354 2998 5411 secundum
3026 5350 3281 5421 spiritum
3299 5346 3585 5402 custodiri.

2017 5450 2126 5506 lllis
2146 5458 2351 5515 autem,
2383 5458 2443 5503 ut
2467 5455 2651 5521 mente
2681 5443 3037 5516 pauperibus.
3071 5439 3397 5502 suﬁiciebat,
3417 5444 3471 5491 et
3497 5451 3589 5490 Su-

3355 5618 3393 5650 -θ
3415 5614 3588 5674 Exod.

2277 5625 2321 5657 “’
2344 5625 2483 5680 Psal.
2512 5640 2652 5690 χιιι,
2684 5623 2734 5677 3.
2823 5624 2865 5653 ’⁸
2897 5620 3035 5673 Psal.
3068 5633 3150 5673 ut
3175 5658 3189 5681 ,
3220 5620 3266 5674 b.
