3962 6220
363 328 499 397 1159

360 551 418 595 et
446 542 635 594 decem
698 536 1077 591 mandatorum
1122 536 1323 591 olferre
1369 536 1563 590 saltem
1607 533 1938 589 sensibiliter

362 628 736 698 impletionem
791 635 954 697 atque
984 626 1276 691 actionem,
1296 640 1392 695 per
1422 641 1583 695 quam
1606 640 1760 679 suam
1775 625 1938 680 etiam

360 720 592 775 liberare
611 720 851 772 animam
884 718 952 772 de
977 726 1326 787 peccatorum
1363 717 1626 771 servitute
1663 715 1940 770 sensibilis

360 809 602 866 Israelita
620 817 854 879 poterat.
875 807 933 862 Si
961 809 1083 878 quis
1106 822 1235 878 ergo
1255 823 1287 861 a
1327 807 1591 862 vicesimo
1635 820 1784 860 anno
1830 811 1935 868 est,

361 902 419 958 id
453 910 557 966 est,
581 901 775 971 pubes,
808 899 984 964 fortis,
1038 898 1271 963 validus,
1310 897 1587 953 sulliciens
1613 911 1805 952 omnes
1823 894 1939 950 vir-

365 1001 509 1049 tutes
535 992 772 1063 operari.
795 1001 850 1046 et
871 991 1143 1061 subjicere
1165 988 1531 1061 intelligibiles
1556 988 1806 1044 inimicos
1824 1001 1941 1042 om-

363 1085 528 1141 nibus
556 1082 882 1146 actionibus,
905 1089 962 1136 et
989 1081 1246 1151 operibus
1271 1099 1283 1134 :
1310 1096 1342 1135 a
1368 1081 1554 1152 viginti
1580 1080 1725 1135 enim
1756 1077 1937 1144 annis,

362 1186 419 1232 ct
442 1192 627 1246 supra.
659 1174 821 1229 Israel
853 1173 974 1228 vide
998 1172 1129 1242 quid
1158 1172 1226 1227 de
1246 1172 1351 1227 hac
1368 1182 1529 1227 aetate
1558 1171 1795 1226 dicebat.

436 1267 622 1322 Omnis
647 1264 910 1319 masculus
935 1281 967 1317 a
997 1265 1185 1335 viginti
1210 1264 1366 1318 anuis
1428 1272 1476 1318 et
1522 1280 1707 1332 supra.
1735 1261 1941 1317 Omnes

362 1359 455 1429 qui
482 1357 759 1413 ambulant
784 1358 839 1410 in
867 1357 1067 1410 virtute
1093 1372 1106 1408 :
1141 1370 1239 1410 sua
1265 1354 1569 1410 fortitudini
1596 1354 1832 1408 maxime
1857 1354 1942 1409 his

363 1451 458 1521 qui
486 1448 615 1503 illud
647 1458 812 1518 agunt
839 1457 1074 1514 tempus,
1110 1447 1165 1500 in
1220 1446 1499 1517 praedictis
1564 1444 1938 1500 testimonium

364 1540 598 1612 praebuit
630 1539 832 1602 verbis,
866 1537 941 1591 ita
972 1545 1161 1606 utpote
1191 1537 1295 1591 hac
1317 1545 1497 1602 aetate,
1531 1551 1823 1591 excurrere
1842 1551 1939 1590 va-

363 1633 586 1695 lentem,
611 1638 666 1685 et
701 1644 852 1684 arma
893 1636 1134 1698 portare,
1165 1629 1508 1698 multumque
1538 1629 1828 1685 habentem
1880 1629 1937 1683 in

361 1722 571 1794 agendo
629 1721 902 1775 fervorem
936 1719 1521 1790 caloremque,hujus
1590 1720 1849 1791 pretium,
1885 1719 1938 1774 id

1546 321 1904 386 HESYCHII
1961 317 2433 383 PRESBYTERI

362 453 473 506 lam
499 449 736 505 litteram
767 442 1067 508 custodire,
1094 450 1321 514 propter
1344 440 1713 497 inﬁrmitatem
1738 454 1928 495 suam:
1967 443 2006 498 Α
2040 436 2315 491 tellectum
2368 418 2692 504 perfectum,
2742 440 2796 485 et
2845 429 3242 493 fortitudinem,
3282 437 3340 509 et
3384 428 3620 483 filiorum
3714 423 3737 433 ”

3484 299 3623 367 1160

2040 525 2477 593 procreationem
2509 520 2693 587 habet,
2727 530 2787 576 ut
2827 537 2895 576 ex
2937 520 3289 576 sensibilibus
3326 533 3429 573 nos
3457 516 3643 572 intel--

2040 616 2264 686 ligibilia
2295 617 2618 686 cogitemus.
2661 613 2798 686 Ergo
2833 615 2925 684 qui
2967 613 3303 668 intellectum
3346 619 3621 665 maturum

2040 716 2096 761 et
2137 706 2438 776 perfectum
2490 706 2673 769 habet,
2707 714 2765 760 et
2811 704 3210 769 fortitudinem,
3244 709 3307 757 ut
3345 700 3492 771 quod
3537 700 3622 754 in-

2042 792 2251 850 tellexit
2297 805 2439 866 agat,
2484 795 2577 858 hic
2623 794 2762 851 filios
2813 808 3131 864 comparare
3178 794 3314 848 alios
3356 790 3489 856 Deo,
3524 806 3625 862 per

2041 902 2194 941 suam
2249 886 2759 953 conversationem,
2805 886 2892 941 vel
2945 885 3249 941 doctrinam
3299 885 3623 954 impendens

2041 986 2240 1046 potest.
2304 977 2478 1048 Hujus
2532 979 2767 1047 pretium
2835 975 3033 1031 animae
3089 975 3484 1046 quinquaginta
3538 975 3623 1030 di-

2041 1070 2314 1125 drachmas
2342 1068 2619 1139 perfectus
2658 1068 2867 1123 fruetus
2902 1075 3007 1131 est,
3048 1076 3106 1122 et
3141 1066 3490 1137 perfectionis
3524 1082 3623 1122 co-

2041 1174 2198 1225 rona,
2229 1176 2351 1229 quae
2394 1168 2451 1214 et
2491 1158 2809 1229 martyrium
2841 1157 3061 1212 habebit
3100 1166 3156 1211 et
3198 1172 3379 1211 rerum
3421 1157 3620 1226 despe-

2040 1259 2210 1309 ctum.
2243 1259 2300 1304 et
2342 1264 2560 1305 omnem
2604 1248 2748 1303 illam
2791 1246 3202 1318 perfectionem,
3232 1262 3395 1316 quam
3433 1247 3621 1301 Domi-

2040 1359 2146 1399 nus
2171 1342 2389 1397 dicebat
2408 1360 2421 1396 :
2440 1342 2607 1396 Erilis
2634 1341 2872 1410 perfecti,
2898 1341 3033 1393 sicut
3065 1349 3114 1393 et
3143 1339 3308 1393 Pater
3329 1347 3496 1393 vester
3523 1354 3624 1392 cas-

2041 1433 2183 1487 lastis
2221 1434 2479 1503 perfectus
2508 1440 2583 1485 est
2611 1432 2679 1484 '°.
2716 1429 2831 1485 Hoc
2874 1438 3056 1484 autem
3089 1430 3308 1499 quando
3348 1429 3624 1484 masculus

2040 1522 2240 1587 fuerit,
2287 1523 2340 1577 id
2388 1532 2494 1587 est,
2527 1522 2747 1591 quando
2799 1535 3016 1590 semper
3070 1519 3229 1575 fortis
3272 1537 3285 1571 :
3322 1520 3425 1573 hoc
3474 1520 3619 1573 enim

2039 1616 2130 1675 hic
2164 1616 2463 1671 masculum
2512 1615 2665 1671 dicit.
2710 1615 2948 1670 Femina:
2991 1623 3175 1668 autem
3226 1614 3334 1668 erit
3378 1613 3621 1668 :estima-

2041 1709 2139 1775 tio,
2175 1708 2395 1779 triginta
2437 1707 2577 1773 sicli,
2604 1707 2721 1761 sive
2766 1705 3120 1771 didrachmtc,
3166 1714 3226 1759 ut
3272 1705 3385 1759 sint
3426 1702 3623 1758 drach-

359 1822 465 1879 est,
495 1812 838 1868 conversatio
904 1818 960 1866 et
1000 1811 1132 1879 vita,
1157 1810 1466 1879 retributio,
1501 1826 1662 1879 quam
1717 1826 1819 1881 pro
1852 1826 1939 1866 sc-

2042 1815 2143 1853 mte
2196 1800 2512 1869 sexaginta,
2577 1797 2814 1851 fructum
2874 1795 3129 1850 videlicet
3182 1794 3619 1864 sexagenarium.

359 1904 593 1975 metipso
627 1901 736 1956 Deo
766 1900 947 1967 oﬂert,
976 1910 1032 1956 et
1062 1901 1355 1971 promittit,
1378 1902 1772 1972 quinquaginta
1793 1900 1934 1966 sicli,

359 1995 477 2051 sive
511 1992 789 2048 drachma
815 2000 965 2046 sunt.
992 1990 1509 2063 Quinquagenarius
1537 1991 1686 2045 enim
1738 2005 1938 2045 nurne-

360 2101 457 2142 rus
477 2085 781 2156 spiritalem
814 2083 1012 2154 ﬁgurat
1041 2083 1228 2148 vitam,
1300 2082 1430 2152 quia
1481 2082 1539 2135 in
1601 2081 1938 2151 quinquage—

359 2178 504 2233 simo
561 2176 649 2233 die
729 2175 901 2230 sancti
965 2174 1204 2244 Spiritus
1265 2174 1532 2229 adventus
1599 2171 1777 2227 factus
1831 2181 1934 2226 est.

363 2268 475 2323 Sed
504 2268 561 2322 in
599 2281 745 2322 anno
781 2265 1233 2336 quinquagesimo
1263 2263 1517 2318 liheratio
1544 2263 1603 2318 fit
1629 2262 1810 2318 omnis
1836 2262 1936 2317 de-

360 2362 485 2427 biti,
515 2370 572 2416 et
608 2367 767 2415 terra;
791 2356 1087 2422 restitutio,
1123 2356 1468 2425 multaquein
1485 2370 1553 2410 eo
1568 2355 1671 2409 alia
1684 2355 1823 2409 bona
1837 2352 1939 2408 Ju-

359 2453 492 2508 dmis
520 2467 619 2521 per
646 2450 819 2521 legem
854 2447 1114 2518 disposita
1141 2454 1288 2501 sunt.
1323 2445 1724 2517 Quinquaginta
1756 2455 1938 2499 autem

360 2546 438 2598 ait
483 2542 667 2606 sielos,
708 2541 792 2596 vel
837 2539 1221 2604 didrachmas,
1279 2547 1341 2593 ut
1390 2538 1585 2592 iterum
1637 2537 1941 2607 duplicaret

361 2629 775 2701 quinquaginta,
800 2637 858 2682 et
884 2636 1106 2682 centum
1136 2627 1666 2693 diceretdraebmas,
1703 2625 1940 2681 fructum

363 2724 514 2777 illum
546 2720 850 2792 perfectum
889 2719 1130 2789 signans,
1165 2719 1323 2772 istam
1368 2719 1557 2773 dicens
1591 2719 1787 2772 bonam
1828 2725 1941 2770 ter-

363 2830 479 2870 ram
514 2811 862 2876 fructificare,
892 2824 1173 2881 exponens
1205 2811 1473 2866 seminum
1518 2809 1851 2882 parabolam,
1887 2809 1942 2862 in

365 2903 606 2976 triginta,
634 2913 690 2959 et
720 2905 1020 2977 sexaginta,
1042 2912 1099 2957 et
1123 2911 1344 2957 centum
1364 2902 1558 2958 dividit
1585 2919 1598 2955 :
1624 2902 1771 2956 hunc
1795 2900 1941 2956 enim

364 3011 658 3052 numerum
712 2995 895 3050 nullus
952 2994 1234 3070 hominum
1293 3001 1475 3064 potest
1532 2993 1939 3049 transcendere.

365 3091 600 3144 Centum
638 3097 822 3143 autem
851 3087 1130 3142 drachma:
1169 3101 1361 3141 rursus
1393 3086 1714 3157 decuplatte,
1750 3086 1943 3141 obolus

365 3182 512 3236 enim
568 3180 759 3234 decem
811 3180 1134 3245 drachmas,
1180 3179 1637 3249 quemadmodum
1683 3177 1940 3240 diximus,

367 3270 551 3330 habet”.
594 3268 956 3322 millenarium
985 3284 1276 3324 numerum
1298 3268 1612 3340 perficiunt,
1648 3269 1703 3322 in
1724 3284 1833 3339 quo
1859 3276 1943 3323 est

367 3373 477 3415 non
520 3357 775 3426 ᾳυωιίὺοι
816 3357 1098 3427 perfectio,
1144 3358 1240 3413 sed
1280 3358 1608 3424 caelestium,
1643 3359 1694 3414 id
1735 3367 1819 3413 est
1857 3357 1944 3412 in-

366 3458 783 3514 corporeorum,
801 3460 920 3514 quae
944 3454 1029 3499 cst
1050 3444 1287 3510 illorum,
1312 3446 1402 3514 qui
1427 3447 1816 3502 habitationem
1850 3461 1943 3501 su-

367 3549 466 3605 per
486 3548 588 3588 nos
609 3534 786 3588 sortiti
812 3542 961 3601 sunt,
985 3550 1105 3603 qua:
1127 3542 1212 3589 est
1235 3535 1614 3595 excedentium
1641 3538 1944 3606 corruptio-

366 3638 516 3690 nem,
565 3632 622 3677 et
675 3623 1126 3692 consequentium
1182 3624 1670 3695 incorruptionem,
1720 3636 1944 3697 prepter

365 3713 511 3784 quod
568 3712 661 3769 Dei
713 3713 936 3783 spiritus
984 3714 1040 3768 in
1077 3714 1318 3770 Canticis
1358 3716 1796 3772 dicebat:Vinea
1841 3719 1942 3788 fuit

366 3804 621 3873 paciﬁca,
668 3803 725 3855 in
776 3819 839 3856 ea
888 3820 1006 3874 qua:
1053 3795 1207 3858 habet
1252 3807 1489 3875 populos.
1541 3806 1775 3859 Tradidit
1824 3823 1942 3860 eam

368 3895 688 3961 custodibus,
723 3895 804 3949 vir
827 3895 978 3965 affert
1008 3896 1238 3966 fructum
1267 3884 1380 3965 ejus
1405 3896 1548 3951 mille
1575 3906 1848 3966 argenteos
1875 3898 1940 3953 "'.

368 3985 501 4052 Quis
540 3986 624 4039 vir
679 3983 880 4055 (neque
911 3984 1059 4039 enim
1085 4000 1276 4040 omnes
1315 3987 1461 4040 hunc
1486 3984 1686 4040 oll‘erre
1714 3995 1944 4055 possunt

368 4075 743 4145 fructum),cx
792 4077 1148 4146 sequentibus
1188 4076 1356 4132 disce.
1395 4074 1540 4132 Mille
1587 4077 1664 4131 tui
1710 4076 1939 4146 pacifici,

368 4179 425 4222 et
451 4168 672 4223 ducenti
707 4168 794 4222 his
821 4169 913 4236 qui
945 4168 1266 4224 custodiunt
1290 4169 1500 4224 fructus
1527 4170 1667 4240 ejus.
1692 4168 1837 4224 Mille
1865 4170 1941 4224 tui

366 4256 599 4327 paciﬁci,
618 4257 669 4312 id
690 4267 775 4311 est
793 4256 1049 4312 Salomon
1072 4275 1087 4312 :
1108 4257 1364 4313 Salomon
1388 4268 1570 4314 autem
1588 4259 1944 4332 intelligibilis

364 4344 620 4401 Christus
651 4356 754 4410 est,
786 4346 913 4416 quia
957 4346 1214 4401 Salomon
1242 4348 1494 4417 paciﬁcus
1527 4349 1936 4419 interpretatur.

2038 1904 2294 1961 magnum
2359 1889 2580 1958 quidem
2629 1896 2685 1942 et
2731 1888 2947 1958 ipsum,
3006 1886 3100 1941 sed
3144 1885 3460 1953 centenario
3512 1884 3621 1939 mi-

2038 1999 2141 2037 nor
2183 1991 2288 2048 est,
2329 1990 2553 2051 propter
2604 1980 2748 2049 quod
2793 1988 2848 2034 ct
2893 1978 3109 2034 femina:
3155 1978 3454 2033 introduxit
3496 1992 3623 2046 per-

2038 2088 2249 2134 sonam,
2285 2088 2409 2143 quae
2452 2072 2631 2127 minor
2668 2081 2753 2127 est
2791 2086 2822 2126 a
2852 2071 3016 2126 virili.
3057 2070 3199 2142 Ergo
3240 2078 3298 2125 et
3339 2069 3618 2134 mulieres,

2037 2164 2257 2234 quando
2295 2163 2363 2218 ad
2405 2178 2718 2217 mensuram
2763 2177 3032 2217 summam
3086 2161 3454 2231 pervenerint,
3490 2176 3621 2232 pro-

2038 2257 2304 2324 fectmque
2347 2254 2549 2309 fuerint
2598 2258 2667 2309 ad
2715 2254 3127 2325 perfectionem,
3174 2253 3344 2309 fortes
3390 2261 3625 2325 possunt

2039 2347 2323 2417 appellari,
2361 2356 2547 2417 utpote
2575 2363 2697 2416 qua:
2728 2362 2883 2401 suam
2926 2356 3250 2419 trangressa'.
3289 2355 3419 2402 sunt
3464 2346 3621 2401 infir-

2041 2438 2310 2503 mitatem,
2355 2439 2827 2509 intentionemque
2870 2438 3208 2494 fortitudinis
3253 2448 3620 2503 resumentes,

2040 2537 2265 2598 propter
2292 2530 2439 2599 quod
2463 2535 2520 2583 et
2549 2529 2776 2599 spiritus
2803 2528 2897 2583 Dei
2936 2529 2990 2583 in
3026 2530 3336 2584 Proverbiis
3361 2529 3578 2585 dicebat
3603 2548 3616 2583 ε

2039 2620 2313 2675 Mulierem
2365 2623 2550 2693 fortem
2596 2622 2713 2691 quis
2751 2623 2978 2675 inveniet
3005 2622 3090 2675 “?
3122 2621 3222 2681 Cui
3263 2637 3394 2692 ergo
3435 2637 3622 2678 rerum

2040 2713 2333 2783 despectus
2378 2712 2568 2767 deest?
2601 2713 2717 2765 Alia
2770 2720 2953 2767 autem
2988 2711 3064 2765 ait
3096 2711 3358 2781 perfecte,
3395 2728 3519 2781 qua:
3551 2713 3625 2767 de

2042 2804 2286 2861 omnium
2335 2818 2515 2858 rerum
2567 2801 2906 2856 continentia
2943 2801 3029 2855 lex
3059 2801 3333 2871 corrigere
3359 2802 3540 2870 jubet,
3565 2804 3618 2857 ei

2042 2897 2132 2967 qui
2166 2894 2464 2952 secundum
2498 2907 2617 2946 eam
2658 2891 2812 2955 vivit.
2852 2890 3024 2961 llujus
3059 2892 3350 2946 testimatio
3394 2903 3477 2948 cst
3526 2893 3621 2947 tri-

2043 2989 2189 3060 ginta
2216 2985 2376 3050 .sicli,
2423 2984 2539 3038 sive
2590 2984 2943 3050 didrachmte,
2984 2983 3037 3039 id
3095 2992 3182 3039 est
3229 2985 3621 3055 sexagenarius

2045 3078 2274 3139 fructus,
2311 3089 2473 3145 quem
2522 3084 2580 3130 et
2626 3073 2826 3129 Paulus
2868 3074 3107 3146 figurans
3151 3074 3410 3130 dicebat:
3450 3074 3620 3130 Vidua

2045 3167 2275 3237 eligatur
2306 3180 2412 3218 non
2440 3165 2615 3218 minor
2644 3165 2918 3235 sexaginta
2951 3180 3213 3219 annorum
3234 3165 3281 3195 ²¹
3316 3184 3329 3218 :
3360 3180 3458 3235 per
3483 3174 3622 3221 teta-

2044 3265 2152 3310 tem
2208 3269 2608 3324 numerumque
2669 3269 2936 3309 annorum
2987 3254 3339 3310 manifestare
3396 3255 3619 3321 volens,

2043 3363 2179 3418 quas
2220 3346 2452 3401 virtutes
2505 3354 2561 3401 et
2611 3346 2856 3401 actiones
2895 3345 3157 3402 exhibere
3208 3345 3406 3402 debeat
3435 3348 3618 3412 vidua,

2043 3456 2163 3512 qua:
2210 3455 2241 3494 a
2284 3438 2395 3493 Deo
2421 3438 2637 3510 legitur,
2680 3453 2800 3508 qua:
2830 3439 2885 3493 in
2916 3439 3117 3495 divinis
3145 3440 3401 3495 scribitur
3421 3440 3617 3509 Libris,

2043 3540 2099 3585 et
2122 3545 2245 3599 «tua:
2274 3537 2454 3598 potest
2485 3528 2539 3581 in
2569 3544 2798 3585 numero
2819 3528 3121 3585 Jerusalem
3145 3531 3380 3586 cmlestis
3399 3532 3617 3603 degere.

2043 3621 2271 3690 Propter
2294 3619 2440 3690 quod
2476 3628 2533 3674 et
2564 3620 2824 3687 subdidit,
2860 3622 3150 3678 insinuans
3178 3625 3322 3692 quod
3349 3638 3461 3679 non
3498 3634 3619 3679 tan-

2044 3722 2157 3768 tum
2186 3713 2328 3767 cide
2352 3720 2532 3777 astate,
2562 3722 2658 3767 aut
2698 3713 2879 3782 annis,
2923 3723 3186 3784 quantum
3224 3714 3293 3770 de
3326 3715 3621 3771 virtutibus

2041 3817 2163 3871 qua:
2205 3816 2304 3873 per
2350 3802 2466 3857 haec
2513 3802 2912 3873 significantur,
2948 3818 3078 3858 cura
3117 3810 3234 3858 erat
3267 3822 3280 3857 :
3318 3804 3484 3860 Unius
3516 3806 3619 3860 viri

2042 3910 2175 3948 uxor
2202 3909 2222 3948 :
2253 3895 2300 3947 si
2329 3894 2467 3963 ﬁlios
2491 3894 2753 3960 educavit,
2790 3895 2837 3949 si
2868 3896 3094 3964 hospitio
3120 3911 3374 3966 pauperes
3405 3899 3615 3966 recepit,

2040 3988 2087 4041 si
2114 3995 2416 4041 sanctorum
2443 3989 2595 4057 pedes
2621 3986 2774 4051 lavit,
2806 3988 2854 4041 si
2884 3988 3275 4042 tribulationem
3300 3990 3621 4058 patientibus

2041 4076 2477 4144 subministravit,
2502 4079 2549 4131 si
2577 4094 2726 4132 oinne
2759 4094 2889 4148 opus
2917 4079 3108 4133 bonum
3138 4081 3414 4135 subsecuta
3445 4090 3520 4135 est
3549 4082 3617 4138 ".

2045 4167 2169 4222 llaec
2213 4168 2429 4237 quidem
2461 4168 2738 4238 perfectus
2774 4177 2829 4224 et
2872 4185 2970 4240 per
2998 4172 3179 4226 omnia
3209 4182 3620 4229 consummatus

2043 4257 2226 4311 homo.
2262 4256 2392 4312 Vide
2441 4266 2622 4312 autem
2661 4268 2716 4312 ct
2764 4273 2889 4314 eum
2928 4261 3015 4315 cui
3061 4262 3165 4317 hoc
3199 4263 3372 4330 deest,
3404 4264 3498 4318 sed
3535 4272 3620 4320 ta—

2041 4362 2165 4401 men
2198 4349 2265 4402 ad
2292 4347 2443 4401 illum
2470 4348 2698 4417 provehi
2727 4351 3018 4407 desiderat.

364 4437 616 4492 Christus
656 4454 786 4510 ergo
826 4452 1017 4510 pacem
1055 4441 1238 4510 generi
1281 4441 1521 4495 humano
1549 4441 1715 4496 dedit.
1758 4441 1937 4512 Ipsum
1971 4443 2014 4498 D
2112 4441 2156 4494 A
2185 4442 2368 4512 quinto
2399 4452 2578 4497 autem
2609 4458 2749 4497 anno
2777 4460 2941 4515 usqre
2970 4448 3041 4499 ad
3070 4447 3372 4503 vicesimum
3408 4464 3621 4505 mascu-

363 4528 523 4609 d‘ecet
546 4529 820 4600 praecipue
844 4539 898 4585 et
925 4530 1207 4601 perfectio,
1239 4538 1294 4585 et
1328 4545 1421 4586 eos
1447 4531 1539 4600 qui
1572 4532 1940 4587 conversatio-

366 4632 492 4672 nem
528 4619 647 4688 ejus
676 4627 974 4686 scctantur,
1008 4632 1063 4676 et
1083 4622 1384 4693 angelicum
1408 4630 1672 4694 peragunt
1696 4638 1935 4688 cursum,

364 4707 562 4778 quibus
611 4710 947 4767 millenarius
992 4728 1256 4768 numerus
1296 4722 1484 4784 utpote
1522 4714 1795 4784 perfectus
1839 4716 1939 4771 de-

363 4806 635 4868 putatur:
672 4799 840 4853 Hilliu
894 4802 1042 4855 enim
1104 4803 1330 4858 millium
1380 4804 1750 4858 ministrabant
1792 4792 1940 4872 aio“,

363 4889 440 4945 ait
497 4888 714 4955 Daniel,
778 4891 907 4946 dum
970 4895 1219 4950 caelestes
1266 4896 1495 4950 virtutes
1543 4895 1653 4951 Deo
1697 4906 1938 4951 astantes

362 4989 679 5051 exponeret.
712 4981 818 5036 Sed
844 4992 896 5038 et
928 4980 1093 5039 David
1119 4985 1194 5039 ait
1218 5004 1231 5039 :
1254 4985 1459 5041 Mentor
1477 4987 1577 5057 fuit
1609 4988 1662 5041 in
1686 4988 1936 5042 mentum

362 5075 659 5128 testamenti
703 5076 784 5128 sui
822 5075 913 5129 '9:
963 5076 1109 5130 verbi
1156 5079 1299 5146 quod
1356 5079 1635 5134 mandavit
1686 5081 1738 5133 in
1790 5080 1937 5134 mille

360 5165 762 5236 generationes,
798 5165 1191 5236 perfectionem
1233 5168 1430 5224 divina:
1473 5170 1625 5241 legis,
1656 5180 1712 5226 et
1742 5186 1933 5227 eorum

357 5254 451 5328 qui
511 5257 682 5325 legem
736 5258 1145 5328 percipiebant,
1204 5275 1300 5327 per
1353 5261 1502 5316 mille
1553 5264 1935 5332 generationes

357 5345 674 5403 ostendens.
710 5346 750 5401 Α
792 5348 980 5419 viginti
1027 5358 1209 5403 autem
1253 5352 1411 5406 annis
1452 5368 1625 5422 usque
1664 5354 1730 5408 ad
1774 5370 1933 5410 sexa—

357 5432 505 5501 ginta
537 5450 733 5502 annos,
767 5438 904 5492 intra
947 5437 1062 5494 luce
1100 5439 1247 5494 enim
1296 5449 1558 5514 tempora,
1589 5455 1720 5501 aetas
1749 5456 1803 5501 ct
1847 5447 1932 5500 in-

438 5610 479 5683 ξῗ
500 5614 661 5683 Laut.
682 5632 797 5683 vnt,
827 5619 914 5676 ll.

364 5677 412 5711 “
440 5680 569 5732 ibid.
610 5687 691 5735 l0.

2041 4532 2124 4586 lus
2168 4533 2314 4586 dabit
2353 4533 2541 4604 viginti
2577 4534 2751 4588 siclos.
2798 4534 2946 4602 Sive,
2981 4546 3040 4592 ut
3064 4536 3232 4603 LXX,
3262 4541 3616 4595 didrachmas.

2044 4621 2141 4677 llic
2176 4638 2303 4677 eum
2331 4623 2423 4694 qui
2455 4624 2690 4681 necdum
2724 4626 2944 4695 quidem
2985 4637 3069 4682 est
3102 4629 3397 4699 perfectus,
3426 4641 3620 4686 sensa-

2043 4722 2158 4768 tum
2237 4723 2420 4770 tamen
2496 4716 2772 4772 hominem
2837 4718 3005 4785 dicit,
3073 4729 3128 4775 et
3190 4721 3284 4791 qui
3352 4722 3618 4792 prolicere

2041 4807 2208 4876 coepit
2240 4825 2254 4860 :
2291 4822 2488 4863 sensus
2519 4808 2666 4863 enim
2707 4824 2805 4880 per
2839 4825 3128 4866 numerum
3166 4813 3406 4883 quinque
3438 4828 3616 4870 anno-

2042 4912 2163 4950 rum
2195 4897 2395 4964 innuit,
2423 4898 2513 4968 qui
2545 4907 2624 4953 tot
2649 4910 2779 4954 sunt
2806 4916 3059 4957 numero.
3088 4902 3369 4959 Perfectus
3390 4915 3573 4960 autem
3597 4924 3612 4961 :

2039 4989 2133 5059 qui
2183 4990 2251 5046 ad
2298 4990 2643 5061 juventutem
2697 4994 2892 5059 tendit,
2928 5004 2984 5049 et
3029 4994 3097 5050 ad
3144 4997 3551 5065 perfectiorem,
3584 5013 3615 5053 a

2039 5082 2281 5152 quinque
2315 5083 2495 5149 annis,
2526 5091 2581 5138 et
2608 5099 2779 5156 usque
2808 5087 2876 5142 ad
2908 5087 3227 5143 vicesimum
3264 5105 3469 5143 annum
3506 5100 3612 5146 cst.

2041 5174 2241 5245 Viginti
2287 5175 2433 5229 enim
2471 5191 2764 5240 annorum,
2801 5179 2949 5233 inter
2977 5179 3146 5234 fortes
3175 5181 3338 5235 etiam
3371 5195 3614 5250 pugnare

2040 5266 2227 5319 valens
2251 5274 2570 5322 numeratus
2592 5276 2676 5322 est
2700 5284 2729 5322 a
2762 5268 2901 5339 lege,
2925 5270 3066 5325 sicut
3087 5269 3449 5326 Numerorum
3479 5270 3616 5325 liber

2040 5357 2302 5413 ostendit.
2349 5356 2523 5428 Hujus
2571 5374 2702 5430 ergo
2742 5362 2976 5430 pretium
3022 5363 3208 5434 viginti
3257 5363 3611 5428 didrachmm,

2040 5447 2094 5502 id
2153 5457 2236 5503 est
2286 5448 2561 5505 drachma:
2606 5452 2964 5525 quadraginta
3015 5455 3158 5509 oboli
3199 5453 3609 5527 quadringenti.

990 5622 1033 5653 ¹³
1059 5619 1193 5674 Dan.
1220 5633 1317 5687 Vit,
1348 5620 1436 5674 ‘lU.
1503 5622 1545 5654 ¹⁹
1572 5620 1712 5677 Psal.
1755 5639 1860 5689 civ,
1892 5622 1939 5678 8.

2041 5625 2069 5655 ιο
2090 5622 2281 5680 Matth.
2329 5642 2378 5691 v,
2410 5626 2496 5683 48.
2561 5632 2600 5661 ²¹
2645 5631 2804 5687 Prov.
2841 5647 2988 5700 χχχι,
3033 5633 3112 5686 l0.
3187 5630 3435 5688 "l’l‘itn.
3467 5648 3525 5709 ν,
3554 5630 3611 5689 9.
