1981 3110
174 210 345 245 Jejuniorum
362 201 454 238 autem
463 215 546 245 atque
564 210 696 237 orationis
715 209 881 244 protectum,
896 216 966 244 qua-
982 212 1003 243 Α

175 257 298 293 draginta
324 257 517 284 drachmarum
543 265 674 284 numerus
693 256 836 291 signiﬁcat,
857 256 920 290 quia
939 260 967 282 ct

177 308 217 330 tot
230 303 328 330 diebus
340 302 480 337 jejunasse
493 307 519 329 et
532 303 661 337 Moysen),
677 307 704 329 et
720 302 818 334 Etiam,
833 306 862 329 et
877 302 966 336 ipsum

178 348 323 375 Dominum
346 348 510 379 didicimus,
534 348 644 382 quando
670 356 685 375 a
710 348 818 376 diabolo
844 348 968 375 tentaba-

177 400 222 422 tur
234 395 267 421 “.
284 393 551 429 Quadringentorum
563 399 654 421 antem
665 402 796 422 numerus
808 395 871 429 quid
883 394 967 429 signi-

178 441 250 472 ﬁcet,
268 444 315 467 aut
331 448 411 474 quam
430 441 598 468 demonstret
614 441 859 473 conversationem,
875 446 968 469 osten-

178 487 218 514 dit
229 486 302 520 quod
316 486 418 513 dictum
432 490 473 513 est
486 487 512 513 in
525 487 595 514 libro
608 486 723 522 Regum,
736 487 845 522 quando
859 496 967 515 reversa

178 532 256 559 navis
275 540 337 566 quas
367 532 527 559 mittebatur
546 540 560 559 a
583 533 738 566 Salomone,
757 533 790 560 ad
812 532 967 568 Sopliiram,

178 578 308 609 dicebat;
322 578 361 604 ait
374 578 446 604 enim
462 579 612 605 secundum
630 578 699 605 LXX
712 587 719 605 :
731 578 764 605 Et
781 579 852 605 venit
866 579 902 605 ad
920 578 969 606 So-

177 623 284 655 pniram
299 622 343 649 “‘.
363 622 463 657 Sophir
483 627 573 650 autem
597 623 692 649 bonum
719 623 924 657 interpretatur,
942 627 970 650 et

178 666 285 701 accepit
306 666 370 693 inde
388 667 447 693 auri
465 667 643 701 quadraginta
659 673 688 694 et
701 667 796 702 viginti
820 667 928 700 talenta,
942 672 970 695 et

179 712 291 739 adduxit
307 713 363 747 regi
384 711 533 739 Salomoni.
553 713 631 745 Quod
653 721 717 748 ergo
739 713 778 740 sic
795 714 896 740 bonum
916 719 967 746 est,

179 759 250 786 sicut
271 766 319 793 per
334 759 481 793 jejunium,
496 764 524 786 et
544 759 694 787 orationem
710 760 842 792 exerceri,
857 764 884 787 et
906 768 970 795 pro-

179 805 244 832 vehi
264 804 296 831 ad
315 805 387 832 illam
403 805 497 837 vitam,
511 805 545 833 ad
565 814 646 841 quam
666 807 771 842 Moyses
787 812 814 834 et
833 807 904 834 Elias
922 815 969 834 su-

181 850 395 884 peraadiﬁcanles
406 850 513 885 jejunio
529 856 610 885 atque
628 851 744 878 orationi
764 852 889 884 virtutes,
906 860 970 886 pro-

180 896 251 923 vecti
265 901 329 923 sunt
345 906 351 922 :
368 897 407 923 sic
422 896 552 924 Dominus
567 897 709 924 insinuare
722 897 900 932 semetipsum
922 905 971 932 per
986 891 1007 918 Β

179 941 412 976 przedicationem,
428 947 455 969 et
479 942 554 977 signa
572 943 664 977 generi
684 943 805 970 humano
824 943 968 978 incipiens,

177 987 312 1021 jejunium
334 992 361 1014 et
380 988 532 1015 Orationem
553 997 608 1015 sua:
630 989 846 1016 conversationis
869 989 970 1024 princi-

179 1033 253 1067 pium
278 1033 353 1060 fecit.
378 1033 539 1069 Quicunque
559 1042 624 1070 ergo
642 1040 769 1063 scnsatns
788 1035 897 1069 quidem
916 1039 968 1067 est,

178 1083 207 1106 et
229 1080 362 1114 prolicere
387 1079 492 1115 incipit,
510 1088 564 1107 non
585 1085 675 1107 tamen
693 1081 786 1113 nimis,
803 1081 849 1108 sed
870 1081 969 1114 medie,

179 1129 208 1151 ut
226 1125 439 1160 praesumptione
456 1126 673 1153 conversationis
692 1127 788 1162 jejunii
811 1136 865 1154 non
885 1128 970 1162 possit

179 1171 296 1202 on'erari,
316 1171 358 1197 hic
376 1172 493 1206 pretium
514 1173 608 1199 decem
630 1172 861 1206 didrachmarum,
882 1173 908 1199 id
929 1177 971 1200 est

181 1218 271 1253 viginti
288 1219 491 1250 drachmarum,
512 1224 540 1246 et
554 1219 695 1246 obolorum
716 1219 896 1247 ducentorum
917 1225 967 1247 est.

180 1263 208 1290 In
226 1265 349 1290 custodia
368 1264 440 1290 enim
460 1265 554 1291 decem
573 1265 774 1297 mandatorum,
797 1274 857 1300 qua:
878 1265 969 1300 dupli-

178 1313 256 1336 catur
276 1310 425 1336 secundum
446 1310 573 1342 litteram,
593 1315 620 1337 et
639 1303 776 1345 spiritum,
798 1311 968 1338 conversatio

179 1355 260 1389 hujus
277 1360 328 1388 est,
344 1356 416 1382 inter
435 1363 495 1390 qute
512 1356 647 1390 jejunium
663 1364 717 1383 non
734 1362 775 1384 est
791 1362 967 1392 pratceptum.

179 1401 326 1428 Sublimior
342 1403 415 1429 Ollth
432 1406 474 1429 est
492 1403 525 1429 ad
548 1410 607 1430 eam
625 1403 766 1437 pertinens
785 1406 967 1438 conversatio,

177 1455 237 1481 quae
251 1447 429 1482 legislalorcs,
445 1453 472 1475 et
489 1449 646 1483 prophetas,
661 1454 688 1476 et
707 1457 803 1476 omnes
818 1450 863 1485 qui
881 1451 969 1485 prole-

177 1497 284 1523 cernnt.
292 1494 380 1525 decet,
389 1499 417 1520 et
428 1494 544 1521 necdum
552 1495 660 1529 quidem
672 1496 843 1523 conversatio
851 1497 910 1531 ejus
922 1497 970 1523 ha-

178 1538 223 1565 bet
235 1538 430 1572 perfectionem
442 1547 448 1565 :
458 1547 526 1573 opus
537 1541 609 1566 enim
624 1540 705 1567 habet
716 1542 967 1572 mansuetudinem.

176 1584 382 1619 perfectamque
402 1585 575 1618 charitatem,
592 1594 653 1620 qua;
670 1591 712 1613 est
729 1586 755 1613 in
776 1587 834 1614 zelo
855 1587 966 1619 Christi,

177 1631 302 1664 producit
319 1636 408 1658 tamen
425 1632 457 1658 ad
475 1632 681 1666 perfectionem.
696 1632 764 1665 Quia
781 1638 872 1660 autem
891 1642 968 1660 mun-

176 1675 300 1702 dalorum
319 1677 468 1704 secundum
486 1678 616 1707 litteram.
631 1683 659 1704 et
682 1679 810 1713 spiritum
832 1679 967 1712 custodia,

176 1720 270 1747 decem
289 1721 464 1752 didrachmte,
483 1723 556 1756 quod
578 1727 642 1750 sunt
661 1723 732 1750 oboli
754 1723 877 1757 ducenti,
895 1729 969 1751 recte

176 1770 298 1800 putatur,
315 1767 347 1793 ad
371 1768 531 1794 memoriam
552 1773 626 1795 tuam
644 1774 754 1796 revocat
770 1777 870 1801 sermo,
886 1778 966 1805 quem

175 1820 207 1837 ex
227 1811 348 1838 Canticis
363 1813 533 1839 canticorum
549 1821 638 1847 nuper
652 1814 825 1847 protulimus.
842 1815 913 1842 Mille
928 1815 967 1843 tui

176 1856 291 1889 paciﬁci,
307 1861 335 1881 et
350 1857 460 1883 ducenti
476 1857 518 1884 his
531 1859 577 1892 qui
594 1859 753 1886 custodiunt
765 1860 882 1887 fructum
895 1861 965 1895 ejus.

175 1900 261 1933 Quam
279 1901 406 1928 vincam?
428 1903 461 1929 de
475 1911 529 1936 qua
548 1904 574 1929 in
595 1904 813 1938 praecedentibus
833 1906 941 1933 dicebat
958 1916 964 1933 :

181 1946 261 1971 Vinea
275 1947 323 1980 fuit
339 1947 449 1980 paciﬁca
462 1948 488 1974 in
504 1957 533 1975 ea
550 1957 608 1983 qua:
622 1948 698 1975 habet
713 1950 821 1984 populos
834 1951 867 1983 ",
883 1959 965 1985 quam

176 1999 230 2017 non
256 1992 444 2020 custodierunt
469 1993 572 2026 Jutlazi,
598 1998 711 2029 propter
733 1996 805 2029 quod
833 2004 881 2031 pro
906 1997 965 2023 uvis

175 2037 268 2071 spinas
292 2039 476 2072 protulerunt,
502 2040 548 2066 sed
574 2045 601 2067 et
628 2040 794 2069 vindemiant
816 2050 846 2069 ea
870 2048 966 2069 omnes

174 2084 220 2118 qui
249 2089 392 2111 transeunt
418 2085 499 2112 viam.
525 2086 577 2119 Qui
608 2087 766 2114 custodiunt
790 2093 882 2116 autem
906 2089 964 2116 fru-

174 2135 260 2162 ctum,
278 2130 304 2157 in
326 2131 463 2164 ducentis,
486 2133 513 2159 id
538 2137 579 2160 est
600 2133 696 2167 viginti
718 2133 856 2162 drachmis
875 2135 964 2170 dupli-

173 2181 233 2203 cata
254 2177 377 2203 custodia
400 2179 599 2211 mandatorum,
623 2179 694 2206 sicut
718 2180 848 2213 diximus,
866 2189 963 2208 secun-

172 2221 237 2248 dum
254 2222 383 2255 litteram,
399 2229 426 2250 et
440 2225 576 2258 spiritum,
596 2226 784 2253 inveniuntur.

209 2269 245 2295 Ab
261 2277 312 2295 uno
326 2275 415 2296 autem
430 2279 515 2298 mense
526 2280 606 2307 usque
620 2273 656 2298 ad
666 2281 766 2299 annum
781 2274 900 2307 quintum
916 2281 962 2308 pro

172 2317 288 2343 masculo
311 2317 448 2344 dabuntur
469 2319 583 2353 quinque
612 2319 687 2351 sicli,
711 2320 765 2346 sive
783 2321 898 2355 quinque
922 2321 964 2346 tli-

171 2362 313 2395 drachma’,
335 2371 382 2396 pro
403 2363 499 2398 [annua
519 2368 579 2390 tres.
602 2364 688 2391 Unius
710 2365 812 2392 mensis
829 2365 962 2400 intelligas

170 2415 231 2433 eum
253 2408 297 2441 qui
314 2415 388 2435 nunc
401 2414 442 2435 est
457 2409 565 2442 genitus
588 2410 615 2436 in
636 2410 698 2441 ﬁde,
715 2410 748 2437 ad
768 2419 849 2445 quem
865 2411 962 2438 Petrus

169 2452 299 2480 dicebat:
321 2453 394 2480 Sicut
419 2455 496 2481 modo
522 2456 603 2489 geniti
626 2456 754 2490 infantes,
779 2457 959 2489 rationabiles,

167 2500 224 2525 sine
236 2499 306 2531 dolo,
326 2500 367 2526 [ac
385 2501 568 2534 concupiscite,
581 2506 608 2527 ut
625 2502 746 2528 crescatis
761 2503 787 2528 in
803 2511 831 2529 ea
847 2503 874 2528 in
889 2503 963 2529 salu»-

168 2550 229 2576 tem,
246 2546 268 2572 si
288 2551 377 2573 tamen
396 2548 517 2581 gustatis,
539 2548 600 2580 quia
625 2548 709 2575 dulcis
730 2554 766 2575 est
784 2549 912 2576 Dominus
928 2550 960 2575 “.

168 2592 255 2626 llujus
283 2593 400 2627 pretium
430 2601 515 2628 usque
542 2594 574 2620 ad
601 2594 806 2628 quinquennem
835 2599 960 2626 aetatem,

166 2638 193 2665 id
207 2643 248 2665 est
264 2640 448 2671 conversatio,
472 2644 499 2666 et
516 2640 581 2671 vita,
597 2640 717 2674 quinque
737 2640 959 2667 didrachmarum

166 2685 282 2719 argenti,
300 2686 325 2711 id
347 2690 388 2712 est
409 2686 503 2712 dcecm
527 2686 675 2718 drachmaa,
696 2686 767 2712 oboli
785 2691 878 2713 autem
893 2694 960 2713 cen—

166 2735 233 2758 tum.
259 2731 439 2758 Convcrsatio
467 2740 532 2766 ergo
556 2732 636 2758 modo
661 2731 756 2767 geniti,
776 2732 896 2767 quinque
920 2732 961 2758 di-

981 2234 1003 2262 D

199 2823 223 2839 “
236 2821 331 2849 Matth.
348 2828 384 2848 tv.

163 2857 184 2873 ⁵⁸
199 2857 265 2886 ibid.

323 2904 458 2936 Pnaon.
476 2904 536 2934 Gs.
553 2902 665 2933 XCIII.

423 2821 456 2837 ’ν
475 2822 505 2848 Ill
520 2820 586 2858 Reg.
599 2831 636 2855 Ix,
652 2822 698 2849 9.8.
746 2822 769 2838 "
785 2822 865 2850 Cant.
879 2830 928 2856 vn,
946 2822 989 2849 II.

741 151 782 181 IN
802 149 1023 181 LEVITICUM.
1035 161 1070 168 ’-
1085 150 1159 180 LIB.
1174 150 1236 178 VII.

1739 150 1809 184 1162

1018 207 1155 235 drachma:
1173 213 1248 240 sunt,
1262 212 1292 236 ut
1307 209 1334 236 in
1352 209 1492 245 mysteriis
1505 208 1630 244 duplices
1644 217 1744 238 sensus
1758 212 1809 239 ha-

1019 255 1092 285 beat,
1112 255 1138 281 id
1158 261 1208 287 est,
1229 261 1259 282 ut
1275 264 1335 290 quae
1358 257 1525 284 sensibiliter
1540 256 1626 287 audit.
1647 258 1810 288 lia'c,,intel-

1019 299 1158 335 ligibiliter
1173 300 1314 334 suscipiat.
1335 300 1362 327 Si
1379 301 1461 328 etiam
1477 301 1584 332 videns.
1600 306 1629 330 et
1642 299 1766 339 gustatis.
1782 307 1812 331 et

1018 345 1148 376 odorans,
1163 349 1191 372 et
1215 350 1340 380 tangens,
1357 347 1482 381 perducit
1502 348 1553 375 hoc
1579 354 1642 375 eum
1664 349 1698 376 ad
1718 350 1811 384 perfe-

1019 391 1151 422 ctionem,
1170 395 1283 426 propter
1304 392 1375 426 quod
1399 397 1426 419 et
1449 399 1558 421 centum
1580 395 1723 423 obolorum
1747 404 1811 431 pre-

1021 436 1088 463 tium
1105 436 1195 464 habet.
1216 437 1350 465 Numerus
1364 444 1466 471 autem,
1483 439 1666 468 sicutdictum
1681 447 1731 474 est,
1749 450 1811 477 per-

1020 482 1108 510 fectus
1119 488 1172 510 est.
1188 483 1259 519 Ergo
1270 484 1364 519 procul
1379 485 1462 512 dubio
1477 492 1551 519 eum,
1562 487 1608 521 qui
1621 495 1697 514 nunc
1711 493 1812 523 myste-

1021 528 1124 556 riorum
1140 530 1277 565 particeps
1292 530 1408 558 eﬁ‘ectus
1422 536 1473 562 est.
1489 533 1660 568 necdumque
1676 534 1708 561 ad
1727 543 1811 570 agens

1020 575 1086 602 dum
1104 576 1250 610 processit,
1265 577 1313 604 sed
1333 577 1359 603 in
1383 578 1436 605 ﬁde
1452 578 1560 606 interim
1578 580 1720 614 probatur,
1742 582 1812 608 sicut

1021 620 1110 648 adhuc
1122 621 1268 654 infantem,
1281 627 1309 650 et
1324 623 1441 650 necdum
1457 629 1565 659 tempus
1579 625 1613 652 ad
1627 626 1811 653 ostensionem

1021 667 1149 694 virtutem
1173 667 1331 700 trahentem,
1357 670 1541 697 demonstrat.
1561 671 1588 697 Si
1609 676 1699 699 autem
1724 672 1813 699 minor

1022 712 1075 746 his,
1091 713 1137 748 qui
1153 713 1205 741 tale
1219 719 1272 746 est,
1288 714 1380 746 fuerit,
1397 716 1433 742 ita
1454 720 1484 742 ut
1502 717 1650 744 conveniat
1670 718 1697 744 in
1717 725 1751 745 eo
1773 718 1814 745 l‘e-

1020 758 1102 786 mina:
1124 766 1259 794 personae,
1281 760 1370 787 minor
1391 767 1482 787 autem
1503 766 1546 788 est
1565 766 1594 789 ut
1612 763 1770 798 simplicior,
1787 769 1815 791 ct

1020 811 1075 831 non
1098 805 1177 832 valde
1195 804 1329 832 discretus
1348 815 1354 832 :
1374 806 1457 841 hujus
1483 808 1599 842 pretium
1625 814 1668 836 est.
1693 815 1749 837 tres
1770 811 1814 837 di-

1021 850 1170 884 drachmas,
1188 852 1255 879 ﬁdes
1275 851 1374 884 Patris,
1390 857 1418 879 et
1433 853 1505 884 Filii,
1525 858 1553 880 et
1574 854 1693 888 Spiritus
1714 857 1812 888 sancti,

1023 902 1052 924 ut
1066 905 1121 924 non
1138 898 1209 925 hanc
1223 899 1450 934 transgrediatur.
1465 900 1512 928 sed
1529 901 1611 928 corde
1623 902 1726 934 credat,
1742 903 1814 930 sicut

1021 942 1059 969 ait
1080 943 1190 976 Paulus,
1208 943 1258 972 Ore
1282 950 1370 971 autent
1392 945 1550 979 conﬁteatur
1565 947 1595 974 ³⁷.
1619 947 1666 975 Sic
1690 948 1763 975 enim
1787 949 1813 976 ei

1023 989 1090 1021 haec,
1110 989 1160 1016 tria
1182 997 1238 1016 non
1262 990 1349 1018 solum
1368 991 1509 1018 conﬁtenti
1532 992 1632 1027 lingua,
1650 993 1696 1021 sed
1714 998 1742 1022 et
1761 994 1813 1021 ﬁdo

1021 1036 1155 1067 credenti,
1180 1036 1248 1064 ﬁunt
1272 1037 1331 1064 dum
1357 1037 1502 1064 drachma.
1523 1038 1565 1065 Fit
1589 1046 1680 1066 autem
1700 1045 1728 1067 et
1750 1040 1813 1067 huic

1023 1082 1085 1108 talis
1100 1082 1167 1109 ﬁdes
1187 1082 1221 1109 ad
1242 1082 1438 1117 perfectionem
1464 1083 1628 1112 mediocrem
1647 1094 1653 1111 ε
1672 1092 1724 1113 tres
1738 1086 1812 1112 enim

1022 1126 1198 1160 didrachmas,
1214 1135 1262 1154 sex
1280 1133 1344 1155 sunt
1358 1128 1495 1155 drachma-
1511 1138 1517 1155 :
1539 1136 1584 1156 sex
1601 1134 1692 1157 autem
1712 1131 1813 1158 drach—

1022 1181 1084 1205 mae,
1100 1175 1239 1209 sexaginta
1255 1178 1320 1202 sunt
1337 1175 1421 1206 oboll,
1436 1175 1480 1202 hic
1494 1180 1585 1203 autem
1603 1176 1663 1204 talis
1681 1184 1813 1205 numerus

1022 1220 1185 1246 mediocrem
1202 1220 1400 1254 perfectionem
1421 1221 1498 1255 gerit.
1520 1220 1666 1256 Propterea
1681 1227 1709 1249 et
1724 1231 1812 1257 popu-

1023 1265 1064 1292 lus
1079 1265 1170 1297 Israel,
1192 1270 1384 1293 sexcentarum
1409 1266 1534 1298 millium,
1556 1268 1628 1302 quod
1649 1273 1713 1295 sunt
1734 1276 1813 1296 sexa—

1021 1311 1095 1345 ginta
1118 1311 1262 1347 myriades,
1287 1319 1434 1340 numerum
1452 1312 1556 1340 habuit.
1578 1313 1723 1341 Sensibilis
1738 1315 1812 1342 enim

1021 1357 1103 1384 Israel
1119 1357 1236 1384 habebat
1249 1358 1359 1392 quidem
1374 1363 1402 1385 et
1415 1359 1590 1386 mediocriter
1603 1360 1750 1394 perfectos,
1766 1361 1814 1395 qui

1022 1401 1048 1426 in
1078 1401 1136 1435 lege
1164 1402 1323 1433 constituti,
1356 1402 1546 1437 Evangelicam
1576 1405 1815 1433 conversationem

1020 1447 1194 1481 aliquatenus
1208 1448 1335 1482 agebant.
1358 1448 1428 1475 Sunt
1442 1453 1544 1482 autem,
1558 1450 1657 1484 quibus
1674 1452 1814 1480 mediocre

1021 1492 1087 1527 legis
1103 1497 1130 1519 et
1146 1493 1342 1528 prophetarum
1357 1499 1416 1521 erat
1431 1495 1551 1522 studium
1569 1501 1680 1530 propter
1698 1498 1770 1531 quod
1785 1504 1813 1526 et

1021 1538 1131 1571 similia,
1150 1539 1285 1573 myriatles
1301 1545 1388 1571 erant,
1407 1541 1454 1567 sed
1477 1548 1528 1567 nec
1551 1541 1626 1569 mille
1648 1543 1743 1575 millia,
1761 1552 1813 1572 nec

1022 1584 1113 1619 myrin:
1130 1585 1275 1620 myriades,
1292 1590 1322 1612 ut
1345 1593 1454 1620 semper
1473 1592 1547 1614 esset
1565 1588 1592 1614 in
1610 1588 1650 1615 eis
1663 1589 1811 1624 perfectio;

1022 1631 1073 1658 hoc
1098 1631 1170 1657 enim
1196 1632 1372 1666 angelorum,
1401 1637 1429 1659 et
1453 1634 1602 1660 secundum
1627 1635 1812 1670 evangelieam

1020 1676 1104 1703 vitam
1134 1677 1358 1703 conversantium
1387 1682 1438 1704 est.
1467 1677 1562 1713 Angeli
1591 1679 1664 1706 enim
1693 1683 1721 1705 et
1746 1679 1811 1714 ipsi.

1020 1722 1129 1757 quando
1147 1723 1324 1757 profecerim,
1339 1721 1507 1750 elliciuntur.

1055 1765 1250 1802 Sexagenarius
1263 1772 1352 1794 autem
1368 1773 1392 1794 et
1408 1768 1478 1794 ultra
1492 1769 1635 1799 masculus,
1647 1768 1719 1796 dabit
1733 1770 1812 1804 quin-

1019 1813 1100 1838 decim
1119 1812 1204 1843 siclos,
1221 1813 1275 1838 sive
1293 1813 1472 1844 didrachmas,
1489 1814 1587 1848 ﬂmtina
1603 1819 1691 1840 autem
1710 1814 1809 1840 decent.

1020 1857 1053 1884 Iit
1068 1858 1130 1892 quis
1146 1863 1187 1885 est
1201 1859 1254 1890 hic,
1272 1859 1317 1893 qui
1332 1859 1479 1885 maximam
1494 1859 1743 1889 conversationem,
1762 1868 1810 1893 per

1019 1903 1203 1938 virginitatem
1215 1912 1240 1930 ν.
1253 1912 1306 1938 gr.,
1327 1903 1369 1930 vel
1388 1912 1443 1930 non
1459 1903 1635 1938 possidendo,
1649 1904 1810 1932 virtutibus-

1017 1957 1070 1983 que
1094 1949 1155 1976 aliis
1181 1949 1326 1984 promittit,
1347 1954 1375 1976 et
1402 1954 1464 1984 post
1488 1950 1545 1977 haec
1570 1949 1724 1978 inﬁrmatus
1747 1951 1810 1978 est?

1016 1994 1174 2028 Cognovisti
1202 1995 1286 2027 enim,
1307 1995 1370 2030 quia
1399 2003 1473 2028 cum,
1493 1995 1539 2030 qui
1566 2005 1580 2023 a
1606 1996 1702 2031 viginti
1728 1997 1810 2025 annis

1018 2048 1103 2074 usque
1119 2040 1151 2067 ad
1168 2041 1309 2076 sexaginta
1328 2049 1464 2068 annorum
1481 2047 1532 2073 est,
1551 2042 1680 2069 onmibus
1698 2042 1808 2078 legisla-

1018 2092 1059 2114 tor
1079 2087 1238 2122 pra-posuit.
1262 2088 1366 2115 Deinde
1391 2096 1464 2115 nunc
1482 2093 1544 2123 post
1565 2096 1660 2116 omnes
1679 2097 1740 2116 cum
1760 2089 1807 2123 qui

1016 2142 1031 2160 a
1052 2134 1191 2169 sexaginta
1209 2134 1289 2162 annis
1306 2140 1334 2162 ct
1356 2142 1436 2168 supra
1451 2139 1503 2167 cst,
1522 2135 1570 2162 ait.
1593 2135 1644 2162 I’er
1663 2135 1716 2162 hoc
1734 2135 1808 2170 quod

1016 2181 1096 2215 dixit,
1122 2189 1215 2215 supra,
1240 2181 1339 2208 anima:
1368 2186 1538 2208 senectutem
1565 2186 1593 2208 et
1620 2181 1807 2209 inﬁrmitatem

1016 2228 1087 2263 ejus,
1111 2229 1156 2263 qui
1177 2228 1321 2255 maximam
1350 2228 1586 2255 conuersationem
1615 2234 1807 2263 proposuerat,

1016 2275 1113 2309 procul
1138 2275 1221 2302 dubio
1243 2274 1378 2309 designat.
1404 2273 1454 2306 Qui
1480 2281 1544 2308 ergo
1565 2282 1614 2308 pro
1639 2274 1808 2310 virginitate,

1016 2320 1059 2347 vel
1076 2320 1207 2355 despectu
1225 2318 1383 2354 possidendi
1405 2318 1642 2346 conversationem
1661 2319 1807 2354 promittit,

1016 2370 1043 2392 et
1068 2365 1206 2400 proponit,
1222 2363 1322 2391 deinde
1348 2364 1502 2390 inﬁrmatur
1524 2364 1661 2398 complere
1684 2366 1809 2400 proposi-

1015 2418 1084 2445 tum,
1100 2412 1194 2440 audiat
1204 2420 1219 2439 a
1231 2411 1316 2438 Paulo
1334 2420 1340 2438 :
1355 2410 1384 2438 Si
1396 2411 1455 2446 quis
1469 2417 1570 2447 turpem
1583 2421 1610 2439 se
1622 2413 1705 2440 videri
1718 2414 1808 2440 existi-

1014 2464 1069 2485 mat
1093 2467 1171 2492 super
1197 2458 1324 2493 virginem
1354 2466 1443 2489 suam.
1465 2466 1494 2484 co
1519 2459 1587 2493 quod
1611 2459 1690 2494 fuerit
1712 2467 1807 2493 super-
1847 2494 1851 2500 .

1015 2505 1106 2532 adulta
1125 2505 1158 2537 ’³,
1175 2504 1296 2531 ostendit
1315 2504 1517 2538 quodammodo
1534 2504 1709 2537 inﬁt-malum,
1730 2509 1757 2531 et
1771 2505 1807 2532 ad

1013 2553 1184 2575 senectutem
1212 2548 1359 2575 deductum
1384 2548 1570 2582 propositum,
1596 2554 1620 2575 et
1644 2549 1682 2575 sic
1705 2554 1805 2584 oportet

1013 2594 1081 2628 ﬁeri,
1105 2595 1173 2628 quod
1198 2595 1252 2620 vult
1279 2595 1369 2627 faciat,
1394 2603 1443 2620 non
1468 2599 1555 2629 peccat
1577 2595 1599 2621 si
1621 2595 1700 2621 nubat
1718 2596 1749 2620 η.
1773 2595 1806 2623 Ει
1849 2613 1855 2619 .

1014 2649 1131 2668 rursus:
1150 2639 1179 2667 Si
1208 2640 1337 2674 nupseris,
1359 2649 1409 2666 non
1436 2640 1561 2674 peccasti.
1583 2639 1616 2666 Et
1641 2641 1663 2667 si
1688 2643 1804 2673 nupserit

1012 2686 1101 2721 virgo,
1130 2694 1181 2711 non
1207 2686 1334 2719 peccavit.
1362 2685 1568 2711 Tribnlationem
1599 2690 1687 2712 autem
1717 2688 1805 2713 carnis

1013 2731 1142 2757 habebunt
1168 2729 1330 2764 Itujnsmodi.
1356 2729 1412 2764 Ego
1435 2734 1524 2756 autent
1549 2729 1618 2755 vobis
1638 2738 1734 2764 parco,
1758 2731 1806 2758 hoc

1033 2821 1081 2848 "I
1099 2821 1171 2849 Pctr.
1187 2829 1207 2853 I,
1220 2820 1249 2848 2.

1289 2820 1311 2839 ’⁷
1325 2819 1407 2847 Rom.
1429 2821 1495 2853 x,9.
1545 2819 1728 2855 "ICor.vn,
1750 2820 1798 2851 56.

1595 2903 1635 2933 37
