4032 6222
425 311 562 377 illiti

1606 316 1968 377 IIESYCHII
2003 308 2480 380 PRESBYTERI

3549 324 3678 387 lilii

422 438 599 484 autem
624 429 762 491 dico,
791 431 1004 498 fratres.
1038 439 1240 499 tempus
1278 431 1427 484 breue
1467 440 1564 496 est,
1609 432 1869 503 reliquum
1925 440 2000 517 est
2028 433 2073 490 A
2104 449 2205 487 non
2236 434 2487 500 valuerit,
2508 435 2668 490 stabit
2690 452 2872 491 coram
2900 437 3191 498 sacerdote.
3226 446 3277 491 et
3315 447 3573 508 quantum
3600 440 3684 493 ille

421 530 478 576 ut
504 531 554 576 et
585 523 675 592 qui
706 522 899 574 habent
927 537 1116 576 uxores
1140 532 1398 593 tauquam
1437 540 1541 577 non
1575 523 1820 578 habentes
1845 525 1949 579 sint
1981 541 2000 579 :

418 621 468 665 et
497 613 587 682 qui
617 611 814 681 lugent,
848 621 1106 683 tanquam
1137 629 1241 668 non
1272 613 1605 684 lugentes:et
1633 616 1723 685 qui
1750 618 1998 686 gaudent,

418 714 675 774 tanquam
726 721 830 758 non
862 707 1149 775 gaudentes
1189 724 1209 761 :
1252 718 1301 761 et
1338 709 1429 778 qui
1457 718 1660 771 emunt,
1703 710 1855 779 quasi
1900 726 2003 763 non

346 852 356 859 ε
415 797 739 864 possidentes
763 815 776 850 :
803 806 852 849 et
878 798 969 867 qui
994 808 1218 852 utuntur
1242 800 1339 853 hoc
1365 801 1580 865 mundo,
1617 810 1872 870 tanquam
1899 816 2003 854 non

419 895 656 940 utantur.
685 885 931 943 Prwterit
961 891 1101 943 enim
1130 889 1303 961 figura
1333 890 1491 960 hujus
1520 893 1719 946 mundi.
1751 891 1875 947 Volo
1899 909 2001 945 au-

417 988 520 1032 tem
551 995 640 1031 vos
672 978 783 1033 sine
810 979 1166 1035 sollicitudine
1192 999 1299 1036 esse
1318 983 1384 1036 ³ο.
1415 981 1713 1052 Propterea
1743 992 1800 1037 et
1836 983 2000 1054 quin-

418 1071 594 1126 decim
655 1071 991 1129 didrachmas
1044 1074 1152 1130 erit
1207 1076 1442 1146 pretium
1496 1077 1654 1146 ejus,
1703 1093 1826 1147 qua:
1873 1087 2003 1133 Slllll

419 1162 696 1220 drachma:
748 1164 992 1234 triginta.
1044 1166 1181 1222 Tres
1232 1168 1379 1222 enim
1431 1167 1884 1224 l'ructiticationes
1931 1170 1999 1225 de

419 1259 563 1314 bona
616 1270 762 1316 terra
802 1261 1060 1316 Christus
1106 1261 1393 1331 preposuit
1428 1277 1443 1315 :
1477 1277 1576 1332 per
1619 1263 1996 1318 centenarium

418 1349 772 1420 virginitatis,
803 1359 859 1405 et
903 1367 1014 1404 non
1063 1351 1401 1421 possidendi,
1439 1367 1536 1422 per
1574 1354 1998 1423 sesagenarium

419 1442 799 1506 continentiae,
836 1456 934 1513 per
973 1443 1331 1499 tricenarium
1370 1445 1507 1499 casti
1544 1446 1784 1515 conjugii
1830 1451 1998 1501 vitam

417 1535 730 1606 designans.
763 1533 818 1588 Si
861 1543 1046 1590 autem
1089 1537 1361 1591 infirmior
1401 1538 1715 1608 hujusmodi
1745 1547 1851 1603 est,
1882 1538 1997 1593 for-

419 1625 559 1679 sitan
585 1624 732 1680 enim
762 1626 819 1679 in
846 1625 1230 1693 fornicatione,
1262 1628 1348 1683 hic
1372 1630 1464 1698 qui
1494 1629 1617 1684 talis
1642 1638 1744 1695 est,
1772 1630 1995 1696 decidit,

421 1716 565 1771 unde
633 1725 689 1770 et
748 1714 951 1771 femina
1005 1718 1227 1774 dicitur.
1260 1717 1372 1775 Nec
1404 1721 1483 1775 sic
1514 1722 1861 1791 respuendas
1889 1730 1994 1787 est,

418 1809 513 1863 sed
545 1808 713 1864 habet
753 1809 991 1879 pretium
1038 1810 1229 1866 decem
1275 1812 1647 1868 didrachmas.
1675 1812 1994 1869 Custodiam

416 1903 563 1957 enim
616 1902 998 1958 mandatorum
1051 1903 1165 1970 Dei,
1197 1920 1359 1973 quam
1408 1905 1602 1975 viginti
1641 1920 1762 1960 esse
1798 1905 1997 1961 drach-

417 2007 535 2046 mas
591 2002 648 2046 et
697 1993 887 2049 obolos
937 1993 1205 2050 ducentos
1256 1993 1624 2061 ostendimus,
1658 1995 1820 2051 oﬂ‘ert
1862 1996 1993 2061 Deo,

415 2094 473 2138 et
516 2084 570 2138 in
616 2084 720 2139 hoc
769 2085 1247 2140 conversationem
1312 2087 1498 2151 habet,
1540 2102 1638 2158 per
1694 2088 1997 2143 custodiam

417 2175 803 2231 mandatorum
855 2177 1210 2246 justiﬁcatus.
1263 2178 1318 2232 Si
1370 2189 1552 2234 autem
1597 2181 1746 2236 dicas
1792 2198 1807 2235 :
1849 2180 1995 2247 Quo-

418 2268 625 2324 modo?
655 2284 927 2325 annorum
960 2269 1221 2326 Dominus
1258 2281 1378 2325 erat
1417 2271 1661 2341 triginta,
1691 2272 1820 2325 dum
1850 2270 1999 2325 solus

414 2366 566 2413 esset
590 2358 870 2428 perlectus
904 2374 1030 2414 cum
1071 2374 1173 2414 nos
1216 2359 1291 2412 in.
1313 2360 1631 2414 centenario
1658 2376 1889 2415 numero
1912 2361 1999 2415 di-

413 2466 602 2507 eamus
652 2451 1042 2521 perfectionem
1098 2468 1261 2517 esse,
1316 2463 1438 2523 post
1500 2453 1648 2508 hunc
1697 2462 1882 2509 autem
1942 2456 1998 2509 in

414 2541 721 2619 sexaginta,
748 2545 914 2597 tertio
943 2553 1127 2599 autem
1168 2545 1224 2598 in
1266 2545 1520 2617 triginta;
1549 2546 1719 2612 disce,
1750 2547 1880 2615 quia
1908 2560 2000 2601 so-

416 2635 500 2689 lus
536 2635 761 2703 quidem
800 2634 903 2688 fuit
937 2651 1067 2690 vere
1104 2636 1404 2706 perfectus,
1437 2646 1816 2692 verumtamen
1857 2638 2002 2692 sicut

415 2727 665 2779 omnium
696 2726 909 2791 doctor,
948 2739 1006 2781 et
1039 2727 1294 2796 primitiae
1324 2743 1519 2783 massa:
1551 2729 1719 2784 totius
1747 2730 1997 2796 etl‘ectus,

416 2836 480 2874 ex
513 2819 769 2874 omnibus
801 2828 1159 2888 temperatam
1188 2821 1665 2876 conversationem
1700 2820 1916 2891 figurat,
1946 2830 2002 2875 et

414 2912 675 2982 proponit
713 2928 727 2965 :
774 2911 890 2965 sive
932 2912 1081 2967 enim
1136 2911 1508 2983 virginitatem
1559 2913 1716 2976 velis,
1768 2913 1885 2982 ipse
1931 2928 2000 2966 ex

415 3000 623 3072 virgine
654 3001 807 3071 virgo
839 3010 942 3064 est,
986 3009 1043 3055 et
1082 3000 1447 3072 virginitatem
1480 3000 1667 3055 docuit
1697 3018 1708 3053 :
1744 2998 1859 3053 sive
1896 3015 2001 3053 nu-

415 3095 574 3162 ptias,
610 3105 668 3149 et
703 3094 914 3149 nubere
960 3093 1240 3164 praecepit.
1272 3102 1328 3148 et
1367 3093 1644 3147 nubentes
1680 3090 2000 3145 benedixit:
2025 3116 2071 3175 c

415 3188 530 3242 sive
580 3186 995 3254 abstinentiam,
1044 3187 1209 3242 etiam
1246 3187 1389 3242 hanc
1414 3186 1639 3240 docuit:
1666 3183 1921 3240 similiter
1945 3192 2001 3237 et

417 3278 544 3334 ﬁdei
580 3294 801 3345 cursus,
833 3278 952 3333 sive
986 3277 1359 3348 perfecturum
1391 3276 1724 3348 simplicium
1759 3284 1865 3330 est.

488 3414 627 3481 Quia
676 3430 807 3486 ergo
858 3415 917 3470 in
963 3416 1221 3495 praesenti
1276 3413 1622 3471 differentias
1667 3412 1890 3476 innuit,
1944 3422 2001 3468 et

411 3507 821 3577 quodammodo
852 3507 1018 3561 vitam
1060 3506 1433 3578 distinguebat
1471 3506 1780 3571 hominum,
1811 3515 1867 3559 et
1894 3505 2000 3559 bu-

413 3602 505 3669 j‘us
536 3599 757 3669 quidem
803 3614 928 3654 esse
966 3598 1202 3670 pretium
1231 3598 1625 3669 quinquaginta
1658 3596 2002 3652 didrachmas

415 3692 509 3753 ait,
560 3691 723 3759 hujus
779 3689 1032 3761 triginta,
1085 3690 1248 3761 hujus
1298 3689 1520 3758 viginti,
1572 3688 1738 3758 hujus
1786 3687 1998 3752 decem,

419 3781 584 3848 hujus
615 3781 880 3850 quinque,
906 3780 1072 3849 hujus
1110 3787 1244 3844 tres,
1273 3780 1439 3851 hujus
1469 3778 1807 3850 quindecim,
1845 3777 1999 3832 colli-

416 3879 615 3942 gentur
654 3871 770 3925 haec
812 3887 1028 3941 parum,
1059 3871 1204 3940 quod
1244 3869 1312 3924 de
1349 3878 1573 3926 centum
1612 3868 2000 3940 quinquaginta

418 3961 599 4015 minus
644 3961 920 4028 trahentia,
945 3964 1061 4017 haec
1108 3972 1291 4016 autem
1329 3962 1383 4016 in
1431 3961 1674 4032 quinque
1711 3960 1882 4015 divisa
1917 3958 2001 4013 fa-

418 4053 575 4106 ciunt
612 4068 784 4123 prope
820 4054 1176 4108 tricenarium
1220 4069 1531 4109 numerum.
1570 4052 1702 4107 Vide
1741 4051 2001 4123 quemad-

419 4144 638 4198 modum
695 4159 798 4200 nec
839 4145 1126 4216 legislator
1171 4145 1442 4215 ignoravit
1487 4151 1998 4216 temperamentum,

418 4236 843 4303 quod'Christns
878 4238 934 4290 in
962 4247 1147 4292 nostra
1179 4237 1289 4291 vita
1319 4244 1375 4290 et
1402 4238 1820 4292 conversatione
1849 4236 1999 4301 fecit,

421 4343 524 4381 nec
552 4326 896 4395 Evangelista
927 4342 1221 4383 numerum
1265 4336 1756 4400 temperamentum
1796 4327 2003 4382 haben-

422 4431 527 4474 tem
577 4420 868 4490 ignoravit.
919 4421 1151 4492 Propter
1193 4421 1341 4491 quod
1393 4436 1517 4476 eum
1562 4437 1670 4475 non
1714 4422 1997 4491 plenarum

422 4510 644 4582 triginta
692 4526 961 4568 annorum
1014 4512 1230 4569 venisse
1278 4513 1355 4569 ait
1402 4513 1470 4568 ad
1523 4513 1881 4582 baptismum,
1922 4512 2000 4566 ait

422 4605 566 4659 enim
603 4621 618 4659 :
654 4605 721 4659 Et
755 4607 865 4676 ipse
899 4605 1049 4662 Iesus
1092 4615 1206 4662 erat
1258 4606 1510 4677 incipiens
1552 4605 1705 4676 quasi
1739 4620 1999 4657 annorum

427 4695 642 4765 triginta
671 4698 734 4749 ³¹.
762 4696 827 4751 Et
849 4715 946 4752 cur
973 4698 1114 4753 hoc?
1141 4697 1266 4767 quia
1290 4708 1347 4752 et
1371 4697 1465 4768 qui
1490 4697 1655 4752 nimis
1676 4694 1997 4767 perfectura,

425 4796 475 4839 et
514 4787 604 4857 qui
646 4788 997 4844 mediocriter
1028 4788 1323 4859 perfectam
1355 4808 1368 4844 :
1399 4799 1451 4844 et
1487 4789 1577 4859 qui
1613 4790 1881 4843 minorem
1914 4787 2001 4841 vi-

427 4892 532 4933 tam
567 4879 770 4947 studet,
792 4897 903 4935 non
927 4880 1169 4950 perfecte
1191 4880 1342 4934 venit
1366 4880 1432 4935 ad
1460 4895 1792 4942 mensuram,
1821 4881 2001 4936 minus

424 4973 570 5026 enim
602 4973 764 5027 habet
788 4972 1128 5038 omnimodo,
1146 4972 1271 5042 quia
1297 4971 1391 5027 Dei
1415 4974 1587 5028 solius
1608 4984 1690 5028 est
1715 4973 2001 5043 perfectio,

430 5064 525 5118 sed
557 5065 740 5117 minus
765 5064 932 5118 habet
961 5071 1171 5116 tantum
1198 5062 1254 5115 in
1282 5072 1543 5131 quantum
1572 5067 1783 5118 veniam
1817 5065 1869 5117 in
1901 5065 2004 5118 hoc

424 5155 570 5224 quod
594 5155 776 5210 minus
803 5163 887 5233 est
913 5154 1006 5209 dat
1030 5170 1045 5206 :
1074 5152 1218 5207 unde
1248 5154 1314 5207 ad
1344 5164 1560 5209 centum
1587 5157 2002 5226 quinquaginta,

426 5258 635 5316 septem
684 5247 867 5301 minus
904 5253 1073 5300 sunt:
1108 5244 1162 5298 in
1202 5254 1421 5299 centum
1459 5247 1605 5300 enim
1646 5249 2002 5318 quadraginta

428 5348 536 5391 tres
560 5337 850 5407 praedictus
873 5351 1140 5392 numerus
1168 5335 1441 5407 colligitur
1468 5355 1480 5389 :
1509 5353 1604 5406 per
1631 5339 1999 5407 scptenarium

425 5443 609 5486 autem
637 5447 951 5499 numerum,
976 5431 1266 5486 manifeste
1296 5432 1452 5486 venia
1483 5432 1841 5503 significatur.

499 5565 558 5619 Si
602 5576 780 5620 autem
820 5582 1020 5636 pauper
1059 5567 1238 5638 fuerit,
1269 5577 1315 5622 et
1346 5567 1747 5622 tastinmtionent
1791 5569 2003 5621 reddere

506 5737 550 5771 ³⁵
576 5738 596 5793 Ι
618 5741 744 5797 Cor.
766 5758 865 5809 vn,
888 5741 1076 5798 28-33.

2104 526 2466 589 wstimaverit,
2514 535 2564 579 et
2614 528 2800 581 uiderit
2846 544 2964 582 eum
3012 543 3163 595 posse
3205 530 3439 593 reddere,
3482 539 3682 582 tantum

2102 620 2271 674 dabit.
2318 618 2475 675 Nunc
2513 621 2647 675 dicit
2681 622 2751 676 de
2792 636 2861 676 eo
2917 621 3009 691 qui
3058 621 3288 685 multum
3332 622 3596 691 pet-cavit.
3631 635 3682 679 et

2104 721 2390 783 propterea
2436 713 2630 783 Aquila
2673 729 2772 784 pro
2809 730 3072 784 paupere,
3110 714 3153 768 si
3197 716 3453 778 excessit,
3492 716 3677 771 edidit.

2103 802 2202 858 llic
2226 818 2355 874 ergo
2380 803 2424 857 si
2447 803 2632 858 oﬂ‘crri
2666 804 2775 858 Deo
2802 805 2934 868 vult,
2968 819 3151 858 coram
3182 804 3468 859 sacerdote
3495 805 3682 867 stabit.

2105 904 2165 949 ut
2194 904 2460 965 quantum
2497 896 2694 951 viderit
2731 911 2859 951 eum
2891 911 3073 965 posse,
3113 896 3353 951 aestimet
3385 913 3514 951 eum
3559 899 3676 951 red-

2102 986 2236 1042 dere
2269 1005 2283 1042 :
2320 989 2561 1057 regulam
2607 988 2659 1042 ei
2700 987 2826 1042 vitae
2872 988 3180 1057 imponens.
3208 1003 3331 1057 qua:
3369 995 3456 1042 est
3483 1003 3685 1042 secun-

2101 1079 2231 1134 dum
2260 1079 2541 1143 virtutem,
2573 1093 2996 1147 mensuramque
3023 1078 3389 1147 philosophia:
3414 1079 3686 1140 indicens.

2100 1184 2262 1239 quam
2293 1184 2420 1224 eum
2457 1157 2773 1240 probaverit
2815 1184 2976 1238 posse
3017 1178 3258 1238 portare.
3295 1167 3459 1223 Verbi
3489 1170 3685 1240 gratia,

2100 1262 2147 1316 si
2177 1260 2421 1330 locuples
2449 1267 2556 1325 est,
2582 1268 2642 1313 ut
2670 1258 2963 1313 distribuat
2988 1259 3280 1327 pecunias;
3307 1260 3353 1312 si
3385 1274 3555 1313 sanus
3577 1271 3686 1325 est,

2102 1361 2162 1406 ut
2186 1351 2432 1421 jejuniis,
2463 1359 2519 1404 et
2552 1349 2914 1411 orationibus,
2947 1349 3175 1417 aliisque
3211 1349 3493 1403 laboribus
3523 1348 3689 1403 bonis

2101 1452 2297 1510 vacet;
2345 1443 2391 1497 si
2434 1451 2618 1497 autem
2643 1453 2699 1497 et
2721 1442 2966 1512 locuples
2998 1449 3085 1496 est
3115 1450 3173 1496 et
3207 1456 3396 1502 sanus.
3422 1456 3688 1511 quaterin-

2100 1551 2208 1606 que
2242 1535 2450 1590 divitite
2495 1542 2551 1589 et
2587 1534 2737 1588 salus
2768 1532 2819 1587 ei
2860 1539 3179 1602 suggerunt,
3210 1547 3375 1601 agere
3405 1531 3634 1601 iubetur
3668 1549 3685 1586 :

2100 1630 2146 1683 si
2186 1639 2369 1683 autem
2415 1637 2700 1692 neutrum,
2756 1625 2814 1679 in
2855 1624 3104 1678 oratione
3139 1623 3315 1678 flere:
3352 1633 3412 1677 ut
3445 1624 3690 1679 breviter

2101 1722 2368 1782 dicamus.
2407 1720 2772 1790 quodcunque
2807 1733 2934 1773 eum
2969 1716 3165 1770 viderit
3200 1731 3297 1785 per
3336 1731 3558 1786 corpus,
3588 1727 3688 1771 aut

2102 1829 2198 1883 per
2243 1813 2629 1876 substantiam,
2671 1820 2765 1865 aut
2796 1825 2894 1880 per
2935 1808 3096 1864 aliam
3150 1808 3547 1873 valetudinem,
3590 1818 3685 1862 aut

2101 1906 2413 1960 facultatem
2445 1919 2609 1975 posse
2637 1916 2919 1973 peragere.

2171 2040 2336 2095 Vens.
2385 2042 2439 2105 9,
2487 2039 2573 2094 il).
2627 2056 2644 2089 ι
2684 2035 2898 2090 Animal
2958 2042 3144 2088 autem
3202 2033 3347 2104 quod
3412 2031 3685 2087 immolari

2099 2141 2279 2203 potest
2327 2131 2579 2195 Domino,
2616 2129 2661 2181 si
2702 2128 2827 2198 quis
2881 2126 3111 2189 voverit,
3157 2133 3405 2179 sanctum
3455 2123 3582 2185 erit,
3629 2134 3689 2175 et

2036 2268 2043 2273 .
2100 2224 2298 2279 inntari
2344 2239 2453 2277 non
2502 2231 2702 2292 potest,
2745 2220 2797 2274 id
2847 2228 2931 2274 est
2977 2232 3078 2272 nec
3129 2217 3323 2271 melius
3361 2215 3530 2278 malo,
3579 2228 3688 2267 nec

2099 2314 2257 2385 pejus
2282 2314 2444 2367 bono.
2473 2312 2628 2377 Quod
2659 2311 2703 2364 si
2743 2308 3053 2371 mutaverit,
3084 2315 3138 2361 et
3167 2307 3344 2376 ipsum
3379 2304 3525 2374 quod
3559 2320 3684 2357 mu-

2101 2412 2271 2458 tatum
2306 2410 2409 2462 est,
2434 2411 2490 2455 et
2517 2401 2644 2453 illud
2678 2415 2777 2469 pro
2805 2414 2913 2469 quo
2949 2406 3216 2451 mutatum
3255 2403 3361 2459 est,
3388 2409 3685 2449 consecra-

2103 2502 2216 2551 tum
2247 2494 2354 2549 erit
2384 2493 2635 2549 Domino.
2670 2512 2689 2544 ι

2168 2631 2306 2697 Quia
2340 2631 2486 2701 ipsas
2515 2645 2637 2699 quae
2666 2644 2729 2684 cx
2761 2626 3171 2697 nobismetipsis
3200 2625 3503 2681 offeruntur
3531 2625 3684 2679 obla-

2104 2722 2281 2777 tiones
2324 2721 2586 2791 quosdam
2638 2720 2841 2774 habere
2880 2718 3080 2788 gradus
3135 2727 3190 2772 et
3226 2716 3574 2771 ditl‘erentias
3608 2716 3685 2771 le-

2101 2816 2324 2887 gislator
2359 2814 2615 2883 exposuit
2647 2831 2661 2866 :
2702 2827 2829 2866 ecce
2862 2811 3008 2865 enim
3047 2825 3260 2872 eorum,
3294 2808 3388 2878 qui
3436 2808 3683 2878 quolibet

2101 2910 2263 2964 modo
2303 2908 2382 2961 sic
2424 2906 2584 2960 nobis
2620 2905 3008 2974 subjiciuntur,
3038 2912 3100 2957 ut
3141 2903 3305 2956 etiam
3341 2916 3540 2971 pecora
3576 2916 3678 2955 no-

2101 3009 2212 3055 stra
2246 2998 2623 3059 nominentur,
2664 3003 2884 3065 propter
2922 2995 3025 3049 hoc
3058 2991 3203 3063 quod
3243 2991 3410 3045 nimis
3442 2991 3682 3059 subjecti

2102 3101 2252 3153 sunt,
2293 3098 2388 3144 aut
2432 3089 2556 3159 quia
2607 3104 2716 3142 non
2761 3087 2843 3140 eis
2882 3086 2948 3140 ad
2990 3093 3237 3140 nostrum
3285 3082 3683 3145 ministerium,

2102 3182 2560 3252 quemadmodum
2605 3179 2895 3250 pecoribus
2949 3177 3177 3243 utimur,
3223 3177 3445 3245 quando
3491 3186 3684 3230 sancta

2100 3276 2173 3331 sit
2194 3275 2421 3339 oblatio,
2444 3290 2540 3342 per
2565 3273 2700 3337 hanc,
2716 3287 2839 3341 qua:
2863 3270 3008 3325 dicta
3034 3277 3187 3331 sunt,
3210 3268 3453 3337 exponit.
3479 3266 3683 3322 Praci-

2099 3368 2181 3440 pit
2217 3374 2422 3428 autem,
2452 3374 2510 3418 ut
2547 3378 2658 3418 non
2697 3377 2797 3417 nos
2834 3359 3091 3431 poeniteat
3116 3358 3184 3413 de
3222 3358 3310 3413 his
3344 3374 3467 3427 quae
3502 3358 3684 3412 oderi-

2100 3478 2224 3517 mus
2251 3460 2385 3515 Deo.
2418 3459 2557 3530 Ergo
2589 3458 2633 3511 si
2663 3456 2882 3527 quidem
2918 3455 2986 3509 de
3020 3454 3109 3509 his
3138 3452 3499 3508 obtulerimus
3522 3466 3687 3520 peco-

2102 3555 2274 3618 ribus,
2306 3568 2426 3622 quae
2472 3566 2591 3604 mos
2632 3558 2716 3604 est
2753 3547 2861 3602 Deo
2883 3545 3094 3604 olferri.
3134 3561 3255 3599 mos
3287 3554 3469 3598 autem
3503 3552 3593 3596 est
3623 3552 3685 3594 ut

2101 3647 2153 3701 ei
2200 3644 2543 3700 immaculata
2590 3650 2645 3696 et
2688 3638 2888 3694 munda
2930 3637 3231 3693 oderantur
3267 3653 3280 3688 :
3322 3645 3522 3686 munus
3577 3646 3688 3684 no—

2082 3741 2276 3795 'strum
2310 3736 2456 3791 illico
2487 3732 2881 3795 sanctiﬁcatur,
2913 3728 3076 3784 etiam
3108 3742 3218 3781 non
3249 3732 3334 3779 est
3365 3724 3445 3777 fas
3492 3732 3552 3775 ut
3580 3736 3685 3775 nos

2100 3832 2171 3886 de
2195 3846 2264 3886 eo
2286 3829 2570 3899 pteniteat,
2603 3823 2770 3880 veluti
2806 3823 2853 3877 si
2883 3820 3075 3885 filium,
3107 3818 3192 3872 vel
3208 3814 3559 3884 discipulum,
3598 3812 3684 3867 vel

2101 3934 2341 3985 servum,
2373 3925 2469 3970 aut
2508 3915 2672 3973 alium
2711 3911 2805 3982 qui
2848 3910 2948 3966 sub
2986 3923 3153 3964 manu
3201 3914 3386 3959 nostra
3428 3912 3533 3961 est.
3571 3901 3688 3956 Deo

2101 4009 2482 4065 obtulerimus.
2520 4006 2705 4074 Neque
2735 4011 2948 4058 mutare
2977 3999 3180 4056 malum
3220 3999 3286 4052 ad
3326 3996 3541 4059 melius,
3588 4006 3685 4047 aut

2101 4097 2307 4154 bonum
2354 4095 2422 4150 ad
2464 4095 2688 4150 malum.
2740 4089 2939 4145 Malum
2992 4095 3175 4141 autem
3228 4085 3317 4138 hic
3360 4083 3519 4145 dicit,
3570 4097 3685 4135 non

2101 4191 2244 4260 quod
2276 4203 2503 4259 pravum
2535 4185 2711 4241 modis
2739 4182 2996 4239 omnibus
3025 4187 3079 4232 et
3109 4175 3486 4247 immundum;
3511 4174 3555 4227 si
3581 4189 3687 4226 au-

2103 4293 2211 4337 tem
2244 4278 2585 4335 itnmundum
2620 4286 2724 4336 est,
2763 4288 2872 4328 non
2912 4280 2995 4326 est
3023 4270 3092 4324 de
3128 4267 3233 4323 illis
3273 4280 3393 4335 qme
3440 4279 3563 4318 mos
3598 4274 3685 4318 est

2103 4373 2286 4429 oﬂ‘erri
2312 4374 2441 4437 Deo,
2464 4383 2585 4424 esse
2604 4375 2787 4422 autem
2808 4366 2875 4419 de
2901 4363 2987 4417 his
3022 4376 3146 4429 quas
3166 4355 3428 4412 immolari
3452 4362 3686 4424 possunt

2032 4464 2078 4519 ι)
2108 4464 2361 4529 Domino,
2397 4463 2537 4515 hanc
2564 4456 2895 4513 oblationem
2933 4450 3210 4523 legislator
3239 4448 3396 4503 dixit.
3424 4445 3533 4498 Sed
3565 4459 3679 4495 ma-

2105 4562 2217 4616 lum
2251 4557 2341 4613 hic
2364 4554 2516 4618 dicit,
2539 4551 2682 4623 quod
2707 4559 2792 4606 est
2822 4546 3082 4607 deterius,
3114 4543 3194 4598 sic
3214 4543 3358 4597 enim
3394 4538 3685 4594 manifeste

2107 4662 2163 4708 et
2192 4649 2551 4723 Symmachus
2584 4643 2821 4701 tradidit.
2852 4640 2971 4694 Non
3014 4636 3190 4692 reddit
3219 4633 3418 4689 melius
3445 4646 3548 4701 pro
3585 4630 3683 4685 de-

2108 4722 2322 4808 teriori,
2359 4750 2455 4796 aut
2489 4738 2736 4794 deterius
2777 4749 2877 4805 pro
2920 4728 3157 4791 meliori,
3188 4735 3247 4781 ut
3282 4740 3392 4780 non
3435 4724 3588 4779 hunc
3619 4722 3679 4776 ti-

2107 4836 2264 4899 lium,
2309 4844 2406 4886 aut
2481 4842 2699 4883 servum
2749 4825 3046 4880 offerentes
3089 4814 3306 4872 Domini
3353 4814 3584 4869 servitio
3631 4822 3687 4866 et

2110 4924 2438 4988 ministerio,
2476 4921 2717 4991 recipere
2758 4933 2884 4972 eum
2938 4916 2989 4968 in
3030 4919 3277 4968 nostrum
3317 4906 3686 4963 ministerium

2108 5029 2164 5075 et
2212 5018 2478 5073 utilitates
2520 5013 2770 5076 velimus,
2812 5008 3195 5079 promittentes
3245 5000 3451 5057 offerre
3502 4998 3688 5052 melio-

2108 5127 2223 5167 rem
2269 5110 2531 5171 forsitan,
2572 5105 2656 5160 vel
2704 5101 3051 5159 deteriorem.
3104 5096 3289 5164 Neque
3335 5092 3483 5147 enim
3537 5091 3681 5156 licet,

2106 5214 2333 5278 propter
2365 5201 2511 5272 quod
2548 5208 2604 5254 et
2631 5200 2786 5252 Anna
2821 5195 2887 5248 de
2920 5191 3170 5246 Samuele
3215 5187 3432 5242 dicebat
3465 5199 3480 5237 :
3516 5183 3573 5238 Si
3608 5200 3687 5236 re-

2106 5300 2329 5369 spiciens
2378 5293 2665 5365 respexeris
2709 5291 2778 5344 ad
2824 5286 3178 5342 humilitatem
3218 5279 3428 5334 ancillre
3471 5290 3599 5338 lure,
3636 5285 3686 5330 et

2109 5389 2408 5444 memineris
2443 5388 2563 5451 mei,
2600 5394 2648 5439 et
2681 5381 2885 5437 dederis
2922 5377 3130 5432 ancilla:
3159 5384 3263 5428 tuo:
3298 5386 3474 5425 semen
3512 5369 3683 5431 uirile,

2113 5488 2158 5532 et
2188 5476 2325 5530 dabo
2355 5464 2475 5528 eum
2503 5474 2560 5527 in
2590 5478 2861 5541 conspectu
2899 5479 2986 5522 tuo
3020 5465 3207 5519 datum
3245 5475 3408 5531 usque
3439 5459 3511 5511 ad
3548 5457 3683 5512 diem

2110 5567 2292 5621 mortis
2322 5564 2436 5629 e52:
2465 5565 2533 5597 δ”

1156 5744 1195 5776 ³¹
1228 5746 1359 5800 Luc.
1392 5761 1474 5814 ιιι,
1509 5747 1601 5802 25.
1671 5744 1713 5777 ³¹
1745 5744 1765 5795 1
1796 5742 1931 5815 Reg.
1964 5760 2001 5809 ι,
2030 5744 2117 5799 Η.
