4032 6222
352 339 492 405 1165

1490 328 1573 392 ΙΝ
1615 320 2150 389 LEVITICUM.-—
2186 321 2335 383 LIB.
2372 318 2508 383 VII.

3480 314 3613 379 llCG

422 452 573 517 Quod
616 450 662 505 si
707 451 1010 516 mutaverit,
1066 458 1113 503 et
1162 450 1333 518 ipsum
1378 448 1516 510 quod
1567 452 1847 502 mutatum,
1885 448 1932 490 et
1964 444 2007 497 Α
2036 449 2166 489 vere
2198 436 2343 489 hunc
2372 447 2511 504 opus
2552 433 2735 496 habet,
2769 441 2821 487 et
2856 431 3033 488 facere
3066 431 3479 502 intelligentem.
3523 430 3615 485 Sic

352 541 486 595 illud
515 556 610 609 pro
639 556 740 610 quo
767 548 1029 593 mutatum
1058 549 1154 603 est,
1180 546 1539 591 consecratum
1561 534 1660 587 erit
1688 529 1930 584 Domino.

356 629 431 685 ιη
465 636 519 685 et
537 630 685 691 hunc
723 646 885 699 quem
909 637 1069 684 antea
1120 628 1437 691 obtulimus,
1479 633 1535 680 et
1591 639 1714 679 eum
1771 635 1934 692 quem

356 730 705 791 postea,cum
725 721 897 792 prima
921 722 1199 776 oblatione
1218 719 1646 783 sanctiﬁcemus,
1675 724 1732 771 et
1754 724 1935 770 utros-
2020 740 2025 745 ι

355 828 465 884 que
498 815 608 869 Deo
635 814 1019 869 concedamus.
1047 813 1161 869 Hoc
1190 813 1337 868 enim
1371 827 1482 867 non
1514 826 1615 865 nos
1645 808 1933 881 permittit,

357 901 415 956 in
469 900 556 956 bis
600 917 722 971 qua:
778 902 1104 965 offerimus,
1158 901 1536 972 pcenitentiam
1590 912 1750 968 agere
1789 914 1802 950 :
1838 895 1935 950 sed

356 994 601 1066 percutit
639 994 962 1054 inimicum:
993 993 1085 1064 qui
1136 994 1294 1048 nobis
1336 992 1604 1062 poenitere
1647 988 1934 1061 suggessit,

357 1086 491 1141 dum
547 1086 802 1142 videlicet
858 1086 1197 1156 duplicamus
1243 1093 1486 1143 nostram
1546 1082 1875 1139 oblationem
1922 1100 1935 1136 :

358 1194 522 1249 quam
556 1178 645 1233 ille
672 1193 773 1248 per
802 1177 1178 1248 paenitentiam
1214 1177 1545 1246 intercipere
1578 1176 1768 1229 voluit.

431 1268 596 1325 Vens.
627 1270 805 1324 11-15.
842 1289 861 1321 ς
891 1269 1105 1323 Animal
1136 1269 1479 1324 immundum
1498 1268 1642 1338 quod
1669 1266 1940 1322 immolari

362 1360 596 1416 Domino
624 1375 735 1415 non
763 1368 940 1431 potest
980 1361 1022 1416 si
1065 1361 1188 1431 quis
1227 1361 1460 1422 voverit,
1486 1360 1786 1415 adducatur
1814 1368 1942 1415 ante

362 1452 731 1513 sacerdotem.
769 1451 873 1519 Qui
916 1452 1223 1522 dijudicans
1270 1469 1338 1507 an
1373 1453 1610 1515 bonum,
1640 1468 1707 1506 an
1739 1452 1941 1506 malum

362 1543 457 1605 sit.
478 1550 685 1598 statuet
727 1544 966 1613 pretium
1000 1562 1012 1598 :
1046 1545 1192 1615 quod
1241 1545 1284 1599 si
1325 1545 1459 1600 dare
1499 1544 1732 1599 voluerit
1773 1542 1819 1599 is
1848 1543 1940 1613 qui

361 1633 560 1695 offert.
614 1634 779 1691 addet
824 1650 988 1705 supra
1037 1637 1459 1691 aestimationem
1511 1636 1757 1706 quintam
1816 1652 1940 1706 par-

362 1732 496 1780 tem.
543 1743 562 1777 ι

2037 529 2182 582 enim
2213 528 2565 598 semetipsum
2589 526 2911 597 gubernare,
2946 533 3126 579 etnon
3152 538 3375 579 necesse
3410 523 3612 577 habere

2038 619 2261 674 alterius
2294 618 2585 690 p:edagoga
2618 617 2837 687 poterit.

2115 711 2275 765 Vens.
2317 710 2497 764 M—l9.
2540 728 2558 759 ι
2586 711 2760 763 Homo
2788 709 2833 763 si
2857 710 3069 764 voverit
3093 709 3313 764 domum
3359 724 3534 773 suam,
3560 716 3618 762 et

2026 801 2463 857 rsanctiﬁcaverit
2495 800 2749 867 Domino,
2787 801 3160 857 considerabit
3193 818 3312 857 eam
3339 803 3618 868 sacerdos,

2040 904 2223 949 utrum
2265 894 2409 949 bona
2445 907 2514 947 an
2543 892 2683 946 mala
2707 892 2797 957 sit,
2830 893 3059 963 etjuxta
3082 895 3340 964 pretium,
3376 896 3521 965 quod
3553 894 3621 948 ab

2039 999 2108 1039 eo
2149 983 2319 1038 fuerit
2357 985 2735 1051 constitutum,
2797 986 3164 1042 venundetur.
3193 988 3251 1043 Si
3301 1001 3483 1043 autem
3532 988 3624 1043 ille

2040 1075 2131 1146 qui
2164 1076 2392 1140 voverit,
2434 1076 2667 1131 voluerit
2728 1076 2994 1132 redimere
3023 1093 3166 1144 eam,
3196 1080 3347 1135 dabit
3375 1080 3622 1151 quintam

2041 1174 2252 1237 partem
2273 1168 2652 1223 aestimationis
2673 1184 2858 1238 supra,
2880 1177 2938 1224 et
2956 1169 3177 1224 habebit
3197 1171 3442 1226 domum.
3467 1171 3625 1238 Quod

2043 1259 2090 1314 si
2119 1275 2311 1331 agrum
2340 1261 2708 1331 possessionis
2732 1276 2845 1316 suae
2874 1263 3107 1324 voverit,
3137 1271 3194 1317 et
3225 1265 3626 1321 consecraverit

2045 1352 2300 1418 Domino,
2369 1355 2523 1425 juxta
2566 1370 2879 1409 mensuram
2959 1356 3221 1410 sementis
3269 1357 3626 1411 mstimabitur

2042 1445 2302 1514 pretium.
2337 1443 2392 1500 Si
2440 1447 2661 1517 triginta
2714 1447 2912 1502 modiis
2962 1448 3153 1503 hordei
3205 1450 3407 1505 seritur
3460 1444 3656 1513 terra,'

2044 1537 2435 1609 quinquaginta
2474 1526 2624 1593 siclis
2653 1537 2908 1592 venietur
2948 1540 3177 1609 argenti.
3228 1540 3285 1594 Si
3334 1542 3517 1595 statim
3558 1542 3626 1595 ab

2045 1643 2192 1682 anno
2213 1628 2524 1697 incipientis
2539 1627 2751 1684 Juhilaei
2772 1629 3203 1700 voveritagrum,
3219 1641 3422 1700 quanto
3444 1634 3626 1687 valere

2046 1725 2249 1786 potest,
2271 1725 2424 1772 tanto
2446 1718 2840 1785 aestimabitur;
2873 1718 2918 1773 si
2944 1729 3126 1773 autem
3151 1721 3626 1789 postaliquantum

436 1817 800 1888 lnquirendus
838 1829 922 1874 est
964 1818 1208 1883 Judaeus,
1249 1820 1522 1890 quomodo
1570 1820 1676 1875 hoc
1720 1819 1945 1874 manda-

2053 1809 2333 1878 tcmporis,
2369 1809 2689 1879 supputabit
2728 1809 2985 1864 sacerdos
3015 1814 3305 1880 pecuniam
3333 1812 3493 1883 juxta
3525 1830 3627 1867 an-

365 1919 481 1965 tuut
525 1919 672 1966 stare
708 1912 865 1981 juxta
914 1912 1149 1967 litteram
1203 1912 1419 1983 potest?
1458 1911 1515 1967 Si
1562 1913 1708 1967 enim
1755 1911 1943 1986 offerri

362 2017 475 2057 non
509 2001 659 2069 licet,
697 2018 803 2082 nec
836 2005 1079 2058 nondum
1125 2003 1232 2057 erit
1269 2004 1627 2074 acceptabile,
1671 2006 1947 2073 quomodo

367 2101 658 2163 utrumque
698 2093 996 2165 legislator,
1038 2106 1293 2165 tanquam
1339 2096 1442 2150 sibi
1491 2110 1823 2168 repugnans,
1865 2104 1948 2150 at-

363 2199 473 2255 que
537 2184 798 2241 resistens
862 2188 1119 2256 scripsit?
1175 2187 1279 2241 Sed
1349 2188 1554 2258 aliquid
1620 2189 1947 2259 evangelica:

365 2277 672 2350 proximum
707 2278 941 2351 largitati
980 2280 1155 2334 modis
1192 2280 1450 2335 omnibus
1487 2280 1687 2346 innuit,
1726 2290 1784 2335 et
1819 2297 1949 2335 con-

366 2370 733 2436 descensioni,
775 2387 937 2440 quam
983 2373 1153 2440 gratia
1201 2373 1375 2427 novit.
1416 2371 1506 2426 Sic
1553 2386 1683 2443 ergo
1724 2388 1787 2426 ea
1829 2388 1949 2443 quae

366 2460 510 2515 dicta
540 2470 691 2527 sunt,
723 2461 1112 2531 intelligamus,
1146 2477 1258 2516 non
1296 2462 1495 2517 licebat
1523 2462 1636 2517 Deo
1665 2463 1852 2517 offerri
1881 2464 1949 2518 de

367 2550 681 2622 pecoribus,
710 2566 831 2621 qua:
858 2566 967 2605 non
997 2551 1161 2605 simul
1190 2559 1247 2605 et
1278 2552 1536 2621 ungulam
1570 2551 1866 2617 lindebant,
1896 2560 1950 2606 et

367 2643 741 2699 ruminabant.
772 2641 898 2697 llmc
922 2643 1067 2697 enim
1093 2642 1178 2698 lex
1200 2644 1438 2698 habebat
1467 2644 1765 2711 immunda,
1794 2647 1950 2717 cujus

368 2743 550 2790 autem
590 2743 708 2789 erat
745 2736 995 2804 aenigma,
1044 2734 1095 2790 id
1144 2744 1228 2790 est
1267 2737 1524 2807 ungulam
1568 2752 1678 2792 non
1719 2737 1945 2806 ﬁndere,

369 2841 480 2881 non
505 2826 844 2897 distinguere
873 2827 1004 2898 legis
1036 2827 1293 2895 litteram,
1324 2838 1381 2882 et
1407 2830 1661 2900 spiritum
1688 2831 1947 2887 scientis:

369 2932 479 2971 non
518 2927 701 2973 autem
732 2918 1011 2972 ruminare
1044 2919 1182 2988 ejus,
1210 2920 1302 2990 qui
1333 2936 1444 2975 non
1485 2921 1745 2977 continue
1776 2923 1949 2978 medi-

370 3007 596 3062 tationis
620 3008 755 3078 legis
774 3008 1293 3074 habebatstudium,
1320 3019 1377 3065 et
1414 3011 1507 3080 qui
1538 3011 1720 3084 lingua
1751 3014 1947 3082 solum,

368 3115 483 3154 non
534 3099 700 3154 etiam
747 3100 913 3155 corde
963 3116 1083 3155 eam
1130 3102 1198 3155 ad
1247 3103 1657 3159 meditationem
1707 3114 1945 3160 revocat.

370 3191 428 3245 Si
454 3205 587 3263 ergo
613 3191 810 3261 aliquis
844 3191 1012 3245 lilium
1060 3192 1243 3259 talem,
1280 3194 1363 3247 vel
1402 3209 1644 3261 servum,
1674 3196 1761 3251 vel
1791 3197 1953 3267 disci-

370 3284 561 3354 pulum
589 3283 701 3339 Deo
731 3283 949 3348 oﬁ'erat,
982 3284 1074 3354 qui
1112 3286 1179 3340 ad
1210 3286 1550 3342 meditandas
1581 3303 1766 3343 sacras
1805 3288 1953 3345 Scri-

371 3385 582 3447 pturas,
617 3385 713 3431 aut
744 3377 812 3431 ad
844 3375 1170 3431 divisionem
1202 3379 1700 3450 contemplationis,
1736 3396 1847 3435 non
1888 3398 1952 3436 ex

372 3466 600 3531 malitia,
643 3468 737 3522 sed
776 3483 843 3522 ex
879 3467 1194 3523 inﬁrmitate
1235 3469 1417 3525 minor
1448 3472 1540 3537 sit,
1574 3472 1803 3526 necdum
1835 3475 1956 3543 Qui-

371 3555 499 3611 dem
536 3565 621 3612 est
662 3566 822 3612 votus
866 3559 999 3622 Deo,
1026 3572 1204 3629 neque
1245 3561 1393 3615 enim
1435 3563 1589 3630 quasi
1624 3562 1837 3619 oblatus
1862 3565 1952 3632 sit,

371 3648 493 3718 ejus
517 3648 795 3720 legislator
828 3651 1145 3705 memoriam
1174 3651 1324 3707 facit.
1356 3652 1591 3708 Adducit
1619 3664 1800 3709 autem
1826 3665 1953 3711 ante

372 3739 737 3801 sacerdotem,
780 3747 837 3794 et
881 3741 1072 3795 statuit
1114 3740 1350 3811 pretium
1390 3742 1511 3812 ejus
1553 3747 1833 3810 sacerdos,
1868 3746 1952 3800 di-

366 3827 625 3899 judicans
651 3840 834 3884 utrum
866 3830 1074 3884 bonum
1104 3844 1173 3884 an
1206 3830 1406 3884 malum
1435 3830 1524 3895 sit,
1549 3841 1608 3886 ut
1637 3833 1956 3903 imperfecto

372 3918 859 3985 condescendens,
924 3919 1265 3974 moderatum
1324 3921 1372 3974 ei
1426 3920 1617 3992 jugum
1686 3922 1953 3991 imponat,

374 4012 432 4066 id
464 4020 571 4076 est,
602 4026 722 4066 eam
752 4027 875 4082 quae
904 4023 988 4068 est
1017 4014 1193 4068 media
1242 4014 1386 4069 inter
1419 4015 1616 4069 bonam
1653 4015 1955 4085 malamque

375 4102 871 4159 conversationem.
907 4103 1003 4158 Est
1050 4113 1234 4160 autem
1281 4121 1311 4159 a
1360 4106 1502 4160 malo
1549 4106 1860 4172 declinatio,
1902 4116 1957 4162 et

374 4196 657 4266 profectus
693 4197 759 4251 ad
792 4197 1040 4253 meliora.
1071 4197 1187 4253 Hoc
1224 4200 1369 4254 enim
1411 4198 1638 4253 forsitan
1673 4200 1954 4269 proprium

375 4287 612 4343 dicimus
636 4303 759 4344 esse
794 4289 938 4344 inter
972 4290 1215 4345 deterius
1242 4298 1298 4345 et
1331 4292 1561 4345 melius:
1590 4295 1735 4362 quod
1766 4308 1863 4362 pro
1889 4309 1955 4347 eo

374 4378 522 4448 quod
553 4379 761 4434 dictum
801 4388 907 4443 est,
942 4391 1124 4434 utrum
1159 4381 1361 4435 bonum
1409 4397 1477 4435 an
1526 4382 1750 4445 malum,
1787 4383 1959 4437 edidit

1978 3149 2020 3205 C

2050 1898 2246 1954 norum
2295 1901 2388 1969 qui
2443 1900 2637 1970 reliqui
2680 1909 2829 1964 sunt,
2860 1918 3151 1957 numentm
3183 1920 3355 1974 usque
3387 1906 3450 1961 ad
3474 1906 3628 1961 lubi-

2051 1993 2230 2056 laeum,
2249 1992 2723 2047 etdetraheturex
2751 1995 2947 2065 pretio.
2966 1994 3119 2060 Quod
3146 1995 3190 2050 si
3219 1998 3451 2054 voluerit
3484 1999 3629 2054 redi-

2050 2098 2199 2139 mere
2225 2100 2412 2156 agrum
2446 2084 2536 2139 ille
2565 2086 2657 2155 qui
2682 2097 2925 2154 voverat,
2953 2087 3116 2142 addet
3143 2089 3386 2158 quintam
3418 2103 3628 2162 partem

2050 2177 2336 2232 aestimatae
2363 2178 2629 2247 pecuniae,
2662 2188 2717 2232 et
2742 2179 3046 2249 possidebit
3074 2197 3218 2236 eum.
3257 2203 3273 2234 υ

2121 2269 2239 2325 Non
2271 2271 2666 2341 qualiscunque
2693 2270 2784 2327 hic
2811 2272 3020 2342 paritur
3044 2275 3289 2344 quaestio.
3316 2273 3485 2329 Paulo
3507 2287 3632 2345 post

2050 2362 2195 2415 enim
2227 2362 2295 2417 ad
2332 2362 2496 2417 ﬁnem
2524 2362 2649 2417 libri
2687 2362 2968 2434 legislator
2996 2364 3075 2419 sic
3095 2364 3227 2420 dicit
3265 2384 3277 2418 :
3308 2365 3468 2420 Omne
3490 2368 3631 2438 quod

2054 2451 2278 2506 Domino
2307 2463 2663 2517 censeantur,
2684 2454 2791 2508 sive
2809 2455 2960 2508 homo
2988 2457 3106 2522 erit,
3140 2457 3498 2523 sive‘animal,
3524 2460 3632 2512 sive

2053 2560 2196 2613 ager,
2228 2560 2331 2598 non
2363 2547 2618 2610 venietur,
2652 2562 2744 2599 nec
2771 2547 2960 2600 redimi
2999 2550 3212 2616 poterit.
3240 2547 3524 2615 Quomodo
3557 2551 3633 2606 ibi

2056 2636 2277 2704 quidem
2313 2638 2506 2691 redimi
2538 2637 2720 2691 oblata
2752 2637 3055 2707 prohibuit,
3082 2639 3170 2694 hic
3196 2649 3373 2694 autem
3407 2641 3630 2696 domum

2054 2739 2104 2783 et
2125 2744 2309 2799 agrum
2328 2737 2611 2798 postquam
2626 2729 2958 2784 sanctificata
2980 2741 3108 2785 sunt
3130 2733 3375 2803 praecipit
3397 2734 3628 2789 redimi?

2053 2821 2169 2875 Ant
2219 2819 2446 2874 forsitan
2484 2820 2801 2876 omnimodo
2853 2822 3011 2876 aliam
3083 2823 3172 2878 hic
3247 2826 3628 2892 intentionem,

2053 2912 2213 2966 aliam
2249 2911 2339 2966 hic
2377 2912 2658 2967 offerentis
2709 2914 2881 2969 novit.
2923 2914 3001 2968 lbi
3042 2915 3282 2985 quidem,
3332 2928 3390 2971 ut
3426 2934 3632 2988 nequa--

2053 3021 2216 3074 quam
2246 3004 2383 3060 ultra
2407 3013 2660 3060 attrectat
2680 3007 2825 3075 quod
2871 3007 3070 3063 obtulit
3117 3026 3130 3062 :
3172 3010 3266 3064 sed
3312 3020 3369 3064 ut
3417 3013 3635 3080 penitus

2056 3099 2186 3153 illud
2217 3106 2565 3153 consecraret
2594 3099 2727 3162 Deo,
2757 3108 2983 3170 propter
3002 3100 3147 3170 quod
3175 3117 3284 3155 non
3314 3102 3409 3168 ait,
3440 3118 3634 3172 quem-

2055 3192 2348 3246 admodum
2405 3191 2534 3246 ltic:
2570 3190 2628 3245 Si
2677 3193 3013 3247 consecrarit
3064 3194 3289 3248 domum
3331 3206 3635 3259 suam,aut

2057 3298 2247 3355 agrum
2288 3284 2650 3355 possessionis
2689 3267 2800 3340 sua:
2837 3304 2849 3338 :
2885 3285 3000 3349 sed,
3039 3303 3190 3341 omne
3235 3289 3372 3359 quod
3410 3288 3637 3343 Domino

2057 3385 2412 3430 consecratur.
2445 3376 2668 3449 ’Eorum
2710 3377 2856 3431 enim
2900 3393 3021 3447 qua:
3070 3378 3443 3434 oﬁerehantur
3503 3378 3634 3445 Deo,

2057 3465 2194 3520 nihil
2224 3466 2421 3521 licebat
2448 3466 2501 3521 in
2541 3484 2701 3522 usum
2743 3469 3046 3523 humanum
3078 3470 3219 3524 ultra
3262 3472 3484 3537 reverti,
3537 3473 3636 3527 sed

2057 3572 2160 3612 nec
2214 3558 2468 3613 sacerdos
2509 3557 2615 3612 illis
2647 3558 2723 3613 uti
2773 3568 3005 3630 poterat.
3061 3559 3411 3615 Demonstrat
3452 3571 3633 3617 autem

2056 3649 2163 3705 hoc
2197 3666 2283 3714 ea,
2323 3666 2445 3720 qua:
2480 3659 2566 3705 est
2609 3650 3074 3706 Amalechitarum
3119 3651 3366 3707 historia.
3420 3652 3636 3709 Praece-

2056 3747 2211 3808 ptum
2254 3750 2339 3794 est
2383 3740 2531 3793 enim
2588 3739 2718 3793 Saul
2767 3749 2826 3794 ut
2866 3740 3155 3795 anathema
3203 3750 3389 3796 essent
3451 3744 3638 3798 omnia

2057 3831 2317 3885 Amalech
2366 3831 2538 3902 spolia
2573 3849 2585 3885 :
2613 3840 2668 3886 et
2707 3833 2835 3901 quia
2861 3831 3134 3887 concessit
3162 3833 3363 3903 p0pulo
3389 3835 3643 3911 quaedam

2057 3921 2125 3975 de
2190 3919 2447 3992 gregibus
2522 3932 2578 3976 et
2627 3923 2893 3977 armentis
2953 3923 3226 3994 accipere,
3287 3926 3637 3982 maledictum

2058 4014 2283 4085 grande,
2326 4005 2591 4084 'iramque
2632 4015 2893 4069 sustinuit
2932 4033 2945 4069 :
2987 4022 3044 4069 et
3104 4016 3417 4072 nullatenus
3468 4019 3515 4073 ei
3572 4022 3641 4075 ad

2057 4105 2487 4162 satisfactionem
2519 4106 2754 4171 suffecit,
2780 4123 2906 4163 cum
2937 4107 3268 4163 irasceretur
3313 4109 3553 4177 Samuel,
3585 4122 3642 4167 et

2060 4196 2360 4265 inquireret
2409 4214 2422 4248 :
2471 4197 2600 4263 Quae
2637 4208 2711 4253 est
2752 4216 2851 4253 vos:
2892 4200 3063 4271 gregis
3105 4201 3262 4272 hujus
3310 4202 3367 4256 in
3421 4203 3638 4257 auribus

2058 4290 2205 4350 meis.
2223 4301 2270 4342 et
2298 4305 2396 4344 vox
2416 4289 2567 4344 boum
2588 4309 2746 4361 quam
2772 4308 2864 4361 ego
2879 4293 3038 4347 audio
3058 4293 3125 4359 ³³,
3147 4310 3270 4349 cum
3289 4296 3643 4366 responderet

2057 4385 2161 4437 alia
2216 4384 2283 4439 ad
2318 4385 2636 4455 prophetam
2674 4387 2861 4449 verba,
2893 4403 2957 4442 ea
2991 4404 3110 4458 qua:
3135 4399 3293 4444 erant
3323 4409 3335 4443 :
3374 4390 3448 4444 De
3479 4394 3642 4446 Ama-

379 4472 742 4544 Symmachus
773 4493 787 4528 :
824 4473 1027 4528 Statuit
1056 4475 1280 4542 pretium
1315 4477 1576 4538 sacerdos,
1604 4476 1646 4530 si
1681 4477 1955 4546 quomodo
1986 4490 2032 4544 ι)
2063 4476 2170 4529 fecit
2196 4478 2417 4530 adduxit
2448 4493 2507 4530 ea
2537 4494 2653 4546 (μίαν
2683 4478 2960 4548 acquisivit
2978 4480 3201 4548 populus
3225 4481 3447 4535 meliora
3471 4486 3643 4556 gregis

377 4567 676 4635 proﬁciens
705 4567 909 4623 donum
934 4581 1056 4622 esse
1082 4582 1294 4633 eorum,
1336 4583 1457 4637 qua:
1490 4566 1599 4622 Deo
1629 4568 1953 4633 oﬁeruntur,

381 4658 575 4728 possit.

450 4745 601 4812 Quod
628 4749 674 4801 si
705 4749 833 4801 dare
881 4748 1169 4811 volueritis,
1216 4762 1373 4816 quam
1411 4747 1578 4816 oﬂ'ert,
1608 4748 1765 4801 addet
1803 4766 1959 4818 super

377 4840 782 4894 mtimatiouem
831 4840 1072 4910 quintam
1125 4848 1352 4907 partem.
1388 4838 1453 4893 Et
1477 4840 1608 4909 quid
1672 4842 1776 4896 hoc
1830 4844 1960 4897 est?

380 4930 635 5001 Quinque
666 4945 892 4985 numero
929 4944 1125 4985 sensus
1149 4940 1295 4985 sunt.
1339 4930 1543 4986 [lorum
1587 4933 1746 4987 nobis
1765 4934 1957 5004 quinta

378 5038 510 5093 pars
551 5036 710 5078 mens
748 5032 852 5085 est,
906 5023 975 5077 ab
1015 5023 1129 5092 ipsa
1192 5022 1339 5077 enim
1382 5025 1776 5095 gubernantur.
1828 5025 1961 5081 Sine

378 5118 485 5171 hac
509 5131 640 5187 ergo
662 5130 773 5169 non
814 5115 967 5169 valde
996 5114 1360 5177 habentesse,
1385 5131 1488 5171 nec
1510 5116 1723 5186 juvant.
1757 5117 1959 5175 Horum

378 5224 511 5278 ergo
530 5192 773 5278 quinque
795 5208 1054 5278 virgines,
1076 5223 1195 5276 quae
1220 5208 1285 5261 ad
1317 5209 1536 5278 nuptias
1557 5224 1663 5264 non
1688 5220 1961 5282 susceptae

380 5310 529 5365 sunt,
563 5305 788 5372 figuram
821 5307 1038 5370 gerunt.
1064 5298 1317 5369 Quinque
1346 5316 1474 5370 ergo
1505 5317 1614 5354 non
1648 5303 1959 5359 habuerunt

379 5393 728 5462 sapientiam,
760 5390 907 5445 unde
925 5390 1172 5445 absolute
1201 5398 1256 5444 et
1287 5390 1449 5445 fatua:
1487 5391 1778 5446 nominatae
1808 5403 1957 5448 sunt.

377 5486 526 5556 Ergo
552 5486 598 5540 si
626 5486 750 5555 quis
781 5482 898 5539 vult
935 5483 1204 5538 redimere
1248 5497 1396 5545 eum,
1427 5484 1519 5552 qui
1555 5494 1780 5554 propter
1818 5500 1959 5558 pm-

379 5579 557 5634 dictas
580 5592 771 5633 causas
804 5575 1102 5631 immundis
1127 5584 1474 5643 comparatur
1513 5576 1820 5643 pecoribus,
1860 5579 1961 5635 hac

454 5758 501 5792 ³³
531 5756 554 5816 Ι
587 5760 720 5835 Reg.
750 5776 839 5826 xv,
872 5760 957 5815 14.
1073 5756 1116 5789 ³⁸
1155 5757 1291 5814 ibid.
1324 5760 1410 5816 15.

2060 4579 2108 4621 et
2143 4568 2317 4630 boum,
2352 4578 2407 4620 ut
2438 4567 2842 4621 immolarentur
2867 4567 3091 4622 Domino
3136 4566 3243 4624 Deo
3288 4581 3396 4635 tuo,
3437 4573 3642 4644 reliqua

2061 4675 2240 4714 autem
2274 4660 2562 4729 disperdidi
2589 4657 2656 4714 ³³.
2696 4658 2834 4730 Ergo
2863 4659 3007 4716 ali'ud
3039 4670 3119 4716 est
3147 4658 3639 4732 sanctiﬁcarc'Deo,

2061 4752 2190 4806 licet
2223 4752 2368 4806 enim
2412 4752 2461 4805 ei
2492 4751 2584 4822 qui
2627 4751 3008 4817 sanctiﬁcavit,
3047 4754 3151 4809 hoc
3180 4757 3343 4813 modo
3378 4758 3456 4812 uti
3481 4774 3644 4828 quem

2064 4858 2212 4899 nunc
2240 4845 2398 4899 nobis
2438 4843 2712 4915 legislator
2746 4844 3026 4902 ostendit:
3056 4847 3201 4903 aliud
3233 4861 3318 4904 est
3352 4851 3645 4906 anathema

2064 4938 2193 5008 quid
2229 4937 2430 5003 facere,
2476 4937 2642 5007 hujus
2691 4938 2838 4993 enim
2886 4956 3021 4995 usus
3066 4943 3396 5013 prohibitus.
3437 4941 3643 5014 Similis

2063 5038 2244 5081 autem
2268 5025 2395 5081 huic
2424 5035 2480 5081 et
2518 5026 2826 5083 intellectus
2860 5030 3060 5100 suscipi
3110 5032 3271 5086 debet
3308 5035 3646 5100 contempla-

2064 5120 2251 5186 tionis,
2283 5119 2377 5174 sed
2408 5118 2477 5173 de
2509 5120 2858 5177 anathemate
2877 5123 3098 5192 quidem
3129 5123 3396 5190 dicemus,
3425 5122 3646 5192 quando

2064 5213 2133 5268 ad
2167 5212 2314 5266 illam
2373 5219 2584 5282 partem
2637 5200 2810 5268 Sancti
2860 5216 3196 5270 venerimus.
3250 5214 3409 5269 Nunc
3461 5222 3645 5269 autem

2069 5304 2196 5375 quid
2216 5303 2287 5358 sit
2305 5302 2527 5358 domum
2544 5304 2907 5368 sanctiﬁcare,
2939 5305 3069 5374 quid
3093 5320 3302 5375 agrum,
3330 5304 3645 5365 doceamus,

2068 5396 2202 5450 mibi
2251 5390 2575 5465 suggerente
2609 5394 2825 5465 spiritu,
2864 5395 2967 5449 hoc
2998 5395 3175 5464 primo
3206 5395 3326 5449 loco
3348 5394 3592 5449 dicentes
3627 5410 3645 5450 :
3676 5468 3677 5471 η

2068 5486 2196 5556 quia
2223 5485 2370 5540 aliud
2404 5492 2488 5539 est
2514 5483 2840 5539 sanctiﬁcari
2872 5484 3005 5547 Deo,
3038 5484 3182 5539 aliud
3205 5492 3453 5538 sanctum
3483 5497 3604 5538 esse
3630 5499 3645 5534 :

2069 5578 2217 5633 aliud
2249 5576 2434 5632 oﬁerri
2465 5575 2514 5630 ei
2537 5575 2761 5645 aliquid,
2786 5576 2934 5632 aliud
2955 5590 3065 5631 non
3097 5590 3234 5645 opus
3264 5575 3464 5631 habere
3493 5576 3651 5632 obla-
