  <div class='ocr_page' id='page_1' title='image "/cluster/home/n/w/nwhite01/storage/ocr_20150623/93/mdp.39015078384313/592.png"; bbox 0 0 4032 6222; ppageno 0'>
   <div class='ocr_carea' id='block_1_1' title="bbox 397 398 534 466">
    <p class='ocr_par' dir='ltr' id='par_1_1' title="bbox 397 398 534 466">
     <span class='ocr_line' id='line_1_1' title="bbox 397 398 534 466; baseline -0.015 0"><span class='ocrx_word' id='word_1_1' title='bbox 397 398 534 466; x_wconf 82' lang='grc'><strong>1169</strong></span> 
     </span>
    </p>
   </div>
   <div class='ocr_carea' id='block_1_2' title="bbox 1516 401 2526 465">
    <p class='ocr_par' dir='ltr' id='par_1_2' title="bbox 1516 401 2526 465">
     <span class='ocr_line' id='line_1_2' title="bbox 1516 401 2526 465; baseline -0.005 -2"><span class='ocrx_word' id='word_1_2' title='bbox 1516 405 1600 464; x_wconf 86' lang='grc' dir='ltr'>ΙΝ</span> <span class='ocrx_word' id='word_1_3' title='bbox 1640 403 2081 465; x_wconf 72' lang='lat' dir='ltr'><strong>LEVITICUM.</strong></span> <span class='ocrx_word' id='word_1_4' title='bbox 2108 427 2178 436; x_wconf 89' lang='lat'><strong>--</strong></span> <span class='ocrx_word' id='word_1_5' title='bbox 2216 401 2360 460; x_wconf 87' lang='lat' dir='ltr'><strong>LIB.</strong></span> <span class='ocrx_word' id='word_1_6' title='bbox 2393 401 2526 461; x_wconf 77' lang='lat' dir='ltr'>VII.</span> 
     </span>
    </p>
   </div>
   <div class='ocr_carea' id='block_1_3' title="bbox 3524 387 3656 452">
    <p class='ocr_par' dir='ltr' id='par_1_3' title="bbox 3524 387 3656 452">
     <span class='ocr_line' id='line_1_3' title="bbox 3524 387 3656 452; baseline 0 -2"><span class='ocrx_word' id='word_1_7' title='bbox 3524 387 3656 452; x_wconf 72' lang='lat'><strong>1170</strong></span> 
     </span>
    </p>
   </div>
   <div class='ocr_carea' id='block_1_4' title="bbox 397 504 3658 589">
    <p class='ocr_par' dir='ltr' id='par_1_4' title="bbox 397 504 3658 589">
     <span class='ocr_line' id='line_1_4' title="bbox 397 504 3658 589; baseline -0.003 -21"><span class='ocrx_word' id='word_1_8' title='bbox 397 515 703 578; x_wconf 73' lang='lat' dir='ltr'><strong>indicendo,</strong></span> <span class='ocrx_word' id='word_1_9' title='bbox 733 517 956 586; x_wconf 75' lang='lat' dir='ltr'><strong>quando</strong></span> <span class='ocrx_word' id='word_1_10' title='bbox 993 519 1285 574; x_wconf 83' lang='lat' dir='ltr'><strong>minuenda</strong></span> <span class='ocrx_word' id='word_1_11' title='bbox 1325 507 1395 574; x_wconf 76' lang='lat' dir='ltr'><strong>si;</strong></span> <span class='ocrx_word' id='word_1_12' title='bbox 1422 531 1521 589; x_wconf 87' lang='lat' dir='ltr'><strong>per</strong></span> <span class='ocrx_word' id='word_1_13' title='bbox 1549 519 1972 574; x_wconf 80' lang='lat' dir='ltr'><strong>condesc‘ensio—</strong></span> <span class='ocrx_word' id='word_1_14' title='bbox 2005 511 2048 581; x_wconf 63' lang='grc' dir='ltr'>Α</span> <span class='ocrx_word' id='word_1_15' title='bbox 2080 523 2301 572; x_wconf 78' lang='lat' dir='ltr'><strong>voverat</strong></span> <span class='ocrx_word' id='word_1_16' title='bbox 2331 516 2601 571; x_wconf 79' lang='lat' dir='ltr'><strong>redimere</strong></span> <span class='ocrx_word' id='word_1_17' title='bbox 2631 530 2739 570; x_wconf 88' lang='lat' dir='ltr'><strong>non</strong></span> <span class='ocrx_word' id='word_1_18' title='bbox 2773 511 2992 584; x_wconf 89' lang='lat' dir='ltr'><strong>poterit,</strong></span> <span class='ocrx_word' id='word_1_19' title='bbox 3015 511 3141 580; x_wconf 87' lang='lat' dir='ltr'><strong>quia</strong></span> <span class='ocrx_word' id='word_1_20' title='bbox 3170 504 3292 563; x_wconf 81' lang='lat' dir='ltr'><strong>eum</strong></span> <span class='ocrx_word' id='word_1_21' title='bbox 3321 508 3532 562; x_wconf 68' lang='lat' dir='ltr'><strong>Jubilaei</strong></span> <span class='ocrx_word' id='word_1_22' title='bbox 3564 525 3658 559; x_wconf 82' lang='lat' dir='ltr'><strong>Vt:-</strong></span> 
     </span>
    </p>
   </div>
   <div class='ocr_carea' id='block_1_5' title="bbox 396 609 1149 676">
    <p class='ocr_par' dir='ltr' id='par_1_5' title="bbox 396 609 1149 676">
     <span class='ocr_line' id='line_1_5' title="bbox 396 609 1149 676; baseline 0.008 -17"><span class='ocrx_word' id='word_1_23' title='bbox 396 622 518 660; x_wconf 84' lang='lat' dir='ltr'><strong>nem</strong></span> <span class='ocrx_word' id='word_1_24' title='bbox 546 620 642 676; x_wconf 82' lang='lat' dir='ltr'><strong>per</strong></span> <span class='ocrx_word' id='word_1_25' title='bbox 667 610 947 676; x_wconf 81' lang='lat' dir='ltr'><strong>sequentia</strong></span> <span class='ocrx_word' id='word_1_26' title='bbox 975 609 1149 664; x_wconf 69' lang='lat' dir='ltr'><strong>diSce.</strong></span> 
     </span>
    </p>
   </div>
   <div class='ocr_carea' id='block_1_6' title="bbox 467 698 1972 771">
    <p class='ocr_par' dir='ltr' id='par_1_6' title="bbox 467 698 1972 771">
     <span class='ocr_line' id='line_1_6' title="bbox 467 698 1972 771; baseline 0 -19"><span class='ocrx_word' id='word_1_27' title='bbox 467 698 528 752; x_wconf 83' lang='lat' dir='ltr'><strong>Si</strong></span> <span class='ocrx_word' id='word_1_28' title='bbox 551 709 730 752; x_wconf 75' lang='lat' dir='ltr'><strong>autem</strong></span> <span class='ocrx_word' id='word_1_29' title='bbox 762 701 943 754; x_wconf 73' lang='lat' dir='ltr'><strong>statim</strong></span> <span class='ocrx_word' id='word_1_30' title='bbox 971 700 1036 753; x_wconf 73' lang='lat' dir='ltr'><strong>ab</strong></span> <span class='ocrx_word' id='word_1_31' title='bbox 1061 714 1202 754; x_wconf 83' lang='lat' dir='ltr'><strong>anno</strong></span> <span class='ocrx_word' id='word_1_32' title='bbox 1226 703 1520 771; x_wconf 81' lang='lat' dir='ltr'><strong>incipientis</strong></span> <span class='ocrx_word' id='word_1_33' title='bbox 1542 702 1753 754; x_wconf 67' lang='lat' dir='ltr'><strong>Jubihbi</strong></span> <span class='ocrx_word' id='word_1_34' title='bbox 1780 701 1972 754; x_wconf 63' lang='lat' dir='ltr'><strong>noverit</strong></span> 
     </span>
    </p>
   </div>
   <div class='ocr_carea' id='block_1_7' title="bbox 395 791 1971 861">
    <p class='ocr_par' dir='ltr' id='par_1_7' title="bbox 395 791 1971 861">
     <span class='ocr_line' id='line_1_7' title="bbox 395 791 1971 861; baseline 0.003 -19"><span class='ocrx_word' id='word_1_35' title='bbox 395 805 604 860; x_wconf 79' lang='lat' dir='ltr'><strong>agrum,</strong></span> <span class='ocrx_word' id='word_1_36' title='bbox 631 802 828 860; x_wconf 75' lang='lat' dir='ltr'><strong>quanto</strong></span> <span class='ocrx_word' id='word_1_37' title='bbox 859 791 1032 846; x_wconf 64' lang='lat' dir='ltr'><strong>calere</strong></span> <span class='ocrx_word' id='word_1_38' title='bbox 1057 793 1271 861; x_wconf 82' lang='lat' dir='ltr'><strong>poterit,</strong></span> <span class='ocrx_word' id='word_1_39' title='bbox 1303 801 1451 845; x_wconf 83' lang='lat' dir='ltr'><strong>tanto</strong></span> <span class='ocrx_word' id='word_1_40' title='bbox 1476 793 1842 858; x_wconf 71' lang='lat' dir='ltr'><strong>destituabitur.</strong></span> <span class='ocrx_word' id='word_1_41' title='bbox 1876 793 1971 846; x_wconf 83' lang='lat' dir='ltr'><strong>Sin</strong></span> 
     </span>
    </p>
   </div>
   <div class='ocr_carea' id='block_1_8' title="bbox 397 883 1972 954">
    <p class='ocr_par' dir='ltr' id='par_1_8' title="bbox 397 883 1972 954">
     <span class='ocr_line' id='line_1_8' title="bbox 397 883 1972 954; baseline 0.002 -20"><span class='ocrx_word' id='word_1_42' title='bbox 397 891 574 935; x_wconf 78' lang='lat' dir='ltr'><strong>autem</strong></span> <span class='ocrx_word' id='word_1_43' title='bbox 599 892 716 951; x_wconf 84' lang='lat' dir='ltr'><strong>post</strong></span> <span class='ocrx_word' id='word_1_44' title='bbox 743 883 1076 953; x_wconf 82' lang='lat' dir='ltr'><strong>aliquantum</strong></span> <span class='ocrx_word' id='word_1_45' title='bbox 1105 886 1370 954; x_wconf 84' lang='lat' dir='ltr'><strong>temporis,</strong></span> <span class='ocrx_word' id='word_1_46' title='bbox 1396 885 1700 954; x_wconf 78' lang='lat' dir='ltr'><strong>supputabit</strong></span> <span class='ocrx_word' id='word_1_47' title='bbox 1731 886 1972 938; x_wconf 82' lang='lat' dir='ltr'><strong>sacerdos</strong></span> 
     </span>
    </p>
   </div>
   <div class='ocr_carea' id='block_1_9' title="bbox 397 974 1970 1047">
    <p class='ocr_par' dir='ltr' id='par_1_9' title="bbox 397 974 1970 1047">
     <span class='ocr_line' id='line_1_9' title="bbox 397 974 1970 1047; baseline 0.003 -22"><span class='ocrx_word' id='word_1_48' title='bbox 397 975 672 1040; x_wconf 79' lang='lat' dir='ltr'><strong>pecuniam</strong></span> <span class='ocrx_word' id='word_1_49' title='bbox 688 974 848 1044; x_wconf 76' lang='lat' dir='ltr'><strong>juxta</strong></span> <span class='ocrx_word' id='word_1_50' title='bbox 883 987 1142 1029; x_wconf 79' lang='lat' dir='ltr'><strong>annorum</strong></span> <span class='ocrx_word' id='word_1_51' title='bbox 1172 978 1262 1047; x_wconf 81' lang='lat' dir='ltr'><strong>qui</strong></span> <span class='ocrx_word' id='word_1_52' title='bbox 1295 977 1496 1046; x_wconf 74' lang='lat' dir='ltr'><strong>reliqua</strong></span> <span class='ocrx_word' id='word_1_53' title='bbox 1530 981 1651 1030; x_wconf 78' lang='lat' dir='ltr'><strong>sunt</strong></span> <span class='ocrx_word' id='word_1_54' title='bbox 1699 987 1970 1030; x_wconf 81' lang='lat' dir='ltr'><strong>numerum</strong></span> 
     </span>
    </p>
   </div>
   <div class='ocr_carea' id='block_1_10' title="bbox 398 1067 1971 1138">
    <p class='ocr_par' dir='ltr' id='par_1_10' title="bbox 398 1067 1971 1138">
     <span class='ocr_line' id='line_1_10' title="bbox 398 1067 1971 1138; baseline 0.001 -20"><span class='ocrx_word' id='word_1_55' title='bbox 398 1080 559 1135; x_wconf 76' lang='lat' dir='ltr'><strong>usque</strong></span> <span class='ocrx_word' id='word_1_56' title='bbox 587 1067 658 1120; x_wconf 75' lang='lat' dir='ltr'><strong>ad</strong></span> <span class='ocrx_word' id='word_1_57' title='bbox 676 1067 975 1132; x_wconf 78' lang='lat' dir='ltr'><strong>Jubiltcum,</strong></span> <span class='ocrx_word' id='word_1_58' title='bbox 1007 1079 1055 1122; x_wconf 76' lang='lat' dir='ltr'><strong>et</strong></span> <span class='ocrx_word' id='word_1_59' title='bbox 1089 1070 1392 1122; x_wconf 77' lang='lat' dir='ltr'><strong>detrahetur</strong></span> <span class='ocrx_word' id='word_1_60' title='bbox 1411 1083 1474 1122; x_wconf 73' lang='lat' dir='ltr'><strong>ex</strong></span> <span class='ocrx_word' id='word_1_61' title='bbox 1509 1070 1694 1138; x_wconf 82' lang='lat' dir='ltr'><strong>pretio.</strong></span> <span class='ocrx_word' id='word_1_62' title='bbox 1735 1069 1971 1121; x_wconf 81' lang='lat' dir='ltr'><strong>Duorum</strong></span> 
     </span>
    </p>
   </div>
   <div class='ocr_carea' id='block_1_11' title="bbox 400 1158 1972 1224">
    <p class='ocr_par' dir='ltr' id='par_1_11' title="bbox 400 1158 1972 1224">
     <span class='ocr_line' id='line_1_11' title="bbox 400 1158 1972 1224; baseline 0.003 -14"><span class='ocrx_word' id='word_1_63' title='bbox 400 1158 489 1212; x_wconf 90' lang='lat' dir='ltr'><strong>hic</strong></span> <span class='ocrx_word' id='word_1_64' title='bbox 504 1171 769 1212; x_wconf 88' lang='lat' dir='ltr'><strong>annorum</strong></span> <span class='ocrx_word' id='word_1_65' title='bbox 787 1159 1123 1214; x_wconf 76' lang='lat' dir='ltr'><strong>remissionis</strong></span> <span class='ocrx_word' id='word_1_66' title='bbox 1149 1161 1230 1214; x_wconf 85' lang='lat' dir='ltr'><strong>vei</strong></span> <span class='ocrx_word' id='word_1_67' title='bbox 1244 1160 1270 1214; x_wconf 82' lang='lat' dir='ltr'><strong>J</strong></span> <span class='ocrx_word' id='word_1_68' title='bbox 1282 1159 1456 1214; x_wconf 68' lang='lat' dir='ltr'><strong>ubilrei</strong></span> <span class='ocrx_word' id='word_1_69' title='bbox 1482 1161 1799 1214; x_wconf 77' lang='lat' dir='ltr'><strong>membriam</strong></span> <span class='ocrx_word' id='word_1_70' title='bbox 1823 1161 1972 1224; x_wconf 80' lang='lat' dir='ltr'><strong>facit,</strong></span> 
     </span>
    </p>
   </div>
   <div class='ocr_carea' id='block_1_12' title="bbox 400 1249 1976 1320">
    <p class='ocr_par' dir='ltr' id='par_1_12' title="bbox 400 1249 1976 1320">
     <span class='ocr_line' id='line_1_12' title="bbox 400 1249 1976 1320; baseline 0.004 -22"><span class='ocrx_word' id='word_1_71' title='bbox 400 1249 664 1316; x_wconf 78' lang='lat' dir='ltr'><strong>baptisma</strong></span> <span class='ocrx_word' id='word_1_72' title='bbox 709 1259 898 1318; x_wconf 87' lang='lat' dir='ltr'><strong>aperte</strong></span> <span class='ocrx_word' id='word_1_73' title='bbox 945 1250 1232 1304; x_wconf 83' lang='lat' dir='ltr'><strong>insinuans</strong></span> <span class='ocrx_word' id='word_1_74' title='bbox 1259 1260 1314 1304; x_wconf 90' lang='lat' dir='ltr'><strong>et</strong></span> <span class='ocrx_word' id='word_1_75' title='bbox 1355 1251 1733 1320; x_wconf 74' lang='lat' dir='ltr'><strong>ptenitentiain</strong></span> <span class='ocrx_word' id='word_1_76' title='bbox 1770 1271 1782 1305; x_wconf 89' lang='lat'>:</span> <span class='ocrx_word' id='word_1_77' title='bbox 1823 1257 1976 1304; x_wconf 80' lang='lat' dir='ltr'><strong>uter-</strong></span> 
     </span>
    </p>
   </div>
   <div class='ocr_carea' id='block_1_13' title="bbox 397 1340 1975 1412">
    <p class='ocr_par' dir='ltr' id='par_1_13' title="bbox 397 1340 1975 1412">
     <span class='ocr_line' id='line_1_13' title="bbox 397 1340 1975 1412; baseline 0.003 -21"><span class='ocrx_word' id='word_1_78' title='bbox 397 1355 505 1406; x_wconf 87' lang='lat' dir='ltr'><strong>que</strong></span> <span class='ocrx_word' id='word_1_79' title='bbox 547 1341 696 1394; x_wconf 79' lang='lat' dir='ltr'><strong>enim</strong></span> <span class='ocrx_word' id='word_1_80' title='bbox 745 1357 924 1396; x_wconf 84' lang='lat' dir='ltr'><strong>anuus</strong></span> <span class='ocrx_word' id='word_1_81' title='bbox 966 1342 1311 1396; x_wconf 80' lang='lat' dir='ltr'><strong>remiSsionis</strong></span> <span class='ocrx_word' id='word_1_82' title='bbox 1354 1351 1458 1406; x_wconf 90' lang='lat' dir='ltr'><strong>est,</strong></span> <span class='ocrx_word' id='word_1_83' title='bbox 1506 1343 1632 1412; x_wconf 82' lang='lat' dir='ltr'><strong>quia</strong></span> <span class='ocrx_word' id='word_1_84' title='bbox 1677 1340 1975 1412; x_wconf 77' lang='lat' dir='ltr'><strong>perfectam</strong></span> 
     </span>
    </p>
   </div>
   <div class='ocr_carea' id='block_1_14' title="bbox 399 1431 1974 1503">
    <p class='ocr_par' dir='ltr' id='par_1_14' title="bbox 399 1431 1974 1503">
     <span class='ocr_line' id='line_1_14' title="bbox 399 1431 1974 1503; baseline 0.003 -21"><span class='ocrx_word' id='word_1_85' title='bbox 399 1431 800 1498; x_wconf 86' lang='lat' dir='ltr'><strong>remissionem,</strong></span> <span class='ocrx_word' id='word_1_86' title='bbox 873 1447 1017 1487; x_wconf 88' lang='lat' dir='ltr'><strong>unus</strong></span> <span class='ocrx_word' id='word_1_87' title='bbox 1046 1433 1266 1502; x_wconf 83' lang='lat' dir='ltr'><strong>quidem</strong></span> <span class='ocrx_word' id='word_1_88' title='bbox 1318 1449 1414 1502; x_wconf 89' lang='lat' dir='ltr'><strong>per</strong></span> <span class='ocrx_word' id='word_1_89' title='bbox 1479 1433 1703 1487; x_wconf 86' lang='lat' dir='ltr'><strong>domum</strong></span> <span class='ocrx_word' id='word_1_90' title='bbox 1769 1435 1974 1503; x_wconf 68' lang='lat' dir='ltr'><strong>gratiae,</strong></span> 
     </span>
    </p>
   </div>
   <div class='ocr_carea' id='block_1_15' title="bbox 399 1522 1975 1594">
    <p class='ocr_par' dir='ltr' id='par_1_15' title="bbox 399 1522 1975 1594">
     <span class='ocr_line' id='line_1_15' title="bbox 399 1522 1975 1594; baseline 0.005 -22"><span class='ocrx_word' id='word_1_91' title='bbox 399 1522 538 1573; x_wconf 95' lang='lat' dir='ltr'><strong>alter</strong></span> <span class='ocrx_word' id='word_1_92' title='bbox 564 1531 786 1591; x_wconf 75' lang='lat' dir='ltr'><strong>propter</strong></span> <span class='ocrx_word' id='word_1_93' title='bbox 807 1538 902 1577; x_wconf 89' lang='lat' dir='ltr'><strong>eos</strong></span> <span class='ocrx_word' id='word_1_94' title='bbox 929 1525 1021 1593; x_wconf 89' lang='lat' dir='ltr'><strong>qui</strong></span> <span class='ocrx_word' id='word_1_95' title='bbox 1052 1533 1246 1576; x_wconf 88' lang='lat' dir='ltr'><strong>vacant</strong></span> <span class='ocrx_word' id='word_1_96' title='bbox 1287 1523 1340 1577; x_wconf 89' lang='lat' dir='ltr'><strong>in</strong></span> <span class='ocrx_word' id='word_1_97' title='bbox 1375 1524 1619 1578; x_wconf 91' lang='lat' dir='ltr'><strong>oratione</strong></span> <span class='ocrx_word' id='word_1_98' title='bbox 1653 1534 1708 1579; x_wconf 91' lang='lat' dir='ltr'><strong>et</strong></span> <span class='ocrx_word' id='word_1_99' title='bbox 1734 1524 1975 1594; x_wconf 86' lang='lat' dir='ltr'><strong>jejuniis,</strong></span> 
     </span>
    </p>
   </div>
   <div class='ocr_carea' id='block_1_16' title="bbox 398 1611 1980 1685">
    <p class='ocr_par' dir='ltr' id='par_1_16' title="bbox 398 1611 1980 1685">
     <span class='ocr_line' id='line_1_16' title="bbox 398 1611 1980 1685; baseline 0.004 -22"><span class='ocrx_word' id='word_1_100' title='bbox 398 1611 629 1680; x_wconf 83' lang='lat' dir='ltr'><strong>aliisque</strong></span> <span class='ocrx_word' id='word_1_101' title='bbox 651 1613 910 1682; x_wconf 82' lang='lat' dir='ltr'><strong>operibus</strong></span> <span class='ocrx_word' id='word_1_102' title='bbox 938 1624 1058 1682; x_wconf 76' lang='lat' dir='ltr'><strong>quae</strong></span> <span class='ocrx_word' id='word_1_103' title='bbox 1097 1614 1390 1683; x_wconf 77' lang='lat' dir='ltr'><strong>perﬁciunt</strong></span> <span class='ocrx_word' id='word_1_104' title='bbox 1421 1615 1822 1683; x_wconf 70' lang='lat' dir='ltr'><strong>paenitentiam,</strong></span> <span class='ocrx_word' id='word_1_105' title='bbox 1848 1623 1980 1685; x_wconf 87' lang='lat' dir='ltr'><strong>pos-</strong></span> 
     </span>
    </p>
   </div>
   <div class='ocr_carea' id='block_1_17' title="bbox 399 1699 1978 1775">
    <p class='ocr_par' dir='ltr' id='par_1_17' title="bbox 399 1699 1978 1775">
     <span class='ocr_line' id='line_1_17' title="bbox 399 1699 1978 1775; baseline 0.003 -23"><span class='ocrx_word' id='word_1_106' title='bbox 399 1700 560 1752; x_wconf 73' lang='lat' dir='ltr'><strong>sidet.</strong></span> <span class='ocrx_word' id='word_1_107' title='bbox 595 1699 651 1753; x_wconf 87' lang='lat' dir='ltr'><strong>Si</strong></span> <span class='ocrx_word' id='word_1_108' title='bbox 678 1713 809 1771; x_wconf 88' lang='lat' dir='ltr'><strong>ergo</strong></span> <span class='ocrx_word' id='word_1_109' title='bbox 838 1700 1004 1755; x_wconf 81' lang='lat' dir='ltr'><strong>simul</strong></span> <span class='ocrx_word' id='word_1_110' title='bbox 1037 1703 1161 1771; x_wconf 85' lang='lat' dir='ltr'><strong>quis</strong></span> <span class='ocrx_word' id='word_1_111' title='bbox 1187 1701 1372 1773; x_wconf 80' lang='lat' dir='ltr'><strong>gratiae</strong></span> <span class='ocrx_word' id='word_1_112' title='bbox 1407 1703 1576 1766; x_wconf 87' lang='lat' dir='ltr'><strong>viam,</strong></span> <span class='ocrx_word' id='word_1_113' title='bbox 1602 1716 1764 1771; x_wconf 86' lang='lat' dir='ltr'><strong>quam</strong></span> <span class='ocrx_word' id='word_1_114' title='bbox 1793 1706 1978 1775; x_wconf 87' lang='lat' dir='ltr'><strong>elegit,</strong></span> 
     </span>
    </p>
   </div>
   <div class='ocr_carea' id='block_1_18' title="bbox 400 1791 1978 1862">
    <p class='ocr_par' dir='ltr' id='par_1_18' title="bbox 400 1791 1978 1862">
     <span class='ocr_line' id='line_1_18' title="bbox 400 1791 1978 1862; baseline 0.005 -20"><span class='ocrx_word' id='word_1_115' title='bbox 400 1791 690 1859; x_wconf 79' lang='lat' dir='ltr'><strong>gubernari</strong></span> <span class='ocrx_word' id='word_1_116' title='bbox 719 1806 814 1860; x_wconf 88' lang='lat' dir='ltr'><strong>per</strong></span> <span class='ocrx_word' id='word_1_117' title='bbox 843 1793 1184 1848; x_wconf 71' lang='lat' dir='ltr'><strong>sacerdotem</strong></span> <span class='ocrx_word' id='word_1_118' title='bbox 1233 1795 1535 1862; x_wconf 85' lang='lat' dir='ltr'><strong>etproduci</strong></span> <span class='ocrx_word' id='word_1_119' title='bbox 1564 1797 1697 1860; x_wconf 90' lang='lat' dir='ltr'><strong>vult,</strong></span> <span class='ocrx_word' id='word_1_120' title='bbox 1723 1797 1824 1850; x_wconf 86' lang='lat' dir='ltr'><strong>hoc</strong></span> <span class='ocrx_word' id='word_1_121' title='bbox 1853 1812 1978 1850; x_wconf 88' lang='lat' dir='ltr'><strong>eum</strong></span> 
     </span>
    </p>
   </div>
   <div class='ocr_carea' id='block_1_19' title="bbox 2079 597 3658 673">
    <p class='ocr_par' dir='ltr' id='par_1_19' title="bbox 2079 597 3658 673">
     <span class='ocr_line' id='line_1_19' title="bbox 2079 597 3658 673; baseline -0.008 -11"><span class='ocrx_word' id='word_1_122' title='bbox 2079 607 2225 662; x_wconf 85' lang='lat' dir='ltr'><strong>nerit</strong></span> <span class='ocrx_word' id='word_1_123' title='bbox 2278 608 2416 673; x_wconf 83' lang='lat' dir='ltr'><strong>dies,</strong></span> <span class='ocrx_word' id='word_1_124' title='bbox 2446 607 2823 660; x_wconf 66' lang='lat' dir='ltr'><strong>san‘ctilicatus</strong></span> <span class='ocrx_word' id='word_1_125' title='bbox 2874 604 2982 657; x_wconf 90' lang='lat' dir='ltr'><strong>erit</strong></span> <span class='ocrx_word' id='word_1_126' title='bbox 3011 601 3261 664; x_wconf 88' lang='lat' dir='ltr'><strong>Domino,</strong></span> <span class='ocrx_word' id='word_1_127' title='bbox 3297 609 3352 652; x_wconf 89' lang='lat' dir='ltr'><strong>et</strong></span> <span class='ocrx_word' id='word_1_128' title='bbox 3387 597 3658 668; x_wconf 80' lang='lat' dir='ltr'><strong>possessio</strong></span> 
     </span>
    </p>
   </div>
   <div class='ocr_carea' id='block_1_20' title="bbox 2075 692 3356 766">
    <p class='ocr_par' dir='ltr' id='par_1_20' title="bbox 2075 692 3356 766">
     <span class='ocr_line' id='line_1_20' title="bbox 2075 692 3356 766; baseline -0.009 -14"><span class='ocrx_word' id='word_1_129' title='bbox 2075 706 2414 762; x_wconf 83' lang='lat' dir='ltr'><strong>consecrata,</strong></span> <span class='ocrx_word' id='word_1_130' title='bbox 2447 698 2513 750; x_wconf 89' lang='lat' dir='ltr'><strong>ad</strong></span> <span class='ocrx_word' id='word_1_131' title='bbox 2544 697 2632 766; x_wconf 88' lang='lat' dir='ltr'><strong>jus</strong></span> <span class='ocrx_word' id='word_1_132' title='bbox 2661 695 2897 765; x_wconf 87' lang='lat' dir='ltr'><strong>pertinet</strong></span> <span class='ocrx_word' id='word_1_133' title='bbox 2930 692 3299 747; x_wconf 84' lang='lat' dir='ltr'><strong>sacerdotum.</strong></span> <span class='ocrx_word' id='word_1_134' title='bbox 3337 708 3356 739; x_wconf 71' lang='grc' dir='ltr'><strong>ι</strong></span> 
     </span>
    </p>
   </div>
   <div class='ocr_carea' id='block_1_21' title="bbox 2147 782 3663 860">
    <p class='ocr_par' dir='ltr' id='par_1_21' title="bbox 2147 782 3663 860">
     <span class='ocr_line' id='line_1_21' title="bbox 2147 782 3663 860; baseline -0.008 -14"><span class='ocrx_word' id='word_1_135' title='bbox 2147 792 2289 846; x_wconf 80' lang='lat' dir='ltr'><strong>Ecce</strong></span> <span class='ocrx_word' id='word_1_136' title='bbox 2321 791 2576 846; x_wconf 84' lang='lat' dir='ltr'><strong>damnum</strong></span> <span class='ocrx_word' id='word_1_137' title='bbox 2607 791 2726 860; x_wconf 86' lang='lat' dir='ltr'><strong>ejus</strong></span> <span class='ocrx_word' id='word_1_138' title='bbox 2761 788 2850 854; x_wconf 88' lang='lat' dir='ltr'><strong>qui</strong></span> <span class='ocrx_word' id='word_1_139' title='bbox 2875 803 3091 856; x_wconf 85' lang='lat' dir='ltr'><strong>semper</strong></span> <span class='ocrx_word' id='word_1_140' title='bbox 3113 785 3180 840; x_wconf 91' lang='lat' dir='ltr'><strong>ab</strong></span> <span class='ocrx_word' id='word_1_141' title='bbox 3210 785 3316 838; x_wconf 90' lang='lat' dir='ltr'><strong>alio</strong></span> <span class='ocrx_word' id='word_1_142' title='bbox 3342 787 3480 853; x_wconf 88' lang='lat' dir='ltr'><strong>opus</strong></span> <span class='ocrx_word' id='word_1_143' title='bbox 3497 782 3663 835; x_wconf 87' lang='lat' dir='ltr'><strong>habet</strong></span> 
     </span>
    </p>
   </div>
   <div class='ocr_carea' id='block_1_22' title="bbox 2080 875 3655 952">
    <p class='ocr_par' dir='ltr' id='par_1_22' title="bbox 2080 875 3655 952">
     <span class='ocr_line' id='line_1_22' title="bbox 2080 875 3655 952; baseline -0.008 -16"><span class='ocrx_word' id='word_1_144' title='bbox 2080 884 2392 952; x_wconf 74' lang='lat' dir='ltr'><strong>gubernari,</strong></span> <span class='ocrx_word' id='word_1_145' title='bbox 2413 892 2470 937; x_wconf 90' lang='lat' dir='ltr'><strong>et</strong></span> <span class='ocrx_word' id='word_1_146' title='bbox 2491 897 2601 936; x_wconf 87' lang='lat' dir='ltr'><strong>non</strong></span> <span class='ocrx_word' id='word_1_147' title='bbox 2631 880 2864 952; x_wconf 79' lang='lat' dir='ltr'><strong>proiicit,</strong></span> <span class='ocrx_word' id='word_1_148' title='bbox 2900 891 3078 948; x_wconf 86' lang='lat' dir='ltr'><strong>neque</strong></span> <span class='ocrx_word' id='word_1_149' title='bbox 3099 879 3322 946; x_wconf 81' lang='lat' dir='ltr'><strong>juvatur</strong></span> <span class='ocrx_word' id='word_1_150' title='bbox 3344 892 3407 930; x_wconf 78' lang='lat' dir='ltr'><strong>ex</strong></span> <span class='ocrx_word' id='word_1_151' title='bbox 3429 875 3655 928; x_wconf 86' lang='lat' dir='ltr'><strong>aliorum</strong></span> 
     </span>
    </p>
   </div>
   <div class='ocr_carea' id='block_1_23' title="bbox 2080 963 3657 1042">
    <p class='ocr_par' dir='ltr' id='par_1_23' title="bbox 2080 963 3657 1042">
     <span class='ocr_line' id='line_1_23' title="bbox 2080 963 3657 1042; baseline -0.008 -13"><span class='ocrx_word' id='word_1_152' title='bbox 2080 975 2356 1039; x_wconf 87' lang='lat' dir='ltr'><strong>doctrina,</strong></span> <span class='ocrx_word' id='word_1_153' title='bbox 2387 975 2481 1028; x_wconf 90' lang='lat' dir='ltr'><strong>sed</strong></span> <span class='ocrx_word' id='word_1_154' title='bbox 2504 989 2634 1028; x_wconf 89' lang='lat' dir='ltr'><strong>suas</strong></span> <span class='ocrx_word' id='word_1_155' title='bbox 2671 989 2886 1042; x_wconf 89' lang='lat' dir='ltr'><strong>semper</strong></span> <span class='ocrx_word' id='word_1_156' title='bbox 2913 972 3028 1041; x_wconf 90' lang='lat' dir='ltr'><strong>ipse</strong></span> <span class='ocrx_word' id='word_1_157' title='bbox 3058 971 3168 1024; x_wconf 83' lang='lat' dir='ltr'><strong>dux</strong></span> <span class='ocrx_word' id='word_1_158' title='bbox 3197 968 3362 1023; x_wconf 84' lang='lat' dir='ltr'><strong>estad</strong></span> <span class='ocrx_word' id='word_1_159' title='bbox 3387 963 3657 1036; x_wconf 79' lang='lat' dir='ltr'><strong>agendum</strong></span> 
     </span>
    </p>
   </div>
   <div class='ocr_carea' id='block_1_24' title="bbox 2079 1055 3656 1136">
    <p class='ocr_par' dir='ltr' id='par_1_24' title="bbox 2079 1055 3656 1136">
     <span class='ocr_line' id='line_1_24' title="bbox 2079 1055 3656 1136; baseline -0.008 -15"><span class='ocrx_word' id='word_1_160' title='bbox 2079 1065 2231 1121; x_wconf 87' lang='lat' dir='ltr'><strong>utilia</strong></span> <span class='ocrx_word' id='word_1_161' title='bbox 2266 1081 2365 1136; x_wconf 93' lang='lat' dir='ltr'><strong>per</strong></span> <span class='ocrx_word' id='word_1_162' title='bbox 2403 1062 2717 1135; x_wconf 64' lang='lat' dir='ltr'><strong>praesentia,</strong></span> <span class='ocrx_word' id='word_1_163' title='bbox 2747 1073 2934 1131; x_wconf 85' lang='lat' dir='ltr'><strong>aperte</strong></span> <span class='ocrx_word' id='word_1_164' title='bbox 2965 1061 3240 1132; x_wconf 81' lang='lat' dir='ltr'><strong>legislator</strong></span> <span class='ocrx_word' id='word_1_165' title='bbox 3267 1057 3525 1113; x_wconf 83' lang='lat' dir='ltr'><strong>ostendit.</strong></span> <span class='ocrx_word' id='word_1_166' title='bbox 3551 1055 3656 1121; x_wconf 85' lang='lat' dir='ltr'><strong>Qui</strong></span> 
     </span>
    </p>
   </div>
   <div class='ocr_carea' id='block_1_25' title="bbox 2080 1146 3664 1222">
    <p class='ocr_par' dir='ltr' id='par_1_25' title="bbox 2080 1146 3664 1222">
     <span class='ocr_line' id='line_1_25' title="bbox 2080 1146 3664 1222; baseline -0.009 -11"><span class='ocrx_word' id='word_1_167' title='bbox 2080 1157 2226 1211; x_wconf 89' lang='lat' dir='ltr'><strong>enim</strong></span> <span class='ocrx_word' id='word_1_168' title='bbox 2257 1154 2599 1211; x_wconf 78' lang='lat' dir='ltr'><strong>consecravit</strong></span> <span class='ocrx_word' id='word_1_169' title='bbox 2641 1161 2830 1222; x_wconf 83' lang='lat' dir='ltr'><strong>agrum</strong></span> <span class='ocrx_word' id='word_1_170' title='bbox 2878 1160 2932 1205; x_wconf 88' lang='lat' dir='ltr'><strong>et</strong></span> <span class='ocrx_word' id='word_1_171' title='bbox 2976 1155 3161 1220; x_wconf 80' lang='lat' dir='ltr'><strong>poStea</strong></span> <span class='ocrx_word' id='word_1_172' title='bbox 3199 1149 3436 1210; x_wconf 86' lang='lat' dir='ltr'><strong>redimit,</strong></span> <span class='ocrx_word' id='word_1_173' title='bbox 3469 1146 3556 1199; x_wconf 89' lang='lat' dir='ltr'><strong>ille</strong></span> <span class='ocrx_word' id='word_1_174' title='bbox 3579 1154 3664 1199; x_wconf 88' lang='lat' dir='ltr'><strong>est</strong></span> 
     </span>
    </p>
   </div>
   <div class='ocr_carea' id='block_1_26' title="bbox 2081 1237 3659 1316">
    <p class='ocr_par' dir='ltr' id='par_1_26' title="bbox 2081 1237 3659 1316">
     <span class='ocr_line' id='line_1_26' title="bbox 2081 1237 3659 1316; baseline -0.008 -15"><span class='ocrx_word' id='word_1_175' title='bbox 2081 1248 2174 1316; x_wconf 89' lang='lat' dir='ltr'><strong>qui</strong></span> <span class='ocrx_word' id='word_1_176' title='bbox 2221 1263 2374 1301; x_wconf 80' lang='lat' dir='ltr'><strong>suam</strong></span> <span class='ocrx_word' id='word_1_177' title='bbox 2417 1245 2898 1299; x_wconf 82' lang='lat' dir='ltr'><strong>conversationem</strong></span> <span class='ocrx_word' id='word_1_178' title='bbox 2929 1242 3022 1295; x_wconf 86' lang='lat' dir='ltr'><strong>aiii</strong></span> <span class='ocrx_word' id='word_1_179' title='bbox 3061 1239 3351 1311; x_wconf 83' lang='lat' dir='ltr'><strong>gubernari</strong></span> <span class='ocrx_word' id='word_1_180' title='bbox 3395 1237 3659 1308; x_wconf 85' lang='lat' dir='ltr'><strong>permisit.</strong></span> 
     </span>
    </p>
   </div>
   <div class='ocr_carea' id='block_1_27' title="bbox 2081 1331 3662 1408">
    <p class='ocr_par' dir='ltr' id='par_1_27' title="bbox 2081 1331 3662 1408">
     <span class='ocr_line' id='line_1_27' title="bbox 2081 1331 3662 1408; baseline -0.009 -14"><span class='ocrx_word' id='word_1_181' title='bbox 2081 1340 2276 1394; x_wconf 78' lang='lat' dir='ltr'><strong>Postea</strong></span> <span class='ocrx_word' id='word_1_182' title='bbox 2299 1339 2390 1408; x_wconf 88' lang='lat' dir='ltr'><strong>qui</strong></span> <span class='ocrx_word' id='word_1_183' title='bbox 2416 1338 2638 1408; x_wconf 85' lang='lat' dir='ltr'><strong>ju&#39;vatus</strong></span> <span class='ocrx_word' id='word_1_184' title='bbox 2663 1336 2770 1396; x_wconf 79' lang='lat' dir='ltr'><strong>est.</strong></span> <span class='ocrx_word' id='word_1_185' title='bbox 2800 1343 2857 1387; x_wconf 86' lang='lat' dir='ltr'><strong>et</strong></span> <span class='ocrx_word' id='word_1_186' title='bbox 2875 1331 3205 1401; x_wconf 77' lang='lat' dir='ltr'><strong>conquisivit</strong></span> <span class='ocrx_word' id='word_1_187' title='bbox 3226 1331 3580 1390; x_wconf 80' lang='lat' dir='ltr'><strong>intellectum,</strong></span> <span class='ocrx_word' id='word_1_188' title='bbox 3606 1336 3662 1379; x_wconf 84' lang='lat' dir='ltr'><strong>ut</strong></span> 
     </span>
    </p>
   </div>
   <div class='ocr_carea' id='block_1_28' title="bbox 2076 1421 3665 1504">
    <p class='ocr_par' dir='ltr' id='par_1_28' title="bbox 2076 1421 3665 1504">
     <span class='ocr_line' id='line_1_28' title="bbox 2076 1421 3665 1504; baseline -0.009 -18"><span class='ocrx_word' id='word_1_189' title='bbox 2076 1433 2196 1504; x_wconf 83' lang='lat' dir='ltr'><strong>jam</strong></span> <span class='ocrx_word' id='word_1_190' title='bbox 2249 1441 2402 1495; x_wconf 82' lang='lat' dir='ltr'><strong>esset,</strong></span> <span class='ocrx_word' id='word_1_191' title='bbox 2455 1432 2597 1484; x_wconf 82' lang='lat' dir='ltr'><strong>sicut</strong></span> <span class='ocrx_word' id='word_1_192' title='bbox 2637 1429 2711 1482; x_wconf 83' lang='lat' dir='ltr'><strong>ait</strong></span> <span class='ocrx_word' id='word_1_193' title='bbox 2759 1426 3056 1496; x_wconf 78' lang='lat' dir='ltr'><strong>Propheta,</strong></span> <span class='ocrx_word' id='word_1_194' title='bbox 3114 1422 3351 1478; x_wconf 78' lang='lat' dir='ltr'><strong>docibilis</strong></span> <span class='ocrx_word' id='word_1_195' title='bbox 3390 1421 3486 1475; x_wconf 83' lang='lat' dir='ltr'><strong>Dei</strong></span> <span class='ocrx_word' id='word_1_196' title='bbox 3509 1421 3573 1484; x_wconf 86' lang='grc'>⁸³,</span> <span class='ocrx_word' id='word_1_197' title='bbox 3609 1422 3665 1473; x_wconf 86' lang='lat' dir='ltr'><strong>et</strong></span> 
     </span>
    </p>
   </div>
   <div class='ocr_carea' id='block_1_29' title="bbox 2083 1515 3664 1594">
    <p class='ocr_par' dir='ltr' id='par_1_29' title="bbox 2083 1515 3664 1594">
     <span class='ocr_line' id='line_1_29' title="bbox 2083 1515 3664 1594; baseline -0.011 -13"><span class='ocrx_word' id='word_1_198' title='bbox 2083 1527 2377 1594; x_wconf 82' lang='lat' dir='ltr'><strong>disponere</strong></span> <span class='ocrx_word' id='word_1_199' title='bbox 2421 1519 2564 1590; x_wconf 87' lang='lat' dir='ltr'><strong>apud</strong></span> <span class='ocrx_word' id='word_1_200' title='bbox 2611 1519 2968 1588; x_wconf 81' lang='lat' dir='ltr'><strong>semetipsum</strong></span> <span class='ocrx_word' id='word_1_201' title='bbox 3016 1515 3187 1586; x_wconf 80' lang='lat' dir='ltr'><strong>pessit</strong></span> <span class='ocrx_word' id='word_1_202' title='bbox 3228 1515 3284 1568; x_wconf 90' lang='lat' dir='ltr'><strong>in</strong></span> <span class='ocrx_word' id='word_1_203' title='bbox 3319 1515 3506 1568; x_wconf 77' lang='lat' dir='ltr'><strong>futuro</strong></span> <span class='ocrx_word' id='word_1_204' title='bbox 3543 1515 3664 1581; x_wconf 65' lang='lat' dir='ltr'><strong>quae</strong></span> 
     </span>
    </p>
   </div>
   <div class='ocr_carea' id='block_1_30' title="bbox 2083 1604 3663 1685">
    <p class='ocr_par' dir='ltr' id='par_1_30' title="bbox 2083 1604 3663 1685">
     <span class='ocr_line' id='line_1_30' title="bbox 2083 1604 3663 1685; baseline -0.008 -15"><span class='ocrx_word' id='word_1_205' title='bbox 2083 1615 2402 1685; x_wconf 83' lang='lat' dir='ltr'><strong>expediunt,</strong></span> <span class='ocrx_word' id='word_1_206' title='bbox 2425 1609 2513 1668; x_wconf 89' lang='lat' dir='ltr'><strong>hic</strong></span> <span class='ocrx_word' id='word_1_207' title='bbox 2547 1628 2734 1682; x_wconf 77' lang='lat' dir='ltr'><strong>agrum</strong></span> <span class='ocrx_word' id='word_1_208' title='bbox 2759 1619 2916 1665; x_wconf 87' lang='lat' dir='ltr'><strong>suum</strong></span> <span class='ocrx_word' id='word_1_209' title='bbox 2953 1609 3054 1662; x_wconf 86' lang='lat' dir='ltr'><strong>sibi</strong></span> <span class='ocrx_word' id='word_1_210' title='bbox 3083 1607 3354 1676; x_wconf 84' lang='lat' dir='ltr'><strong>recipiens</strong></span> <span class='ocrx_word' id='word_1_211' title='bbox 3379 1604 3663 1674; x_wconf 87' lang='lat' dir='ltr'><strong>conquisi-</strong></span> 
     </span>
    </p>
   </div>
   <div class='ocr_carea' id='block_1_31' title="bbox 2086 1695 3662 1771">
    <p class='ocr_par' dir='ltr' id='par_1_31' title="bbox 2086 1695 3662 1771">
     <span class='ocr_line' id='line_1_31' title="bbox 2086 1695 3662 1771; baseline -0.009 -10"><span class='ocrx_word' id='word_1_212' title='bbox 2086 1705 2184 1761; x_wconf 74' lang='lat' dir='ltr'><strong>vit.</strong></span> <span class='ocrx_word' id='word_1_213' title='bbox 2219 1705 2322 1770; x_wconf 85' lang='lat' dir='ltr'><strong>Qui</strong></span> <span class='ocrx_word' id='word_1_214' title='bbox 2355 1712 2540 1758; x_wconf 86' lang='lat' dir='ltr'><strong>autem</strong></span> <span class='ocrx_word' id='word_1_215' title='bbox 2573 1697 2710 1757; x_wconf 85' lang='lat' dir='ltr'><strong>nihil</strong></span> <span class='ocrx_word' id='word_1_216' title='bbox 2737 1700 2947 1771; x_wconf 84' lang='lat' dir='ltr'><strong>proiicit</strong></span> <span class='ocrx_word' id='word_1_217' title='bbox 2967 1703 3029 1754; x_wconf 76' lang='lat' dir='ltr'><strong>ex</strong></span> <span class='ocrx_word' id='word_1_218' title='bbox 3058 1699 3282 1753; x_wconf 78' lang='lat' dir='ltr'><strong>alterius</strong></span> <span class='ocrx_word' id='word_1_219' title='bbox 3313 1695 3662 1766; x_wconf 83' lang='lat' dir='ltr'><strong>gubernatio-</strong></span> 
     </span>
    </p>
   </div>
   <div class='ocr_carea' id='block_1_32' title="bbox 2088 1789 3666 1864">
    <p class='ocr_par' dir='ltr' id='par_1_32' title="bbox 2088 1789 3666 1864">
     <span class='ocr_line' id='line_1_32' title="bbox 2088 1789 3666 1864; baseline -0.008 -13"><span class='ocrx_word' id='word_1_220' title='bbox 2088 1813 2176 1862; x_wconf 89' lang='lat' dir='ltr'><strong>ne,</strong></span> <span class='ocrx_word' id='word_1_221' title='bbox 2208 1811 2312 1850; x_wconf 89' lang='lat' dir='ltr'><strong>uec</strong></span> <span class='ocrx_word' id='word_1_222' title='bbox 2342 1795 2630 1864; x_wconf 84' lang='lat' dir='ltr'><strong>acquisivit</strong></span> <span class='ocrx_word' id='word_1_223' title='bbox 2657 1793 3014 1852; x_wconf 85' lang='lat' dir='ltr'><strong>intellectum,</strong></span> <span class='ocrx_word' id='word_1_224' title='bbox 3043 1791 3138 1844; x_wconf 87' lang='lat' dir='ltr'><strong>sed</strong></span> <span class='ocrx_word' id='word_1_225' title='bbox 3174 1804 3387 1857; x_wconf 84' lang='lat' dir='ltr'><strong>semper</strong></span> <span class='ocrx_word' id='word_1_226' title='bbox 3403 1793 3541 1856; x_wconf 80' lang='lat' dir='ltr'><strong>opus</strong></span> <span class='ocrx_word' id='word_1_227' title='bbox 3566 1789 3666 1840; x_wconf 87' lang='lat' dir='ltr'><strong>ba-</strong></span> 
     </span>
    </p>
   </div>
   <div class='ocr_carea' id='block_1_33' title="bbox 399 1867 3665 1955">
    <p class='ocr_par' dir='ltr' id='par_1_33' title="bbox 399 1867 3665 1955">
     <span class='ocr_line' id='line_1_33' title="bbox 399 1867 3665 1955; baseline -0.001 -23"><span class='ocrx_word' id='word_1_228' title='bbox 399 1880 654 1934; x_wconf 85' lang='lat' dir='ltr'><strong>sacerdus</strong></span> <span class='ocrx_word' id='word_1_229' title='bbox 684 1880 882 1950; x_wconf 77' lang='lat' dir='ltr'><strong>exigat,</strong></span> <span class='ocrx_word' id='word_1_230' title='bbox 920 1879 1067 1949; x_wconf 90' lang='lat' dir='ltr'><strong>quod</strong></span> <span class='ocrx_word' id='word_1_231' title='bbox 1107 1897 1230 1936; x_wconf 90' lang='lat' dir='ltr'><strong>cum</strong></span> <span class='ocrx_word' id='word_1_232' title='bbox 1278 1883 1608 1955; x_wconf 43' lang='lat' dir='ltr'><strong>doceretur”</strong></span> <span class='ocrx_word' id='word_1_233' title='bbox 1629 1899 1694 1937; x_wconf 79' lang='lat' dir='ltr'><strong>ex</strong></span> <span class='ocrx_word' id='word_1_234' title='bbox 1738 1885 1978 1954; x_wconf 80' lang='lat' dir='ltr'><strong>perfecta</strong></span> <span class='ocrx_word' id='word_1_235' title='bbox 2015 1867 2054 1920; x_wconf 75' lang='grc' dir='ltr'><strong>Β</strong></span> <span class='ocrx_word' id='word_1_236' title='bbox 2085 1887 2220 1941; x_wconf 84' lang='lat' dir='ltr'><strong>beus</strong></span> <span class='ocrx_word' id='word_1_237' title='bbox 2250 1887 2319 1941; x_wconf 89' lang='lat' dir='ltr'><strong>ab</strong></span> <span class='ocrx_word' id='word_1_238' title='bbox 2349 1886 2455 1940; x_wconf 90' lang='lat' dir='ltr'><strong>alio</strong></span> <span class='ocrx_word' id='word_1_239' title='bbox 2480 1885 2659 1940; x_wconf 84' lang='lat' dir='ltr'><strong>doceri</strong></span> <span class='ocrx_word' id='word_1_240' title='bbox 2687 1891 2742 1938; x_wconf 84' lang='lat' dir='ltr'><strong>et</strong></span> <span class='ocrx_word' id='word_1_241' title='bbox 2775 1882 2896 1936; x_wconf 86' lang='lat' dir='ltr'><strong>talis</strong></span> <span class='ocrx_word' id='word_1_242' title='bbox 2927 1881 3210 1943; x_wconf 77' lang='lat' dir='ltr'><strong>exsistere,</strong></span> <span class='ocrx_word' id='word_1_243' title='bbox 3237 1879 3414 1948; x_wconf 79' lang='lat' dir='ltr'><strong>qualis</strong></span> <span class='ocrx_word' id='word_1_244' title='bbox 3443 1879 3665 1932; x_wconf 75' lang='lat' dir='ltr'><strong>fuerunt</strong></span> 
     </span>
    </p>
   </div>
   <div class='ocr_carea' id='block_1_34' title="bbox 399 1969 1983 2042">
    <p class='ocr_par' dir='ltr' id='par_1_34' title="bbox 399 1969 1983 2042">
     <span class='ocr_line' id='line_1_34' title="bbox 399 1969 1983 2042; baseline 0.005 -19"><span class='ocrx_word' id='word_1_245' title='bbox 399 1978 456 2024; x_wconf 91' lang='lat' dir='ltr'><strong>et</strong></span> <span class='ocrx_word' id='word_1_246' title='bbox 480 1971 710 2039; x_wconf 78' lang='lat' dir='ltr'><strong>spiritali</strong></span> <span class='ocrx_word' id='word_1_247' title='bbox 736 1969 984 2026; x_wconf 86' lang='lat' dir='ltr'><strong>doctrina</strong></span> <span class='ocrx_word' id='word_1_248' title='bbox 1015 1974 1279 2042; x_wconf 79' lang='lat' dir='ltr'><strong>percepit,</strong></span> <span class='ocrx_word' id='word_1_249' title='bbox 1319 1975 1468 2029; x_wconf 87' lang='lat' dir='ltr'><strong>nullo</strong></span> <span class='ocrx_word' id='word_1_250' title='bbox 1505 1976 1666 2030; x_wconf 88' lang='lat' dir='ltr'><strong>modo</strong></span> <span class='ocrx_word' id='word_1_251' title='bbox 1693 1977 1743 2029; x_wconf 83' lang='lat' dir='ltr'><strong>ei</strong></span> <span class='ocrx_word' id='word_1_252' title='bbox 1782 1978 1983 2032; x_wconf 81' lang='lat' dir='ltr'><strong>conde-</strong></span> 
     </span>
    </p>
   </div>
   <div class='ocr_carea' id='block_1_35' title="bbox 400 2063 1979 2138">
    <p class='ocr_par' dir='ltr' id='par_1_35' title="bbox 400 2063 1979 2138">
     <span class='ocr_line' id='line_1_35' title="bbox 400 2063 1979 2138; baseline 0.006 -24"><span class='ocrx_word' id='word_1_253' title='bbox 400 2063 689 2127; x_wconf 76' lang='lat' dir='ltr'><strong>scendens,</strong></span> <span class='ocrx_word' id='word_1_254' title='bbox 735 2075 918 2132; x_wconf 88' lang='lat' dir='ltr'><strong>neque</strong></span> <span class='ocrx_word' id='word_1_255' title='bbox 956 2064 1101 2117; x_wconf 88' lang='lat' dir='ltr'><strong>enim</strong></span> <span class='ocrx_word' id='word_1_256' title='bbox 1145 2076 1374 2120; x_wconf 87' lang='lat' dir='ltr'><strong>necesse</strong></span> <span class='ocrx_word' id='word_1_257' title='bbox 1435 2067 1618 2130; x_wconf 86' lang='lat' dir='ltr'><strong>habet,</strong></span> <span class='ocrx_word' id='word_1_258' title='bbox 1663 2073 1847 2136; x_wconf 83' lang='lat' dir='ltr'><strong>utpOte</strong></span> <span class='ocrx_word' id='word_1_259' title='bbox 1886 2070 1979 2138; x_wconf 89' lang='lat' dir='ltr'><strong>qui</strong></span> 
     </span>
    </p>
   </div>
   <div class='ocr_carea' id='block_1_36' title="bbox 402 2153 1982 2229">
    <p class='ocr_par' dir='ltr' id='par_1_36' title="bbox 402 2153 1982 2229">
     <span class='ocr_line' id='line_1_36' title="bbox 402 2153 1982 2229; baseline 0.006 -24"><span class='ocrx_word' id='word_1_260' title='bbox 402 2165 501 2221; x_wconf 88' lang='lat' dir='ltr'><strong>per</strong></span> <span class='ocrx_word' id='word_1_261' title='bbox 545 2153 750 2207; x_wconf 85' lang='lat' dir='ltr'><strong>donum</strong></span> <span class='ocrx_word' id='word_1_262' title='bbox 790 2165 1084 2210; x_wconf 85' lang='lat' dir='ltr'><strong>renovatus</strong></span> <span class='ocrx_word' id='word_1_263' title='bbox 1127 2165 1231 2220; x_wconf 85' lang='lat' dir='ltr'><strong>est,</strong></span> <span class='ocrx_word' id='word_1_264' title='bbox 1273 2157 1369 2212; x_wconf 85' lang='lat' dir='ltr'><strong>sed</strong></span> <span class='ocrx_word' id='word_1_265' title='bbox 1415 2158 1470 2212; x_wconf 90' lang='lat' dir='ltr'><strong>in</strong></span> <span class='ocrx_word' id='word_1_266' title='bbox 1503 2159 1770 2221; x_wconf 85' lang='lat' dir='ltr'><strong>doctrina,</strong></span> <span class='ocrx_word' id='word_1_267' title='bbox 1820 2171 1982 2229; x_wconf 86' lang='lat' dir='ltr'><strong>quam</strong></span> 
     </span>
    </p>
   </div>
   <div class='ocr_carea' id='block_1_37' title="bbox 401 2244 1983 2315">
    <p class='ocr_par' dir='ltr' id='par_1_37' title="bbox 401 2244 1983 2315">
     <span class='ocr_line' id='line_1_37' title="bbox 401 2244 1983 2315; baseline 0.007 -21"><span class='ocrx_word' id='word_1_268' title='bbox 401 2244 612 2312; x_wconf 87' lang='lat' dir='ltr'><strong>accepit</strong></span> <span class='ocrx_word' id='word_1_269' title='bbox 644 2245 802 2312; x_wconf 87' lang='lat' dir='ltr'><strong>plene</strong></span> <span class='ocrx_word' id='word_1_270' title='bbox 829 2257 954 2299; x_wconf 89' lang='lat' dir='ltr'><strong>eum</strong></span> <span class='ocrx_word' id='word_1_271' title='bbox 987 2260 1310 2315; x_wconf 85' lang='lat' dir='ltr'><strong>permanere</strong></span> <span class='ocrx_word' id='word_1_272' title='bbox 1329 2250 1478 2305; x_wconf 79' lang='lat' dir='ltr'><strong>facit.</strong></span> <span class='ocrx_word' id='word_1_273' title='bbox 1509 2250 1565 2303; x_wconf 88' lang='lat' dir='ltr'><strong>Si</strong></span> <span class='ocrx_word' id='word_1_274' title='bbox 1601 2260 1782 2304; x_wconf 89' lang='lat' dir='ltr'><strong>autem</strong></span> <span class='ocrx_word' id='word_1_275' title='bbox 1805 2252 1983 2305; x_wconf 91' lang='lat' dir='ltr'><strong>deillo</strong></span> 
     </span>
    </p>
   </div>
   <div class='ocr_carea' id='block_1_38' title="bbox 399 2333 1982 2412">
    <p class='ocr_par' dir='ltr' id='par_1_38' title="bbox 399 2333 1982 2412">
     <span class='ocr_line' id='line_1_38' title="bbox 399 2333 1982 2412; baseline 0.006 -25"><span class='ocrx_word' id='word_1_276' title='bbox 399 2343 488 2388; x_wconf 85' lang='lat' dir='ltr'><strong>est</strong></span> <span class='ocrx_word' id='word_1_277' title='bbox 529 2333 694 2399; x_wconf 83' lang='lat' dir='ltr'><strong>dono,</strong></span> <span class='ocrx_word' id='word_1_278' title='bbox 741 2338 886 2405; x_wconf 90' lang='lat' dir='ltr'><strong>quod</strong></span> <span class='ocrx_word' id='word_1_279' title='bbox 922 2341 1187 2408; x_wconf 88' lang='lat' dir='ltr'><strong>percepit,</strong></span> <span class='ocrx_word' id='word_1_280' title='bbox 1224 2341 1537 2412; x_wconf 88' lang='lat' dir='ltr'><strong>deciditque</strong></span> <span class='ocrx_word' id='word_1_281' title='bbox 1565 2343 1632 2396; x_wconf 89' lang='lat' dir='ltr'><strong>ab</strong></span> <span class='ocrx_word' id='word_1_282' title='bbox 1659 2359 1726 2397; x_wconf 89' lang='lat' dir='ltr'><strong>eo</strong></span> <span class='ocrx_word' id='word_1_283' title='bbox 1756 2344 1810 2396; x_wconf 89' lang='lat' dir='ltr'><strong>in</strong></span> <span class='ocrx_word' id='word_1_284' title='bbox 1847 2359 1982 2398; x_wconf 88' lang='lat' dir='ltr'><strong>con-</strong></span> 
     </span>
    </p>
   </div>
   <div class='ocr_carea' id='block_1_39' title="bbox 402 2427 1983 2503">
    <p class='ocr_par' dir='ltr' id='par_1_39' title="bbox 402 2427 1983 2503">
     <span class='ocr_line' id='line_1_39' title="bbox 402 2427 1983 2503; baseline 0.006 -23"><span class='ocrx_word' id='word_1_285' title='bbox 402 2427 710 2481; x_wconf 78' lang='lat' dir='ltr'><strong>versatione</strong></span> <span class='ocrx_word' id='word_1_286' title='bbox 757 2447 769 2482; x_wconf 88' lang='lat'><strong>:</strong></span> <span class='ocrx_word' id='word_1_287' title='bbox 829 2430 931 2484; x_wconf 92' lang='lat' dir='ltr'><strong>hoc</strong></span> <span class='ocrx_word' id='word_1_288' title='bbox 988 2439 1070 2486; x_wconf 88' lang='lat' dir='ltr'><strong>est</strong></span> <span class='ocrx_word' id='word_1_289' title='bbox 1131 2434 1276 2486; x_wconf 90' lang='lat' dir='ltr'><strong>enim</strong></span> <span class='ocrx_word' id='word_1_290' title='bbox 1329 2435 1667 2503; x_wconf 87' lang='lat' dir='ltr'><strong>aliquantum</strong></span> <span class='ocrx_word' id='word_1_291' title='bbox 1721 2437 1983 2503; x_wconf 87' lang='lat' dir='ltr'><strong>temporis</strong></span> 
     </span>
    </p>
   </div>
   <div class='ocr_carea' id='block_1_40' title="bbox 401 2514 1982 2594">
    <p class='ocr_par' dir='ltr' id='par_1_40' title="bbox 401 2514 1982 2594">
     <span class='ocr_line' id='line_1_40' title="bbox 401 2514 1982 2594; baseline 0.007 -26"><span class='ocrx_word' id='word_1_292' title='bbox 401 2514 613 2572; x_wconf 74' lang='lat' dir='ltr'><strong>Jubiltei</strong></span> <span class='ocrx_word' id='word_1_293' title='bbox 639 2515 753 2572; x_wconf 80' lang='lat' dir='ltr'><strong>sive</strong></span> <span class='ocrx_word' id='word_1_294' title='bbox 784 2519 1124 2574; x_wconf 88' lang='lat' dir='ltr'><strong>remissionis</strong></span> <span class='ocrx_word' id='word_1_295' title='bbox 1159 2537 1482 2576; x_wconf 85' lang='lat' dir='ltr'><strong>consecrare</strong></span> <span class='ocrx_word' id='word_1_296' title='bbox 1527 2533 1734 2594; x_wconf 81' lang='lat' dir='ltr'><strong>agrum,</strong></span> <span class='ocrx_word' id='word_1_297' title='bbox 1764 2535 1910 2579; x_wconf 85' lang='lat' dir='ltr'><strong>reete</strong></span> <span class='ocrx_word' id='word_1_298' title='bbox 1931 2525 1982 2579; x_wconf 90' lang='lat' dir='ltr'><strong>ei</strong></span> 
     </span>
    </p>
   </div>
   <div class='ocr_carea' id='block_1_41' title="bbox 403 2611 1983 2687">
    <p class='ocr_par' dir='ltr' id='par_1_41' title="bbox 403 2611 1983 2687">
     <span class='ocr_line' id='line_1_41' title="bbox 403 2611 1983 2687; baseline 0.005 -23"><span class='ocrx_word' id='word_1_299' title='bbox 403 2611 676 2679; x_wconf 84' lang='lat' dir='ltr'><strong>reputabit</strong></span> <span class='ocrx_word' id='word_1_300' title='bbox 719 2613 972 2667; x_wconf 86' lang='lat' dir='ltr'><strong>sacerdos</strong></span> <span class='ocrx_word' id='word_1_301' title='bbox 1003 2625 1288 2684; x_wconf 79' lang='lat' dir='ltr'><strong>argentum</strong></span> <span class='ocrx_word' id='word_1_302' title='bbox 1327 2617 1380 2669; x_wconf 90' lang='lat' dir='ltr'><strong>in</strong></span> <span class='ocrx_word' id='word_1_303' title='bbox 1406 2629 1578 2672; x_wconf 84' lang='lat' dir='ltr'><strong>annos</strong></span> <span class='ocrx_word' id='word_1_304' title='bbox 1603 2617 1862 2687; x_wconf 88' lang='lat' dir='ltr'><strong>reliquos,</strong></span> <span class='ocrx_word' id='word_1_305' title='bbox 1889 2633 1983 2672; x_wconf 83' lang='lat' dir='ltr'><strong>us-</strong></span> 
     </span>
    </p>
   </div>
   <div class='ocr_carea' id='block_1_42' title="bbox 403 2697 1981 2782">
    <p class='ocr_par' dir='ltr' id='par_1_42' title="bbox 403 2697 1981 2782">
     <span class='ocr_line' id='line_1_42' title="bbox 403 2697 1981 2782; baseline 0.007 -29"><span class='ocrx_word' id='word_1_306' title='bbox 403 2714 507 2769; x_wconf 91' lang='lat' dir='ltr'><strong>que</strong></span> <span class='ocrx_word' id='word_1_307' title='bbox 523 2697 590 2755; x_wconf 87' lang='lat' dir='ltr'><strong>ad</strong></span> <span class='ocrx_word' id='word_1_308' title='bbox 609 2716 812 2756; x_wconf 87' lang='lat' dir='ltr'><strong>annum</strong></span> <span class='ocrx_word' id='word_1_309' title='bbox 841 2704 1183 2758; x_wconf 86' lang='lat' dir='ltr'><strong>remissionis</strong></span> <span class='ocrx_word' id='word_1_310' title='bbox 1217 2707 1333 2761; x_wconf 88' lang='lat' dir='ltr'><strong>sive</strong></span> <span class='ocrx_word' id='word_1_311' title='bbox 1357 2706 1594 2774; x_wconf 70' lang='lat' dir='ltr'><strong>Jubilazi,</strong></span> <span class='ocrx_word' id='word_1_312' title='bbox 1626 2717 1684 2763; x_wconf 91' lang='lat' dir='ltr'><strong>ut</strong></span> <span class='ocrx_word' id='word_1_313' title='bbox 1712 2709 1981 2782; x_wconf 79' lang='lat' dir='ltr'><strong>reliquum</strong></span> 
     </span>
    </p>
   </div>
   <div class='ocr_carea' id='block_1_43' title="bbox 403 2789 1982 2864">
    <p class='ocr_par' dir='ltr' id='par_1_43' title="bbox 403 2789 1982 2864">
     <span class='ocr_line' id='line_1_43' title="bbox 403 2789 1982 2864; baseline 0.006 -20"><span class='ocrx_word' id='word_1_314' title='bbox 403 2789 454 2844; x_wconf 86' lang='lat' dir='ltr'><strong>ei</strong></span> <span class='ocrx_word' id='word_1_315' title='bbox 479 2798 694 2860; x_wconf 90' lang='lat' dir='ltr'><strong>tempus</strong></span> <span class='ocrx_word' id='word_1_316' title='bbox 726 2794 950 2848; x_wconf 82' lang='lat' dir='ltr'><strong>deﬁniat</strong></span> <span class='ocrx_word' id='word_1_317' title='bbox 978 2795 1045 2848; x_wconf 85' lang='lat' dir='ltr'><strong>ad</strong></span> <span class='ocrx_word' id='word_1_318' title='bbox 1086 2796 1462 2864; x_wconf 62' lang='lat' dir='ltr'><strong>paenitentiam</strong></span> <span class='ocrx_word' id='word_1_319' title='bbox 1489 2805 1545 2852; x_wconf 88' lang='lat' dir='ltr'><strong>et</strong></span> <span class='ocrx_word' id='word_1_320' title='bbox 1572 2799 1892 2854; x_wconf 83' lang='lat' dir='ltr'><strong>detrahetur</strong></span> <span class='ocrx_word' id='word_1_321' title='bbox 1917 2815 1982 2854; x_wconf 84' lang='lat' dir='ltr'><strong>ex</strong></span> 
     </span>
    </p>
   </div>
   <div class='ocr_carea' id='block_1_44' title="bbox 403 2881 1980 2952">
    <p class='ocr_par' dir='ltr' id='par_1_44' title="bbox 403 2881 1980 2952">
     <span class='ocr_line' id='line_1_44' title="bbox 403 2881 1980 2952; baseline 0.006 -17"><span class='ocrx_word' id='word_1_322' title='bbox 403 2881 599 2950; x_wconf 86' lang='lat' dir='ltr'><strong>pretio.</strong></span> <span class='ocrx_word' id='word_1_323' title='bbox 659 2883 816 2950; x_wconf 86' lang='lat' dir='ltr'><strong>Quod</strong></span> <span class='ocrx_word' id='word_1_324' title='bbox 859 2889 1003 2940; x_wconf 85' lang='lat' dir='ltr'><strong>enim</strong></span> <span class='ocrx_word' id='word_1_325' title='bbox 1058 2887 1240 2942; x_wconf 85' lang='lat' dir='ltr'><strong>minus</strong></span> <span class='ocrx_word' id='word_1_326' title='bbox 1290 2881 1438 2952; x_wconf 76' lang='lat' dir='ltr'><strong>fecit,</strong></span> <span class='ocrx_word' id='word_1_327' title='bbox 1484 2898 1539 2943; x_wconf 83' lang='lat' dir='ltr'><strong>et</strong></span> <span class='ocrx_word' id='word_1_328' title='bbox 1590 2891 1980 2946; x_wconf 90' lang='lat' dir='ltr'><strong>detrimentum</strong></span> 
     </span>
    </p>
   </div>
   <div class='ocr_carea' id='block_1_45' title="bbox 402 2973 1982 3045">
    <p class='ocr_par' dir='ltr' id='par_1_45' title="bbox 402 2973 1982 3045">
     <span class='ocr_line' id='line_1_45' title="bbox 402 2973 1982 3045; baseline 0.008 -20"><span class='ocrx_word' id='word_1_329' title='bbox 402 2973 645 3041; x_wconf 87' lang='lat' dir='ltr'><strong>pertulit,</strong></span> <span class='ocrx_word' id='word_1_330' title='bbox 669 2986 724 3030; x_wconf 90' lang='lat' dir='ltr'><strong>et</strong></span> <span class='ocrx_word' id='word_1_331' title='bbox 764 2977 1006 3032; x_wconf 89' lang='lat' dir='ltr'><strong>deterius</strong></span> <span class='ocrx_word' id='word_1_332' title='bbox 1036 2988 1392 3035; x_wconf 81' lang='lat' dir='ltr'><strong>conversatus</strong></span> <span class='ocrx_word' id='word_1_333' title='bbox 1431 2989 1534 3045; x_wconf 86' lang='lat' dir='ltr'><strong>est,</strong></span> <span class='ocrx_word' id='word_1_334' title='bbox 1578 2982 1681 3038; x_wconf 89' lang='lat' dir='ltr'><strong>hoc</strong></span> <span class='ocrx_word' id='word_1_335' title='bbox 1708 2984 1853 3037; x_wconf 90' lang='lat' dir='ltr'><strong>dono</strong></span> <span class='ocrx_word' id='word_1_336' title='bbox 1882 2984 1982 3037; x_wconf 92' lang='lat' dir='ltr'><strong>im-</strong></span> 
     </span>
    </p>
   </div>
   <div class='ocr_carea' id='block_1_46' title="bbox 405 3063 1984 3144">
    <p class='ocr_par' dir='ltr' id='par_1_46' title="bbox 405 3063 1984 3144">
     <span class='ocr_line' id='line_1_46' title="bbox 405 3063 1984 3144; baseline 0.009 -28"><span class='ocrx_word' id='word_1_337' title='bbox 405 3063 625 3130; x_wconf 88' lang='lat' dir='ltr'><strong>minuit,</strong></span> <span class='ocrx_word' id='word_1_338' title='bbox 663 3076 720 3121; x_wconf 89' lang='lat' dir='ltr'><strong>et</strong></span> <span class='ocrx_word' id='word_1_339' title='bbox 763 3067 1030 3124; x_wconf 82' lang='lat' dir='ltr'><strong>inlirmior</strong></span> <span class='ocrx_word' id='word_1_340' title='bbox 1058 3070 1288 3125; x_wconf 82' lang='lat' dir='ltr'><strong>eﬂectus</strong></span> <span class='ocrx_word' id='word_1_341' title='bbox 1318 3079 1403 3126; x_wconf 87' lang='lat' dir='ltr'><strong>est</strong></span> <span class='ocrx_word' id='word_1_342' title='bbox 1453 3081 1508 3126; x_wconf 87' lang='lat' dir='ltr'><strong>et</strong></span> <span class='ocrx_word' id='word_1_343' title='bbox 1549 3083 1840 3144; x_wconf 79' lang='lat' dir='ltr'><strong>propterea</strong></span> <span class='ocrx_word' id='word_1_344' title='bbox 1888 3076 1984 3129; x_wconf 88' lang='lat' dir='ltr'><strong>ab—</strong></span> 
     </span>
    </p>
   </div>
   <div class='ocr_carea' id='block_1_47' title="bbox 2083 1970 3662 2046">
    <p class='ocr_par' dir='ltr' id='par_1_47' title="bbox 2083 1970 3662 2046">
     <span class='ocr_line' id='line_1_47' title="bbox 2083 1970 3662 2046; baseline -0.005 -16"><span class='ocrx_word' id='word_1_345' title='bbox 2083 1978 2301 2046; x_wconf 83' lang='lat' dir='ltr'><strong>quidam</strong></span> <span class='ocrx_word' id='word_1_346' title='bbox 2347 1977 2706 2031; x_wconf 76' lang='lat' dir='ltr'><strong>Judaeorun&#39;i:</strong></span> <span class='ocrx_word' id='word_1_347' title='bbox 2755 1981 2890 2043; x_wconf 84' lang='lat' dir='ltr'><strong>qtios</strong></span> <span class='ocrx_word' id='word_1_348' title='bbox 2934 1974 3079 2027; x_wconf 88' lang='lat' dir='ltr'><strong>Deus</strong></span> <span class='ocrx_word' id='word_1_349' title='bbox 3133 1976 3224 2041; x_wconf 81' lang='lat' dir='ltr'><strong>per</strong></span> <span class='ocrx_word' id='word_1_350' title='bbox 3290 1970 3662 2040; x_wconf 78' lang='lat' dir='ltr'><strong>prophetirain</strong></span> 
     </span>
    </p>
   </div>
   <div class='ocr_carea' id='block_1_48' title="bbox 2084 2060 3667 2134">
    <p class='ocr_par' dir='ltr' id='par_1_48' title="bbox 2084 2060 3667 2134">
     <span class='ocr_line' id='line_1_48' title="bbox 2084 2060 3667 2134; baseline -0.004 -14"><span class='ocrx_word' id='word_1_351' title='bbox 2084 2081 2274 2121; x_wconf 89' lang='lat' dir='ltr'><strong>vocem</strong></span> <span class='ocrx_word' id='word_1_352' title='bbox 2302 2066 2660 2134; x_wconf 80' lang='lat' dir='ltr'><strong>exprobrans,</strong></span> <span class='ocrx_word' id='word_1_353' title='bbox 2691 2066 2818 2118; x_wconf 89' lang='lat' dir='ltr'><strong>talia</strong></span> <span class='ocrx_word' id='word_1_354' title='bbox 2851 2063 3065 2117; x_wconf 88' lang='lat' dir='ltr'><strong>dicebat</strong></span> <span class='ocrx_word' id='word_1_355' title='bbox 3097 2081 3108 2116; x_wconf 88' lang='lat'>:</span> <span class='ocrx_word' id='word_1_356' title='bbox 3143 2060 3244 2126; x_wconf 81' lang='lat' dir='ltr'><strong>Qui</strong></span> <span class='ocrx_word' id='word_1_357' title='bbox 3274 2061 3421 2114; x_wconf 81' lang='lat' dir='ltr'><strong>electi</strong></span> <span class='ocrx_word' id='word_1_358' title='bbox 3456 2070 3575 2113; x_wconf 82' lang='lat' dir='ltr'><strong>sunt</strong></span> <span class='ocrx_word' id='word_1_359' title='bbox 3603 2077 3667 2114; x_wconf 66' lang='lat' dir='ltr'><strong>ex</strong></span> 
     </span>
    </p>
   </div>
   <div class='ocr_carea' id='block_1_49' title="bbox 2084 2152 3669 2228">
    <p class='ocr_par' dir='ltr' id='par_1_49' title="bbox 2084 2152 3669 2228">
     <span class='ocr_line' id='line_1_49' title="bbox 2084 2152 3669 2228; baseline -0.003 -17"><span class='ocrx_word' id='word_1_360' title='bbox 2084 2168 2252 2220; x_wconf 84' lang='lat' dir='ltr'><strong>utero,</strong></span> <span class='ocrx_word' id='word_1_361' title='bbox 2311 2157 2480 2210; x_wconf 76' lang='lat' dir='ltr'><strong>edocti</strong></span> <span class='ocrx_word' id='word_1_362' title='bbox 2508 2159 2573 2210; x_wconf 85' lang='lat' dir='ltr'><strong>ab</strong></span> <span class='ocrx_word' id='word_1_363' title='bbox 2616 2158 2844 2228; x_wconf 76' lang='lat' dir='ltr'><strong>infantia</strong></span> <span class='ocrx_word' id='word_1_364' title='bbox 2885 2172 3046 2224; x_wconf 85' lang='lat' dir='ltr'><strong>usque</strong></span> <span class='ocrx_word' id='word_1_365' title='bbox 3074 2155 3144 2207; x_wconf 80' lang='lat' dir='ltr'><strong>ad</strong></span> <span class='ocrx_word' id='word_1_366' title='bbox 3175 2163 3490 2207; x_wconf 80' lang='lat' dir='ltr'><strong>senectutem</strong></span> <span class='ocrx_word' id='word_1_367' title='bbox 3522 2152 3587 2212; x_wconf 88' lang='grc'>⁸⁸,</span> <span class='ocrx_word' id='word_1_368' title='bbox 3610 2160 3669 2206; x_wconf 89' lang='lat' dir='ltr'><strong>et</strong></span> 
     </span>
    </p>
   </div>
   <div class='ocr_carea' id='block_1_50' title="bbox 2085 2241 3668 2314">
    <p class='ocr_par' dir='ltr' id='par_1_50' title="bbox 2085 2241 3668 2314">
     <span class='ocr_line' id='line_1_50' title="bbox 2085 2241 3668 2314; baseline -0.004 -14"><span class='ocrx_word' id='word_1_369' title='bbox 2085 2253 2273 2300; x_wconf 81' lang='lat' dir='ltr'><strong>rursus</strong></span> <span class='ocrx_word' id='word_1_370' title='bbox 2295 2265 2307 2300; x_wconf 83' lang='lat'><strong>:</strong></span> <span class='ocrx_word' id='word_1_371' title='bbox 2327 2246 2583 2314; x_wconf 81' lang='lat' dir='ltr'><strong>Ephraim</strong></span> <span class='ocrx_word' id='word_1_372' title='bbox 2613 2247 2745 2298; x_wconf 80' lang='lat' dir='ltr'><strong>sicut</strong></span> <span class='ocrx_word' id='word_1_373' title='bbox 2778 2245 3016 2296; x_wconf 79' lang='lat' dir='ltr'><strong>columba</strong></span> <span class='ocrx_word' id='word_1_374' title='bbox 3051 2245 3316 2296; x_wconf 76' lang='lat' dir='ltr'><strong>insensata</strong></span> <span class='ocrx_word' id='word_1_375' title='bbox 3347 2259 3446 2294; x_wconf 87' lang='lat' dir='ltr'><strong>non</strong></span> <span class='ocrx_word' id='word_1_376' title='bbox 3475 2241 3668 2295; x_wconf 73' lang='lat' dir='ltr'><strong>habens</strong></span> 
     </span>
    </p>
   </div>
   <div class='ocr_carea' id='block_1_51' title="bbox 2084 2335 3668 2406">
    <p class='ocr_par' dir='ltr' id='par_1_51' title="bbox 2084 2335 3668 2406">
     <span class='ocr_line' id='line_1_51' title="bbox 2084 2335 3668 2406; baseline -0.002 -16"><span class='ocrx_word' id='word_1_377' title='bbox 2084 2339 2247 2395; x_wconf 77' lang='lat' dir='ltr'><strong>eor&quot;.</strong></span> <span class='ocrx_word' id='word_1_378' title='bbox 2271 2346 2326 2391; x_wconf 90' lang='lat' dir='ltr'><strong>et</strong></span> <span class='ocrx_word' id='word_1_379' title='bbox 2357 2345 2580 2391; x_wconf 86' lang='lat' dir='ltr'><strong>rursus:</strong></span> <span class='ocrx_word' id='word_1_380' title='bbox 2615 2337 2872 2406; x_wconf 75' lang='lat' dir='ltr'><strong>Epitraim</strong></span> <span class='ocrx_word' id='word_1_381' title='bbox 2905 2337 2958 2388; x_wconf 81' lang='lat' dir='ltr'><strong>in</strong></span> <span class='ocrx_word' id='word_1_382' title='bbox 2976 2337 3182 2403; x_wconf 78' lang='lat' dir='ltr'><strong>populis</strong></span> <span class='ocrx_word' id='word_1_383' title='bbox 3218 2335 3329 2388; x_wconf 78' lang='lat' dir='ltr'><strong>suis</strong></span> <span class='ocrx_word' id='word_1_384' title='bbox 3358 2336 3668 2387; x_wconf 71' lang='lat' dir='ltr'><strong>commisce-</strong></span> 
     </span>
    </p>
   </div>
   <div class='ocr_carea' id='block_1_52' title="bbox 2083 2428 3665 2498">
    <p class='ocr_par' dir='ltr' id='par_1_52' title="bbox 2083 2428 3665 2498">
     <span class='ocr_line' id='line_1_52' title="bbox 2083 2428 3665 2498; baseline -0.002 -16"><span class='ocrx_word' id='word_1_385' title='bbox 2083 2429 2239 2482; x_wconf 85' lang='lat' dir='ltr'><strong>batur</strong></span> <span class='ocrx_word' id='word_1_386' title='bbox 2255 2429 2318 2483; x_wconf 78' lang='grc'>⁸⁸.</span> <span class='ocrx_word' id='word_1_387' title='bbox 2346 2428 2599 2498; x_wconf 81' lang='lat' dir='ltr'><strong>Epitrai&#39;m</strong></span> <span class='ocrx_word' id='word_1_388' title='bbox 2625 2428 2800 2482; x_wconf 79' lang='lat' dir='ltr'><strong>factus</strong></span> <span class='ocrx_word' id='word_1_389' title='bbox 2822 2436 2904 2481; x_wconf 85' lang='lat' dir='ltr'><strong>est</strong></span> <span class='ocrx_word' id='word_1_390' title='bbox 2927 2431 2978 2480; x_wconf 89' lang='lat' dir='ltr'><strong>in</strong></span> <span class='ocrx_word' id='word_1_391' title='bbox 2999 2429 3214 2482; x_wconf 85' lang='lat' dir='ltr'><strong>occulto</strong></span> <span class='ocrx_word' id='word_1_392' title='bbox 3231 2435 3322 2482; x_wconf 89' lang='lat' dir='ltr'><strong>tuo</strong></span> <span class='ocrx_word' id='word_1_393' title='bbox 3340 2437 3665 2491; x_wconf 83' lang='lat' dir='ltr'><strong>conversus,</strong></span> 
     </span>
    </p>
   </div>
   <div class='ocr_carea' id='block_1_53' title="bbox 2083 2519 3664 2590">
    <p class='ocr_par' dir='ltr' id='par_1_53' title="bbox 2083 2519 3664 2590">
     <span class='ocr_line' id='line_1_53' title="bbox 2083 2519 3664 2590; baseline -0.002 -15"><span class='ocrx_word' id='word_1_394' title='bbox 2083 2530 2138 2575; x_wconf 89' lang='lat' dir='ltr'><strong>et</strong></span> <span class='ocrx_word' id='word_1_395' title='bbox 2165 2521 2286 2575; x_wconf 85' lang='lat' dir='ltr'><strong>cani</strong></span> <span class='ocrx_word' id='word_1_396' title='bbox 2328 2521 2683 2576; x_wconf 73' lang='lat' dir='ltr'><strong>efﬂoruerunt</strong></span> <span class='ocrx_word' id='word_1_397' title='bbox 2720 2523 2794 2583; x_wconf 87' lang='lat' dir='ltr'><strong>ei,</strong></span> <span class='ocrx_word' id='word_1_398' title='bbox 2835 2521 2950 2589; x_wconf 86' lang='lat' dir='ltr'><strong>ipse</strong></span> <span class='ocrx_word' id='word_1_399' title='bbox 2997 2529 3178 2574; x_wconf 85' lang='lat' dir='ltr'><strong>autem</strong></span> <span class='ocrx_word' id='word_1_400' title='bbox 3227 2535 3334 2573; x_wconf 85' lang='lat' dir='ltr'><strong>non</strong></span> <span class='ocrx_word' id='word_1_401' title='bbox 3386 2519 3664 2590; x_wconf 79' lang='lat' dir='ltr'><strong>cognovit,</strong></span> 
     </span>
    </p>
   </div>
   <div class='ocr_carea' id='block_1_54' title="bbox 2083 2613 3666 2683">
    <p class='ocr_par' dir='ltr' id='par_1_54' title="bbox 2083 2613 3666 2683">
     <span class='ocr_line' id='line_1_54' title="bbox 2083 2613 3666 2683; baseline -0.001 -16"><span class='ocrx_word' id='word_1_402' title='bbox 2083 2614 2207 2683; x_wconf 89' lang='lat' dir='ltr'><strong>quia</strong></span> <span class='ocrx_word' id='word_1_403' title='bbox 2248 2615 2292 2668; x_wconf 88' lang='lat' dir='ltr'><strong>si</strong></span> <span class='ocrx_word' id='word_1_404' title='bbox 2334 2615 2501 2668; x_wconf 81' lang='lat' dir='ltr'><strong>utalos</strong></span> <span class='ocrx_word' id='word_1_405' title='bbox 2536 2614 2789 2668; x_wconf 82' lang='lat' dir='ltr'><strong>doctores</strong></span> <span class='ocrx_word' id='word_1_406' title='bbox 2834 2613 3126 2676; x_wconf 85' lang='lat' dir='ltr'><strong>invenerit,</strong></span> <span class='ocrx_word' id='word_1_407' title='bbox 3161 2613 3299 2666; x_wconf 85' lang='lat' dir='ltr'><strong>mala</strong></span> <span class='ocrx_word' id='word_1_408' title='bbox 3344 2613 3519 2666; x_wconf 89' lang='lat' dir='ltr'><strong>modis</strong></span> <span class='ocrx_word' id='word_1_409' title='bbox 3544 2628 3666 2666; x_wconf 88' lang='lat' dir='ltr'><strong>om-</strong></span> 
     </span>
    </p>
   </div>
   <div class='ocr_carea' id='block_1_55' title="bbox 2085 2701 3661 2775">
    <p class='ocr_par' dir='ltr' id='par_1_55' title="bbox 2085 2701 3661 2775">
     <span class='ocr_line' id='line_1_55' title="bbox 2085 2701 3661 2775; baseline -0.003 -18"><span class='ocrx_word' id='word_1_410' title='bbox 2085 2706 2246 2760; x_wconf 88' lang='lat' dir='ltr'><strong>nibus</strong></span> <span class='ocrx_word' id='word_1_411' title='bbox 2292 2714 2572 2775; x_wconf 82' lang='lat' dir='ltr'><strong>operatur,</strong></span> <span class='ocrx_word' id='word_1_412' title='bbox 2627 2715 2685 2757; x_wconf 90' lang='lat' dir='ltr'><strong>ut</strong></span> <span class='ocrx_word' id='word_1_413' title='bbox 2731 2704 2822 2772; x_wconf 85' lang='lat' dir='ltr'><strong>qui</strong></span> <span class='ocrx_word' id='word_1_414' title='bbox 2868 2710 2979 2756; x_wconf 74' lang='lat' dir='ltr'><strong>non</strong></span> <span class='ocrx_word' id='word_1_415' title='bbox 3029 2703 3192 2756; x_wconf 82' lang='lat' dir='ltr'><strong>habet</strong></span> <span class='ocrx_word' id='word_1_416' title='bbox 3246 2701 3661 2764; x_wconf 88' lang='lat' dir='ltr'><strong>discretionem,</strong></span> 
     </span>
    </p>
   </div>
   <div class='ocr_carea' id='block_1_56' title="bbox 2083 2793 3666 2865">
    <p class='ocr_par' dir='ltr' id='par_1_56' title="bbox 2083 2793 3666 2865">
     <span class='ocr_line' id='line_1_56' title="bbox 2083 2793 3666 2865; baseline -0.001 -18"><span class='ocrx_word' id='word_1_417' title='bbox 2083 2811 2328 2865; x_wconf 66' lang='lat' dir='ltr'><strong>quaerere</strong></span> <span class='ocrx_word' id='word_1_418' title='bbox 2350 2806 2458 2848; x_wconf 88' lang='lat' dir='ltr'><strong>non</strong></span> <span class='ocrx_word' id='word_1_419' title='bbox 2483 2803 2664 2864; x_wconf 78' lang='lat' dir='ltr'><strong>pdieSt</strong></span> <span class='ocrx_word' id='word_1_420' title='bbox 2693 2795 2998 2847; x_wconf 78' lang='lat' dir='ltr'><strong>inerredetu</strong></span> <span class='ocrx_word' id='word_1_421' title='bbox 3032 2794 3249 2847; x_wconf 87' lang='lat' dir='ltr'><strong>virtutis</strong></span> <span class='ocrx_word' id='word_1_422' title='bbox 3277 2803 3441 2862; x_wconf 89' lang='lat' dir='ltr'><strong>quam</strong></span> <span class='ocrx_word' id='word_1_423' title='bbox 3475 2793 3666 2863; x_wconf 84' lang='lat' dir='ltr'><strong>egerit,</strong></span> 
     </span>
    </p>
   </div>
   <div class='ocr_carea' id='block_1_57' title="bbox 2083 2885 3663 2957">
    <p class='ocr_par' dir='ltr' id='par_1_57' title="bbox 2083 2885 3663 2957">
     <span class='ocr_line' id='line_1_57' title="bbox 2083 2885 3663 2957; baseline -0.002 -15"><span class='ocrx_word' id='word_1_424' title='bbox 2083 2897 2138 2942; x_wconf 90' lang='lat' dir='ltr'><strong>et</strong></span> <span class='ocrx_word' id='word_1_425' title='bbox 2163 2885 2448 2957; x_wconf 78' lang='lat' dir='ltr'><strong>propterea</strong></span> <span class='ocrx_word' id='word_1_426' title='bbox 2476 2889 2756 2957; x_wconf 86' lang='lat' dir='ltr'><strong>proprium</strong></span> <span class='ocrx_word' id='word_1_427' title='bbox 2788 2896 2978 2956; x_wconf 79' lang='lat' dir='ltr'><strong>agrum</strong></span> <span class='ocrx_word' id='word_1_428' title='bbox 3009 2886 3210 2940; x_wconf 88' lang='lat' dir='ltr'><strong>dicitur</strong></span> <span class='ocrx_word' id='word_1_429' title='bbox 3236 2900 3346 2939; x_wconf 90' lang='lat' dir='ltr'><strong>non</strong></span> <span class='ocrx_word' id='word_1_430' title='bbox 3373 2886 3663 2939; x_wconf 86' lang='lat' dir='ltr'><strong>redimere.</strong></span> 
     </span>
    </p>
   </div>
   <div class='ocr_carea' id='block_1_58' title="bbox 2086 2977 3668 3047">
    <p class='ocr_par' dir='ltr' id='par_1_58' title="bbox 2086 2977 3668 3047">
     <span class='ocr_line' id='line_1_58' title="bbox 2086 2977 3668 3047; baseline -0.001 -14"><span class='ocrx_word' id='word_1_431' title='bbox 2086 2979 2194 3033; x_wconf 79' lang='lat' dir='ltr'><strong>Sed</strong></span> <span class='ocrx_word' id='word_1_432' title='bbox 2234 2980 2488 3035; x_wconf 88' lang='lat' dir='ltr'><strong>veniente</strong></span> <span class='ocrx_word' id='word_1_433' title='bbox 2539 2979 2788 3039; x_wconf 71' lang='lat' dir='ltr'><strong>Jubllzeo,</strong></span> <span class='ocrx_word' id='word_1_434' title='bbox 2833 2977 2886 3032; x_wconf 89' lang='lat' dir='ltr'><strong>id</strong></span> <span class='ocrx_word' id='word_1_435' title='bbox 2918 2986 3002 3032; x_wconf 88' lang='lat' dir='ltr'><strong>est</strong></span> <span class='ocrx_word' id='word_1_436' title='bbox 3046 2981 3290 3047; x_wconf 81' lang='lat' dir='ltr'><strong>tempore</strong></span> <span class='ocrx_word' id='word_1_437' title='bbox 3333 2977 3668 3032; x_wconf 75' lang='lat' dir='ltr'><strong>remissionis</strong></span> 
     </span>
    </p>
   </div>
   <div class='ocr_carea' id='block_1_59' title="bbox 2085 3071 3665 3140">
    <p class='ocr_par' dir='ltr' id='par_1_59' title="bbox 2085 3071 3665 3140">
     <span class='ocr_line' id='line_1_59' title="bbox 2085 3071 3665 3140; baseline -0.001 -14"><span class='ocrx_word' id='word_1_438' title='bbox 2085 3081 2425 3138; x_wconf 85' lang='lat' dir='ltr'><strong>transeunte,</strong></span> <span class='ocrx_word' id='word_1_439' title='bbox 2460 3073 2513 3126; x_wconf 92' lang='lat' dir='ltr'><strong>iu</strong></span> <span class='ocrx_word' id='word_1_440' title='bbox 2541 3087 2648 3140; x_wconf 89' lang='lat' dir='ltr'><strong>quo</strong></span> <span class='ocrx_word' id='word_1_441' title='bbox 2679 3071 2928 3126; x_wconf 83' lang='lat' dir='ltr'><strong>remissio</strong></span> <span class='ocrx_word' id='word_1_442' title='bbox 2966 3071 3143 3126; x_wconf 78' lang='lat' dir='ltr'><strong>lcetnu</strong></span> <span class='ocrx_word' id='word_1_443' title='bbox 3171 3071 3354 3135; x_wconf 83' lang='lat' dir='ltr'><strong>habet,</strong></span> <span class='ocrx_word' id='word_1_444' title='bbox 3377 3080 3460 3126; x_wconf 89' lang='lat' dir='ltr'><strong>est</strong></span> <span class='ocrx_word' id='word_1_445' title='bbox 3481 3079 3665 3125; x_wconf 75' lang='lat' dir='ltr'><strong>autem</strong></span> 
     </span>
    </p>
   </div>
   <div class='ocr_carea' id='block_1_60' title="bbox 402 3153 3665 3256">
    <p class='ocr_par' dir='ltr' id='par_1_60' title="bbox 402 3153 3665 3256">
     <span class='ocr_line' id='line_1_60' title="bbox 402 3153 3665 3256; baseline 0.003 -49"><span class='ocrx_word' id='word_1_446' title='bbox 402 3153 620 3256; x_wconf 71' lang='lat' dir='ltr'><strong>icctior,</strong></span> <span class='ocrx_word' id='word_1_447' title='bbox 670 3166 725 3211; x_wconf 90' lang='lat' dir='ltr'><strong>et</strong></span> <span class='ocrx_word' id='word_1_448' title='bbox 767 3173 876 3212; x_wconf 91' lang='lat' dir='ltr'><strong>non</strong></span> <span class='ocrx_word' id='word_1_449' title='bbox 903 3159 1013 3228; x_wconf 88' lang='lat' dir='ltr'><strong>jam</strong></span> <span class='ocrx_word' id='word_1_450' title='bbox 1066 3161 1186 3215; x_wconf 87' lang='lat' dir='ltr'><strong>talis</strong></span> <span class='ocrx_word' id='word_1_451' title='bbox 1231 3170 1315 3215; x_wconf 85' lang='lat' dir='ltr'><strong>est</strong></span> <span class='ocrx_word' id='word_1_452' title='bbox 1347 3162 1524 3230; x_wconf 84' lang='lat' dir='ltr'><strong>qualis</strong></span> <span class='ocrx_word' id='word_1_453' title='bbox 1553 3179 1676 3218; x_wconf 91' lang='lat' dir='ltr'><strong>cum</strong></span> <span class='ocrx_word' id='word_1_454' title='bbox 1702 3166 1979 3235; x_wconf 89' lang='lat' dir='ltr'><strong>acceperit</strong></span> <span class='ocrx_word' id='word_1_455' title='bbox 2009 3192 2054 3256; x_wconf 65' lang='grc' dir='ltr'>ο</span> <span class='ocrx_word' id='word_1_456' title='bbox 2085 3178 2328 3234; x_wconf 70' lang='lat' dir='ltr'><strong>prtesens</strong></span> <span class='ocrx_word' id='word_1_457' title='bbox 2357 3163 2486 3229; x_wconf 89' lang='lat' dir='ltr'><strong>vita,</strong></span> <span class='ocrx_word' id='word_1_458' title='bbox 2520 3164 2642 3218; x_wconf 83' lang='lat' dir='ltr'><strong>vide</strong></span> <span class='ocrx_word' id='word_1_459' title='bbox 2664 3165 2822 3233; x_wconf 81' lang='lat' dir='ltr'><strong>quale</strong></span> <span class='ocrx_word' id='word_1_460' title='bbox 2859 3169 3235 3234; x_wconf 85' lang='lat' dir='ltr'><strong>quantumque</strong></span> <span class='ocrx_word' id='word_1_461' title='bbox 3265 3166 3356 3230; x_wconf 89' lang='lat' dir='ltr'><strong>sit,</strong></span> <span class='ocrx_word' id='word_1_462' title='bbox 3394 3162 3538 3233; x_wconf 77' lang='lat' dir='ltr'><strong>quod</strong></span> <span class='ocrx_word' id='word_1_463' title='bbox 3569 3177 3665 3232; x_wconf 86' lang='lat' dir='ltr'><strong>pa-</strong></span> 
     </span>
    </p>
   </div>
   <div class='ocr_carea' id='block_1_61' title="bbox 403 3245 1982 3312">
    <p class='ocr_par' dir='ltr' id='par_1_61' title="bbox 403 3245 1982 3312">
     <span class='ocr_line' id='line_1_61' title="bbox 403 3245 1982 3312; baseline 0.008 -13"><span class='ocrx_word' id='word_1_464' title='bbox 403 3245 632 3310; x_wconf 83' lang='lat' dir='ltr'><strong>donum,</strong></span> <span class='ocrx_word' id='word_1_465' title='bbox 673 3247 795 3303; x_wconf 82' lang='lat' dir='ltr'><strong>fuit.</strong></span> <span class='ocrx_word' id='word_1_466' title='bbox 834 3248 1222 3305; x_wconf 85' lang='lat' dir='ltr'><strong>Verumtamen</strong></span> <span class='ocrx_word' id='word_1_467' title='bbox 1267 3253 1322 3306; x_wconf 88' lang='lat' dir='ltr'><strong>et</strong></span> <span class='ocrx_word' id='word_1_468' title='bbox 1354 3253 1440 3308; x_wconf 89' lang='lat' dir='ltr'><strong>hic</strong></span> <span class='ocrx_word' id='word_1_469' title='bbox 1473 3255 1662 3309; x_wconf 88' lang='lat' dir='ltr'><strong>volens</strong></span> <span class='ocrx_word' id='word_1_470' title='bbox 1713 3257 1982 3312; x_wconf 90' lang='lat' dir='ltr'><strong>redimere</strong></span> 
     </span>
    </p>
   </div>
   <div class='ocr_carea' id='block_1_62' title="bbox 404 3343 1983 3417">
    <p class='ocr_par' dir='ltr' id='par_1_62' title="bbox 404 3343 1983 3417">
     <span class='ocr_line' id='line_1_62' title="bbox 404 3343 1983 3417; baseline 0.006 -25"><span class='ocrx_word' id='word_1_471' title='bbox 404 3350 595 3409; x_wconf 82' lang='lat' dir='ltr'><strong>agrum</strong></span> <span class='ocrx_word' id='word_1_472' title='bbox 622 3355 780 3394; x_wconf 89' lang='lat' dir='ltr'><strong>suum</strong></span> <span class='ocrx_word' id='word_1_473' title='bbox 813 3343 1036 3411; x_wconf 86' lang='lat' dir='ltr'><strong>poterit,</strong></span> <span class='ocrx_word' id='word_1_474' title='bbox 1066 3343 1118 3397; x_wconf 93' lang='lat' dir='ltr'><strong>id</strong></span> <span class='ocrx_word' id='word_1_475' title='bbox 1154 3353 1256 3407; x_wconf 85' lang='lat' dir='ltr'><strong>est,</strong></span> <span class='ocrx_word' id='word_1_476' title='bbox 1291 3346 1644 3414; x_wconf 84' lang='lat' dir='ltr'><strong>semetipsum</strong></span> <span class='ocrx_word' id='word_1_477' title='bbox 1677 3347 1983 3417; x_wconf 74' lang='lat' dir='ltr'><strong>gubernare</strong></span> 
     </span>
    </p>
   </div>
   <div class='ocr_carea' id='block_1_63' title="bbox 405 3429 1981 3509">
    <p class='ocr_par' dir='ltr' id='par_1_63' title="bbox 405 3429 1981 3509">
     <span class='ocr_line' id='line_1_63' title="bbox 405 3429 1981 3509; baseline 0.008 -27"><span class='ocrx_word' id='word_1_478' title='bbox 405 3437 462 3482; x_wconf 91' lang='lat' dir='ltr'><strong>et</strong></span> <span class='ocrx_word' id='word_1_479' title='bbox 499 3429 714 3496; x_wconf 91' lang='lat' dir='ltr'><strong>docere,</strong></span> <span class='ocrx_word' id='word_1_480' title='bbox 764 3433 1026 3502; x_wconf 85' lang='lat' dir='ltr'><strong>adjiciens</strong></span> <span class='ocrx_word' id='word_1_481' title='bbox 1065 3435 1308 3504; x_wconf 84' lang='lat' dir='ltr'><strong>quintam</strong></span> <span class='ocrx_word' id='word_1_482' title='bbox 1359 3439 1567 3507; x_wconf 82' lang='lat' dir='ltr'><strong>argenti</strong></span> <span class='ocrx_word' id='word_1_483' title='bbox 1617 3439 1684 3493; x_wconf 88' lang='lat' dir='ltr'><strong>ad</strong></span> <span class='ocrx_word' id='word_1_484' title='bbox 1738 3439 1981 3509; x_wconf 86' lang='lat' dir='ltr'><strong>pretium</strong></span> 
     </span>
    </p>
   </div>
   <div class='ocr_carea' id='block_1_64' title="bbox 407 3523 1985 3601">
    <p class='ocr_par' dir='ltr' id='par_1_64' title="bbox 407 3523 1985 3601">
     <span class='ocr_line' id='line_1_64' title="bbox 407 3523 1985 3601; baseline 0.009 -30"><span class='ocrx_word' id='word_1_485' title='bbox 407 3534 591 3586; x_wconf 91' lang='lat' dir='ltr'><strong>suum,</strong></span> <span class='ocrx_word' id='word_1_486' title='bbox 631 3523 838 3579; x_wconf 83' lang='lat' dir='ltr'><strong>addens</strong></span> <span class='ocrx_word' id='word_1_487' title='bbox 881 3525 1142 3582; x_wconf 64' lang='lat' dir='ltr'><strong>doctrinae</strong></span> <span class='ocrx_word' id='word_1_488' title='bbox 1177 3530 1476 3584; x_wconf 87' lang='lat' dir='ltr'><strong>sacerdotis</strong></span> <span class='ocrx_word' id='word_1_489' title='bbox 1513 3532 1792 3601; x_wconf 87' lang='lat' dir='ltr'><strong>proprium</strong></span> <span class='ocrx_word' id='word_1_490' title='bbox 1828 3533 1985 3588; x_wconf 85' lang='lat' dir='ltr'><strong>intel-</strong></span> 
     </span>
    </p>
   </div>
   <div class='ocr_carea' id='block_1_65' title="bbox 406 3611 1984 3691">
    <p class='ocr_par' dir='ltr' id='par_1_65' title="bbox 406 3611 1984 3691">
     <span class='ocr_line' id='line_1_65' title="bbox 406 3611 1984 3691; baseline 0.006 -25"><span class='ocrx_word' id='word_1_491' title='bbox 406 3611 630 3676; x_wconf 86' lang='lat' dir='ltr'><strong>lectum,</strong></span> <span class='ocrx_word' id='word_1_492' title='bbox 671 3621 732 3668; x_wconf 87' lang='lat' dir='ltr'><strong>ut</strong></span> <span class='ocrx_word' id='word_1_493' title='bbox 775 3613 1079 3687; x_wconf 86' lang='lat' dir='ltr'><strong>intelligens</strong></span> <span class='ocrx_word' id='word_1_494' title='bbox 1121 3619 1472 3688; x_wconf 82' lang='lat' dir='ltr'><strong>eruditosque</strong></span> <span class='ocrx_word' id='word_1_495' title='bbox 1518 3622 1602 3675; x_wconf 81' lang='lat' dir='ltr'><strong>Sui</strong></span> <span class='ocrx_word' id='word_1_496' title='bbox 1657 3624 1984 3691; x_wconf 82' lang='lat' dir='ltr'><strong>gubernator</strong></span> 
     </span>
    </p>
   </div>
   <div class='ocr_carea' id='block_1_66' title="bbox 406 3705 1980 3785">
    <p class='ocr_par' dir='ltr' id='par_1_66' title="bbox 406 3705 1980 3785">
     <span class='ocr_line' id='line_1_66' title="bbox 406 3705 1980 3785; baseline 0.007 -26"><span class='ocrx_word' id='word_1_497' title='bbox 406 3705 703 3775; x_wconf 79' lang='lat' dir='ltr'><strong>ductorque</strong></span> <span class='ocrx_word' id='word_1_498' title='bbox 757 3707 1045 3763; x_wconf 79' lang='lat' dir='ltr'><strong>eiiiciatur.</strong></span> <span class='ocrx_word' id='word_1_499' title='bbox 1099 3708 1190 3763; x_wconf 88' lang='lat' dir='ltr'><strong>Sic</strong></span> <span class='ocrx_word' id='word_1_500' title='bbox 1237 3711 1382 3764; x_wconf 89' lang='lat' dir='ltr'><strong>enim</strong></span> <span class='ocrx_word' id='word_1_501' title='bbox 1441 3712 1792 3783; x_wconf 79' lang='lat' dir='ltr'><strong>intelligibilis</strong></span> <span class='ocrx_word' id='word_1_502' title='bbox 1836 3731 1980 3785; x_wconf 87' lang='lat' dir='ltr'><strong>ager,</strong></span> 
     </span>
    </p>
   </div>
   <div class='ocr_carea' id='block_1_67' title="bbox 405 3794 1983 3873">
    <p class='ocr_par' dir='ltr' id='par_1_67' title="bbox 405 3794 1983 3873">
     <span class='ocr_line' id='line_1_67' title="bbox 405 3794 1983 3873; baseline 0.006 -23"><span class='ocrx_word' id='word_1_503' title='bbox 405 3813 564 3864; x_wconf 90' lang='lat' dir='ltr'><strong>quem</strong></span> <span class='ocrx_word' id='word_1_504' title='bbox 599 3800 938 3853; x_wconf 85' lang='lat' dir='ltr'><strong>consecravit</strong></span> <span class='ocrx_word' id='word_1_505' title='bbox 963 3794 1202 3854; x_wconf 81' lang='lat' dir='ltr'><strong>oﬂ&#39;erens</strong></span> <span class='ocrx_word' id='word_1_506' title='bbox 1227 3801 1516 3866; x_wconf 86' lang='lat' dir='ltr'><strong>sacerdoti,</strong></span> <span class='ocrx_word' id='word_1_507' title='bbox 1551 3804 1620 3857; x_wconf 89' lang='lat' dir='ltr'><strong>ab</strong></span> <span class='ocrx_word' id='word_1_508' title='bbox 1649 3820 1715 3858; x_wconf 90' lang='lat' dir='ltr'><strong>eo</strong></span> <span class='ocrx_word' id='word_1_509' title='bbox 1735 3806 1983 3873; x_wconf 89' lang='lat' dir='ltr'><strong>posside-</strong></span> 
     </span>
    </p>
   </div>
   <div class='ocr_carea' id='block_1_68' title="bbox 406 3886 1984 3966">
    <p class='ocr_par' dir='ltr' id='par_1_68' title="bbox 406 3886 1984 3966">
     <span class='ocr_line' id='line_1_68' title="bbox 406 3886 1984 3966; baseline 0.006 -26"><span class='ocrx_word' id='word_1_510' title='bbox 406 3886 572 3952; x_wconf 87' lang='lat' dir='ltr'><strong>bitur,</strong></span> <span class='ocrx_word' id='word_1_511' title='bbox 605 3897 662 3943; x_wconf 88' lang='lat' dir='ltr'><strong>et</strong></span> <span class='ocrx_word' id='word_1_512' title='bbox 699 3902 806 3943; x_wconf 91' lang='lat' dir='ltr'><strong>non</strong></span> <span class='ocrx_word' id='word_1_513' title='bbox 849 3891 918 3945; x_wconf 87' lang='lat' dir='ltr'><strong>ab</strong></span> <span class='ocrx_word' id='word_1_514' title='bbox 957 3892 1082 3954; x_wconf 79' lang='lat' dir='ltr'><strong>alio,</strong></span> <span class='ocrx_word' id='word_1_515' title='bbox 1124 3892 1490 3956; x_wconf 83' lang='lat' dir='ltr'><strong>conversatio,</strong></span> <span class='ocrx_word' id='word_1_516' title='bbox 1528 3903 1583 3947; x_wconf 91' lang='lat' dir='ltr'><strong>et</strong></span> <span class='ocrx_word' id='word_1_517' title='bbox 1607 3894 1780 3949; x_wconf 75' lang='lat' dir='ltr'><strong>Virilis</strong></span> <span class='ocrx_word' id='word_1_518' title='bbox 1820 3905 1984 3966; x_wconf 84' lang='lat' dir='ltr'><strong>quam</strong></span> 
     </span>
    </p>
   </div>
   <div class='ocr_carea' id='block_1_69' title="bbox 406 3981 1986 4057">
    <p class='ocr_par' dir='ltr' id='par_1_69' title="bbox 406 3981 1986 4057">
     <span class='ocr_line' id='line_1_69' title="bbox 406 3981 1986 4057; baseline 0.006 -24"><span class='ocrx_word' id='word_1_519' title='bbox 406 3981 609 4045; x_wconf 89' lang='lat' dir='ltr'><strong>studet,</strong></span> <span class='ocrx_word' id='word_1_520' title='bbox 643 3981 757 4035; x_wconf 83' lang='lat' dir='ltr'><strong>sive</strong></span> <span class='ocrx_word' id='word_1_521' title='bbox 781 3998 847 4036; x_wconf 86' lang='lat' dir='ltr'><strong>ex</strong></span> <span class='ocrx_word' id='word_1_522' title='bbox 873 3992 1010 4048; x_wconf 87' lang='lat' dir='ltr'><strong>toto,</strong></span> <span class='ocrx_word' id='word_1_523' title='bbox 1053 3984 1163 4038; x_wconf 80' lang='lat' dir='ltr'><strong>sive</strong></span> <span class='ocrx_word' id='word_1_524' title='bbox 1192 3999 1259 4038; x_wconf 80' lang='lat' dir='ltr'><strong>ex</strong></span> <span class='ocrx_word' id='word_1_525' title='bbox 1299 3992 1473 4054; x_wconf 86' lang='lat' dir='ltr'><strong>parte,</strong></span> <span class='ocrx_word' id='word_1_526' title='bbox 1495 3987 1590 4040; x_wconf 89' lang='lat' dir='ltr'><strong>sed</strong></span> <span class='ocrx_word' id='word_1_527' title='bbox 1619 3986 1735 4056; x_wconf 86' lang='lat' dir='ltr'><strong>ipse</strong></span> <span class='ocrx_word' id='word_1_528' title='bbox 1761 3989 1849 4057; x_wconf 86' lang='lat' dir='ltr'><strong>qui</strong></span> <span class='ocrx_word' id='word_1_529' title='bbox 1874 3991 1986 4057; x_wconf 81' lang='lat' dir='ltr'><strong>agit</strong></span> 
     </span>
    </p>
   </div>
   <div class='ocr_carea' id='block_1_70' title="bbox 407 4069 1979 4148">
    <p class='ocr_par' dir='ltr' id='par_1_70' title="bbox 407 4069 1979 4148">
     <span class='ocr_line' id='line_1_70' title="bbox 407 4069 1979 4148; baseline 0.007 -25"><span class='ocrx_word' id='word_1_530' title='bbox 407 4072 767 4141; x_wconf 81' lang='lat' dir='ltr'><strong>reputabitur.</strong></span> <span class='ocrx_word' id='word_1_531' title='bbox 839 4069 1099 4129; x_wconf 87' lang='lat' dir='ltr'><strong>Divisioni</strong></span> <span class='ocrx_word' id='word_1_532' title='bbox 1155 4076 1300 4130; x_wconf 86' lang='lat' dir='ltr'><strong>enim</strong></span> <span class='ocrx_word' id='word_1_533' title='bbox 1359 4077 1681 4148; x_wconf 82' lang='lat' dir='ltr'><strong>legislatoris</strong></span> <span class='ocrx_word' id='word_1_534' title='bbox 1740 4081 1979 4145; x_wconf 88' lang='lat' dir='ltr'><strong>intende,</strong></span> 
     </span>
    </p>
   </div>
   <div class='ocr_carea' id='block_1_71' title="bbox 405 4163 1980 4237">
    <p class='ocr_par' dir='ltr' id='par_1_71' title="bbox 405 4163 1980 4237">
     <span class='ocr_line' id='line_1_71' title="bbox 405 4163 1980 4237; baseline 0.006 -20"><span class='ocrx_word' id='word_1_535' title='bbox 405 4163 859 4232; x_wconf 84' lang='lat' dir='ltr'><strong>quemadmodum</strong></span> <span class='ocrx_word' id='word_1_536' title='bbox 882 4166 1240 4231; x_wconf 72' lang='lat' dir='ltr'><strong>sanctificare,</strong></span> <span class='ocrx_word' id='word_1_537' title='bbox 1260 4168 1374 4224; x_wconf 87' lang='lat' dir='ltr'><strong>sive</strong></span> <span class='ocrx_word' id='word_1_538' title='bbox 1394 4177 1716 4226; x_wconf 78' lang='lat' dir='ltr'><strong>conSecrare</strong></span> <span class='ocrx_word' id='word_1_539' title='bbox 1738 4173 1980 4237; x_wconf 89' lang='lat' dir='ltr'><strong>domum,</strong></span> 
     </span>
    </p>
   </div>
   <div class='ocr_carea' id='block_1_72' title="bbox 407 4253 1985 4330">
    <p class='ocr_par' dir='ltr' id='par_1_72' title="bbox 407 4253 1985 4330">
     <span class='ocr_line' id='line_1_72' title="bbox 407 4253 1985 4330; baseline 0.006 -23"><span class='ocrx_word' id='word_1_540' title='bbox 407 4253 492 4308; x_wconf 78' lang='lat' dir='ltr'><strong>vel</strong></span> <span class='ocrx_word' id='word_1_541' title='bbox 522 4266 710 4324; x_wconf 86' lang='lat' dir='ltr'><strong>agrum</strong></span> <span class='ocrx_word' id='word_1_542' title='bbox 761 4256 1032 4310; x_wconf 89' lang='lat' dir='ltr'><strong>volentem</strong></span> <span class='ocrx_word' id='word_1_543' title='bbox 1086 4259 1555 4314; x_wconf 85' lang='lat' dir='ltr'><strong>consecrationem</strong></span> <span class='ocrx_word' id='word_1_544' title='bbox 1601 4261 1752 4330; x_wconf 90' lang='lat' dir='ltr'><strong>prius</strong></span> <span class='ocrx_word' id='word_1_545' title='bbox 1807 4262 1985 4318; x_wconf 84' lang='lat' dir='ltr'><strong>facere</strong></span> 
     </span>
    </p>
   </div>
   <div class='ocr_carea' id='block_1_73' title="bbox 407 4341 1984 4418">
    <p class='ocr_par' dir='ltr' id='par_1_73' title="bbox 407 4341 1984 4418">
     <span class='ocr_line' id='line_1_73' title="bbox 407 4341 1984 4418; baseline 0.009 -26"><span class='ocrx_word' id='word_1_546' title='bbox 407 4341 543 4406; x_wconf 84' lang='lat' dir='ltr'><strong>vult,</strong></span> <span class='ocrx_word' id='word_1_547' title='bbox 583 4343 770 4412; x_wconf 87' lang='lat' dir='ltr'><strong>sicque</strong></span> <span class='ocrx_word' id='word_1_548' title='bbox 809 4344 858 4398; x_wconf 87' lang='lat' dir='ltr'><strong>ci</strong></span> <span class='ocrx_word' id='word_1_549' title='bbox 891 4345 1135 4414; x_wconf 69' lang='lat' dir='ltr'><strong>praecipit</strong></span> <span class='ocrx_word' id='word_1_550' title='bbox 1175 4346 1461 4409; x_wconf 87' lang='lat' dir='ltr'><strong>redimere,</strong></span> <span class='ocrx_word' id='word_1_551' title='bbox 1492 4361 1613 4418; x_wconf 69' lang='lat' dir='ltr'><strong>qua:</strong></span> <span class='ocrx_word' id='word_1_552' title='bbox 1649 4351 1984 4406; x_wconf 81' lang='lat' dir='ltr'><strong>sanctiﬁcata</strong></span> 
     </span>
    </p>
   </div>
   <div class='ocr_carea' id='block_1_74' title="bbox 408 4443 555 4486">
    <p class='ocr_par' dir='ltr' id='par_1_74' title="bbox 408 4443 555 4486">
     <span class='ocr_line' id='line_1_74' title="bbox 408 4443 555 4486; baseline 0 0"><span class='ocrx_word' id='word_1_553' title='bbox 408 4443 555 4486; x_wconf 89' lang='lat' dir='ltr'><strong>sunt.</strong></span> 
     </span>
    </p>
   </div>
   <div class='ocr_carea' id='block_1_75' title="bbox 2087 3255 3669 3325">
    <p class='ocr_par' dir='ltr' id='par_1_75' title="bbox 2087 3255 3669 3325">
     <span class='ocr_line' id='line_1_75' title="bbox 2087 3255 3669 3325; baseline -0.001 -17"><span class='ocrx_word' id='word_1_554' title='bbox 2087 3256 2294 3309; x_wconf 87' lang='lat' dir='ltr'><strong>tietur:</strong></span> <span class='ocrx_word' id='word_1_555' title='bbox 2327 3256 2604 3325; x_wconf 74' lang='lat' dir='ltr'><strong>posseSSio</strong></span> <span class='ocrx_word' id='word_1_556' title='bbox 2647 3255 2982 3310; x_wconf 77' lang='lat' dir='ltr'><strong>&#39;sanetllicata</strong></span> <span class='ocrx_word' id='word_1_557' title='bbox 3011 3255 3117 3309; x_wconf 88' lang='lat' dir='ltr'><strong>erit</strong></span> <span class='ocrx_word' id='word_1_558' title='bbox 3156 3255 3410 3317; x_wconf 85' lang='lat' dir='ltr'><strong>Domino,</strong></span> <span class='ocrx_word' id='word_1_559' title='bbox 3441 3258 3669 3308; x_wconf 84' lang='lat' dir='ltr'><strong>conver-</strong></span> 
     </span>
    </p>
   </div>
   <div class='ocr_carea' id='block_1_76' title="bbox 2085 3346 3669 3416">
    <p class='ocr_par' dir='ltr' id='par_1_76' title="bbox 2085 3346 3669 3416">
     <span class='ocr_line' id='line_1_76' title="bbox 2085 3346 3669 3416; baseline -0.002 -15"><span class='ocrx_word' id='word_1_560' title='bbox 2085 3347 2350 3402; x_wconf 84' lang='lat' dir='ltr'><strong>sationem</strong></span> <span class='ocrx_word' id='word_1_561' title='bbox 2376 3357 2537 3416; x_wconf 88' lang='lat' dir='ltr'><strong>quam</strong></span> <span class='ocrx_word' id='word_1_562' title='bbox 2579 3349 2748 3402; x_wconf 86' lang='lat' dir='ltr'><strong>semel</strong></span> <span class='ocrx_word' id='word_1_563' title='bbox 2773 3357 3102 3402; x_wconf 85' lang='lat' dir='ltr'><strong>consecutus</strong></span> <span class='ocrx_word' id='word_1_564' title='bbox 3145 3359 3248 3412; x_wconf 89' lang='lat' dir='ltr'><strong>est,</strong></span> <span class='ocrx_word' id='word_1_565' title='bbox 3285 3346 3669 3401; x_wconf 71' lang='lat' dir='ltr'><strong>etiamsialter</strong></span> 
     </span>
    </p>
   </div>
   <div class='ocr_carea' id='block_1_77' title="bbox 2085 3437 3670 3508">
    <p class='ocr_par' dir='ltr' id='par_1_77' title="bbox 2085 3437 3670 3508">
     <span class='ocr_line' id='line_1_77' title="bbox 2085 3437 3670 3508; baseline -0.001 -17"><span class='ocrx_word' id='word_1_566' title='bbox 2085 3449 2203 3491; x_wconf 85' lang='lat' dir='ltr'><strong>erat</strong></span> <span class='ocrx_word' id='word_1_567' title='bbox 2228 3438 2316 3507; x_wconf 90' lang='lat' dir='ltr'><strong>qui</strong></span> <span class='ocrx_word' id='word_1_568' title='bbox 2351 3438 2706 3508; x_wconf 80' lang='lat' dir='ltr'><strong>gubernabat,</strong></span> <span class='ocrx_word' id='word_1_569' title='bbox 2731 3449 2916 3494; x_wconf 82' lang='lat' dir='ltr'><strong>sancta</strong></span> <span class='ocrx_word' id='word_1_570' title='bbox 2944 3441 3051 3493; x_wconf 85' lang='lat' dir='ltr'><strong>erit</strong></span> <span class='ocrx_word' id='word_1_571' title='bbox 3069 3438 3317 3492; x_wconf 83' lang='lat' dir='ltr'><strong>Domino.</strong></span> <span class='ocrx_word' id='word_1_572' title='bbox 3346 3437 3452 3492; x_wconf 85' lang='lat' dir='ltr'><strong>Sed</strong></span> <span class='ocrx_word' id='word_1_573' title='bbox 3477 3451 3670 3506; x_wconf 88' lang='lat' dir='ltr'><strong>quem-</strong></span> 
     </span>
    </p>
   </div>
   <div class='ocr_carea' id='block_1_78' title="bbox 2085 3526 3668 3596">
    <p class='ocr_par' dir='ltr' id='par_1_78' title="bbox 2085 3526 3668 3596">
     <span class='ocr_line' id='line_1_78' title="bbox 2085 3526 3668 3596; baseline -0.002 -15"><span class='ocrx_word' id='word_1_574' title='bbox 2085 3526 2376 3582; x_wconf 85' lang='lat' dir='ltr'><strong>admodum</strong></span> <span class='ocrx_word' id='word_1_575' title='bbox 2424 3533 2479 3581; x_wconf 90' lang='lat' dir='ltr'><strong>et</strong></span> <span class='ocrx_word' id='word_1_576' title='bbox 2507 3527 2786 3596; x_wconf 86' lang='lat' dir='ltr'><strong>possessio</strong></span> <span class='ocrx_word' id='word_1_577' title='bbox 2839 3535 3180 3592; x_wconf 82' lang='lat' dir='ltr'><strong>consecrata,</strong></span> <span class='ocrx_word' id='word_1_578' title='bbox 3222 3527 3288 3580; x_wconf 85' lang='lat' dir='ltr'><strong>ad</strong></span> <span class='ocrx_word' id='word_1_579' title='bbox 3316 3526 3406 3596; x_wconf 85' lang='lat' dir='ltr'><strong>jus</strong></span> <span class='ocrx_word' id='word_1_580' title='bbox 3431 3526 3668 3596; x_wconf 85' lang='lat' dir='ltr'><strong>pertinet</strong></span> 
     </span>
    </p>
   </div>
   <div class='ocr_carea' id='block_1_79' title="bbox 2087 3616 3667 3688">
    <p class='ocr_par' dir='ltr' id='par_1_79' title="bbox 2087 3616 3667 3688">
     <span class='ocr_line' id='line_1_79' title="bbox 2087 3616 3667 3688; baseline -0.003 -15"><span class='ocrx_word' id='word_1_581' title='bbox 2087 3619 2435 3673; x_wconf 85' lang='lat' dir='ltr'><strong>sacerdotum</strong></span> <span class='ocrx_word' id='word_1_582' title='bbox 2473 3637 2484 3671; x_wconf 96' lang='lat'>:</span> <span class='ocrx_word' id='word_1_583' title='bbox 2513 3619 2787 3688; x_wconf 87' lang='lat' dir='ltr'><strong>possessio</strong></span> <span class='ocrx_word' id='word_1_584' title='bbox 2807 3619 2952 3673; x_wconf 90' lang='lat' dir='ltr'><strong>enim</strong></span> <span class='ocrx_word' id='word_1_585' title='bbox 2981 3620 3121 3688; x_wconf 84' lang='lat' dir='ltr'><strong>ejus,</strong></span> <span class='ocrx_word' id='word_1_586' title='bbox 3151 3627 3206 3673; x_wconf 87' lang='lat' dir='ltr'><strong>et</strong></span> <span class='ocrx_word' id='word_1_587' title='bbox 3231 3619 3440 3671; x_wconf 88' lang='lat' dir='ltr'><strong>lucrum</strong></span> <span class='ocrx_word' id='word_1_588' title='bbox 3471 3617 3543 3680; x_wconf 86' lang='lat' dir='ltr'><strong>ei,</strong></span> <span class='ocrx_word' id='word_1_589' title='bbox 3573 3616 3667 3685; x_wconf 85' lang='lat' dir='ltr'><strong>qui</strong></span> 
     </span>
    </p>
   </div>
   <div class='ocr_carea' id='block_1_80' title="bbox 2086 3709 3668 3780">
    <p class='ocr_par' dir='ltr' id='par_1_80' title="bbox 2086 3709 3668 3780">
     <span class='ocr_line' id='line_1_80' title="bbox 2086 3709 3668 3780; baseline -0.004 -15"><span class='ocrx_word' id='word_1_590' title='bbox 2086 3711 2348 3765; x_wconf 82' lang='lat' dir='ltr'><strong>continue</strong></span> <span class='ocrx_word' id='word_1_591' title='bbox 2391 3711 2735 3780; x_wconf 89' lang='lat' dir='ltr'><strong>gubernavit,</strong></span> <span class='ocrx_word' id='word_1_592' title='bbox 2776 3711 3150 3780; x_wconf 83' lang='lat' dir='ltr'><strong>imputabitur,-</strong></span> <span class='ocrx_word' id='word_1_593' title='bbox 3189 3709 3289 3763; x_wconf 85' lang='lat' dir='ltr'><strong>etsl</strong></span> <span class='ocrx_word' id='word_1_594' title='bbox 3335 3720 3528 3777; x_wconf 89' lang='lat' dir='ltr'><strong>parum</strong></span> <span class='ocrx_word' id='word_1_595' title='bbox 3572 3722 3668 3760; x_wconf 78' lang='lat' dir='ltr'><strong>ne-</strong></span> 
     </span>
    </p>
   </div>
   <div class='ocr_carea' id='block_1_81' title="bbox 2085 3799 3667 3872">
    <p class='ocr_par' dir='ltr' id='par_1_81' title="bbox 2085 3799 3667 3872">
     <span class='ocr_line' id='line_1_81' title="bbox 2085 3799 3667 3872; baseline -0.001 -18"><span class='ocrx_word' id='word_1_596' title='bbox 2085 3803 2346 3872; x_wconf 73' lang='lat' dir='ltr'><strong>glexerat,</strong></span> <span class='ocrx_word' id='word_1_597' title='bbox 2393 3811 2647 3865; x_wconf 85' lang='lat' dir='ltr'><strong>verterat,</strong></span> <span class='ocrx_word' id='word_1_598' title='bbox 2697 3803 2812 3856; x_wconf 88' lang='lat' dir='ltr'><strong>sive</strong></span> <span class='ocrx_word' id='word_1_599' title='bbox 2857 3811 3159 3855; x_wconf 77' lang='lat' dir='ltr'><strong>mutaverat</strong></span> <span class='ocrx_word' id='word_1_600' title='bbox 3198 3815 3256 3853; x_wconf 90' lang='lat' dir='ltr'><strong>se</strong></span> <span class='ocrx_word' id='word_1_601' title='bbox 3292 3800 3358 3853; x_wconf 91' lang='lat' dir='ltr'><strong>ad</strong></span> <span class='ocrx_word' id='word_1_602' title='bbox 3391 3800 3589 3853; x_wconf 84' lang='lat' dir='ltr'><strong>malum</strong></span> <span class='ocrx_word' id='word_1_603' title='bbox 3620 3799 3667 3853; x_wconf 90' lang='lat' dir='ltr'><strong>is</strong></span> 
     </span>
    </p>
   </div>
   <div class='ocr_carea' id='block_1_82' title="bbox 2084 3892 3666 3963">
    <p class='ocr_par' dir='ltr' id='par_1_82' title="bbox 2084 3892 3666 3963">
     <span class='ocr_line' id='line_1_82' title="bbox 2084 3892 3666 3963; baseline 0.001 -18"><span class='ocrx_word' id='word_1_604' title='bbox 2084 3893 2176 3962; x_wconf 88' lang='lat' dir='ltr'><strong>qui</strong></span> <span class='ocrx_word' id='word_1_605' title='bbox 2219 3894 2288 3946; x_wconf 86' lang='lat' dir='ltr'><strong>ab</strong></span> <span class='ocrx_word' id='word_1_606' title='bbox 2327 3907 2395 3945; x_wconf 90' lang='lat' dir='ltr'><strong>eo</strong></span> <span class='ocrx_word' id='word_1_607' title='bbox 2424 3893 2867 3963; x_wconf 82' lang='lat' dir='ltr'><strong>gubernabatur:</strong></span> <span class='ocrx_word' id='word_1_608' title='bbox 2903 3901 3092 3962; x_wconf 87' lang='lat' dir='ltr'><strong>utpote</strong></span> <span class='ocrx_word' id='word_1_609' title='bbox 3127 3893 3218 3962; x_wconf 89' lang='lat' dir='ltr'><strong>qui</strong></span> <span class='ocrx_word' id='word_1_610' title='bbox 3254 3892 3388 3946; x_wconf 81' lang='lat' dir='ltr'><strong>nihil</strong></span> <span class='ocrx_word' id='word_1_611' title='bbox 3431 3892 3666 3946; x_wconf 85' lang='lat' dir='ltr'><strong>habebat</strong></span> 
     </span>
    </p>
   </div>
   <div class='ocr_carea' id='block_1_83' title="bbox 2085 3984 3663 4056">
    <p class='ocr_par' dir='ltr' id='par_1_83' title="bbox 2085 3984 3663 4056">
     <span class='ocr_line' id='line_1_83' title="bbox 2085 3984 3663 4056; baseline 0.001 -18"><span class='ocrx_word' id='word_1_612' title='bbox 2085 3986 2216 4039; x_wconf 90' lang='lat' dir='ltr'><strong>boni</strong></span> <span class='ocrx_word' id='word_1_613' title='bbox 2257 3985 2424 4039; x_wconf 88' lang='lat' dir='ltr'><strong>studii</strong></span> <span class='ocrx_word' id='word_1_614' title='bbox 2455 4001 2519 4039; x_wconf 82' lang='lat' dir='ltr'><strong>ex</strong></span> <span class='ocrx_word' id='word_1_615' title='bbox 2570 3984 2850 4039; x_wconf 88' lang='lat' dir='ltr'><strong>intellectu</strong></span> <span class='ocrx_word' id='word_1_616' title='bbox 2897 3986 3119 4054; x_wconf 88' lang='lat' dir='ltr'><strong>proprio</strong></span> <span class='ocrx_word' id='word_1_617' title='bbox 3155 3986 3245 4054; x_wconf 91' lang='lat' dir='ltr'><strong>qui</strong></span> <span class='ocrx_word' id='word_1_618' title='bbox 3277 3985 3616 4056; x_wconf 85' lang='lat' dir='ltr'><strong>gubernabat</strong></span> <span class='ocrx_word' id='word_1_619' title='bbox 3649 4003 3663 4039; x_wconf 93' lang='lat'><strong>:</strong></span> 
     </span>
    </p>
   </div>
   <div class='ocr_carea' id='block_1_84' title="bbox 2085 4075 3662 4146">
    <p class='ocr_par' dir='ltr' id='par_1_84' title="bbox 2085 4075 3662 4146">
     <span class='ocr_line' id='line_1_84' title="bbox 2085 4075 3662 4146; baseline 0.001 -16"><span class='ocrx_word' id='word_1_620' title='bbox 2085 4089 2213 4146; x_wconf 81' lang='lat' dir='ltr'><strong>ergo</strong></span> <span class='ocrx_word' id='word_1_621' title='bbox 2254 4089 2402 4142; x_wconf 89' lang='lat' dir='ltr'><strong>eum,</strong></span> <span class='ocrx_word' id='word_1_622' title='bbox 2447 4077 2589 4131; x_wconf 83' lang='lat' dir='ltr'><strong>sicut</strong></span> <span class='ocrx_word' id='word_1_623' title='bbox 2631 4077 2683 4130; x_wconf 88' lang='lat' dir='ltr'><strong>in</strong></span> <span class='ocrx_word' id='word_1_624' title='bbox 2714 4084 2810 4130; x_wconf 84' lang='lat' dir='ltr'><strong>sua</strong></span> <span class='ocrx_word' id='word_1_625' title='bbox 2845 4077 3283 4143; x_wconf 82' lang='lat' dir='ltr'><strong>conversatione,</strong></span> <span class='ocrx_word' id='word_1_626' title='bbox 3318 4077 3397 4132; x_wconf 89' lang='lat' dir='ltr'><strong>sic</strong></span> <span class='ocrx_word' id='word_1_627' title='bbox 3425 4079 3479 4131; x_wconf 88' lang='lat' dir='ltr'><strong>iu</strong></span> <span class='ocrx_word' id='word_1_628' title='bbox 3517 4075 3662 4132; x_wconf 84' lang='lat' dir='ltr'><strong>illius</strong></span> 
     </span>
    </p>
   </div>
   <div class='ocr_carea' id='block_1_85' title="bbox 2085 4169 2968 4240">
    <p class='ocr_par' dir='ltr' id='par_1_85' title="bbox 2085 4169 2968 4240">
     <span class='ocr_line' id='line_1_85' title="bbox 2085 4169 2968 4240; baseline 0.002 -18"><span class='ocrx_word' id='word_1_629' title='bbox 2085 4169 2426 4240; x_wconf 82' lang='lat' dir='ltr'><strong>gloriabitur,</strong></span> <span class='ocrx_word' id='word_1_630' title='bbox 2454 4179 2510 4224; x_wconf 80' lang='lat' dir='ltr'><strong>et</strong></span> <span class='ocrx_word' id='word_1_631' title='bbox 2529 4178 2816 4240; x_wconf 77' lang='lat' dir='ltr'><strong>propterea</strong></span> <span class='ocrx_word' id='word_1_632' title='bbox 2846 4171 2923 4224; x_wconf 82' lang='lat' dir='ltr'><strong>alt</strong></span> <span class='ocrx_word' id='word_1_633' title='bbox 2955 4187 2968 4224; x_wconf 92' lang='lat'><strong>:</strong></span> 
     </span>
    </p>
   </div>
   <div class='ocr_carea' id='block_1_86' title="bbox 2157 4259 3662 4330">
    <p class='ocr_par' dir='ltr' id='par_1_86' title="bbox 2157 4259 3662 4330">
     <span class='ocr_line' id='line_1_86' title="bbox 2157 4259 3662 4330; baseline -0.001 -16"><span class='ocrx_word' id='word_1_634' title='bbox 2157 4260 2424 4314; x_wconf 74' lang='lat' dir='ltr'><strong>Possessio</strong></span> <span class='ocrx_word' id='word_1_635' title='bbox 2451 4267 2778 4325; x_wconf 74' lang='lat' dir='ltr'><strong>consecrata,</strong></span> <span class='ocrx_word' id='word_1_636' title='bbox 2822 4261 2893 4314; x_wconf 79' lang='lat' dir='ltr'><strong>ad</strong></span> <span class='ocrx_word' id='word_1_637' title='bbox 2919 4259 3011 4330; x_wconf 83' lang='lat' dir='ltr'><strong>jus</strong></span> <span class='ocrx_word' id='word_1_638' title='bbox 3042 4261 3264 4328; x_wconf 81' lang='lat' dir='ltr'><strong>pertinet</strong></span> <span class='ocrx_word' id='word_1_639' title='bbox 3311 4263 3662 4314; x_wconf 78' lang='lat' dir='ltr'><strong>sacerdotum.</strong></span> 
     </span>
    </p>
   </div>
   <div class='ocr_carea' id='block_1_87' title="bbox 2087 4352 3664 4424">
    <p class='ocr_par' dir='ltr' id='par_1_87' title="bbox 2087 4352 3664 4424">
     <span class='ocr_line' id='line_1_87' title="bbox 2087 4352 3664 4424; baseline 0 -18"><span class='ocrx_word' id='word_1_640' title='bbox 2087 4353 2156 4406; x_wconf 89' lang='lat' dir='ltr'><strong>Et</strong></span> <span class='ocrx_word' id='word_1_641' title='bbox 2205 4353 2343 4406; x_wconf 88' lang='lat' dir='ltr'><strong>nihil</strong></span> <span class='ocrx_word' id='word_1_642' title='bbox 2393 4361 2556 4407; x_wconf 86' lang='lat' dir='ltr'><strong>nocet</strong></span> <span class='ocrx_word' id='word_1_643' title='bbox 2603 4353 2893 4418; x_wconf 88' lang='lat' dir='ltr'><strong>sacerdoti,</strong></span> <span class='ocrx_word' id='word_1_644' title='bbox 2939 4352 3027 4406; x_wconf 88' lang='lat' dir='ltr'><strong>alii</strong></span> <span class='ocrx_word' id='word_1_645' title='bbox 3088 4367 3278 4424; x_wconf 87' lang='lat' dir='ltr'><strong>agrum</strong></span> <span class='ocrx_word' id='word_1_646' title='bbox 3325 4353 3506 4418; x_wconf 90' lang='lat' dir='ltr'><strong>vendi,</strong></span> <span class='ocrx_word' id='word_1_647' title='bbox 3537 4354 3664 4421; x_wconf 88' lang='lat' dir='ltr'><strong>quia</strong></span> 
     </span>
    </p>
   </div>
   <div class='ocr_carea' id='block_1_88' title="bbox 2089 4445 3663 4514">
    <p class='ocr_par' dir='ltr' id='par_1_88' title="bbox 2089 4445 3663 4514">
     <span class='ocr_line' id='line_1_88' title="bbox 2089 4445 3663 4514; baseline 0.001 -16"><span class='ocrx_word' id='word_1_648' title='bbox 2089 4445 2252 4500; x_wconf 76' lang='lat' dir='ltr'><strong>tinem</strong></span> <span class='ocrx_word' id='word_1_649' title='bbox 2299 4446 2584 4510; x_wconf 65' lang='lat' dir='ltr'><strong>doctrinm,</strong></span> <span class='ocrx_word' id='word_1_650' title='bbox 2621 4455 2676 4500; x_wconf 87' lang='lat' dir='ltr'><strong>et</strong></span> <span class='ocrx_word' id='word_1_651' title='bbox 2714 4446 3132 4511; x_wconf 70' lang='lat' dir='ltr'><strong>exiiortationis,</strong></span> <span class='ocrx_word' id='word_1_652' title='bbox 3183 4457 3349 4514; x_wconf 82' lang='lat' dir='ltr'><strong>quem</strong></span> <span class='ocrx_word' id='word_1_653' title='bbox 3397 4445 3663 4514; x_wconf 75' lang='lat' dir='ltr'><strong>Oporteit,</strong></span> 
     </span>
    </p>
   </div>
   <div class='ocr_carea' id='block_1_89' title="bbox 478 4521 3664 4606">
    <p class='ocr_par' dir='ltr' id='par_1_89' title="bbox 478 4521 3664 4606">
     <span class='ocr_line' id='line_1_89' title="bbox 478 4521 3664 4606; baseline 0.003 -29"><span class='ocrx_word' id='word_1_654' title='bbox 478 4527 545 4576; x_wconf 78' lang='lat' dir='ltr'><strong>Et</strong></span> <span class='ocrx_word' id='word_1_655' title='bbox 577 4534 718 4589; x_wconf 85' lang='lat' dir='ltr'><strong>tunc,</strong></span> <span class='ocrx_word' id='word_1_656' title='bbox 746 4527 936 4596; x_wconf 83' lang='lat' dir='ltr'><strong>inquit,</strong></span> <span class='ocrx_word' id='word_1_657' title='bbox 968 4529 1244 4596; x_wconf 71' lang='lat' dir='ltr'><strong>possidebit</strong></span> <span class='ocrx_word' id='word_1_658' title='bbox 1286 4545 1424 4582; x_wconf 82' lang='lat' dir='ltr'><strong>eum.</strong></span> <span class='ocrx_word' id='word_1_659' title='bbox 1461 4530 1573 4584; x_wconf 81' lang='lat' dir='ltr'><strong>Hoc</strong></span> <span class='ocrx_word' id='word_1_660' title='bbox 1602 4533 1790 4599; x_wconf 80' lang='lat' dir='ltr'><strong>procul</strong></span> <span class='ocrx_word' id='word_1_661' title='bbox 1816 4533 1985 4589; x_wconf 91' lang='lat' dir='ltr'><strong>dubio</strong></span> <span class='ocrx_word' id='word_1_662' title='bbox 2018 4521 2060 4584; x_wconf 75' lang='grc' dir='ltr'><strong>Β</strong></span> <span class='ocrx_word' id='word_1_663' title='bbox 2088 4531 2359 4590; x_wconf 80' lang='lat' dir='ltr'><strong>exhibens</strong></span> <span class='ocrx_word' id='word_1_664' title='bbox 2408 4536 2456 4590; x_wconf 87' lang='lat' dir='ltr'><strong>ei</strong></span> <span class='ocrx_word' id='word_1_665' title='bbox 2487 4546 2650 4606; x_wconf 81' lang='lat' dir='ltr'><strong>qUem</strong></span> <span class='ocrx_word' id='word_1_666' title='bbox 2695 4535 3056 4606; x_wconf 82' lang='lat' dir='ltr'><strong>gubernabat,</strong></span> <span class='ocrx_word' id='word_1_667' title='bbox 3099 4535 3315 4589; x_wconf 83' lang='lat' dir='ltr'><strong>invenlt</strong></span> <span class='ocrx_word' id='word_1_668' title='bbox 3357 4534 3508 4588; x_wconf 89' lang='lat' dir='ltr'><strong>illum</strong></span> <span class='ocrx_word' id='word_1_669' title='bbox 3555 4546 3664 4588; x_wconf 87' lang='lat' dir='ltr'><strong>non</strong></span> 
     </span>
    </p>
   </div>
   <div class='ocr_carea' id='block_1_90' title="bbox 407 4617 1982 4692">
    <p class='ocr_par' dir='ltr' id='par_1_90' title="bbox 407 4617 1982 4692">
     <span class='ocr_line' id='line_1_90' title="bbox 407 4617 1982 4692; baseline 0.006 -22"><span class='ocrx_word' id='word_1_670' title='bbox 407 4617 696 4682; x_wconf 87' lang='lat' dir='ltr'><strong>mandans,</strong></span> <span class='ocrx_word' id='word_1_671' title='bbox 727 4617 851 4686; x_wconf 90' lang='lat' dir='ltr'><strong>quia</strong></span> <span class='ocrx_word' id='word_1_672' title='bbox 877 4621 1326 4690; x_wconf 89' lang='lat' dir='ltr'><strong>oportetquidem</strong></span> <span class='ocrx_word' id='word_1_673' title='bbox 1359 4636 1461 4677; x_wconf 90' lang='lat' dir='ltr'><strong>nos</strong></span> <span class='ocrx_word' id='word_1_674' title='bbox 1494 4634 1594 4692; x_wconf 90' lang='lat' dir='ltr'><strong>per</strong></span> <span class='ocrx_word' id='word_1_675' title='bbox 1629 4625 1982 4678; x_wconf 80' lang='lat' dir='ltr'><strong>sacerdotum</strong></span> 
     </span>
    </p>
   </div>
   <div class='ocr_carea' id='block_1_91' title="bbox 407 4705 1983 4783">
    <p class='ocr_par' dir='ltr' id='par_1_91' title="bbox 407 4705 1983 4783">
     <span class='ocr_line' id='line_1_91' title="bbox 407 4705 1983 4783; baseline 0.006 -22"><span class='ocrx_word' id='word_1_676' title='bbox 407 4707 730 4773; x_wconf 85' lang='lat' dir='ltr'><strong>doctrinam,</strong></span> <span class='ocrx_word' id='word_1_677' title='bbox 773 4720 828 4764; x_wconf 91' lang='lat' dir='ltr'><strong>et</strong></span> <span class='ocrx_word' id='word_1_678' title='bbox 867 4711 1124 4780; x_wconf 82' lang='lat' dir='ltr'><strong>regulam,</strong></span> <span class='ocrx_word' id='word_1_679' title='bbox 1165 4721 1220 4767; x_wconf 89' lang='lat' dir='ltr'><strong>et</strong></span> <span class='ocrx_word' id='word_1_680' title='bbox 1241 4705 1415 4783; x_wconf 83' lang='lat' dir='ltr'><strong>legem</strong></span> <span class='ocrx_word' id='word_1_681' title='bbox 1459 4723 1702 4770; x_wconf 88' lang='lat' dir='ltr'><strong>nostram</strong></span> <span class='ocrx_word' id='word_1_682' title='bbox 1750 4731 1983 4772; x_wconf 90' lang='lat' dir='ltr'><strong>conver-</strong></span> 
     </span>
    </p>
   </div>
   <div class='ocr_carea' id='block_1_92' title="bbox 408 4796 1982 4873">
    <p class='ocr_par' dir='ltr' id='par_1_92' title="bbox 408 4796 1982 4873">
     <span class='ocr_line' id='line_1_92' title="bbox 408 4796 1982 4873; baseline 0.008 -23"><span class='ocrx_word' id='word_1_683' title='bbox 408 4796 672 4852; x_wconf 87' lang='lat' dir='ltr'><strong>sationem</strong></span> <span class='ocrx_word' id='word_1_684' title='bbox 711 4799 1036 4869; x_wconf 82' lang='lat' dir='ltr'><strong>gubernare,</strong></span> <span class='ocrx_word' id='word_1_685' title='bbox 1083 4802 1300 4869; x_wconf 85' lang='lat' dir='ltr'><strong>quando</strong></span> <span class='ocrx_word' id='word_1_686' title='bbox 1339 4811 1458 4856; x_wconf 75' lang='lat' dir='ltr'><strong>eam‘</strong></span> <span class='ocrx_word' id='word_1_687' title='bbox 1493 4804 1645 4873; x_wconf 85' lang='lat' dir='ltr'><strong>prius</strong></span> <span class='ocrx_word' id='word_1_688' title='bbox 1673 4807 1982 4862; x_wconf 82' lang='lat' dir='ltr'><strong>sanctiﬁca-</strong></span> 
     </span>
    </p>
   </div>
   <div class='ocr_carea' id='block_1_93' title="bbox 407 4888 1982 4961">
    <p class='ocr_par' dir='ltr' id='par_1_93' title="bbox 407 4888 1982 4961">
     <span class='ocr_line' id='line_1_93' title="bbox 407 4888 1982 4961; baseline 0.009 -22"><span class='ocrx_word' id='word_1_689' title='bbox 407 4898 549 4941; x_wconf 87' lang='lat' dir='ltr'><strong>mus.</strong></span> <span class='ocrx_word' id='word_1_690' title='bbox 593 4888 698 4943; x_wconf 85' lang='lat' dir='ltr'><strong>Sed</strong></span> <span class='ocrx_word' id='word_1_691' title='bbox 730 4898 948 4960; x_wconf 83' lang='lat' dir='ltr'><strong>Oportet</strong></span> <span class='ocrx_word' id='word_1_692' title='bbox 973 4901 1030 4946; x_wconf 90' lang='lat' dir='ltr'><strong>et</strong></span> <span class='ocrx_word' id='word_1_693' title='bbox 1063 4893 1351 4961; x_wconf 85' lang='lat' dir='ltr'><strong>prolicere,</strong></span> <span class='ocrx_word' id='word_1_694' title='bbox 1379 4901 1436 4948; x_wconf 89' lang='lat' dir='ltr'><strong>et</strong></span> <span class='ocrx_word' id='word_1_695' title='bbox 1464 4895 1680 4950; x_wconf 84' lang='lat' dir='ltr'><strong>illorum</strong></span> <span class='ocrx_word' id='word_1_696' title='bbox 1719 4898 1982 4954; x_wconf 67' lang='lat' dir='ltr'><strong>doctrina:</strong></span> 
     </span>
    </p>
   </div>
   <div class='ocr_carea' id='block_1_94' title="bbox 407 4979 1980 5056">
    <p class='ocr_par' dir='ltr' id='par_1_94' title="bbox 407 4979 1980 5056">
     <span class='ocr_line' id='line_1_94' title="bbox 407 4979 1980 5056; baseline 0.011 -28"><span class='ocrx_word' id='word_1_697' title='bbox 407 4985 653 5031; x_wconf 87' lang='lat' dir='ltr'><strong>nostrum</strong></span> <span class='ocrx_word' id='word_1_698' title='bbox 678 4979 918 5049; x_wconf 85' lang='lat' dir='ltr'><strong>adjicere</strong></span> <span class='ocrx_word' id='word_1_699' title='bbox 951 4981 1283 5037; x_wconf 89' lang='lat' dir='ltr'><strong>intellectum</strong></span> <span class='ocrx_word' id='word_1_700' title='bbox 1322 5001 1336 5038; x_wconf 86' lang='lat'><strong>:</strong></span> <span class='ocrx_word' id='word_1_701' title='bbox 1369 4991 1592 5055; x_wconf 88' lang='lat' dir='ltr'><strong>propter</strong></span> <span class='ocrx_word' id='word_1_702' title='bbox 1613 4983 1756 5056; x_wconf 87' lang='lat' dir='ltr'><strong>quod</strong></span> <span class='ocrx_word' id='word_1_703' title='bbox 1784 4989 1980 5045; x_wconf 82' lang='lat' dir='ltr'><strong>Paulus</strong></span> 
     </span>
    </p>
   </div>
   <div class='ocr_carea' id='block_1_95' title="bbox 407 5067 1981 5145">
    <p class='ocr_par' dir='ltr' id='par_1_95' title="bbox 407 5067 1981 5145">
     <span class='ocr_line' id='line_1_95' title="bbox 407 5067 1981 5145; baseline 0.008 -25"><span class='ocrx_word' id='word_1_704' title='bbox 407 5067 472 5121; x_wconf 86' lang='lat' dir='ltr'><strong>ad</strong></span> <span class='ocrx_word' id='word_1_705' title='bbox 504 5068 848 5125; x_wconf 81' lang='lat' dir='ltr'><strong>Timotheum</strong></span> <span class='ocrx_word' id='word_1_706' title='bbox 882 5069 1154 5127; x_wconf 77' lang='lat' dir='ltr'><strong>seribcbat</strong></span> <span class='ocrx_word' id='word_1_707' title='bbox 1191 5091 1202 5126; x_wconf 90' lang='lat'><strong>:</strong></span> <span class='ocrx_word' id='word_1_708' title='bbox 1240 5075 1479 5145; x_wconf 82' lang='lat' dir='ltr'><strong>Intellige</strong></span> <span class='ocrx_word' id='word_1_709' title='bbox 1501 5089 1616 5145; x_wconf 67' lang='lat' dir='ltr'><strong>qua:</strong></span> <span class='ocrx_word' id='word_1_710' title='bbox 1641 5074 1794 5131; x_wconf 84' lang='lat' dir='ltr'><strong>dico:</strong></span> <span class='ocrx_word' id='word_1_711' title='bbox 1833 5081 1981 5134; x_wconf 83' lang='lat' dir='ltr'><strong>dabit</strong></span> 
     </span>
    </p>
   </div>
   <div class='ocr_carea' id='block_1_96' title="bbox 407 5161 1980 5227">
    <p class='ocr_par' dir='ltr' id='par_1_96' title="bbox 407 5161 1980 5227">
     <span class='ocr_line' id='line_1_96' title="bbox 407 5161 1980 5227; baseline 0.009 -15"><span class='ocrx_word' id='word_1_712' title='bbox 407 5161 544 5213; x_wconf 80' lang='lat' dir='ltr'><strong>enim</strong></span> <span class='ocrx_word' id='word_1_713' title='bbox 575 5163 666 5214; x_wconf 84' lang='lat' dir='ltr'><strong>tibi</strong></span> <span class='ocrx_word' id='word_1_714' title='bbox 704 5163 960 5217; x_wconf 78' lang='lat' dir='ltr'><strong>Dominus</strong></span> <span class='ocrx_word' id='word_1_715' title='bbox 988 5166 1043 5218; x_wconf 86' lang='lat' dir='ltr'><strong>in</strong></span> <span class='ocrx_word' id='word_1_716' title='bbox 1074 5167 1312 5219; x_wconf 80' lang='lat' dir='ltr'><strong>omnibus</strong></span> <span class='ocrx_word' id='word_1_717' title='bbox 1335 5163 1654 5221; x_wconf 75' lang='lat' dir='ltr'><strong>iuteiteetum</strong></span> <span class='ocrx_word' id='word_1_718' title='bbox 1676 5167 1743 5224; x_wconf 88' lang='grc'><strong>⁸¹.</strong></span> <span class='ocrx_word' id='word_1_719' title='bbox 1765 5168 1831 5225; x_wconf 86' lang='grc' dir='ltr'>Ει</span> <span class='ocrx_word' id='word_1_720' title='bbox 1851 5181 1980 5227; x_wconf 85' lang='lat' dir='ltr'><strong>tunc</strong></span> 
     </span>
    </p>
   </div>
   <div class='ocr_carea' id='block_1_97' title="bbox 407 5252 1978 5327">
    <p class='ocr_par' dir='ltr' id='par_1_97' title="bbox 407 5252 1978 5327">
     <span class='ocr_line' id='line_1_97' title="bbox 407 5252 1978 5327; baseline 0.01 -23"><span class='ocrx_word' id='word_1_721' title='bbox 407 5252 808 5318; x_wconf 83' lang='lat' dir='ltr'><strong>possidebimus</strong></span> <span class='ocrx_word' id='word_1_722' title='bbox 841 5256 1060 5325; x_wconf 86' lang='lat' dir='ltr'><strong>proprie</strong></span> <span class='ocrx_word' id='word_1_723' title='bbox 1103 5270 1222 5324; x_wconf 75' lang='lat' dir='ltr'><strong>qua:</strong></span> <span class='ocrx_word' id='word_1_724' title='bbox 1251 5259 1522 5327; x_wconf 81' lang='lat' dir='ltr'><strong>egerimus</strong></span> <span class='ocrx_word' id='word_1_725' title='bbox 1561 5261 1978 5319; x_wconf 68' lang='lat' dir='ltr'><strong>sa&#39;uctiiicationi</strong></span> 
     </span>
    </p>
   </div>
   <div class='ocr_carea' id='block_1_98' title="bbox 409 5341 1980 5416">
    <p class='ocr_par' dir='ltr' id='par_1_98' title="bbox 409 5341 1980 5416">
     <span class='ocr_line' id='line_1_98' title="bbox 409 5341 1980 5416; baseline 0.01 -20"><span class='ocrx_word' id='word_1_726' title='bbox 409 5341 671 5411; x_wconf 73' lang='lat' dir='ltr'><strong>proxima.</strong></span> <span class='ocrx_word' id='word_1_727' title='bbox 702 5344 760 5400; x_wconf 83' lang='lat' dir='ltr'><strong>Si</strong></span> <span class='ocrx_word' id='word_1_728' title='bbox 775 5355 956 5401; x_wconf 87' lang='lat' dir='ltr'><strong>autem</strong></span> <span class='ocrx_word' id='word_1_729' title='bbox 983 5349 1120 5402; x_wconf 85' lang='lat' dir='ltr'><strong>hanc</strong></span> <span class='ocrx_word' id='word_1_730' title='bbox 1141 5349 1462 5416; x_wconf 73' lang='lat' dir='ltr'><strong>divisionem</strong></span> <span class='ocrx_word' id='word_1_731' title='bbox 1486 5365 1593 5406; x_wconf 89' lang='lat' dir='ltr'><strong>non</strong></span> <span class='ocrx_word' id='word_1_732' title='bbox 1619 5353 1795 5409; x_wconf 89' lang='lat' dir='ltr'><strong>intuiti</strong></span> <span class='ocrx_word' id='word_1_733' title='bbox 1814 5356 1980 5412; x_wconf 83' lang='lat' dir='ltr'><strong>fueri-</strong></span> 
     </span>
    </p>
   </div>
   <div class='ocr_carea' id='block_1_99' title="bbox 408 5435 1176 5508">
    <p class='ocr_par' dir='ltr' id='par_1_99' title="bbox 408 5435 1176 5508">
     <span class='ocr_line' id='line_1_99' title="bbox 408 5435 1176 5508; baseline 0.007 -20"><span class='ocrx_word' id='word_1_734' title='bbox 408 5447 550 5498; x_wconf 84' lang='lat' dir='ltr'><strong>mus,</strong></span> <span class='ocrx_word' id='word_1_735' title='bbox 579 5435 701 5492; x_wconf 86' lang='lat' dir='ltr'><strong>vide</strong></span> <span class='ocrx_word' id='word_1_736' title='bbox 732 5439 862 5506; x_wconf 84' lang='lat' dir='ltr'><strong>quid</strong></span> <span class='ocrx_word' id='word_1_737' title='bbox 887 5439 1176 5508; x_wconf 85' lang='lat' dir='ltr'><strong>patiemur.</strong></span> 
     </span>
    </p>
   </div>
   <div class='ocr_carea' id='block_1_100' title="bbox 484 5525 1980 5604">
    <p class='ocr_par' dir='ltr' id='par_1_100' title="bbox 484 5525 1980 5604">
     <span class='ocr_line' id='line_1_100' title="bbox 484 5525 1980 5604; baseline 0.012 -29"><span class='ocrx_word' id='word_1_738' title='bbox 484 5525 639 5581; x_wconf 68' lang='lat' dir='ltr'><strong>Vens.</strong></span> <span class='ocrx_word' id='word_1_739' title='bbox 679 5528 874 5583; x_wconf 72' lang='lat' dir='ltr'><strong>20-2i.</strong></span> <span class='ocrx_word' id='word_1_740' title='bbox 917 5545 936 5580; x_wconf 85' lang='grc' dir='ltr'><strong>ι</strong></span> <span class='ocrx_word' id='word_1_741' title='bbox 977 5529 1032 5582; x_wconf 88' lang='lat' dir='ltr'><strong>Si</strong></span> <span class='ocrx_word' id='word_1_742' title='bbox 1075 5539 1256 5584; x_wconf 85' lang='lat' dir='ltr'><strong>autem</strong></span> <span class='ocrx_word' id='word_1_743' title='bbox 1297 5533 1534 5588; x_wconf 87' lang='lat' dir='ltr'><strong>noluerit</strong></span> <span class='ocrx_word' id='word_1_744' title='bbox 1563 5535 1849 5604; x_wconf 87' lang='lat' dir='ltr'><strong>redimere,</strong></span> <span class='ocrx_word' id='word_1_745' title='bbox 1885 5539 1980 5593; x_wconf 89' lang='lat' dir='ltr'><strong>sed</strong></span> 
     </span>
    </p>
   </div>
   <div class='ocr_carea' id='block_1_101' title="bbox 409 5617 1979 5701">
    <p class='ocr_par' dir='ltr' id='par_1_101' title="bbox 409 5617 1979 5701">
     <span class='ocr_line' id='line_1_101' title="bbox 409 5617 1979 5701; baseline 0.01 -30"><span class='ocrx_word' id='word_1_746' title='bbox 409 5617 561 5673; x_wconf 78' lang='lat' dir='ltr'><strong>alteri</strong></span> <span class='ocrx_word' id='word_1_747' title='bbox 601 5621 826 5676; x_wconf 82' lang='lat' dir='ltr'><strong>cuilibet</strong></span> <span class='ocrx_word' id='word_1_748' title='bbox 875 5621 1037 5675; x_wconf 81' lang='lat' dir='ltr'><strong>fuerit</strong></span> <span class='ocrx_word' id='word_1_749' title='bbox 1091 5626 1454 5687; x_wconf 84' lang='lat' dir='ltr'><strong>venundatus,</strong></span> <span class='ocrx_word' id='word_1_750' title='bbox 1509 5627 1646 5682; x_wconf 87' lang='lat' dir='ltr'><strong>ultra</strong></span> <span class='ocrx_word' id='word_1_751' title='bbox 1711 5645 1834 5684; x_wconf 90' lang='lat' dir='ltr'><strong>eum</strong></span> <span class='ocrx_word' id='word_1_752' title='bbox 1887 5633 1979 5701; x_wconf 90' lang='lat' dir='ltr'><strong>qui</strong></span> 
     </span>
    </p>
   </div>
   <div class='ocr_carea' id='block_1_102' title="bbox 516 5819 1971 5897">
    <p class='ocr_par' dir='ltr' id='par_1_102' title="bbox 516 5819 1971 5897">
     <span class='ocr_line' id='line_1_102' title="bbox 516 5819 1971 5897; baseline 0.011 -28"><span class='ocrx_word' id='word_1_753' title='bbox 516 5820 557 5848; x_wconf 83' lang='grc'><strong>⁸¹</strong></span> <span class='ocrx_word' id='word_1_754' title='bbox 586 5819 625 5872; x_wconf 81' lang='lat' dir='ltr'><strong>ll</strong></span> <span class='ocrx_word' id='word_1_755' title='bbox 680 5821 820 5877; x_wconf 87' lang='lat' dir='ltr'><strong>Tim.</strong></span> <span class='ocrx_word' id='word_1_756' title='bbox 858 5839 914 5886; x_wconf 87' lang='grc' dir='ltr'>ιι,</span> <span class='ocrx_word' id='word_1_757' title='bbox 945 5821 993 5875; x_wconf 83' lang='lat'><strong>7.</strong></span> <span class='ocrx_word' id='word_1_758' title='bbox 1112 5826 1154 5855; x_wconf 86' lang='grc'>⁸³</span> <span class='ocrx_word' id='word_1_759' title='bbox 1184 5824 1287 5882; x_wconf 84' lang='lat' dir='ltr'><strong>lsa.</strong></span> <span class='ocrx_word' id='word_1_760' title='bbox 1319 5842 1424 5882; x_wconf 77' lang='lat' dir='ltr'><strong>Liv.</strong></span> <span class='ocrx_word' id='word_1_761' title='bbox 1459 5827 1552 5895; x_wconf 76' lang='lat' dir='ltr'><strong>i5;</strong></span> <span class='ocrx_word' id='word_1_762' title='bbox 1593 5827 1750 5884; x_wconf 82' lang='lat' dir='ltr'><strong>Joan.</strong></span> <span class='ocrx_word' id='word_1_763' title='bbox 1785 5848 1854 5897; x_wconf 86' lang='lat' dir='ltr'><strong>vt,</strong></span> <span class='ocrx_word' id='word_1_764' title='bbox 1886 5833 1971 5887; x_wconf 72' lang='grc'><strong>45.</strong></span> 
     </span>
    </p>
   </div>
   <div class='ocr_carea' id='block_1_103' title="bbox 2090 4621 3666 4695">
    <p class='ocr_par' dir='ltr' id='par_1_103' title="bbox 2090 4621 3666 4695">
     <span class='ocr_line' id='line_1_103' title="bbox 2090 4621 3666 4695; baseline 0.001 -18"><span class='ocrx_word' id='word_1_765' title='bbox 2090 4631 2251 4694; x_wconf 86' lang='lat' dir='ltr'><strong>posse</strong></span> <span class='ocrx_word' id='word_1_766' title='bbox 2283 4624 2504 4694; x_wconf 88' lang='lat' dir='ltr'><strong>propria</strong></span> <span class='ocrx_word' id='word_1_767' title='bbox 2548 4621 2841 4690; x_wconf 86' lang='lat' dir='ltr'><strong>redimere,</strong></span> <span class='ocrx_word' id='word_1_768' title='bbox 2871 4625 2922 4680; x_wconf 90' lang='lat' dir='ltr'><strong>id</strong></span> <span class='ocrx_word' id='word_1_769' title='bbox 2953 4633 3038 4679; x_wconf 89' lang='lat' dir='ltr'><strong>est</strong></span> <span class='ocrx_word' id='word_1_770' title='bbox 3076 4625 3433 4694; x_wconf 72' lang='lat' dir='ltr'><strong>sentietipsum</strong></span> <span class='ocrx_word' id='word_1_771' title='bbox 3477 4636 3666 4695; x_wconf 83' lang='lat' dir='ltr'><strong>regere.</strong></span> 
     </span>
    </p>
   </div>
   <div class='ocr_carea' id='block_1_104' title="bbox 2089 4715 3667 4787">
    <p class='ocr_par' dir='ltr' id='par_1_104' title="bbox 2089 4715 3667 4787">
     <span class='ocr_line' id='line_1_104' title="bbox 2089 4715 3667 4787; baseline -0.001 -16"><span class='ocrx_word' id='word_1_772' title='bbox 2089 4725 2145 4771; x_wconf 87' lang='lat' dir='ltr'><strong>et</strong></span> <span class='ocrx_word' id='word_1_773' title='bbox 2162 4717 2491 4787; x_wconf 86' lang='lat' dir='ltr'><strong>gubernare,</strong></span> <span class='ocrx_word' id='word_1_774' title='bbox 2513 4722 2644 4770; x_wconf 83' lang='lat' dir='ltr'><strong>tunc</strong></span> <span class='ocrx_word' id='word_1_775' title='bbox 2662 4731 2852 4786; x_wconf 86' lang='lat' dir='ltr'><strong>agrum</strong></span> <span class='ocrx_word' id='word_1_776' title='bbox 2884 4715 3136 4771; x_wconf 80' lang='lat' dir='ltr'><strong>vendidit</strong></span> <span class='ocrx_word' id='word_1_777' title='bbox 3154 4716 3318 4770; x_wconf 88' lang='lat' dir='ltr'><strong>alium</strong></span> <span class='ocrx_word' id='word_1_778' title='bbox 3345 4725 3667 4786; x_wconf 67' lang='lat' dir='ltr'><strong>praeponens</strong></span> 
     </span>
    </p>
   </div>
   <div class='ocr_carea' id='block_1_105' title="bbox 2088 4807 3669 4876">
    <p class='ocr_par' dir='ltr' id='par_1_105' title="bbox 2088 4807 3669 4876">
     <span class='ocr_line' id='line_1_105' title="bbox 2088 4807 3669 4876; baseline 0.001 -13"><span class='ocrx_word' id='word_1_779' title='bbox 2088 4809 2162 4872; x_wconf 85' lang='lat' dir='ltr'><strong>ei,</strong></span> <span class='ocrx_word' id='word_1_780' title='bbox 2199 4807 2293 4876; x_wconf 86' lang='lat' dir='ltr'><strong>qui</strong></span> <span class='ocrx_word' id='word_1_781' title='bbox 2319 4807 2538 4872; x_wconf 83' lang='lat' dir='ltr'><strong>obtulit,</strong></span> <span class='ocrx_word' id='word_1_782' title='bbox 2556 4807 2650 4876; x_wconf 91' lang='lat' dir='ltr'><strong>qui</strong></span> <span class='ocrx_word' id='word_1_783' title='bbox 2690 4808 2968 4863; x_wconf 73' lang='lat' dir='ltr'><strong>exhortari</strong></span> <span class='ocrx_word' id='word_1_784' title='bbox 2992 4809 3238 4874; x_wconf 81' lang='lat' dir='ltr'><strong>deberet,</strong></span> <span class='ocrx_word' id='word_1_785' title='bbox 3266 4809 3361 4864; x_wconf 90' lang='lat' dir='ltr'><strong>sed</strong></span> <span class='ocrx_word' id='word_1_786' title='bbox 3381 4817 3594 4864; x_wconf 84' lang='lat' dir='ltr'><strong>merces</strong></span> <span class='ocrx_word' id='word_1_787' title='bbox 3615 4818 3669 4864; x_wconf 88' lang='lat' dir='ltr'><strong>et</strong></span> 
     </span>
    </p>
   </div>
   <div class='ocr_carea' id='block_1_106' title="bbox 2088 4891 3665 4970">
    <p class='ocr_par' dir='ltr' id='par_1_106' title="bbox 2088 4891 3665 4970">
     <span class='ocr_line' id='line_1_106' title="bbox 2088 4891 3665 4970; baseline -0.003 -15"><span class='ocrx_word' id='word_1_788' title='bbox 2088 4900 2302 4955; x_wconf 89' lang='lat' dir='ltr'><strong>iucrum</strong></span> <span class='ocrx_word' id='word_1_789' title='bbox 2321 4899 2442 4969; x_wconf 83' lang='lat' dir='ltr'><strong>ejus</strong></span> <span class='ocrx_word' id='word_1_790' title='bbox 2457 4909 2563 4964; x_wconf 90' lang='lat' dir='ltr'><strong>est,</strong></span> <span class='ocrx_word' id='word_1_791' title='bbox 2591 4900 2682 4969; x_wconf 88' lang='lat' dir='ltr'><strong>qui</strong></span> <span class='ocrx_word' id='word_1_792' title='bbox 2703 4901 2991 4970; x_wconf 88' lang='lat' dir='ltr'><strong>proposuit</strong></span> <span class='ocrx_word' id='word_1_793' title='bbox 3019 4919 3033 4953; x_wconf 89' lang='lat'>:</span> <span class='ocrx_word' id='word_1_794' title='bbox 3063 4901 3171 4956; x_wconf 85' lang='lat' dir='ltr'><strong>nisi</strong></span> <span class='ocrx_word' id='word_1_795' title='bbox 3197 4901 3335 4955; x_wconf 78' lang='lat' dir='ltr'><strong>forte</strong></span> <span class='ocrx_word' id='word_1_796' title='bbox 3362 4913 3464 4956; x_wconf 87' lang='lat' dir='ltr'><strong>uec</strong></span> <span class='ocrx_word' id='word_1_797' title='bbox 3483 4891 3665 4962; x_wconf 74' lang='lat' dir='ltr'><strong>Petro,</strong></span> 
     </span>
    </p>
   </div>
   <div class='ocr_carea' id='block_1_107' title="bbox 2087 4985 3666 5064">
    <p class='ocr_par' dir='ltr' id='par_1_107' title="bbox 2087 4985 3666 5064">
     <span class='ocr_line' id='line_1_107' title="bbox 2087 4985 3666 5064; baseline 0.001 -18"><span class='ocrx_word' id='word_1_798' title='bbox 2087 5003 2190 5048; x_wconf 86' lang='lat' dir='ltr'><strong>nec</strong></span> <span class='ocrx_word' id='word_1_799' title='bbox 2231 4985 2419 5058; x_wconf 82' lang='lat' dir='ltr'><strong>Paulo,</strong></span> <span class='ocrx_word' id='word_1_800' title='bbox 2473 5008 2576 5047; x_wconf 88' lang='lat' dir='ltr'><strong>nec</strong></span> <span class='ocrx_word' id='word_1_801' title='bbox 2613 4985 2887 5062; x_wconf 81' lang='lat' dir='ltr'><strong>apostolis</strong></span> <span class='ocrx_word' id='word_1_802' title='bbox 2951 4994 3200 5050; x_wconf 87' lang='lat' dir='ltr'><strong>dicamus</strong></span> <span class='ocrx_word' id='word_1_803' title='bbox 3255 4995 3519 5064; x_wconf 86' lang='lat' dir='ltr'><strong>imputari</strong></span> <span class='ocrx_word' id='word_1_804' title='bbox 3570 5009 3666 5048; x_wconf 90' lang='lat' dir='ltr'><strong>eos</strong></span> 
     </span>
    </p>
   </div>
   <div class='ocr_carea' id='block_1_108' title="bbox 2089 5084 3666 5158">
    <p class='ocr_par' dir='ltr' id='par_1_108' title="bbox 2089 5084 3666 5158">
     <span class='ocr_line' id='line_1_108' title="bbox 2089 5084 3666 5158; baseline 0.001 -20"><span class='ocrx_word' id='word_1_805' title='bbox 2089 5099 2228 5154; x_wconf 91' lang='lat' dir='ltr'><strong>quos</strong></span> <span class='ocrx_word' id='word_1_806' title='bbox 2277 5101 2377 5156; x_wconf 90' lang='lat' dir='ltr'><strong>per</strong></span> <span class='ocrx_word' id='word_1_807' title='bbox 2430 5085 2682 5155; x_wconf 81' lang='lat' dir='ltr'><strong>preprios</strong></span> <span class='ocrx_word' id='word_1_808' title='bbox 2720 5085 3018 5158; x_wconf 83' lang='lat' dir='ltr'><strong>discipulos</strong></span> <span class='ocrx_word' id='word_1_809' title='bbox 3067 5084 3136 5142; x_wconf 88' lang='lat' dir='ltr'><strong>ad</strong></span> <span class='ocrx_word' id='word_1_810' title='bbox 3179 5087 3348 5141; x_wconf 90' lang='lat' dir='ltr'><strong>vitam</strong></span> <span class='ocrx_word' id='word_1_811' title='bbox 3397 5086 3666 5158; x_wconf 83' lang='lat' dir='ltr'><strong>guberna-</strong></span> 
     </span>
    </p>
   </div>
   <div class='ocr_carea' id='block_1_109' title="bbox 2088 5185 2308 5229">
    <p class='ocr_par' dir='ltr' id='par_1_109' title="bbox 2088 5185 2308 5229">
     <span class='ocr_line' id='line_1_109' title="bbox 2088 5185 2308 5229; baseline 0 -1"><span class='ocrx_word' id='word_1_812' title='bbox 2088 5185 2308 5229; x_wconf 85' lang='lat' dir='ltr'><strong>verunt.</strong></span> 
     </span>
    </p>
   </div>
   <div class='ocr_carea' id='block_1_110' title="bbox 2157 5265 3662 5336">
    <p class='ocr_par' dir='ltr' id='par_1_110' title="bbox 2157 5265 3662 5336">
     <span class='ocr_line' id='line_1_110' title="bbox 2157 5265 3662 5336; baseline 0.001 -17"><span class='ocrx_word' id='word_1_813' title='bbox 2157 5265 2322 5320; x_wconf 62' lang='lat' dir='ltr'><strong>Vlixes.</strong></span> <span class='ocrx_word' id='word_1_814' title='bbox 2345 5265 2534 5321; x_wconf 67' lang='lat'><strong>22-26.</strong></span> <span class='ocrx_word' id='word_1_815' title='bbox 2571 5285 2590 5318; x_wconf 81' lang='grc' dir='ltr'><strong>ι</strong></span> <span class='ocrx_word' id='word_1_816' title='bbox 2623 5265 2683 5320; x_wconf 89' lang='lat' dir='ltr'><strong>Si</strong></span> <span class='ocrx_word' id='word_1_817' title='bbox 2718 5273 2845 5336; x_wconf 76' lang='lat' dir='ltr'><strong>ager</strong></span> <span class='ocrx_word' id='word_1_818' title='bbox 2860 5268 3097 5335; x_wconf 76' lang='lat' dir='ltr'><strong>emptus,</strong></span> <span class='ocrx_word' id='word_1_819' title='bbox 3127 5269 3183 5319; x_wconf 86' lang='lat' dir='ltr'><strong>et</strong></span> <span class='ocrx_word' id='word_1_820' title='bbox 3213 5280 3324 5318; x_wconf 89' lang='lat' dir='ltr'><strong>non</strong></span> <span class='ocrx_word' id='word_1_821' title='bbox 3350 5265 3418 5320; x_wconf 91' lang='lat' dir='ltr'><strong>de</strong></span> <span class='ocrx_word' id='word_1_822' title='bbox 3445 5274 3662 5335; x_wconf 73' lang='lat' dir='ltr'><strong>passes-</strong></span> 
     </span>
    </p>
   </div>
   <div class='ocr_carea' id='block_1_111' title="bbox 2087 5355 3666 5428">
    <p class='ocr_par' dir='ltr' id='par_1_111' title="bbox 2087 5355 3666 5428">
     <span class='ocr_line' id='line_1_111' title="bbox 2087 5355 3666 5428; baseline -0.003 -14"><span class='ocrx_word' id='word_1_823' title='bbox 2087 5359 2241 5414; x_wconf 87' lang='lat' dir='ltr'><strong>sionc</strong></span> <span class='ocrx_word' id='word_1_824' title='bbox 2273 5360 2545 5428; x_wconf 84' lang='lat' dir='ltr'><strong>majorum</strong></span> <span class='ocrx_word' id='word_1_825' title='bbox 2568 5357 2947 5413; x_wconf 85' lang='lat' dir='ltr'><strong>sanctilieatus</strong></span> <span class='ocrx_word' id='word_1_826' title='bbox 2970 5356 3136 5410; x_wconf 79' lang='lat' dir='ltr'><strong>fuerit</strong></span> <span class='ocrx_word' id='word_1_827' title='bbox 3171 5355 3422 5420; x_wconf 89' lang='lat' dir='ltr'><strong>Domino,</strong></span> <span class='ocrx_word' id='word_1_828' title='bbox 3457 5364 3666 5426; x_wconf 83' lang='lat' dir='ltr'><strong>suppu—</strong></span> 
     </span>
    </p>
   </div>
   <div class='ocr_carea' id='block_1_112' title="bbox 2090 5446 3662 5516">
    <p class='ocr_par' dir='ltr' id='par_1_112' title="bbox 2090 5446 3662 5516">
     <span class='ocr_line' id='line_1_112' title="bbox 2090 5446 3662 5516; baseline -0.001 -14"><span class='ocrx_word' id='word_1_829' title='bbox 2090 5449 2224 5504; x_wconf 88' lang='lat' dir='ltr'><strong>tabit</strong></span> <span class='ocrx_word' id='word_1_830' title='bbox 2263 5447 2521 5504; x_wconf 87' lang='lat' dir='ltr'><strong>sacerdos</strong></span> <span class='ocrx_word' id='word_1_831' title='bbox 2544 5447 2699 5516; x_wconf 80' lang='lat' dir='ltr'><strong>juxta</strong></span> <span class='ocrx_word' id='word_1_832' title='bbox 2727 5461 3032 5516; x_wconf 84' lang='lat' dir='ltr'><strong>numerum</strong></span> <span class='ocrx_word' id='word_1_833' title='bbox 3059 5455 3354 5510; x_wconf 78' lang='lat' dir='ltr'><strong>annorum,</strong></span> <span class='ocrx_word' id='word_1_834' title='bbox 3386 5454 3559 5516; x_wconf 76' lang='lat' dir='ltr'><strong>usque</strong></span> <span class='ocrx_word' id='word_1_835' title='bbox 3598 5446 3662 5500; x_wconf 88' lang='lat' dir='ltr'><strong>ad</strong></span> 
     </span>
    </p>
   </div>
   <div class='ocr_carea' id='block_1_113' title="bbox 2088 5535 3666 5607">
    <p class='ocr_par' dir='ltr' id='par_1_113' title="bbox 2088 5535 3666 5607">
     <span class='ocr_line' id='line_1_113' title="bbox 2088 5535 3666 5607; baseline -0.004 -13"><span class='ocrx_word' id='word_1_836' title='bbox 2088 5539 2377 5594; x_wconf 71' lang='lat' dir='ltr'><strong>Jubilzeum</strong></span> <span class='ocrx_word' id='word_1_837' title='bbox 2417 5537 2677 5607; x_wconf 87' lang='lat' dir='ltr'><strong>pretium,</strong></span> <span class='ocrx_word' id='word_1_838' title='bbox 2713 5540 2769 5591; x_wconf 89' lang='lat' dir='ltr'><strong>et</strong></span> <span class='ocrx_word' id='word_1_839' title='bbox 2791 5536 2945 5591; x_wconf 89' lang='lat' dir='ltr'><strong>dabit</strong></span> <span class='ocrx_word' id='word_1_840' title='bbox 2977 5536 3068 5590; x_wconf 89' lang='lat' dir='ltr'><strong>ille</strong></span> <span class='ocrx_word' id='word_1_841' title='bbox 3097 5535 3190 5605; x_wconf 91' lang='lat' dir='ltr'><strong>qui</strong></span> <span class='ocrx_word' id='word_1_842' title='bbox 3216 5542 3402 5591; x_wconf 85' lang='lat' dir='ltr'><strong>votum</strong></span> <span class='ocrx_word' id='word_1_843' title='bbox 3439 5547 3666 5591; x_wconf 82' lang='lat' dir='ltr'><strong>voverat</strong></span> 
     </span>
    </p>
   </div>
   <div class='ocr_carea' id='block_1_114' title="bbox 2092 5628 3660 5700">
    <p class='ocr_par' dir='ltr' id='par_1_114' title="bbox 2092 5628 3660 5700">
     <span class='ocr_line' id='line_1_114' title="bbox 2092 5628 3660 5700; baseline -0.002 -15"><span class='ocrx_word' id='word_1_844' title='bbox 2092 5631 2342 5685; x_wconf 87' lang='lat' dir='ltr'><strong>Domino.</strong></span> <span class='ocrx_word' id='word_1_845' title='bbox 2381 5629 2438 5684; x_wconf 86' lang='lat' dir='ltr'><strong>in</strong></span> <span class='ocrx_word' id='word_1_846' title='bbox 2476 5628 2707 5684; x_wconf 68' lang='lat' dir='ltr'><strong>Jubi-iaeo</strong></span> <span class='ocrx_word' id='word_1_847' title='bbox 2737 5636 2923 5684; x_wconf 84' lang='lat' dir='ltr'><strong>autem</strong></span> <span class='ocrx_word' id='word_1_848' title='bbox 2955 5634 3264 5684; x_wconf 85' lang='lat' dir='ltr'><strong>revertetur</strong></span> <span class='ocrx_word' id='word_1_849' title='bbox 3309 5629 3375 5683; x_wconf 88' lang='lat' dir='ltr'><strong>ad</strong></span> <span class='ocrx_word' id='word_1_850' title='bbox 3422 5631 3660 5700; x_wconf 80' lang='lat' dir='ltr'><strong>priorem</strong></span> 
     </span>
    </p>
   </div>
   <div class='ocr_carea' id='block_1_115' title="bbox 2583 5829 3492 5896">
    <p class='ocr_par' dir='ltr' id='par_1_115' title="bbox 2583 5829 3492 5896">
     <span class='ocr_line' id='line_1_115' title="bbox 2583 5829 3492 5896; baseline 0 -10"><span class='ocrx_word' id='word_1_851' title='bbox 2583 5833 2626 5864; x_wconf 84' lang='grc'>⁸⁵</span> <span class='ocrx_word' id='word_1_852' title='bbox 2659 5829 2820 5886; x_wconf 86' lang='lat' dir='ltr'><strong>Osee.</strong></span> <span class='ocrx_word' id='word_1_853' title='bbox 2851 5845 2944 5896; x_wconf 86' lang='lat' dir='ltr'><strong>vn,</strong></span> <span class='ocrx_word' id='word_1_854' title='bbox 2981 5830 3062 5885; x_wconf 89' lang='lat' dir='ltr'><strong>ll.</strong></span> <span class='ocrx_word' id='word_1_855' title='bbox 3185 5829 3229 5862; x_wconf 82' lang='grc'><strong>⁸⁸</strong></span> <span class='ocrx_word' id='word_1_856' title='bbox 3267 5831 3404 5887; x_wconf 83' lang='lat' dir='ltr'><strong>ibid.</strong></span> <span class='ocrx_word' id='word_1_857' title='bbox 3439 5829 3492 5887; x_wconf 87' lang='lat'><strong>8.</strong></span> 
     </span>
    </p>
   </div>
   <div class='ocr_carea' id='block_1_116' title="bbox 2087 5829 2468 5890">
    <p class='ocr_par' dir='ltr' id='par_1_116' title="bbox 2087 5829 2468 5890">
     <span class='ocr_line' id='line_1_116' title="bbox 2087 5829 2468 5890; baseline 0.005 -3"><span class='ocrx_word' id='word_1_858' title='bbox 2087 5832 2123 5863; x_wconf 81' lang='grc'><strong>⁸⁸</strong></span> <span class='ocrx_word' id='word_1_859' title='bbox 2148 5829 2352 5888; x_wconf 87' lang='lat' dir='ltr'><strong>Jerem.</strong></span> <span class='ocrx_word' id='word_1_860' title='bbox 2388 5850 2468 5890; x_wconf 88' lang='grc' dir='ltr'>ιιι.</span> 
     </span>
    </p>
   </div>
  </div>
