4032 6222
384 352 519 418 1171

1576 358 1943 419 HESYCHII
1983 357 2462 420 PRESBYTERI

3513 358 3535 420 1
3553 359 3644 424 172

392 472 806 541 llominum,qni
826 471 1145 527 vendiderat
1165 488 1311 539 eunt,
1332 474 1744 541 ethabueratin
1762 485 1964 531 sortem
1997 482 2041 535 Α
2071 476 2212 544 ejus,
2243 485 2435 532 sancta
2457 476 2690 531 Domino
2718 475 3026 532 invenitur:
3075 475 3220 531 bene
3246 486 3429 532 autem
3460 478 3643 547 David,

391 564 748 634 possessionis
774 580 907 618 sum.
935 562 1128 620 Omnis
1148 565 1441 620 aestimatio
1479 567 1617 621 siclo
1667 567 1965 623 sanctuarii

390 656 796 724 ponderabitur.
837 656 1018 710 Siclus
1042 656 1235 727 viginti
1255 656 1445 711 obolos
1475 659 1661 712 habet.
1695 659 1968 728 Primoge-

387 747 501 800 nita
545 762 666 814 qua:
724 745 791 800 ad
833 746 1003 799 Deum
1053 748 1351 815 pertinent,
1410 764 1577 801 nemo
1623 748 1968 804 sanctiﬁcare

388 838 608 908 poterit,
633 846 688 891 et
719 852 941 902 vovere,
963 838 1080 892 sive
1111 838 1230 901 bos,
1260 839 1375 893 sive
1402 838 1522 894 ovis
1555 839 1715 894 fuerit
1751 840 1965 895 Domini

386 939 536 985 sunt.
579 949 597 981 ι

457 1022 744 1076 Maximam
765 1022 1036 1092 justitiam
1062 1023 1196 1092 legis
1230 1023 1411 1078 littera
1455 1032 1510 1078 et
1532 1024 1756 1094 spiritus
1788 1034 1967 1080 osten-

386 1114 486 1169 dit.
537 1113 743 1169 Littera
789 1113 1057 1183 siquidem
1094 1130 1283 1185 agrum
1327 1116 1667 1183 possidentes
1701 1117 1962 1182 alienum,

390 1215 447 1261 ut
505 1206 850 1261 sanctiﬁcent
895 1205 1026 1267 Deo,
1071 1213 1131 1258 ut
1177 1205 1413 1260 nﬁ'crant
1463 1207 1863 1275 sacerdotibus,
1906 1216 1967 1261 ut

387 1312 578 1353 eorum
610 1296 680 1350 sit
707 1295 955 1350 redditus
981 1310 1130 1366 ager,
1162 1312 1270 1350 non
1306 1296 1480 1351 vetuit
1516 1297 1640 1365 quia
1685 1312 1795 1351 non
1839 1312 1965 1366 spe-

385 1390 597 1447 cialiter
618 1404 778 1444 suum
810 1387 1010 1442 obtulit
1040 1406 1051 1440 :
1084 1389 1227 1442 sicut
1257 1387 1403 1442 enim
1427 1399 1663 1457 emptus,
1687 1389 1805 1458 ejus
1836 1400 1964 1443 tunc

389 1490 524 1544 erat,
558 1480 636 1535 sic
662 1480 827 1534 etiam
852 1478 944 1550 qui
963 1478 1031 1533 de
1060 1480 1354 1534 vendentis
1389 1477 1565 1553 fuerat
1591 1480 1961 1550 possessione,

390 1581 538 1627 recte
568 1571 779 1625 alienus
804 1580 907 1625 est.
944 1569 1210 1640 Praecepit
1235 1571 1381 1624 enim
1407 1580 1730 1640 computare
1776 1586 1963 1625 sacer-

388 1665 568 1718 dotem
600 1662 711 1735 agri
740 1663 980 1733 pretium
1022 1679 1196 1732 usque
1232 1664 1299 1717 ad
1328 1662 1639 1729 Jubilaaum,
1674 1673 1731 1718 ct
1759 1665 1838 1718 sic
1866 1680 1963 1734 pro

382 1773 450 1813 eo
472 1756 601 1811 dare
628 1755 898 1825 pretium;
929 1755 983 1808 in
1014 1754 1246 1810 Jubilieo
1275 1762 1458 1810 autem
1486 1755 1683 1809 reverti
1719 1771 1783 1811 ac
1808 1756 1961 1810 reddi

386 1850 550 1919 priori
599 1849 845 1914 domino,
879 1849 931 1904 id
973 1858 1058 1904 est
1088 1851 1139 1904 ei
1172 1848 1266 1918 qui
1311 1857 1538 1919 propter
1583 1857 1960 1919 paupertatem

386 1958 499 1997 rem
529 1943 805 2012 pr0priam
837 1940 1102 2004 vendidit,
1144 1950 1200 1995 et
1228 1940 1296 1994 ad
1341 1948 1552 1995 certum
1584 1956 1702 1995 eam
1751 1951 1964 2009 tempus

385 2035 665 2091 alienavit.
699 2036 779 2088 At:
821 2036 925 2090 hoc
964 2051 1094 2105 ergo
1129 2044 1184 2089 et
1209 2034 1276 2088 ad
1318 2034 1618 2103 spiritalem
1652 2034 1960 2104 intelligen-

385 2130 514 2182 tiam
544 2128 761 2181 transit.

455 2217 510 2271 Si
563 2233 690 2285 ager
729 2224 954 2283 emptus,
987 2224 1035 2268 et
1070 2230 1173 2268 non
1205 2214 1268 2267 de
1319 2213 1642 2283 possessione
1694 2212 1961 2282 majorum

383 2310 744 2379 sancti/iratus
810 2310 967 2379 fuerit
1049 2307 1300 2371 Domino,
1358 2307 1663 2376 supputabit
1720 2310 1962 2362 sacerdos

376 2405 535 2473 juxta
565 2419 826 2457 annorum
858 2417 1133 2455 numerum
1155 2417 1316 2472 usque
1347 2402 1418 2454 ad
1438 2399 1738 2455 labi/ecum.
1758 2403 1960 2473 Agrum

383 2498 473 2564 qui
506 2494 748 2564 possidet
785 2508 951 2563 quem
968 2492 1121 2558 emit,
1161 2500 1218 2547 et
1253 2508 1365 2547 non
1398 2502 1616 2548 estsuae
1659 2494 1963 2563 possessio-

386 2589 493 2653 nis,
528 2588 573 2640 is
627 2585 719 2656 qui
773 2584 1169 2655 intelligibilem
1231 2593 1608 2654 paupertatem
1661 2586 1964 2654 patientem

385 2675 662 2734 exhortari
691 2675 855 2736 valet,
892 2689 1233 2743 arguereque
1259 2689 1406 2738 eum,
1438 2683 1602 2744 atque
1646 2690 1864 2731 movere
1893 2676 1960 2731 ad

390 2768 805 2838 pretiitentiam:
850 2766 1240 2835 intelligibilem
1298 2767 1442 2821 enim
1509 2777 1744 2834 terram,
1799 2786 1961 2838 quam

306 2910 309 2911 ν
391 2862 481 2915 ille
507 2858 845 2930 possidebat,
878 2856 947 2911 de
992 2872 1101 2926 qua
1156 2855 1323 2911 David
1384 2857 1680 2926 psallebat:
1733 2857 1963 2929 Spiritus

388 2966 507 3008 tuus
560 2962 774 3007 sumtus
800 2952 1017 3006 deducet
1048 2968 1130 3004 me
1177 2950 1231 3003 in
1265 2961 1464 3005 terram
1516 2959 1718 3005 rectam
1735 2952 1803 3017 ⁸⁷,
1848 2952 1966 3022 ipse

389 3045 781 3116 possidet,'non
806 3043 1133 3115 permittens
1148 3058 1268 3096 eam
1283 3058 1403 3111 qua:
1432 3058 1499 3097 ex
1519 3051 1632 3098 toto
1660 3044 1962 3114 corrumpi,

2072 570 2311 632 redde",
2343 570 2428 624 vel
2459 569 2605 624 sicut
2634 568 2797 633 LXX,
2824 568 3024 628 reddet,
3057 583 3190 632 non,
3229 570 3482 625 reddent:
3519 587 3643 626 nam

2070 661 2173 715 etsi
2198 660 2473 715 communi
2501 660 2730 714 consilio
2747 659 3066 721 sacerdotis,
3110 667 3165 714 et
3187 659 3311 728 ejus
3340 661 3435 730 qui
3481 662 3644 718 movit

2070 762 2416 821 peccatorcm
2438 752 2505 807 ad
2542 751 2945 821 paenitentiam,
2979 751 3049 805 de
3090 766 3155 806 ea
3216 752 3466 807 deﬁnitio
3513 768 3646 808 eon-

2070 839 2348 904 stituitur,
2381 856 2502 913 quae
2550 842 2887 906 mstimatur,
2943 843 3320 896 verumtamen
3376 840 3468 895 ille
3521 856 3646 896 eum

2068 932 2282 996 ell‘erat,
2338 934 2433 1003 qui
2494 932 2720 988 fratrem
2775 932 3088 1001 culpantem
3134 932 3425 1003 eompungi
3486 932 3645 987 fecit:

2070 1022 2197 1078 huic
2228 1024 2372 1079 enim
2402 1023 2716 1088 etobediet,
2745 1021 2839 1077 sed
2869 1030 2923 1077 et
2944 1022 3060 1091 ipse
3080 1022 3353 1093 obligatur
3380 1023 3434 1077 in
3461 1039 3649 1078 emen-

2068 1115 2346 1171 dationem
2398 1115 2522 1186 ejus
2570 1114 2662 1184 qui
2711 1114 3089 1184 prenitentiam
3148 1114 3278 1184 agit,
3312 1121 3504 1183 utpote
3549 1115 3645 1184 qui

2068 1208 2236 1264 semel
2281 1207 2403 1277 ejus
2428 1204 2787 1261 correctionis
2813 1203 2943 1258 fecit
2977 1204 3282 1258 exordium.
3320 1203 3423 1269 Qui
3462 1213 3648 1260 autem

2066 1317 2177 1356 non
2206 1299 2373 1365 illico,
2402 1314 2526 1354 cum
2549 1296 2806 1353 delinitur
2828 1296 3463 1366 pmnitentia,poenitens
3487 1312 3651 1350 mun—

2066 1395 2250 1460 datur,
2285 1393 2380 1448 sed
2409 1392 2629 1463 quando
2659 1405 2780 1445 eam
2813 1388 3108 1460 perfectam
3135 1388 3331 1460 egerit,
3356 1394 3649 1457 propterea

2067 1488 2176 1542 ait:

2050 1623 2054 1627 .
2137 1579 2204 1633 In
2229 1578 2456 1633 Jubilteo
2482 1585 2661 1631 autem
2687 1583 2973 1630 revertetur
3001 1573 3073 1627 ad
3117 1573 3345 1642 priorem
3369 1571 3648 1624 dominum

2067 1672 2155 1742 qui
2184 1671 2490 1724 vendiderat
2548 1685 2688 1722 eum.
2724 1665 2866 1737 Ergo
2924 1664 3171 1720 deﬁnitio
3200 1662 3542 1733 paenitentiae
3588 1663 3647 1716 in

2069 1764 2158 1818 illa
2192 1763 2280 1817 die
2331 1771 2518 1816 sancta
2571 1776 2694 1814 mox
2736 1759 2864 1823 ﬁet,
2918 1758 2972 1812 in
3024 1771 3130 1826 qua
3177 1771 3208 1810 a
3258 1754 3544 1812 sacerdote
3588 1762 3643 1808 et

2068 1852 2419 1905 exhortatore
2450 1852 2570 1918 ejus
2600 1849 2692 1918 qui
2718 1846 3097 1919 paenitentiam
3124 1852 3353 1900 acturus
3390 1852 3509 1898 erat
3548 1859 3651 1913 per

2065 1942 2305 1996 divinam
2331 1939 2703 2009 Scriptorum,
2732 1937 3009 2008 quomodo
3051 1952 3170 1991 eam
3215 1936 3413 1991 debeat
3459 1950 3646 2004 agere,

2064 2036 2387 2090 aestimatur.
2449 2031 2605 2087 'l‘unc
2655 2038 2837 2084 autem
2894 2027 3174 2099 pmnitens
3236 2023 3649 2095 possessionem

2064 2142 2238 2190 suam,
2258 2137 2576 2195 agrumque,
2593 2133 2648 2175 et
2663 2118 3133 2176 conversationem
3156 2115 3407 2184 recipiet,
3425 2114 3649 2184 quando

2063 2217 2131 2272 ad
2159 2230 2362 2271 annum
2394 2209 2963 2284 perveneritJubilaei,
2994 2208 3111 2263 sive
3143 2203 3505 2267 remissionis.
3526 2204 3649 2261 sive

2066 2304 2468 2367 immutatione,
2500 2310 2554 2355 et
2594 2299 2754 2370 plene
2786 2312 2955 2368 agens
2999 2311 3062 2351 ea
3109 2311 3232 2364 qme
3265 2295 3331 2349 ad
3366 2293 3645 2366 poeniten-

2064 2399 2193 2453 tiam
2218 2393 2526 2465 pertinent:
2555 2390 2650 2446 sed
2672 2388 2843 2445 etiam
2886 2388 2942 2441 in
2973 2394 3144 2442 totum
3188 2386 3425 2442 reddens
3461 2400 3650 2441 sacer—

2062 2491 2246 2546 dotem
2283 2496 2340 2541 et
2379 2499 2598 2539 omnem
2650 2481 2927 2537 hominem
2968 2480 3061 2550 qui
3112 2478 3390 2535 exhortari
3437 2487 3643 2533 semet-

2063 2584 2242 2654 ipsum
2271 2589 2364 2635 aut
2391 2578 2722 2649 proximum,
2749 2584 2843 2629 aut
2881 2573 3104 2629 domum
3149 2587 3305 2628 suam
3328 2572 3465 2635 vult,
3494 2579 3555 2626 et
3574 2586 3647 2625 ex

2064 2676 2167 2730 hoc
2191 2673 2292 2728 sibi
2316 2667 2800 2726 sanctiﬁcationem
2826 2665 3171 2734 conquirere,
3191 2678 3452 2719 coronam
3472 2660 3648 2731 inely-

2066 2777 2197 2831 tam,
2233 2773 2289 2818 et
2316 2762 2625 2817 ﬁrmitatem
2658 2755 3035 2813 admirabilem
3066 2754 3382 2824 exquisivit.

2139 2858 2324 2913 Omnis
2381 2853 2666 2909 (estimatio
2717 2848 2847 2903 siclo
2878 2848 3174 2902 sanctuarii
3224 2844 3646 2914 ponderabitur:

2063 2955 2222 3006 sic-’us
2245 2951 2351 3004 sive
2375 2945 2684 3002 didrachma
2715 2942 2903 3014 viginti
2931 2940 3106 2995 obolos
3131 2938 3310 2992 habet.
3346 2936 3421 2993 Ut
3464 2935 3652 2990 omnis

2067 3043 2372 3106 :rstimatio,
2404 3041 2519 3095 sive
2568 3024 2835 3100 deﬁnitio,
2883 3034 3092 3091 sanctis
3140 3033 3235 3088 ﬁat
3287 3030 3647 3102 ponderibus,

391 3137 489 3191 sed
515 3136 736 3191 lucrans
770 3134 954 3189 fratris
974 3135 1252 3197 virtutem,
1288 3133 1375 3188 vel
1402 3134 1590 3198 vitam,
1620 3135 1689 3190 de
1737 3151 1841 3204 qua
1876 3135 1964 3190 ille
1992 3166 2035 3223 ο
2069 3137 2121 3192 id
2148 3145 2253 3199 est,
2282 3134 2367 3189 his
2389 3147 2510 3203 qua)
2539 3138 2670 3186 sunt
2714 3131 2782 3185 de
2808 3143 2963 3184 sacra
3007 3125 3308 3195 Scriptura.
3363 3122 3651 3176 Esteriora

393 3244 490 3300 per
522 3227 908 3300 negligentiam
932 3227 1150 3282 cecidit.
1191 3225 1249 3281 Si
1296 3226 1459 3296 igitur
1481 3242 1604 3281 eam
1660 3227 1968 3283 sanctiﬁca—

389 3320 532 3376 verit
587 3318 837 3383 Domino,
877 3318 931 3374 id
987 3328 1073 3373 est
1118 3318 1379 3373 obtulerit
1424 3318 1717 3385 sacerdoti,
1773 3319 1970 3382 audisti

392 3415 539 3469 enim
578 3412 704 3483 quia
759 3412 812 3466 in
872 3410 1129 3480 praesenti
1166 3409 1495 3465 sanctiﬁcari
1545 3410 1660 3465 Deo
1710 3409 1844 3465 dicit
1882 3424 1968 3476 ea,

392 3525 514 3578 qua:
548 3506 927 3562 sacerdotibus
947 3514 1095 3569 sorte
1119 3506 1484 3560 obvenerunt.
1512 3503 1708 3560 Offerri
1760 3514 1969 3568 autem,

392 3597 714 3669 quomodo?
738 3595 796 3651 id
827 3604 930 3661 est,
965 3604 1182 3666 oportet
1214 3611 1363 3659 eum,
1391 3596 1485 3665 qui
1513 3594 1755 3665 culpavit
1780 3611 1972 3651 emun-

391 3692 532 3757 dari,
563 3699 619 3746 et
640 3698 884 3745 sanetam
912 3689 1032 3759 ejus
1057 3686 1272 3743 efﬁcere
1302 3688 1792 3743 conversationem.

466 3784 784 3853 Supputabit
842 3782 1086 3837 sacerdos
1149 3781 1312 3851 juxta
1370 3797 1631 3834 annorum
1697 3795 1974 3835 numerum

396 3894 559 3949 usque
584 3877 655 3931 ad
688 3876 971 3931 Jubila'um
994 3876 1242 3944 pretium,
1285 3883 1334 3928 et
1362 3874 1509 3928 dabit
1540 3873 1630 3928 ille
1660 3874 1750 3944 qui
1795 3885 1973 3928 votum

398 3978 605 4023 voverat
649 3968 896 4022 Domino.
953 3966 1123 4021 Recte
1171 3968 1448 4028 sacerdos,
1502 3964 1666 4020 simul
1730 3978 1855 4018 cum
1906 3978 1975 4017 eo

398 4060 490 4130 qui
518 4059 687 4114 movit
703 4058 925 4112 fratrem
960 4057 1026 4111 ad
1051 4055 1459 4126 paenitentiam,
1481 4053 1608 4124 quia
1638 4052 1730 4108 ille
1753 4051 1974 4122 quidem

400 4151 652 4206 districte
673 4151 794 4220 ejus
833 4149 1105 4205 actionem
1155 4157 1210 4202 et
1237 4144 1737 4208 conversationem,
1782 4150 1975 4211 utpote

399 4243 493 4314 qui
517 4242 634 4312 ipse
662 4257 788 4296 eum
823 4240 1084 4300 correxit,
1119 4237 1209 4292 hic
1237 4245 1420 4291 autem
1455 4244 1516 4289 ut
1539 4235 1799 4290 sacerdos
1823 4231 1976 4287 novit

400 4350 589 4392 veram
616 4341 781 4403 atque
807 4331 1107 4401 perfectam
1158 4327 1613 4397 redemptionem,
1653 4333 1973 4396 supputant,

400 4428 516 4483 sive
550 4424 785 4495 probant
803 4410 1021 4491 qualem
1039 4418 1089 4473 ei
1109 4424 1361 4487 oporteat
1392 4414 1766 4486 paenitentiam
1786 4413 1974 4469 indici.

2072 3228 2222 3283 enim
2273 3225 2538 3296 pondera,
2590 3222 2756 3279 veluti
2810 3217 3282 3290 philosophorum,
3343 3214 3398 3268 in
3449 3211 3656 3282 quibus

2072 3319 2173 3389 ipsi
2226 3317 2365 3372 vitas
2440 3312 2996 3380 conversationesque
3046 3314 3300 3379 pensant,
3351 3320 3462 3358 non
3518 3310 3654 3357 sunt

2073 3418 2283 3471 sancta,
2315 3407 2440 3477 quia
2468 3404 2752 3459 scientiam
2804 3399 3179 3466 imperfectam
3207 3396 3506 3466 possident.
3540 3393 3652 3447 Sed

2072 3515 2179 3554 nec
2227 3496 2608 3553 hereticorum
2650 3493 2892 3563 pondera
2922 3496 3111 3544 sancta
3157 3495 3303 3551 sunt,
3346 3486 3651 3539 cauteriata

2074 3594 2148 3639 est
2179 3584 2318 3638 enim
2354 3598 2535 3636 eorum
2580 3580 2899 3635 conscientia
2921 3577 3002 3630 ‘9:
3035 3576 3131 3631 sed
3173 3584 3359 3629 sancta
3411 3584 3545 3628 sunt
3586 3589 3655 3628 ea

2074 3692 2196 3747 qua:
2239 3682 2368 3729 sunt
2402 3674 2456 3726 in
2504 3672 2689 3727 divina
2734 3669 3037 3738 Scriptura,
3090 3667 3147 3722 in
3204 3666 3406 3736 quibus
3454 3665 3654 3734 viginti

2075 3768 2218 3825 oboli
2248 3775 2395 3832 sunt,
2421 3765 2635 3827 siclum,
2664 3763 2780 3818 sive
2826 3760 3170 3825 didrachma,
3217 3759 3275 3814 id
3320 3768 3405 3813 est
3459 3758 3654 3812 decem

2077 3861 2329 3916 mandata
2366 3856 2668 3914 secundum
2698 3854 2956 3919 litteram,
2982 3861 3037 3907 et
3064 3852 3365 3907 secundum
3396 3848 3654 3920 spiritum

2077 3952 2378 4015 intellecta,
2430 3950 2577 4005 sicut
2608 3946 2922 4017 evangeliea
2954 3946 3127 4012 gratia
3156 3942 3417 4006 insinuat,
3451 3950 3507 3995 et
3558 3940 3653 4010 qui

2076 4045 2132 4098 in
2163 4059 2225 4098 ea
2247 4042 2379 4098 dicit
2403 4058 2417 4095 :
2445 4040 2564 4095 Non
2593 4036 2946 4100 arbitremini,
2965 4036 3089 4104 quia
3112 4034 3229 4089 ueni
3253 4033 3455 4086 soluere
3489 4031 3656 4100 legem

2077 4143 2171 4190 aut
2200 4134 2515 4203 prophetas;
2550 4147 2653 4186 non
2678 4129 2796 4184 veni
2819 4128 3038 4192 soluere,
3072 4125 3163 4179 sed
3188 4124 3404 4192 implere
3419 4122 3489 4176 ”.
3515 4121 3655 4189 Qui—

2078 4239 2293 4295 cunque
2343 4232 2439 4278 aut
2484 4223 2658 4293 legem
2702 4219 2915 4275 irritam
2962 4217 3111 4283 facit,
3153 4222 3249 4270 aut
3302 4214 3655 4284 Evangelium

2079 4314 2279 4379 renuit,
2312 4311 2400 4367 hic
2417 4326 2525 4365 non
2550 4310 2715 4365 habet
2742 4308 3080 4370 didrachma,
3106 4321 3209 4360 nec
3241 4305 3406 4374 hujus
3447 4304 3656 4360 doctri-

2078 4422 2205 4460 nam
2239 4412 2295 4458 ut
2324 4400 2755 4457 sanctiﬁcantem
2786 4397 3095 4467 recipimus.
3139 4393 3437 4449 llaareticos
3470 4402 3656 4448 autem

402 4486 717 4589 Supp-utant
749 4486 931 4570 auiem
965 4486 1240 4581 usquead
1264 4507 1477 4564 Jubilzei
1508 4506 1765 4577 pretium,
1815 4506 1867 4561 id
1893 4514 1980 4560 est
2010 4494 2057 4549 Ῑ)
2084 4506 2139 4552 ει
2161 4495 2396 4559 indm-05,
2419 4506 2650 4589 quorum
2677 4489 2764 4545 aiii
2787 4489 3039 4560 ετειὶθῐην
3071 4486 3164 4540 alii
3209 4486 3386 4555 legem
3431 4493 3654 4554 negant.

400 4622 467 4661 ex
516 4606 600 4661 his
649 4619 771 4674 quze
819 4603 889 4658 de
942 4598 1262 4672 paenitentia
1315 4599 1372 4651 in
1412 4597 1598 4652 divina
1653 4594 1798 4651 dicta
1848 4603 1978 4651 sunt

404 4696 714 4765 Scriptura.
761 4692 883 4762 Ipsa
923 4690 1071 4746 enim
1123 4686 1413 4744 aestimatio
1460 4693 1544 4740 est
1572 4685 1702 4740 anni
1737 4683 1974 4749 Jubiltei,

402 4788 518 4844 sive
544 4781 905 4847 remissionis,
932 4790 1043 4835 tam
1072 4778 1200 4849 quia
1220 4779 1337 4848 ipsa
1367 4774 1678 4840 aestimavit,
1710 4773 1825 4828 sive
1849 4788 1979 4843 sup-

404 4878 616 4951 putavit
654 4872 1059 4946 pmnitentiam,
1106 4886 1269 4941 quam
1315 4870 1443 4939 quia
1490 4867 1726 4923 azstimat
1772 4874 1977 4935 quanta

399 4970 522 5041 ejus
559 4965 629 5022 sit
655 4962 915 5035 dignitas,
958 4961 1061 5015 hoc
1104 4958 1252 5013 enim
1294 4957 1527 5011 dicimus
1556 4969 1680 5010 esse
1734 4952 1976 5008 aestima-

404 5063 633 5124 tionem,
661 5057 788 5128 quia
826 5054 908 5109 sic
938 5050 1259 5122 pmnitentia
1283 5047 1526 5111 deﬁnita,
1559 5045 1808 5102 deﬁnitio
1858 5045 1979 5114 ejus

402 5160 591 5208 sancta
621 5149 726 5204 erit
755 5144 884 5209 Deo,
910 5150 1136 5214 propter
1165 5138 1310 5209 quod
1337 5147 1393 5192 et
1413 5135 1656 5191 addidit:

477 5245 544 5299 Et
568 5242 714 5295 dabit
745 5238 835 5293 ille
858 5237 947 5308 qui
975 5243 1151 5289 votum
1195 5237 1404 5285 voverat
1442 5227 1684 5282 Domino.
1735 5226 1861 5280 Sive
1888 5239 1977 5279 se-

404 5337 647 5393 cundum
674 5332 835 5397 LXX,
865 5331 932 5386 Et
961 5325 1142 5383 reddet
1170 5324 1397 5393 pretium
1432 5308 1592 5375 indie
1618 5319 1708 5372 illo
1739 5326 1981 5373 sanctum

411 5427 654 5481 Domino.
693 5425 754 5478 ln
784 5432 1029 5493 tempore
1069 5419 1242 5481 enim,
1281 5414 1335 5469 in
1360 5428 1468 5484 quo
1508 5411 1809 5467 secundum
1840 5410 1982 5463 hanc

409 5519 696 5582 rationem,
726 5531 790 5572 ea
819 5530 942 5584 quae
983 5520 1112 5568 sunt
1140 5510 1209 5566 de
1237 5504 1559 5580 paenitentia
1622 5501 1980 5563 deﬁniuntur,

410 5608 526 5663 sive
553 5607 885 5661 inducuntur
934 5605 1007 5670 ei,
1058 5618 1184 5658 eum
1235 5598 1543 5656 necessaria
1600 5603 1682 5651 est
1739 5591 1982 5650 deﬁnitio

516 5790 563 5821 "
598 5786 736 5843 Psal.
772 5800 937 5851 Lxxn,
983 5786 1063 5839 lt).
1176 5783 1220 5815 “
1262 5780 1400 5835 Psai.
1433 5793 1539 5842 LIX.
1578 5776 1661 5830 “-

1777 5770 1862 5824 "l
1896 5768 2036 5825 Tim.
2072 5783 2146 5834 tv,
2172 5766 2226 5821 2.

2081 4586 2361 4657 aequaliter
2393 4582 2773 4652 suscipiamus.

2157 4674 2515 4746 Primogenita
2543 4690 2659 4745 qua:
2692 4673 2762 4727 ad
2786 4672 2953 4725 Deum
2964 4672 3249 4737 pertinent,
3276 4686 3429 4724 nemo
3456 4668 3656 4724 sancti-

2083 4768 2244 4837 ﬁrare
2276 4775 2461 4835 potest,
2499 4773 2549 4818 et
2606 4777 2817 4826 uouere;
2847 4760 2967 4816 Siue
3002 4762 3112 4823 bos,
3153 4760 3260 4815 sive
3314 4762 3423 4815 ovis
3475 4761 3652 4831 fuerit,

2088 4860 2298 4915 Domini
2319 4868 2459 4913 sunt.
2486 4858 2690 4913 Pccora
2715 4869 2812 4909 eos
2835 4853 2927 4923 qui
2960 4853 3121 4908 nobis
3136 4852 3460 4908 obedientes
3505 4863 3651 4915 sunt,

2088 4951 2245 5015 ﬁlios,
2279 4957 2556 5010 etservos,
2590 4944 2644 4998 in
2685 4942 3121 5014 princedentibus
3159 4940 3417 4997 diximus.
3451 4938 3657 4994 Horum

2085 5039 2530 5115 primogenitum,
2558 5037 2609 5091 id
2635 5044 2738 5099 cst,
2763 5036 2857 5105 qui
2888 5035 3049 5091 nobis
3080 5034 3159 5090 sic
3201 5046 3401 5103 parens
3429 5041 3486 5086 et
3530 5030 3658 5084 obe-

2084 5132 2242 5186 diens
2273 5127 2458 5191 fuerit,
2491 5134 2625 5180 utet
2655 5124 2774 5179 aliis
2805 5122 3130 5178 obedientiac
3156 5129 3212 5176 et
3240 5118 3465 5190 parendi
3490 5118 3659 5173 duca-

2090 5233 2202 5279 tum
2226 5220 2486 5291 praebeat,
2548 5225 2605 5272 et
2637 5225 2927 5285 propterea
2958 5214 3047 5269 hic
3070 5212 3291 5283 quidem
3323 5208 3657 5281 primogeni-

2091 5322 2205 5367 tum
2240 5309 2460 5374 dicitur,
2495 5306 2622 5361 alibi
2681 5313 2863 5359 autem
2920 5303 2989 5360 de
3050 5318 3115 5357 eo
3174 5300 3452 5372 legislator
3496 5297 3654 5354 dicit:

2091 5405 2254 5461 Omne
2286 5399 2636 5455 masculinum
2658 5396 2970 5465 adaperiens
3000 5393 3230 5457 vulvam,
3277 5401 3522 5445 sanctum
3553 5387 3655 5441 Do-

2092 5496 2234 5550 mino
2260 5490 2609 5548 vocabitur".
2649 5486 2913 5557 Adaperit
2952 5483 3098 5540 enim
3130 5483 3347 5540 vulvam
3393 5495 3658 5553 generan—

2092 5590 2285 5645 dorunt
2317 5585 2572 5648 ﬁliorum,
2602 5581 2695 5653 qui
2720 5579 2944 5636 obedire
2999 5576 3301 5632 secundum
3360 5572 3552 5636 Deum,
3609 5580 3661 5627 et

2340 5765 2384 5799 ⁵ο
2414 5760 2605 5817 Matth.
2646 5776 2699 5824 v,
2730 5757 2811 5811 l7.
2926 5756 2965 5787 ⁸¹
2993 5752 3163 5809 Exod.
3184 5766 3362 5815 xxxrv,
3392 5748 3444 5802 9.
