4032 6222
386 382 409 449 1
425 382 523 451 173

1516 392 1602 454 IN
1640 391 2087 455 LEVITICUM.
2113 419 2180 430 ο-
2220 367 2366 456 LIB'.
2415 395 2545 457 vu.

3525 387 3659 452 ll'il

382 513 510 554 cum
541 497 627 571 pia
678 499 1024 570 subjectione
1074 502 1286 574 incipit,
1316 503 1517 574 qualis,
1561 505 1717 561 verbi
1769 503 1967 576 gratia,
1997 504 2045 561 Α
2071 512 2283 572 partem
2312 505 2508 575 pretii:
2554 503 2721 560 addet
2784 503 3054 573 quintam,
3096 514 3222 558 eum
3276 502 3556 559 intellectu
3607 503 3658 558 ei

384 602 504 649 erat
530 591 699 648 Paulo
722 593 1067 656 Timotheus.
1097 607 1155 651 et
1197 606 1490 668 propterea
1539 598 1608 654 de
1663 611 1730 653 eo
1757 597 1822 651 ad
1863 597 1972 652 Co-

397 685 638 741 rinthios
668 686 892 757 scripsit
930 686 1075 754 :Qui
1108 698 1185 744 est
1231 691 1374 760 filius
1425 707 1570 745 meus
1626 692 1685 745 in
1727 691 1970 753 Domino,

386 780 497 847 ipse
552 794 640 833 vos
687 782 1129 853 commonefaciat
1172 784 1288 837 vias
1345 800 1511 850 meas,
1571 799 1690 856 qua:
1749 792 1872 838 sunt
1915 786 1975 861 in

392 866 604 922 Christo
637 866 786 922 Jesu.
820 867 981 926 Hunc
1011 869 1104 939 qui
1131 870 1255 926 talis
1281 881 1388 937 est,
1427 888 1592 929 nemo
1636 874 1973 929 sauctilicet:

397 974 509 1015 non
541 959 670 1030 quia
698 959 954 1031 indignus
996 969 1083 1016 est
1134 962 1587 1028 sanctiﬁcatione,
1635 964 1729 1019 sed
1778 972 1839 1018 ut
1880 965 1979 1035 qui

390 1066 504 1108 non
544 1059 669 1124 eget
694 1053 1046 1118 sanctiﬁeari.
1078 1062 1163 1110 est
1189 1070 1320 1127 ergo
1342 1056 1469 1111 olim
1500 1066 1744 1113 sanctus.
1771 1058 1974 1114 Didici-

392 1143 461 1197 sti
492 1144 666 1209 enim,
718 1145 997 1215 quomodo
1055 1156 1114 1202 et
1157 1148 1418 1218 superius
1461 1148 1803 1215 dicebamus,
1850 1150 1976 1220 quia

392 1232 542 1288 aliud
567 1243 651 1289 est
691 1244 943 1290 sanetum
989 1251 1114 1292 esse
1160 1239 1367 1308 aliquid
1402 1238 1557 1304 Deo,
1594 1239 1741 1295 aliud
1793 1249 1975 1296 autem

394 1316 612 1380 initium
643 1328 1097 1384 sanctiﬁcationis
1121 1345 1361 1386 sumere.
1398 1331 1538 1387 Illud
1583 1332 1729 1387 enim
1782 1332 1980 1389 melius

395 1432 462 1472 ac
514 1418 770 1487 superius
815 1429 917 1483 est.
959 1429 1151 1491 utpote
1188 1423 1332 1492 quod
1353 1423 1484 1479 olim
1541 1424 1845 1494 perfectum
1896 1434 1982 1480 est

398 1510 628 1565 meliore
656 1511 854 1567 rationi
893 1527 1004 1567 non
1029 1523 1173 1586 eget.
1202 1513 1342 1581 Quia
1372 1530 1505 1588 ergo
1526 1515 1689 1585 illius,
1717 1517 1812 1587 qui
1860 1526 1980 1572 tan-

397 1615 513 1661 tum
549 1607 787 1663 honorat
817 1617 1030 1679 patrem
1070 1619 1133 1666 et
1159 1619 1416 1676 matrem,
1444 1620 1507 1665 ut
1559 1611 1682 1666 aliis
1714 1611 1809 1666 tiat
1856 1612 1982 1667 talis

397 1697 623 1752 honoris
651 1699 1003 1769 exemplum;
1060 1700 1341 1757 honorans
1382 1712 1569 1757 autem
1602 1712 1828 1774 propter
1863 1703 1973 1774 pie-

400 1799 587 1854 tatem,
614 1790 668 1845 id
693 1800 777 1847 est
808 1802 1037 1862 propter
1069 1795 1440 1851 obedientiam
1486 1797 1638 1869 legis,
1668 1805 1726 1853 et
1773 1797 1973 1862 sciens,

397 1881 525 1951 quia
549 1880 660 1936 Deo
684 1881 849 1939 oﬂert
878 1884 1027 1940 hunc
1062 1883 1353 1955 honorem,
1387 1889 1480 1959 qui
1508 1890 1763 1945 honorari
1794 1897 1979 1961 patres

400 1973 678 2045 praecipit,
714 1976 953 2046 primum
985 1978 1306 2034 mandatum
1336 1981 1483 2050 quod
1529 1990 1614 2037 est
1665 1982 1719 2037 in
1748 1982 1979 2053 promis-

401 2064 579 2129 sione,
598 2066 900 2121 secundum
923 2068 1070 2137 quod
1098 2068 1295 2124 Paulus
1321 2070 1478 2137 dixit,
1507 2072 1761 2142 implevit.
1779 2073 1982 2128 Servus

399 2164 606 2221 autem,
639 2158 735 2227 qui
765 2158 994 2215 domino
1021 2176 1163 2231 pure
1184 2162 1460 2229 subditur,
1482 2172 1706 2233 propter
1751 2165 1977 2219 manda~

401 2256 517 2300 tum
544 2248 692 2316 quod
749 2248 1110 2318 dixit:Serui,
1169 2253 1370 2307 obedite
1402 2255 1629 2309 doniinis
1679 2257 1982 2311 carnalibus

402 2355 522 2392 cum
545 2339 733 2393 timore
766 2349 815 2395 et
845 2349 1092 2407 tremore,
1144 2343 1201 2397 in
1229 2343 1573 2414 simplicitate
1599 2347 1789 2413 cordis,
1846 2348 1982 2402 sicut

404 2429 651 2495 Domino,
683 2447 784 2485 non
808 2433 880 2486 ad
906 2433 1117 2488 oculum
1158 2436 1460 2501 servientes,
1511 2437 1646 2490 sicut
1691 2438 1981 2492 hominibus

404 2520 689 2589 placentes,
730 2523 822 2577 sed
844 2524 979 2577 sicut
1004 2524 1149 2579 serui
1177 2524 1274 2581 Dei
1307 2525 1656 2582 obedientiam
1688 2528 1794 2583 De'o
1810 2540 1985 2584 osten-

404 2613 615 2668 dunt".
649 2612 765 2670 Hoc
790 2625 971 2671 autem
1009 2615 1152 2673 idem
1174 2627 1230 2673 et
1258 2618 1583 2690 discipulus.
1621 2619 1675 2674 Si
1724 2623 1984 2692 magistro

404 2705 472 2760 ad
500 2705 764 2761 honorem
798 2705 913 2774 Dei,
950 2709 1042 2779 qui
1065 2724 1162 2779 per
1188 2710 1414 2766 Paulum
1454 2721 1739 2768 sanctum:
1771 2713 1986 2769 Obedite

405 2801 702 2868 prtrpositis
735 2803 940 2864 uestris,
972 2812 1021 2856 et
1043 2803 1309 2872 subjacete
1352 2806 1443 2869 eis,
1469 2805 1570 2873 ipsi
1622 2807 1761 2860 enim
1810 2809 1985 2878 pervi-

406 2888 576 2959 gilant
628 2904 726 2957 pro
788 2891 1069 2945 animabus
1131 2894 1340 2959 uestris,
1384 2894 1624 2959 obedite,
1663 2904 1714 2949 et
1765 2896 1985 2967 subjecti

405 2990 564 3036 estote
578 2982 647 3048 ⁸³,
671 2983 739 3036 ad
767 2981 940 3037 Deum
967 2984 1173 3040 referre
1212 3000 1301 3050 ea,
1337 3001 1461 3055 qua:
1488 2997 1619 3042 sunt
1655 2987 1821 3056 huius
1849 2989 1986 3043 obe-

406 3073 631 3130 dientiae
690 3083 747 3129 et
806 3076 1194 3146 subjectionis,
1263 3079 1550 3134 evidenter
1611 3082 1985 3152 unusquisque

2075 596 2386 651 doctrinam
2411 596 2672 660 oll'erens,
2697 596 2751 650 in
2787 597 3057 667 sapientia
3084 610 3210 651 eum
3236 596 3570 666 gubernans,
3605 604 3656 651 et

2076 701 2190 742 non
2220 685 2549 755 insipienter
2598 702 2816 756 regens.
2870 685 3141 742 lnsensati
3177 688 3322 740 enim
3377 685 3574 756 patris,
3604 697 3659 741 et

2081 777 2315 842 domini,
2363 787 2421 832 et
2462 778 2716 847 magistri
2771 785 2877 843 est,
2933 776 3269 841 ohedientia,
3319 792 3441 847 qua:
3494 777 3562 832 ad
3602 792 3661 831 se

2078 872 2339 942 pertinet.
2365 871 2563 926 docere
2587 871 2778 935 lilium,
2807 871 2895 926 vel
2915 870 3271 941 discipulum,
3300 870 3387 925 vel
3416 884 3660 931 servum,

2077 972 2269 1019 etnon
2308 963 2604 1034 disponere
2632 964 2754 1033 ejus
2809 963 2998 1027 vitam,
3044 972 3108 1018 ut
3166 962 3467 1018 secundum
3530 960 3662 1033 legis

2079 1056 2364 1111 scientiam
2413 1064 2691 1127 operetur,
2740 1056 3168 1126 permittereque
3214 1071 3339 1112 eum
3380 1055 3658 1110 indoctum

2078 1148 2284 1205 essein
2337 1149 2458 1221 lege
2485 1157 2540 1203 et
2566 1148 2901 1218 imperitum.
2964 1148 3139 1203 Addat
3177 1147 3344 1218 igitur
3390 1154 3444 1201 et
3473 1146 3660 1217 subje-

2080 1241 2246 1296 ctioni
2281 1240 2629 1296 etdoetrina:
2675 1240 3032 1303 intellectum,
3075 1239 3193 1308 ipse
3230 1239 3376 1293 enim
3408 1239 3556 1293 solus
3603 1237 3659 1292 in

2081 1332 2338 1403 praesenti
2395 1332 2578 1386 minus
2624 1339 2732 1391 est,
2789 1340 3013 1401 propter
3073 1329 3217 1399 quod
3267 1329 3447 1383 dixit:
3495 1329 3661 1384 Addet

2081 1427 2323 1497 quintam
2342 1435 2548 1495 partem
2564 1426 2741 1494 pretii.

2100 1562 2103 1567 .
2152 1517 2292 1585 Quia
2323 1517 2559 1587 pretium
2605 1517 2771 1571 habet
2815 1515 3150 1577 obedientia,
3201 1515 3348 1569 unde
3392 1528 3501 1568 non
3552 1514 3661 1568 ait:

2085 1611 2391 1666 {Estimabt't
2443 1627 2563 1665 eum
2618 1610 2881 1673 sacerdos,
2939 1610 3083 1666 sicut
3131 1625 3294 1679 supra
3345 1609 3503 1674 dixit,
3565 1609 3665 1663 sed

2085 1704 2232 1758 sicut
2258 1703 2388 1758 olim
2410 1703 2653 1774 pretium
2689 1703 3008 1767 habentem,
3041 1711 3097 1757 et
3132 1703 3224 1771 qui
3286 1701 3659 1756 deﬁnitionem

2012 1827 2057 1887 Β
2085 1796 2370 1861 doctrinae,
2398 1796 2898 1867 subjectionemque
2927 1795 3153 1849 sortitus
3184 1802 3285 1848 est.
3315 1793 3478 1861 jussit
3497 1809 3665 1862 super

2084 1905 2210 1944 eum
2262 1889 2387 1943 addi
2440 1890 2685 1958 quintam
2729 1897 2962 1957 partem,
2994 1898 3055 1941 ut
3103 1887 3229 1957 quia
3270 1886 3658 1951 obedientiam,

2080 1992 2244 2049 quam
2278 1977 2435 2032 valde
2460 1978 2545 2032 lex
2568 1976 2835 2048 praecipit,
2863 1975 3127 2046 possidet,
3164 1978 3464 2030 secundum
3497 1974 3657 2028 LXX.

2085 2071 2255 2126 Filius
2289 2071 2505 2142 sapiens
2534 2071 2789 2126 subditus
2817 2077 2903 2125 est
2941 2069 3105 2139 patri,
3131 2068 3378 2138 quintam
3406 2065 3663 2137 adjicitet

2085 2164 2545 2235 quemadmodum
2573 2163 2830 2229 diximus,
2869 2161 3195 2219 obedientize
3248 2160 3400 2215 addit
3439 2175 3659 2214 sensum

2083 2272 2147 2311 ex
2168 2272 2278 2326 quo
2303 2256 2623 2312 obediturus
2651 2266 2758 2321 est,
2793 2263 2848 2310 et
2878 2263 3023 2310 recte
3046 2254 3380 2325 redemptus,
3413 2252 3663 2307 invenie-

2086 2357 2174 2404 tur
2199 2350 2459 2403 mundus.
2495 2347 2670 2413 Ture,
2714 2347 3017 2401 secundum
3056 2345 3217 2411 LXX,
3248 2345 3352 2400 erit
3388 2345 3525 2415 ejus.
3568 2344 3659 2412 qui

2086 2441 2333 2511 possidet
2357 2455 2601 2505 servum,
2630 2448 2732 2494 aut
2753 2439 2946 2503 lilium,
2977 2447 3073 2493 aut
3100 2438 3446 2508 discipulum,
3492 2438 3666 2491 hahe-

2085 2533 2166 2588 bit
2193 2532 2338 2587 enim
2364 2532 2417 2586 in
2444 2548 2510 2587 eo
2536 2532 2764 2604 gloriam
2788 2532 2929 2586 sicut
2958 2530 3158 2585 Paulus
3188 2530 3354 2586 dixit:
3381 2528 3521 2595 Quia
3545 2527 3663 2601 glo-

2088 2627 2169 2679 ria
2206 2634 2382 2679 nostra
2433 2641 2521 2678 vos
2549 2626 2671 2678 estis
2718 2625 2773 2677 in
2814 2624 3022 2678 Christo
3073 2622 3285 2677 Iesu“.
3315 2622 3384 2675 Et
3440 2635 3663 2674 rursus:

2087 2715 2304 2770 Gaudeo
2324 2714 2485 2784 igitur
2507 2713 2563 2767 in
2579 2713 2740 2766 vobis.
2781 2713 2846 2767 Et
2897 2727 3116 2765 rursus:
3153 2710 3308 2765 Nunc
3365 2710 3505 2763 enim
3534 2709 3666 2762 viui—

2090 2824 2225 2873 ums,
2260 2809 2305 2861 si
2328 2824 2417 2861 uos
2442 2806 2596 2860 statis
2617 2805 2674 2858 in
2710 2804 3014 2860 Domino".
3043 2801 3103 2858 Si
3146 2812 3330 2857 autem
3365 2816 3477 2855 non
3506 2801 3665 2854 rede—

2089 2898 2275 2963 merit,
2343 2898 2437 2968 qui
2498 2898 2690 2963 lilium,
2724 2905 2819 2952 aut
2883 2912 3126 2961 servum,
3176 2905 3271 2950 aut
3335 2893 3664 2964 discipulum

2088 2989 2371 3060 possidet:
2428 2988 2600 3059 ipsius
2633 2988 2780 3043 enim
2811 3002 2936 3042 eum
3000 2987 3269 3042 redimere
3321 2992 3407 3040 est
3461 2991 3518 3039 et
3566 2996 3666 3053 per

2090 3085 2414 3155 prudentem
2435 3083 2865 3138 admonitionem
2893 3092 3174 3137 sensatum
3205 3079 3440 3142 edicere,
3466 3092 3664 3134 secun-

406 3166 603 3221 horum
635 3167 854 3234 dicitur,
881 3167 998 3224 sive
1026 3184 1126 3238 per
1179 3170 1376 3224 bonam
1415 3172 1817 3243 simplicitatem
1867 3175 1983 3244 pla-
2012 3167 2057 3226 C
2089 3178 2218 3233 dum
2263 3177 2508 3240 modum,
2550 3175 2643 3246 qui
2691 3175 2872 3231 dictus
2910 3184 3013 3242 est,
3067 3174 3339 3230 alienatur
3377 3173 3447 3227 ab
3496 3171 3665 3241 hujus

406 3275 539 3314 cens
567 3270 652 3316 est
676 3259 808 3326 Deo,
840 3261 956 3316 sive
993 3254 1096 3331 per
1110 3262 1411 3318 studiosam
1435 3264 1817 3320 mandatorum
1851 3281 1983 3336 ope-

406 3353 696 3420 rationem,
728 3362 786 3409 et
808 3354 900 3424 qui
932 3354 1130 3409 debeat
1161 3354 1261 3410 bos
1288 3363 1513 3426 propter
1539 3357 1664 3423 hoc,
1695 3368 1792 3413 aut
1844 3360 1984 3425 ovis,

408 3445 706 3511 nominari,
735 3445 942 3501 domini
968 3454 1201 3516 uterque
1228 3454 1333 3501 est.
1370 3445 1582 3503 Audisti
1605 3449 1752 3503 enim
1790 3465 1985 3519 quem-

409 3539 700 3594 admodum
758 3538 825 3592 ad
894 3537 1178 3592 dominum
1244 3538 1487 3609 pertinet
1548 3541 1987 3611 uniuscujusque

407 3631 743 3693 obedientia,
795 3640 852 3685 et
879 3630 1169 3701 subjectio,
1198 3632 1419 3701 quando
1460 3633 1691 3702 subjecti
1743 3634 1989 3702 patribus

413 3726 498 3780 vel
528 3725 763 3781 dominis
820 3724 1226 3796 velmagistris.
1283 3724 1448 3779 etiam
1510 3724 1987 3779 conversationem

410 3814 615 3869 habent
636 3814 856 3877 bonam,
899 3829 1127 3883 quaeeos
1155 3814 1297 3868 inter
1326 3814 1529 3868 munda
1560 3813 1814 3868 animalia
1864 3813 1991 3868 facit

409 3915 530 3955 esse
559 3938 573 3961 .
624 3909 679 3954 et
718 3915 826 3953 non
879 3900 949 3955 de
994 3900 1318 3964 immundis,
1362 3901 1431 3957 de
1484 3902 1685 3972 quibus
1737 3902 1986 3958 subdidit

411 3992 716 4061 sequentia.
1780 3991 1785 3997 ’

482 4081 643 4141 Vens.
665 4086 758 4139 27.
805 4105 824 4137 ι
861 4085 1017 4153 Quod
1046 4086 1092 4142 si
1117 4086 1460 4142 immundum
1483 4095 1569 4141 est
1592 4087 1813 4148 animal.
1847 4087 1991 4141 redi-

412 4188 524 4232 met
542 4178 633 4248 qui
660 4180 919 4234 obtulerit
938 4180 1095 4250 juxta
1120 4180 1537 4234 :estimationem
1561 4196 1738 4243 suam,
1764 4181 1994 4235 etaddet

412 4270 659 4339 quintam
692 4280 902 4340 partem
934 4271 1118 4342 pretii.
1146 4269 1203 4326 Si
1234 4271 1505 4327 redimere
1561 4272 1824 4336 noluerit,
1855 4287 1992 4327 ven-

413 4363 576 4416 detur
602 4362 780 4416 alteri.
825 4381 843 4413 ι

484 4454 621 4519 Quia
656 4454 973 4510 immundus
999 4456 1179 4511 omnis
1208 4466 1460 4527 peccator
1492 4468 1596 4525 est,
1639 4457 1991 4514 manifestum

415 4554 531 4602 est:
554 4547 872 4603 immundus
889 4549 1032 4603 enim
1051 4558 1158 4613 est,
1183 4549 1359 4620 inquit
1381 4550 1660 4618 Salomon,
1686 4560 1815 4606 ante
1852 4569 1989 4608 con-

418 4647 669 4711 spectum
695 4641 934 4704 Domini,
966 4641 1147 4696 omnis
1181 4641 1425 4713 iniquus.
1459 4642 1684 4713 Iniquus
1709 4643 1855 4698 enim
1885 4654 1990 4708 est,

417 4734 546 4802 quia
567 4745 677 4788 tam
700 4734 978 4800 meditari,
1001 4751 1164 4804 quam
1190 4736 1509 4791 discernere
1532 4737 1704 4807 legem
1724 4753 1872 4798 eum,
1901 4739 1993 4807 qui

418 4823 677 4889 ruminat,
696 4832 752 4880 et
778 4827 1034 4897 ungulam
1067 4825 1244 4893 ﬁndit,
1262 4826 1729 4899 legislatorjussit,
1754 4828 1992 4898 quicun-

418 4933 523 4987 que
577 4933 745 4972 unum
770 4918 838 4974 ex
877 4918 964 4973 his
1012 4918 1196 4974 minus
1250 4919 1435 4975 habet.
1497 4919 1822 4990 Quicunque
1861 4935 1992 4990 ergo

419 5007 681 5064 obedieus
708 5019 812 5075 est,
868 5020 925 5065 et
950 5011 1309 5066 vehementer
1363 5011 1614 5079 subditus
1670 5011 1832 5082 patri.
1898 5019 1995 5065 aut

424 5097 672 5161 domino,
726 5108 822 5154 aut
879 5099 1161 5171 magistro,
1207 5116 1317 5155 non
1351 5109 1532 5155 tamen
1581 5101 1789 5171 legem,
1853 5101 1997 5155 sicut

416 5196 655 5257 oportet,
676 5188 926 5243 meditari
950 5199 1043 5244 aut
1058 5188 1394 5262 distinguere
1410 5192 1579 5255 novit,
1601 5190 1997 5262 primogenitus

418 5278 641 5347 quidem
674 5279 727 5332 in
762 5281 1053 5349 pecoribus
1079 5290 1184 5347 est,
1218 5283 1361 5338 sicut
1389 5283 1713 5338 obedientia:
1739 5283 1870 5338 dux.
1901 5283 2000 5337 Est

420 5381 603 5425 autem
641 5372 977 5438 immundus,
1018 5373 1147 5445 quia
1176 5391 1284 5429 non
1313 5376 1476 5431 habet
1498 5375 1602 5430 hoc
1626 5377 1769 5447 quod
1791 5376 1996 5431 habere

368 5454 383 5477 ‘
421 5464 685 5520 mundum
726 5464 1002 5538 legislator
1043 5467 1227 5538 jussit.
1263 5468 1320 5523 Si
1349 5484 1480 5538 ergo
1523 5483 1648 5523 eum
1684 5478 1864 5539 pater,
1901 5477 1997 5524 aut

422 5556 698 5623 dominus,
754 5568 848 5613 aut
892 5542 1149 5629 magister
1184 5563 1300 5616 vult
1348 5563 1639 5627 redimere,
1692 5564 1995 5618 secundum

422 5647 842 5702 aestimationem
894 5648 1013 5719 ejus
1066 5651 1383 5715 redimetur,
1428 5660 1482 5706 et
1533 5651 1697 5706 addet
1752 5653 1995 5722 quintam

532 5832 627 5888 “1
659 5835 784 5891 (lor.
816 5850 889 5898 tv,
929 5833 1012 5889 l7.
1126 5835 1171 5865 ⁸³
1202 5831 1335 5889 lleb.
1370 5851 1486 5902 xm,
1522 5835 1605 5889 l7.

1717 5834 1760 5867 “
1792 5835 1833 5890 ll
1862 5834 1986 5891 Cor.
2021 5850 2059 5900 ι,
2097 5834 2179 5890 Ιῖ.

2088 3269 2457 3341 possessione,
2510 3269 2711 3324 vendet
2759 3267 2927 3334 enim,
2993 3266 3092 3332 ait,
3152 3265 3331 3329 alteri,
3387 3263 3474 3319 vel
3524 3263 3667 3317 sicut

2090 3360 2230 3415 LXX
2258 3360 2302 3416 si
2332 3376 2443 3415 non
2479 3360 2814 3424 liberaverit,
2865 3358 3050 3414 veniet
3084 3356 3382 3412 secundum
3426 3354 3664 3424 pretium

2087 3451 2228 3521 ejus,
2264 3451 2337 3505 ita
2366 3456 2425 3503 ut
2453 3449 2600 3504 illius
2639 3450 2859 3520 quidem
2906 3448 2979 3503 sit
3008 3448 3251 3518 pretium
3274 3446 3418 3517 apud
3472 3445 3663 3523 Deum,

2087 3541 2313 3598 obedire
2341 3540 2595 3604 domino,
2624 3548 2679 3593 et
2706 3539 2869 3609 patri,
2903 3547 2960 3594 et
3004 3538 3286 3608 magistre.
3325 3534 3428 3601 Qui
3485 3542 3665 3588 autem

2089 3648 2238 3698 eum,
2272 3648 2395 3686 cum
2424 3632 2654 3686 deberet
2711 3641 2766 3685 et
2802 3630 3069 3700 potuisset
3093 3626 3393 3690 exhortari,
3439 3640 3550 3679 non
3584 3632 3671 3677 est

2090 3727 2436 3785 exhortatus,
2473 3724 2736 3778 damnum
2765 3723 2970 3791 patitur
2999 3722 3119 3790 ejus
3168 3717 3554 3789 possessionis,
3615 3723 3669 3770 et

2092 3831 2200 3869 non
2240 3822 2422 3884 potest
2469 3812 2686 3867 dicere:
2716 3809 2856 3865 Ecce
2897 3825 2997 3879 ego
3025 3819 3081 3862 et
3119 3806 3297 3876 pueri,
3338 3818 3477 3873 quos
3534 3801 3667 3856 mth

2090 3907 2241 3962 dedit
2267 3904 2433 3960 Deus.

2168 3997 2328 4055 Vens.
2357 3997 2449 4065 28,
2480 3997 2570 4052 29.
2606 4016 2624 4048 ι
2653 3995 2826 4051 Omne
2857 3993 3001 4064 quod
3037 3991 3266 4046 Domino
3292 3997 3665 4050 consecratur,

2094 4093 2210 4148 sive
2240 4092 2405 4147 homo
2444 4089 2568 4152 erit,
2599 4090 2714 4143 sive
2754 4085 2980 4147 animal,
3018 4084 3133 4138 sive
3165 4097 3316 4153 ager,
3344 4097 3452 4135 non
3489 4079 3670 4134 venie-

2097 4196 2202 4246 tur.
2267 4199 2371 4238 nec
2411 4182 2607 4239 redimi
2675 4179 2899 4251 poterit.
2955 4175 3233 4246 Quidquid
3283 4174 3452 4228 semel
3507 4171 3674 4227 fuerit
3741 4196 3747 4203 ~

2095 4284 2501 4336 consecratum,
2535 4282 2785 4328 sanctum
2813 4278 3127 4326 sanctorum
3164 4266 3269 4321 erit
3316 4264 3579 4319 Domino:
3617 4272 3675 4317 et

2095 4364 2276 4419 onmis
2304 4362 2648 4417 consecratio
2700 4376 2821 4429 qua:
2852 4358 3083 4413 oli'ertur
3132 4356 3202 4411 ab
3252 4354 3499 4417 homine,
3560 4367 3669 4405 non

2100 4459 2418 4518 redimetur,
2459 4454 2553 4509 sed
2591 4461 2768 4508 morte
2806 4451 3089 4505 morietur.
3123 4468 3141 4499 ι

2168 4549 2300 4617 Quae
2330 4545 2641 4602 dill‘erentia
2685 4543 2755 4598 sit
2787 4541 3274 4603 anathematizare,
3326 4547 3383 4593 et
3429 4536 3674 4592 sanctiﬁ-

2100 4658 2228 4699 eare
2257 4640 2559 4697 secundum
2584 4637 2845 4699 litteram,
2880 4648 2977 4704 per
3006 4648 3069 4687 ea
3095 4646 3215 4702 quae
3260 4631 3518 4701 superius
3560 4629 3676 4684 dis-

2098 4750 2259 4791 cussa
2326 4740 2476 4797 sunt,
2507 4727 2880 4785 ostendimus:
2912 4724 3001 4779 ubi
3060 4727 3163 4778 hoc
3184 4727 3329 4795 quod
3356 4723 3676 4777 anathema—

2101 4827 2323 4882 tizatum
2351 4832 2456 4889 est,
2494 4821 2645 4875 nullo
2666 4818 2898 4875 modoin
2925 4832 3082 4872 usum
3103 4814 3674 4880 bumanum,nullius,

2099 4933 2202 4972 nec
2234 4910 2536 4970 sacerdotis
2571 4908 2655 4963 fas
2679 4923 2803 4963 esse
2832 4906 3034 4963 reverti
3082 4906 3342 4970 diximus,
3374 4895 3676 4958 secundum

2102 5006 2575 5066 Amalecbitarum,
2620 5001 2926 5064 historiam,
2954 5015 3115 5071 quam
3180 4999 3234 5052 in
3304 4995 3676 5053 testimonium

2102 5101 2180 5155 rei
2210 5095 2568 5169 protulimus:
2603 5093 2659 5147 in
2683 5099 2895 5146 tantum
2923 5091 3070 5147 enim
3093 5104 3204 5145 non
3232 5088 3431 5141 licebat
3457 5094 3678 5155 tangere

2100 5188 2246 5261 quod
2273 5181 2859 5247 anathematizahatur,
2899 5189 2961 5234 ut
3001 5179 3221 5250 quando
3266 5175 3490 5231 Jeriebo
3543 5188 3679 5229 ana-

2108 5280 2627 5339 thematizaverunt,
2682 5274 2808 5344 quia
2864 5272 3082 5343 quidam
3122 5285 3190 5325 ex
3235 5268 3460 5339 populo,
3510 5267 3563 5322 id
3594 5274 3681 5321 est

2105 5375 2297 5429 Achab
2336 5369 2478 5424 illius
2524 5363 2771 5428 Charini,
2819 5362 2888 5418 de
2920 5361 3275 5416 anathemate
3308 5358 3521 5415 furatus
3571 5363 3679 5423 est,

2105 5463 2262 5520 multi
2289 5461 2358 5518 de
2394 5457 2564 5515 eisin
2620 5455 2764 5510 bello
2793 5451 3116 5515 ceciderint,
3178 5451 3458 5520 iratusque
3511 5450 3680 5516 Deus,

2106 5557 2221 5611 huic
2245 5552 2414 5609 dixit:
2458 5548 2583 5603 Non
2611 5562 2699 5601 ero
2734 5544 2878 5598 ultra
2914 5543 3175 5597 vobiscum
3213 5544 3375 5597 donec
3399 5542 3683 5596 conteratis

2107 5664 2244 5712 eum,
2274 5644 2362 5709 qui
2399 5640 2556 5710 hujus
2594 5636 2802 5692 sceleris
2824 5650 2942 5688 reus
2977 5634 3130 5689 est“.
3171 5633 3245 5687 Ex
3273 5641 3506 5705 utraque
3553 5648 3683 5705 ergo

2290 5835 2337 5866 "
2368 5835 2388 5889 l
2426 5834 2617 5889 Thess.
2652 5849 2734 5890 ιιι.
2773 5832 2825 5887 8.
2915 5831 2960 5863 ιθ
2985 5828 3151 5884 Josue
3181 5840 3276 5885 vn.
3320 5821 3410 5880 5‘2.
