4032 6222
398 355 534 422 1175

1585 350 1950 430 HE'svcntt
1986 371 2460 434 PRESBYTEBI

3518 378 3654 442 1176

391 477 646 540 historia,
679 477 954 546 quomodo
984 479 1163 534 omnis
1201 497 1333 536 usus
1373 490 1428 536 et
1469 486 1748 553 possessio
1776 487 1967 555 prohi-
1997 495 2041 550 Α
2142 489 2207 543 Et
2237 493 2407 545 omnis
2441 494 2762 547 consecratio
2796 509 2914 562 qua:
2957 494 3173 563 offertur
3197 495 3260 547 ab
3282 495 3510 556 homine.
3551 513 3653 548 non

391 571 551 624 betur
575 570 965 633 anathematis,
997 571 1432 630 demonstratum
1485 586 1589 631 est.
1635 577 1754 630 Non
1791 579 1968 633 solum

388 673 572 716 autem
607 660 734 722 hoc,
767 661 863 716 sed
893 662 1022 730 quia
1051 679 1395 734 quaecunque
1430 667 1556 736 jure
1595 668 1790 724 bellico
1814 671 1970 725 valde

391 753 664 818 inimicis,
724 770 849 814 rum
902 757 1105 824 quibus
1150 772 1259 812 non
1319 759 1608 826 oportebat
1672 761 1967 817 amicitiam

384 846 836 915 jungere,.spolia
871 850 1165 906 sumebant
1203 859 1326 919 post
1360 851 1662 919 victoriam,
1688 862 1744 908 et
1776 854 1970 924 depre-

387 937 656 993 cationem
686 939 803 994 haec
825 939 1098 1001 faciebant
1127 942 1421 998 anathema
1469 952 1524 996 et
1553 959 1661 999 non
1699 959 1729 998 a
1768 954 1971 1000 semet-

389 1028 558 1098 ipsis,
619 1031 715 1086 sed
776 1031 889 1088 Deo
945 1033 1326 1103 praecipiente.
1387 1034 1742 1106 Qnazcunque
1819 1040 1968 1094 enim

394 1121 676 1192 prophetae
727 1124 1079 1194 praecipiunt,
1137 1125 1493 1181 manifestum
1529 1137 1636 1192 est,
1685 1129 1813 1198 quia
1871 1129 1968 1184 Dei

389 1226 664 1286 praecepta
691 1227 838 1272 sunt.
873 1219 1017 1288 Ergo
1047 1227 1104 1274 et
1134 1234 1235 1273 nos
1265 1221 1651 1290 quodcunque,
1715 1221 1972 1286 intelligi-

390 1307 592 1362 bilibus
613 1309 874 1374 inimicis,
911 1310 965 1364 id
997 1319 1082 1364 est
1106 1310 1471 1376 daemonibus,
1502 1323 1967 1382 pugnantes,cum

389 1399 594 1467 quibus
643 1416 753 1455 non
790 1402 917 1456 licet
975 1403 1246 1458 amicitias
1286 1404 1538 1476 jungere,
1585 1415 1774 1461 contra
1831 1424 1970 1477 quos

392 1497 686 1557 perpetuas
728 1488 1066 1554 inimicitias,
1096 1500 1153 1545 et
1175 1492 1652 1549 incommutabilcs
1679 1495 1966 1562 habemus,

393 1590 617 1650 propter
667 1598 804 1651 quos
857 1584 1122 1639 Dominus
1174 1584 1411 1640 dicebat.
1455 1588 1573 1641 Non
1620 1589 1736 1642 veni
1787 1605 1970 1658 pacem

392 1675 600 1727 mittere
650 1675 706 1727 in
737 1683 958 1738 terram,
1016 1685 1106 1730 sed
1153 1677 1485 1749 gladium":
1551 1689 1773 1749 propter
1825 1683 1969 1750 quod

390 1769 592 1824 dividet
621 1769 900 1824 hominem
939 1771 1205 1826 adversus
1237 1782 1469 1842 patrem,
1499 1781 1556 1827 et
1588 1774 1753 1829 filiam
1778 1773 1970 1829 adver-

392 1877 486 1915 sus
515 1870 769 1926 matrem,
808 1873 866 1916 et
895 1862 1112 1917 scindet
1142 1864 1578 1932 oompassionem
1631 1865 1868 1933 generis,
1917 1873 1974 1919 et

389 1954 645 2012 deorsum
665 1955 1038 2024 relinquentes
1063 1956 1247 2012 carnis
1276 1957 1740 2026 compassionem,
1758 1955 1973 2012 facilius

391 2048 749 2117 incorporeos
789 2048 1126 2116 perimamus
1177 2049 1465 2106 inimicos:
1495 2049 1612 2104 sive
1669 2050 1970 2113 hominem,

390 2141 506 2195 sive
541 2155 735 2210 pecus.
777 2140 896 2194 sive
927 2156 1120 2210 agrum
1157 2157 1257 2210 pro
1283 2142 1481 2210 spolio,
1537 2157 1604 2195 ex
1639 2142 1781 2197 bello
1826 2143 1972 2212 quod

389 2243 581 2286 contra
615 2246 711 2294 eos
745 2231 1040 2294 habemus,
1090 2241 1254 2300 atque
1287 2231 1576 2286 victoriam
1627 2232 1974 2301 conquisive-

392 2327 581 2389 rimus,
617 2341 946 2382 consecrare
973 2325 1198 2395 quidem
1230 2324 1342 2380 Deo
1376 2325 1493 2379 haec
1527 2325 1816 2380 debemus.
1883 2323 1975 2380 Sic

391 2426 570 2472 autem
602 2433 950 2477 consecrare,
986 2427 1045 2472 ut
1068 2417 1207 2471 nihil
1233 2419 1286 2471 in
1323 2417 1404 2472 eis
1437 2417 1734 2474 habeamus
1774 2427 1974 2471 nostra:

391 2509 706 2574 voluntatis,
743 2510 839 2564 sed
892 2511 1008 2564 sive
1039 2526 1150 2564 suae
1196 2509 1486 2578 potestatis
1535 2509 1808 2578 quispiam
1866 2518 1973 2572 est,

392 2597 498 2653 hoc
529 2597 676 2652 enim
705 2607 792 2651 est
817 2612 946 2650 vere
980 2599 1165 2662 homo,
1197 2597 1433 2652 dicimus
1468 2607 1650 2651 autem
1701 2612 1849 2660 cum,
1881 2597 1975 2666 qui

392 2689 705 2743 nullatenus
738 2688 898 2744 nobis
937 2687 1221 2755 subjectus
1255 2697 1359 2750 est,
1412 2687 1507 2741 sed
1537 2686 1768 2755 aequalis
1815 2687 1976 2741 nobis

392 2785 476 2832 est
509 2775 810 2832 secundum
842 2775 1340 2839 conversationem,
1367 2776 1483 2830 sive
1514 2791 1638 2830 eum
1669 2777 1760 2845 qui
1816 2778 1976 2832 nobis

393 2869 679 2939 subjectus
745 2879 866 2934 est,
923 2879 979 2923 et
1039 2877 1333 2939 propterea
1401 2884 1571 2938 pecus
1626 2870 1971 2935 nominatur,

390 2960 766 3032 intelligibiles
797 2962 985 3018 hostes
1016 2962 1301 3016 vincentes
1345 2962 1825 3031 acquisiverimus,
1858 2962 1976 3017 sive

391 3057 460 3111 de
495 3071 625 3126 agro
653 3055 1040 3125 possessionis,
1102 3054 1153 3109 id
1185 3066 1290 3118 est,
1325 3070 1390 3108 ex
1431 3069 1537 3123 qua
1573 3053 1750 3108 sortiti
1786 3067 1975 3108 sumus

2074 578 2380 641 redimetur,
2418 581 2507 632 sed
2559 582 2826 636 morietur.
2861 581 2976 646 Qua
3018 582 3234 635 morte?
3288 582 3406 647 Qua
3457 581 3654 637 Paulus

2072 669 2318 724 dicebat:
2365 669 2489 724 Vivo
2507 681 2686 725 autem
2711 674 2828 741 jam
2855 689 2957 726 non
2993 689 3107 743 ego,
3150 674 3273 726 vivit
3297 673 3549 726 aeternio
3573 689 3655 726 me

2074 764 2402 818 Christus".
2440 765 2507 822 Et
2527 781 2749 818 rursus:
2771 765 2860 819 Sic
2881 775 2931 819 et
2970 783 3058 820 vos
3090 768 3356 822 restimate
3399 784 3489 819 vos
3513 782 3654 818 mor-

2073 863 2188 906 tuos
2217 855 2426 920 quidem
2459 865 2693 923 peccato,
2720 857 2949 910 viventes
2977 867 3154 910 autem
3188 857 3318 919 Deo,
3368 858 3422 910 in
3445 857 3654 912 Christo

2069 945 2273 999 Iesu“.
2333 945 2480 1002 Talis
2537 963 2688 1017 ergo,
2753 947 2896 1003 sicut
2944 949 3037 1018 qui
3094 965 3264 1019 usque
3318 951 3385 1005 ad
3436 951 3653 1005 culmen

2072 1035 2291 1090 virtutis
2315 1037 2549 1104 prolicit,
2577 1048 2634 1092 et
2660 1052 2950 1094 mensuras
2987 1040 3215 1112 contigit
3260 1041 3652 1110 perfectionis:

2071 1136 2320 1182 mortuus
2347 1129 2494 1182 enim
2534 1129 2736 1184 saeculo
2757 1139 2861 1195 est,
2893 1139 2951 1184 et
2981 1146 3009 1183 a
3043 1133 3408 1201 praesentibus
3438 1133 3656 1188 alienus

2072 1227 2130 1273 et
2160 1218 2290 1272 olim
2315 1235 2346 1272 a
2372 1220 2561 1274 mundi
2588 1219 2840 1291 migravit
2869 1222 3140 1291 sapientia
3167 1240 3180 1275 :
3225 1232 3374 1277 recte
3432 1234 3660 1278 sanctus

2072 1321 2388 1366 sanctorum
2419 1312 2651 1366 Domino
2695 1322 2808 1367 est:
2840 1315 2967 1382 quia
3021 1315 3283 1368 Sanctum
3339 1325 3657 1368 sanctorum

2072 1404 2317 1459 imitatus
2345 1413 2429 1458 est
2460 1405 2761 1459 secundum
2793 1405 3214 1475 possibilitatem
3245 1423 3424 1460 suam.

2145 1497 2306 1552 Vens.
2337 1499 2528 1554 50-53.
2559 1518 2577 1549 ε
2605 1497 2810 1553 Omnes
2831 1499 3060 1557 decima:
3083 1509 3264 1562 terrae,
3301 1500 3415 1554 sive
3437 1499 3505 1553 de
3536 1499 3659 1553 fru-

2071 1591 2250 1660 gibus,
2291 1591 2411 1646 sive
2434 1590 2502 1644 de
2545 1591 2725 1660 pomis
2759 1591 3039 1655 arborum,
3072 1590 3453 1655 Dominisuut,
3496 1600 3552 1644 et
3577 1591 3658 1644 illi

2072 1683 2504 1740 sanetiﬁcantur.
2556 1682 2612 1737 Si
2668 1683 2792 1752 quis
2855 1695 3038 1737 autem
3097 1683 3335 1738 voluerit
3385 1683 3661 1738 redimere

2073 1776 2316 1830 decimas
2331 1790 2480 1839 suas,
2496 1774 2916 1843 addetquintam
2939 1783 3149 1844 partem
3169 1789 3382 1830 earum.
3399 1771 3660 1827 Omnium

2079 1869 2436 1931 decimarum,
2480 1869 2650 1922 boves
2672 1875 2726 1921 ct
2759 1882 2892 1920 oves
2917 1882 3098 1934 caprae
3119 1880 3242 1934 quae
3276 1865 3379 1918 sub
3426 1864 3665 1932 pastoris

2077 1963 2226 2033 virga
2262 1970 2566 2025 transeunt,
2602 1960 2864 2029 quidquid
2911 1959 3184 2013 decimum
3244 1958 3478 2021 venerit,
3531 1973 3663 2010 san-

2077 2052 2408 2108 ctificabitur
2443 2052 2696 2106 Domino.
2727 2050 2847 2104 Non
2871 2050 3104 2119 eligetur
3156 2062 3260 2101 nec
3304 2047 3506 2101 bonum
3556 2059 3664 2098 nec

2077 2145 2303 2208 malum,
2336 2159 2439 2197 nec
2463 2144 2638 2198 altero
2661 2141 3106 2196 commutabitur.
3159 2139 3216 2192 Si
3254 2139 3381 2207 quis
3413 2144 3658 2189 mutave-

2077 2239 2169 2300 rit,
2194 2247 2251 2291 et
2278 2236 2420 2306 quod
2453 2244 2720 2289 mutatum
2757 2242 2862 2294 est,
2904 2241 2962 2285 et
2989 2247 3088 2300 pro
3110 2247 3219 2300 quo
3249 2237 3519 2283 mutatum
3552 2235 3660 2293 est,

2076 2329 2507 2387 sanetilicabitur
2531 2327 2781 2391 Domino,
2806 2337 2860 2380 et.
2891 2341 3002 2379 non
3041 2324 3368 2378 redimetur.
3413 2341 3431 2371 ο

2147 2424 2360 2490 Quteris
2392 2422 2640 2485 forsitan,
2667 2421 2827 2487 cujus
2858 2419 2937 2473 rei
2973 2419 3142 2487 gratia
3178 2416 3456 2468 fructuum
3499 2423 3662 2467 terra:

2077 2519 2272 2574 redimi
2299 2508 2572 2570 'decimam
2614 2513 2880 2583 praecipit.
2913 2512 3079 2564 boum
3141 2519 3319 2562 autem
3373 2521 3427 2562 et
3472 2508 3660 2558 ovium

2079 2623 2188 2662 non
2225 2603 2512 2674 prmeipit?
2543 2601 2686 2671 quod
2719 2600 2942 2654 Judaens
2960 2599 3144 2652 dicere
3167 2613 3274 2650 non
3304 2604 3500 2664 potest,
3531 2595 3659 2663 quia

2077 2697 2175 2752 soli
2206 2696 2373 2750 servit
2398 2694 2612 2757 litterae,
2634 2694 2686 2744 in
2709 2707 2813 2761 qua
2843 2689 3075 2742 maxime
3105 2689 3270 2741 multa
3301 2685 3660 2755 quamtionem

2079 2786 2399 2856 recipientia
2429 2783 2701 2854 legislator
2730 2778 3050 2848 interponit,
3072 2786 3131 2830 ut
3158 2773 3432 2845 angustati
3454 2778 3519 2824 ad
3546 2771 3660 2837 spi-

2077 2883 2240 2935 ritum
2270 2887 2514 2938 currant,
2549 2884 2604 2929 et
2628 2875 2806 2929 sciant
2844 2873 2973 2942 quia
3004 2871 3186 2924 littera
3217 2879 3347 2922 tunc
3375 2875 3459 2920 est
3496 2871 3656 2927 bona,

2079 2971 2298 3041 quando
2319 2969 2406 3023 illa
2431 2983 2527 3020 usa
2555 2965 2720 3020 fuerit
2743 2964 2893 3018 velut
2920 2962 3305 3016 instrumento.
3331 2965 3387 3009 et
3411 2954 3659 3011 ministra

2081 3064 2326 3134 spiritus.
2366 3060 2740 3114 Diﬂ’ercntiam
2782 3070 2912 3124 ergo
2963 3051 3354 3121 discipulorum
3385 3046 3522 3116 legis
3573 3044 3661 3098 hic

391 3149 887 3211 conversationem,
935 3149 991 3206 in
1037 3148 1228 3218 spoliis
1270 3158 1325 3204 et
1361 3146 1621 3216 trophznis
1672 3145 1973 3214 sumpseri-

2084 3155 2354 3224 proponit,
2388 3163 2439 3207 et
2466 3147 2925 3220 quemadmodum
2966 3146 3024 3198 in
3075 3139 3456 3213 primogenitis
3497 3153 3660 3191 uitiu-

395 3253 540 3303 mus,
571 3247 762 3292 contra
794 3238 1048 3296 inimicos
1070 3238 1439 3308 intelligibiles
1479 3246 1809 3308 pugnantes,
1876 3251 1980 3291 nec

395 3331 723 3386 venundare
790 3331 906 3385 haec
965 3346 1296 3399 possumus,
1364 3346 1470 3385 nec
1524 3330 1796 3386 redimere
1840 3346 1980 3400 opus

396 3422 688 3484 habemus,
719 3422 848 3491 quia
883 3437 1047 3477 omne
1080 3431 1486 3486 consecratum,
1529 3431 1781 3476 sanctum
1822 3437 1980 3477 sano-

398 3507 576 3570 toru‘m
605 3522 690 3570 est
749 3515 1007 3569 Domino.
1051 3513 1375 3580 Quomodo?
1429 3514 1578 3570 audi.
1625 3514 1741 3568 Non
1799 3522 1983 3584 potest

396 3605 590 3675 aliquis
617 3596 923 3675 exspoliare
947 3604 1251 3670 inimicum,
1270 3612 1560 3673 antequam
1587 3619 1710 3656 cum
1742 3604 1981 3672 perfecte

397 3695 672 3765 subjiciat,
726 3694 870 3750 sicut
921 3693 1184 3749 Dominus
1227 3693 1430 3749 Ιιιὼηὶε
1486 3693 1650 3748 dixit:
1712 3693 1981 3759 Quomodo

398 3799 568 3857 potest
591 3788 786 3860 aliquis
823 3789 1030 3858 ingredi
1061 3789 1116 3841 in
1149 3789 1358 3845 domum
1391 3789 1568 3860 fortis,
1600 3799 1648 3842 et
1683 3806 1812 3843 vasa
1866 3789 1980 3859 ejus

398 3877 651 3946 diripere,
687 3879 732 3931 si
758 3893 861 3930 non
891 3877 1040 3944 prius
1071 3876 1370 3946 alligaverit
1395 3878 1602 3942 fortem,
1627 3887 1675 3931 et
1701 3890 1823 3932 tunc
1852 3895 1981 3932 vasa

400 3968 516 4038 ejus
553 3969 879 4038 diripiantur
895 3969 981 4021 “‘2
1008 3967 1162 4024 Tunc
1192 3978 1374 4023 autem
1404 3969 1565 4039 plene
1587 3969 1980 4039 intelligibilem

402 4060 616 4114 hostem
639 4060 949 4126 subdimus,
982 4061 1036 4116 id
1068 4072 1152 4115 est
1181 4061 1479 4126 diabolum,
1509 4061 1783 4130 ligareque
1829 4075 1978 4124 eum,

404 4161 462 4208 et
485 4151 809 4222 deprasdari,
843 4160 898 4206 et
923 4165 1252 4206 consecrare
1288 4152 1401 4205 Deo
1432 4151 1606 4220 spolia
1643 4151 1763 4219 ejus
1782 4165 1978 4221 possu-

402 4259 559 4306 mus,
615 4245 839 4314 quando
902 4243 1022 4312 ejus
1069 4258 1263 4298 omnes
1310 4243 1606 4298 vicerimus
1655 4242 1979 4314 machinas,

402 4347 566 4390 omne
620 4333 1047 4390 eontrivcrimus
1108 4341 1293 4401 caput,
1349 4347 1682 4400 omnemque
1738 4312 1978 4401 speciem

403 4428 615 4498 peccati
675 4427 1155 4490 declinaverimus,
1230 4435 1429 4482 cuncta
1478 4426 1669 4484 mundi
1709 4425 1980 4482 desideria

2081 3247 2184 3310 dis,
2213 3254 2270 3299 et
2302 3243 2618 3304 immundis,
2651 3240 2871 3309 quidam
2903 3253 3026 3292 cum
3051 3234 3359 3290 obedientia
3377 3241 3433 3286 et
3459 3232 3660 3284 bonam

2081 3337 2214 3406 legis
2270 3333 2680 3390 meditationem
2741 3340 2797 3384 et
2836 3327 3121 3382 scientiam
3183 3323 3660 3392 conquisiverunt,

2081 3429 2303 3501 quidam
2330 3435 2513 3480 autem
2545 3431 2675 3477 sunt
2699 3422 2788 3491 qui
2823 3420 2993 3474 solam
3025 3415 3391 3473 obedientiam
3423 3415 3658 3468 habent:

2081 3521 2158 3576 sic
2187 3530 2240 3574 et
2274 3519 2362 3574 hic
2395 3516 2614 3587 quidam
2668 3523 2962 3583 operantes
3010 3511 3286 3572 mandata,
3336 3506 3664 3574 sapientiam

2083 3625 2358 3670 terrenam
2387 3612 2614 3673 habent,
2641 3618 2695 3662 et
2720 3617 3010 3678 propterea
3051 3601 3426 3670 redemptione
3467 3613 3662 3651 ncces-

2083 3707 2222 3763 saria
2255 3715 2442 3776 egent,
2493 3703 2713 3773 quidam
2751 3715 2856 3753 nec
2899 3696 3090 3752 redimi
3117 3709 3256 3764 Opus
3311 3692 3531 3752 habent,
3569 3688 3664 3744 sed

2082 3814 2183 3852 nec
2198 3795 2393 3851 mutari
2417 3794 2638 3857 debent,
2664 3792 2806 3846 sicut
2835 3787 3057 3858 perfecti
3092 3799 3310 3853 semper
3325 3791 3380 3835 et
3405 3795 3666 3835 consum-

2083 3890 2235 3945 mati.
2301 3888 2510 3957 Fruges
2543 3901 2692 3956 ergo,
2752 3884 2805 3936 in
2862 3879 3113 3952 praisenti
3175 3879 3258 3931 lex
3305 3876 3662 3935 messioucm,

2081 3998 2205 4052 quae
2236 3990 2319 4035 est
2343 3982 2412 4034 de
2445 3978 2674 4040 semine,
2716 3974 2865 4037 dicit,
2901 3972 3151 4028 similiter
3179 3979 3236 4023 et
3285 3983 3444 4037 poma
3499 3966 3664 4020 arbo-

2085 4089 2206 4128 rum
2239 4070 2540 4126 secundum
2561 4078 2780 4137 tempus
2809 4081 2994 4120 suum.
3027 4063 3232 4116 llornm
3259 4069 3438 4112 autem
3469 4057 3666 4128 genui-

2082 4167 2170 4220 nis
2217 4164 2430 4219 decima
2482 4176 2609 4231 pars
2667 4160 2778 4212 Dco
2831 4155 3133 4212 secundum
3180 4153 3356 4223 legem
3391 4151 3666 4212 debetur,

2083 4267 2375 4324 utrumque
2397 4262 2576 4306 autem
2605 4251 2710 4305 hoc
2727 4249 2795 4303 ad
2827 4248 2958 4317 legis
2991 4245 3469 4300 fructificationcm
3493 4238 3667 4308 accipi

2084 4353 2322 4417 oportet.
2353 4343 2617 4398 Dominus
2658 4341 2878 4410 quidem
2928 4339 3127 4391 bonam
3165 4344 3365 4389 terram
3428 4332 3666 4386 fructum

2086 4438 2409 4493 all‘erentem
2437 4421 2680 4505 triginta,
2703 4441 2759 4488 et
2773 4431 3074 4501 sexaginta,
3103 4437 3159 4482 et
3184 4435 3428 4489 centum,
3451 4439 3549 4480 eos
3567 4422 3666 4492 qui

405 4521 720 4586 vicerimus,
752 4531 1090 4591 cunctasque
1135 4520 1369 4574 virtutes
1402 4519 1638 4580 assecuti
1675 4518 1981 4573 fuerimus:
2015 4515 2062 4572 ι)
2093 4530 2400 4598 suscipiunt
2455 4527 2706 4587 verbum,
2738 4532 2794 4579 et
2832 4523 3043 4580 faciunt
3081 4521 3238 4586 illud,
3289 4519 3341 4572 in
3412 4515 3669 4586 parabola

408 4627 540 4670 tunc
575 4614 722 4668 enim
775 4630 899 4670 eum
934 4624 990 4669 et
1033 4613 1262 4683 ligatum
1319 4611 1607 4673 habemus,
1655 4619 1710 4664 et
1756 4609 1986 4680 praedari

407 4721 722 4777 possumus.
751 4707 842 4760 Sic
870 4716 1051 4760 autem
1089 4705 1430 4775 diripientcs,
1457 4713 1511 4758 et
1551 4719 1675 4757 eum
1728 4702 1986 4772 praedicta

411 4797 643 4854 victoria
693 4798 1080 4862 devincentes,
1146 4796 1514 4866 quodcunque
1569 4793 1984 4864 diripuerimus,

358 4943 370 4968 ί
415 4889 529 4943 Deo
562 4896 711 4944 recte
749 4886 1055 4942 oﬂ‘erimus.
1107 4887 1368 4941 Sanctum
1425 4893 1610 4944 autem
1669 4896 1985 4940 sanctorum

355 4979 358 4984 ’
409 4981 714 5054 perfectura
746 4990 1294 5049 eonsummatumque
1327 4978 1610 5041 habemus,
1671 4992 1773 5032 nec
1803 4986 1987 5030 nostra

411 5070 796 5127 exhortatione
824 5085 930 5126 nec
955 5068 1184 5124 aliorum
1210 5081 1397 5136 egens,
1441 5066 1587 5135 quod
1617 5080 1719 5126 nec
1775 5065 1989 5120 addita-

414 5171 659 5220 mentum
687 5161 930 5230 aliquod,
963 5175 1067 5216 nec
1096 5159 1399 5230 perfectum
1428 5173 1568 5227 opus
1613 5158 1796 5216 habet.
1842 5156 1990 5224 Quo-

414 5256 616 5314 modo?
643 5254 800 5320 Quod
836 5269 998 5310 omue
1035 5260 1321 5322 peccatum
1363 5251 1561 5316 evasit,
1613 5267 1833 5306 omnem
1879 5250 1992 5304 vir-

413 5355 584 5402 tutem
605 5354 890 5416 operatum
906 5354 1012 5411 est,
1043 5354 1101 5405 et
1131 5345 1429 5404 alienatum
1460 5351 1544 5402 est
1575 5345 1800 5407 mundo,
1825 5361 1986 5399 mun-

415 5440 594 5510 doque
620 5438 961 5496 crucifixum.
1009 5439 1183 5495 Nimis
1218 5454 1348 5510 ergo
1402 5449 1807 5508 consequenter
1836 5437 1989 5494 addi-

413 5529 526 5585 dit:

523 5757 567 5788 ⁸⁷
598 5755 785 5810 Matth.
817 5772 872 5816 κ,
905 5758 991 5811 ³54.
1106 5761 1148 5790 ⁸⁸
1179 5759 1365 5815 Matth.
1390 5777 1486 5820 xu.
1516 5762 1605 5815 29.

418 5825 639 5897 “1,17.
755 5827 799 5858 ⁸³
829 5825 967 5882 Psal.
1003 5846 1072 5894 LI,
1115 5831 1190 5884 l0.
1307 5833 1347 5864 ⁶”
1376 5829 1517 5884 Psal.
1553 5830 1664 5896 1,5.

1719 5761 1761 5791 δν
1795 5760 1908 5816 Gal.
1940 5777 1998 5828 ιι,
2022 5759 2110 5818 ‘20.

2106 4621 2376 4676 seminum
2425 4617 2868 4688 evangelicorum
2916 4628 3200 4683 ext-[iuncus
3231 4610 3448 4664 dixit“.
3498 4607 3671 4660 David

2095 4722 2276 4768 autem
2307 4725 2457 4765 nunc
2487 4709 2786 4763 clamabat:
2823 4705 3006 4762 Justus
3055 4713 3110 4757 ut
3145 4702 3328 4771 palma
3385 4698 3669 4768 ποκ’ὺὲιεὶ

2097 4802 2164 4855 lit
2185 4797 2542 4866 rursuszEgo
2569 4804 2748 4852 autent
2779 4793 3068 4850 siculoliva
3107 4791 3383 4859 fructifera
3424 4791 3478 4840 in
3521 4788 3673 4840 domo

2099 4892 2308 4948 Domini
2326 4892 2390 4946 ⁸³.
2422 4888 2579 4942 Nunc
2608 4899 2789 4942 autem
2818 4887 3056 4946 breviter
3089 4882 3669 4951 describensjustum:

2095 4984 2161 5038 Et
2201 4984 2322 5045 erit,
2354 4981 2446 5045 ait,
2495 4981 2627 5057 sicut
2662 4979 2864 5048 lignum
2904 4979 3042 5048 quod
3075 4976 3382 5046 plumatum
3415 4985 3486 5029 est
3531 4989 3675 5026 secus

2095 5076 2342 5131 decursus
2369 5087 2650 5142 aquarum,
2672 5073 2808 5141 quod
2838 5071 3067 5139 fructum
3097 5085 3252 5122 suum
3285 5068 3431 5123 dabit
3459 5067 3516 5120 in
3543 5075 3675 5118 tem-

2097 5163 2412 5234 poresuo“.
2450 5161 2624 5232 Hujus
2654 5177 2786 5232 ergo
2811 5159 2991 5216 omnis
3044 5160 3256 5215 decima
3279 5199 3292 5220 ,
3331 5170 3521 5213 sancta
3566 5167 3671 5210 est.

2098 5257 2298 5310 Sancta
2325 5253 2470 5306 enim
2505 5252 2700 5308 borum
2724 5251 2891 5317 actio,
2915 5259 2969 5304 ct
2987 5249 3229 5305 studium
3273 5257 3377 5310 est,
3402 5246 3532 5316 quia
3563 5246 3674 5314 qui,

2097 5347 2233 5418 legis
2263 5345 2520 5401 mandata
2548 5360 2807 5414 operaus,
2849 5357 3002 5412 spem
3036 5343 3087 5397 in
3117 5341 3374 5412 praesenti
3439 5340 3678 5394 retribu-

2101 5439 2266 5494 tionis
2304 5437 2481 5507 ponit,
2525 5443 2744 5492 terrena
2787 5434 2949 5503 sapit,
3004 5433 3198 5504 quales
3237 5439 3396 5486 erant
3457 5429 3678 5499 quidam

2102 5530 2438 5591 Iudaeorum,
2489 5529 2556 5583 ad
2613 5544 2752 5599 quos
2805 5537 2994 5597 utpote
3051 5537 3210 5581 terra:
3258 5524 3677 5589 inhaerentibus,

3463 5751 3507 5782 ⁶²
3533 5746 3679 5802 Psal.

2228 5761 2269 5791 so
2307 5759 2464 5814 Rom.
2496 5774 2567 5826 vi,
2610 5759 2691 5812 ll.
2773 5756 2810 5786 ⁶¹
2845 5754 3032 5810 Matth.
3072 5767 3191 5820 sui,
3216 5752 3249 5808 8
3274 5765 3389 5820 seq.
