4032 6222
318 368 459 439 1177

1431 378 1516 439 ΙΝ
1547 376 1991 441 ιΕνιΤιουΜ.
2030 403 2100 421 ο·-
2122 378 2271 443 LIB.
2307 382 2441 445 VII.

3433 379 3568 446 1178

316 484 587 541 ὓυιιιίιιιιε
617 484 874 541 dicebat:
911 485 1006 541 Vos
1034 484 1100 539 de
1112 486 1364 539 deorsum
1386 488 1539 552 estis,
1572 502 1665 556 ego
1691 503 1896 541 sum
1922 488 1974 545 Δ
1997 486 2151 542 uaris
2174 488 2325 543 hunc
2352 504 2611 559 respuere
2634 529 2649 555 ,
2680 488 2848 544 alitum
2892 498 3075 545 autem
3098 442 3209 560 pro
3226 505 3294 547 eo
3309 438 3568 547 intuor—lu:

316 588 437 627 sum
459 574 528 626 ⁸⁸.
574 572 683 629 Sed
725 588 782 628 et
837 574 1042 628 Paulus
1084 574 1154 629 de
1205 574 1289 629 eis
1315 574 1475 641 dixit,
1525 575 1624 644 qui
1674 583 1894 631 terrena

315 662 574 734 sapiunt:
594 664 790 718 Nostra
808 673 993 719 autem
1008 666 1338 720 conversatio
1367 666 1422 719 in
1438 665 1578 720 aclis
1594 666 1759 720 est“.
1779 665 1895 720 Hoc

314 766 502 810 autem
534 771 684 811 nunc
708 756 908 819 innuit,
944 771 1125 825 neque
1166 757 1316 811 enim
1355 756 1676 825 simplidter
1726 756 1887 821 dixit,

315 862 495 901 omnes
520 848 733 901 decima
758 856 948 902 term:
980 847 1098 911 sed,
1134 864 1312 902 omnes
1324 849 1546 902 deciate
1566 856 1726 901 terra
1752 862 1893 916 pum

315 937 474 1003 dixit,
500 948 561 993 et
591 948 722 993 tunc
750 940 1020 1005 subdidit,
1042 941 1151 994 sive
1168 939 1237 993 de
1262 940 1522 1010 frugibus,
1541 946 1604 993 ut
1627 939 1891 1008 praedica—

314 1036 406 1082 ret
452 1036 642 1098 aperte
692 1043 819 1084 eum
849 1069 863 1093 ,
911 1030 1004 1100 qui
1059 1029 1429 1087 intentionem
1480 1029 1890 1099 exspectatione

317 1130 668 1175 terrenorum
709 1122 978 1177 bonorum
1012 1122 1149 1192 legis
1196 1122 1450 1176 mandata
1479 1128 1756 1192 operatur,
1786 1121 1890 1176 etsi

315 1222 507 1267 sancta
559 1213 678 1283 ejus
730 1212 969 1276 decima,
1002 1212 1057 1267 id
1103 1221 1189 1267 est
1216 1212 1458 1267 mandati
1505 1211 1752 1283 operatio
1785 1219 1887 1277 est,

314 1314 696 1360 verumtamen
751 1320 864 1358 non
915 1304 1120 1375 grande
1170 1304 1428 1373 juvamen
1482 1319 1672 1359 eorum
1705 1312 1891 1358 estex

313 1395 409 1451 tali
467 1394 788 1466 operatione
839 1394 986 1449 circa
1037 1393 1456 1449 retributionem
1480 1433 1497 1458 ,
1556 1408 1720 1463 quam
1774 1408 1887 1448 non

312 1496 531 1557 oportet
560 1503 589 1541 a
612 1487 724 1543 Deo
741 1487 1049 1558 exspectari
1074 1487 1145 1541 ab
1162 1487 1245 1541 eis
1272 1486 1367 1557 qui
1393 1485 1626 1540 terrenis
1652 1484 1885 1539 inhiant.

313 1581 474 1637 Unde
503 1582 547 1636 si
574 1580 687 1636 vult
712 1579 837 1650 quis
863 1578 1191 1651 sibimetipsi
1231 1578 1499 1633 decimam
1528 1577 1671 1631 hanc
1703 1575 1889 1646 aequi-

312 1685 458 1734 rere,
487 1670 652 1725 addat
669 1671 939 1739 quintam,
966 1668 1022 1725 id
1064 1677 1151 1724 est
1218 1669 1660 1740 intelligentiam,
1692 1676 1752 1726 ut
1772 1683 1887 1738 qua:

308 1778 521 1816 sursum
568 1771 690 1815 sunt
738 1761 938 1830 sapiat,
978 1761 1050 1813 ad
1084 1777 1146 1813 ea
1172 1776 1293 1830 qua:
1323 1776 1530 1814 sursum
1559 1768 1681 1814 sunt
1718 1760 1888 1812 inten-

1993 592 2142 644 cere,
2193 588 2251 634 et
2280 595 2604 636 consecrare
2628 580 2743 655 Deo
2772 581 2929 651 quasi
2970 582 3259 637 meliorem
3288 599 3307 636 :
3343 597 3452 636 non
3478 591 3567 637 est

1995 676 2148 724 tuum
2180 671 2286 726 hoc
2311 671 2647 738 discernere,
2673 689 2852 743 neque
2880 676 3032 729 hum
3052 675 3155 729 illo
3185 675 3330 729 inter
3350 684 3567 730 sanctos

1992 764 2265 834 appellare
2303 765 2675 819 deteriorem:
2712 767 2859 836 quod
2888 767 3051 821 etiam
3080 782 3152 822 ex
3208 767 3433 821 historia
3482 766 3567 820 fa-

1990 865 2141 910 ctum
2167 870 2460 926 cognosce.
2492 854 2696 912 Paulus
2729 857 3390 927 aliqumdoetBar-nabas
3425 858 3569 912 inter

1990 945 2315 1015 semetipsos
2356 947 2782 1001 contenderunt.
2824 947 3101 1003 Bamabas
3155 948 3301 1002 enim
3354 947 3569 1001 dicebat

1990 1036 2193 1090 debere
2257 1036 2461 1090 assumi
2523 1035 2762 1091 Marcum
2793 1055 2806 1091 :
2838 1037 3042 1093 Paulus
3088 1048 3275 1093 autem
3324 1038 3564 1102 dicebat,

1988 1142 2115 1181 eum
2140 1127 2240 1196 qui
2289 1126 2459 1182 semel
2508 1128 2734 1182 recesit
2762 1144 2792 1181 a
2833 1127 3163 1197 Pamphilia,
3204 1136 3261 1183 et
3307 1128 3399 1197 qui
3449 1142 3565 1182 non

1988 1216 2266 1271 Concurrit
2295 1214 2375 1269 eis
2425 1215 2479 1269 in
2520 1230 2719 1286 opere,
2762 1231 2872 1270 non
2916 1216 3117 1270 debere
3145 1216 3370 1270 assumi.
3405 1214 3565 1270 Facta

1988 1315 2069 1361 est
2094 1316 2277 1361 autem
2303 1308 2449 1361 inter
2487 1320 2583 1361 eos
2617 1307 2742 1361 talis
2797 1308 3100 1369 contentio,
3157 1306 3232 1360 ita
3279 1316 3341 1361 ut
3393 1305 3566 1360 disce-

1987 1397 2179 1452 derent
2205 1398 2274 1452 ab
2305 1397 2560 1461 invicem,
2585 1406 2641 1452 et
2666 1396 2967 1462 Barnabas,
3020 1405 3306 1465 assumpto
3356 1395 3562 1459 Marco,

1986 1487 2264 1558 navigaret
2294 1488 2554 1559 Cyprum,
2601 1486 2804 1542 Paulus
2854 1496 3064 1553 autem,
3112 1487 3318 1558 eligens
3374 1485 3565 1550 Silam,

1989 1580 2218 1635 traditus
2235 1589 2320 1635 est
2332 1581 2520 1653 gratia:
2540 1580 2654 1635 Dei.
2689 1578 2853 1633 Vides
2881 1579 3158 1649 quomodo
3182 1576 3416 1632 mutavit
3448 1591 3567 1630 me-

1985 1670 2109 1735 lius,
2150 1672 2293 1729 sicut
2316 1672 2630 1736 aestimavit,
2664 1671 2961 1731 deteriore.
2997 1670 3179 1739 Ipsum
3210 1677 3391 1722 autem
3414 1666 3561 1736 quod

1986 1773 2252 1818 mutatum
2280 1773 2444 1819 estet
2477 1779 2576 1834 pro
2605 1778 2713 1833 quo
2761 1771 3028 1817 mutatum
3090 1770 3193 1823 est,
3240 1760 3445 1814 factum
3485 1766 3569 1812 est

309 1851 490 1915 dat",
535 1849 679 1905 sicut
726 1847 929 1903 Paulus
958 1847 1251 1903 scribebat
1285 1847 1390 1913 QUi
1439 1848 1585 1907 enim
1638 1848 1717 1903 Sic
1750 1845 1886 1915 Ιεείε
1918 1835 1958 1903 Β
1987 1864 2259 1911 sanctum.
2294 1854 2459 1912 Silam
2480 1853 2658 1918 enim,
2679 1854 2823 1907 sicut
2854 1853 3118 1921 aptiorem
3146 1850 3345 1914 Marco,
3374 1850 3440 1903 ad
3472 1848 3569 1902 mi-

310 1940 565 1995 mandata
610 1948 896 2010 operatur,
939 1955 1051 1993 non
1099 1940 1292 2010 perdet
1322 1941 1531 1992 lucrum
1562 1938 1705 2008 eius,
1756 1937 1881 2009 quia

308 2030 521 2086 decima
552 2030 672 2100 ejus
699 2028 952 2083 eﬁicitur.
980 2030 1122 2101 Ergo
1162 2030 1284 2098 ejus
1326 2029 1420 2098 qui
1458 2038 1672 2083 terrena
1720 2029 1883 2097 sapit,

308 2121 520 2176 decima
550 2128 738 2176 sancta
790 2121 1007 2190 quidem
1057 2129 1162 2180 est.
1192 2120 1288 2175 sed
1345 2136 1456 2174 non
1509 2120 1581 2184 ei,
1610 2120 1736 2189 quia
1775 2135 1884 2173 non

310 2214 736 2284 intelligibiliter
782 2212 1101 2266 mandatum
1131 2222 1411 2282 operatur,
1450 2227 1553 2266 nec
1606 2213 1710 2266 scit
1739 2212 1884 2281 quod

308 2305 522 2360 lucrum
555 2306 613 2359 in
635 2321 700 2360 ea
726 2313 1028 2375 exspectet,
1065 2314 1162 2359 aut
1184 2320 1343 2373 quam
1366 2303 1778 2363 retributionem
1828 2304 1884 2357 in

308 2409 374 2450 ea
398 2404 600 2465 speret.
1070 2460 1073 2469 μ

380 2486 544 2542 Boves
579 2499 755 2541 autem
781 2498 830 2542 et
857 2505 1008 2551 oves,
1069 2497 1117 2542 et
1173 2504 1493 2559 quwcunque
1532 2488 1627 2542 sub
1670 2504 1886 2543 numero

306 2591 430 2637 sunt
444 2581 538 2635 sub
554 2581 701 2650 virga
731 2589 1025 2638 transeunt.
1047 2579 1192 2637 Dicit
1209 2581 1357 2637 enim
1383 2596 1480 2637 eos
1500 2581 1595 2651 qui
1614 2582 1718 2638 sub
1737 2582 1884 2651 virga

310 2678 672 2725 numerantur
714 2670 915 2734 crucis,
970 2670 1170 2740 quibus
1213 2678 1275 2724 ut
1313 2679 1670 2725 numerentur
1697 2713 1712 2737 ,
1750 2670 1885 2725 ﬁdes

313 2762 404 2817 Dei
435 2762 675 2817 amicitia
709 2763 896 2817 donat.
932 2762 1191 2832 Quisquis
1228 2762 1374 2818 enim
1411 2762 1584 2817 ﬁdelis
1626 2772 1710 2817 est
1749 2763 1883 2826 Deo,

302 2855 403 2935 llic
419 2865 477 2910 et
493 2856 614 2926 ejus
637 2855 845 2912 amicus
873 2854 1169 2920 invenitur,
1186 2854 1333 2926 quod
1360 2855 1698 2910 demonstrat
1717 2854 1886 2909 Abra-

312 2944 439 2998 ham
469 2981 485 3006 ,
531 2943 601 3000 de
628 2959 737 3013 quo
780 2944 984 2999 dictum
1024 2953 1110 2998 est
1139 2962 1153 2997 :
1186 2944 1421 2999 Credidit
1448 2943 1719 2999 Abraham
1750 2943 1881 3010 Deo,

308 3044 359 3092 et
388 3044 692 3103 reputatum
714 3043 810 3099 ,εει
855 3036 904 3089 ei
932 3035 1004 3090 ad
1027 3034 1315 3105 justitiam,
1349 3044 1397 3088 et
1427 3036 1629 3089 amicus
1666 3034 1761 3091 Dei
1787 3052 1884 3104 ap-

1986 1944 2267 2003 nisterium
2299 1943 2704 2012 prtedicationis
2743 1941 2925 2011 elegit,
2945 1956 3058 1994 non
3090 1950 3269 1994 tamen
3299 1939 3560 2008 expulsus

1982 2043 2069 2087 est
2100 2031 2331 2087 Marcus.
2359 2032 2634 2086 Barnabas
2664 2040 2876 2094 autem,
2909 2046 3037 2085 eum
3071 2045 3360 2083 assumens
3383 2067 3398 2092 ,
3426 2029 3561 2083 abiit

1984 2124 2245 2193 Cyprum,
2275 2134 2327 2179 et
2358 2139 2484 2179 cum
2510 2139 2577 2178 eo
2604 2122 2967 2193 praedicabat,
3015 2131 3072 2175 et
3115 2120 3169 2173 in
3199 2127 3411 2173 tantum
3448 2130 3563 2172 erat

1985 2233 2210 2287 magnus
2229 2259 2243 2281 ,
2273 2227 2331 2271 ut
2360 2216 2693 2287 evangelista
2718 2231 2860 2269 unus
2887 2214 2954 2268 de
2970 2221 3205 2283 quatuor
3223 2211 3395 2265 ﬁeret.
3424 2210 3563 2281 Ergo

1982 2309 2185 2366 Paulus
2212 2320 2514 2363 retractans
2533 2348 2547 2372 ,
2574 2317 2629 2363 et
2661 2320 3023 2376 cognoscens,
3067 2304 3193 2374 quia
3222 2303 3404 2356 nullus
3436 2317 3563 2355 san-

1983 2409 2195 2455 ctorum
2231 2398 2574 2469 respuendas
2610 2406 2737 2463 est,
2771 2411 2872 2451 nec
2904 2404 3092 2465 potest
3127 2394 3321 2463 aliquis
3352 2408 3562 2457 eorum,

1982 2493 2074 2562 qui
2105 2492 2348 2562 perfecte
2383 2492 2775 2562 profecerunt,
2822 2490 2967 2544 hunc
2997 2489 3179 2543 dicere
3209 2487 3565 2552 deteriorem,

1982 2598 2086 2639 nec
2117 2582 2268 2639 illum
2288 2581 2600 2646 meliorem,
2628 2580 2746 2651 ipse
2774 2595 2965 2635 rursus
2983 2578 3224 2632 Marcum
3246 2576 3565 2646 assumpsit,

1982 2684 2038 2729 et
2052 2675 2117 2729 ad
2137 2674 2481 2728 Timotheum
2494 2672 2768 2727 scribebat
2788 2690 2801 2724 :
2822 2671 3039 2723 Assume
3058 2670 3316 2733 Murcum,
3336 2678 3384 2720 et
3400 2668 3569 2720 deduc

1984 2776 2196 2828 tecum;
2252 2775 2327 2817 est
2379 2764 2518 2817 enim
2576 2763 2706 2816 mihi
2759 2761 2905 2814 utilis
2935 2761 2991 2813 in
3028 2759 3326 2812 ministerio
3350 2759 3417 2809 ⁷⁰.
3448 2756 3567 2809 Non

1982 2871 2111 2925 ergo
2157 2854 2459 2909 intendatis
2530 2853 2654 2921 quis
2715 2851 2863 2905 inter
2890 2854 2990 2904 hos
3021 2850 3202 2904 bonus
3229 2856 3323 2902 aut
3369 2846 3565 2910 malus,

1981 2949 2074 3003 sed
2109 2963 2213 3002 nec
2239 2954 2545 3002 commutes
2567 2945 2802 2998 alterum
2835 2941 3030 2996 altero.

2052 3039 2119 3097 Et
2146 3055 2250 3092 non
2273 3038 2584 3091 redimetur.
2631 3034 2731 3090 Cui
2764 3035 2909 3090 enim
2939 3032 3077 3088 nihil
3109 3032 3294 3086 minus
3322 3041 3429 3099 est,
3460 3047 3565 3101 qua

308 3126 539 3197 pollutus
583 3135 656 3180 est
684 3126 749 3179 ⁸⁸.
786 3124 889 3192 Qui
931 3124 1078 3181 enim
1129 3124 1287 3179 amici
1322 3124 1448 3190 Dei,
1477 3141 1707 3180 numero
1734 3125 1880 3197 digni
1908 3164 1951 3223 ο
1984 3130 2362 3200 redemptione
2396 3129 2562 3200 eget?
2594 3127 2650 3181 Si
2682 3138 2867 3181 autem
2917 3135 2974 3180 et
3004 3124 3320 3179 aﬁinitatem
3349 3133 3568 3193 oportet

311 3213 604 3278 habentur,
637 3212 767 3267 licet
793 3214 904 3271 sint
929 3213 1208 3269 immensae
1235 3213 1631 3279 multitudinis,
1676 3224 1730 3270 et
1770 3231 1882 3270 non

309 3306 484 3361 solum
511 3305 557 3361 si
591 3320 905 3369 numerum,
939 3306 1033 3360 sed
1063 3305 1228 3361 etiam
1258 3306 1303 3360 si
1351 3321 1660 3361 mensuram
1693 3321 1885 3361 exces-

310 3398 522 3469 serint,
578 3398 703 3453 audi
760 3394 928 3452 D'avid
979 3398 1291 3454 dicentem:
1325 3396 1461 3452 Mihi
1506 3407 1685 3452 autem
1728 3398 1884 3452 nimis

307 3489 644 3559 honoriﬁcati
678 3498 799 3543 sunt
844 3489 1004 3543 amici
1038 3489 1135 3555 tui,
1165 3488 1325 3553 Deus,
1367 3489 1523 3542 nimis
1558 3492 1883 3561 confortatus

308 3588 387 3634 est
418 3579 747 3648 principatus
767 3594 966 3633 eorum.
999 3576 1355 3631 Dinumerabo
1379 3593 1484 3642 eos,
1512 3585 1559 3630 et
1584 3594 1740 3645 super
1760 3595 1882 3631 are-

311 3686 437 3723 nam
466 3667 958 3737 multiplicabuntur
990 3669 1056 3723 ".
1112 3667 1174 3721 lli
1220 3675 1489 3721 terrenam
1540 3684 1648 3721 non
1682 3668 1885 3722 habent

311 3754 654 3824 sapientiam,
711 3769 816 3810 nec
848 3754 904 3809 in
945 3756 1030 3809 his
1063 3771 1184 3825 qua:
1236 3764 1425 3827 agunt,
1475 3757 1881 3827 corruptibilem

312 3846 729 3903 retributionem
759 3856 1032 3918 quarunt.
1069 3846 1302 3918 Propter
1337 3848 1478 3918 quod
1514 3865 1621 3903 non
1653 3850 1883 3918 speciale

309 3934 585 4005 quidpiam
626 3935 864 4000 illorum,
887 3937 985 3992 sed
1021 3938 1389 4007 quodcunque
1419 3938 1630 4009 egerint
1658 3942 1883 3994 manda-

310 4033 447 4089 tum,
481 4035 728 4081 sanctum
759 4026 869 4080 Deo
891 4035 995 4081 est.

380 4114 485 4171 Sed
515 4132 608 4171 nec
637 4117 857 4187 eligetur
901 4118 1041 4170 inter
1089 4114 1281 4172 bonum
1329 4127 1378 4173 et
1430 4119 1651 4174 malum.
1689 4118 1742 4175 ld
1774 4128 1878 4185 est,

310 4205 459 4262 inter
479 4207 723 4263 deterius
754 4217 811 4262 et
837 4208 1052 4262 melius.
1087 4207 1207 4263 Non
1238 4217 1320 4263 est
1353 4209 1499 4264 enim
1530 4226 1720 4266 eorum
1748 4211 1883 4267 faci-

307 4295 377 4351 lis
412 4297 690 4363 discretio,
722 4298 847 4367 quia
889 4298 988 4353 etsi
1019 4298 1344 4354 alterutrum
1383 4309 1666 4370 superant,
1688 4318 1882 4372 quem-

306 4389 602 4445 admodum
659 4391 815 4445 stella
868 4391 1080 4446 stellam
1132 4391 1187 4445 in
1214 4391 1385 4462 gloria
1419 4392 1756 4460 dill‘erentes,
1786 4395 1880 4451 sed

1986 3220 2287 3292 intelligere
2340 3217 2815 3287 redemptionem,
2866 3215 3326 3284 quemadmodum
3372 3214 3565 3282 Aquila

1982 3310 2174 3371 edidit,
2216 3320 2363 3364 recte
2389 3308 2564 3362 allinis
2603 3323 2711 3361 non
2740 3304 3026 3370 efﬁcietur,
3079 3305 3201 3359 talis
3229 3303 3375 3358 enim
3405 3319 3569 3358 nemo

1983 3400 2088 3455 sibi
2120 3397 2413 3453 vindicabit
2440 3396 2895 3468 gubernationem
2922 3436 2936 3460 ,
2974 3394 3069 3449 sed
3105 3395 3202 3449 etsi
3229 3395 3454 3450 alterius
3489 3405 3567 3450 ta—

1983 3505 2109 3547 men
2154 3485 2397 3552 fructus,
2440 3484 2521 3539 vel
2548 3485 2848 3555 discipulus
2881 3483 3047 3539 fuerit
3076 3500 3142 3538 ex
3184 3500 3294 3555 quo
3327 3485 3392 3538 ad
3421 3485 3564 3539 hanc

1983 3578 2302 3652 pervenerit
2329 3578 2744 3649 perfectionem,
2773 3576 2888 3646 ipse
2920 3591 3053 3631 suus
3082 3576 3185 3629 erit
3213 3576 3564 3647 gubernator,

1983 3673 2099 3742 ipse
2150 3671 2361 3725 doctor.
2399 3669 2602 3723 Praeter
2624 3666 2726 3721 alia
2755 3667 2925 3731 enim,
2957 3683 3078 3736 qua:
3104 3667 3159 3719 in
3204 3667 3457 3734 praesenti
3485 3666 3568 3719 di-

1983 3773 2068 3817 cta
2100 3771 2262 3822 sunt,
2290 3760 2585 3814 ostendere
2612 3759 2887 3829 legislator
2915 3757 3031 3811 vult
3058 3799 3072 3822 ,
3124 3757 3253 3827 quia
3298 3756 3351 3809 hi
3388 3756 3482 3824 qui
3531 3770 3564 3810 a

1984 3853 2143 3908 nobis
2192 3851 2491 3916 docentur,
2544 3851 2765 3919 quando
2815 3849 2953 3902 ﬁunt
2982 3847 3245 3918 perfecti,
3277 3845 3415 3900 nihil
3451 3846 3566 3915 jam

1985 3941 2159 3999 nostri
2188 3940 2486 4013 magisterii
2514 3947 2676 4010 egent
2702 3956 2715 3991 :
2753 3946 2810 3992 ct
2842 3948 3129 4008 propterea
3159 3937 3565 3991 immundorum

1981 4030 2341 4107 primogenita
2372 4029 2568 4084 redimi
2601 4027 2697 4092 ait,
2751 4027 3079 4080 mundorum
3112 4035 3319 4091 autem,
3356 4043 3565 4096 nequa-

1980 4139 2162 4195 quam.
2207 4121 2312 4177 Scc
2353 4138 2455 4177 nec
2490 4136 2575 4181 ea.
2614 4134 2735 4190 quae
2787 4117 2895 4174 Deo
2925 4126 3245 4173 consecrata
3270 4129 3421 4183 sunt,
3464 4118 3567 4174 nec

1982 4216 2121 4281 haec,
2176 4214 2243 4269 dc
2286 4214 2486 4284 quibus
2530 4228 2679 4266 nunc
2710 4226 2890 4265 sermo
2924 4222 3027 4273 est,
3061 4208 3303 4280 perfecta
3334 4208 3566 4264 demon-

1981 4314 2152 4362 strata
2182 4311 2333 4367 sunt,
2363 4311 2553 4373 utpote
2611 4318 2734 4372 quae
2760 4300 3118 4355 intentionem
3154 4299 3392 4355 divinam
3451 4315 3566 4354 ca:-

1980 4398 2281 4466 lestemque
2328 4402 2545 4466 gerunt.
2597 4392 2776 4458 Quem
2827 4391 2977 4446 enim
3029 4390 3195 4445 ﬁnem
3235 4390 3359 4444 libri
3400 4390 3566 4458 hujus

307 4496 503 4537 omnes
546 4482 598 4536 in
629 4483 770 4538 coelo
794 4492 942 4549 sunt,
974 4492 1035 4538 ut
1065 4499 1254 4538 revera
1292 4494 1586 4554 sequentes
1614 4487 1878 4554 ctelestia,
1913 4499 1960 4556 ι)
1988 4491 2306 4562 praeceperit
2372 4504 2497 4545 esse
2549 4488 2777 4559 spiritus
2800 4526 2816 4553 ,
2874 4486 3023 4542 hunc
3090 4485 3147 4540 in
3210 4486 3566 4554 sequentibus

309 4581 367 4628 et
398 4589 428 4628 a
460 4574 576 4629 solo
627 4591 728 4639 eo,
775 4575 867 4645 qui
918 4575 1150 4630 idoneus
1197 4583 1282 4630 est
1315 4576 1626 4631 discernere
1663 4589 1882 4635 sanctos

309 4672 719 4736 cognoscuntur
754 4684 768 4721 :
807 4665 1109 4721 secundum
1158 4665 1300 4720 hanc
1344 4666 1615 4721 rationem
1668 4677 1885 4739 oportet

308 4756 535 4828 intelligi
573 4773 586 4809 :

381 4847 499 4902 Non
515 4848 734 4920 eligetur
750 4848 961 4911 bonum,
984 4863 1077 4902 nec
1091 4846 1312 4914 malum,
1334 4861 1427 4901 nec
1447 4846 1615 4902 altero
1645 4865 1881 4904 commu-

310 4937 531 4992 tabitur.
563 4937 697 4992 Cum
725 4937 872 4991 enim
901 4937 1083 4991 nullus
1107 4936 1176 4991 de
1205 4936 1288 4991 eis
1311 4936 1402 5000 sit,
1433 4937 1525 5005 qui
1545 4939 1732 5009 respui
1753 4956 1883 5011 pos-

307 5030 404 5095 sit,
438 5046 601 5100 quem
632 5045 741 5099 quo
768 5027 1167 5093 commutabis,
1208 5037 1303 5082 aut
1334 5027 1464 5098 quid
1493 5029 1665 5099 magis
1692 5030 1882 5102 eliges,

310 5131 513 5177 nostra:
538 5137 647 5175 non
679 5128 763 5175 est
805 5120 1105 5189 diiudicare
1135 5118 1369 5173 virtutis.
1405 5117 1500 5174 llis
1538 5135 1669 5191 ergo
1689 5136 1882 5192 super-

309 5212 607 5279 aediﬁcans,
631 5212 831 5268 addidit
855 5229 976 5284 quae
1008 5220 1314 5281 sequuntur
1338 5229 1352 5265 :

383 5302 442 5359 Si
465 5305 582 5375 quis
609 5306 909 5368 mutaverit,
938 5313 987 5358 et
1017 5304 1155 5374 quod
1184 5313 1445 5357 mutatum
1466 5313 1560 5370 est,
1590 5314 1643 5358 et
1664 5322 1760 5372 pro
1782 5324 1884 5374 quo

317 5404 583 5449 mutatum
612 5406 707 5462 est,
738 5394 1156 5463 sanctiﬁcabitur
1178 5392 1418 5459 Domino,
1451 5403 1499 5446 et
1527 5410 1628 5447 non
1660 5397 1883 5450 redime-

313 5496 424 5541 tur.
459 5485 596 5552 Quia
623 5502 753 5559 ergo
776 5486 1019 5540 onmium
1051 5499 1244 5540 cursus
1277 5483 1494 5538 divinus
1527 5494 1583 5538 et
1614 5486 1880 5552 sublimis,

314 5587 371 5632 et
412 5593 663 5648 superna:
685 5577 1085 5632 conrersationi
1116 5576 1398 5646 proximus
1422 5584 1505 5630 est
1524 5617 1537 5641 ,
1570 5575 1769 5633 frustra
1795 5594 1886 5633 co-

421 5715 469 5746 "
486 5714 792 5786 Joan;vm,
826 5712 938 5786 23.⁸
962 5714 1037 5786 _“
1074 5711 1376 5786 Philip)",
1409 5709 1501 5766 ‘20.
1650 5714 1850 5785 (101.1”,
1885 5719 1935 5786 l,
1966 5720 2020 5773 ‘2.

331 5785 416 5841 18.
493 5786 536 5816 ⁷ο
570 5784 774 5838 llTim.
810 5798 882 5847 iv,
922 5782 1006 5837 ll.
1119 5782 1157 5813 ⁷⁸
1184 5781 1326 5837 l’sal.
1365 5783 1644 5850 exv,m,l8.

1990 4584 2226 4638 intuere.

2060 4672 2224 4728 Vsus.
2275 4668 2365 4724 ⁸54.
2413 4684 2432 4718 t
2470 4666 2598 4725 Haec
2637 4673 2769 4719 sunt
2804 4671 3076 4734 praecepta
3121 4676 3243 4733 quae
3288 4660 3568 4717 mandavit

1989 4763 2255 4819 Dominus
2274 4759 2466 4831 Moysi,
2505 4757 2571 4812 ad
2601 4755 2742 4810 ﬁlios
2764 4754 2929 4809 Israel
2966 4754 3022 4807 in
3052 4763 3241 4808 monte
3273 4751 3446 4808 Sinai.
3478 4770 3498 4804 ι

2059 4856 2129 4910 Et
2146 4853 2305 4923 cujus
2326 4852 2402 4906 rei
2428 4849 2598 4921 gratia
2626 4862 2737 4902 non
2768 4844 2901 4917 ipsis
2926 4844 3052 4900 ﬁliis
3076 4844 3261 4908 lsrael,
3285 4843 3381 4899 sed
3400 4840 3565 4913 Moysi

1989 4947 2054 5003 ad
2076 4947 2214 5001 ﬁlios
2238 4944 2448 5001 Israel?
2476 4943 2613 5008 Quia
2635 4939 2870 5011 populus
2900 4947 3019 4992 erat
3040 4937 3330 4997 inﬁrmior,
3360 4942 3564 4989 tantam

1989 5037 2125 5109 legis
2157 5035 2494 5091 sanctionem
2527 5047 2723 5102 capere
2750 5044 2859 5084 non
2902 5029 3087 5084 valens
3114 5070 3129 5093 ,
3180 5028 3232 5080 in
3278 5040 3383 5096 qua
3422 5023 3566 5078 sicut

1991 5129 2046 5182 in
2075 5126 2312 5198 speculis
2336 5127 2507 5181 claras
2537 5124 2742 5180 formas
2757 5136 2981 5181 suorum
3010 5117 3392 5190 mysteriorum
3420 5114 3565 5168 Deus

1990 5218 2247 5273 ostendit.
2284 5216 2368 5270 Tu
2395 5231 2545 5286 ergo,
2599 5215 2642 5269 si
2674 5228 2786 5269 non
2842 5212 2925 5266 vis
2964 5211 3032 5267 de
3080 5207 3242 5277 vulgo
3288 5219 3426 5267 esse,
3467 5201 3563 5256 sed

1989 5310 2166 5382 qualis
2187 5308 2395 5380 Moyses
2425 5307 2547 5372 fuit,
2573 5306 2757 5377 prabe
2790 5302 3141 5371 temetipsum
3193 5294 3560 5359 obedientem,

1991 5400 2334 5467 mundosque
2370 5395 2660 5453 habentem
2690 5408 2883 5449 omnes
2915 5391 3110 5445 aninue
3140 5400 3356 5450 sensus,
3387 5390 3442 5436 et
3472 5382 3562 5437 dic

1991 5493 2102 5547 Deo
2134 5510 2147 5546 :
2181 5491 2373 5546 Revela
2401 5491 2574 5545 oculos
2600 5506 2770 5556 meos,
2819 5496 2868 5541 et
2907 5481 3244 5539 considerabo
3292 5477 3562 5534 mirabilia

1991 5588 2054 5640 de
2083 5584 2191 5657 lege
2223 5595 2314 5638 tua
2337 5585 2406 5639 ⁷⁸.
2437 5582 2701 5653 Relinque
2722 5580 3005 5636 materiam
3019 5575 3220 5636 carnis,
3250 5581 3305 5627 et
3334 5570 3562 5641 Spiritus

2098 5720 2142 5751 ⁸⁸
2180 5719 2315 5775 Gen.
2349 5736 2438 5784 xv,
2470 5718 2530 5784 6;
2565 5716 2721 5773 Rom.
2753 5733 2825 5781 Iv,
2853 5717 2907 5771 5.
2986 5716 3028 5749 ⁸⁸
3055 5713 3142 5767 l‘s.
3182 5723 3433 5775 cxxxvtu,
3464 5708 3565 5777 l7,
