4044 6228
388 302 526 367 1179

1570 294 1934 356 HESYCHII
1986 292 2466 355 PRESBYTER!

389 416 609 474 divitias
637 424 892 482 sequere.
919 408 1016 463 Dic
1048 422 1175 463 eum
1197 406 1364 462 David
1391 425 1404 462 :
1429 406 1602 472 Quam
1625 407 1805 462 dulcia
1840 407 1966 475 {au-
1995 414 2042 470 Α
2068 408 2185 478 ejus
2222 408 2321 462 via:
2354 405 2586 474 pulchra:
2609 447 2624 470 ,
2684 420 2860 477 omnes
2889 404 3113 458 semita:
3149 401 3296 471 ejus
3339 398 3640 469 paci/iere.
3680 397 3769 451 Li-

390 506 533 559 cibus
562 499 771 569 eloquia
802 507 918 560 tua,
954 495 1198 562 Domine,
1239 512 1397 566 super
1446 495 1550 551 mel
1588 506 1638 550 et
1678 498 1858 567 {auum
1886 496 1968 548 ori

392 609 507 646 meo
520 592 593 644 "1
629 590 697 645 Ut
714 598 773 647 et
792 588 911 653 tibi,
936 587 1401 657 quemadmodum
1432 596 1489 642 et
1511 585 1702 659 Moysi,
1723 587 1962 652 mandet,

388 698 651 753 suamque
674 681 773 737 tibi
795 680 985 737 credat
1007 680 1356 750 sapientiam.
1390 681 1579 735 Melior
1605 690 1680 734 est
1711 680 1851 734 enim
1874 696 1967 733 nec

390 777 616 848 gotiatio
639 775 756 839 eius
782 783 1006 846 argento
1028 783 1079 827 et
1102 790 1235 828 auro
1255 791 1407 843 puro,
1429 776 1628 845 fructus
1649 773 1765 843 ejus
1781 773 1971 844 pretio-

387 869 497 921 sior
523 876 597 921 est
624 867 824 921 cunctis
855 863 1041 935 opibus
1062 882 1082 921 :
1106 875 1155 921 et
1189 866 1368 919 omnia
1410 882 1528 935 qua:
1575 865 1964 928 desiderantur,

389 960 511 1012 huic
568 973 672 1011 non
723 957 900 1011 valent
947 957 1274 1025 comparari.
1327 957 1623 1027 Longitudo
1659 956 1864 1010 dierum
1910 956 1969 1008 in

389 1051 605 1105 dextera
635 1049 771 1120 ejus,
803 1048 860 1102 in
881 1049 1098 1103 sinistra
1125 1057 1303 1102 autem
1329 1048 1527 1102 divitia:
1543 1058 1591 1102 et
1632 1046 1825 1117 gloria.
1862 1043 1969 1101 γεω

496 1205 543 1237 "
573 1204 715 1261 Psal.
744 1220 928 1266 cxvm.
962 1204 1085 1261 105.
1196 1206 1241 1243 ⁷³
1259 1204 1423 1271 Prov,
1455 1220 1537 1269 Ill,
1564 1204 1754 1261 16-18.

397 1399 602 1427 Ε

2064 515 2223 570 gnum
2251 499 2373 552 vita:
2410 506 2486 551 est
2510 498 2591 551 Itis
2616 497 2705 567 qui
2729 495 3211 565 apprehenderint
3243 508 3421 555 eam,
3462 499 3522 544 et
3552 491 3654 561 qui
3684 497 3760 543 te-

2066 591 2237 645 nuerit
2258 606 2378 644 eam
2402 589 2588 643 beatus
2604 589 2669 642 ⁷³.
2697 579 2804 642 Fili
2859 588 2954 652 mi,
2985 587 3133 639 audi
3153 584 3522 640 doctrinam
3551 581 3759 652 patris,

2066 680 2120 734 id
2149 688 2235 733 est
2302 678 2397 732 Dei
2429 694 2443 731 :
2479 685 2528 730 et
2556 692 2658 729 non
2697 676 2936 730 discedas
2964 693 2996 728 a
3040 676 3177 745 lege
3226 672 3461 728 matris
3499 680 3618 725 tua
3640 711 3657 733 ,
3704 669 3758 723 id

2067 778 2152 825 est
2210 769 2518 839 sapientiae.
2549 766 2808 821 Coronam
2831 765 2968 821 enim
2984 767 3339 836 gratiarum
3378 763 3557 817 dabit
3583 761 3755 831 capiti

2074 870 2186 927 tuo,
2223 861 2273 915 id
2308 869 2394 916 est
2416 860 2693 914 Christum
2717 878 2731 913 :
2754 868 2802 913 et
2834 868 3043 928 torques
3075 874 3275 911 aurea
3322 857 3408 910 sit
3445 856 3610 908 circa
3643 852 3754 905 ωι-

2075 952 2187 1006 lum
2212 960 2360 1005 tuum
2387 951 2453 1015 ",
2495 950 2547 1005 id
2564 959 2648 1004 est
2682 948 2919 1019 Spiritus
2949 956 3234 1004 sanctus:
3262 946 3390 1003 Cui
3421 954 3522 1002 est
3561 944 3743 1018 gloria

2077 1042 2133 1098 in
2160 1043 2359 1098 saecula
2385 1042 2734 1098 saeculorum.
2774 1039 2974 1095 Amen.

1867 1201 1913 1261 "5
1947 1200 2109 1257 Prov.
2138 1216 2176 1265 ι,
2211 1199 2263 1265 8,
2300 1201 2356 1256 9.

600 1392 3717 1430 mm

769 1569 1306 1662 EJUSDEM
1420 1567 2002 1658 HESYCHII
2121 1494 3280 1657 HIEROSOLYMITANI

1391 1805 2640 1967 FRAGMENTA.

932 2279 1919 2414 FRAGMENTA
2050 2282 2213 2408 IN
2347 2277 3113 2410 PSALMOS.

1028 2523 1126 2586 (Ex
1145 2521 1333 2574 Catena
1353 2521 1635 2573 Gracorum
1658 2518 1862 2570 Patrum
1896 2520 1947 2569 in
1975 2519 2216 2579 Psalmos,
2247 2518 2410 2570 Balth.
2437 2516 2677 2568 Corderio
2708 2515 3035 2579 interprete.)

990 2811 1312 2871 PSALMUS
1339 2814 1378 2870 1.

466 2905 629 2962 Vens.
666 2907 717 2962 l.
750 2924 769 2959 ι
800 2905 995 2962 Beatus
1022 2906 1121 2961 vir.
1163 2925 1182 2958 ι

494 2999 733 3053 Primum
793 2997 942 3052 enim
1020 2997 1245 3053 colenda
1305 2997 1479 3068 pietas
1543 3009 1665 3065 est,
1732 3016 1797 3056 ac
1861 3008 1976 3057 tum

395 3089 612 3145 vivendi
665 3089 975 3143 institutum
1030 3090 1416 3145 ordinandum.
1448 3091 1626 3162 Atque
1674 3092 1785 3147 iilic
1856 3095 1978 3163 qui-

393 3183 516 3236 dem
564 3194 676 3232 non
735 3178 926 3243 abire,
992 3179 1080 3233 hic
1128 3195 1258 3236 vero
1301 3197 1413 3235 non
1483 3193 1628 3239 stare
1676 3183 1975 3252 praecepit,

394 3281 455 3327 ut
487 3269 754 3340 impietati
784 3284 853 3323 ne
886 3268 1172 3324 minimum
1202 3271 1447 3339 quidem,
1482 3273 1567 3326 vel
1598 3288 1694 3342 per
1723 3278 1976 3325 transen-

393 3377 518 3415 nam
556 3359 980 3427 communicare,
1028 3370 1121 3415 aut
1153 3376 1274 3416 eam
1317 3361 1585 3432 attingere
1634 3376 1925 3417 caveamus
1958 3381 1974 3418 :

392 3461 448 3505 et
470 3451 522 3504 iu
548 3456 772 3520 peccato
800 3446 1100 3518 (utcunque
1152 3463 1251 3518 per
1298 3449 1352 3504 id
1384 3449 1613 3503 transire
1665 3449 1974 3522 contigerit)

391 3554 501 3596 non
544 3538 876 3601 iusislamus,
934 3536 1039 3593 hoc
1103 3546 1207 3604 est,
1260 3539 1540 3594 immorari
1580 3549 1675 3596 aut
1725 3556 1976 3611 perseve-

396 3646 516 3685 rare
549 3629 839 3700 fugiamus.
867 3630 1051 3684 Pestes
1096 3645 1230 3684 vero
1268 3638 1425 3686 vocat
1474 3631 1832 3702 impostores.
1883 3634 1975 3705 qui

394 3723 575 3791 specie
608 3730 765 3776 tenus
795 3720 1053 3790 justitiam
1077 3721 1283 3787 colunt,
1312 3722 1572 3777 malitiam
1635 3740 1765 3780 vero
1820 3726 1976 3782 factis

392 3823 671 3872 exercent.
705 3812 767 3868 lli
805 3812 1071 3883 siquidem
1125 3812 1291 3867 vitam
1349 3813 1643 3869 humanam
1703 3815 1973 3872 inliciunt.

393 3907 661 3963 Cathedra
714 3906 860 3961 enim
909 3904 1343 3975 pestilentiarum
1396 3914 1481 3960 est
1533 3906 1798 3977 judicium
1851 3908 1975 3978 jura

396 3997 763 4066 prodentium.
821 3996 1089 4050 Cathedra
1154 3990 1589 4066 pestilentiarum
1664 4007 1750 4053 est
1817 4000 1977 4055 sedes

396 4089 653 4143 falsorum
705 4088 1010 4144 doctorum.
1080 4088 1352 4144 Cathedra
1406 4089 1836 4159 pestilentiarum
1891 4069 1979 4147 est

2011 2824 2060 2884 Β

2577 2818 2871 2872 ΨΑΛΜυΣ
2910 2819 3198 2876 ΠΡΩΤΟΣ.

2156 2930 2174 2964 ι
2205 2910 2494 2982 Μακάριος
2525 2914 2689 2983 ἀνήρ.
2721 2930 2739 2963 ι

2150 3005 2244 3056 Δεῖ
2268 3003 2377 3073 γὰρ
2409 3003 2627 3074 πρῶτον
2658 3002 3057 3074 κατορθοῦσθαι
3085 3006 3185 3077 τὴν
3213 3009 3498 3062 εὐσέϐειαν
3522 3044 3541 3071 ,
3572 3005 3669 3058 καὶ
3771 3028 3775 3031 τ

2078 3096 2198 3147 τότε
2233 3092 2331 3161 τὴν
2368 3093 2465 3145 τοῦ
2499 3094 2619 3162 βίου
2664 3094 2942 3147 πολιτείαν
2986 3095 3538 3167 ρυθμίξεσθαι.’Ᾱλλ’
3561 3096 3692 3150 ἐκεῖ

2082 3185 2182 3254 μὲν
2208 3184 2283 3253 μὴ
2308 3183 2659 3251 πορευθῆναι,
2685 3183 2920 3235 ἐνταῦθα
2945 3185 3001 3236 δὲ
3029 3186 3089 3237 τὸ
3121 3187 3259 3255 μηδὲ
3280 3190 3481 3259 στῆναι
3510 3204 3681 3261 προσ-

2079 3272 2415 3339 έταξεν.”ἰνα
2446 3270 2549 3338 τῆς
2597 3271 2695 3339 μὲν
2743 3270 2998 3330 ἀσεϐείας
3033 3272 3163 3338 μηδὲ
3182 3275 3306 3325 ὅσον
3350 3277 3412 3326 ἐν
3447 3280 3683 3351 παρόδῳ

2080 3360 2429 3434 μεταλαϐεῖν,
2460 3360 2494 3430 ἢ
2525 3359 2735 3428 ψαῦσαι
2766 3357 3144 3427 φυλαξὸμεθα·
3181 3360 3458 3430 ἁμαρτίας
3492 3366 3551 3416 δὲ
3591 3373 3681 3438 (ει

2078 3453 2171 3507 καί
2208 3470 2293 3516 τις
2339 3453 2470 3523 ⁴ἡμῖν
2514 3448 2749 3521 πάροδος
2790 3449 3157 3520 ὑπαρχθεῖσιν
3186 3448 3433 3520 γένοιτο)
3472 3456 3675 3526 στῆναι

2078 3547 2227 3616 ὅμως
2257 3547 2316 3600 ὲν
2346 3545 2508 3615 αὐτῇ,
2527 3544 2809 3596 τουτέστιν
2838 3541 3229 3613 ὲνὶστασθαι,ἢ
3260 3543 3545 3613 ἐπιμένειν
3573 3549 3673 3619 ἑγ-

2079 3637 2356 3707 κλίνομεν.
2387 3635 2627 3705 Λοιμοὺς
2656 3634 2713 3687 δὲ
2742 3633 2903 3686 καλεῖ
2931 3634 3058 3697 τοὺς
3088 3632 3426 3703 ἀμφιϐόλους
3460 3638 3666 3710 ἀνθρώ-

2079 3745 2232 3793 πους,
2261 3728 2389 3789 τοὺς
2416 3726 2518 3797 τὴν
2549 3723 2904 3793 δικαιοσύνην
2931 3723 3339 3795 κατορθοῦντας
3364 3726 3422 3777 ἐν
3449 3727 3653 3796 σχήμα-

2077 3837 2165 3883 τι,
2191 3819 2290 3886 τὴν
2320 3816 2520 3870 κακίαν
2550 3815 2606 3869 δὲ
2639 3815 2924 3886 μετιόντας
2968 3817 3026 3869 ὲν
3071 3818 3187 3880 τοῖς
3222 3816 3526 3888 πράγμασι.
3558 3817 3658 3872 Τδν

2082 3910 2196 3980 βίον
2243 3907 2352 3979 γὰρ
2391 3900 2540 3961 οὗτοι
2591 3906 2947 3976 λυμαίνονται
2987 3906 3080 3960 τὸν
3123 3907 3483 3977 ἀνθρώπινον.
3512 3910 3659 3963 Καθ-

2079 4000 2209 4071 ἐδρα
2243 4001 2353 4072 γὰρ
2381 3998 2609 4068 λοιμῶν,
2645 4001 2679 4069 ἡ
2711 3998 2820 4052 τῶν
2849 3999 3124 4052 δικαστῶν
3157 3999 3266 4053 τῶν
3306 3999 3663 4071 προδιδόντων

2077 4091 2147 4142 τὰ
2174 4089 2358 4142 δίκαια
2377 4105 2392 4119 ο
2436 4086 2677 4156 καθέδρα
2703 4086 2933 4158 λοιμῶν,
2969 4089 2998 4140 6
3031 4088 3140 4142 τῶν
3166 4088 3664 4157 ψευδοδιδασκὰλων

396 4181 797 4251 hypocritarum
858 4178 1016 4234 stola.
1066 4178 1339 4235 Cathedra
1393 4181 1827 4250 pestilentiarum
1893 4193 1973 4255 est

2083 4185 2303 4255 θρόνος·
2351 4181 2594 4252 καθέδρα
2639 4180 2864 4251 λοιμῶν,
2901 4183 2934 4252 ἡ
2979 4181 3088 4234 τῶν
3116 4182 3428 4252 ὑποκριτῶν
3465 4183 3664 4254 στολήσ

394 4275 740 4330 sacerdotum
788 4270 1092 4342 hypocrisis
1135 4289 1148 4326 :

395 4370 549 4422 dum.
884 4402 887 4405 -

467 4457 626 4513 Vsus.
659 4455 714 4510 4.
745 4474 765 4508 ι
792 4454 859 4509 Et
881 4453 984 4510 erit
1010 4463 1291 4524 tanquam.
1326 4471 1345 4505 ι

464 4549 637 4605 Judaei
686 4557 869 4603 autem
916 4546 1130 4619 disjecti
1173 4555 1320 4611 sunt,
1358 4554 1536 4601 stante
1576 4547 1839 4603 adversus
1885 4565 1980 4604 eos

396 4640 704 4701 vehementi
724 4639 1090 4709 apostolorum
1118 4637 1521 4709 praedicationis
1543 4638 1760 4708 spiritu,
1786 4651 1842 4694 et
1862 4649 1981 4695 tan-

396 4746 558 4801 quam
577 4729 755 4799 pulvis
777 4729 844 4783 ad
872 4729 1105 4783 nihilum
1134 4729 1336 4783 redacti
1365 4738 1513 4784 sunt.
1544 4728 1677 4784 Nam
1702 4746 1879 4801 neque
1898 4732 1980 4786 ci-

397 4825 640 4887 vitatem,
654 4836 832 4890 neque
849 4821 1058 4875 cultum
1076 4835 1311 4887 sacrum,
1328 4836 1507 4891 neque
1532 4822 1675 4876 aliud
1702 4823 1978 4893 quidpiam

400 4918 641 4990 priorum
672 4914 956 4980 habentes,
1004 4929 1103 4984 per
1142 4915 1458 4969 universum
1493 4925 1758 4970 terrarqu
1790 4918 1978 4971 orbem

398 5007 643 5079 dissipati
670 5016 820 5071 sunt,
848 5005 1023 5061 instar
1054 5004 1313 5075 pulveris,
1348 5004 1401 5058 in
1430 5005 1624 5060 faciem
1651 5008 1976 5078 contempti.

962 5142 1289 5199 PSALMUS
1320 5141 1405 5196 Vl.

466 5257 627 5312 Vens.
654 5257 710 5310 Ξ.
763 5273 780 5306 ι
813 5253 1074 5309 Miserere
1115 5249 1245 5313 mei,
1278 5249 1528 5303 Domine.
1569 5269 1588 5301 ι

480 5347 645 5402 Docet
663 5346 936 5416 quomodo
963 5358 1140 5409 orare,
1164 5348 1219 5396 et
1242 5356 1349 5410 qua
1374 5341 1579 5396 ratione
1598 5357 1654 5396 se
1674 5342 1977 5403 humiliare.

396 5448 453 5494 ct
483 5439 572 5493 Dei
605 5437 1033 5493 misericordiam
1064 5434 1352 5505 implorare
1383 5442 1647 5502 oporteat.

474 5528 647 5581 «Sana
678 5544 785 5594 me,
813 5527 1063 5592 Domine,
1092 5525 1347 5596 quoniam
1369 5526 1691 5580 conturbata
1714 5534 1841 5580 sunt
1861 5545 1981 5582 ossa

400 5635 538 5673 mea.
556 5639 574 5670 ι

472 5706 605 5762 Ossa
637 5721 818 5774 porro,
862 5709 1203 5777 animamque
1234 5716 1491 5777 praeterea
1544 5722 1719 5773 suam,
1773 5718 1984 5777 pertur-

1207 4271 1265 4326 in
1311 4287 1375 4326 ea
1413 4272 1575 4342 jubet
1623 4289 1733 4329 non
1780 4275 1978 4331 seden-

2079 4274 2317 4346 καθέδρα
2338 4272 2567 4344 λοιμῶν,
2602 4273 2635 4341 ἠ
2681 4273 2791 4325 τῶν
2836 4275 3026 4345 ἱερέων
3056 4273 3375 4343 ὑπόκρισις·
3406 4276 3464 4328 ὲν
3490 4275 3663 4347 ταύτῃ

2006 4438 2017 4447 κ
2080 4366 2292 4420 κελεύει
2322 4364 2397 4436 μὴ
2428 4363 2779 4429 καθέζεσθαι.

2160 4474 2178 4507 ι
2212 4457 2321 4509 Καὶ
2354 4454 2509 4509 ἔσται
2543 4454 2619 4519 ὡς
2646 4454 2709 4507 τὸ
2738 4454 2918 4522 ξύλον.
2954 4473 2973 4505 ι

2164 4548 2580 4620 Ἀπερρίφησαν
2608 4547 2665 4599 δὲ
2697 4546 2942 4600 Ἰουδαῖοι
2970 4545 3174 4615 ἀνέμου
3212 4547 3353 4600 κατά
3375 4547 3485 4600 τῶν
3515 4550 3667 4619 ἰσχυ-

2086 4640 2179 4712 ροῦ
2206 4641 2300 4694 τοῦ
2331 4639 2689 4711 κηρύγματος
2719 4641 2827 4693 τῶν
2854 4639 3170 4694 ἀποστόλων
3197 4642 3553 4707 πνεύσαντος,
3569 4645 3665 4696 καὶ

2081 4735 2335 4805 καθάπερ
2366 4735 2395 4786 6
2426 4733 2587 4805 χνοῦς
2615 4735 2693 4796 εἰς
2720 4734 2873 4787 οὐδὲν
2897 4732 3243 4803 διελύθησαν.
3264 4735 3338 4789 Οὐ
3357 4735 3511 4788 πόλιν
3534 4736 3661 4806 γὰρ,

2080 4829 2141 4881 ού
2185 4826 2462 4897 λατρείαν,
2491 4826 2590 4896 οὐχ
2635 4825 2824 4896 ἕτερόν
2872 4842 2927 4877 τι
2972 4824 3081 4877 τῶν
3126 4826 3184 4891 ἐξ
3226 4827 3404 4897 ἀρχῆς
3429 4825 3661 4896 ἔχοντες,

2080 4918 2527 4990 ἐσκορπίσθησαν
2573 4919 2652 4979 ei;
2684 4917 2806 4971 ὅλον
2852 4918 2952 4985 τῆς
2996 4916 3133 4986 γῆς.
3168 4916 3420 4990 καθάπερ
3446 4920 3475 4973 ό
3507 4916 3666 4989 χνοῦς

2082 5010 2424 5081 ἠτιμωμένοι
2442 5009 2505 5062 τὸ
2530 5009 2846 5085 πρόσωπον.

2660 5143 2958 5199 “mox
2997 5143 3088 5213 cr.

2157 5279 2174 5308 ι
2199 5256 2458 5327 Ἐλέησόν
2492 5273 2583 5325 με,
2610 5257 2807 5328 Κύριε.
2838 5277 2857 5310 ι

2153 5347 2407 5400 Διδάσκει
2455 5347 2578 5401 τίνα
2623 5349 2707 5401 δεῖ
2739 5348 2941 5415 τρόπον
2973 5348 3400 5418 προσεύχεσθαι,
3436 5349 3553 5414 πῶς
3584 5350 3667 5403 δεῖ

2087 5437 2472 5492 ταπεινοῦσθαι
2494 5478 2506 5502 ,
2541 5439 2634 5491 καὶ
2663 5437 2757 5491 τοῦ
2788 5437 2924 5492 Θεοῦ
2961 5440 3352 5511 προκαλεῖσθαι
3380 5442 3471 5492 τὸν
3497 5440 3664 5494 ἔλεον.

2170 5529 2383 5584 «Ἰασαί
2417 5547 2505 5601 με,
2529 5529 2719 5601 Κύριε,
2759 5532 2842 5584 ὅτι
2876 5531 3156 5603 ἐταράχθη
3186 5532 3255 5585 τὰ
3289 5532 3422 5585 ὀστᾶ
3453 5549 3574 5600 μου.
3610 5549 3628 5583 ι

2160 5708 2504 5780 Τεταρόιχοαι
2557 5727 2617 5779 γε
2669 5711 2778 5783 μὴν
2834 5712 2899 5766 τὰ
2948 5712 3137 5767 ἑαυτοῦ
3188 5715 3321 5767 ὀστᾶ
3383 5729 3538 5783 φησι,
3575 5713 3668 5767 καὶ

3632 276 3773 345 1380
