4032 6222
259 371 389 436 ιιει

1413 375 1875 437 FRAGMENTA
1916 374 1996 433 IN
2037 377 2390 439 PSALMOS.

3396 331 3554 444 1132‘

260 493 484 562 προσέτι
512 491 610 564 τὴν
639 491 839 562 ψυχήν.
875 494 984 546 Καὶ
1009 493 1144 546 ὀστᾶ
1181 490 1281 562 μὲν
1313 493 1443 554 ἴσως
1475 494 1617 546 κατά
1644 511 1706 560 γε
1743 490 1835 562 τὴν

1944 491 2065 545 bata
2089 491 2256 548 fuisse
2289 497 2440 550 dicit.
2468 495 2570 551 Per
2598 513 2718 553 ossa
2750 513 2900 563 vero,
2924 499 3074 568 juxta
3100 495 3399 566 spiritalem
3444 498 3532 551 in-

259 587 316 636 ἐν
343 584 619 654 πνεύματ.
643 583 878 655 θεωρίαν
901 584 1143 654 νοηθεῖεν
1169 583 1234 636 ἂν
1254 586 1309 636 αί
1338 584 1483 652 λόγῳ
1513 585 1716 652 ληπταὶ
1741 582 1839 651 τῆς

255 676 436 745 ψυχῆς
467 677 748 747 δυνάμεις,
785 677 839 730 αἶ
880 679 973 730 καὶ
1009 677 1295 747 ἀνέχουσιν
1324 677 1494 748 αὐτὴν
1530 678 1609 739 είς
1643 677 1840 746 νοητὴν

257 769 584 838 εὒρωστίαν.
623 763 748 822 Οἶον
777 770 1092 838 ἐγκράτεια,
1131 770 1415 840 φρόνησις,
1445 771 1478 838 ή
1524 769 1664 822 κατὰ
1710 771 1839 820 θεὸν

258 861 501 930 ἀνδρεία,
518 861 864 930 σωφροσύνη,
886 863 982 914 καὶ
1005 862 1346 932 δικαιοσύνη,
1372 865 1466 916 καὶ
1490 861 1636 926 ἅπαξ
1654 862 1840 924 ἁπλῶς

260 953 368 1003 πᾶν
390 952 528 1014 εἶδος
560 952 786 1022 ἀρετῆς,
813 949 890 1006 ὧν
914 954 1015 1006 οὑκ
1045 953 1221 1006 οὑσῶν
1268 957 1326 1006 ἐν
1357 955 1488 1023 ἡμῖν
1515 954 1838 1023 ἀσυγχύτως

258 1041 450 1110 (ἤγουν
474 1043 532 1093 ἐν
552 1042 742 1112 κόσμῳ
763 1042 838 1112 τῷ
857 1043 1062 1112 δέοντι)
1084 1045 1171 1097 διὰ
1192 1045 1250 1096 τὸ
1276 1044 1374 1114 τὴν
1410 1046 1546 1096 ἰδίαν
1572 1045 1671 1096 οὑκ
1695 1046 1838 1114 ἔχειν

261 1133 416 1201 ἰσχὺν
434 1175 449 1197 ,
481 1133 695 1203 ἀνάγκη
724 1135 1091 1204 ταράττεσθαι
1120 1135 1219 1204 τὴν
1247 1135 1426 1206 ψυχὴν
1457 1136 1837 1189 ἀτακτούντων

257 1224 320 1276 ἐν
349 1225 487 1292 αὑτῇ
518 1225 626 1276 τῶν
660 1225 866 1278 παθῶν.

335 1419 353 1452 ι
377 1399 678 1470 Ἀπόστητε
714 1402 807 1454 ἀπ’
830 1401 966 1471 ἐμοῦ
999 1404 1219 1473 πάντες.
1253 1423 1270 1454 ι

341 1487 504 1557 Ὁρᾷς
533 1488 608 1550 ὡς
639 1489 767 1540 ὅταν
797 1491 1123 1561 ἁποστῶμεν
1165 1492 1273 1546 τῶν
1307 1493 1556 1564 ἐργατῶν
1585 1496 1682 1563 τῆς
1708 1496 1833 1547 ἀνο-

261 1579 386 1641 μίας
413 1579 544 1648 (είτε
574 1580 900 1650 ἀνθρώπων,
917 1585 1028 1637 εἴτε
1041 1585 1366 1654 λογισμῶν),
1392 1586 1509 1638 τότε
1538 1587 1566 1638 ό
1587 1585 1716 1648 Θεὸς
1737 1585 1834 1648 τὰς

257 1671 531 1740 ἡμετέρας
560 1672 775 1743 δεήσεις
803 1675 1038 1745 ἑτοίμως
1083 1679 1179 1730 καὶ
1220 1678 1318 1748 τὴν
1360 1677 1664 1749 προσευχὴν
1688 1677 1837 1747 δέχε-

256 1780 367 1816 ται.

837 1857 1129 1910 ΨΑΛΜΟΣ
1167 1858 1239 1911 Z'.

333 1968 350 1996 ι
375 1947 687 2019 Ἀνάστηθι,
717 1949 913 2017 Κύριε,
945 1950 1004 2002 ἐν
1033 1950 1171 2020 ὀργῇ
1203 1967 1318 2004 σου.
1349 1971 1366 2002 ι

337 2039 648 2110 ’Υψωθῆναι
677 2041 767 2093 τὸν
791 2041 1028 2110 Χριστὸν
1059 2042 1150 2093 ἐπὶ
1181 2042 1276 2094 τοῦ
1307 2042 1544 2112 σταυροῦ
1583 2060 1835 2113 παρακα-

254 2134 358 2194 λεῖ,
398 2133 714 2195 συντελείας
742 2134 838 2186 καὶ
867 2133 1181 2203 ἀφανισμοῦ
1212 2133 1322 2186 τῶν
1351 2133 1620 2204 δαιμόνων
1649 2135 1830 2189 ἕνεκα.

259 2226 445 2278 Ὅταν
471 2226 580 2294 γὰρ
608 2225 846 2292 ὑψωθῶ,
865 2226 1096 2292 πάντας
1124 2227 1366 2280 ἑλκύσω
1381 2228 1530 2296 πρὸς
1553 2229 1831 2297 ἐμαυτόν.

267 2319 443 2386 Πέρας
469 2317 526 2369 δὲ
548 2317 722 2370 ταῦτα
741 2319 836 2370 καὶ
854 2318 1150 2382 κατάλυσις
1165 2321 1265 2388 τῆς
1282 2319 1389 2372 τῶν
1406 2321 1612 2388 νοητῶν
1627 2322 1835 2394 ἐχθρῶν

262 2408 580 2472 δυναστείας
609 2407 846 2475 ἐγένετο.

839 2544 1047 2597 ΨΑΛΜ
1055 2543 1137 2596 ΟΣ
1173 2545 1256 2598 H'.

330 2701 349 2733 ι
383 2680 576 2750 Κύριε,
603 2679 808 2748 Κύριος
840 2678 1052 2749 ἡμῶν.ι

325 2774 421 2836 Τὸ,
453 2774 627 2838 Κύριε
653 2810 668 2833 ,
702 2774 733 2824 ό
767 2772 982 2838 Κύριος
1025 2770 1195 2839 ὑμῶν
1217 2812 1232 2836 ,
1265 2771 1298 2842 ἡ
1335 2771 1629 2843 Ἐκκλησία
1663 2773 1823 2841 λέγει.

253 2866 411 2920 Μετὰ
438 2867 546 2934 γάρ
576 2863 674 2934 τὴν
695 2865 774 2925 είς
801 2863 1035 2931 Χριστὸν
1063 2863 1384 2930 ἐπίγνωσιν,
1417 2865 1516 2932 τῆς
1545 2865 1653 2916 τῶν
1683 2865 1832 2918 είδώ-

254 2960 362 3011 λων
403 2958 687 3010 ἀποστᾶσα
737 2955 1002 3016 δουλείας,
1036 2955 1240 3025 Κύριον
1294 2958 1464 3028 αὑτῆς
1509 2959 1698 3012 καλεῖν
1738 2958 1832 3011 τὸν

252 3049 472 3118 ἀληθῶς
503 3050 635 3102 Θεὸν
665 3049 761 3102 καὶ
789 3048 991 3117 Κύριον
1023 3049 1246 3119 ἤρξατο.

1863 1819 1911 1879 Β

1943 583 2313 654 telligentiam,
2356 588 2585 644 virtutes
2628 591 2795 644 animi
2849 590 3082 644 rationis
3121 597 3400 656 compotes
3442 590 3526 639 in-

1943 675 2151 746 telligit,
2179 693 2300 747 qua:
2321 688 2373 732 et
2405 679 2580 748 ipsum
2613 681 2678 734 ad
2719 679 3141 735 intellectualem
3196 679 3524 733 soliditatem

1939 768 2200 824 evehunt.
2261 771 2330 824 Ut
2381 779 2508 824 sunt
2549 771 2906 836 continentia,
2961 769 3268 839 prudentia,
3300 776 3354 820 et
3403 781 3524 834 qua}

1939 862 2237 916 secundum
2264 863 2431 916 Deum
2467 873 2547 918 est
2608 863 2890 925 fortitudo,
2928 861 3306 930 temperantia,
3358 866 3413 911 et
3443 858 3524 926 ju-

1939 950 2102 1015 stitia,
2131 962 2184 1006 et
2231 953 2474 1007 absolute
2532 954 2751 1008 demum
2788 969 2959 1022 genus
3017 967 3178 1006 onme
3233 950 3519 1011 virtutum,

1937 1057 2059 1110 quae
2081 1057 2204 1095 cum
2237 1043 2291 1096 in
2320 1044 2477 1097 nobis
2502 1060 2608 1096 non
2642 1043 2842 1098 fuerint
2875 1043 3171 1097 inconfusaa
3195 1042 3266 1110 (id
3289 1050 3367 1094 est
3395 1055 3520 1094 cum

1937 1133 2148 1188 decenti
2170 1146 2364 1188 ornatu
2387 1137 2729 1206 ordinequo),
2760 1153 2980 1193 necesse
3009 1145 3091 1189 est
3119 1136 3375 1195 animam,
3395 1149 3520 1188 cum

1938 1229 2213 1294 proprium
2248 1228 2411 1281 robnr
2441 1245 2548 1282 non
2589 1230 2853 1288 obtineat,
2883 1227 3190 1297 perturbari
3250 1223 3520 1294 passioni-

1936 1315 2037 1368 bus
2063 1316 2166 1369 illis
2187 1316 2506 1370 inordinatis
2533 1333 2652 1386 qua:
2673 1318 2723 1370 in
2754 1317 2869 1386 ipsa
2905 1325 3056 1370 sunt.
3130 1323 3138 1331 '

2005 1409 2166 1461 Vens.
2201 1409 2252 1463 9.
2277 1428 2296 1460 ι
2326 1409 2593 1465 Discedite
2619 1425 2650 1463 a
2678 1425 2763 1464 me
2789 1424 2998 1462 omnes.
3047 1427 3064 1457 ι

2006 1497 2164 1551 Vides
2190 1508 2246 1552 ut
2279 1499 2419 1553 Dens
2484 1515 2673 1568 preces
2707 1509 2922 1553 nostras
2967 1514 3030 1552 ac
3062 1496 3515 1567 supplicationem

1936 1596 2217 1657 promptus
2249 1589 2518 1651 admittat,
2552 1605 2675 1643 cum
2705 1595 2772 1643 ab
2797 1588 3147 1658 operantibus
3178 1586 3516 1654 iniquitatem

1939 1679 2075 1747 (sive
2104 1681 2372 1745 homines,
2406 1683 2521 1735 sive
2551 1682 2906 1752 cogitationes
2966 1680 3120 1735 malae
3171 1680 3302 1747 sint)
3357 1677 3518 1747 longe

1939 1772 2351 1826 recesserimus.

2504 1861 2821 1917 PSAIMUS
2843 1861 2953 1915 VII.

2011 1953 2172 2008 Vens.
2202 1954 2255 2010 7.
2288 1974 2306 2005 ι
2343 1955 2603 2023 Exsurge,
2643 1955 2886 2018 Domine,
2923 1954 2977 2006 in
3004 1953 3079 2006 ira
3110 1961 3220 2006 tua.
3263 1969 3282 2002 ι

2007 2045 2265 2100 Hortatur
2288 2057 2346 2100 ut
2375 2046 2623 2100 Christus
2660 2049 2712 2099 in
2768 2061 2930 2099 cruce
2987 2045 3272 2102 exaltetur,
3312 2041 3514 2094 daemo-

1935 2151 2066 2188 num
2113 2136 2363 2189 interitus
2417 2145 2578 2204 atque
2620 2135 2930 2190 abolitionis
2996 2148 3142 2203 ergo.
3179 2131 3310 2186 Cum
3345 2129 3512 2196 enim,

1936 2226 2173 2294 (inquit),
2193 2227 2458 2280 exaltalus
2483 2229 2649 2297 fuero,
2669 2227 2845 2279 omnia
2869 2225 3075 2278 traham
3103 2225 3172 2277 ad
3188 2240 3268 2276 me
3284 2224 3454 2291 ipsum
3473 2221 3512 2274 ‘.

1936 2317 2062 2370 Haec
2094 2317 2241 2371 enim
2287 2318 2408 2372 finis
2437 2327 2492 2372 et
2535 2317 2822 2372 dissolutio
2882 2315 3138 2387 potentize
3190 2312 3516 2383 spiritalium

1935 2407 2278 2464 inimicorum
2317 2407 2488 2463 fuere.

2487 2547 2614 2602 PSA
2624 2545 2807 2601 LMUS
2844 2543 2985 2599 VIII.

2002 2682 2164 2736 Vens.
2194 2683 2247 2737 2.
2278 2702 2295 2733 ι
2333 2683 2578 2747 Domine,
2606 2682 2868 2736 Dominus
2892 2689 3094 2734 noster.
3127 2697 3144 2728 ι

2005 2774 2139 2828 lllnd
2171 2775 2388 2829 nomine
2421 2775 2675 2828 Dominus
2707 2784 2902 2833 noster,
2932 2771 3064 2826 dicit
3096 2769 3357 2824 Ecclesia.
3381 2765 3515 2820 Nam

1932 2875 2057 2935 post
2085 2865 2282 2918 Christi
2305 2865 2656 2934 agnitionem,
2685 2865 2753 2917 ab
2787 2863 3053 2917 idolorum
3085 2859 3348 2915 servitute
3390 2857 3518 2910 libe-

1934 2965 2069 3018 rata,
2113 2955 2398 3009 Dominum
2440 2970 2597 3010 suum
2647 2964 2901 3024 tanquam
2928 2968 3056 3007 vere
3104 2953 3270 3005 Deum
3305 2965 3368 3002 ac
3416 2948 3518 3001 Do-

1933 3049 2141 3102 minum
2176 3063 2369 3102 vocare
2409 3049 2595 3118 coepit.

339 3142 449 3194 Ἀεὶ
503 3140 599 3209 μὲν
648 3141 756 3209 γὰρ
784 3142 815 3209 ἡ
849 3140 920 3209 γῆ
953 3141 1104 3192 πᾶσα
1132 3139 1241 3192 τῶν
1268 3140 1566 3209 θαυμάτων
1615 3141 1828 3211 ἀληθῶς

2005 3135 2233 3206 Semper
2253 3137 2472 3206 quidem
2518 3137 2770 3190 universa
2813 3145 2954 3189 terra
3007 3146 3136 3187 vere
3175 3127 3517 3183 mirabilibus

251 3230 354 3298 τῆς
377 3229 471 3283 τοῦ
500 3228 634 3281 Θεοῦ
672 3228 1035 3298 δημιουργίας
1066 3228 1425 3298 πεπλήρωται
1449 3271 1463 3290 ,
1493 3230 1573 3282 ἔτι
1597 3229 1653 3282 δὲ
1695 3231 1831 3296 μᾶλ-

250 3322 365 3388 λον,
397 3315 680 3390 ἀφόὖπερ
711 3321 878 3372 αὑτοῦ
906 3320 967 3372 τὸ
997 3319 1188 3389 ὄνομα,
1215 3320 1420 3391 δηλαδὴ
1453 3321 1515 3372 τὸ
1559 3321 1654 3373 τοῦ
1697 3322 1833 3390 Χρι-

253 3412 404 3476 στοῦ,
434 3411 588 3482 παρά
614 3412 781 3463 πᾶσιν
813 3409 1040 3480 Ἕλλησί
1059 3428 1117 3463 τε
1150 3412 1245 3464 καὶ
1274 3412 1589 3482 βαρϐάροις,
1620 3411 1708 3465 διὰ
1735 3413 1832 3482 τῆς

250 3509 332 3566 είς
360 3503 522 3556 αὑτὸν
554 3502 956 3573 ἐθαυμαστώθη
993 3501 1251 3566 πίστεως.

332 3614 352 3646 ι
382 3595 566 3649 Πάντα
600 3595 875 3660 ὑπέταξας
906 3596 1166 3648 ὑποκάτω
1190 3597 1296 3647 τῶν
1326 3595 1501 3647 ποδῶν
1531 3597 1718 3650 αὑτοῦ.
1755 3617 1772 3650 ι

329 3685 556 3739 Πετεινά
581 3685 674 3738 τοῦ
698 3687 930 3757 οὐρανοῦ
955 3687 1084 3748 τοὺς
1107 3688 1232 3757 περὶ
1255 3688 1351 3754 τὴν
1374 3686 1652 3753 θεολογίαν
1678 3690 1834 3756 ἡσχο·

252 3777 520 3844 λημένους
550 3775 726 3840 καλεῖ,
760 3777 884 3839 τοὺς
915 3777 1252 3846 ἐρευνῶντας
1275 3776 1346 3828 τά
1375 3777 1554 3847 ὑψηλά
1583 3779 1676 3829 καὶ
1708 3795 1833 3846 μετο

253 3870 420 3937 ἀρσια
454 3866 704 3937 δόγματα
721 3883 736 3898 ο
766 3868 954 3938 ἰχθύας
977 3869 1035 3921 δὲ
1054 3868 1156 3937 τῆς
1181 3868 1477 3938 θαλάσσης,
1499 3871 1626 3932 τοὺς
1649 3872 1706 3922 ἐν
1725 3873 1833 3933 τοῖς

254 3958 545 4027 πράγμασι
593 3956 685 4009 τοῦ
721 3956 836 4026 βίου
864 3957 1055 4010 τούτου
1086 3959 1445 4028 νηχομένους,
1480 3958 1732 4030 καθάπερ
1778 3963 1836 4013 ἐν

254 4049 488 4118 κύμασι.
521 4050 774 4119 Σωτηρία
820 4050 878 4102 δὲ
922 4050 1018 4104 καὶ
1069 4051 1282 4114 τούτοις
1325 4053 1654 4118 ἀπόκειται,
1707 4055 1836 4106 ὅταν

254 4141 567 4209 πορευθῶσι
593 4141 814 4210 τρίϐους
836 4141 1020 4194 οὑκέτι
1042 4141 1341 4211 θαλάσσης,
1365 4144 1502 4197 ἀλλά
1525 4144 1834 4210 θαλασσῶν,

252 4229 343 4282 διὰ
376 4230 754 4300 βαπτίσματος
780 4231 874 4283 καὶ
906 4234 1200 4300 μετανοίας
1229 4234 1528 4299 ὁδεύοντες.

325 4317 435 4376 Ἦν
473 4324 571 4392 μὲν
600 4325 708 4394 γὰρ
737 4324 885 4394 αὑτῷ
915 4325 1010 4378 καὶ
1040 4325 1110 4377 τὰ
1137 4325 1370 4396 αἰσθητά
1400 4329 1487 4382 διὰ
1513 4330 1602 4383 τὸν
1623 4331 1720 4400 τῆς
1741 4332 1832 4402 δη-

255 4416 546 4485 μιουργίας
575 4416 993 4486 ὑποτεταγμένα
1019 4417 1205 4486 νόμον,
1239 4421 1434 4490 κτήνη,
1459 4423 1552 4475 καὶ
1580 4424 1723 4492 βόες,
1742 4427 1836 4479 καὶ

254 4507 526 4577 πρόϐατα.
553 4509 806 4579 Πρόὸατα
829 4509 885 4561 δὲ
915 4510 1076 4563 πάλιν
1099 4511 1286 4580 νοητὰ,
1316 4513 1737 4586 ὑποτεταγμένα
1758 4518 1834 4588 τῷ

254 4600 478 4670 Χριστῷ
509 4602 634 4662 τοὺς
669 4603 726 4653 ἐν
771 4603 982 4673 ἀκακία
1020 4603 1475 4673 πολιτευομένους
1510 4607 1835 4678 ἀνθρώπους

253 4692 619 4762 εὑρίσκομεν
657 4693 784 4763 βόας
813 4695 940 4758 τοὺς
987 4695 1102 4747 τῶν
1145 4697 1378 4749 ἐντολῶν
1413 4699 1672 4767 ἐργάτας,
1705 4702 1836 4770 περὶ

252 4777 329 4836 ὧν
361 4784 565 4854 Μωσῆς
593 4787 620 4838 ὁ
656 4785 956 4855 νομοθέτης
987 4786 1206 4854 ἐλεγενο
1248 4790 1331 4841 Οὐ
1374 4791 1660 4858 φιμώσεις
1678 4792 1836 4856 βοῦν

255 4871 722 4926 ἀλοῶντα.”Οθεν
755 4875 853 4944 οὐχ
881 4873 1068 4938 ἁπλῶς
1104 4875 1253 4944 βόας,
1286 4877 1425 4930 ἀλλά
1455 4879 1547 4930 καὶ
1575 4879 1776 4945 πάσας
1806 4883 1834 4934 ὁ

266 4964 560 5034 Υαλμῳδὸς
590 4964 826 5029 ἐξέθετο.
859 4968 1032 5020 Πᾶσιν
1061 4968 1170 5037 γὰρ
1195 4971 1222 5021 ὁ
1245 4969 1376 5033 Θεὸς
1395 4970 1492 5042 τὴν
1513 4970 1715 5041 ἀρετὴν
1742 4974 1836 5026 καὶ

259 5056 358 5126 τὴν
408 5056 679 5126 τυχοῦσαν
727 5057 1122 5129 ἐργαζομένοις
1168 5060 1504 5131 εὑρίσκεται.
1538 5063 1728 5133 Κτήνη
1779 5064 1836 5116 δὲ

260 5146 421 5200 καλεῖ
449 5149 577 5211 τοὺς
617 5150 978 5220 ἁμαρτωλοὺς
998 5193 1013 5214 ,
1042 5152 1229 5223 ἐπειδὴ
1259 5154 1410 5207 κάτω
1446 5153 1542 5217 τάς
1575 5155 1726 5224 ὄψεις
1755 5157 1836 5218 εἰς

255 5240 366 5307 γῆν
389 5239 649 5302 νευούσας
679 5243 992 5311 κέκτηνται.
1012 5243 1175 5296 Ἀλλά
1195 5245 1288 5296 καὶ
1309 5243 1483 5299 ταῦτα
1509 5247 1838 5316 μετανοοῦν-

255 5348 349 5394 τα,
383 5329 477 5384 καὶ
505 5333 847 5398 ὑποταγέντα
878 5333 1133 5400 σώσεται,
1160 5335 1289 5388 ὃταν
1334 5336 1412 5406 τῷ
1454 5338 1674 5409 Χριστῷ
1703 5340 1837 5393 ἀνα-

259 5422 404 5490 ϐάτῃ
425 5420 514 5474 διὰ
536 5423 634 5488 τῆς
657 5425 1025 5494 εὑαγγελικῆς
1053 5426 1326 5491 πολιτείας
1353 5429 1697 5497 ὑποδέξηται.
1719 5433 1838 5486 Ἀν-

257 5515 535 5580 θρώπους
559 5514 688 5586 γὰρ,
719 5517 873 5587 φησὶ,
903 5519 1003 5572 καὶ
1025 5519 1216 5588 κτήνη
1243 5520 1483 5588 σώσεις,
1519 5525 1714 5592 Κύριε.

346 5793 540 5850 ‘Joan.
568 5814 663 5863 xu,
699 5798 785 5853 52.
866 5804 882 5828 ²
917 5800 1069 5854 Deut.
1097 5817 1220 5869 xxv,
1259 5803 1319 5870 4,
1359 5803 1374 5856 l
1411 5805 1534 5859 Cor.
1573 5821 1647 5873 ιι,
1674 5807 1726 5862 9.

1933 3227 2222 3283 creationis
2277 3227 2370 3282 Dei
2417 3229 2671 3298 operibus
2699 3227 2902 3296 repleta
2953 3226 3089 3288 fuit;
3118 3224 3289 3277 multo
3337 3230 3518 3274 tamen

1931 3321 2120 3390 magis,
2164 3337 2232 3375 ex
2282 3337 2390 3390 quo
2422 3336 2618 3374 nomen
2648 3320 2810 3384 illius,
2840 3319 3049 3372 scilicet
3099 3315 3326 3378 Christi,
3372 3313 3516 3382 apud

1931 3431 2121 3468 omnes
2165 3423 2353 3484 gentes
2395 3431 2458 3468 ac
2517 3415 2774 3468 barbaras
2815 3412 3062 3466 nationes
3121 3426 3218 3481 per
3251 3409 3410 3463 ﬁdem
3465 3408 3518 3461 in

1931 3522 2055 3560 eum
2085 3505 2402 3559 admirabile
2433 3505 2638 3558 factum
2657 3512 2762 3560 est.

2006 3596 2168 3652 Vens.
2199 3599 2252 3654 8.
2295 3617 2312 3648 ι
2341 3598 2540 3652 Omnia
2571 3596 2853 3665 subjecisti
2883 3597 2982 3649 sub
3002 3594 3231 3664 pedibus
3253 3593 3391 3659 ejus.
3425 3607 3443 3640 ι

2003 3687 2263 3743 Volucres
2291 3691 2408 3742 (ξαεὶί
2445 3699 2602 3742 vocat
2631 3690 2750 3741 illos
2772 3688 2887 3756 qui,
2935 3684 3040 3739 alta
3063 3694 3118 3738 ct
3147 3683 3395 3738 sublimia
3425 3682 3521 3734 dn-

1933 3768 2107 3849 gmata
2148 3788 2571 3847 perscrutantes,
2603 3779 2888 3848 theologia:
2933 3777 3261 3829 incumbunt
3299 3792 3310 3825 ε
3344 3773 3551 3842 pisces,

1935 3884 2062 3922 vero
2085 3870 2266 3933 maris,
2297 3883 2391 3922 eos
2426 3869 2516 3937 qui
2550 3869 2604 3922 in
2630 3869 2752 3922 vitae
2785 3868 2948 3936 hujus
2983 3866 3213 3935 negotiis
3263 3874 3519 3932 tanquam

1935 3961 1989 4015 in
2021 3959 2274 4014 ﬂuctibus
2305 3969 2515 4014 natant.
2548 3959 2640 4015 llis
2663 3971 2844 4014 autem
2870 3961 3032 4013 etiam
3078 3958 3222 4012 salus
3286 3957 3520 4026 reposita

1935 4063 2040 4117 est,
2074 4067 2197 4106 cum
2237 4068 2345 4106 non
2369 4053 2602 4121 amplius
2627 4053 2810 4115 maris,
2854 4051 2949 4104 sed
3002 4050 3253 4111 marium,
3292 4065 3386 4118 per
3423 4049 3521 4102 bas

1935 4145 2195 4214 ptismum
2223 4153 2278 4199 et
2298 4144 2701 4214 pmnitentiam,
2735 4144 2848 4199 vias
2879 4143 3240 4198 iuambulent.

2007 4325 2276 4380 Catterum
2305 4329 2460 4375 erant
2497 4321 2660 4375 etiam
2702 4319 2802 4390 ipsi
2867 4319 3146 4374 sensibilia
3190 4316 3370 4370 omnia
3427 4330 3524 4384 per

1940 4413 2268 4473 conditionis
2316 4411 2488 4482 legem
2521 4411 2788 4480 subjecta,
2837 4411 3186 4478 jumenta,et
3235 4407 3420 4466 boves,
3469 4413 3524 4457 et

1870 4492 1913 4545 ί)
1941 4524 2088 4564 oves.
2115 4507 2327 4563 Rursus
2362 4518 2542 4563 autem
2566 4523 2696 4561 oves
2723 4506 3139 4569 intellectuales,
3170 4503 3418 4558 homines
3441 4500 3525 4554 in-

1938 4610 2200 4655 nocenter
2245 4600 2510 4663 viventes,
2557 4597 2773 4650 Christo
2832 4596 3110 4662 subjectos
3169 4591 3474 4662 reperimus
3514 4604 3528 4642 :

1939 4690 2106 4744 boves
2136 4691 2264 4744 item
2299 4697 2694 4758 praeceptorum
2760 4686 3162 4744 observatores,
3201 4685 3267 4737 de
3325 4682 3524 4753 quibus

1938 4782 2213 4852 legislator
2245 4780 2452 4850 Moyses
2485 4780 2596 4832 ait:
2631 4778 2750 4831 Non
2793 4776 3064 4829 obturabis
3102 4792 3156 4828 os
3198 4775 3312 4829 bovi
3364 4775 3523 4826 tritu-

1943 4876 2086 4928 νωιιὶ
2110 4884 2148 4930 ’.
2169 4873 2318 4928 L‘ntle
2339 4889 2446 4926 non
2473 4873 2639 4927 boves
2664 4871 3000 4941 simpliciter,
3021 4870 3113 4924 sed
3139 4870 3287 4922 boves
3317 4868 3527 4922 univer-

1942 4983 2046 5030 sos,
2081 4964 2530 5034 Psalmographus
2566 4965 2766 5033 posuit.
2795 4964 2877 5016 Ab
2903 4963 3160 5016 omnibus
3213 4961 3358 5014 enim
3383 4960 3527 5012 Deus

1944 5057 2378 5126 qualemcunque
2439 5055 2693 5109 virtutem
2771 5053 3154 5108 exercentibus
3226 5050 3523 5103 invenitur.

1946 5151 2147 5204 Pccora
2181 5164 2308 5203 vero
2361 5156 2670 5218 peccatores
2715 5156 2892 5209 vocat,
2929 5143 3196 5214 siquidem
3261 5156 3429 5209 prona
3470 5139 3524 5190 in

1947 5252 2145 5296 terram
2178 5243 2479 5311 speetantia
2518 5251 2698 5296 creata
2732 5251 2878 5294 sunt.
2905 5239 3066 5308 Atqui
3099 5247 3153 5290 et
3175 5238 3288 5304 ipsa
3315 5235 3357 5287 si
3412 5248 3527 5302 νω-

1947 5333 2230 5388 nitentiam
2260 5335 2492 5404 egerint,
2522 5344 2576 5388 et
2622 5332 2983 5394 obediverint,
3019 5330 3165 5383 salva
3205 5328 3368 5392 (ient;
3400 5341 3524 5379 cum

1947 5429 2223 5482 Christum
2269 5444 2364 5498 per
2392 5429 2764 5500 evangelicum
2816 5424 3212 5480 institutionem
3270 5435 3526 5476 ascenso-

1948 5536 2061 5573 rem
2101 5520 2435 5574 admiserint.
2468 5521 2711 5574 Homincs
2762 5519 2950 5586 (enim,
2991 5515 3183 5586 inquit)
3211 5524 3257 5568 et
3284 5514 3528 5583 jumenta

1947 5610 2191 5675 salt'abis,
2224 5610 2440 5663 Domine
2470 5611 2507 5667 ³.

1807 5809 1823 5837 ³
1853 5807 1996 5865 Psal.
2032 5824 2192 5876 xxxv,
2233 5808 2284 5864 7.
