4044 6228
522 331 660 401 1183

1079 453 1402 511 PSALMUS
1440 459 1526 514 IX.

589 540 750 596 Vsus.
779 542 832 596 5.
869 560 888 592 ι
916 543 1227 600 Conﬁtebor
1253 548 1345 602 tibi
1377 549 1429 601 in
1464 559 1573 605 toto
1605 554 1790 609 corde.
1825 574 1843 608 ι

589 629 696 684 Sed
721 634 991 698 quomodo
1055 644 1168 690 toto
1235 639 1399 693 corde
1445 642 1810 700 conﬁtemur?
1865 647 2095 713 Quando

1717 349 2080 416 HESYCIIII
2119 359 2595 426 PRESBYTERI

2132 480 2178 533 Α
2593 505 2599 511 ’
2787 479 3084 540 ΨΑΔΜΟΣ
3121 483 3200 542 Θ’.

3656 378 3796 444 1184

2281 589 2299 619 ί
2324 571 2831 646 Ἐξομολογήσομαί
2857 594 2950 632 σου
2977 580 3038 632 ἐν
3069 580 3167 652 ὅλῃ
3195 581 3412 653 καρδίᾳ.
3444 599 3463 633 ι

2270 660 2396 724 Πῶς
2445 663 2502 715 δὲ
2558 667 2616 717 ὲν
2666 666 2766 739 ὅλῃ
2818 669 3017 740 καρδία
3062 671 3570 741 ὲξομολογούμεθας
3613 674 3792 730 Ὅταν

512 735 621 773 non
653 724 887 791 amplius
915 725 968 778 in
1015 743 1078 781 ea
1109 738 1330 796 peccata
1387 735 1759 803 prolabemur,
1786 755 2017 809 quorum
2060 761 2071 796 ι

515 809 621 836 Il...‘
646 814 857 836 ..Α--2Α..-
890 818 943 836 _I_
964 834 974 836 μ
994 834 1005 836 -
1028 834 1074 836 ,η

2196 753 2400 823 μηκέτι
2444 757 2583 828 πρὸς
2627 724 3055 831 τήνῃάμαρτίαν
3085 724 3313 834 ἐκείνην.

512 809 623 864 Deo
646 814 861 869 veniam
882 818 1255 875 obsecramus.

579 901 744 959 Vens.
779 907 864 963 16.
903 911 1122 967 «Inﬁxae
1142 924 1482 986 suntgentes
1523 919 1578 974 in
1625 920 1870 991 interitu,
1926 937 2089 993 quem

507 994 782 1051 fecerunt.
799 1018 830 1050 ,ι

575 1085 846 1146 Caeterum
887 1102 1076 1161 gentes
1109 1095 1198 1151 hic
1226 1099 1460 1166 appellat
1485 1099 1796 1156 daemonum
1825 1119 2085 1161 cuneum.

2193 843 2338 914 ὑπὲρ
2368 840 2437 916 ἦς
2462 849 2798 921 συγγνώμην
2829 853 2982 923 παρὰ
3013 853 3106 906 τοῦ
3136 853 3273 908 Θεοῦ
3305 856 3746 927 πρεσὸευόμεθα.

2271 950 2290 982 ι
2315 934 2694 1005 Ἐνεπάγησαν
2722 939 2852 1011 ἔθνη
2879 943 2939 994 ὲν
2967 943 3260 1014 διαφθορᾷ,
3286 938 3320 1019 ᾖ
3353 945 3642 1016 ἐποίησαν.
3673 966 3693 999 ι

2267 1109 2436 1182 Ἐθνη
2464 1111 2521 1166 δὲ
2558 1114 2793 1169 ἐνταῦθα
2831 1120 3234 1191 προσαγορεύει
3267 1123 3378 1174 τῶν
3415 1122 3691 1193 δαιμόνων
3721 1125 3784 1179 τὸ

510 1176 608 1234 llic
639 1180 783 1234 enim
817 1197 938 1236 cum
976 1185 1267 1241 salutarem
1303 1204 1523 1244 crucem
1579 1191 1957 1261 fabricassent,
1992 1211 2071 1265 pel

2193 1199 2399 1266 στῖφος.
2424 1176 2593 1256 ⁷Οὗτοι
2625 1205 2736 1275 γὰρ
2766 1209 2857 1259 τὸν
2879 1176 3163 1280 ’σωτήρξον
3213 1211 3455 1281 σταυρὸν
3501 1176 3782 1283 τεκτηνάξι

505 1273 749 1327 eamdem
783 1277 1064 1343 tyrannide
1089 1294 1186 1333 sua
1215 1280 1556 1347 exciderunt,
1584 1291 1638 1337 et
1682 1284 1875 1354 laqueo
1923 1302 2071 1356 quea:

2190 1307 2364 1360 μενοι,
2392 1293 2479 1346 διὰ
2507 1273 2717 1350 τούτου
2747 1297 2850 1366 τῆς
2893 1273 3214 1371 τυραννίδος
3265 1273 3555 1369 ἐξέπεσαν,
3589 1273 3682 1358 καὶ
3719 1310 3779 1362 ἐν

503 1364 899 1420 absconderant
945 1371 1376 1439 comprehensus
1432 1381 1517 1426 est
1544 1389 1641 1443 pes
1681 1390 1891 1442 eorum,
1919 1385 1976 1430 et
2030 1379 2071 1431 ir

2189 1384 2379 1452 παγίδι
2466 1384 2734 1457 ἔκρυψαν,
2766 1364 3084 1463 συνελήιρθη
3113 1394 3142 1444 ὁ
3169 1364 3551 1458 ποὺςῗαὺτῶν,
3585 1399 3681 1449 καὶ
3718 1400 3778 1451 ὲν

502 1456 759 1524 operibus
787 1473 1047 1515 manuum
1090 1475 1312 1516 suarum
1345 1465 1773 1534 comprehensus
1831 1476 1915 1522 est
1957 1483 2085 1540 pec-

499 1556 668 1601 calor.

573 1637 738 1693 Vsus.
776 1638 860 1693 18.
905 1659 923 1691 ι
950 1639 1352 1698 Convertantur
1379 1653 1720 1715 peccatores.
1750 1669 1769 1701 ι

570 1729 942 1798 Peccatorum,
999 1734 1456 1802 quemadmodum
1504 1739 1877 1808 etjustorum,
1926 1743 2080 1812 plura

2185 1475 2300 1536 τοῖς
2337 1474 2518 1546 ἔργοις
2546 1478 2656 1531 τῶν
2690 1479 2892 1552 χειρῶν
2925 1481 3093 1536 αὐτοῦ
3123 1482 3436 1554 συνελήφθη
3459 1485 3486 1537 ὁ
3515 1486 3779 1556 ἀμαρτω-

2185 1563 2295 1618 λός.

2247 1601 2278 1708 ἰ
2303 1655 2844 1730 Ἀποστραφήτωσαν
2875 1664 2926 1716 ei
2951 1663 3287 1735 ἁμαρτωλοί.
3317 1686 3341 1718 -ι

2264 1749 2632 1820 Ἀμαρτωλῶν
2662 1753 2835 1806 πολλά
2862 1755 3020 1822 γένη,
3051 1755 3242 1826 ὥσπερ
3275 1756 3339 1826 δὴ
3379 1755 3477 1811 καὶ
3519 1756 3769 1824 δικαίων,

498 1837 619 1875 esse
666 1837 864 1892 genera
911 1825 1272 1883 convincitur.
1316 1829 1422 1884 Sed
1445 1830 1549 1886 hoc
1591 1832 1711 1887 loco
1758 1843 2071 1902 peccatores

2189 1809 2814 1909 γνωρίζεται.Ἐνταῦθα
2847 1809 2905 1896 δὲ
2943 1809 3304 1914 ἁμαρτωλοὺς
3327 1809 3472 1908 ⁵τοῦς
3503 1809 3771 1910 ἀπίστους

498 1913 734 1981 appellat
763 1913 1030 1981 inﬁdeles,
1060 1933 1197 1986 quos
1219 1921 1381 1975 etiam
1412 1921 1503 1976 Dei
1537 1925 1866 1980 oblivionem
1893 1929 2076 1982 subire

496 2000 652 2055 dixit.
691 2000 1024 2072 Sicutigitur
1043 2006 1133 2074 qui
1165 2009 1398 2064 credunt
1419 2010 1472 2064 in
1506 2009 1696 2078 Deum,
1721 2013 1849 2069 licet
1875 2017 2073 2071 mortui

495 2091 939 2160 fuerint,vivunt;
968 2112 1093 2151 nam
1113 2099 1202 2166 qui
1225 2100 1387 2154 credit
1411 2103 1463 2153 in
1485 2119 1586 2166 me,
1606 2103 1783 2174 inquit
1802 2104 2073 2171 Christus,

494 2181 702 2234 etiamsi
740 2195 977 2238 mortuus
1001 2187 1182 2256 fuerit,
1215 2189 1423 2244 vivet‘:
1454 2191 1534 2246 sic
1559 2193 1651 2262 qui
1682 2210 1792 2248 non
1822 2196 2072 2260 credunt,

403 2331 409 2340 ,
493 2273 656 2326 etiam
694 2283 984 2342 antequam
1033 2279 1354 2346 moriantur,
1391 2292 1614 2352 propter
1641 2285 1969 2340 sententiam
2015 2287 2074 2340 in

489 2365 638 2432 ipsos
677 2365 837 2419 latam
873 2369 1068 2422 mortui
1087 2380 1234 2426 sunt.

564 2455 726 2510 Vrns.
749 2458 838 2512 55.
882 2477 898 2509 ι
932 2460 1200 2530 Exsurge,
1239 2463 1488 2518 Domine.
1516 2483 1534 2517 ι

560 2547 880 2619 Interrogat,
915 2553 1188 2618 quodnam
1232 2553 1407 2624 impii.
1459 2557 1670 2614 scilicet
1716 2560 1936 2625 diaboli,
1988 2565 2074 2618 vel

489 2639 644 2692 valde
689 2639 839 2706 impii
880 2641 1148 2708 hominis,
1193 2655 1480 2713 peccatum
1540 2647 1684 2705 Deus
1728 2653 2072 2722 potissimum

486 2741 786 2787 aversetur.
819 2732 1024 2789 Deinde
1077 2737 1354 2793 inductam
1411 2741 1528 2808 ipse
1584 2744 2072 2815 interrogationem

486 2825 664 2880 solvit.
698 2824 844 2878 Dixit
871 2827 1004 2879 enim
1030 2828 1085 2880 in
1109 2831 1263 2883 corde
1296 2847 1389 2883 suo
1415 2847 1434 2885 :
1460 2831 1579 2885 Non
1614 2837 1839 2905 requiret
1865 2840 1905 2890 ⁸.
1934 2839 2076 2894 Con-

487 2917 733 2982 viciatur,
768 2915 965 2984 inquit,
995 2917 1186 2982 Deum,
1210 2929 1270 2974 ut
1307 2922 1401 2991 qui
1437 2937 1524 2976 res
1559 2938 1773 2980 nostras
1797 2929 1916 2982 sine
1944 2945 2071 2997 pro-

485 3009 721 3066 videntia
761 3017 815 3063 et
848 3010 966 3064 sine
995 3011 1246 3064 examine
1285 3027 1402 3067 esse
1432 3015 1731 3082 permittat.
1758 3017 1890 3082 Qua:
1944 3034 2069 3086 per-

2177 1930 2352 1994 καλεῖ,
2379 1929 2474 1994 οὓς
2500 1933 2595 1985 καὶ
2618 1932 2789 2004 λήθην
2812 1934 2908 1986 τοῦ
2930 1933 3069 1987 Θεοῦ
3096 1935 3293 1989 παθεῖν
3319 1935 3768 2008 ἔφησεν.”Ωσπερ

2173 2021 2355 2075 τοίνυν
2383 2023 2434 2076 οἱ
2468 2023 2820 2088 πιστεύοντες
2853 2027 2936 2089 εἰς
2967 2026 3058 2080 τὸν
3091 2026 3225 2079 Θεὸν
3285 2027 3456 2092 ζῶσι,
3488 2027 3594 2081 κᾶν
3624 2029 3765 2081 ἀπο-

2176 2111 2430 2166 θάνωσιν·
2470 2114 2532 2166 '0
2551 2115 2660 2187 γὰρ
2677 2117 2981 2170 πιστεύων
3008 2119 3093 2182 είς
3117 2119 3242 2187 ἐμὲ,
3275 2119 3485 2188 φησὶνό
3509 2120 3764 2190 Χριστὸς,

2174 2203 2290 2257 κᾶν
2315 2205 2609 2274 ἀποθάνῃ,
2643 2207 2903 2276 ζήσεται,
2932 2209 3105 2272 οὕτως
3157 2211 3207 2262 οἱ
3254 2211 3637 2274 ἀπιστοῦντες,
3667 2213 3765 2264 καὶ

2175 2298 2306 2365 πρὶν
2351 2297 2668 2365 ἀποθανεῖν,
2701 2300 2791 2353 διὰ
2836 2301 2936 2371 τὴν
2968 2303 3246 2370 ἀπόφασιν
3293 2303 3394 2372 τὴν
3436 2303 3530 2357 ὑπ’
3551 2305 3760 2368 αὐτοῖς,

2174 2388 2523 2460 τεθνήκασιν.

2253 2481 2606 2553 «Ἀνάστηθι,
2642 2484 2837 2555 Κύριε.
2873 2504 2890 2534 ι

2257 2573 2468 2644 Ἐρωτᾷ
2502 2577 2662 2628 ποίαν
2687 2579 2714 2629 ὁ
2737 2577 2868 2639 Θεὸς
2893 2574 2990 2629 τοῦ
3018 2575 3267 2641 ἀσεϐοῦς,
3305 2577 3506 2648 δηλαδὴ
3527 2578 3619 2631 τοῦ
3641 2577 3760 2632 δια-

2176 2665 2358 2731 δόλου,
2387 2666 2420 2736 ἢ
2448 2667 2542 2718 καὶ
2570 2667 2665 2719 τοῦ
2697 2667 2820 2720 λίαν
2850 2667 3179 2730 ἀσεϐοῦντος
3218 2668 3536 2738 ἀνθρώπου,
3581 2669 3760 2740 ἀμαρ-

2173 2757 2296 2809 τίαν
2340 2757 2749 2824 ἀποστρέφεται
2796 2757 3063 2825 μάλισταο
3101 2755 3220 2811 εἶτα
3263 2759 3425 2821 αὐτὸς
3463 2758 3758 2826 ἐπαγαγὼν

2172 2844 2271 2914 τὴν
2299 2845 2588 2914 ἐρώτησιν,
2622 2844 2831 2898 ἔλυσεν.
2872 2841 3064 2899 Εἶπεν
3095 2849 3204 2916 γὰρ
3222 2847 3290 2900 ἐν
3313 2845 3523 2914 καρδίᾳ
3544 2845 3754 2909 αὐτοῦ,

2177 2938 2297 2988 Οὐκ
2341 2933 2673 3001 ἑκζητήσει.
2707 2935 3047 3003 Συκοφαντεῖ
3095 2940 3191 2990 τὸν
3240 2937 3368 2990 Θεὸν
3393 2978 3408 3002 ,
3444 2938 3630 3005 φησιν,
3675 2934 3753 2996 ὡς

2171 3025 2482 3095 ἀπρονόητα
2513 3024 2608 3078 καὶ
2638 3026 3024 3096 ἁνεξιχνὶαστα
3073 3025 3215 3084 εἷναι
3267 3029 3652 3101 συγχωροῦντα.
3687 3026 3759 3079 τὰ

485 3105 668 3160 suasio
695 3103 938 3170 deceptis
967 3103 1134 3157 exitio
1161 3119 1284 3159 esse
1310 3106 1584 3174 reperitur
1618 3125 1630 3161 :
1667 3123 1836 3178 quare
1875 3125 2067 3164 conse-

2189 3117 2446 3187 ῇμέτερα*
2483 3117 2619 3188 ὅπερ
2649 3118 2930 3182 ἀπωλείας
2960 3123 3247 3192 προτροπὴ
3296 3125 3410 3183 τοῖς
3462 3120 3758 3188 ἀπατωμέ-

482 3203 714 3263 quenter
746 3192 1027 3260 subjunxit
1053 3210 1068 3248 :
1097 3213 1115 3245 ι
1147 3194 1257 3249 Tibi
1289 3197 1566 3251 derelictus
1606 3209 1680 3253 est
1705 3215 1924 3270 pauper.
1969 3220 1987 3252 ι

1048 3397 1368 3454 PSALMUS
1390 3399 1507 3456 XII.

549 3510 718 3564 Vens.
744 3507 796 3560 1.
833 3525 852 3558 ι
887 3506 1206 3578 Usquequo,
1246 3509 1492 3575 Domine,
1535 3511 2012 3569 obliviscerismc?
2042 3536 2060 3566 ι

551 3599 742 3657 Gravis
772 3612 903 3652 sane
964 3608 1049 3654 est
1079 3600 1281 3656 oblivio
1338 3602 1451 3667 Dei,
1483 3604 1644 3657 etiam
1699 3607 2061 3674 temporaria:

480 3693 612 3764 quin
638 3692 748 3746 imo
774 3701 1004 3745 mortem
1053 3692 1216 3748 affert
1260 3695 1629 3750 omnimodam
1668 3707 1726 3752 et
1777 3698 2059 3754 immorta-

471 3785 608 3838 lem.
907 3787 912 3792 ’

549 3873 713 3930 Vsus.
749 3875 801 3928 5.
839 3893 857 3924 ι
888 3873 1184 3946 Usquequo
1218 3877 1544 3933 exaltabitur
1578 3878 1866 3935 inimicus?
1899 3899 1918 3932 ι

553 3961 824 4017 Exaltatio
848 3962 994 4016 enim
1034 3965 1272 4029 Satanae,
1301 3967 1583 4036 depressio
1634 3976 1718 4023 est
1760 3969 2062 4027 hominum.

484 4053 616 4106 Nam
647 4053 787 4108 sicut
839 4055 978 4110 Deus
1001 4055 1053 4108 in
1085 4057 1256 4112 salute
1285 4069 1469 4112 nostra
1507 4059 1754 4126 exaltari,
1781 4062 1858 4117 sic
1881 4062 2070 4118 diabo-

485 4143 569 4198 lus
593 4144 648 4198 in
685 4147 989 4215 perditione
1013 4149 1200 4202 extolli
1223 4148 1443 4204 dicitur.

1030 4323 1350 4381 PSALMUS
1379 4324 1521 4382 XIV.

555 4409 716 4466 Vens.
750 4412 804 4466 5.
849 4431 868 4463 ι
893 4411 995 4478 Qui
1018 4413 1258 4484 loquitur
1292 4416 1577 4471 veritatem
1629 4416 1683 4471 in
1720 4421 1882 4475 corde
1903 4437 2021 4478 suo.
2045 4442 2064 4476 ι

2167 3223 2276 3268 νοις
2305 3207 2621 3276 εὑρίσκεται
2641 3224 2654 3237 ο
2693 3211 2982 3279 τοιγαροῦν
3013 3210 3328 3272 ἀκολούθως
3396 3206 3710 3278 προσέθηκε
3740 3221 3754 3236 ο

2174 3316 2192 3347 ι
2225 3297 2328 3351 Σοὶ
2353 3298 2883 3366 ἐγκαταλέλειπται
2909 3305 2941 3354 ό
2966 3302 3220 3369 πτωχός.
3249 3321 3267 3350 ι

2545 3388 2548 3390 ⁷
2729 3409 3028 3463 nam}:
3079 3411 3181 3464 13'.

2245 3517 2421 3580 «Ἕως
2453 3518 2604 3580 πότε,
2643 3518 2837 3590 Κύριε,
2873 3519 3108 3590 ἐπιλήσῃ
3144 3533 3252 3588 με;
3301 3533 3320 3568 ι

2243 3605 2379 3661 Θεοῦ
2411 3609 2521 3679 γὰρ
2548 3609 2686 3680 λήθη
2713 3611 2921 3680 χαλεπὴ
2959 3611 3079 3678 μὲν,
3102 3611 3195 3664 καὶ
3224 3609 3559 3680 πρόσκαιρος
3579 3625 3591 3639 ο
3618 3610 3760 3664 ἀλλὰ

2172 3696 2278 3768 μὴν
2313 3698 2542 3752 θάνατον
2573 3701 2823 3770 ἐπιφέρει
2853 3701 3092 3772 παντελῆ
3133 3701 3230 3754 καὶ
3257 3699 3546 3754 ἀθάνατον.

2247 3870 2423 3933 «Ἕως
2451 3873 2581 3925 πότε
2611 3871 2960 3942 ὑψωθήσεται
2990 3873 3019 3925 ὁ
3047 3873 3274 3945 ἐχθρός
3304 3892 3322 3924 ι

2238 3959 2411 4029 ’Ύψος
2439 3962 2549 4034 γὰρ
2581 3962 2675 4015 τοῦ
2700 3963 2936 4026 Σατανᾶ,
2961 3965 2995 4032 ή
3023 3964 3132 4016 τῶν
3160 3963 3466 4035 ἀνθρώπων
3485 3961 3758 4014 ταπείνωο

2171 4062 2274 4113 σις.
2309 4053 2580 4122 Καθάπερ
2603 4054 2710 4124 γὰρ
2738 4055 2766 4106 ὁ
2786 4052 2919 4114 Θεὸς
2940 4055 2997 4105 ἐν
3025 4055 3094 4125 τῇ
3125 4052 3370 4124 σωτηρίᾳ
3399 4051 3662 4122 ὑψοῦσθαι
3684 4055 3754 4124 τῇ

2170 4144 2438 4215 ἡμετέρα,
2455 4144 2631 4208 οὕτως
2653 4147 2684 4198 ὁ
2705 4144 2954 4205 διάϐολος
2983 4147 3042 4197 ὲν
3062 4145 3130 4216 τῇ
3159 4144 3407 4213 ἀπωλείᾳ
3429 4143 3756 4214 ἐπαίρεσθαι

2169 4237 2408 4305 λέγεται.

2737 4323 3032 4379 ΨΑΛΜΟΣ
3080 4325 3180 4380 IA'.

2246 4435 2267 4470 ι
2296 4415 2486 4471 Λαλῶν
2518 4414 2778 4486 ἀλήθειαν
2803 4417 2861 4468 ὲν
2893 4415 3094 4487 καρδίᾳ
3128 4414 3317 4469 αὐτοῦ.
3347 4434 3366 4467 ι

552 4506 727 4561 Corde
765 4504 938 4577 prius,
971 4514 1026 4561 et
1062 4506 1261 4562 deinde
1286 4507 1488 4578 lingua,
1514 4524 1612 4562 nos
1639 4510 1754 4564 vult
1775 4527 1897 4567 esse
1918 4529 2068 4568 vera-

2241 4511 2518 4583 Πρότερον
2547 4508 2837 4578 ἀληθεύειν
2869 4510 3018 4580 ἡμᾶς
3046 4510 3190 4563 κατά
3219 4508 3469 4580 καρδίαν,
3493 4509 3584 4562 καὶ
3613 4511 3757 4579 μετὰ

484 4614 594 4653 ces.
625 4598 702 4653 Ea:
740 4600 1072 4654 abundantia
1109 4600 1248 4653 enim
1272 4603 1461 4665 cordis,
1507 4618 1563 4655 os
1596 4601 1830 4670 loquitur
1863 4605 1903 4657 '.
1928 4602 2064 4659 Cum

2189 4603 2339 4656 ;αῦτα
2371 4601 2512 4656 κατὰ
2541 4601 2641 4672 τὴν
2669 4601 2924 4669 γλῶσσαν
2949 4601 3219 4672 βούλεται.
3237 4602 3339 4655 Ἐκ
3373 4602 3482 4671 γὰρ
3511 4600 3618 4654 τοῦ
3647 4619 3755 4655 πε-

483 4696 666 4742 autem
714 4689 890 4744 dicit:
934 4689 1042 4744 Nec
1097 4691 1216 4760 fecit
1241 4691 1482 4759 proximo
1536 4707 1630 4744 suo
1664 4691 1900 4756 malum;
1959 4709 2064 4747 non

2189 4697 2569 4765 ησσεύματος
2614 4692 2724 4762 τῆς
2767 4694 3018 4764 καρδίας
3054 4694 3121 4748 τὸ
3146 4694 3342 4763 στόμα
3369 4694 3562 4748 λαλεῖ.
3581 4694 3671 4748 Ἐν
3700 4695 3758 4748 δὲ

486 4779 576 4834 hic
597 4781 798 4834 cuidem
837 4791 1069 4848 tantum,
1101 4783 1195 4837 sed
1222 4791 1276 4836 et
1318 4783 1602 4852 quodlibet
1657 4783 1802 4838 aliud
1855 4784 2064 4841 crimen

2189 4789 2244 4858 τῷ
2264 4788 2462 4851 εἰπεῖν,
2487 4789 2608 4841 Οὐκ
2626 4787 2879 4854 ἐποίησε
2896 4787 2977 4852 τῷ
2996 4786 3265 4852 πλησίον
3288 4786 3494 4850 κακὸν,
3521 4785 3757 4838 ἐνταῦθα

483 4869 678 4927 vetuit.

557 5075 576 5108 ι
609 5053 674 5110 Et
700 5056 1052 5127 opprobrium
1081 5075 1190 5112 non
1221 5061 1453 5130 accepit.
1488 5079 1506 5113 ι

552 5150 925 5221 Cogitabimus
952 5161 1137 5206 autem
1166 5155 1786 5224 proximos,peccatores
1815 5166 1870 5212 et
1895 5155 2068 5213 imbe-

479 5241 632 5297 cilles
653 5257 792 5306 esse,
827 5242 903 5296 uti
935 5259 1068 5308 nos;
1106 5261 1175 5298 ne
1211 5260 1334 5298 eum
1369 5245 1468 5314 ipsi
1509 5257 1823 5315 peccatores
1875 5250 2066 5314 simus,

480 5333 600 5386 aliis
621 5343 902 5400 peccatum
933 5336 1277 5406 objiciamus,
1327 5337 1455 5405 quin
1484 5336 1717 5393 invicem
1749 5341 1929 5410 potius
1968 5343 2068 5397 adv

485 5423 765 5481 hortemur
793 5437 955 5497 atque
991 5428 1345 5483 instruamus.

553 5514 716 5570 Vens.
766 5518 821 5573 4.
891 5537 908 5570 ι
954 5519 1237 5576 Timentes
1292 5529 1473 5577 autem
1528 5521 1816 5578 Dominum
1871 5524 2069 5594 gloriﬁ-

483 5611 592 5656 Cnt.
639 5622 656 5653 ι
1937 5619 1942 5625 ’

560 5751 583 5779 δ
611 5751 769 5804 .loan.
801 5773 857 5818 ll,
885 5761 973 5811 25.
1055 5764 1073 5790 ⁸
1105 5761 1243 5816 Psal.
1281 5782 1330 5828 κ,
1371 5766 1449 5820 l5.

1531 5770 1547 5794 ‘
1575 5767 1765 5820 Matltli.
1801 5783 1896 5828 λιι.
1926 5769 2013 5823 54.
2081 5812 2088 5818 .

2167 4877 2229 4929 οὐ
2283 4876 2446 4944 φόνου
2495 4877 2689 4946 μόνου,
2723 4876 2862 4931 ἀλλὰ
2909 4876 3006 4930 καὶ
3053 4877 3236 4947 πάσης
3277 4876 3446 4946 ἄλλης
3478 4875 3758 4944 ἁμαρτίας

2167 4965 2408 5019 ἐκώλυσε
2417 4985 2466 5020 ν.

2245 5078 2263 5111 ι
2294 5059 2403 5112 Καὶ
2434 5059 2742 5128 ὀνειδισμὸν
2768 5059 2870 5111 οὐκ
2898 5058 3117 5111 ἅλαϐεν.
3149 5077 3167 5108 ι

2241 5154 2381 5216 Τοὺς
2426 5152 2485 5205 δὲ
2525 5152 2783 5221 ἔγγιστα,
2805 5151 3000 5221 ὥσπερ
3033 5151 3196 5220 ἡμεῖς
3218 5193 3232 5215 ,
3270 5145 3630 5220 ἁμαρτωλοὺς
3659 5149 3757 5202 καὶ

2169 5247 2416 5310 ἀσθενεῖς
2441 5247 2730 5317 νοήσομεν,
2765 5246 2854 5299 ἵνα
2887 5245 2966 5314 μὴ
2989 5244 3308 5314 ἁμαρτωλοὶ
3337 5243 3618 5313 ἁμαρτίαν
3647 5241 3756 5296 ὲτὲο

2175 5355 2290 5409 ροις
2334 5338 2718 5408 ὀνειδίζωμεν,
2753 5335 3100 5406 voventium
3131 5335 3188 5388 δὲ
3225 5334 3425 5405 μᾶλλον
3470 5333 3753 5405 ἀλλήλους,

2178 5431 2272 5483 καὶ
2300 5430 2668 5502 διδάσκωμεν.

2257 5542 2274 5574 ι
2306 5524 2444 5587 Τοὺς
2473 5523 2528 5576 δὲ
2555 5522 2931 5594 φοϐουμένους
2960 5518 3052 5575 τὸν
3085 5519 3293 5590 Κύριον
3324 5515 3557 5582 δοξάζει.
3589 5535 3610 5569 ι
