4032 6222
446 241 588 308 1187

1639 223 2004 312 HESYCHII
2044 200 2518 285 PRESBYTERI
2556 307 2560 310 ⁴

3575 221 3735 283 1198

516 361 659 422 Non,
688 366 750 413 ut
771 354 991 426 quidam
1020 359 1234 424 putant,
1258 346 1612 421 reprehendit
1634 342 2020 400 hiel’salmista
2053 396 2054 399 η

2197 344 2330 413 Οὐχ,
2347 343 2422 408 ὥς
2436 360 2582 407 τινες
2599 343 2904 414 νομίζουσι,
2924 343 2983 396 τὸ
2999 342 3194 414 βρῶμα
3215 340 3451 395 ἐνταῦθα
3470 341 3499 392 ό
3516 339 3736 408 Ψαλμ-

453 465 635 507 escam
670 448 904 501 filiorum
938 445 1100 514 (nam
1149 458 1212 497 ea
1241 455 1362 510 quae
1392 438 1674 493 introeunt
1704 436 1758 489 in
1796 449 1881 497 os,
1912 447 2022 486 non

455 540 813 609 coinquinant
833 536 1110 593 hominem
1132 534 1200 605 ⁷,)
1233 532 1332 588 sed
1357 532 1504 602 ipsos
1533 538 1593 584 ut
1619 528 1775 583 valde
1804 526 2027 580 insanos

454 631 648 703 arguit,
674 629 839 700 quod,
865 644 990 685 cum
1016 627 1295 697 copiosam
1334 639 1367 679 a
1395 623 1506 678 Deo
1556 621 1764 693 prolem
1794 630 2027 687 accepe-

457 726 590 789 rint,
618 737 729 777 non
759 722 1016 777 virtutem
1040 718 1201 790 ipsis,
1247 718 1342 773 sed
1383 716 1601 772 malitia:
1629 730 1742 769 suae
1771 711 2031 782 reliquias

455 828 555 884 pro
584 811 905 868 haereditate
935 809 1346 880 dereliquerint.

987 918 1310 976 PSALMUS
1341 916 1509 974 XVII.

532 1013 688 1071 Vens.
722 1014 820 1070 10.
854 1031 874 1065 ι
907 1011 975 1065 Et
1003 1012 1288 1067 inclinavit
1309 1011 1498 1074 caelos,
1525 1018 1582 1064 et
1607 1006 1914 1065 descendit.
1943 1024 1963 1057 ι

529 1107 813 1162 Inclinaoit
852 1104 1025 1169 emtas,
1068 1113 1130 1157 ut
1160 1114 1361 1158 terram
1405 1102 1544 1156 cmlo
1569 1100 1947 1169 coniungeret,
1980 1104 2037 1150 et

463 1194 821 1251 inferioribus
848 1208 975 1248 cum
1015 1190 1270 1262 supernis
1303 1189 1851 1245 communicationem
1895 1201 2035 1254 prae-

462 1288 641 1342 beret.
683 1284 797 1338 Hoc
825 1294 1009 1337 autem
1038 1282 1262 1336 minime
1294 1282 1496 1336 factum
1544 1278 1775 1342 fuisset,
1809 1276 1914 1330 nisi
1940 1276 2037 1330 de-

464 1375 737 1431 scendens
764 1389 830 1429 eo
863 1388 971 1442 quo
1000 1371 1204 1441 suscipi
1238 1378 1453 1440 poterat
1487 1369 1650 1423 modo
1676 1407 1692 1431 ,
1745 1367 1801 1420 in
1836 1374 2037 1420 terram

464 1466 808 1530 advenisset;
858 1465 1068 1519 scilicet
1097 1464 1152 1518 in
1184 1477 1370 1529 carne,
1424 1476 1588 1532 quam
1628 1459 1910 1530 caliginem
1943 1457 2036 1512 sub

465 1558 685 1629 pedibus
722 1555 1037 1626 appellavit.

954 1664 1276 1720 PSALMUS
1312 1664 1532 1719 XXXII.

544 1757 707 1814 Vrsas.
731 1757 785 1812 5.
830 1776 849 1808 ι
891 1756 1073 1827 Diligit
1094 1755 1525 1811 misericordiam
1553 1764 1610 1808 et
1631 1751 1914 1823 judicium.
1947 1767 1968 1800 ι

533 1848 958 1905 Misericordiam
984 1855 1145 1902 vocat
1179 1846 1570 1916 benignitatem
1593 1884 1609 1908 ,
1644 1858 1806 1913 quam
1837 1839 2044 1911 judicio

466 1949 755 2012 propterea
770 1937 1087 2009 praposuit,
1108 1937 1254 2006 quod
1274 1936 1417 1990 Deus
1437 1936 1671 2007 primum
1690 1932 2041 2004 benignitate,

467 2048 533 2085 ac
566 2032 768 2087 deinde
793 2030 1003 2101 judicio
1031 2038 1216 2083 utatur
1243 2028 1297 2082 in
1325 2042 1420 2082 eos
1449 2027 1544 2096 qui
1574 2025 1631 2080 in
1662 2034 1889 2095 peccato
1924 2039 2047 2094 per-

468 2132 746 2178 severam.

542 2214 709 2269 Vens.
746 2215 799 2268 7.
845 2230 864 2264 ι
889 2212 1237 2283 Congregans
1266 2210 1407 2267 sicut
1443 2218 1618 2265 utrem
1645 2224 1835 2280 aquas.
1860 2227 1881 2262 ι

539 2304 778 2374 Abyssos
803 2317 932 2357 vero
962 2301 1101 2356 dicit
1128 2316 1392 2371 aquarum
1423 2301 1849 2364 multitudinem,
1884 2310 2047 2367 quam

472 2396 528 2450 in
557 2395 758 2451 abditis
786 2395 890 2449 sub
919 2404 1119 2448 terram
1163 2394 1298 2448 locis
1329 2392 1656 2456 collocavit,
1707 2401 1768 2446 ut
1798 2390 1961 2445 etiam
1992 2389 2049 2443 in

472 2489 579 2542 hoc
606 2486 878 2557 sapientia
906 2485 1028 2555 ejus
1054 2484 1372 2538 admiranda
1397 2485 1469 2540 sit
1503 2501 1516 2537 :
1545 2482 1815 2553 siquidem
1842 2481 2049 2535 aridam

472 2594 638 2649 super
678 2578 964 2633 humidum
994 2578 1283 2643 fundavit,
1331 2575 1621 2645 effecitque
1672 2584 1733 2629 ut
1778 2588 1812 2628 a
1848 2573 2051 2628 leviore

475 2656 691 2742 gravior
722 2678 1052 2740 portaretur.

545 2847 710 2903 Vens.
739 2848 828 2903 16.
874 2865 893 2900 ι
929 2848 1049 2904 Non
1078 2848 1317 2904 salvator
1346 2862 1440 2903 rex
1481 2862 1578 2917 per
1613 2846 1839 2901 multam
1879 2846 2050 2901 virtu-

479 2949 608 2995 lem.
643 2959 662 2991 ι

2128 437 2264 508 ῳδδς
2305 438 2579 491 διαϐάλλει
2617 437 2728 492 τῶν
2792 435 2925 489 υἱῶν
2961 436 3103 504 (οὐδὲ
3156 434 3266 504 γὰρ
3289 432 3360 487 τὰ
3390 433 3737 500 εἰσπορευό-

2133 546 2270 600 μενα
2297 532 2374 592 εἰς
2393 532 2454 600 τὸ
2474 531 2651 601 στόμα
2697 532 2868 584 κοινοῖ
2893 528 2983 582 τὸν
3011 527 3107 582 ἄνθ
3118 531 3342 596 ριιιπον).
3374 523 3493 577 ἀλλ’
3520 523 3740 583 αὖτῢὺς

2128 622 2200 686 ὡς
2229 621 2348 674 λίαν
2372 621 2714 692 ἀγνώμονας,
2743 621 2825 675 δτι
2853 620 3024 673 τέκνα
3055 617 3163 672 ἀπὸ
3181 617 3318 670 Θεοῦ
3346 612 3740 686 λαμϐάνοντες

2130 715 2211 778 εἰς
2246 714 2474 785 πλῆθος,
2501 714 2600 768 οὐκ
2632 712 2835 784 ἀρετὴν
2862 712 3066 774 αὐτοῖς,
3096 709 3235 763 ἀλλὰ
3272 708 3594 761 κατᾶλοιπα
3628 709 3742 772 τῆς

2132 805 2344 861 ἑαυτῶν
2372 804 2568 870 κακίας
2598 805 2721 859 ἀντὶ
2750 802 2957 874 κλήρου
2988 800 3338 873 παρέδωκαν.

2693 916 2991 971 ΨΑΛΜΟΣ
3038 916 3142 968 IZ'.

2210 1031 2228 1062 ι
2258 1011 2370 1065 Καὶ
2392 1008 2604 1064 ἔκλινεν
2630 1008 2913 1078 οὐρανοὺς,
2948 1007 3043 1061 καὶ
3069 1004 3300 1075 κατέϐη.
3333 1023 3355 1056 ι

2209 1107 2486 1159 Ἕκλινεν
2508 1101 2805 1170 οὐρανοὺς
2823 1141 2838 1166 ,
2864 1101 2952 1154 ῖνα
2976 1102 3075 1167 τὴν
3101 1100 3206 1169 γῆν
3235 1097 3313 1167 τῷ
3348 1096 3581 1167 οὐρανῷ
3609 1112 3749 1148 συν·

2137 1195 2279 1268 ἅψῃ,
2308 1196 2406 1249 καὶ
2446 1197 2562 1258 τοῖς
2588 1195 2742 1247 κάτω
2768 1192 2905 1263 πρὸς
2935 1190 3004 1244 τὰ
3033 1190 3146 1244 ἄνω
3177 1190 3469 1243 κοινωνίαν
3493 1187 3747 1258 χαρίση-

2136 1305 2246 1343 ται.
2276 1289 2394 1341 Οὐκ
2425 1287 2493 1341 ἂν
2516 1286 2573 1340 δὲ
2604 1285 2765 1339 τοῦτο
2791 1285 3043 1352 ἐγένετο,
3073 1284 3122 1335 εί
3149 1281 3224 1353 μὴ
3255 1279 3506 1341 καταὸὰς
3536 1277 3745 1331 τοῦτον

2136 1381 2229 1434 τὸν
2272 1379 2496 1450 τρόπον,
2525 1378 2789 1449 ἐπεδήμει
2832 1378 2898 1447 τῇ
2941 1379 3034 1445 γῇ,
3065 1373 3189 1428 καθ’
3214 1373 3273 1426 ὃν
3306 1371 3548 1441 ἠδύνατο
3576 1369 3745 1438 δέχε-

2140 1473 2288 1539 σθαι,
2313 1471 2595 1525 τουτέστιν
2623 1472 2681 1523 ὲν
2709 1470 2895 1540 σαρκὶ,
2927 1470 3122 1540 ἥντινα
3168 1468 3400 1536 τνόφον
3429 1462 3559 1530 ὑπὸ
3594 1461 3745 1526 τοὺς

2142 1564 2334 1631 πόδας
2356 1563 2636 1619 ἐκάλεσε.
2936 1572 2945 1579 ’

2701 1673 2996 1728 ΨΑΛΜΟΣ
3034 1670 3159 1727 ΛΒ¹.

2219 1789 2238 1821 ι
2262 1770 2478 1840 Ἀγαπᾷ
2503 1765 2877 1837 ἐλεημοσύνην
2907 1764 3002 1818 καὶ
3035 1762 3239 1832 κρίσιν.
3274 1780 3293 1812 ι

2226 1860 2674 1928 Ἐλεημοσύνην
2698 1857 2798 1927 τὴν
2826 1852 3235 1923 φιλανθρωπίαν
3284 1849 3473 1919 λέγει,
3521 1850 3596 1920 ἣν
3642 1848 3742 1916 τῆς

2145 1950 2379 2027 κρίσεως
2410 1948 2498 2001 διὰ
2525 1947 2686 2000 τοῦτο
2715 1944 3038 2016 προέταξεν,
3081 1943 3205 1995 ἐπεὶ
3239 1941 3488 2011 προτέρᾳ.
3518 1942 3589 2009 τῇ
3622 1939 3742 2005 φιλ,

2146 2037 2432 2108 ανθρωπία
2463 2038 2492 2089 ό
2517 2035 2672 2101 Θεὸς,
2700 2036 2838 2105 μετὰ
2859 2034 2918 2087 δὲ
2947 2031 3124 2086 ταῦτα
3149 2032 3218 2100 τῇ
3247 2031 3432 2101 κρίσει
3459 2030 3742 2099 κέχρηται

2149 2130 2293 2184 κατὰ
2320 2128 2428 2182 τῶν
2459 2127 2863 2198 ἐπιμεινάντων
2894 2126 2962 2195 τῇ
2990 2123 3260 2194 ἁμαρτίᾳ.

2222 2237 2242 2270 ι
2274 2219 2530 2287 Συνάγων
2553 2217 2688 2271 ὼσεῖ
2715 2216 2887 2271 ἀσκὸν
2919 2214 3110 2269 ὕδατα.
3142 2232 3161 2265 ι

2228 2315 2527 2377 Ἀὗύσσους
2567 2312 2625 2367 δὲ
2665 2311 2735 2366 τὰ
2776 2311 2957 2381 πλήθη
2991 2309 3099 2362 τῶν
3132 2305 3340 2360 ὑδάτων
3377 2304 3559 2371 λέγει,
3592 2302 3745 2373 ἅπερ

2148 2409 2207 2463 έν
2241 2405 2583 2477 ἀποκρύφοις
2628 2403 2735 2457 ὑπὸ
2780 2401 2880 2473 τὴν
2920 2401 3026 2468 γῆν
3065 2402 3095 2452 ό
3122 2396 3468 2468 Δημιουργδς
3523 2394 3741 2458 ιταξεν,

2148 2496 2290 2552 ὥστε
2318 2497 2412 2549 καὶ
2432 2494 2574 2549 κατὰ
2593 2492 2750 2547 τοῦτο
2776 2491 2878 2560 τὴν
2906 2488 3073 2544 αὑτοῦ
3104 2488 3299 2555 σοφίαν
3332 2485 3741 2555 θαυμάζεσθαι.

2151 2590 2316 2642 Ὥστε
2351 2587 2449 2658 τὴν
2477 2585 2647 2658 ξηρὰν
2686 2584 2871 2638 ἐπάνω
2897 2581 2996 2651 τῆς
3025 2582 3201 2651 ὑγρᾶς
3231 2577 3574 2648 ἐθεμελίωσε
3594 2618 3610 2642 ,
3650 2576 3745 2629 καὶ

2151 2682 2212 2734 τὸ
2259 2681 2399 2753 βαρὺ
2450 2680 2556 2733 ὑπὸ
2596 2676 2693 2733 τοῦ
2740 2674 3111 2748 ὲλαφροτέρου
3166 2670 3540 2745 βαστάζεσθαι
3582 2669 3748 2723 δέδωο

2153 2791 2267 2828 κεν.

2232 2886 2249 2919 ι
2279 2865 2356 2920 Οὐ
2398 2863 2630 2926 σώζεται
2661 2860 2920 2933 βασιλεὺς
2946 2857 3035 2913 διὰ
3063 2855 3263 2929 πολλὴν
3288 2854 3547 2925 δύναμιν.
3573 2872 3596 2906 ι

546 3033 608 3086 ln
652 3046 855 3088 vanum
884 3030 1052 3102 igitur
1088 3029 1338 3099 corporis
1385 3028 1554 3084 robur
1594 3028 1733 3083 adeo
1771 3043 2048 3094 curamus,

2228 3047 2393 3099 Ὥστε
2427 3044 2606 3114 μάτην
2638 3039 2740 3109 τῆς
2785 3034 2881 3090 τοῦ
2930 3034 3183 3105 σώματος
3218 3032 3404 3101 ἰσχύος
3446 3027 3745 3099 ἐπιμελού-

478 3135 687 3180 temere
719 3139 851 3179 vero
885 3122 1189 3193 potentiam
1226 3123 1296 3177 ab
1334 3121 1622 3186 amnibus,
1655 3121 1848 3176 amicis
1875 3132 1933 3176 et
1957 3136 2056 3190 pe-

479 3214 662 3271 cuniis
710 3215 813 3285 ipsi
870 3214 1026 3269 nobis
1056 3215 1447 3270 vindicamus:
1486 3229 1617 3269 nam
1664 3214 1803 3269 nihil
1855 3223 2056 3284 praeter

481 3307 700 3363 coalitus
724 3306 953 3362 missum
970 3307 1230 3361 auxilium
1253 3321 1473 3361 servare
1494 3322 1597 3361 nos
1615 3315 1817 3377 potest.
1853 3307 2058 3361 Exem-

481 3397 631 3467 plum
662 3411 819 3450 sume
850 3412 881 3450 a
910 3396 1127 3451 Goliath
1162 3407 1217 3450 et
1251 3414 1283 3451 a
1309 3396 1614 3453 Pharaone.
1650 3398 1745 3452 llle
1791 3398 1939 3452 enim
1979 3398 2060 3469 gi-

483 3503 597 3557 gas.
612 3487 1028 3543 robustissimus
1059 3502 1183 3541 cum
1201 3497 1370 3553 esset,
1398 3504 1428 3542 a
1456 3488 1688 3557 simplici
1710 3504 1880 3558 puero
1894 3487 2059 3542 David

484 3577 644 3633 facile
677 3586 968 3648 superatus
1024 3577 1173 3633 fuit:
1218 3579 1309 3634 hic
1357 3578 1611 3637 lsraelem
1658 3579 1894 3634 maxima
1933 3595 2061 3634 cur-

485 3676 644 3725 ruum
695 3678 750 3724 et
798 3684 1066 3739 equorum
1112 3670 1463 3725 multitudine
1494 3683 1857 3741 persecutus,
1911 3684 2062 3726 mare

486 3761 676 3817 habuit
704 3776 804 3830 pro
828 3762 1100 3832 sepulcro.

976 3871 1296 3929 PSALMUS
1333 3872 1579 3928 XXXIII.

556 3960 720 4017 Vens.
748 3962 837 4016 12.
879 3981 899 4014 ι
929 3961 1144 4029 Venite,
1174 3963 1289 4027 lilii,
1319 3964 1503 4018 audite
1532 3979 1640 4018 me.
1665 3983 1684 4015 ι

560 4053 742 4109 Venite
770 4052 923 4116 dicit,
963 4061 1072 4107 tam
1122 4054 1189 4108 iis
1219 4055 1312 4124 qui
1343 4069 1515 4124 prope
1557 4064 1724 4118 sunt,
1784 4069 1949 4124 quam
1997 4055 2065 4109 iis

489 4145 584 4216 qui
612 4143 803 4215 procul
860 4145 1103 4208 absunt,
1183 4152 1246 4197 ut
1310 4143 1365 4197 hi
1428 4143 1650 4213 quidem
1704 4145 1799 4213 qui
1867 4145 2063 4199 remoti

491 4248 652 4305 sunt,
715 4236 941 4309 propius
992 4234 1294 4302 accedant;
1380 4234 1456 4288 illi
1521 4250 1650 4289 vero
1710 4250 1777 4290 ex
1838 4234 2065 4305 propin-

2160 3137 2322 3210 μεθα,
2359 3136 2482 3205 είκῆ
2532 3132 2590 3186 δὲ
2634 3130 2866 3200 δύναμιν
2903 3129 3118 3189 ἑαυτοῖς
3165 3123 3264 3195 τὴν
3295 3122 3404 3176 ἀπὸ
3438 3121 3745 3188 συγγενῶν,

2157 3229 2254 3284 καὶ
2284 3227 2476 3297 φίλων,
2508 3224 2601 3277 καὶ
2629 3220 2863 3275 πλούτου
2894 3214 3298 3287 περιϐάλλομεν
3321 3230 3338 3243 ·
3372 3212 3533 3266 οὐδὲν
3563 3214 3749 3281 ἕτερον

2158 3320 2267 3391 γὰρ
2299 3318 2470 3371 σῶσαι
2498 3314 2620 3384 δίχα
2650 3313 2750 3380 τῆς
2776 3308 3099 3379 συνεργείας
3132 3302 3232 3375 τῆς
3257 3303 3469 3358 ἄνωθεν
3497 3302 3746 3355 δύναται.

2170 3411 2509 3478 ’Υπόδειγμα
2551 3407 2610 3459 δὲ
2652 3405 2746 3457 τὸν
2775 3400 2968 3456 ramo
3001 3399 3096 3453 καὶ
3128 3397 3218 3451 τὸν
3244 3394 3446 3466 Φαραὼ
3476 3394 3745 3464 λάμϐανε.

2171 3504 2231 3558 '0
2260 3503 2357 3573 μὲν
2385 3501 2547 3567 γίγας
2586 3497 2849 3566 ὑπάρχων
2873 3491 3114 3562 ἰσχυρὸς,
3131 3489 3240 3543 ἀπὸ
3263 3487 3357 3541 τοῦ
3380 3485 3555 3541 Δαόὶδ
3576 3482 3749 3540 ἁπλοῦ

2163 3593 2453 3664 παιδαρίου
2490 3589 2805 3657 νενίκηταν
2844 3586 2873 3639 ό
2916 3584 2972 3637 δὲ
3011 3582 3151 3653 μετὰ
3197 3578 3439 3650 πλήθους
3484 3576 3750 3648 ἁρμάτων

2161 3685 2255 3738 τδν
2283 3679 2503 3753 Ἰσραὴλ
2528 3676 2727 3744 διώξας
2755 3674 2928 3743 τάφον
2958 3672 3084 3742 ἔσχε
3112 3669 3210 3740 τὴν
3233 3669 3536 3723 θάλασσαν.

2723 3869 3018 3926 ΨΑΔΜΟΣ
3054 3867 3176 3921 AI".

2244 3988 2263 4022 ι
2292 3968 2479 4032 Δεῦτε,
2519 3965 2710 4031 τέκνα,
2741 3960 3013 4017 ἀκούσατέ
3045 3975 3169 4028 μου.
3199 3975 3218 4010 ι

2238 4062 2438 4127 Δεῦτε,
2469 4058 2621 4126 λέγει
2643 4057 2757 4119 τοῖς
2791 4055 2981 4122 ἐγγὺς,
3015 4050 3245 4112 καὶτοῖς
3270 4045 3580 4118 πόρρωθεν,
3618 4045 3681 4098 ἵν’
3703 4045 3751 4097 οἱ

2171 4157 2269 4228 μὲν
2302 4155 2521 4225 μακρὰν
2548 4152 2869 4220 ἑγγίσωσιν,
2892 4148 2944 4200 οι
2964 4145 3022 4199 δὲ
3042 4144 3211 4213 ἐγγὺς
3237 4140 3535 4211 ἐγγύτερον
3557 4140 3754 4207 γένων-

2179 4264 2280 4311 ται,
2313 4243 2560 4315 ὑπακοὴν
2588 4242 2664 4304 ὡς
2690 4239 2863 4310 πατρὶ
2890 4238 2969 4309 τῷ
2989 4235 3109 4306 Θεῷ
3138 4231 3633 4306 προσκομίζοντες,
3662 4229 3753 4282 καὶ

491 4331 635 4401 quis,
672 4327 1088 4399 propinquiores
1121 4325 1275 4389 ﬁant,
1312 4325 1423 4380 Deo
1457 4333 1716 4395 tanquam
1759 4325 1898 4395 patri
1930 4327 2054 4381 obe-

2176 4342 2338 4411 φόϐον
2377 4339 2523 4391 θεῖον
2561 4332 2888 4405 διδαχθῶσιν
2906 4371 2921 4397 ,
2955 4326 3278 4397 ἀπαλλαγὴν
3318 4325 3414 4378 τοῦ
3449 4323 3627 4394 φόόου
3652 4322 3755 4375 τῶν

493 4422 743 4477 dientes.
803 4426 859 4474 et
906 4416 1149 4472 divinum
1209 4416 1457 4471 timorem
1509 4417 1846 4481 doceantur,
1902 4416 1995 4485 qui
2039 4431 2070 4470 a

495 4513 805 4567 dannonum
825 4520 1035 4566 terrore
1063 4509 1276 4564 liberat.
1301 4508 1460 4565 Unde
1482 4508 1791 4579 subiungit:
1814 4507 2071 4562 Timorem

498 4604 707 4659 Domini
735 4605 923 4659 docebo
945 4620 1055 4658 vos.

951 4716 1277 4773 PSALMUS
1319 4713 1562 4770 XXXIV.

575 4826 594 4859 ι
628 4805 1005 4876 Psalmus~ipsi
1041 4807 1231 4862 David.
1269 4826 1288 4857 ι

568 4899 769 4969 Aperta
803 4897 1020 4966 quidem
1072 4905 1156 4952 est
1201 4896 1394 4969 psalmi
1427 4898 1592 4969 hujus
1620 4899 1906 4969 inscriptio
1935 4916 1950 4953 :
1977 4897 2073 4952 sed

500 4992 554 5045 in
616 4989 876 5044 Davirlem
928 4990 1088 5045 simul
1144 4990 1443 5060 spiritalem
1483 4991 1769 5047 referenda
1809 5000 1929 5056 est,
1981 4989 2076 5060 qui

500 5081 663 5136 etiam
701 5079 870 5135 verba
905 5078 1235 5150 preCationis
1258 5078 1477 5144 format,
1515 5096 1636 5149 quae
1672 5097 1781 5135 non
1816 5080 2079 5135 divinita-

503 5172 574 5226 tis
603 5173 811 5225 ratione
835 5211 851 5235 ,
907 5172 1003 5226 sed
1053 5180 1346 5239 assumptio
1377 5171 1557 5224 carnis
1587 5172 1892 5226 humilitate
1925 5172 2075 5226 testi-

505 5263 699 5315 manda
730 5271 876 5317 sunt.
911 5263 1047 5315 Cum
1074 5263 1220 5315 enim
1253 5262 1605 5331 semetipsum
1631 5272 1910 5332 assumpta
1932 5262 2077 5318 servi

506 5349 676 5404 forma
721 5353 1087 5407 Immiliavcrit
1110 5393 1125 5415 ,
1160 5368 1268 5406 non
1302 5354 1401 5408 abs
1435 5369 1494 5407 re
1526 5354 1797 5424 passionis
1832 5365 2078 5425 tempore

507 5451 625 5495 orat
676 5452 731 5496 et
761 5459 867 5496 una
904 5445 957 5497 in
989 5446 1378 5501 afﬂictionibus
1398 5448 1711 5503 constitutis
1738 5447 1925 5503 orandi
1966 5447 2079 5502 for-

512 5543 652 5584 mam
685 5536 1007 5601 praescribit.

582 5661 604 5694 ⁷
626 5662 813 5719 Matth.
846 5684 931 5734 xv,
962 5671 1017 5725 ll
1047 5689 1063 5738 ;
1089 5671 1253 5729 Marc.
1279 5691 1378 5742 vn,
1406 5675 1495 5731 I5.

2175 4432 2445 4501 δαιμόνων
2475 4428 2808 4499 παρέχοντα,
2835 4424 2959 4478 ὅθεν
2998 4420 3280 4491 ἐπιφέρει·
3314 4419 3509 4473 Φόϐον
3540 4415 3755 4485 Κυρίου

2173 4521 2396 4587 διδάξω
2417 4519 2593 4590 ὑμᾶς.

2740 4710 3037 4766 ΨΑΛΜΟΣ
3074 4708 3196 4763 ΛΔ’.
3260 4712 3263 4717 “

2260 4833 2279 4865 ι
2307 4810 2539 4881 Ψαλμὸς
2568 4807 2648 4876 τῷ
2680 4805 2864 4860 Δαϐἔδ.
2895 4823 2914 4856 ›

2256 4904 2402 4975 Δήλη
2450 4901 2547 4972 μὲν
2597 4899 2628 4968 ἡ
2674 4893 2959 4968 ὶπιγραφὴ
2993 4893 3089 4946 τοῦ
3118 4888 3370 4961 ψαλμοῖν
3404 4888 3484 4951 είς
3516 4883 3683 4940 Δασὶδ
3707 4883 3755 4935 δὲ

2186 4997 2333 5067 ὅμως
2363 4994 2454 5046 τὸν
2486 4989 2677 5061 νοητὸν
2707 4988 3060 5057 ἀναφέρεται,
3084 4984 3141 5048 ὃς
3171 4984 3269 5036 καὶ
3301 4977 3614 5051 προσευχῆς
3640 4977 3758 5030 ὑπο-

2188 5089 2433 5156 κρίνεται
2489 5086 2730 5154 ῥήματα,
2760 5082 2823 5132 οὐ
2856 5083 2920 5149 τῇ
2955 5077 3083 5147 ἀξίᾳ
3124 5075 3301 5147 ταύτῃ
3344 5071 3445 5141 τῆς
3489 5071 3752 5140 θεότητος,

2191 5176 2326 5229 ἀλλὰ
2354 5178 2420 5245 τῇ
2450 5169 2775 5225 ταπεινώσει
2804 5171 2900 5239 τῆς
2934 5164 3354 5237 ἁνθρωπότητος
3379 5162 3649 5233 προσήκει
3684 5159 3758 5210 λο-

2192 5263 2463 5334 γίζεσθαι.
2490 5262 2552 5314 Εἰ
2586 5260 2695 5328 γὰρ
2721 5257 3091 5312 ἐταπείνωσεν
3121 5254 3315 5307 ἑαυτὸν
3350 5249 3567 5322 μορφὴν
3586 5248 3753 5302 δούλου

2192 5354 2395 5419 λαϐὼν,
2429 5353 2658 5414 εἰκότως
2683 5352 2741 5404 ὲν
2778 5349 2858 5420 τῷ
2894 5347 3073 5419 καιρῷ
3104 5345 3199 5399 τοῦ
3233 5344 3440 5406 πάθους
3471 5340 3758 5413 προσεύχε-

2190 5466 2302 5511 ται,
2336 5446 2470 5518 όμοῦ
2519 5445 2613 5499 καὶ
2665 5440 3064 5515 προσεύχεσθαι
3112 5438 3381 5493 διδάσκων
3412 5438 3472 5490 ἐν
3511 5436 3634 5500 ταῖς
3658 5434 3759 5487 θλί-

2189 5538 2336 5591 abeat.
