4032 6222
271 307 408 372 1189

343 440 362 472 ‹
393 419 646 482 Δίκασον,
675 420 870 489 Κύριε.
907 438 924 470 ι

335 511 476 573 Τοὺς
511 511 607 580 μὲν
639 511 960 572 ἀδικοῦντας
994 510 1284 574 Ἰουδαίους
1319 511 1489 580 λέγει,
1517 512 1780 582 δαίμονας
1801 513 1857 566 δὲ

264 604 390 664 τοὺς
414 601 788 670 πολεμοῦντας
809 617 822 629 ·
851 601 1051 663 οἵτινες
1079 601 1145 654 δι’
1168 604 1319 673 ἡμᾶς
1349 603 1442 656 τὸν
1459 604 1696 673 Χριστὸν
1727 605 1857 656 ἐπο-

267 693 324 745 λέ
335 709 534 762 μησαν.
561 691 798 755 Τούτους
828 693 1226 765 πολεμηθῆναι,
1259 697 1510 750 τουτέστι
1572 713 1855 768 καταργη-

270 785 450 858 θηναι,
482 784 758 854 βούλεται.

345 895 366 929 ι
387 876 620 928 Ἐλθέτω
650 875 800 946 αὐτῷ
825 876 991 944 παγὶς
1022 878 1087 948 ἢν
1115 877 1176 930 οὐ
1204 879 1483 946 γινώσκει.
1517 899 1535 932 ι

340 971 434 1033 Εἰς
471 969 672 1022 Ἰούδαν
699 971 791 1022 τὸν
825 972 1096 1041 προδότην
1121 971 1299 1035 τοῦτο,
1328 972 1465 1025 ἀλλὰ
1499 973 1607 1044 μὴν
1652 973 1746 1026 καὶ
1777 975 1858 1038 εἰς

269 1061 360 1115 τδν
390 1061 518 1115 λαὸν
543 1063 652 1115 τῶν
686 1063 981 1127 Ἰουδαίων,
1005 1063 1086 1116 ἔτι
1113 1064 1169 1116 δὲ
1198 1067 1293 1117 καὶ
1327 1067 1406 1127 εἰς
1435 1065 1599 1118 αὐτὸν
1627 1065 1718 1118 τὸν
1745 1065 1857 1118 διά-

274 1154 434 1208 ϐολον
466 1155 703 1224 εἴρηται.
721 1155 779 1208 ⁸0
805 1155 902 1224 μὲν
927 1157 1037 1226 γὰρ
1069 1155 1269 1219 Ἰούδας
1298 1158 1378 1219 εἰς
1406 1157 1501 1227 τὴν
1535 1157 1736 1224 παγίδα
1758 1158 1860 1226 τῆς

277 1248 516 1318 ἀγχόνης
547 1247 803 1300 ἐνέπεσεν
823 1264 836 1276 °
893 1249 921 1299 ό
968 1247 1025 1300 δὲ
1054 1247 1183 1302 λαὸς
1211 1250 1319 1300 τῶν
1357 1249 1650 1314 Ἰουδαίων,
1683 1267 1857 1317 παγι-

271 1336 447 1388 δεύειν
479 1336 727 1404 νομίσας,
753 1335 1124 1403 παγιδεύεται,
1159 1337 1250 1388 καὶ
1276 1336 1380 1388 ὑπὸ
1409 1337 1508 1404 τὴν
1539 1336 1704 1389 αὑτοῦ
1729 1354 1857 1389 συν-

271 1429 480 1498 ελήφθη
519 1429 710 1498 θήραν.
747 1427 1024 1489 Ὡσαύτως
1052 1431 1080 1480 ὁ
1113 1427 1378 1491 διάϐολος,
1410 1427 1507 1498 τὴν
1540 1429 1744 1496 παγίδα
1763 1429 1856 1482 τοῦ

271 1519 509 1588 σταυροῦ
541 1518 869 1588 μελετήσας,
902 1519 990 1571 διὰ
1019 1517 1114 1571 τοῦ
1148 1520 1387 1588 σταυροῦ
1413 1520 1512 1590 τῆς
1541 1520 1736 1573 ἑαυτοῦ
1761 1520 1858 1588 βα-

271 1610 474 1673 σιλείας
508 1610 786 1673 ἐξέπεσεν.

345 1719 363 1751 ι
389 1700 842 1753 Ἀνταπεδίδοσάν
880 1719 971 1767 μοι
1018 1701 1252 1771 πονηρά.
1285 1722 1303 1753 ι

1417 310 1882 372 FRAGMENTA
1926 313 2008 372 ΙΝ
2050 315 2410 375 I'SALMOS.

3404 319 3539 384 1190

2035 422 2197 479 Vens.
2237 427 2287 480 l.
2337 426 2594 490 «Judica,
2634 428 2884 483 Domine.
2916 449 2933 479 ι

2029 515 2302 571 Nocentes
2318 519 2537 586 quidem
2567 520 2784 575 Judaeos
2801 521 3084 593 intelligit;
3106 523 3385 579 daemones
3409 538 3540 578 vero

1959 617 2338 678 Oppugnantes
2359 647 2373 668 ,
2415 610 2506 678 qui
2558 621 2782 681 propter
2808 627 2909 666 nos
2935 612 3214 668 Christum
3253 628 3539 684 oppugna—

1958 700 2110 754 bant.
2149 699 2258 754 Hos
2281 703 2601 772 expugnari,
2641 704 2744 758 hoc
2767 713 2850 758 est
2878 746 2892 769 ,
2935 720 3125 760 eorum
3157 716 3387 761 conatus
3415 703 3508 760 irri

1960 797 2046 844 tos
2077 789 2193 843 ﬁeri
2225 791 2395 860 cupit.

2028 876 2197 933 Vens.
2231 879 2283 933 8,
2334 899 2352 932 ς
2392 880 2589 936 Veniat
2618 883 2693 937 illi
2726 885 2951 954 laqueus
2976 901 3137 955 quem
3169 888 3402 956 ignorat.
3442 907 3464 940 ι

2031 968 2088 1022 In
2116 967 2309 1024 Judam
2350 973 2722 1040 proditorem,
2773 990 2985 1028 necnon
3047 977 3102 1028 in
3137 977 3399 1045 populum
3442 974 3539 1031 Ju-

1959 1057 2223 1124 daaorum,
2245 1071 2406 1130 atque
2431 1064 2658 1132 insuper
2683 1065 2737 1118 in
2769 1065 3045 1119 diabolum
3076 1066 3275 1135 ipsum,
3313 1068 3416 1121 hoc
3455 1069 3539 1122 di-

1959 1157 2108 1202 ctum
2133 1159 2237 1204 est.
2280 1151 2414 1205 Nam
2437 1151 2604 1208 Judas
2623 1157 2844 1224 quidem
2879 1157 2934 1210 in
2965 1158 3218 1227 laqueum
3250 1162 3370 1216 colli
3405 1161 3538 1215 inci-

1959 1241 2040 1294 dit
2069 1260 2082 1294 :
2122 1244 2353 1312 populus
2381 1259 2513 1298 vero
2541 1246 2874 1313 Judaeorum,
2901 1263 3026 1302 cum
3056 1250 3349 1318 illaqueare
3379 1262 3538 1321 puta-

1961 1341 2064 1396 ret,
2093 1333 2436 1403 illaqueatur,
2463 1347 2517 1391 et
2541 1353 2636 1391 sua
2661 1339 2832 1408 ipsius
2865 1349 3090 1410 captura
3113 1343 3539 1412 comprehensus

1960 1432 2062 1477 est.
2093 1425 2358 1478 Similiter
2378 1443 2596 1496 quoque
2624 1430 2894 1494 diabolus,
2926 1447 3052 1485 cum
3083 1433 3335 1501 laqueum
3358 1434 3538 1489 crucis

1959 1515 2342 1585 excogitasset,
2372 1532 2469 1587 per
2495 1533 2713 1572 crucem
2737 1535 2905 1590 regno
2933 1535 3036 1574 suo
3069 1522 3289 1576 excidit.

2032 1696 2196 1753 Vens.
2226 1699 2315 1752 12.
2363 1717 2381 1750 ι
2412 1697 2808 1753 lietribuebant
2842 1700 2973 1752 mihi
3017 1701 3180 1754 mala.
3211 1720 3228 1751 ι

356 1790 568 1860 Ἑαυτῷ
595 1791 705 1862 γὰρ
729 1793 831 1862 τὴν
863 1793 972 1843 τῶν
1000 1792 1272 1845 Ἰουδαίων
1293 1792 1598 1863 ἀκαρπίαν,
1617 1791 1693 1856 ὡς
1713 1793 1855 1846 οἰκο-

2025 1788 2340 1843 Judaeorum
2373 1791 2518 1843 enim
2546 1789 2888 1843 sterilitatem
2925 1790 3028 1844 sibi
3082 1791 3183 1860 ipsi
3208 1791 3533 1858 ascribehat,

265 1881 536 1951 δεσπότης
563 1885 656 1933 καὶ
682 1881 952 1952 γεωργδς,
986 1882 1284 1950 ἐλογίζετο.

344 1992 363 2025 ί
390 1974 479 2036 Ὠς
506 1973 757 2043 πλησίον,
793 1974 889 2026 καλ⁵
917 1975 992 2037 ὡς
1021 1974 1267 2044 ἀδελφόν.
1305 1993 1322 2026 ι

339 2066 452 2134 Τὴν
487 2068 622 2133 πρὸς
648 2066 737 2117 τὸν
774 2064 977 2118 Ἰούδαν
1006 2060 1160 2134 λέγει
1190 2066 1557 2136 συμπάθειαν,
1589 2067 1738 2129 ὅπως
1762 2067 1860 2118 αύ-

265 2154 344 2224 τῷ
378 2157 472 2208 καὶ
499 2157 558 2207 τδ
580 2155 970 2225 γλωσσόκομον
1000 2154 1314 2225 βαστάζειν,
1346 2158 1440 2209 καὶ
1471 2157 1630 2227 μόνον
1654 2156 1860 2226 συμϐά-

268 2265 425 2300 πτειν
467 2247 545 2310 είς
582 2246 835 2316 τρυϐλίον
873 2248 1198 2316 ἐπέτρεψεν,
1230 2247 1305 2311 ὡς
1335 2248 1564 2317 ἀδελφὸν
1593 2249 1690 2301 καὶ
1719 2247 1857 2318 πλη-

271 2340 406 2392 σίον.
434 2339 687 2408 Ἀδελφὸς
723 2341 1055 2410 εὑαρεστῶν,
1099 2342 1379 2393 τουτέστιν
1410 2343 1659 2411 ἀρέσκων
1685 2340 1853 2411 αὐτῷ,

268 2435 362 2485 καὶ
388 2431 567 2493 καλῶς
593 2434 651 2482 ὲν
678 2430 851 2484 ἅπασι
883 2431 1184 2502 χρώμενος.

347 2541 366 2574 ι
409 2523 738 2592 Ἐπείρασάν
792 2540 900 2592 με,
956 2523 1398 2594 ἐξεμυκτήρισάν
1453 2541 1522 2594 με
1584 2542 1854 2596 μυκτηρι-

270 2616 413 2688 σμῷ.
449 2635 466 2667 ι

343 2712 503 2772 Ἴσως
540 2709 640 2779 μὲν
667 2711 763 2762 καὶ
791 2710 918 2772 τοὺς
951 2709 1171 2772 ὀδόντας
1199 2708 1257 2773 ἐξ
1284 2708 1570 2779 ὠμότητος
1601 2710 1851 2782 ἔϐρυχον,

281 2801 565 2872 μονονουχὶ
621 2800 896 2870 μάσασθαι
946 2801 1038 2852 τὸν
1083 2800 1288 2869 Ἰησοῦν
1335 2800 1671 2870 βουλόμενοι.
1710 2803 1854 2872 Πλὴν

272 2893 520 2964 βρυγμὸς
566 2892 796 2944 ὀδόντων
841 2895 936 2944 καὶ
981 2895 1012 2955 ἡ
1048 2895 1216 2946 κακία
1247 2895 1279 2963 ἡ
1307 2896 1365 2945 ὲν
1405 2895 1583 2961 λόγοις
1614 2894 1852 2962 λέγεται.

266 2987 374 3039 ἰ’δν
405 2984 626 3055 Πατέρα
656 2980 751 3037 οὖν
779 2985 1029 3038 ἐϐούλετο
1057 2987 1312 3056 μάρτυρα
1342 2987 1484 3040 κατά
1509 2986 1616 3039 τῶν
1647 2989 1728 3051 είς
1759 2989 1855 3040 αύ-

1961 1889 2216 1950 tanquam
2250 1882 2639 1951 paterfamilias
2667 1891 2722 1936 et
2749 1884 3001 1952 agricola.

2033 1974 2199 2028 Vens.
2229 1973 2314 2026 M.
2365 1993 2382 2024 ι
2413 1973 2578 2038 Quasi
2613 1976 2942 2042 proximum,
2975 1984 3030 2029 et
3059 1976 3214 2044 quasi
3239 1975 3478 2030 fratrem.
3513 1995 3532 2027 ι

2027 2061 2300 2117 Aﬂ‘ectum
2329 2064 2384 2116 in
2403 2064 2598 2118 Jutlam
2621 2067 2878 2130 ostendit,
2912 2077 2972 2121 ut
2998 2067 3174 2121 eidem
3199 2068 3536 2137 marsupiutn

1959 2153 2335 2218 concrederet,
2356 2163 2409 2208 et
2429 2169 2550 2208 eum
2589 2155 2764 2209 solum
2801 2171 3022 2210 manum
3051 2159 3320 2228 intiugere
3351 2174 3538 2212 secum

1959 2244 2012 2297 in
2064 2244 2267 2309 catino,
2296 2261 2396 2300 ceu
2429 2245 2651 2300 fratrem
2699 2255 2756 2302 et
2794 2248 3124 2318 proximum,
3171 2251 3533 2318 permitteret.

1959 2335 2148 2390 Frater
2174 2338 2538 2406 complacens,
2591 2339 2644 2392 id
2673 2347 2776 2403 est,
2835 2341 3056 2410 placens
3090 2341 3166 2396 illi
3204 2342 3404 2396 dicitur
3430 2385 3445 2408 ,
3480 2354 3538 2398 et

1957 2427 2079 2496 ejus
2105 2443 2272 2497 Opera
2306 2429 2360 2482 in
2391 2431 2652 2486 omnibus
2683 2439 2862 2486 utens.

2029 2519 2192 2574 Vens.
2220 2521 2306 2575 16.
2355 2541 2373 2572 ι
2404 2523 2775 2578 Tentaverunt
2803 2540 2910 2589 me,
2943 2527 3416 2582 subsannaverunt
3445 2542 3533 2582 me

1959 2613 2408 2666 subsannatione.
2448 2632 2466 2664 ι

2031 2704 2300 2759 Fortassis
2328 2707 2490 2760 etiam
2520 2723 2582 2761 ex
2615 2707 2954 2762 immanitate
2993 2709 3248 2764 dentibus
3273 2710 3532 2765 frenduc-

1959 2806 2107 2858 runt,
2142 2803 2468 2851 tantumnon
2502 2798 2687 2852 Jesum
2749 2799 3008 2854 mandere
3058 2800 3324 2854 volentes.
3361 2800 3535 2855 Czctc‘

1959 2907 2079 2945 rum
2103 2892 2307 2946 stridor
2336 2892 2583 2946 dentium
2617 2893 2780 2946 etiam
2807 2893 3009 2948 malitia
3044 2911 3360 2950 sermonum
3389 2911 3533 2949 nun-

1957 2993 2210 3052 cupatur.
2244 2983 2384 3036 Hinc
2424 2983 2636 3036 Patrem
2670 2993 2861 3038 testem
2917 2985 3134 3039 volebat
3187 3001 3309 3039 esse
3345 2998 3532 3040 contra

266 3079 360 3131 τὸν
389 3075 860 3146 βλασφημούντων
882 3077 1163 3148 ἐσόμενον.
1179 3077 1340 3131 Ὅθεν
1360 3078 1638 3148 ἐπιφέρει·
1656 3080 1849 3148 Κύριε,

1958 3089 2054 3126 eos
2083 3073 2173 3141 qui
2201 3073 2463 3126 adversus
2492 3071 2669 3140 ipsum
2703 3072 3178 3142 blaSphemabant.
3213 3075 3370 3130 Unde
3398 3077 3532 3130 sub-

269 3172 416 3222 πότε
458 3169 698 3237 suum;

838 3279 1133 3333 ΨΛΛΜΟΣ
1167 3279 1290 3334 AE'.

346 3388 364 3420 ε
395 3372 564 3440 Φησὶν
589 3371 618 3421 ό
653 3369 970 3440 παράνομος
994 3371 1087 3424 τοῦ
1117 3373 1478 3444 ἁμαρτάνειν.
1513 3391 1532 3424 ι

344 3464 456 3532 Οὐχ
497 3462 684 3524 ἁπλῶς
736 3463 1073 3532 παράνομον,
1110 3465 1248 3518 ἀλλὰ
1293 3465 1384 3516 τὸν
1433 3463 1734 3534 ὑποκριτὴν
1765 3465 1857 3517 καὶ

268 3554 440 3606 δόλιον
473 3557 501 3606 ὁ
530 3554 746 3624 ψαλμδς
779 3553 1116 3618 ὑποτίθεται,
1142 3555 1231 3607 τὸν
1276 3554 1443 3608 πολὺν
1493 3557 1550 3608 ὲν
1597 3558 1662 3625 τῇ
1711 3555 1855 3626 ψυχῇ

275 3644 538 3716 βόρϐορον
573 3646 920 3715 παρανομίας
948 3645 1158 3715 ἔχοντα,
1191 3647 1284 3698 καὶ
1317 3646 1405 3698 διὰ
1430 3645 1588 3698 τοῦτο
1628 3645 1855 3714 λέγοντα

273 3737 332 3786 ὲν
367 3734 548 3804 ἑαυτῷ
579 3734 672 3786 τοῦ
705 3737 1043 3807 ἁμαρτάνειν
1083 3735 1500 3805 ἀποτιθέμενον.
1536 3737 1632 3788 Διὰ
1678 3737 1730 3789 τί
1776 3738 1852 3802 δὲ,

273 3825 344 3875 ἐν
388 3823 600 3890 ἐαυτῷ,
648 3825 832 3893 λέγει;
898 3827 1116 3896 Ἐπειδὴ
1167 3826 1342 3878 ταῦτα
1387 3825 1662 3894 λογίζεται
1712 3828 1855 3900 ἅπερ

275 3917 525 3986 φανερῶς
549 3919 722 3970 εἰπεῖν
747 3919 779 3989 ἢ
808 3917 1054 3988 φοϐεῖται
1102 3918 1136 3988 ἢ
1174 3919 1514 3988 αἰσχύνεται.

348 4120 366 4152 ι
393 4100 844 4172 Μεθυσθήσονται
871 4102 977 4155 ἀπὸ
1004 4102 1258 4174 πιότητος
1284 4103 1455 4157 οἴκου.
1481 4121 1500 4154 ι

342 4189 516 4258 Οἶκος
547 4193 642 4246 τοῦ
674 4193 833 4258 Θεοῦ,
861 4195 920 4246 τὸ
959 4193 1119 4265 σῶμα
1144 4195 1330 4259 αὐτοῦ,
1363 4195 1580 4262 πιότης
1608 4194 1668 4247 τὸ
1694 4193 1857 4265 ἐκχυ-

268 4285 362 4336 (tv
388 4286 496 4337 ἀπὸ
521 4285 621 4354 τῆς
655 4286 896 4354 πλευρᾶς
927 4281 1067 4356 αἷμα
1094 4287 1188 4339 καὶ
1211 4287 1376 4358 ὕδωρ,
1409 4286 1468 4352 ἐξ
1496 4282 1667 4356 οὗπερ
1693 4288 1740 4339 οἱ
1764 4305 1855 4338 πι-

270 4378 390 4431 στοὶ
421 4379 622 4441 πάντες
655 4360 829 4447 μέθην
869 4381 1139 4448 σωτήριον
1171 4380 1574 4450 ἐμεθύσθημεν.
1607 4380 1853 4448 Χείμαρο

257 4472 374 4537 ρος
403 4470 511 4540 γὰρ
553 4470 786 4539 τρυφῆς
826 4472 895 4524 τὰ
942 4473 1035 4525 τοῦ
1063 4472 1298 4543 Χριστοῦ
1330 4472 1498 4542 πάθη.
1541 4473 1854 4543 Χείμαρρος

269 4563 394 4632 μὲν,
444 4563 633 4634 ἐπειδὴ
683 4565 739 4617 ἐν
784 4565 937 4635 ἀκμῇ
985 4565 1076 4617 τοῦ
1121 4565 1392 4635 χειμῶνος
1435 4565 1533 4635 τῆς
1580 4565 1857 4635 ἡμετέρας

265 4656 542 4725 ἁμαρτίας
584 4657 905 4726 ἐπράττετο,
967 4657 1056 4710 ὅτε
1099 4659 1246 4708 πᾶσα
1289 4656 1387 4726 μὲν
1425 4655 1593 4728 ἁρετὴ
1618 4695 1631 4719 ,
1669 4655 1856 4725 ἀγάπη

261 4747 325 4798 δὲ
355 4746 586 4815 μάλιστα
625 4750 656 4817 ἡ
690 4747 826 4816 πρὸς
857 4747 989 4801 Θεὸν
1014 4747 1308 4818 ψυγὴσασα
1335 4747 1858 4817 ἐνενέκρωτο.”Ωστε

261 4837 361 4888 τὸν
393 4840 680 4908 προφήτην
715 4839 992 4910 Ζαχαρίαν
1034 4841 1160 4910 περὶ
1198 4839 1297 4908 τῆς
1328 4839 1540 4908 ἡμέρας
1565 4837 1661 4890 τοῦ
1697 4856 1861 4891 σταυ-

262 4925 366 4999 ροῦ
393 4927 570 4996 λέγειν
591 4946 605 4960 ο
653 4931 755 4982 Ἐν
790 4929 864 4997 τῇ
894 4930 1084 4998 ἡμέρῃ
1110 4931 1315 4998 ἐκείνῃ
1350 4933 1461 4984 οὐκ
1492 4929 1663 4983 ἔσται
1703 4929 1846 4998 φῶς·

260 5021 468 5089 ψύχος
514 5022 610 5074 καὶ
657 5025 914 5091 παγετός
963 5023 1136 5075 ἔσται
1167 5021 1397 5090 ’ἡμέρα
1419 5021 1649 5092 μεγάλη
1695 5021 1849 5074 ἐστί.

261 5112 495 5182 Τρυφῆς
545 5113 600 5165 δὲ
645 5114 870 5176 εἰκότως
915 5113 1150 5180 ἐλέγετο.
1188 5112 1400 5182 Σφόδρα
1425 5111 1532 5180 γὰρ
1563 5113 1591 5164 ὁ
1620 5110 1852 5180 Χριστὸς

262 5204 540 5272 ἑνετρύφα
581 5207 694 5268 τοῖς
741 5206 877 5275 ὑπὲρ
913 5205 1068 5276 ἡμῶν
1101 5207 1348 5270 πάθεσιν,
1387 5204 1479 5256 τοῦ
1516 5221 1571 5255 τε
1603 5203 1850 5256 διαϐόλου

261 5295 647 5360 καταπαίζων,
683 5298 776 5350 καὶ
808 5297 948 5367 ὑπὲρ
975 5298 1074 5367 τῆς
1109 5297 1215 5349 τῶν
1251 5294 1552 5366 ἀνθρώπων
1580 5295 1853 5364 σωτηρίας

262 5385 547 5456 ὴῶμενος.
584 5389 785 5441 Τοῦτον
815 5393 962 5459 ἡμᾶς
989 5391 1081 5442 τὸν
1119 5389 1458 5460 χειμάρρουν
1502 5388 1600 5455 τῆς
1645 5387 1853 5458 τρυφῆς

264 5481 549 5548 μυστικῶς
582 5482 812 5544 ποτίζει.
831 5484 902 5535 Τδ
924 5485 1031 5553 γὰρ
1061 5482 1152 5534 τοῦ
1187 5484 1457 5535 Δεσπότοό
1487 5481 1656 5544 πάθος
1711 5497 1853 5552 μαρον

257 5561 455 5634 ’κύριον
484 5571 596 5630 τοῖς
624 5569 833 5633 δούλοις
861 5571 1178 5641 γεγένηται.

341 5701 362 5733 ⁸
391 5702 555 5760 Zach.
581 5723 693 5771 xw,
720 5709 818 5764 .16.

1950 3163 2134 3233 jungit
2158 3181 2172 3217 ς
2204 3163 2442 3230 Domine,
2478 3167 2691 3236 quando
2717 3167 3004 3233 respicies?

2447 3279 2766 3335 PSALMUS
2793 3279 3007 3333 XXXV.

2025 3366 2191 3422 Vens.
2223 3368 2276 3423 2.
2321 3389 2338 3420 ι
2369 3370 2513 3424 Dixit
2539 3371 2773 3439 injustas
2809 3381 2868 3424 ut
2894 3371 3194 3439 delinquat.
3225 3388 3245 3422 ι

2025 3457 2144 3512 Non
2190 3460 2510 3530 simpliciter
2545 3463 2833 3531 injustam,
2860 3462 2954 3517 sed
2987 3462 3323 3532 liypocritam
3351 3471 3409 3516 et
3437 3461 3536 3517 do-

1954 3550 2131 3604 losutn
2177 3551 2263 3604 hic
2291 3553 2534 3621 psalmus
2561 3554 2839 3622 proponit,
2870 3569 2998 3607 eum
3033 3554 3244 3608 scilicet
3275 3554 3366 3622 qui
3401 3555 3535 3608 mul-

1958 3650 2070 3694 tum
2133 3641 2186 3693 in
2237 3642 2418 3696 anima
2473 3643 2774 3711 iniquitatis
2828 3660 3046 3698 cumam
3097 3647 3417 3709 contineat;
3479 3652 3536 3697 et

1955 3730 2159 3785 idcirco
2187 3731 2394 3786 inducit
2432 3733 2704 3787 dicentem
2741 3735 2794 3786 in
2825 3733 3140 3803 semetipso,
3182 3737 3326 3802 quod
3356 3735 3532 3788 delin-

1954 3837 2122 3892 quere
2147 3831 2372 3878 statuat.
2406 3823 2511 3878 Sed
2538 3840 2635 3878 cur
2655 3826 2808 3888 dixit,
2843 3825 3198 3894 Insemetipso
3215 3829 3240 3880 ?
3265 3827 3531 3892 Quoniam

1955 3928 2016 3965 ca
2052 3926 2235 3965 secum
2267 3914 2448 3966 animo
2481 3923 2694 3978 versat,
2749 3932 2870 3984 quae
2918 3916 3094 3985 palam
3155 3918 3399 3987 proferre
3449 3919 3533 3973 vel

1957 4004 2112 4057 timet
2168 4003 2251 4057 vel
2283 4005 2578 4058 erubescit.

2026 4094 2191 4148 Vsus.
2224 4095 2298 4157 9..
2321 4113 2338 4146 ‹
2379 4095 2796 4150 lnebriabuntur
2825 4098 2894 4152 ab
2924 4099 3170 4154 ubertate
3201 4099 3416 4155 domus.
3451 4120 3470 4152 ι

2029 4186 2224 4239 Domus
2258 4187 2374 4250 Dei,
2407 4203 2607 4258 corpus
2646 4190 2765 4258 ejus
2792 4200 2914 4257 est;
2950 4193 3184 4256 ubertas,
3232 4193 3452 4263 sanguis
3479 4203 3536 4248 et

1956 4294 2094 4347 aqua
2116 4294 2234 4347 quas
2253 4295 2283 4332 e
2313 4279 2482 4334 latere
2508 4281 2626 4350 ejus
2647 4282 2874 4347 ellluxit,
2900 4299 2966 4337 ex
2998 4300 3102 4353 qua
3126 4284 3310 4338 ﬁdeles
3341 4301 3535 4339 omnes

1958 4373 2180 4426 salutari
2236 4373 2502 4427 ebrietate
2559 4375 2814 4429 inebriati
2863 4393 3072 4431 sumus.
3127 4377 3347 4431 Torreus
3385 4378 3530 4432 enim

1959 4468 2242 4536 voluptatis
2268 4508 2283 4532 ,
2336 4468 2487 4522 fuere
2525 4467 2724 4524 Christi
2767 4486 2960 4539 paenae.
3001 4471 3238 4526 Torrcns
3287 4472 3532 4542 quidem,

1957 4559 2214 4627 quoniam
2269 4559 2324 4612 in
2374 4560 2554 4613 media
2591 4561 2769 4615 hieme
2817 4573 3163 4630 peccatorum
3215 4572 3530 4617 nostrorum

1960 4652 2256 4722 contigere,
2293 4652 2515 4720 quando
2546 4652 2722 4706 virtus
2755 4655 2954 4719 omnis,
3005 4664 3062 4708 et
3099 4657 3371 4724 praecipue
3397 4657 3533 4711 cha-

1960 4739 2092 4792 ritas
2122 4740 2176 4792 in
2208 4738 2399 4805 Deum,
2455 4741 2654 4812 frigida
2687 4741 2876 4797 ell‘ecta
2897 4785 2909 4809 ,
2938 4745 3049 4813 jam
3077 4745 3342 4800 exstincta
3372 4755 3530 4811 erat;

1961 4831 2031 4885 ita
2063 4834 2425 4887 utZacharias
2448 4837 2709 4904 propheta
2737 4837 2804 4891 de
2825 4837 2911 4890 die
2941 4839 3120 4893 crucis
3145 4840 3290 4894 dicat
3315 4858 3328 4892 :
3355 4840 3419 4894 In
3449 4843 3533 4895 die

1959 4922 2055 4977 ilia
2095 4941 2196 4977 non
2236 4926 2336 4979 crit
2393 4926 2526 4992 lux;
2565 4929 2733 4999 frigus
2787 4939 2836 4982 et
2869 4931 2986 4999 gelu
3019 4933 3116 4984 erit
3148 4948 3165 4985 :
3195 4934 3305 4986 dies
3340 4950 3532 5003 magna

1959 5025 2032 5068 est
2063 5015 2104 5070 ⁸.
2163 5009 2469 5087 Voluptatis
2521 5028 2702 5072 autem
2753 5022 2949 5075 merito
3008 5022 3290 5076 dicebatur
3332 5024 3534 5078 :valde

1959 5109 2105 5160 enim
2139 5109 2390 5164 Christus
2425 5112 2796 5179 deliciabatur,
2841 5130 2965 5167 cum
3001 5130 3100 5183 pro
3132 5115 3288 5168 nobis
3319 5124 3534 5182 patere-

1960 5210 2065 5263 tur,
2084 5201 2297 5254 diabolo
2321 5201 2572 5269 illudens,
2603 5213 2655 5258 ct
2675 5205 2741 5259 de
2773 5207 2944 5260 salute
2970 5207 3247 5260 hominum
3270 5205 3534 5275 gaudens.

1963 5290 2074 5346 lloc
2132 5301 2373 5347 torrente
2426 5295 2720 5365 voluptatis
2773 5299 3000 5368 mystice
3032 5313 3133 5351 nos
3174 5305 3328 5366 potat
3361 5314 3374 5350 :
3408 5313 3533 5351 nant

1962 5384 2174 5438 Domini
2213 5389 2511 5455 perpessio,
2547 5390 2864 5461 martyrium
2899 5389 3070 5444 servis
3098 5389 3239 5444 facta
3287 5400 3392 5446 est.
