4044 6228
936 342 1261 402 PSALMUS
1317 338 1564 395 XXXVI.

549 446 715 502 Vm.
741 441 832 496 29.
887 458 910 492 ι
949 438 1143 494 Iunior
1173 436 1272 491 fui.
1312 454 1332 489 ι

547 532 779 588 Pulchre
799 545 904 586 nos
923 527 1115 599 iudicii
1144 540 1421 582 memores
1439 523 1590 588 facit,
1610 536 1702 586 ne,
1727 535 1910 576 rerum
1938 531 2060 588 qua:

478 624 569 679 hic
599 620 756 686 tlunt,
792 619 1179 677 confusionem
1204 617 1477 678 videntes,
1518 613 1777 668 virtutem
1817 609 2060 681 negliga-

480 730 624 779 mus,
649 715 770 769 viso
793 714 995 783 probos
1024 712 1170 767 viros
1196 709 1340 781 apud
1365 706 1613 763 homines
1633 720 1759 760 esse
1780 700 2057 774 inglorios.

480 814 537 862 et
565 803 953 861 aﬁlictionibus
983 800 1193 857 vexari.
1230 797 1352 854 Non
1399 797 1547 853 enim
1587 794 1937 862 derelinquat
1962 804 2059 845 eos

482 896 651 959 Deus,
679 897 789 950 hoc
813 903 918 957 est,
942 908 1049 947 non
1075 890 1376 960 despiciet;
1410 889 1507 944 sed
1532 887 1594 942 in
1615 887 1859 942 futurum
1883 897 2058 939 saecu-

481 988 597 1042 lum
622 1002 716 1043 eos
743 993 947 1052 servat,
970 985 1065 1040 ubi
1085 982 1299 1038 inﬁnita
1334 991 1419 1038 est
1443 981 1711 1036 bonorum
1747 974 2056 1033 retributio.

967 1163 1287 1220 PSALMUS
1314 1160 1586 1217 XXXVII.

554 1257 725 1314 Vsus.
749 1260 804 1313 5.
848 1275 871 1310 ι
897 1257 1169 1324 Quoniam
1203 1256 1414 1327 sagittae
1445 1262 1551 1308 tuae
1579 1250 1761 1307 inﬁxae
1779 1255 1927 1304 sunt.
1963 1266 1984 1300 ι

553 1351 670 1407 Non
702 1360 911 1406 temere
940 1364 1044 1419 pro
1065 1349 1184 1418 ipso
1211 1360 1411 1419 genere
1435 1344 1677 1399 humano
1706 1340 1872 1396 etiam
1896 1337 2058 1394 Chri-

483 1453 600 1498 stus
634 1442 752 1496 hac
783 1441 922 1512 petit
951 1455 985 1494 a
1017 1438 1186 1493 Patre
1212 1453 1333 1492 suo.
1369 1437 1477 1491 Sed
1522 1435 1779 1505 quoniam
1801 1472 1818 1498 ,
1858 1429 2057 1501 inquit,

482 1541 603 1595 quae
637 1526 693 1579 in
725 1540 820 1579 eos
860 1525 1058 1579 intorta
1081 1531 1240 1578 erant
1270 1523 1469 1592 iacula,
1510 1523 1618 1575 hoc
1664 1529 1768 1585 est,
1803 1534 2062 1590 quaecun-

482 1629 590 1685 que
620 1615 791 1685 plagae
822 1621 1046 1684 propter
1074 1614 1247 1669 Adam
1291 1628 1640 1671 communem
1689 1621 1949 1667 naturam
1972 1611 2059 1665 in-

482 1715 758 1773 vaserant,
796 1706 853 1759 in
884 1721 971 1760 me
996 1705 1177 1761 inﬁxae
1202 1716 1352 1762 sunt.
1378 1706 1512 1760 Nam
1543 1721 1667 1761 cum
1697 1719 1796 1777 ego
1839 1720 1937 1775 pro
1964 1718 2062 1776 ge-
2091 1676 2136 1736 Β

483 1809 617 1849 nere
647 1795 889 1849 humano
913 1804 1139 1865 peccata
1162 1796 1526 1866 susceperim,
1553 1796 1867 1850 necessario
1894 1797 2061 1850 etiam

483 1902 584 1957 pro
613 1887 717 1942 illis
751 1888 921 1943 subeo
947 1887 1313 1957 disciplinam.
1352 1888 1417 1943 Et
1454 1889 1582 1944 ideo
1602 1888 1941 1944 conﬁrmasti
1971 1903 2060 1943 su-

483 1993 583 2048 per
612 1992 699 2033 me
728 1993 950 2033 manum
980 1986 1128 2034 tuam
1151 1981 1564 2049 corrcptricem,
1596 1979 1664 2034 de
1694 1994 1807 2050 qua
1822 1978 1923 2035 Job
1942 1978 2058 2034 ait:

483 2070 671 2126 Manus
700 2071 915 2126 Domini
943 2073 1113 2142 tetigit
1143 2089 1224 2127 me
1254 2073 1298 2128 ⁸.

951 2254 1268 2311 PSALMUS
1306 2252 1609 2309 XXXVIII.

554 2345 721 2401 Vsus.
764 2347 820 2402 2.
865 2366 884 2399 ι
916 2344 1039 2401 Dixi
1070 2346 1423 2401 :Custodiam
1453 2346 1567 2401 vias
1596 2359 1764 2400 meas.
1793 2362 1817 2396 ι

561 2438 725 2493 Decet
758 2437 866 2492 hoc
890 2454 1109 2494 omnem
1142 2439 1465 2508 prophetam
1509 2446 1565 2492 et
1609 2438 1886 2495 doetorem
1940 2450 2066 2506 pro-

486 2530 632 2600 prias
655 2530 771 2584 vias
798 2529 1092 2593 custodire,
1122 2530 1328 2583 scilicet
1354 2529 1633 2583 actionum
1662 2542 1860 2583 cursus
1887 2537 1944 2581 et
1977 2527 2065 2581 in-

488 2637 728 2693 gressus,
758 2621 833 2675 ita
869 2630 931 2674 ut
951 2637 1061 2676 non
1087 2620 1332 2675 declinet
1369 2621 1427 2675 in
1474 2621 1686 2683 vitium,
1712 2635 1823 2674 non
1848 2619 2065 2673 aberret

488 2710 546 2764 in
586 2710 795 2780 lingua,
848 2710 977 2764 dum
1028 2709 1192 2764 dictis
1247 2719 1375 2780 agat
1401 2710 1699 2766 contraria.
1743 2708 1884 2764 Vere
1916 2709 2065 2765 enim

487 2799 673 2871 lingua
709 2808 938 2870 peccat,
992 2800 1085 2869 qui
1135 2800 1281 2868 quod
1338 2800 1502 2855 verbo
1551 2800 1745 2856 vitium
1798 2800 2063 2871 coarguit,

487 2907 653 2962 opere
691 2890 924 2959 astruit;
988 2908 1056 2947 ex
1100 2907 1209 2961 quo
1259 2891 1396 2947 illud
1434 2892 1814 2961 consequitur,
1847 2900 1907 2948 ut
1939 2892 2065 2951 vitae

487 2999 600 3040 suae
638 2984 885 3040 instituto
910 2984 1214 3041 doctrinam
1249 2984 1606 3044 ementiatur.

557 3163 723 3217 Vens.
746 3164 800 3218 5.
838 3182 858 3214 ί
885 3162 1165 3232 Obmutui,
1203 3175 1257 3220 et
1295 3166 1612 3221 humiliatus
1643 3182 1783 3222 sum.
1827 3185 1845 3218 ι

557 3248 726 3304 Vides
753 3253 1028 3320 quomodo
1050 3255 1281 3322 primum
1312 3270 1406 3324 per
1427 3254 1854 3310 inobedientiam
1877 3254 2063 3310 obmu-

489 3342 593 3396 tuit
615 3382 630 3404 ,
667 3351 722 3397 et
754 3358 877 3399 cum
906 3344 1204 3409 obmutuit,
1241 3345 1556 3399 humiliatus
1587 3357 1690 3401 est.
1723 3345 1869 3400 Nihil
1915 3346 2061 3401 enim

486 3447 642 3500 atque
689 3432 966 3486 hominem
1016 3434 1272 3501 deprimit
1319 3450 1383 3488 ac
1428 3444 1619 3506 stupor
1664 3451 1959 3504 sensuum,
2006 3443 2063 3491 et

487 3524 683 3579 deinde
736 3524 1126 3579 inobedientia.
1174 3526 1284 3580 Aut
1337 3526 1500 3581 etiam
1555 3538 1837 3597 propterea
1890 3529 2059 3594 siluit,

487 3616 745 3685 quoniam
774 3631 803 3669 a
835 3616 1008 3680 bonis,
1043 3618 1146 3671 hoc
1178 3627 1262 3672 est
1291 3632 1322 3671 a
1362 3619 1718 3674 meditatione
1746 3618 1902 3692 legis,
1939 3638 2062 3692 quae

487 3706 615 3760 boni
661 3709 915 3779 magistra
964 3716 1081 3775 est,
1139 3709 1394 3764 cessavit.
1438 3708 1592 3765 Unde
1641 3726 1750 3763 non
1787 3710 2062 3766 immerito

487 3809 780 3854 renovatus
826 3807 913 3855 est
968 3800 1122 3854 dolor
1174 3802 1382 3870 peccati
1418 3819 1431 3855 :
1464 3801 1732 3871 siquidem
1780 3804 1979 3858 vulnus
2029 3819 2062 3859 a

486 3901 710 3961 peccato
727 3891 935 3946 illatum
984 3892 1205 3962 gravius
1231 3903 1336 3960 est,
1356 3909 1477 3948 cum
1503 3910 1532 3948 a
1552 3893 1684 3965 legis
1706 3895 2062 3951 meditatione

484 3999 587 4039 nos
615 3985 761 4054 ipsos
794 3985 1172 4040 subducimus.
1209 3985 1296 4049 Fit
1324 4000 1541 4056 quoque
1561 3986 1862 4056 depascens
1882 3987 2059 4054 ulcus,

484 4084 741 4146 tanquam
783 4077 929 4131 nullo
960 4094 989 4131 a
1023 4078 1222 4133 divinis
1271 4077 1558 4148 praeceptis
1599 4078 1849 4148 apposito
1885 4079 2061 4133 medi-

484 4177 756 4223 camento.
800 4169 867 4222 Et
901 4169 1023 4223 ideo
1050 4185 1159 4223 non
1193 4171 1345 4225 stetit
1387 4169 1443 4223 in
1470 4168 1704 4233 silentio,
1729 4171 1825 4226 sed
1855 4186 1980 4227 cum
2002 4185 2062 4229 se
2099 4234 2103 4239 ,

484 4260 832 4330 collegisset,
885 4261 1060 4329 ipsum
1118 4261 1354 4331 abiecit,
1404 4271 1661 4333 tanquam
1702 4276 1818 4317 rem
1863 4264 2060 4318 animae

1677 214 2043 280 HESYCHII
2076 211 2555 275 PBESBYTERI

2089 339 2136 393 Α

3606 204 3751 269 1192

2725 325 3021 382 ΨΑΛΜΟΣ
3058 326 3198 390 AG".

2242 441 2260 474 ι
2289 421 2575 494 Νεώτερος
2602 421 2897 491 ἐγενόμην.
2929 438 2949 471 ι

2231 512 2429 576 Καλῶς
2477 514 2627 584 ήμᾶς
2669 511 3081 582 ἀναμιμνήσκει
3115 507 3216 577 τῆς
3249 504 3515 576 κρίσεως,
3543 507 3633 562 ἵνα
3680 508 3764 580 μὴ

2161 603 2301 676 πρὸς
2348 604 2450 675 τὴν
2499 603 2735 659 ἐνταῦθα
2783 602 3159 673 θεωρήσαντες
3208 598 3497 668 σύγχυσιν,
3549 600 3764 670 ἀρετῆς

2159 697 2557 768 ἀμελήσωμενο
2598 694 2834 768 ὁρῶντες
2858 694 2985 756 τοὺς
3019 696 3077 746 ἐν
3106 692 3359 762 ἀρεταῖς,
3387 691 3448 746 ἐν
3479 691 3670 762 ἀδοξίᾳ
3691 696 3760 762 τῇ

2161 789 2314 861 παρὰ
2341 787 2688 862 ἀνθρώποις,
2717 788 2815 842 καὶ⁸
2853 787 3045 849 πόνοις
3069 786 3466 855 τυγχάνονταςσ
3499 786 3616 838 οὒκ
3662 787 3761 853 ἐτ’

2159 878 2478 949 καταλείψει
2512 880 2620 949 γὰρ
2649 879 2849 941 αὐτοὺς
2880 878 2908 928 ὸ
2936 876 3099 941 Θεὸς,
3129 875 3418 930 τουτέστιν
3447 875 3548 946 οὐχ
3581 876 3761 946 ὕπερ-

2158 969 2382 1038 όψεται·
2423 968 2684 1037 φυλάττει
2716 968 2776 1021 δὲ
2801 968 3001 1029 αὐτοὺς
3044 969 3126 1028 εἰς
3166 967 3261 1020 τὸν
3290 966 3468 1021 αίῶνα
3497 966 3593 1020 τὸν
3621 965 3757 1036 μὲλ-

2158 1060 2318 1117 λοντα
2338 1101 2354 1127 ,
2386 1060 2515 1115 ἔνθα
2542 1060 2653 1115 τῶν
2680 1058 2907 1127 ἀγαθῶν
2938 1061 2977 1129 ή
3004 1057 3154 1120 δόσις
3188 1056 3576 1128 ἀτελεύτητος.

2732 1149 3027 1203 ΨΑΛΜυΣ
3063 1146 3188 1201 ΛΖῩ.

2235 1244 2392 1298 «Ὅτι
2417 1241 2493 1296 τά
2520 1241 2651 1313 βέλη
2686 1257 2788 1294 σου
2816 1241 3199 1311 ἐνεπάγησαν.
3230 1256 3250 1290 ι

2235 1334 2310 1389 Οὐ
2355 1333 2536 1405 μάτην
2568 1335 2597 1385 ό
2632 1333 2870 1405 Χριστὸς
2916 1331 3011 1385 καὶ
3054 1329 3230 1383 ταῦτα
3262 1328 3340 1399 τῷ
3372 1329 3549 1400 ιΙατρὶ
3583 1326 3755 1383 αὐτοῦ

2162 1426 2304 1496 ὑπὲρ
2339 1425 2433 1479 τοῦ
2469 1424 2663 1495 γένους
2693 1422 2806 1477 τῶν
2831 1422 3137 1494 ἀνθρώπων
3180 1420 3566 1491 προσεύχεται.
3599 1418 3757 1473 Ἀλλ’

2161 1519 2352 1588 ἐπειδὴ
2378 1519 2448 1573 τὰ
2473 1519 2590 1570 κατ’
2613 1517 2795 1571 αὐτῶν
2820 1516 2981 1588 βέλη,
3010 1514 3202 1585 φησὶν,
3235 1515 3370 1576 ὅσας
3413 1513 3631 1583 πληγάς
3662 1513 3754 1567 διὰ

2160 1611 2250 1666 τὸν
2289 1610 2461 1680 Ἀδὰμ
2503 1608 2741 1680 ἐπῆλθεν
2783 1607 2926 1662 κατά
2969 1608 3071 1678 τῆς
3114 1608 3308 1676 κοινῆς
3354 1605 3593 1674 φύσεως,
3626 1607 3752 1676 ἐμοὶ

2161 1705 2533 1775 ἐνεπάγησαν.
2568 1700 2788 1772 Ἐπειδὴ
2820 1699 2929 1771 γὰρ
2971 1697 3082 1769 ἐγὼ
3125 1699 3226 1761 τὰς
3260 1698 3404 1768 ὑπὲρ
3430 1697 3526 1751 τοῦ
3556 1699 3752 1766 γένους

2160 1793 2269 1847 τῶν
2310 1790 2619 1864 ἀνθρώπων
2649 1791 2931 1861 ἁμαρτίας
2966 1787 3265 1852 ἀνέλαϐον,
3295 1788 3616 1856 ἀναγκαίως
3655 1790 3750 1842 καὶ

2161 1886 2260 1949 τὰς
2308 1884 2451 1953 ὑπὲρ
2496 1883 2677 1937 αὐτῶν
2714 1882 2965 1944 παιδείας
3007 1881 3332 1950 ὑφίσταμαι.
3364 1880 3458 1932 Δτιδ
3505 1879 3600 1933 καὶ
3646 1880 3748 1931 ἐπ-

2162 1975 2454 2047 εστήριξας
2501 1977 2589 2030 ἐπ’
2610 1975 2712 2044 ἐμὲ
2745 1975 2851 2044 τὴν
2874 1974 3034 2045 χεῖρά
3082 1990 3179 2026 σου
3223 1973 3324 2043 τὴν
3368 1972 3746 2043 παιδευτικὴν,

2161 2065 2295 2136 περὶ
2335 2062 2411 2137 ἧς
2440 2065 2560 2120 Ἰὼϐ
2591 2064 2777 2133 ἔλεγε·
2813 2062 2951 2132 Χείρ
2975 2065 3201 2131 Κυρίου
3237 2063 3283 2131 ἡ
3309 2061 3590 2133 ἁψαμένη
3628 2064 3747 2133 μού

2161 2158 2356 2211 ἐστιν.

2713 2247 3009 2302 ΨΑΛΜΟΣ
3057 2247 3191 2303 AII’.

2242 2359 2261 2391 ι
2294 2334 2439 2392 Εἷπα
2458 2356 2472 2371 ·
2499 2337 2723 2405 Φυλάξω
2750 2338 2848 2401 τάς
2873 2337 3028 2400 ὁδούς
3057 2354 3184 2408 μου.
3218 2356 3238 2390 ο

2239 2431 2413 2483 Παντὶ
2433 2428 2593 2483 τοῦτο
2623 2430 2881 2499 προφήτῃ
2915 2429 3011 2482 καὶ⁸
3042 2429 3355 2500 διδασκάλῳ
3392 2430 3623 2501 πρέπει,
3649 2428 3744 2492 τὰς

2164 2520 2374 2583 οἰκείας
2423 2519 2713 2588 φυλάττειν
2745 2518 2930 2582 ὁδοὺς,
2963 2518 3164 2589 δηλαδὴ
3200 2518 3329 2582 τοὺς
3372 2519 3607 2590 δρόμους
3652 2521 3747 2574 καὶ

2165 2612 2264 2676 τὰς
2300 2612 2521 2681 πορείας
2550 2611 2661 2664 τῶν
2697 2610 2973 2683 πράξεων,
2998 2610 3141 2664 ὥστε
3171 2613 3251 2682 μὴ
3273 2610 3516 2664 ἐκκλῖναι
3545 2613 3626 2673 εἰς
3645 2627 3745 2665 κα-

2167 2704 2312 2770 κίαν,
2342 2704 2465 2776 μηδ’
2486 2705 2821 2775 ἁμαρτάνειν
2854 2705 2913 2756 ἐν
2941 2703 3161 2774 γλώσσῃ
3183 2745 3197 2768 ,
3231 2704 3446 2757 ἐναντία
3472 2706 3585 2765 τοῖς
3609 2705 3742 2756 ἑαυ-

2165 2796 2261 2851 τοῦ
2303 2797 2483 2866 λόγοις
2515 2797 3002 2868 διαπραττόμενον.
3020 2795 3343 2866 Ἀμαρτάνει
3381 2795 3493 2866 γὰρ
3522 2796 3739 2864 άληθῶς

2166 2893 2234 2961 τῇ
2267 2889 2483 2960 γλώττῃ
2511 2891 2540 2942 ὁ
2671 2888 2828 2959 λόγῳ
2864 2887 3191 2958 κατηγορῶν
3219 2887 3323 2956 τῆς
3342 2889 3566 2953 κακίας,
3596 2889 3743 2957 ἔργῳ

2110 3013 2137 3077 2
2166 2981 2224 3035 δὲ
2262 2980 2473 3052 ταύτην
2521 2980 2810 3045 συνιστῶν,
2845 2972 2937 3048 ἀφ’
2959 2972 3034 3033 ὧν
3070 2977 3245 3049 αὐτὴν
3279 2978 3625 3057 μετέρχεται,
3653 2980 3746 3031 καὶ

2165 3074 2264 3143 τὴν
2288 3073 2484 3126 ἑαυτοῦ
2510 3073 2864 3127 διδασκαλίαν
2890 3075 2958 3143 τῇ
2987 3073 3234 3142 πολιτείᾳ
3255 3073 3607 3145 ψευδόμενος.

2238 3183 2256 3215 ι
2279 3160 2633 3233 Ἐκὼφώθην,
2662 3165 2759 3217 καὶ
2786 3162 3182 3233 ἐταπεινώθην.
3216 3183 3236 3216 ι

2250 3254 2414 3326 Ὁρᾷς
2434 3257 2517 3308 ὅτι
2548 3255 2763 3327 πρῶτον
2786 3255 2874 3308 διὰ
2903 3254 3187 3327 παρακοῆς
3206 3253 3499 3323 ὲκωφώθη.
3522 3254 3616 3306 καὶ
3642 3271 3747 3305 κω-

2164 3345 2368 3417 φωθεὶς
2418 3345 2780 3416 ἐταπεινώθη.
2814 3347 2980 3399 Οὐδὲν
3024 3347 3135 3416 γὰρ
3183 3345 3326 3398 οὕτω
3364 3348 3614 3398 ταπεινοῖ
3658 3348 3749 3398 τὶν

2163 3438 2447 3509 ἄνθρωπον
2489 3439 2565 3502 ὡς
2593 3439 2942 3509 ἀναισθησία,
2971 3439 3065 3492 καὶ
3112 3439 3368 3509 παρακοὴ
3401 3440 3538 3509 μετὰ
3568 3439 3743 3493 τοῦτο.

2167 3531 2239 3584 Ἦ
2267 3531 2360 3584 καὶ
2382 3531 2473 3585 διὰ
2503 3530 2662 3585 τοῦτο
2691 3532 2971 3601 ἐσίγησεν,
3005 3530 3066 3595 ἐξ
3090 3530 3312 3599 ἀγαθῶν
3332 3571 3346 3594 ,
3377 3533 3477 3601 τῆς
3515 3532 3748 3601 μελέτης

2161 3622 2363 3694 δηλαδὴ
2392 3623 2486 3677 τοῦ
2511 3624 2678 3694 νόμου
2703 3662 2718 3689 ,
2762 3622 2858 3675 τοῦ
2891 3622 3103 3690 ἀγαθοῦ
3132 3622 3454 3675 διδασκάλου
3478 3661 3492 3684 ,
3533 3626 3749 3676 παυσά-

2164 3729 2348 3783 μενος.
2372 3713 2532 3765 Ὅθεν
2582 3711 2936 3780 ὰνεκαινίσθη
2971 3713 3201 3775 εἰκότως
3232 3712 3293 3764 τὸ
3322 3712 3426 3782 τῆς
3469 3712 3748 3783 ἁμαρτίας

2162 3806 2387 3875 ἄλγημα
2405 3820 2418 3834 ·
2446 3803 2744 3875 βαρύτερον
2763 3803 2872 3872 γὰρ
2896 3804 2957 3856 τὸ
2990 3802 3203 3872 συμϐὰν
3230 3804 3290 3868 ἐξ
3315 3803 3588 3874 ἁμαρτίας
3614 3807 3747 3874 ἡμῖν

2160 3895 2406 3966 τραῦμα,
2436 3896 2564 3948 ὅταν
2593 3897 2693 3965 τῆς
2721 3893 2816 3947 τοῦ
2846 3894 3014 3964 νόμου
3052 3894 3284 3963 μελέτης
3333 3895 3565 3953 ἑαυτοὺς
3608 3897 3749 3948 ἀπο-

2163 3985 2475 4056 στήσωμεν.
2500 3983 2716 4038 Γίνεται
2744 3986 2838 4037 καὶ
2859 3984 3038 4054 νόμων
3064 3983 3253 4055 ὥσπερ
3274 3984 3485 4049 οὐδενὸς
3515 3986 3625 4038 ἀπὸ
3648 3988 3749 4054 τῆς

2163 4075 2315 4138 θείας
2364 4075 2587 4144 ἐντολῆς
2633 4074 3015 4147 ἐπιτιθεμένου
3061 4076 3357 4145 φαρμάκου
3404 4078 3438 4147 ἡ
3495 4078 3750 4147 σηπεδὼν

2164 4168 2479 4237 ὑφίσταται.
2508 4168 2708 4237 Διόπερ
2760 4169 2862 4220 οὐκ
2893 4167 3162 4236 ἐπέμενεν
3211 4167 3311 4237 τὴν
3351 4168 3585 4240 σιωπὴν,
3616 4170 3750 4224 ἀλλ’

2163 4259 2447 4331 ἀνανήψας
2494 4260 2686 4331 αὐτὴν,
2718 4262 2796 4324 ὡς
2845 4260 3186 4331 ψυχοφθόρον
3235 4262 3519 4315 ἀπώσατο.
3556 4262 3750 4333 Δηλῶν

483 4351 784 4420 perniciem
829 4351 1163 4406 alIerentem.
1201 4349 1314 4407 l'loc
1352 4352 1515 4425 igitur
1548 4353 1868 4420 ostendens,
1919 4355 2053 4410 sub-

2166 4351 2337 4417 τοῦτο,
2364 4352 2652 4422 τοιγαροῦν
2694 4352 3011 4422 ἐπήγαγεν
3058 4351 3425 4424 Ἐθερμὰνθη
3457 4355 3495 4422 ἡ
3526 4356 3750 4423 καρδία

481 4442 663 4513 junxit
694 4460 707 4496 :
742 4442 1016 4499 Concaluit
1047 4461 1138 4497 cor
1173 4462 1369 4500 meum.

974 4530 1290 4590 PSALMUS
1329 4532 1578 4592 XXXIX.

555 4619 717 4676 Vens.
744 4622 831 4676 10.
877 4644 896 4675 ι
922 4626 1569 4696 Annuntiavijustitiam.
1603 4648 1622 4680 ι

554 4711 801 4784 Magnam
831 4727 989 4770 vocat
1014 4716 1336 4785 Ecclesiam,
1369 4736 1476 4774 non
1520 4721 1696 4775 solum
1734 4720 1880 4790 quod
1912 4719 2057 4774 mul-

485 4811 663 4857 torum
694 4805 977 4860 hominum
1005 4813 1482 4883 congregationem
1506 4812 1934 4881 complectatur;
1960 4813 2056 4868 sed

483 4898 656 4952 multo
682 4899 870 4968 magis,
898 4901 1042 4969 quod
1094 4901 1200 4956 alta
1233 4901 1595 4971 sublimiaque
1642 4903 1927 4975 theologia:
1961 4905 2056 4959 do-

481 4999 657 5059 gmata
685 5004 879 5059 capere
904 4992 1099 5046 valeat.
1132 4990 1298 5046 Labia
1322 5003 1504 5046 autem
1530 5001 1586 5046 et
1621 4993 1765 5047 oculi
1797 4992 2056 5050 Ecclesiae

481 5081 707 5150 ﬁgurate
732 5083 902 5154 accipi
935 5092 1162 5154 possunt
1195 5086 1439 5139 celebres
1464 5085 1539 5138 illi
1563 5086 1816 5156 apostoli,
1849 5094 1905 5141 et
1932 5094 2058 5156 post

481 5172 630 5244 ipsos
653 5190 845 5231 omnes
878 5176 1151 5240 doctores,
1176 5191 1314 5245 quos
1346 5176 1610 5246 reliquum
1633 5193 1835 5247 corpus
1870 5177 2057 5233 Eccle-

481 5265 576 5321 sia:
609 5281 717 5320 non
750 5268 927 5323 solum
956 5283 1069 5322 non
1096 5266 1355 5338 prohibet
1387 5269 1717 5324 annuntiare
1743 5268 2049 5336 Christum,

478 5356 572 5425 qui
608 5358 721 5427 ipsa
738 5359 950 5427 justitia
976 5368 1094 5426 est;
1127 5358 1221 5413 sed
1253 5360 1425 5433 magis
1466 5361 1685 5431 excitat,
1718 5362 2057 5419 convenien-

482 5453 591 5498 tem
623 5446 760 5515 ipsis
791 5463 1011 5518 operam
1039 5455 1328 5519 praestans.

551 5639 572 5667 ’
600 5639 703 5694 Job
725 5658 839 5709 nx,
859 5645 952 5701 21.

2157 4458 2294 4513 μου.

2712 4536 3008 4591 ΨΔΛΜΟΣ
3055 4538 3180 4594 A'G’.

2235 4645 2254 4677 ι
2282 4624 2741 4698 Εὐαγγελισάμην
2778 4626 3146 4701 δικαιοσύνην.
3176 4649 3197 4682 ι

2231 4715 2495 4786 Μεγάλην
2523 4719 2689 4788 φησὶν
2721 4718 3073 4790 Ἐκκλησίαν,
3091 4721 3152 4773 οὐ
3181 4720 3343 4791 μόνον
3363 4722 3470 4794 τὴν.
3488 4724 3750 4795 σύστημα

2160 4807 2589 4877 πολυάνθρωπον
2622 4810 2855 4881 ἔχουσαν
2876 4852 2890 4876 ,
2923 4813 3058 4868 ἀλλὰ
3091 4813 3186 4866 καὶ
3209 4813 3390 4884 πολλῷ
3422 4814 3625 4885 μᾶλλον
3648 4820 3750 4888 τὴν

2160 4902 2229 4955 τὰ
2256 4900 2435 4972 ὑψηλὰ
2478 4902 2573 4956 καὶ
2616 4903 3014 4975 μεγαλοπρεπῆ
3044 4903 3292 4972 δόγματα
3317 4907 3416 4975 τῆς
3463 4907 3752 4976 θεολογίας

2163 4994 2572 5065 παραδέξασθαι
2610 4993 2939 5066 δυναμένην.
2970 4997 3139 5067 Χείλη
3168 4996 3226 5050 δὲ
3255 4998 3358 5068 τῆς
3391 4999 3747 5070 Ἐκκλησίας,

2163 5090 2263 5141 καὶ
2285 5090 2334 5140 ot
2362 5086 2630 5158 ὀφθαλμοὶ
2658 5088 2937 5156 τροπικῶς
2965 5088 3222 5158 ληφθεῖεν
3256 5090 3325 5143 ἂν
3367 5092 3417 5144 ot
3464 5092 3752 5166 πανεύφη-

2167 5194 2257 5248 μοι
2284 5178 2597 5242 ἀπόστολοι,
2630 5178 2724 5231 καὶ
2757 5178 2960 5243 πάντες
2987 5181 3037 5232 οἱ
3076 5182 3191 5252 μετ’
3213 5183 3457 5247 ἐκείνους
3493 5185 3754 5241 διδάσκα-

2163 5269 2265 5330 λοι.
2293 5268 2385 5333 οὒς
2418 5269 2481 5321 τὸ
2507 5269 2692 5322 λοιπὸν
2719 5269 2879 5339 σῶμα
2907 5271 3006 5341 τῆς
3041 5273 3391 5344 Ἐκκλησίας,
3409 5277 3469 5328 οὐ
3505 5277 3670 5347 μόνον
3687 5278 3750 5334 οὐ

2164 5359 2366 5414 κωλύει
2393 5360 2495 5430 τὴν
2517 5362 3001 5434 αὐτοδικαιοσύνην
3028 5366 3480 5437 εὐαγγελίζεσθαι
3502 5370 3596 5424 τὸν
3618 5371 3757 5443 Χρι-

2167 5453 2313 5514 στὸν,
2345 5450 2482 5505 ἀλλά
2525 5452 2621 5506 καὶ
2670 5451 2873 5522 μᾶλλον
2904 5459 3162 5529 παρορμᾷ
3196 5455 3293 5529 τὴν
3322 5458 3596 5529 ἀνάλογον
3623 5476 3755 5517 συν-

2166 5542 2360 5616 εργίαν
2387 5543 2573 5608 αὐτοῖς
2599 5544 3007 5617 παρεχόμενονὲ
