4044 6228
277 358 415 424 1133

849 466 1142 521 ΨΑᾹΜΟΣ
1181 466 1270 522 Μ’.

353 577 370 610 ι
403 557 496 621 Εἰς
523 556 701 622 τέλος.
732 575 752 610 ι

349 650 412 703 Ei
442 650 538 702 καὶ
575 649 833 712 πολλάκις
862 649 988 715 τοὺς
1020 649 1270 720 ψαλμοὺς
1296 651 1326 704 6
1363 651 1655 721 Προφήτης
1681 653 1768 717 εἰς
1796 650 1864 703 τὸ

281 741 450 807 τέλος
483 741 788 812 ἐπέγραψε,
819 741 902 794 δεῖ
928 742 984 794 δέ
1013 741 1256 813 νομιζειν
1283 743 1455 812 ὅμως.
1489 743 1567 806 ὡς
1593 743 1656 796 οὐ
1688 744 1865 814 μάτην

280 831 468 884 τοῦτον
494 832 710 902 ἑκάστῳ
734 831 846 884 τῶν
871 832 1103 902 ψαλμῶν
1127 831 1218 885 τὸν
1242 831 1420 885 τίτλον
1446 831 1750 904 ἐπιτίθησι.
1767 834 1866 896 Τίς

281 923 337 976 δὲ
370 922 462 976 νῦν
493 924 527 993 ἡ
556 923 744 991 atria;
785 924 1007 994 Ἐπειδὴ
1032 923 1101 977 τὰ
1136 923 1275 994 πρὸς
1310 924 1386 995 τῷ
1407 923 1554 978 τέλει
1592 924 1692 993 τῆς
1721 925 1866 977 οἱκο-

282 1012 476 1082 νομίας
501 1012 598 1065 τοῦ
629 1013 869 1082 Χριστοῦ
895 1014 1242 1083 διαλέγεται,
1271 1013 1329 1067 δν
1357 1013 1521 1068 Δαϐὶδ
1548 1015 1610 1068 οὐ
1647 1014 1808 1085 μόνος
1839 1013 1868 1068 ὁ

284 1107 571 1175 προφήτης
615 1097 794 1171 οὗτος,
845 1105 982 1158 ἀλλὰ
1011 1105 1106 1159 καὶ
1134 1105 1290 1170 ἄλλος
1323 1106 1606 1173 ἐκάλεσεν,
1624 1106 1782 1178 Ὠσηέ
1809 1105 1867 1161 δὲ

283 1190 437 1259 οὗτος
463 1209 479 1224 ·
519 1195 681 1250 Μετὰ
716 1195 939 1262 ταῦτα,
987 1196 1166 1266 φήσας
1187 1237 1205 1263 ,
1243 1195 1724 1265 ἐπιστρέψωσιν
1752 1195 1868 1250 υἱοὶ

297 1288 566 1357 Ἰσραὴλ,
597 1292 697 1343 καὶ
729 1287 1059 1355 ζητήσουσι
1090 1289 1309 1355 Κύριον
1331 1287 1438 1341 τὸν
1473 1288 1620 1342 Θεὸν
1645 1287 1866 1350 αὐτῶν.

283 1381 383 1435 καὶ
424 1381 604 1433 Δαόὶδ
642 1379 750 1432 τὸν
783 1377 1050 1444 ,ϐασιλέα
1097 1378 1328 1432 αὐτῶνθ
1361 1378 1540 1433 καίτοι
1569 1380 1735 1433 Δαὸὶδ
1765 1380 1871 1450 πρὸ

284 1472 496 1525 πολλῶν
545 1471 750 1540 γενεῶν
815 1469 908 1523 τοῦ
970 1471 1250 1542 προφήτου
1294 1469 1486 1524 τούτου
1540 1469 1872 1540 τελευτήσας

284 1561 692 1630 ἐτύγχανεν-ἐν
726 1559 959 1630 ἡμέραις
997 1551 1109 1626 γὰρ
1154 1558 1400 1622 Ἐζεκίου
1464 1558 1558 1611 τοῦ
1610 1559 1873 1629 βασιλέως

284 1657 384 1727 τὴν
416 1653 758 1724 προφητείαν
787 1651 1023 1719 ἐξέθετο.
1055 1649 1218 1702 Ἀλλὰ
1242 1649 1336 1703 τὸν
1363 1651 1481 1704 νέον
1508 1650 1659 1718 λέγει
1683 1651 1869 1718 Δαϐὶδ,

295 1748 434 1819 πρὸς
461 1747 518 1799 ὃν
554 1747 604 1799 οἱ
637 1745 904 1806 σωθέντες
934 1741 1300 1814 ἐπέστρεψαν.

365 1857 382 1890 ι
417 1837 622 1909 Κύριος
659 1835 927 1905 βοηθήσαι
956 1833 1134 1904 αὐτῷ.
1176 1851 1196 1885 ι

360 1929 610 2003 Εὕρηται
650 1929 746 1982 καλ⁸
779 1928 942 1999 μέχρι
980 1925 1074 1979 τοῦ
1120 1926 1396 1996 παρόντος
1426 1925 1744 1996 πολλάκις-ἢ
1773 1924 1872 1994 τῆς

288 2023 641 2094 προφητικῆς
687 2017 1024 2086 ἐπαγγελίας
1051 2016 1302 2088 ἀλήθεια.
1328 2016 1524 2071 Πολλοὶ
1567 2017 1676 2087 γὰρ
1705 2033 1870 2085 νοση-

285 2113 596 2183 λευόμενοι,
626 2111 720 2164 καὶ
747 2109 1003 2181 χαλεπῶς
1031 2109 1357 2180 κάμνοντες,
1391 2105 1512 2162 εἶτα
1535 2108 1874 2171 κενώσαντες

292 2207 372 2267 εὶς
391 2205 515 2268 τοὺς
538 2204 784 2273 πτωχοὺς
803 2202 896 2256 καὶ⁸
910 2202 1147 2273 πένητας
1170 2202 1264 2254 τὸν
1289 2201 1540 2266 πλοῦτον,
1556 2201 1718 2263 εὐθὺς
1745 2217 1874 2270 μετ-

293 2293 602 2368 εὒλήθησαν
643 2297 778 2366 πρὸς
838 2295 900 2348 τὸ
949 2297 1216 2366 κρεῖττον.
1245 2294 1308 2347 El
1329 2293 1436 2364 γὰρ
1461 2294 1596 2347 κάπὶ
1619 2292 1720 2362 τῆς
1749 2293 1875 2362 μελε

291 2390 494 2459 λούσης
549 2388 766 2458 ἡμέρας
822 2391 1237 2460 κατακαυχᾶται
1293 2387 1444 2441 ἔλεον
1504 2386 1762 2457 κρίσεως,
1821 2383 1875 2439 τί

295 2481 636 2550 θαυμαστὸν,
663 2483 712 2534 el
741 2481 1022 2534 κάνταῦθα
1047 2482 1138 2534 τὸν
1168 2479 1616 2552 προσδοκώμενον
1645 2478 1874 2533 θάνατον

296 2574 325 2625 6
373 2572 606 2642 δαψιλὴς
633 2572 783 2635 ἕλεος
829 2572 1150 2642 ἀνατρέπει,
1191 2571 1454 2642 καὶπρὸς
1501 2571 1672 2642 ῥῶσιν
1708 2587 1874 2642 μετα-

297 2663 486 2716 ϐάλλει
511 2679 527 2729 ;
559 2664 707 2732 Πλὴν
739 2663 854 2716 ἔστι
885 2664 980 2716 καὶ
1006 2664 1104 2734 τῆς
1130 2663 1306 2734 ψυχῆς
1333 2663 1630 2735 ἀρρωστία,
1658 2661 1872 2731 λαμϐα-

297 2755 502 2825 νομένη
533 2755 675 2808 κατὰ
701 2755 793 2808 τὸν
821 2754 1030 2807 ἔνδοθεν
1063 2754 1389 2827 ἀνθρώπων
1407 2754 1531 2808 καθ’
1555 2757 1621 2825 ἣν
1648 2755 1872 2826 ἀνειμέ-

297 2864 396 2909 νας
436 2845 636 2915 έχουσα
680 2849 888 2917 χεῖρας,
925 2847 1045 2917 ἦτοι
1087 2849 1185 2911 τὰς
1228 2845 1539 2917 πρακτικὰς
1591 2847 1870 2917 δυνάμεις.

299 2938 627 3006 Εὑρίσκεται
653 2939 747 2990 καὶ
776 2938 982 3005 γόνατα
1009 2938 1449 3009 παραλελυμένα,
1481 2942 1576 2996 καὶ
1603 2941 1691 2996 διὰ
1716 2941 1874 2995 τοῦτο

303 3030 378 3099 μὴ
401 3028 683 3097 δυνάμενα
719 3027 1050 3098 πορεύεσθαι
1097 3029 1193 3100 τὴν
1225 3031 1546 3100 ἁπάγουσαν
1583 3032 1701 3086 ὁδὸν
1739 3033 1876 3104 πρὸς

298 3121 464 3188 ζωήν.
501 3118 818 3190 Τηνικαῦτα
854 3118 962 3189 γὰρ
1000 3120 1164 3172 οἱονεὶ
1197 3121 1296 3192 τὴν
1336 3122 1515 3193 ψυχὴν
1550 3123 1874 3197 δυσφορήτῳ
1903 3153 1947 3211 c

303 3213 442 3280 νόσῳ
465 3211 564 3280 τῆς
597 3209 883 3282 ῥᾳστώνης
913 3213 1310 3282 κατεχομένην,
1334 3215 1428 3269 καὶ
1447 3215 1532 3270 διὰ
1555 3214 1715 3268 τοῦτο
1741 3217 1880 3288 πρὸς

298 3302 392 3355 τὸν
421 3302 654 3356 θάνατον
674 3303 772 3374 τῆς
803 3303 1076 3373 ἁμαρτίας
1104 3305 1492 3376 ἐπειγομένην,
1522 3309 1556 3377 ἡ
1588 3308 1724 3380 πρὸς
1754 3309 1881 3372 τοὺς

303 3396 555 3464 πτωχοὺς
579 3395 919 3465 ἐλεημοσύνη
939 3395 1150 3460 ἐξιᾶται
1179 3400 1275 3450 καὶ
1309 3399 1658 3468 μεταϐάλλει.
1679 3401 1880 3472 Διόπερ

301 3489 524 3556 ἀμέσως
557 3489 854 3556 ἐπήγαγεν·
905 3486 1053 3555 Ἐγὼ
1072 3484 1232 3541 εἶπα·
1269 3489 1466 3555 Κύριε,
1491 3490 1754 3559 ἐλέησόν
1781 3509 1879 3560 με,

303 3579 471 3632 Iac/cu
505 3579 614 3645 τὴν
649 3578 860 3646 ψυχήν
875 3597 1017 3645 μου,
1039 3579 1127 3632 ὅτι
1162 3580 1434 3650 ἢμαρτόν
1456 3598 1577 3637 σοι.

380 3688 397 3717 ι
432 3669 502 3719 Σὺ
531 3668 608 3731 δὲ,
642 3667 842 3736 Κύριε,
876 3668 1099 3736 ἐλέησόν
1129 3687 1216 3738 με.
1261 3690 1281 3723 ι

376 3759 452 3810 υύ
481 3757 570 3809 διὰ
613 3758 674 3809 τὸ
717 3758 1046 3810 πεπονθέναι
1093 3760 1186 3812 τὸν
1236 3760 1466 3815 θάνατον
1509 3764 1640 3832 παρ’
1677 3765 1878 3830 αὐτῶν,

303 3849 595 3918 ἐφιέμενος
630 3848 815 3911 αὐτοῖς
855 3849 1252 3904 ἀνταποδοῦναι
1286 3851 1386 3923 τὴν
1415 3854 1692 3924 τιμωρίαν
1724 3855 1880 3908 τοῦτό

1412 357 1874 420 FRAGMENTA
1918 357 2000 418 IN
2033 358 2388 420 PSALMOS.

2497 464 2819 524 PSALMUS
2853 467 2965 524 XL.

2039 577 2058 609 ι
2091 557 2150 612 1η
2185 557 2370 613 linem.
2403 576 2422 610 ι

2033 650 2147 708 Ειεὶ
2175 649 2492 720 frequenter
2513 648 2759 706 Psalmos
2787 650 2842 704 in
2864 650 3019 720 ﬁnem
3046 638 3528 720 inscripseritProo

1963 741 2150 812 pheta,
2172 741 2424 796 arbitrari
2455 750 2637 796 tamen
2669 751 2884 812 oportet
2903 758 3027 799 eum
3055 758 3164 798 non
3199 752 3404 798 temere
3421 742 3529 797 sino

1963 833 2102 903 gulis
2114 833 2338 903 psalmis
2351 834 2498 888 hunc
2515 834 2730 888 titulum
2755 835 3095 904 apposuisse.
3112 835 3217 890 Sed
3240 851 3359 904 quae
3371 852 3533 894 causa

1965 934 2050 980 est
2080 925 2364 995 praesentis
2388 925 2806 996 inscriptionis?
2835 926 3105 990 Quoniam
3127 943 3250 997 quae
3269 927 3336 983 ad
3369 928 3533 983 tinem

1966 1015 2397 1086 dispensationis
2448 1016 2654 1072 Christi
2705 1018 2986 1087 pertinent
3041 1027 3338 1074 recenset:
3373 1035 3536 1089 quem

1967 1120 2078 1160 non
2108 1106 2274 1161 solus
2303 1107 2394 1162 hic
2420 1106 2714 1178 Propheta,
2744 1109 2840 1164 sed
2867 1118 2923 1163 et
2961 1109 3120 1175 alius,
3151 1110 3408 1166 Davidcm
3435 1127 3535 1165 no-

1969 1196 2215 1261 minavit,
2237 1197 2493 1252 nimirum
2521 1198 2682 1265 Osee,
2709 1200 2826 1269 qui,
2858 1200 2986 1254 Post
3016 1201 3145 1263 haec,
3177 1202 3336 1267 dixit,
3365 1219 3534 1256 rever-

1971 1293 2146 1338 tentur
2175 1287 2275 1355 ﬁlii
2306 1287 2496 1354 Israel,
2529 1297 2578 1342 et
2603 1300 2834 1357 quwrenl
2870 1290 3151 1345 Dominum
3178 1291 3342 1344 Deum
3369 1307 3541 1357 suum,

1969 1383 2020 1428 et
2067 1375 2240 1429 David
2302 1394 2479 1448 regem
2511 1379 2776 1445 suum“;
2819 1379 2945 1434 licet
2982 1381 3148 1435 David
3201 1397 3300 1452 per
3349 1383 3548 1437 multas

1970 1467 2352 1537 generationes
2379 1478 2506 1523 ante
2531 1469 2677 1524 hunc
2720 1471 3044 1540 prophetam
3076 1473 3308 1527 obierit:
3343 1475 3545 1528 etenim

1970 1555 2026 1610 in
2061 1557 2251 1614 diebus
2279 1558 2525 1614 Ezechiae
2570 1560 2714 1630 regis
2764 1560 2906 1614 hanc
2958 1563 3303 1633 prophetiam
3339 1565 3544 1627 edidit;

1973 1649 2068 1703 sed
2097 1664 2298 1704 novum
2332 1650 2501 1704 David
2539 1650 2818 1725 intelligit,
2844 1652 2912 1708 ad
2940 1668 3103 1724 quem
3135 1655 3386 1711 conversi
3417 1665 3542 1711 sunt

1973 1739 2064 1812 qui
2097 1741 2298 1797 servati
2337 1753 2488 1800 sunt.

1903 1812 1945 1870 Β
2053 1832 2214 1888 Vens.
2243 1835 2296 1890 4.
2337 1853 2356 1887 ι
2400 1836 2663 1891 Dominus
2693 1852 2851 1908 opem
2890 1838 3028 1894 ferat
3053 1838 3150 1896 illi.
3196 1857 3216 1892 ι

2047 1926 2190 1992 Quin
2249 1927 2395 1980 etin
2454 1942 2693 1997 praesens
2755 1944 2926 1998 usque
2983 1939 3196 2000 tempus
3233 1929 3548 2000 frequenter

1976 2017 2313 2088 prophetica:
2333 2019 2496 2089 huius
2522 2021 2902 2090 promissionis
2942 2021 3144 2076 veritas
3167 2023 3392 2092 reperiri
3423 2039 3548 2093 pos—

1975 2110 2065 2164 sit.
2101 2109 2253 2164 Multi
2291 2126 2526 2181 namque
2565 2113 2796 2166 morbidi
2825 2120 2881 2168 et
2911 2128 3051 2184 aegre
3095 2113 3426 2182 laborantes,
3455 2115 3546 2172 ubi

1977 2199 2031 2253 in
2072 2214 2273 2271 egenos
2313 2208 2367 2255 et
2410 2215 2684 2270 pauperes
2715 2215 2848 2270 opes
2881 2216 3008 2254 suas
3037 2202 3456 2268 evacuaverint,
3484 2202 3550 2258 il-

1977 2296 2082 2350 lico
2138 2297 2456 2351 commutati
2482 2306 2609 2351 sunt
2653 2297 2708 2350 in
2760 2296 2974 2350 melius.
3019 2295 3153 2351 Nam
3189 2295 3231 2349 si
3276 2295 3440 2350 etiam
3491 2294 3546 2350 in

1977 2386 2160 2441 futuro
2208 2387 2296 2440 die
2332 2387 2698 2456 supercxaltat
2730 2385 3103 2441 misericordia
3131 2386 3397 2456 judicium
3449 2386 3548 2453 ¹⁰⁶ς

1974 2477 2101 2546 quid
2130 2478 2350 2543 mirum,
2376 2478 2420 2532 si
2441 2477 2600 2532 etiam
2626 2478 2712 2532 hic
2732 2488 2961 2533 mortem
2988 2494 3147 2549 quam
3173 2486 3551 2548 exspectamus

1975 2567 2192 2636 pinguis
2226 2567 2504 2622 miseratio
2536 2575 2782 2633 avertat,
2812 2576 2869 2623 et
2915 2568 3081 2622 robur
3115 2568 3406 2623 restituat?
3431 2567 3550 2623 Cae-

1977 2665 2155 2712 terum
2195 2665 2279 2712 est
2321 2667 2377 2712 et
2417 2657 2613 2713 animae
2647 2658 2954 2723 inﬁrmitas,
2983 2675 3103 2728 quae
3133 2660 3434 2715 secundum
3465 2659 3551 2714 in-

1979 2748 2232 2802 teriorem
2263 2747 2539 2804 hominem
2574 2750 2858 2819 accipitur,
2902 2750 3054 2820 juxta
3088 2765 3248 2820 quam
3279 2750 3552 2807 resolutas

1977 2839 2141 2895 habet
2165 2854 2382 2905 manus,
2410 2840 2528 2895 sive
2552 2843 2813 2910 operandi
2841 2841 3005 2896 vires.
3039 2840 3402 2912 Reperiuntur
3425 2859 3552 2913 quo.

1977 2934 2272 3000 que‘genua
2286 2928 2722 2998 luxata,ideoque
2748 2946 2855 2984 non
2874 2931 3102 2985 valentia
3119 2931 3395 2987 ambulare
3410 2933 3551 2988 viam

1977 3037 2098 3092 quae
2123 3021 2274 3077 ducit
2302 3022 2366 3076 ad
2398 3023 2585 3076 vitam.
2618 3021 2772 3078 Tunc
2797 3012 2942 3077 enim
2964 3024 3197 3082 animam
3229 3025 3378 3095 gravi
3403 3026 3554 3082 velut

1979 3113 2170 3168 morbo
2213 3114 2476 3168 socordiae
2504 3113 2780 3168 detentam
2806 3155 2820 3178 ,
2851 3123 2907 3168 et
2934 3130 3032 3184 per
3067 3115 3170 3169 hoc
3210 3116 3278 3170 ad
3323 3126 3550 3174 mortem

1980 3204 2189 3274 peccati
2216 3204 2528 3269 adductam,
2569 3205 2912 3276 eleemosyna
2945 3207 2997 3259 in
3034 3223 3300 3277 pauperes
3339 3218 3552 3280 erogata

1981 3306 2138 3351 curat
2165 3306 2220 3350 et
2253 3305 2483 3352 recreat.
2518 3296 2860 3368 Quapropter
2900 3298 3212 3355 immediate
3234 3302 3552 3372 subjunxit:

1982 3387 2092 3458 Ego
2123 3387 2234 3441 dixi
2260 3404 2278 3440 :
2295 3387 2776 3454 Domine,miserere
2800 3390 2922 3456 mei,
2944 3407 3077 3446 sana
3107 3393 3344 3446 animam
3363 3409 3552 3456 meam,

1981 3481 2105 3549 quia
2138 3479 2346 3549 peccavi
2374 3479 2486 3534 tibi.

2055 3675 2215 3732 Vens.
2262 3679 2349 3732 Η.
2396 3697 2414 3730 ‹
2457 3680 2540 3733 Tu
2563 3690 2766 3746 autem,
2797 3681 3048 3746 Domine,
3084 3682 3342 3737 miserere
3368 3683 3494 3737 mei.
3529 3703 3548 3735 ›

2050 3765 2166 3819 Non
2190 3768 2334 3836 quod
2361 3769 2486 3834 quia
2515 3779 2740 3824 mortem
2771 3772 2838 3825 ab
2870 3772 3002 3840 ipsis
3031 3774 3102 3826 sit
3131 3788 3342 3842 passus,
3378 3775 3554 3831 vindi-

1983 3866 2125 3911 ctam
2156 3858 2234 3911 eis
2278 3858 2483 3913 referre
2529 3861 2696 3925 velit,
2729 3863 2832 3916 hoc
2855 3863 2982 3918 dicit
3008 3863 3028 3934 (
3053 3863 3168 3934 ipse
3196 3866 3344 3920 enim
3375 3868 3553 3924 crucis

304 3963 475 4016 φησιν
515 3945 699 4016 (αὐτὸς
726 3945 835 4015 γὰρ
869 3944 1055 4013 ἔλεγεν
1083 3946 1140 3997 ἐν
1168 3945 1245 4016 τῷ
1275 3948 1451 4018 καιρῷ
1488 3947 1583 4002 τοῦ
1614 3950 1875 4020 σταυροῦ,

1983 3958 2224 4018 tempore
2247 3950 2380 4005 dixit
2405 3969 2418 4005 :
2447 3951 2628 4019 Pater,
2657 3953 2862 4008 dimitte
2887 3955 2990 4010 illis
3013 3965 3285 4025 peccatum
3313 3960 3402 4032 ");
3434 3963 3553 4029 sed,

305 4037 495 4104 Πάτερ
517 4077 531 4101 ,
557 4035 706 4105 ἄφες
736 4035 940 4102 αὐτοῖς
988 4035 1105 4104 τὴν
1136 4037 1459 4108 ἁμαρτίαν)
1486 4057 1498 4071 ·
1532 4041 1648 4094 ἀλλ’
1691 4041 1875 4111 ἐπειδὴ

1981 4056 2104 4095 cum
2163 4043 2280 4096 sine
2310 4058 2668 4112 personarum
2709 4047 3025 4117 acceptione
3068 4059 3121 4105 ct
3149 4050 3354 4121 justum
3379 4053 3554 4110 Patris

302 4129 402 4194 τὴν
427 4125 936 4196 ἁπροσωπόληπτον
963 4127 1058 4180 καὶ
1083 4127 1298 4181 δικαίαν
1326 4128 1506 4200 κρίσιν
1539 4131 1634 4183 τοῦ
1668 4133 1875 4203 Πατρὸς

1977 4132 2244 4203 judicium
2273 4134 2500 4190 vidisset
2537 4135 2592 4190 in
2625 4138 2926 4194 homicidas
2957 4141 3091 4197 istos
3130 4143 3431 4213 decretum,
3469 4148 3553 4203 ἰός

302 4217 499 4269 εὸλεπε
541 4216 1068 4287 καταψηφιζομένην
1119 4220 1234 4280 τοῖς
1289 4220 1629 4289 μιαιφόνοις,
1688 4221 1875 4274 τούτου

1981 4223 2128 4278 circo
2159 4232 2416 4296 tanquam
2444 4227 2537 4297 qui
2590 4227 2735 4282 idem
2769 4244 2892 4283 cum
2928 4230 3038 4286 Deo
3070 4249 3134 4288 ac
3161 4232 3320 4290 Patre
3359 4252 3551 4306 operc-

302 4311 483 4379 χάριν,
516 4307 591 4370 ὡς
643 4307 721 4377 τῷ
761 4307 880 4377 Θεῷ
929 4309 1024 4361 καὶ
1075 4309 1248 4380 Πατρὶ
1290 4313 1670 4382 ταυτουργεὶς,
1714 4311 1833 4366 εἷπε
1862 4329 1875 4344 ·

1983 4324 2087 4382 tur,
2119 4315 2195 4370 ait
2226 4333 2240 4370 :
2275 4317 2341 4371 Et
2382 4333 2474 4389 ego
2503 4319 2789 4375 retribuam
2813 4321 2908 4387 eis,
2942 4332 3002 4377 ut
3024 4325 3267 4380 eamde
3295 4326 3352 4381 in
3387 4330 3553 4382 utris.

303 4403 409 4456 Kal
433 4399 840 4454 ἀνταποδώσω
868 4403 1074 4467 αὐτοῖς
1108 4402 1194 4455 ἵνα
1219 4403 1368 4476 δείξῃ
1399 4407 1527 4474 μίαν
1561 4406 1647 4458 ἐπ’
1676 4408 1875 4478 ἀμφοῖν

1981 4423 2086 4478 que
2123 4410 2496 4479 Operationem
2530 4412 2785 4468 declaret.
2823 4412 2958 4468 Nam
2994 4431 3095 4468 non
3125 4425 3308 4484 potest,
3354 4419 3550 4490 inquit,

299 4493 399 4562 τὴν
445 4494 750 4563 ἐνέργειαν.
803 4493 962 4548 Οὐδὲ
996 4495 1104 4566 γὰρ
1155 4495 1405 4550 δύναται
1443 4501 1476 4551 ὁ
1516 4499 1670 4564 Υἱὸς.
1716 4501 1871 4570 φησὶ,

1983 4500 2154 4555 Filius
2185 4519 2217 4554 a
2249 4519 2303 4556 se
2332 4505 2508 4577 facere
2550 4505 2856 4575 quidquam.
2890 4505 3020 4572 Quae
3065 4510 3200 4565 enim
3225 4511 3410 4566 viderit
3442 4513 3552 4566 Pa-

299 4583 495 4637 ποιεῖν
530 4585 632 4652 ἀφ’
677 4584 894 4639 ἑαυτοῦ
929 4585 1130 4640 οὐδέν.
1161 4587 1227 4637 "A
1266 4590 1375 4654 γὰρ
1391 4587 1608 4650 βλέπει
1632 4588 1738 4641 τὸν
1766 4593 1875 4642 Ha-

1982 4603 2113 4648 trem
2142 4595 2336 4665 facere,
2367 4595 2476 4650 Iuro
2504 4606 2552 4650 et
2579 4595 2746 4651 Filius
2764 4599 3006 4655 similiter
3027 4602 3154 4672 facit
3189 4603 3265 4655 “2
3303 4605 3554 4660 volunta-

299 4677 439 4743 τέρα
485 4675 774 4729 ποιοῦντα
806 4677 992 4730 ταῦτα
1021 4677 1120 4731 καὶ
1156 4681 1189 4730 ὁ
1242 4678 1372 4743 Υἱὸς
1412 4679 1626 4745 ὁμοίως
1678 4679 1873 4733 ποιεῖ’

1979 4686 2049 4741 tis
2076 4695 2132 4742 et
2161 4688 2494 4758 operationis
2523 4688 2857 4745 identitatem
2887 4692 3169 4764 utriusque
3203 4695 3332 4753 hinc
3366 4707 3543 4754 osten-

297 4769 396 4839 τὴν
431 4769 820 4822 ταυτοϐουλίαν
838 4771 930 4822 καὶ
945 4769 1579 4841 ταυτουργίανοὲντεῦθεν
1600 4772 1876 4842 ἑκατέρων
1978 4778 2133 4833 dens.

300 4878 377 4914 πα
387 4879 444 4932 pe
455 4861 673 4931 μπεδῶν
682 4901 696 4916 .

862 4953 1152 5006 “mox
1178 4954 1313 5006 MA'.
2525 4964 2843 5039 rsamius
2873 4969 3012 5026 XLI.

377 5063 396 5096 ι
437 5046 530 5108 Εἰς
560 5047 621 5098 τὸ
643 5045 817 5110 τέλος,
843 5046 921 5108 εἰς
959 5045 1174 5098 σύνεσιν
1197 5048 1310 5109 τοῖς
1340 5048 1478 5111 υἱοῖς
1501 5049 1668 5118 Κορέ.
1710 5069 1730 5102 ›

2053 5049 2220 5107 Vens.
2276 5053 2327 5109 1.
2365 5073 2384 5106 ι
2421 5055 2482 5110 In
2512 5059 2695 5124 tinem,
2725 5059 2779 5113 in
2811 5060 3147 5118 intellectum
3181 5063 3304 5118 ﬁliis
3335 5063 3493 5121 Core.
3522 5083 3540 5116 ί

366 5136 656 5207 Ψαλτῳδοὶ
709 5136 803 5188 καὶ
853 5129 997 5189 οὗτοι
1024 5177 1038 5202 ,
1072 5135 1323 5206 ψαλμοὺς
1366 5139 1518 5211 παρά
1563 5140 1656 5194 τοῦ
1688 5141 1875 5206 Aucta,

2051 5143 2386 5200 Psalmorum
2427 5147 2486 5202 hi
2530 5166 2743 5219 quoque
2776 5161 3026 5208 cantores
3063 5163 3218 5209 erant
3242 5196 3257 5220 ,
3296 5157 3386 5225 qui
3415 5173 3550 5227 quos

295 5227 392 5289 οὓς
421 5229 584 5292 αὐτὸς
627 5229 999 5298 προεφήτευσε
1031 5268 1044 5293 ,
1073 5229 1462 5300 δανειζόμενοι.
1491 5233 1592 5297 Εἰς
1621 5235 1875 5288 σύνεσιν

1981 5232 2152 5287 David
2183 5237 2445 5305 propheta
2475 5241 2711 5309 psalmos
2738 5240 2961 5307 fecerat,
2997 5244 3064 5297 ab
3096 5259 3160 5298 co
3187 5245 3544 5315 accipiebant.

294 5313 354 5367 δὲ
409 5315 542 5376 toto;
596 5315 625 5367 6
671 5314 886 5384 ψαλμὸς
935 5317 1344 5388 ἐπιγράφεται,
1396 5320 1584 5394 ἐπειδὴ
1614 5323 1875 5393 πρόγονος

1983 5321 2225 5377 Psalmus
2257 5341 2388 5381 vero
2422 5343 2485 5382 ea
2515 5328 2655 5384 forte
2690 5331 2757 5385 de
2784 5347 2945 5387 causa
2979 5333 3270 5390 intellectus
3295 5337 3550 5394 inauribi-

293 5406 482 5466 αὐτοῖς
535 5406 563 5458 6
610 5405 757 5476 Κορὲ
797 5406 1042 5474 ἐγεγόνει
1089 5409 1428 5480 παράνομος,
1483 5413 1511 5464 6
1562 5413 1639 5482 τῷ
1702 5417 1874 5485 Μωσῇ

1977 5421 2087 5477 tur,
2109 5416 2253 5483 quod
2280 5416 2440 5481 Core,
2473 5435 2707 5490 proavus
2728 5423 2965 5491 illorum,
2988 5427 3162 5484 malus
3180 5429 3366 5498 fuerit,
3387 5433 3549 5491 simul

300 5494 441 5566 μετὰ
469 5493 652 5547 Δαθὰν
685 5495 775 5547 καὶ
809 5494 1073 5565 Ἀὁειρὼν
1102 5499 1439 5561 ἐπαναστάς.
1475 5493 1633 5554 Οὗτοι
1653 5502 1708 5554 δὲ
1740 5506 1875 5557 πάν-

1979 5520 2100 5558 cum
2145 5506 2353 5563 Dathan
2392 5520 2448 5566 et
2488 5514 2692 5568 Abiron
2729 5525 2916 5572 contra
2969 5519 3192 5591 Moysen
3243 5493 3549 5597 insurgens.

299 5601 412 5649 τως
449 5587 541 5640 τὸν
593 5587 862 5655 πρόγονον
883 5587 983 5640 οὐκ
1012 5588 1295 5659 ἐζήλωσαν
1319 5632 1334 5657 ,
1367 5593 1639 5646 ἀλλἰοὺδὲ
1671 5596 1718 5646 oi
1753 5596 1875 5648 τού-

1981 5594 2180 5651 Verum
2237 5600 2289 5653 bi
2325 5603 2551 5674 vestigia
2585 5607 2771 5674 proavi
2804 5623 2912 5663 non
2944 5619 3070 5666 sunt
3109 5617 3304 5682 secuti,
3329 5587 3427 5674 sed
3453 5636 3554 5674 nr-

371 5764 418 5799 “
457 5762 616 5829 Osee,
644 5775 724 5825 ιιι,
749 5780 799 5817 v.
879 5764 1082 5819 “"Jac.
1117 5781 1175 5828 ll,
1213 5767 1293 5819 l5.
1375 5769 1411 5802 ¹¹
1449 5769 1578 5827 Luc.
1613 5789 1763 5839 XXIII,
1791 5775 1876 5828 Si.
1959 5777 1999 5805 "
2039 5775 2276 5843 Joan..v,
2311 5781 2376 5834 19

648 5855 914 5915 PATROL.
960 5858 1072 5916 Gn.
1119 5858 1320 5921 XCIII.
3121 5879 3193 5940 38
