4044 6228
309 343 443 411 1197

1364 336 1827 399 FRAGMENTA
1867 339 1945 399 IN
1985 340 2344 403 PSALMOS.

3423 342 3556 411 1198

309 458 402 527 κῇ,
442 456 565 527 οὐχὶ
614 453 729 516 ταῖς
771 450 999 515 πολλαῖς
1039 450 1155 514 ταῖς
1211 448 1520 518 ἀλογίστοις
1563 450 1882 521 ἀρέσκεται.

1991 453 2202 509 nalibus
2229 453 2448 524 placari.
2476 452 2653 521 Quare
2674 454 2822 526 ipsos
2842 456 3137 513 convenire
3157 457 3332 529 jubet,
3369 470 3424 515 ut
3452 462 3556 522 hoc

305 547 508 618 Διόπερ
533 547 625 601 καὶ
650 543 926 599 συνελθεῖν
955 542 1177 611 αὐτοὺς,
1200 540 1342 597 ὥστε
1375 539 1537 596 τοῦτο
1566 541 1882 612 διδαχθῆναι

308 633 663 709 προσέταξεν.

383 747 405 783 ι
440 728 554 783 Οὐκ
583 728 678 782 ἐπὶ
702 729 822 791 ταῖς
855 725 1068 791 θυσίαις
1100 742 1194 779 σου
1223 723 1433 793 ἐλέγξω
1460 741 1542 779 σε.
1575 742 1596 777 ι

389 817 686 873 Ἦπίστουν
720 818 856 881 ἴσως
892 814 1067 871 ταῦτα
1111 818 1162 869 οἰ
1208 814 1319 870 τῶν
1360 814 1643 871 Ἰουδαίων
1690 814 1883 880 παῖδες

308 909 625 975 ἀκούοντες,
669 909 765 962 καὶ
802 908 1043 979 ἠπόρουν
1086 909 1136 961 εί
1173 905 1238 959 τὸ
1278 905 1559 969 παντελῶς
1600 905 1883 976 συμϐῆναι

309 1001 600 1072 δυνήσεται
623 1040 638 1065 ,
662 999 759 1055 νῦν
782 999 840 1053 δὲ
868 998 1028 1070 ἔργον
1065 999 1094 1051 ὁ
1133 998 1293 1067 λόγος
1328 996 1486 1068 ὥφθη
1506 1013 1520 1028 ’
1549 998 1734 1053 οὐκέτι
1774 997 1885 1068 γὰρ

309 1091 491 1145 αὐτῶν
539 1090 856 1161 ἐνεργοῦσιν
903 1092 957 1144 αἰ
1010 1089 1195 1144 θυσίαι
1245 1089 1341 1142 τοῦ
1405 1089 1536 1143 ναοῦ
1602 1089 1882 1156 λυθέντος,

309 1183 665 1248 πεπτωκότος
710 1182 804 1236 τοῦ
847 1181 1180 1254 βωμοῦ,.ιιαί¹
1216 1182 1398 1252 πάσης
1436 1181 1536 1252 τῆς
1578 1183 1669 1239 ἐπ’
1715 1181 1919 1243 αὐτοῦ,

307 1274 582 1339 πολιτείας
616 1273 1028 1346 διαφθαρείσης,
1068 1273 1206 1329 ἀλλὰ
1238 1274 1345 1344 μὴν
1381 1273 1478 1328 καὶ
1506 1275 1606 1345 τῆς
1648 1274 1880 1340 πόλεως,

306 1367 437 1422 ἔνθα
483 1365 592 1419 ἔδει
639 1366 805 1437 μόνον
849 1367 947 1428 τὰς
978 1363 1174 1428 θυσίας
1215 1363 1317 1427 τὰς
1343 1364 1486 1418 κατὰ
1518 1366 1682 1434 νόμον
1710 1365 1884 1435 πράτ-

305 1455 514 1513 τεσθαι.
544 1455 619 1509 Οὐ
651 1454 861 1527 χρῄζω,
891 1454 1049 1524 φησὶ,
1082 1451 1283 1507 θυσιῶν
1311 1452 1525 1522 ἀλόγων
1544 1495 1560 1521 ,
1585 1453 1712 1508 ιπεὶ
1740 1454 1794 1508 τί
1820 1455 1883 1509 τδ

306 1546 516 1602 κωλύον
542 1545 609 1600 τὰ
634 1544 798 1617 θηρία
826 1544 920 1598 καὶ
946 1544 1014 1599 τὰ
1042 1543 1214 1614 κτήνη
1242 1542 1649 1614 προσφέρεσθαι
1677 1560 1693 1610 ;
1724 1546 1883 1608 Ἴσως

306 1639 362 1693 δὲ
389 1638 565 1707 θηρία
587 1638 686 1691 καί
733 1636 924 1704 κτήνη
973 1637 1041 1691 τὰ
1078 1635 1207 1703 ἔθνη
1245 1626 1418 1703 λέγει⁵
1437 1636 1598 1702 ,βόας
1621 1637 1748 1700 τοὺς
1776 1637 1883 1691 άπὸ

306 1730 402 1784 τοῦ
433 1728 566 1785 λαοῦ
599 1728 708 1784 τῶν
748 1727 1021 1787 Ἰουδαίων
1046 1724 1446 1789 πιστεύσαντας
1470 1726 1643 1797 λέγει,
1684 1720 1760 1782 ὧν
1782 1728 1883 1798 τὴν

1985 542 2284 599 addiscant.

2057 724 2219 781 Vens.
2253 725 2307 782 8.
2339 745 2356 778 ι
2396 724 2524 781 Non
2540 726 2593 781 in
2627 727 2909 783 sacriﬁciis
2937 729 3042 784 tuis
3064 745 3285 801 arguam
3312 739 3382 785 te.
3424 749 3444 783 ι

2055 817 2174 871 Non
2229 817 2527 873 credebam
2560 859 2574 884 ,
2610 817 2691 872 uti
2719 819 3031 876 verosimile
3067 829 3151 875 est
3184 862 3197 888 ,
3234 820 3407 877 Judaei
3439 822 3556 879 hac

1983 910 2313 976 audientes;
2369 918 2424 965 et
2463 910 2871 976 addubitabant,
2930 919 3111 966 utrum
3169 913 3286 967 hare
3330 913 3556 969 omnino

1984 996 2208 1051 evenire
2247 1002 2501 1066 possent;
2545 1012 2696 1052 nunc
2726 1010 2857 1053 vero
2885 1011 3066 1053 sermo
3096 997 3276 1067 reipsa
3306 1013 3556 1068 compro~

1986 1086 2142 1142 hctus
2162 1094 2250 1140 est
2271 1101 2423 1159 :‘non
2448 1086 2592 1141 enim
2614 1087 2846 1158 amplius
2867 1102 3055 1142 eorum
3080 1088 3345 1145 sacriﬁcia
3377 1089 3556 1146 locum

1986 1176 2209 1241 habent,
2256 1175 2459 1246 templo
2507 1175 2807 1243 destructo,
2852 1178 3024 1251 altari
3066 1179 3324 1249 collapso,
3355 1187 3411 1234 et
3435 1180 3559 1234 uni~

1986 1282 2142 1322 versa
2172 1266 2418 1336 ipsorum
2454 1267 2926 1324 administratione
2950 1269 3196 1336 sublata;
3237 1269 3365 1340 quin
3394 1269 3561 1331 etiam

1985 1359 2120 1414 urbe
2169 1372 2394 1425 eversa,
2445 1357 2505 1413 in
2554 1374 2660 1429 qua
2712 1359 3017 1415 secundum
3068 1360 3243 1431 legem
3296 1360 3561 1416 sacriﬁcia

1984 1449 2100 1504 ﬁeri
2130 1449 2436 1520 oportebat.
2468 1447 2588 1504 Non
2614 1449 2848 1520 indigeo,
2884 1449 3080 1519 inquit,
3112 1450 3392 1507 sacriﬁciis
3423 1451 3560 1506 irra-

1984 1541 2296 1597 tionalibus.
2339 1540 2421 1595 Ad
2456 1539 2591 1602 huic,
2620 1541 2749 1611 quid
2802 1541 2945 1598 feras
2985 1551 3039 1596 et
3083 1542 3322 1611 pecudes
3359 1542 3559 1598 oﬁ‘erre

1983 1629 2303 1700 prohibuit?
2331 1628 2584 1686 Fortasse
2612 1645 2747 1685 vero
2777 1645 2875 1700 per
2902 1631 3042 1701 [eras
3068 1636 3122 1685 et
3137 1630 3382 1699 jumeata
3420 1645 3555 1701 gen-

1982 1727 2066 1774 tes
2089 1719 2341 1791 intelligit
2363 1737 2378 1787 ;
2399 1735 2495 1791 per
2513 1719 2663 1775 bona
2686 1728 2870 1775 autem
2891 1720 3012 1776 illos
3036 1720 3127 1791 qui
3152 1735 3218 1775 ex
3241 1721 3553 1777 Judteorum

308 1820 626 1892 προσφορὰν
668 1820 1005 1890 κεκτημένος
1067 1819 1251 1874 οὐκέτι
1290 1817 1361 1871 τὰ
1409 1818 1563 1890 παρά
1608 1820 1704 1874 τοῦ
1750 1820 1879 1874 λαοῦ

1991 1811 2185 1881 populo
2222 1811 2603 1878 crediderunt;
2659 1827 2891 1882 quorum
2926 1812 3255 1867 oblationem
3301 1827 3559 1868 consecuv

305 1909 416 1962 τῶν
458 1907 768 1975 ⁹ιουδαίων,
800 1908 877 1971 ὡς
906 1907 1136 1978 περιττά
1174 1905 1555 1978 προσδέχεται·
1593 1908 1724 1981 περὶ
1754 1909 1880 1980 .γὰρ

307 1999 492 2053 αὐτῶν
525 1999 619 2052 καὶ
655 1999 722 2052 τά
750 1998 993 2069 ἑπόμενα
1020 1998 1259 2066 λέγεται.

382 2091 631 2143 natura
679 2088 738 2142 δὲ
781 2088 874 2144 τοῦ
910 2084 1142 2161 οὐρανοῦ
1180 2092 1305 2157 τοὺς
1330 2090 1630 2162 παρθενίαν
1664 2090 1881 2161 φιλοσο-

309 2180 544 2252 φοῦντας
586 2179 618 2252 ἢ
646 2181 974 2251 ἐγκράτειαν
1003 2181 1230 2252 νόησονο
1269 2183 1571 2255 ἐπειδήπερ
1617 2182 1731 2238 άνω
1757 2182 1884 2252 περὶ

310 2270 401 2326 τὸν
468 2270 697 2342 οὐρανὸν
719 2311 734 2338 ,
797 2271 887 2324 ίσα
946 2273 1060 2335 τοῖς
1115 2272 1368 2341 ἀγγέλοις
1428 2272 1881 2344 φιλοσοφοῦντες,

312 2363 592 2420 ίπτανται.

382 2455 566 2526 Αὐτὴν
631 2455 730 2526 τὴν
796 2454 1130 2525 Ἐκκλησίαν
1193 2455 1341 2526 λέγει
1400 2456 1730 2526 ὡραιότητα
1776 2456 1884 2511 τοῦ

309 2547 517 2618 timor"),
553 2546 754 2619 δηλαδὴ
791 2546 886 2602 τοῦ
916 2546 1122 2617 κόσμου
1157 2547 1532 2618 τυγχάνουσαν
1555 2563 1572 2581 ο
1599 2548 1883 2620 εὐπρεπὴς

311 2642 423 2711 γάρ
455 2637 676 2708 ἐγένετο
706 2641 772 2709 τῇ
820 2637 915 2692 τοῦ
950 2636 1328 2708 βαπτίσματος
1362 2640 1580 2711 χάριτι·
1620 2639 1746 2694 ὅθεν
1781 2639 1884 2693 οὐκ

313 2728 491 2797 εἶπεν,
519 2728 655 2797 παρ’
688 2728 820 2799 ἐμοί
851 2728 1052 2795 ἐστιν,
1078 2728 1211 2783 ἀλλὰ
1236 2771 1252 2796 ,
1271 2730 1398 2800 μετ’
1427 2731 1572 2801 ἐμοῦ
1593 2731 1780 2796 ἐστιν,
1807 2730 1885 2796 ὼς

311 2822 503 2894 νύμφη
543 2821 778 2893 νυμφίου
798 2836 814 2852 ο
848 2820 1038 2874 τούτου
1072 2819 1181 2890 γὰρ
1206 2816 1344 2875 εἶναι
1378 2823 1411 2889 ἡ
1453 2821 1749 2893 Ἐκκλησία
1788 2822 1883 2875 τοῦ

316 2911 554 2984 Χριστοῦ
589 2911 892 2982 νομίζεται.

391 3024 411 3057 ι
450 3005 624 3060 Θῦσον
650 3003 729 3075 τῷ
762 3003 884 3073 Θεῷ
912 3002 1106 3058 θυσίαν
1132 3003 1408 3067 αἰνέσεως.
1450 3023 1469 3056 ι

1985 1907 2106 1965 tus,
2142 1914 2250 1954 non
2299 1901 2529 1971 amplius
2568 1902 2799 1957 admittit
2830 1903 2972 1958 dona
2996 1902 3334 1969 Judaaorum,
3368 1910 3558 1974 utpote

1986 1990 2265 2060 superﬂua
2294 2008 2308 2045 :
2339 2007 2466 2046 nam
2500 1992 2567 2047 de
2602 1993 2706 2047 illis
2735 1993 3017 2063 sequentia
3047 1993 3322 2049 dicuntur.

2060 2080 2307 2136 Volatilia
2340 2095 2474 2137 vero
2498 2082 2621 2139 celi
2650 2097 2747 2139 eos
2771 2083 3037 2155 intellige,
3065 2085 3157 2154 qui
3189 2084 3558 2156 virginitatem

1984 2181 2039 2226 et
2057 2171 2441 2239 continentiam
2469 2173 2693 2229 colunt:
2718 2174 2981 2245 siquidem
3011 2175 3064 2230 hi
3114 2190 3348 2247 superne
3412 2176 3557 2234 circa

1982 2262 2180 2320 coelum
2212 2271 2462 2335 tanquam
2495 2265 2669 2337 angeli
2705 2266 2897 2322 intenti
2925 2268 3124 2324 volant.

2055 2459 2505 2516 Pulchritudinem
2551 2460 2669 2531 agri
2713 2459 2845 2516 dicit
2902 2459 3073 2529 ipsam
3116 2457 3411 2515 Ecclesiam
3432 2500 3449 2527 ,
3494 2467 3558 2515 ut

1988 2567 2110 2621 quae
2164 2553 2234 2607 sit
2296 2550 2485 2607 mundi
2545 2549 2897 2621 pulchritudo
2949 2568 2963 2604 :
3006 2564 3131 2605 nam
3184 2549 3409 2621 pulchra
3460 2562 3561 2620 per

1987 2641 2245 2713 baptismi
2289 2642 2517 2713 gratiam
2567 2640 2708 2696 facta
2741 2651 2844 2698 est.
2873 2640 3033 2697 Unde
3076 2656 3188 2697 non
3227 2641 3384 2707 dixit,
3415 2642 3560 2712 apud

1988 2752 2071 2789 me
2131 2743 2243 2799 est;
2308 2735 2426 2798 sed,
2487 2750 2690 2788 mecum
2730 2743 3125 2803 est,_tanquam
3173 2748 3375 2804 sponsa
3434 2749 3561 2790 cum

1991 2841 2194 2897 sponso
2226 2843 2240 2882 :
2274 2826 2436 2898 hujus
2462 2825 2609 2882 enim
2633 2865 2648 2893 ,
2676 2820 2883 2883 scilicet
2909 2824 3134 2891 Christi,
3170 2823 3411 2883 Ecclmsia
3440 2841 3561 2882 esse

1992 2927 2216 2974 ccnsetu
2224 2934 2267 2972 Γ.

2062 3008 2225 3065 Vsus.
2259 3009 2346 3064 ιι.
2384 3026 2404 3061 σ
2450 3008 2678 3064 immola
2709 3009 2822 3064 Deo
2848 3009 3171 3066 sacriﬁcium
3202 3009 3397 3065 laudis.
3430 3030 3449 3062 ι

390 3097 554 3151 Γενοῦ
583 3136 599 3161 ,
627 3096 800 3167 φησὶ,
829 3097 942 3160 τοῖς
965 3095 1221 3164 ἀγγέλοις
1261 3095 1558 3166 ἐφάμιλλος
1584 3113 1599 3128 ο
1650 3097 1887 3169 μίμησαι

2061 3101 2213 3166 Esto,
2260 3100 2456 3171 inquit,
2502 3115 2728 3157 consors
2767 3103 3004 3175 angelis;
3038 3102 3250 3158 imitare
3291 3102 3563 3174 gloriﬁca-

312 3191 380 3260 τῇ
414 3186 689 3256 δοξολογία
724 3185 790 3239 τά
821 3185 1070 3255 Σεραφίμ
1093 3201 1107 3215 '
1145 3184 1405 3256 διήγησαι
1428 3185 1682 3255 καθάπερ
1720 3186 1770 3239 oi
1800 3186 1891 3238 ού-

314 3281 473 3352 ρανοὶ
507 3278 664 3343 δόξαν
686 3277 821 3332 Θεοῦ
848 3293 862 3307 '
896 3276 1060 3333 θύσον
1089 3275 1283 3331 θυσίαν
1310 3276 1489 3347 ἥνπερ
1516 3277 1668 3330 πᾶσα
1695 3276 1730 3347 ὴ
1771 3275 1890 3330 κτί-

315 3389 401 3434 σις
449 3368 750 3441 προσφέρει
814 3366 1113 3433 δοξάζουσα
1153 3365 1433 3439 διηνεκῶς.
1476 3366 1638 3429 Ἴσως
1696 3364 1754 3417 δὲ
1798 3365 1892 3421 καὶ

312 3464 538 3517 θυσίαν
582 3463 871 3526 αἰνέσεως
904 3458 1003 3523 τὰς
1040 3459 1244 3530 ἀρετὰς
1282 3458 1449 3527 λέγει,
1493 3459 1561 3511 δι’
1603 3451 1677 3512 ὧν
1703 3459 1732 3510 ὁ
1757 3457 1892 3522 Θεὸς

316 3553 550 3606 αἱνείται
574 3588 591 3614 ,
623 3550 903 3603 τουτέστιν
930 3549 1268 3618 εύφημεῑται
1294 3551 1390 3602 καὶ
1435 3549 1753 3615 δοξάζεται·
1787 3553 1894 3622 μάν

316 3643 476 3693 λ.στα
496 3642 684 3709 διόπερ
705 3642 816 3702 τοῖς
877 3641 1197 3702 ἀποστόλοις
1229 3640 1414 3707 ἔλεγεν
1439 3658 1451 3672 ο
1494 3641 1796 3710 Λαμψάτω
1827 3644 1890 3697 τὸ

315 3728 440 3801 φῶς
469 3726 637 3796 ὑμῶν
662 3727 1004 3795 ἔμπροσθεν
1027 3725 1148 3778 τῶν
1179 3726 1529 3796 ἀνθρώπων,
1571 3729 1728 3794 ὅπως
1759 3731 1893 3784 ἴδω-

315 3835 377 3874 σι
412 3819 483 3872 τὰ
502 3821 659 3872 καλὰ
683 3813 852 3887 ὑμῶν
877 3815 1040 3885 ἔργα,
1075 3818 1172 3870 καί
1195 3818 1512 3883 δοξάζουσι
1542 3820 1646 3874 τὸν
1663 3822 1892 3889 Πατέρα

317 3909 482 3980 ὑμῶν
519 3908 626 3962 τὸν
650 3908 718 3962 ἐν
746 3906 871 3973 τοῖς
898 3906 1201 3974 οὐρανοῖς.

388 3998 579 4066 Gud/tv
625 3998 680 4051 δὲ
720 3997 811 4050 τὸν
845 3996 1177 4067 πειρασμὸν,
1201 3996 1294 4050 τὸν
1324 3997 1475 4069 παρὰ
1499 3999 1825 4072 ἀνθρώπων,
1857 4001 1889 4075 ἢ

316 4090 410 4143 τοῦ
442 4089 659 4141 Σατανᾶ
699 4087 985 4156 γινόμενον
1025 4086 1240 4157 νόησον.
1283 4088 1383 4140 Ἂν
1421 4088 1602 4143 τοίνυν
1645 4090 1766 4144 τότε
1798 4091 1893 4147 τὸν

318 4182 450 4235 Θεὸν
504 4178 984 4249 ὲπικαλεσώμεθα,
1020 4177 1281 4244 ἐξελεῖται
1336 4180 1502 4250 ἡμᾶς,
1542 4180 1730 4255 ὥσπερ
1761 4185 1892 4237 ποτὲ

315 4275 415 4346 τὴν
479 4273 761 4326 Σουσάναν
804 4270 1077 4335 ὲξείλετο’
1142 4272 1235 4324 καὶ
1291 4272 1516 4337 εἰκότως
1566 4274 1730 4330 αὑτὸν
1790 4294 1894 4330 πα-

320 4365 543 4438 ράδοξον
565 4366 695 4435 ἡμῖν
716 4361 1190 4434 οἰκονομουμένων
1214 4363 1556 4433 πραγμάτων
1574 4363 1891 4438 δοξάζομεν.

391 4475 413 4506 ι
448 4455 646 4508 Σύνετε
670 4453 735 4523 δὴ
765 4453 962 4517 ταῦτα,
987 4453 1038 4505 οἰ
1071 4453 1578 4524 ἐπιλανθανόμενοι.
1618 4474 1636 4506 ι

389 4547 500 4618 Τὴν
549 4548 765 4619 ἡμέραν
797 4545 1109 4616 ὑπογραφεῖ
1135 4545 1230 4599 τοῦ
1274 4545 1527 4612 θανάτου,
1548 4550 1607 4602 ὲν
1693 4548 1890 4602 καλού-

322 4658 480 4712 μενος
515 4640 746 4703 ἕκαστος
797 4639 937 4708 μετὰ
979 4638 1179 4708 τάχους
1212 4639 1544 4709 ἁρπάζεται.
1576 4642 1741 4696 Ὥστε
1784 4643 1891 4713 χρὴ

319 4732 455 4801 πρὸς
477 4730 705 4801 άλειφὴν
731 4728 838 4784 τῶν
883 4727 1301 4798 ἁμαρτημάτων
1334 4731 1482 4797 ἰδεῖν,
1504 4732 1610 4797 ἕως
1643 4735 1774 4803 ἡμῖν
1811 4736 1895 4797 είς

321 4822 615 4895 μετάνοιαν
638 4818 828 4891 καιρὸς
852 4816 1223 4887 δαψιλεύεται.

401 5016 417 5047 ι
449 4997 623 5051 Θυσία
648 4996 905 5058 αἰνέσεως
938 4993 1152 5059 δοξάσει
1194 5012 1282 5065 με.
1319 5015 1339 5049 ι

392 5088 489 5150 Τίς
512 5087 648 5157 αὕτη
677 5087 770 5143 καὶ
794 5086 922 5140 ποία
950 5085 1067 5147 ὁδός
1094 5102 1110 5150 ;
1136 5090 1199 5141 Ἥ
1236 5089 1489 5143 κοινωνία
1513 5089 1607 5143 τοῦ
1637 5092 1894 5146 Δεσποτι-

320 5178 421 5231 κοῦ
455 5179 710 5250 σώματός
739 5197 798 5232 τε
827 5182 921 5236 καὶ
949 5184 1200 5253 αἵματος,
1242 5183 1310 5255 ἣν
1336 5185 1498 5246 αὐτὸς
1515 5185 1648 5254 ἡμῖν
1675 5184 1896 5252 πρῶτος

319 5273 379 5324 ὲν
410 5274 477 5344 τῇ
535 5272 672 5327 Σιὼν
715 5275 1128 5345 καταρξάμενος
1158 5275 1381 5342 ἔδειξεν.
1445 5276 1669 5348 Ἐπειδὴ
1714 5277 1895 5331 τοίνυν

320 5365 401 5428 εἰς
421 5363 693 5436 λύτρωσιν
722 5365 832 5419 τῶν
852 5367 1269 5437 ἁμαρτημάτων
1296 5370 1410 5431 τοῖς
1433 5366 1776 5437 λαμϐάνουσι
1807 5369 1894 5423 δέ·

317 5455 492 5519 δοται,
528 5456 754 5520 εἰκότως
781 5457 900 5511 ἐστὶ
944 5460 1211 5530 σωτήριον
1237 5458 1331 5513 τοῦ
1370 5458 1505 5514 Θεοῦ
1537 5475 1550 5488 ·
1585 5460 1811 5523 εἰκότως
1840 5461 1896 5519 δὲ

320 5549 418 5601 καὶ
446 5546 561 5610 ὁδὸς
593 5545 707 5610 πῶς
734 5548 818 5609 είς
851 5547 1077 5617 οὐρανὸν
1109 5548 1328 5603 ὁδεῦσαι
1369 5551 1483 5611 τοῖς
1514 5549 1572 5601 ὃν
1592 5548 1671 5603 δεῖ
1701 5549 1903 5619 τρόπον

317 5638 777 5708 προσευχομένοις
805 5637 1139 5693 δεικνύουσα.

395 5751 438 5780 ιδ
472 5749 661 5804 Matth.
701 5768 752 5817 ν,
794 5751 875 5809 1-6.

1993 3188 2140 3244 tione
2185 3188 2467 3260 Seraphim
2517 3204 2754 3245 :enarra
2785 3191 2924 3246 sicut
2971 3190 3093 3246 creti
3139 3191 3362 3261 gloriam
3415 3190 3507 3245 Dei
3542 3207 3558 3247 :

1992 3280 2212 3335 immola
2251 3280 2597 3346 sacriﬁcium,
2636 3280 2778 3351 quod
2811 3280 2990 3335 omnis
3016 3281 3260 3335 immolat
3291 3290 3563 3345 creatura,

1993 3374 2124 3429 dum
2156 3372 2501 3428 continenter
2547 3372 2715 3428 Deum
2762 3373 2964 3429 laudat.
2999 3372 3161 3428 Forte
3193 3387 3323 3428 vero
3356 3372 3565 3441 sacriﬁ.

1993 3466 2134 3520 cium
2160 3465 2335 3520 laudis
2364 3466 2596 3521 virtutes
2625 3465 2894 3537 intelligit,
2925 3480 3023 3535 per
3046 3479 3181 3535 quas
3206 3462 3350 3519 Deus
3377 3464 3566 3518 lauda-

1993 3566 2083 3611 tur
2108 3571 2123 3621 ;
2157 3556 2263 3611 hoc
2282 3565 2388 3618 est,
2421 3556 2764 3612 benedicitur
2790 3564 2844 3611 et
2868 3556 3232 3625 gloriﬁcatur;
3262 3553 3563 3626 praesertim

1993 3658 2120 3699 cum
2152 3642 2413 3712 apostolis
2448 3643 2683 3701 dixerit;
2713 3644 2906 3698 Luceat
2937 3644 3030 3697 luas
3057 3652 3228 3698 vestra
3259 3658 3436 3696 coram
3465 3643 3562 3694 Iro-

1996 3733 2247 3799 rm'nibus,
2282 3741 2342 3786 ut
2390 3734 2598 3787 videant
2625 3749 2781 3802 opera
2811 3745 2983 3788 vestra
3010 3735 3166 3798 bona,
3197 3741 3248 3786 et
3273 3731 3563 3801 gloriﬁcent

1993 3823 2212 3878 Patrem
2241 3830 2466 3876 rostrum
2501 3824 2591 3893 qui
2619 3823 2674 3876 in
2708 3823 2846 3879 oculis
2875 3832 2949 3877 est
2979 3824 3045 3878 η.

2067 3997 2497 4054 Tribulationem
2534 4010 2715 4055 autem
2754 4000 3000 4069 intelligo
3024 4000 3404 4066 tentationem,
3443 4017 3565 4072 qua!

1992 4092 2061 4147 ab
2101 4088 2414 4146 hominibus
2448 4090 2536 4146 vel
2564 4106 2594 4146 a
2625 4090 2825 4146 Satana
2864 4091 3096 4147 exsistit.
3134 4091 3191 4146 Si
3223 4091 3406 4162 itaque
3433 4100 3565 4147 tunc

1996 4180 2161 4237 Deum
2189 4182 2645 4248 inrocaverimus,
2671 4184 2856 4255 utique
2883 4183 3078 4254 eripiet
3095 4198 3215 4249 nos,
3239 4183 3380 4239 sicut
3399 4198 3568 4254 quon-

1995 4275 2117 4331 dam
2147 4273 2453 4333 Susannam
2475 4276 2677 4346 eripuit
2702 4294 2715 4331 :
2750 4276 2944 4346 rtjure
2967 4276 3162 4331 merito
3193 4275 3371 4347 ipsum
3403 4275 3568 4337 rebus

1995 4369 2097 4425 rite
2130 4368 2369 4438 peractis
2390 4368 2694 4424 mirabilem
2727 4368 3106 4438 pmdicamus.

1924 4468 1969 4523 ι)
2073 4457 2232 4514 Vsus.
2262 4459 2357 4515 2%.
2391 4476 2412 4511 ι
2455 4459 2746 4530 lnteliigite
2777 4460 2894 4515 haec
2923 4459 3014 4529 qui
3041 4459 3445 4520 oblivisciminl,
3483 4477 3502 4513 ι

2070 4548 2225 4604 Dicm
2283 4550 2475 4605 mortis
2517 4549 2797 4616 describit,
2848 4550 2903 4604 in
2932 4565 3038 4620 qua
3076 4550 3307 4620 quisque
3343 4557 3568 4608 vocatus

1998 4638 2246 4695 celeriter
2282 4639 2510 4711 rapitur.
2547 4639 2725 4706 Quare
2756 4649 2994 4712 oportet,
3044 4656 3164 4712 quae
3202 4642 3270 4699 ad
3301 4642 3569 4697 abolenda

1997 4733 2225 4789 crimina
2284 4733 2580 4803 pertinent,
2646 4746 2749 4788 nos
2789 4747 3115 4804 cognossem
3154 4748 3218 4791 ac
3264 4733 3567 4804 providere,

1998 4823 2241 4893 quandiu
2276 4822 2435 4878 nobis
2453 4823 2520 4878 ad
2543 4822 2807 4894 agendam
2829 4823 3208 4893 pmnitentiam
3232 4823 3447 4878 occasio
3472 4838 3570 4878 ex-

2003 4913 2244 4968 hibetur.

2074 5002 2232 5059 Vens.
2265 5003 2357 5059 25.
2404 5002 2744 5063 Sacriﬁcium
2773 5002 2950 5073 laudis
2993 5002 3375 5059 honoriﬁcabit
3398 5016 3505 5056 me.
3545 5020 3564 5052 ι

2070 5095 2333 5159 Quasnam
2367 5102 2422 5148 et
2454 5093 2634 5165 qualis
2666 5102 2751 5149 est
2782 5096 2900 5148 haec
2931 5094 3017 5149 via
3041 5094 3064 5147 ἲ
3089 5092 3356 5147 Nimirum
3390 5091 3574 5145 Domi.-
3619 5110 3623 5115 τ

2000 5185 2110 5241 nici
2168 5185 2416 5255 corporis
2468 5193 2526 5240 et
2579 5185 2860 5257 sanguinis
2904 5182 3346 5247 communicatio,
3407 5195 3570 5250 quam

2002 5275 2156 5347 prius
2196 5275 2315 5345 ipse
2343 5274 2501 5330 nobis
2538 5273 2596 5329 in
2633 5273 2767 5330 Sion
2810 5274 3185 5330 demonstrare
3212 5273 3395 5342 coepit.
3434 5273 3571 5330 Cum

2002 5381 2129 5439 ergo
2179 5368 2235 5423 in
2296 5366 2727 5437 redemptionem
2774 5373 3122 5437 peccatorum
3180 5362 3574 5434 accipientibus

2004 5457 2258 5515 traditum
2293 5456 2387 5523 sit,
2419 5456 2615 5512 merito
2635 5463 2720 5513 est
2747 5456 2984 5514 salutare
3018 5454 3113 5509 Dei
3151 5473 3165 5510 :
3209 5453 3405 5509 merito
3438 5468 3576 5523 quo.

2001 5563 2110 5617 que
2136 5548 2222 5602 via
2243 5555 2348 5612 est,
2370 5562 2494 5617 qua
2517 5545 2976 5617 quemadmodum
3008 5545 3065 5599 in
3094 5543 3289 5601 calum
3315 5545 3395 5599 ire
3420 5557 3574 5615 oper.

2007 5649 2117 5695 teat
2145 5639 2429 5699 orantibus
2459 5639 2716 5697 ostendit.
2794 5647 2798 5650 ‘
