4044 6228
498 406 636 476 1199

1081 508 1401 570 PSALMUS
1428 509 1491 565 L.

566 612 732 668 Vens.
786 608 839 664 l.
878 627 896 660 ι
943 607 997 662 In
1040 605 1226 669 ﬁnem,
1270 602 1510 674 psalmus
1541 596 1730 663 David,
1762 612 1886 651 cum
1916 594 2068 652 venit

496 702 562 758 ad
591 716 717 757 eum
781 698 994 754 Natban
1037 696 1344 770 propheta,
1416 685 1636 761 quando
1706 686 1930 742 intravit
1998 685 2068 740 ad

496 792 815 848 Bethsabee.
845 809 866 842 ι

565 882 859 939 Clariorem
898 879 1033 936 liber
1071 876 1279 947 Regum
1310 872 1596 929 historiam
1636 870 1899 926 continet.
1935 866 2069 921 Nam

496 986 621 1029 cum
637 972 806 1028 David
822 987 852 1027 e
866 971 1028 1028 domo
1045 983 1143 1025 sua
1157 965 1535 1037 conspexisset
1552 961 1819 1017 Bersabee
1845 973 2066 1015 uxorem

498 1062 643 1118 Uria
678 1059 871 1117 Hettaei
900 1075 959 1116 se
990 1059 1263 1115 lavantem
1283 1096 1299 1121 ,
1323 1062 1380 1110 et
1408 1054 1535 1110 inde
1555 1053 1613 1108 in
1634 1067 1754 1107 eam
1777 1049 2070 1122 cupiditate

498 1156 815 1220 exarsisset,
881 1166 1170 1209 accersens
1218 1149 1385 1213 illam,
1438 1161 1564 1202 cum
1610 1160 1674 1200 ea
1728 1141 2067 1199 concubuit:

498 1262 625 1303 cum
662 1255 845 1302 autem
882 1243 1247 1313 concepisset,
1278 1238 1490 1295 veritus
1534 1235 1743 1300 Uriam,
1777 1234 1989 1290 curavit
2012 1243 2073 1287 ut

501 1338 662 1395 Urias
691 1338 792 1393 sub
824 1337 964 1392 duce
989 1334 1126 1390 Joah
1157 1333 1212 1386 in
1239 1331 1414 1402 prima
1445 1328 1565 1382 acie
1593 1341 1843 1397 pugnans
1866 1324 2072 1380 consti-

501 1440 785 1494 tueretur;
838 1436 1000 1497 atque
1035 1426 1110 1479 ita
1137 1438 1234 1494 per
1256 1421 1595 1492 alienigenas
1625 1420 1805 1490 ipsum
1846 1418 2070 1473 occidit.

502 1524 731 1592 Propter
777 1521 896 1575 haec
936 1519 1111 1572 iratus
1161 1515 1323 1577 Deus,
1370 1512 1520 1566 misit
1544 1512 1611 1566 ad
1659 1510 1811 1565 illum
1854 1507 2072 1564 Nathan

502 1613 846 1684 prophetam,
898 1616 960 1663 ut
998 1607 1076 1661 illi
1122 1613 1345 1676 propter
1396 1603 1602 1658 caedem
1645 1610 1701 1657 et
1743 1600 2075 1656 adulterium

499 1703 963 1759 comminaretur:
1014 1712 1125 1767 quo
1160 1696 1330 1761 facto,
1378 1693 1545 1750 David
1587 1692 1654 1747 ad
1693 1691 2074 1762 paenitentiam

499 1805 795 1850 conversus
822 1789 1040 1859 scripsit
1081 1788 1230 1842 hunc
1274 1786 1543 1858 psalmum
1570 1824 1585 1849 ,
1612 1783 1838 1839 minime
1867 1781 2075 1837 veritus

1686 392 2045 455 HESYCHII
2080 389 2555 456 PRESBYTERI

2100 510 2148 567 Α

3621 388 3762 455 Ῑὲθη

2758 503 3051 559 ΨΑΛΜΟΣ
3084 503 3168 557 N'.

2253 614 2271 648 ι
2310 596 2400 661 Et;
2434 598 2496 650 τὸ
2528 596 2681 659 τέλος
2706 635 2721 660 ,
2754 594 2974 666 ψαλμὸς
3020 593 3099 665 τῷ
3132 591 3298 648 Δαυῒδ
3384 594 3444 647 ὲν
3471 591 3551 663 τῷ
3581 593 3763 647 ἐλθεῖν

2175 687 2315 760 πρὸς
2342 688 2506 741 αὐτον
2528 686 2717 742 Νάθαν
2741 687 2832 741 τὸν
2857 687 3166 760 προφήτην,
3193 684 3357 757 ἡνίκα
3374 684 3593 756 είσῆλθε
3623 685 3765 756 πρὸς

2177 779 2482 851 Βηρσαὸεέ.
2523 799 2545 833 ι

2248 871 2593 944 Σαφέστερον
2638 871 2740 942 τὴν
2785 870 3026 943 ἱστορίαν
3056 871 3091 942 ή
3135 869 3318 941 βίϐλος
3339 869 3450 924 τῶν
3483 868 3765 924 Βασιλέων

2178 963 2464 1034 κέκτηται.
2510 964 2622 1035 Τὴν
2650 963 2942 1035 Βηρσαϐεὲ
2971 963 3082 1036 γάρ
3116 963 3320 1035 Οὐρίου
3345 962 3443 1017 τοῦ
3479 963 3762 1035 Χετμαίου

2176 1058 2412 1125 γυναῖκα
2456 1056 2834 1127 τυγχάνουσαν
2881 1055 3183 1127 λουομένην
3227 1057 3336 1110 ἀπὸ
3374 1055 3471 1110 τοῦ
3511 1056 3764 1126 δώματος

2177 1149 2299 1202 τότε
2319 1148 2483 1202 Δαϐὶδ
2512 1148 2867 1220 θεασάμενος,
2910 1143 3030 1201 εἶτα
3074 1147 3330 1219 ἐρασθεὶς
3355 1148 3596 1212 καλέσας
3631 1165 3761 1201 συν-

2178 1239 2418 1307 εγένετο.
2456 1238 2547 1294 Ἐν
2572 1240 2773 1310 γαστρὶ
2786 1240 2846 1294 δὲ
2865 1236 3138 1311 λαϐούσης
3166 1239 3501 1310 αἰσχυνθεὶς,
3531 1239 3626 1292 τὸν
3653 1239 3761 1293 Οὑ-

2180 1330 2328 1399 ρίαν,
2358 1331 2546 1384 πεσεῖν
2568 1331 2630 1385 ὲν
2654 1331 2734 1402 τῷ
2761 1330 2986 1402 πολέμῳ
3012 1329 3429 1401 παρατάξαντος
3486 1330 3645 1385 Ἰωάϐ
3666 1331 3762 1385 τοῦ

2181 1418 2491 1491 στρατηγοῦ
2513 1420 2893 1491 παρεσκεύαζε
2911 1421 3193 1492 πρόμαχον
3216 1422 3513 1492 στῆσαιτδν
3534 1424 3758 1495 οὐρίαν,

2178 1507 2356 1572 οὕτως
2378 1509 2474 1563 καὶ
2499 1508 2606 1562 ὑπὸ
2626 1510 2735 1563 τῶν
2759 1508 3078 1581 ἀλλοφύλων
3098 1509 3446 1567 ἀπέκτεινεν.
3483 1511 3607 1565 Ἐπὶ
3634 1513 3730 1566 τού
3750 1543 3763 1553 -

2179 1617 2296 1664 τοις
2340 1602 2369 1655 ὁ
2407 1601 2539 1665 Θεὸς
2578 1602 2880 1672 ὀργισθεὶς,
2922 1602 3113 1657 Νάθαν
3160 1602 3311 1673 αύτῷ
3348 1603 3440 1658 τον
3475 1606 3763 1677 προφήτην

2182 1690 2509 1746 ἀπειλοῦντα
2537 1692 2627 1746 διὰ
2652 1692 2743 1747 τὸν
2773 1693 2932 1763 φόνον
2957 1694 3055 1749 καὶ
3082 1694 3182 1764 τὴν
3211 1694 3462 1765 μοιχείαν
3492 1696 3760 1766 επεμψεν.

2192 1778 2254 1833 ὐ
2283 1779 2341 1833 δὲ
2365 1781 2446 1840 είς
2473 1780 2769 1851 μετάνοιαν
2791 1781 2932 1853 ὀρῶν
2953 1781 3170 1854 ψαλμὸν
3191 1783 3285 1837 τὸν
3309 1784 3571 1856 ἐχόμενον
3596 1786 3761 1857 ἔγρα-

501 1887 605 1942 hoc
633 1884 832 1938 vulnus
863 1896 1024 1936 suum
1054 1879 1362 1951 propalare,
1390 1886 1450 1933 ut
1479 1875 1856 1948 peccatoribus
1891 1873 2068 1946 poeni-

2179 1869 2281 1941 ψεν
2300 1870 2401 1924 οὐκ
2459 1871 2774 1942 αἰσχυνθεὶς
2824 1872 3182 1945 δημοσιεῦσαι
3235 1875 3297 1928 τὸ
3350 1876 3571 1947 τραῦμα
3600 1916 3616 1942 ,
3672 1878 3760 1933 ἴνα

503 1975 684 2032 tentia:
710 1971 1014 2030 remedium
1040 1972 1328 2027 indicaret.

570 2173 742 2243 Rogat
783 2169 953 2228 deleri
981 2168 1342 2239 iniquitatem,
1372 2165 1446 2221 ita
1477 2173 1537 2220 ut
1575 2179 1683 2219 non
1713 2161 1890 2218 solum
1912 2175 2073 2217 cure-

499 2274 591 2321 tur
612 2264 811 2319 vulnus
841 2303 856 2327 ,
890 2275 1081 2315 verum
1110 2274 1180 2313 ne
1209 2256 1428 2313 cicatrix
1461 2256 1681 2326 quidem
1715 2253 2069 2324 relinquatur.

500 2355 862 2422 Quamobrem
887 2352 1050 2407 etiam
1074 2348 1485 2405 miserationum
1507 2345 1912 2401 multitudinem
1940 2360 2072 2415 prae-

500 2447 706 2504 tendit:
732 2459 908 2516 neque
934 2444 1083 2498 enim
1112 2442 1181 2496 ab
1202 2456 1308 2495 una
1326 2439 1700 2500 miseratione,
1722 2438 1828 2491 hoc
1843 2444 1945 2501 est,
1975 2450 2071 2490 ve-

500 2537 591 2591 nia
639 2535 808 2590 unius
863 2533 1048 2589 delicti
1095 2540 1346 2604 peccator
1390 2529 1583 2584 salvari
1630 2535 1829 2598 potest,
1864 2525 1960 2581 sed
2001 2525 2071 2580 ad

500 2630 670 2685 multa
712 2627 896 2682 multis
942 2640 1080 2695 Opus
1112 2631 1201 2680 est
1225 2620 1689 2686 miserationibus,
1718 2628 1779 2674 ut
1816 2619 1992 2673 minas
2016 2624 2070 2672 et

500 2716 830 2789 supplicium
868 2713 1211 2784 eﬂ‘ugiamus.

571 2883 691 2939 Non
737 2882 1054 2954 simpliciter
1097 2879 1287 2947 lavari,
1322 2878 1418 2936 sed
1442 2879 1676 2950 amplius
1713 2878 1942 2951 rogavit,
1975 2892 2070 2948 pe-

504 2988 625 3033 tens
647 2985 705 3031 ut
732 2975 981 3046 purgatio
1006 2973 1217 3028 crimini
1243 2987 1338 3027 seu
1358 2971 1535 3043 lapsui
1555 2971 1901 3041 respondeat.
1934 2968 2069 3023 Nam

502 3069 955 3140 quemadmodum
974 3067 1142 3122 vestis
1157 3080 1347 3136 parum
1365 3064 1579 3120 sordida
1601 3062 1758 3118 facile
1772 3062 2004 3117 abluitur
2017 3068 2072 3114 et

503 3162 838 3228 mandatur;
896 3175 1016 3229 quae
1073 3174 1204 3214 vero
1249 3156 1484 3211 multum
1537 3162 1595 3210 et
1636 3155 1835 3225 saepius
1882 3152 2071 3209 sordes

505 3253 794 3319 contraxit,
825 3212 1027 3321 μηδοτί
1078 3250 1259 3305 studio
1291 3246 1564 3303 ctvlabore
1592 3244 1920 3316 extergenda
1946 3252 2071 3308 est;
2100 3212 2145 3272 θ’

506 3345 587 3400 sic
609 3353 673 3398 et
699 3344 901 3408 anima,
927 3357 1048 3412 quae
1070 3341 1237 3396 semel
1256 3349 1312 3395 et
1327 3354 1491 3410 parva
1514 3337 1841 3409 peccaverit,
1864 3336 2072 3390 medio-

506 3432 586 3488 cri
602 3430 931 3504 paenitentia
954 3439 1212 3500 purgatur
1244 3447 1258 3482 :
1291 3443 1414 3483 cum
1453 3442 1583 3483 vero
1614 3425 1798 3481 multis
1821 3434 1876 3480 et
1900 3424 2074 3495 gravi-

505 3526 608 3580 bus
629 3523 840 3578 delictis
878 3537 997 3577 sese
1020 3521 1396 3584 obstrinxerit,
1427 3535 1534 3574 non
1562 3518 1665 3573 levi
1682 3526 1736 3572 et
1759 3516 2073 3589 negligenti,

506 3615 603 3670 sed
662 3613 930 3669 laboriosa
981 3621 1036 3667 et
1077 3627 1271 3682 aspera
1312 3610 1629 3681 paenitentia
1676 3609 1895 3678 indiget,
1951 3623 2087 3662 cum

504 3705 796 3761 multorum
848 3703 1114 3758 bonorum
1166 3710 1389 3757 actuum
1427 3699 1720 3772 .operibus.
1777 3699 1891 3753 Tali
1929 3698 2076 3753 enim

507 3794 825 3867 pmuitentia
849 3791 992 3847 Deus
1020 3790 1194 3847 abluit
1221 3791 1414 3846 delicta
1452 3800 1658 3845 nostra.
1700 3786 1868 3843 Recte
1897 3796 2077 3843 autem

505 3894 790 3958 peccatum
820 3884 1162 3954 iniquitatem
1189 3883 1516 3955 appellavit;
1551 3882 1741 3936 volens
1763 3881 2075 3947 ostendere,

504 3992 576 4034 ne
641 3976 742 4032 sibi
798 3976 1054 4046 quidem,
1106 3990 1416 4045 quanquam
1476 3973 1608 4045 regi,
1664 3973 1838 4042 legem
1898 3981 2077 4026 trans-

504 4068 658 4141 gredi
689 4067 916 4124 licuisse
939 4086 952 4124 :
985 4083 1112 4123 nam
1137 4067 1341 4140 Regem
1366 4066 1612 4122 omnium
1639 4064 1964 4119 altissimum
1991 4061 2076 4118 of-

505 4160 696 4217 tendit.

574 4250 735 4307 Vens.
760 4251 812 4307 5.
849 4270 868 4305 ι
897 4248 1174 4317 Quoniam
1226 4247 1572 4318 iniquitatem
1616 4261 1794 4313 meam
1840 4260 1942 4319 ego
1983 4262 2079 4303 co-

500 4358 721 4415 gnosco.
763 4362 782 4395 ι

572 4436 797 4491 Beatum
821 4442 927 4498 est,
956 4448 1081 4489 cum
1110 4431 1537 4505 quis-proprium
1577 4432 1729 4488 novit
1764 4429 2075 4504 peccatum,

2182 1964 2296 2026 τοῖς
2336 1962 2684 2034 ἁμαρτωλοῖς
2727 1963 2988 2037 ἀποδείξῃ
3035 1964 3139 2037 τῆς
3187 1967 3481 2037 μετανοίας
3530 1968 3588 2022 τὸ
3620 1969 3758 2041 φάρ-

2187 2071 2381 2126 μακον.

2265 2145 2683 2220 Ἐεαλειφθῆναι
2710 2147 2815 2218 τὴν
2842 2148 3095 2219 ἀνομίαν,
3121 2148 3262 2204 ὥστε
3312 2150 3388 2223 μὴ
3416 2150 3579 2224 μόνον
3616 2152 3763 2223 ἰαθῆ-

2182 2254 2270 2291 ναι
2311 2237 2375 2291 τδ
2403 2237 2626 2310 τραῦμα
2654 2279 2669 2304 ,
2701 2237 2837 2292 ἀλλὰ
2871 2239 3005 2311 μηδὲ
3056 2239 3302 2310 μώλωπα
3344 2240 3760 2314 περιλειφθῆναι

2183 2330 2454 2402 βούλεται,
2493 2333 2582 2402 ἐφ’
2613 2325 2658 2402 ᾦ
2688 2332 2787 2386 καὶ
2817 2331 2928 2386 τῶν
2961 2333 3262 2405 οἰκτιρμῶν
3293 2334 3353 2388 τὺ
3384 2334 3593 2405 πλῆθος
3624 2350 3755 2405 προο

2178 2424 2363 2479 τείνει.
2396 2424 2530 2478 Οὐδὲ
2561 2424 2669 2497 γὰρ
2700 2424 2795 2493 ἀφ’
2820 2424 2937 2489 ἐνὸς
2974 2425 3285 2497 οἰκτιρμοῦ,
3318 2428 3624 2494 τουτέστιν,
3651 2427 3762 2480 ἀπὸ

2183 2516 2517 2587 συγγνώμης
2542 2517 2640 2586 τῆς
2659 2516 2745 2586 ὲφζ
2762 2516 2843 2570 ἑνὶ
2871 2515 3279 2589 παραπτώματι
3309 2520 3549 2590 σωθῆναι
3571 2521 3759 2591 ἀμαρ-

2178 2607 2349 2671 τωλὺς
2381 2607 2645 2674 δύναται,
2680 2608 2896 2662 πολλῶν
2929 2609 2985 2662 δὲ
3013 2608 3109 2663 καὶ
3157 2609 3253 2663 ἐπὶ
3301 2609 3517 2675 πολλοῖς
3548 2614 3746 2676 οἰκτιρ-

2182 2701 2303 2769 μοῖς
2329 2737 2347 2764 ,
2377 2697 2519 2752 ὥστε
2544 2697 2832 2769 διαφυγεῖν
2860 2698 2958 2771 τὴν
2991 2699 3245 2772 ἀπειλὴν,
3276 2702 3370 2755 καὶ
3405 2701 3503 2774 τὴν
3533 2702 3760 2757 κόλασιν

2179 2787 2482 2860 χρῄζομενο

2251 2880 2363 2951 Οὐχ
2389 2878 2576 2944 ἁπλῶς
2606 2878 2823 2947 πλῦναι,
2846 2880 2963 2934 ἀλλ’
2983 2880 3076 2934 ἐπὶ
3100 2879 3276 2934 πλεῖον
3311 2879 3583 2935 ίκέτευσεν
3615 2883 3753 2938 ἀνα-

2179 2972 2355 3041 λόγως
2405 2972 2482 3044 τῷ
2528 2974 2831 3045 πταίσματι
2864 2973 3196 3046 παρακαλῶν
3224 2973 3469 3043 γενέσθαι
3517 2977 3618 3044 τὴν
3647 2975 3753 3028 κά-

2181 3062 2395 3135 θαρσιν.
2455 3065 2667 3136 ’Ὠσπερ
2714 3064 2823 3134 γάρ
2868 3065 2929 3119 τδ
2971 3066 3071 3137 μὲν
3126 3064 3377 3138 ρυπωθὲν
3417 3065 3757 3137 συμμέτρως

2183 3155 2396 3226 ἱμάτιον
2447 3155 2685 3219 εὐκόλως
2732 3154 2994 3211 πλύνεται
3044 3159 3139 3211 καὶ
3181 3154 3503 3226 καθαίρεται
3532 3172 3547 3186 ·
3596 3155 3660 3210 τὸ
3699 3157 3757 3210 δὲ

2176 3247 2317 3315 ἄγαν
2346 3246 2440 3300 καὶ
2484 3246 2747 3311 πολλάκις
2774 3288 2788 3314 ,
2831 3249 3257 3321 σπουδαιοτέρας
3282 3247 3475 3320 χρῄζει
3505 3247 3601 3299 καὶ
3634 3249 3754 3300 ἐπι-

2176 3341 2342 3392 πόνου
2384 3339 2669 3405 πλύσεως,
2710 3341 2801 3395 τὺν
2827 3342 2989 3395 αὑτὸν
3016 3343 3080 3412 δὴ
3130 3343 3333 3414 τρόπον
3369 3342 3541 3413 ψυχὴ,
3576 3344 3608 3413 ἡ
3658 3342 3757 3412 μὲν

2176 3428 2322 3493 ἅπαξ
2364 3430 2720 3502 ἀμαρτηκυῖα
2757 3431 2852 3485 καὶ
2894 3433 3116 3507 μέτρια,
3154 3434 3461 3505 συμμέτρῳ
3497 3434 3755 3505 μετανοίᾳ

2177 3519 2539 3591 καθαίρεται·
2585 3520 2758 3574 πολλά
2784 3521 2843 3574 δὲ
2881 3522 3009 3575 ὅταν
3039 3523 3175 3592 αὐτῇ
3210 3522 3303 3575 καὶ
3338 3521 3552 3591 χαλεπὰ
3578 3522 3755 3592 ἀμαρο

2176 3613 2398 3682 τήματα
2426 3612 2672 3683 γένηται,
2700 3613 2763 3666 ού
2789 3614 2896 3684 χρὴ
2933 3614 3213 3684 πάρεργον
3238 3607 3404 3677 εἶναι,
3451 3612 3587 3666 ἀλλά
3618 3613 3754 3683 μετά

2177 3700 2341 3753 πόνου
2373 3701 2571 3755 πολλοῦ
2613 3703 2708 3756 καὶ
2751 3701 3003 3774 πράξεων
3048 3701 3268 3772 ἀγαθῶν
3314 3703 3415 3768 τὴν
3445 3703 3751 3772 μετάνοιαν.

2179 3791 2367 3865 Ταύτῃ
2397 3793 2505 3864 γὰρ
2550 3795 2580 3846 ὁ
2620 3793 2754 3857 Θεὸς
2786 3793 2977 3847 πλύνει
3003 3793 3073 3847 τὰ
3120 3791 3367 3864 ἡμέτερα
3413 3793 3750 3862 πταίσματα.

2179 3885 2378 3949 Καλῶς
2395 3885 2452 3938 δὲ
2474 3887 2575 3958 τὴν
2605 3886 2881 3958 ἁμαρτίαν
2905 3886 3136 3956 ἀνομίαν
3164 3883 3600 3952 ὲκάλεσε,δεῖξαι
3636 3886 3755 3959 βου-

2178 3977 2385 4045 ληθεὶς,
2415 3979 2497 4033 ὅτι
2521 3978 2643 4032 οὐδὲ
2673 3976 2822 4049 αύτῷ
2846 3977 3010 4047 νόμον
3038 3978 3398 4047 παραϐαίνειν
3427 3976 3578 4049 ἐξῆν,
3598 3979 3753 4033 είκαὶ

2182 4069 2432 4139 βασιλεὺς
2465 4070 2753 4139 ἐτύγχανε.
2776 4068 2997 4122 Βασιλεῖ
3016 4068 3123 4140 γὰρ
3146 4066 3224 4139 τῷ
3252 4067 3472 4122 πάντων
3503 4069 3755 4139 temore-

2184 4174 2262 4230 ρῳ
2288 4160 2719 4230 προσέκρουσεν.

2256 4267 2276 4301 ι
2318 4248 2440 4304 Ὅτι
2466 4248 2565 4320 τὴν
2591 4249 2825 4321 ἀνομίαν
2867 4267 2970 4321 μου
2999 4248 3110 4319 ἐγὼ
3135 4250 3408 4320 γινώσκω.
3449 4267 3468 4301 ι

2249 4424 2535 4496 Μακάριον
2561 4425 2692 4479 ὅταν
2711 4441 2794 4487 τις
2826 4424 3036 4480 οίκείαν
3061 4424 3336 4496 ἁμαρτίαν
3357 4425 3668 4492 ἐπίσταται,
3701 4428 3758 4481 έν

500 4535 555 4581 et
580 4526 929 4581 continenter
970 4535 1097 4580 ante
1133 4524 1319 4579 oculos
1346 4523 1523 4578 habet
1551 4523 1746 4579 delicta
1778 4539 1895 4582 sua.
1940 4524 2071 4580 Nam

2179 4516 2479 4587 ὀφθαλμοῖς
2511 4516 2569 4570 δὲ
2591 4516 2706 4586 ἔχει
2734 4515 3028 4578 διαπαντὸς
3056 4516 3126 4568 τά
3156 4515 3501 4586 πταίσματα.
3555 4515 3615 4569 '0
3658 4517 3758 4587 μὲν

448 4633 455 4638 ·
499 4617 592 4684 qui
623 4616 922 4687 cegnoscit,
952 4625 1009 4671 et
1036 4614 1304 4681 meminit,
1346 4622 1401 4669 et
1422 4614 1594 4670 oculis
1631 4617 1800 4670 animi
1847 4617 2074 4674 delicto-

503 4717 624 4755 rum
652 4717 875 4757 suorum
900 4704 1125 4759 vulnera
1157 4704 1420 4768 intuetur,
1450 4704 1728 4759 erubescit
1747 4707 1950 4761 rubore
1970 4709 2077 4763 suf-

505 4791 690 4858 fusus;
717 4801 771 4846 et
791 4794 1164 4850 recordatione
1184 4797 1418 4850 animam
1441 4797 1775 4868 compungit,
1792 4808 1848 4853 et
1866 4802 2075 4870 pudore

500 4890 724 4939 coactus
756 4882 822 4938 ad
856 4884 1233 4954 paenitentiam
1264 4896 1540 4957 properat.
1581 4887 1753 4953 Quem
1786 4907 1917 4946 vero
1952 4909 2075 4964 pas-

499 4975 713 5029 sionum
736 4987 956 5029 suarum
982 4975 1126 5046 capit
1156 4976 1380 5045 oblivio,
1407 4977 1475 5032 ad
1512 4977 1618 5033 alia
1644 4995 1833 5037 rursus
1855 4994 2075 5054 peccata

500 5067 676 5139 (quasi
700 5066 837 5122 nihil
861 5068 996 5123 mali
1020 5069 1089 5125 ab
1123 5085 1190 5143 eo
1210 5081 1480 5141 patratum
1509 5075 1600 5147 sit)
1628 5075 1936 5134 adducitur.

567 5243 732 5302 Vatis.
757 5244 818 5301 .6.
845 5262 868 5298 ι
906 5244 1026 5302 Tibi
1064 5248 1428 5319 solipeccavi.
1459 5270 1487 5303 ιι

563 5331 681 5388 Non
718 5333 875 5404 quod
914 5351 1106 5392 omnes
1144 5337 1395 5392 homines
1434 5338 1673 5405 latuerit,
1718 5351 1775 5396 ut
1823 5344 2071 5399 nonnulli

495 5420 792 5488 Opinantur
825 5440 840 5476 :
875 5438 985 5477 non
1008 5425 1156 5479 enim
1185 5425 1452 5481 Bersabee
1480 5427 1675 5497 ipsam,
1709 5445 1830 5500 qua:
1862 5433 2072 5488 adulte-

498 5509 639 5564 rium
680 5513 1063 5582 commiserat;
1117 5516 1212 5570 sed
1243 5531 1347 5571 nec
1372 5517 1494 5573 iilos
1519 5521 1612 5589 qui
1652 5536 1772 5575 eam
1799 5523 1940 5593 regis
1972 5540 2068 5579 no-

498 5595 645 5650 mine
680 5610 1028 5667 vocaverant,
1063 5604 1312 5659 adulterii
1341 5608 1617 5677 negotium
1670 5610 1837 5667 latere
1867 5614 2065 5683 potuit.

498 5684 631 5773 inab
658 5704 874 5758 quoque
905 5697 1062 5750 scivit
1082 5712 1300 5766 operam
1337 5714 1490 5756 suam
1521 5702 1631 5773 regi
1666 5718 1726 5758 se
1751 5707 2068 5773 praestitisse

502 5771 555 5825 in
580 5775 727 5828 caede
768 5784 1089 5851 peragenda.
1129 5787 1233 5840 Sed
1277 5803 1379 5842 nec
1425 5790 1538 5860 ipse
1587 5771 1913 5862 permissum
1962 5798 2063 5853 sibi

2176 4609 2286 4680 γὰρ
2314 4607 2602 4677 γινώσκων
2627 4646 2642 4670 ,
2674 4607 2768 4661 καὶ
2799 4605 3167 4678 μεμνημένος,
3199 4606 3294 4660 καὶ
3320 4609 3436 4671 τοῖς
3455 4608 3758 4679 ὀφθαλμοῖς

2174 4698 2275 4766 τῆς
2321 4696 2498 4767 ψυχῆς
2549 4696 2827 4751 κατανοῶν
2882 4696 2991 4750 τῶν
3035 4696 3230 4750 ἑαυτοῦ
3284 4700 3650 4768 πταισμάτων
3688 4702 3760 4754 τὰ

2173 4788 2489 4860 τραύματα,
2528 4787 2869 4858 αἰσχύνεται,
2909 4789 2980 4858 τῇ
3014 4788 3205 4859 μνήμῃ
3236 4786 3335 4857 τὴν
3364 4787 3547 4861 ψυχὴν
3577 4791 3761 4845 νύττει

2175 4901 2283 4950 ται,
2324 4885 2421 4955 καὶ
2450 4882 2593 4954 ὑπὲρ
2631 4883 2733 4954 τῆς
2776 4881 3041 4953 αἰσχύνης
3072 4882 3443 4951 ἀναγκασθεὶς
3485 4885 3569 4949 είς
3600 4902 3765 4956 μετα-

2178 4975 2398 5046 μέλειαν
2426 4973 2664 5044 ἔρχεται.
2713 4973 2771 5025 '0
2801 4973 2858 5026 δὲ
2887 4973 3058 5044 λήθην
3090 4971 3298 5037 παθὼν,
3331 4975 3411 5038 είς
3442 4974 3614 5046 ἕτερα
3650 4978 3764 5033 πά-

2131 5102 2134 5105 η
2174 5066 2259 5120 λιν
2298 5066 2675 5136 ἁμαρτήματα
2707 5064 2804 5136 (ὼς
2837 5064 3067 5136 μηδενὸς
3097 5062 3246 5135 αὐτῷ
3276 5065 3453 5119 κακοῦ
3483 5064 3767 5138 πραχθέν-

2171 5158 2287 5228 τος)
2321 5157 2685 5227 προσάγεται.

2249 5265 2270 5299 (
2306 5248 2398 5300 Σοὶ
2430 5248 2578 5318 μόνῳ
2604 5248 2875 5319 ἥμαρτον.
2915 5267 2935 5300 ι

2243 5340 2356 5410 Οὐχ
2399 5338 2484 5393 ὅτι
2530 5341 2737 5404 πάντας
2778 5339 3101 5412 ἀνθρώπους
3139 5339 3353 5406 ἔλαθεν,
3385 5341 3579 5414 ῶσπερ
3611 5342 3766 5407 τινὲς

2171 5431 2518 5502 νομίζουσιν·
2564 5431 2686 5485 οὐδὲ
2731 5431 2841 5502 γὰρ
2887 5431 3055 5502 αὐτὴν
3088 5432 3373 5504 Βηρσασεὲ
3403 5434 3502 5506 τὴν
3530 5453 3766 5506 μοιχευ-

2172 5525 2381 5588 θεῖσαν,
2413 5524 2531 5577 ἀλλ’
2576 5524 2699 5578 οὐδὲ
2730 5524 2859 5589 τοὺς
2892 5524 3233 5596 κεκληκότας
3260 5525 3432 5599 αὐτὴν
3478 5526 3666 5581 λαθεῖν
3693 5526 3768 5581 τὸ

2168 5615 2351 5686 δράμα
2396 5615 2500 5686 τῆς
2554 5618 2800 5688 μοιχείας
2851 5617 3115 5687 ἠδύνατο.
3156 5618 3317 5671 Ἰωάϐ
3355 5618 3412 5672 δὲ
3460 5618 3553 5673 τὸν
3592 5619 3768 5690 φόνον

2170 5706 2434 5771 ὡσαύτως
2458 5707 2538 5778 τῷ
2570 5707 2785 5778 βασιλεῖ
2807 5708 3137 5781 συμπράξας
3162 5710 3449 5763 ἐπίστατο.
3486 5710 3633 5765 Ἀλλ’
3657 5711 3754 5763 οὐ·

2167 5800 2223 5853 δὲ
2254 5801 2417 5865 αὐτὸς
2446 5804 2505 5857 ἐν
2531 5803 2751 5877 ἐξουσίᾳ
2777 5805 2877 5875 τὴν
2910 5804 3185 5877 ἁμαρτίαν
3216 5804 3303 5860 διὰ
3336 5807 3437 5876 τὴν
3470 5805 3771 5877 βασιλείαν
