4032 6222
322 328 449 395 1:201

1376 340 1839 402 FRAGMENTA
1876 339 1960 401 IN
1999 340 2359 402 PSALMOS.

3416 332 3555 399 1202

317 448 585 520 ινόμιζεν.
618 449 860 517 Ἀνάξιον
882 450 990 523 γὰρ
1008 449 1169 506 τοῦτο
1190 453 1473 525 προφήτου
1498 455 1593 510 καὶ
1617 454 1881 526 βασιλέως

2007 453 2151 510 'uisse
2185 464 2465 527 peccatum
2527 456 2797 526 reputavit
2834 435 3057 527 propter
3097 454 3296 526 regiam
3324 454 3553 526 dignita-

317 541 542 604 εἰκότως
569 541 825 607 εὐσεϐοῦς
854 544 1169 614 ἐτύγχανεν.
1206 545 1369 600 Ἀλλά
1385 546 1485 601 σοί
1507 548 1672 617 μόνῳ
1695 547 1881 616 ἦμαρ·

318 648 444 697 τον,
494 632 712 701 ἔλεγεν
765 636 951 705 ἐπειδὴ
996 639 1144 707 μόνῳ
1184 636 1263 709 τῷ
1292 638 1411 710 Θεῷ
1439 639 1512 710 μὴ
1547 639 1884 710 ἁμαρτάνειν

320 724 467 792 ἡμᾶς
510 723 661 793 μέλει
692 724 768 787 ὡς
822 723 1142 798 δημιουργῷ
1174 729 1480 801 φειδομένῳ
1504 729 1880 801 τοῦ-πλάσμα-

320 811 598 876 τος.ἰσως
624 813 702 878 δὲ,
723 815 831 869 Kal
865 815 932 869 τὸ
965 816 1230 885 πονηρὸν
1252 818 1511 874 ἐνώπιόν
1534 836 1653 876 σου
1680 821 1885 888 ἐποίη-

323 917 436 956 σα·
472 902 556 955 ὅτι
596 896 814 957 πάντων
856 905 933 968 ὡς
975 904 1186 975 βασιλεῖ
1233 908 1630 980 χαριζομένων,
1682 911 1779 964 καὶ
1819 914 1885 983 τῇ

326 997 506 1066 σιωπῇ
536 995 884 1066 κρυπτόντων
916 997 978 1051 τὸ
1019 998 1341 1071 ἁμάρτημα,
1367 1002 1395 1053 ὁ
1426 1000 1558 1066 Θεὸς
1585 1002 1677 1056 τὸν
1701 1003 1889 1057 Νάθαν

326 1082 536 1154 ἔπεμψε
578 1085 675 1138 καὶ
711 1086 955 1157 πονηρὰν
994 1083 1160 1143 οὖσαν
1205 1090 1306 1161 τὴν
1355 1091 1556 1163 πρᾶξιν
1595 1092 1887 1163 ἐξήλεγξε,

325 1176 424 1230 καὶ
470 1175 612 1239 τίνος
664 1174 824 1231 τοῦτο
877 1178 1070 1250 χάριν,
1133 1181 1202 1234 τὰ
1252 1181 1379 1252 ἑξῆς
1445 1182 1716 1239 ἀκόλουθα
1778 1185 1890 1239 δεί-

327 1284 537 1323 κνυσιν.

402 1376 422 1411 ι
468 1358 600 1412 Ἰδοὺ
631 1358 740 1430 γὰρ
765 1361 824 1413 ὲν
852 1360 1105 1433 ἁνομίαις
1136 1363 1498 1437 συνελήφθην.
1534 1384 1557 1419 ι

395 1542 582 1597 Ταῦτα
617 1543 679 1597 οὐ
721 1544 881 1615 μόνον
904 1544 995 1600 διὰ
1033 1545 1124 1599 τὸν
1153 1544 1326 1615 ῥύπον
1364 1546 1457 1601 τὸν
1483 1548 1548 1601 ἐκ
1589 1548 1684 1602 τοῦ
1725 1549 1896 1620 Ἀδὰμ

329 1633 702 1704 καταγόμενον
727 1634 963 1704 λέγεται*
981 1637 1145 1692 αὐτοῦ
1172 1638 1279 1709 γὰρ
1303 1638 1465 1694 ἕνεκα
1480 1641 1715 1711 ῥυπαροὶ
1741 1658 1895 1709 νομι-

331 1725 536 1793 ζόμεθα
564 1725 811 1794 γίνεσθαι
833 1767 847 1790 ,
880 1726 1020 1781 ὥστε
1049 1730 1143 1782 καὶ
1176 1731 1305 1799 πρὶν
1334 1730 1510 1784 ἐλθεῖν
1540 1734 1621 1794 είς
1642 1730 1756 1796 ἕξιν
1778 1732 1898 1802 ἡλι-

1988 556 2116 602 tem.
2170 547 2415 618 Namque
2452 549 2556 603 hoc
2581 548 2862 618 indignum
2893 548 3083 603 fuisset
3110 556 3164 603 et
3209 548 3472 618 propheta
3500 555 3556 603 ot

1986 653 2132 709 rege,
2180 637 2274 708 qui
2303 639 2498 693 merito
2536 638 2658 708 pius
2693 639 3031 693 habebatur.‘
3046 638 3152 693 Sed
3186 639 3278 692 tibi
3306 637 3405 692 soli
3434 655 3552 708 pec-

1986 730 2119 793 cavi,
2165 728 2447 798 inquiebat
2477 746 2490 783 :
2526 732 2780 800 quoniam
2808 730 2910 784 soli
2940 729 3051 784 Deo
3073 738 3324 799 tanquam
3352 730 3552 799 opifici,

1986 828 2043 874 et
2070 819 2310 889 ﬁgmenti
2350 819 2432 874 sui
2466 821 2770 884 miSerenti,
2807 836 2953 874 cura:
2990 829 3075 874 est
3125 836 3195 874 ne
3238 835 3552 889 peccemus.

1986 908 2054 962 Et
2090 910 2170 963 sic
2212 909 2375 964 etiam
2432 909 2585 974 illud,
2620 908 2686 962 Et
2723 909 2926 963 malum
2968 924 3146 961 coram
3176 916 3225 962 te
3250 909 3371 978 feci,
3402 909 3557 962 ad‘ili-

1988 999 2109 1064 dit,
2168 1000 2422 1070 quoniam
2467 1000 2690 1069 reliquis
2731 1000 2986 1055 omnibus
3031 1000 3080 1053 ei
3135 1007 3388 1067 tanquam
3445 997 3557 1068 regi

1990 1089 2392 1161 indulgentibus
2417 1131 2431 1156 ,
2466 1097 2521 1145 et
2550 1098 2829 1160 peccatum
2873 1088 3089 1143 silentio
3127 1088 3558 1158 contegentibus.

1992 1181 2133 1237 Deus
2166 1182 2315 1235 misit
2344 1181 2578 1242 Nathan,
2609 1188 2664 1234 et
2699 1179 2965 1233 nefarium
3011 1177 3142 1231 illud
3171 1176 3346 1231 scelus
3383 1191 3564 1244 repre-

1993 1273 2226 1327 hendit:
2263 1281 2320 1327 et
2345 1288 2443 1327 cur
2471 1273 2573 1327 hoc
2600 1270 2789 1325 iecerit
2819 1269 3100 1339 sequentia
3124 1267 3420 1322 declarant.

2061 1362 2222 1418 Vens.
2263 1362 2318 1417 7.
2356 1382 2373 1414 ι
2409 1361 2548 1417 Ecce
2588 1361 2735 1416 enim
2770 1360 2826 1414 in
2860 1358 3240 1429 iniquitatibus
3263 1364 3559 1424 conceptus

1995 1469 2137 1510 sum.
2175 1473 2195 1506 1

2067 1546 2191 1601 Haec
2244 1560 2355 1599 non
2418 1545 2676 1600 dicuntur
2726 1544 2901 1597 solum
2960 1550 3181 1612 propter
3243 1538 3433 1596 sordes
3496 1537 3561 1591 ab

1998 1637 2204 1692 Adamo
2257 1644 2561 1692 contractas
2609 1652 2623 1688 :
2674 1649 2804 1687 nam
2855 1633 3091 1702 pollutos
3119 1645 3221 1685 nos
3260 1629 3563 1699 ejuscausa

2000 1728 2149 1784 nasci
2172 1728 2544 1799 cognovimus,
2567 1727 2639 1781 ita
2672 1734 2732 1780 ιιι
2757 1725 3074 1795 priusquam
3097 1722 3165 1777 ad
3189 1728 3406 1776 aetatem
3434 1717 3562 1771 boui

332 1816 454 1880 κίας
474 1816 638 1870 καλοῦ
661 1818 756 1871 καὶ
778 1818 944 1871 κακοῦ
961 1819 1255 1890 δεχομένης
1273 1821 1563 1893 διάκρισιν,
1579 1821 1897 1892 καθάρσεως

2007 1830 2056 1873 et
2081 1817 2216 1872 mali
2247 1816 2615 1889 discretricem
2641 1813 3047 1883 perveniamus,
3080 1808 3237 1880 quasi
3261 1824 3289 1862 a
3325 1806 3562 1877 parenti-

331 1910 408 1971 ὡς
433 1911 498 1962 ἐκ
535 1908 790 1979 πατέρων
825 1910 1210 1982 ερῥυπωμένοι
1237 1911 1539 1983 χρῄσομεν.
1586 1911 1759 1966 Τοῦτο
1791 1913 1900 1983 γὰρ

333 1998 428 2052 καὶ
456 2000 609 2067 παρὰ
634 1998 715 2070 τῷ
750 1999 872 2052 Ἰὼϐ
899 2001 1189 2070 εἰρημένον
1219 2002 1549 2073 εὑρήσομεν*
1590 2004 1707 2068 Τίς,
1743 2005 1898 2073 φησὶ,

334 2088 705 2159 καυχήσεται
731 2091 989 2157 καθαρὸς
1009 2086 1163 2145 εἶναι
1186 2090 1305 2145 ἀπὸ
1318 2092 1523 2160 ῥύπου
1546 2108 1565 2155 ,°
1591 2092 1729 2146 ἀλλ’
1764 2093 1904 2148 οὔτε

331 2182 579 2251 βρέφος,
593 2177 762 2253 κᾶνῇ
772 2183 882 2251 μία
905 2182 1095 2251 ἡμέρα
1114 2185 1153 2252 ἠ
1174 2183 1285 2252 ζωὴ
1307 2172 1514 2240 αὑτοῦ.
1539 2185 1679 2253 Πρὸς
1694 2184 1905 2249 τούτοις

338 2274 552 2345 μητέρα
577 2274 676 2343 τῆς
710 2274 982 2344 ἁμαρτίας
1003 2273 1105 2345 τὴν
1128 2275 1483 2346 ὲπιθυμίαν-ή
1502 2274 1692 2346 Γραφὴ
1720 2276 1905 2329 καλεῖν

339 2367 377 2436 ἡ
400 2364 760 2429 θεόπνευστος
805 2364 1022 2421 εἴωθεν.
1058 2367 1321 2434 Ἔγγονον
1354 2366 1411 2420 δὲ
1450 2367 1611 2421 πάλιν
1638 2369 1905 2439 ἑκατέρας

341 2458 434 2511 τὸν
503 2457 732 2512 θάνατον
790 2458 884 2511 καὶ
963 2461 1230 2531 μαρτυρεῖ
1280 2461 1309 2515 ὁ
1375 2460 1629 2525 Ἰάκωϐος
1690 2461 1863 2529 λέγων
1887 2479 1902 2494 ·

354 2548 424 2605 Ἦ
465 2551 748 2620 ἐπιθυμία
804 2551 1205 2605 συλλαϐοῦσα
1254 2551 1439 2606 τίκτει
1497 2553 1807 2622 ἁμαρτίαν,
1863 2553 1903 2621 ἡ

342 2641 412 2696 δὲ
446 2641 702 2711 ἁμαρτία
759 2642 1235 2698 ἀποτελεσθεῖσα
1304 2644 1554 2699 ἁποκύει
1623 2646 1904 2699 θάνατον.

347 2733 506 2785 Ὥστε
523 2732 651 2788 ὅταν
674 2732 1103 2805 ἁμαρτάνωμεν,
1125 2736 1183 2789 ὲν
1205 2736 1506 2807 ἁμαρτίαις
1532 2735 1907 2807 συλλαμϐανό-

344 2821 506 2892 μεθα.

420 2931 439 2964 ι
488 2913 754 2976 Ῥαντιεῖς
787 2931 851 2985 με
885 2914 1145 2987 ὑσσώπῳ.
1181 2934 1201 2969 ι

413 3004 626 3072 ’Ὠσπερ
655 3005 751 3059 καὶ
784 3007 947 3076 ἡμεῖς
970 3008 1031 3061 ἐν
1058 3010 1126 3079 τῇ
1153 3008 1331 3080 δωρεᾷ
1358 3009 1456 3063 τοῦ
1497 3009 1873 3081 βαπτίσματος
1891 3048 1909 3076 ,

2000 1906 2103 1961 bus
2156 1905 2509 1961 contaminati
2555 1904 2877 1975 purgatione
2928 1902 3289 1971 indigeamus.
3330 1896 3469 1962 Quin
3514 1904 3565 1950 et

2004 1998 2108 2054 hoc
2135 1998 2217 2053 ab.
2236 1995 2523 2067 ipsoJoho
2544 1997 2751 2051 dictum
2778 1993 3114 2065 reperiemus
3140 2009 3154 2046 :
3188 1990 3337 2056 Quis,
3369 1987 3568 2056 inquit,

2003 2087 2313 2160 gloriabitur
2368 2087 2592 2141 mundus
2643 2103 2750 2141 esse
2791 2103 2823 2139 a
2853 2084 3089 2139 sordibus
3116 2084 3140 2137 .9
3166 2082 3256 2137 sed
3298 2095 3460 2151 neque
3484 2078 3571 2131 in-

2004 2181 2142 2251 fans,
2187 2180 2282 2233 etsi
2323 2180 2481 2252 fuerit
2547 2181 2699 2233 unius
2740 2179 2844 2232 diei
2889 2178 2996 2232 vita
3041 2176 3155 2246 ejus
3190 2174 3252 2225 ‘7.
3302 2173 3570 2227 Praeterea

2005 2264 2209 2335 peccati
2244 2274 2473 2320 matrem
2520 2265 2700 2321 divina
2746 2266 3029 2335 Scriptura
3066 2259 3567 2334 concupiscentiam

2005 2356 2275 2425 appellare
2305 2356 2460 2412 solet.
2499 2355 2709 2412 Rursus
2734 2371 2864 2412 vero
2891 2364 3125 2410 mortem
3164 2354 3444 2421 utriusque
3477 2365 3574 2422 ge-

2006 2445 2254 2502 nitricem
2284 2461 2403 2502 esse
2420 2445 2653 2502 Iacobus
2671 2455 2899 2501 testatur
2928 2446 3125 2517 dicens,
3150 2459 3169 2498 :
3195 2441 3576 2511 Concupiscet:-

2007 2537 2085 2591 tia
2135 2554 2252 2591 cum
2276 2539 2584 2606 conceperit,
2638 2539 2779 2607 parit
2818 2544 3089 2607 peccatum
3115 2551 3133 2599 ;
3163 2542 3433 2605 peccatum
3456 2546 3574 2585 vero

2007 2645 2124 2683 cum
2155 2638 2572 2683 consummatum
2609 2630 2786 2700 fuerit,
2824 2636 3037 2699 generat
3062 2624 3366 2679 mortem“.
3396 2622 3575 2690 Quare

2006 2736 2132 2778 cum
2160 2736 2471 2793 peccamus,
2506 2722 2560 2775 in
2594 2720 2830 2791 peccatis
2859 2718 3220 2788 concipimur.

2081 2925 2245 2982 Vsus.
2276 2926 2328 2982 9.
2371 2942 2390 2977 ι
2423 2925 2691 2997 Asperges
2715 2938 2803 2979 me
2831 2923 3088 2995 hyssopo.
3125 2939 3165 2974 ι-

2082 3015 2548 3084 Quemadmodum
2576 3025 2633 3071 et
2669 3030 2769 3070 nos
2790 3015 2847 3069 in
2885 3012 3147 3084 baptismi
3171 3011 3316 3067 dono
3338 3005 3579 3079 aqua-la-

344 3092 422 3163 τῷ
458 3095 556 3165 μὲν
592 3093 747 3149 ὕδατι
780 3097 1118 3168 πλυνόμεθα,
1143 3099 1220 3170 τῷ
1253 3099 1309 3153 δὲ
1345 3100 1620 3170 πνεύματι
1649 3099 1906 3172 λαμπρυ-

2010 3123 2223 3177 vamur,
2252 3110 2348 3166 sed
2378 3107 2572 3180 spiritu
2599 3106 2962 3163 inusti-amur.

344 3186 571 3257 νόμεθα.

420 3298 440 3332 ι
489 3280 790 3345 Ἀκουτιεῖς
825 3300 891 3352 με
923 3282 1273 3352 ἁγαλλίασιν.
1316 3304 1336 3337 ι

414 3371 811 3427 Ταπεινοῦνται
844 3374 941 3445 μὲν
967 3376 1035 3428 τά
1062 3376 1163 3446 τῆς
1192 3376 1373 3447 ψυχῆς
1410 3377 1597 3446 ὀστέα,
1631 3380 1913 3434 τουτέστιν

345 3462 402 3516 αἱ
456 3462 736 3534 δυνάμεις,
755 3465 858 3518 ὑπὸ
893 3467 995 3535 τῆς
1043 3468 1341 3538 ἁμαρτίας,
1386 3471 1480 3523 καὶ
1510 3470 1911 3540 συντρίόονται⁹

344 3555 482 3630 ἀλλὰ
523 3558 589 3628 τῇ
623 3558 883 3628 μετανοίᾳ
928 3558 1171 3614 σωθέντα
1207 3560 1533 3627 ἀναϐάλλει,
1565 3563 1662 3615 καὶ
1701 3564 1783 3627 είς
1816 3563 1915 3635 τὴν

346 3647 520 3717 χαρὰν
548 3647 650 3720 τὴν
680 3648 915 3719 ἀρχαίαν
936 3650 1324 3722 ἐπανέρχεται.

425 3756 445 3789 ι
489 3739 852 3809 Ἀπόστρεψον
870 3740 931 3793 τὸ
958 3741 1257 3810 πρόσωπόν
1285 3759 1402 3797 σου.
1436 3761 1456 3795 ι

433 3825 561 3881 Ἐὰν
582 3828 690 3900 γὰρ
716 3831 791 3901 μὴ
823 3830 1243 3902 παρασλέψηται
1291 3831 1540 3905 ἡμέτερα
1570 3834 1916 3906 πταίσματα,

351 3917 590 3989 σωθῆναι
634 3922 695 3973 οὐ
739 3920 1035 3991 δυνάμεθα.
1060 3922 1181 3985 Πῶς
1219 3923 1276 3977 δὲ
1316 3922 1478 3978 τοῦτο
1516 3925 1915 3997 κατορθοῦται;

352 4012 520 4066 Ὅταν
542 4015 704 4084 ἡμεῖς
722 4014 934 4082 ἀγαθὰς
966 4013 1194 4084 πράξεις
1216 4016 1315 4069 καὶ
1335 4016 1535 4085 ἀρετὰς
1563 4017 1916 4089 ἁσκήσωμεν,

351 4102 441 4158 ἵνα
467 4104 563 4158 τοῦ
599 4104 786 4177 κριτοῦ
817 4107 910 4161 τὸν
942 4106 1220 4178 ὀφθαλμὸν
1259 4109 1338 4171 είς
1365 4107 1535 4172 αὐτάς
1582 4110 1921 4180 μετενέγκωέ

352 4211 474 4265 μεν’
504 4196 649 4250 οὕτω
679 4196 790 4269 γάρ
822 4197 1039 4269 καὶτῆς
1058 4198 1166 4253 τῶν
1186 4199 1472 4269 ἡμετέρων
1502 4200 1921 4274 ἁμαρτημάτων

349 4286 583 4358 θεωρίας
601 4289 764 4343 αὐτὸν
794 4289 1100 4361 ἀποστῆσαι
1126 4290 1425 4362 δυνάμεθα.

422 4397 447 4431 ι
484 4379 596 4434 Καὶ
632 4379 815 4444 πάσας
847 4380 1080 4451 ἁνομίας
1115 4397 1220 4452 μου
1255 4380 1559 4454 ἐξάλειψον.
1599 4402 1618 4436 ι

2082 3285 2249 3342 Vens.
2277 3285 2367 3341 ιο.
2395 3303 2416 3338 ι
2456 3285 2659 3341 Audire
2679 3298 2769 3339 me
2790 3282 2956 3339 facies
2978 3280 3255 3352 gaudium.
3289 3297 3310 3332 ›
3338 3310 3343 3315 ι

2082 3376 2446 3432 Humiliantur
2457 3376 2678 3447 quidem
2700 3375 2893 3429 animae
2915 3372 3117 3439 ossa,id
3135 3378 3220 3426 est
3235 3370 3433 3434 vires,a
3447 3381 3581 3438 pec-

2012 3478 2173 3536 cato;
2207 3477 2593 3524 verumtamen
2615 3467 2774 3522 saluti
2801 3481 2900 3538 per
2925 3465 3306 3537 paenitentiam
3331 3464 3581 3519 restituta

2013 3560 2225 3626 ﬂorent,
2275 3568 2331 3615 et
2358 3559 2414 3614 in
2445 3560 2731 3630 pristinam
2753 3558 2991 3614 laetitiam
3019 3564 3399 3615 revertuntur.-

2012 3774 2019 3779 '
2086 3758 2253 3817 Vens.
2284 3760 2370 3815 Η.
2407 3778 2426 3812 ι
2470 3757 2670 3814 Averte
2703 3758 2898 3813 faciem
2932 3766 3097 3812 tuam.
3139 3774 3158 3808 ι

2086 3850 2222 3906 Nam
2271 3851 2374 3905 nisi
2419 3850 2710 3905 conniveat
2765 3849 2831 3903 ad
2880 3856 3097 3918 peccata
3143 3853 3350 3907 nostra,
3392 3844 3586 3900 salvari

2018 3943 2241 3998 minime
2285 3956 2596 4012 possumus.
2628 3939 2734 3994 Sed
2765 3954 2875 4009 quo
2902 3946 3059 4009 pacto
3089 3937 3142 3993 id
3189 3935 3460 3992 emcitur?
3494 3936 3590 3990 Ni-

2018 4033 2229 4090 mirum-
2264 4048 2387 4088 cum
2427 4046 2593 4103 opera
2630 4031 2771 4086 bona
2801 4038 2857 4086 et
2893 4031 3123 4092 virtutes
3151 4027 3589 4095 exercuerimus,

2019 4135 2082 4185 ut
2125 4124 2321 4196 iudicis
2353 4125 2541 4180 oculos
2579 4124 2645 4179 ad
2668 4124 2788 4180 illas
2833 4131 3215 4180 convertemus
3263 4139 3276 4175 :
3330 4120 3402 4175 ita
3444 4118 3590 4176 enim

2022 4218 2171 4274 illum
2200 4218 2269 4272 ab
2286 4215 2485 4272 intuitu
2508 4216 2826 4272 delictorum
2853 4220 3162 4271 nostrorum
3197 4221 3443 4267 avertere
3468 4225 3590 4282 pos-

2024 4324 2213 4366 sumus
2222 4350 2235 4363 .

2103 4422 2122 4455 ι
2159 4402 2225 4456 Et
2250 4415 2440 4457 omnes
2472 4399 2784 4471 iniquitates
2804 4414 2953 4455 meas
2975 4398 3112 4454 dele.
3151 4417 3170 4450 ι

421 4470 498 4522 Οὐ
530 4469 682 4539 μίαν,
705 4469 842 4523 ἁλλὰ
872 4471 1074 4534 πάσαςο
1110 4470 1270 4542 ἱκανὴ
1299 4471 1408 4544 γὰρ
1429 4473 1524 4527 καὶ
1554 4473 1587 4544 ἡ
1617 4474 1718 4545 μία
1745 4491 1906 4545 παρα-

2094 4492 2215 4548 Νοη
2244 4507 2429 4555 uuam,
2455 4491 2550 4546 sed
2567 4469 2764 4546 omnes
2788 4507 2805 4543 :
2836 4489 3071 4558 namque
3098 4488 3311 4543 veruna
3341 4484 3470 4541 satis
3486 4492 3591 4549 est,

351 4559 568 4632 πέμψαι
600 4560 739 4631 πρὸς
778 4562 1029 4631 γέενναν.
1058 4562 1152 4635 Μὴ
1198 4563 1378 4618 τοίνυν
1406 4565 1568 4634 ἡμεῖς
1601 4566 1700 4636 τῆς
1724 4566 1922 4637 τυχούο

352 4668 456 4722 σης
482 4653 762 4725 ἁμαρτίας
810 4655 1197 4727 ἀμελήσωμεν.
1231 4656 1358 4711 Ἐἁν
1380 4658 1490 4730 γὰρ
1523 4659 1919 4730 ὲσπιλωμένος,

349 4734 561 4805 οὗτινος
590 4736 661 4813 ἦν
687 4741 926 4814 ponam
942 4742 1111 4814 χιτὼν
1128 4743 1326 4815 εὑρεθῆ
1348 4747 1379 4798 ὁ
1406 4745 1693 4817 ἡμέτερος,
1721 4749 1804 4813 είς
1830 4746 1924 4802 τὸν

352 4832 619 4902 νυμφῶνα
645 4836 908 4890 εἰσελθεῖν
930 4836 1025 4891 τοῦ
1060 4836 1343 4907 βασιλέως,
1371 4837 1405 4910 ἦ
1442 4839 1684 4907 πατῆσαι
1705 4843 1804 4913 τὴν
1827 4846 1922 4898 αὐ-

351 4923 455 4994 λὴν
480 4925 542 4978 οὐ
586 4925 887 4998 δυνάμεθα.
932 4928 1105 4983 Τοῦτο
1154 4931 1183 4984 ὁ
1226 4929 1440 4995 Παῦλος
1505 4924 1923 5007 ἐπισφραγίζων

352 5015 508 5084 ἔλεγε
527 5032 542 5048 ·
606 5021 664 5072 Μ
668 5019 702 5086 ὴ
746 5017 1066 5076 πλανᾶσθε
1094 5036 1108 5051 ·
1148 5020 1288 5076 οὔτε
1329 5024 1562 5092 πόρνοι,
1623 5026 1762 5082 οὔτε
1809 5045 1924 5097 μα-

350 5106 551 5175 λακοί,
590 5109 732 5163 οὔτε
767 5112 1143 5176 πλεονέκται,
1171 5112 1311 5167 οὔτε
1326 5114 1601 5182 μέθυσοι,
1631 5119 1705 5171 οὐ
1722 5118 1926 5173 ,λοίδο-

345 5216 469 5268 PO"
511 5202 625 5272 οὐχ
675 5201 940 5272 ἅρπαι-ες
988 5203 1315 5267 βασιλειαν
1358 5206 1507 5260 Θεοῦ
1545 5210 1924 5279 κληρονομήο

353 5305 563 5347 σουσι.

439 5402 459 5435 ι
493 5385 739 5456 Καρδίαν
770 5388 1018 5459 καθαρὰν
1043 5389 1227 5443 κτίσον
1263 5389 1321 5442 ἐν
1351 5389 1527 5459 ἐμοί.»

430 5473 542 5543 Οὐχ
568 5474 655 5527 ῖνα
680 5473 779 5547 τὴν
805 5475 969 5546 φύσιν
1018 5478 1239 5548 ἀμείψει
1279 5478 1453 5550 (οὐδὲν
1483 5479 1592 5552 γὰρ
1621 5481 1759 5552 αὕτη
1783 5482 1923 5550 φαῦ-

354 5565 450 5617 λον
484 5564 807 5639 ἐκέκτητο)·
867 5567 985 5622 ἁλλ’
1035 5568 1122 5623 ἵνα
1169 5568 1259 5623 τὸν
1300 5569 1562 5641 λογισμὸν
1597 5572 1698 5643 τῆς
1743 5574 1924 5644 ψυχῆς

436 5742 477 5775 ¹⁷
507 5741 627 5801 Job.
663 5761 771 5810 xw,
793 5746 846 5803 5.
927 5743 1101 5800 "Jac.
1135 5761 1169 5813 ι,
1202 5744 1284 5799 15.
1362 5746 1402 5777 ¹⁹
1436 5743 1452 5797 1
1482 5746 1603 5803 Cor.
1632 5761 1706 5813 νι,
1734 5746 1786 5805 9.

2023 4593 2085 4640 ut
2118 4583 2295 4638 mittat
2318 4583 2375 4638 in
2409 4582 2740 4654 gehennam.
2771 4580 2852 4636 Ne
2884 4595 3013 4651 ergo
3052 4584 3154 4642 nos
3192 4578 3279 4633 vel
3309 4576 3592 4633 minimum

2023 4680 2305 4744 peccatum
2346 4669 2682 4742 negligamus
2712 4685 2727 4722 :
2754 4682 2895 4722 nam
2926 4665 2971 4722 si
2993 4665 3080 4722 vel
3119 4662 3225 4720 levi
3258 4661 3469 4718 macula
3497 4671 3591 4717 v'e-

2025 4763 2125 4819 stis
2154 4771 2343 4818 nostra
2369 4760 2599 4816 sordida
2636 4759 2856 4813 inventa
2900 4757 3085 4825 fuerit,
3111 4771 3217 4813 nec
3239 4756 3382 4826 regis
3404 4753 3591 4810 thala-

2025 4867 2173 4907 mum
2226 4851 2459 4923 ingredi,
2503 4863 2608 4903 nec
2638 4847 2815 4902 aulam
2862 4846 3072 4902 calcare
3126 4844 3445 4916 poterimus.
3482 4841 3629 4903 Hoc_

2025 4943 2224 4999 Paulus
2270 4941 2600 4997 confirmans
2628 4938 2766 4994 dixit
2797 4956 2810 4993 :
2838 4937 3014 4992 Nolite
3039 4951 3219 4992 errare
3247 4950 3266 4990 :
3294 4949 3457 5004 neque
3483 4932 3593 5003 for-

2024 5036 2238 5101 m'carii,
2268 5051 2431 5105 neque
2452 5032 2654 5097 molles,
2686 5047 2848 5103 neque
2869 5031 3041 5097 avari,
3073 5045 3240 5100 neque
3265 5024 3474 5088 ebriosi,
3504 5038 3594 5076 nec

2026 5144 2124 5198 que
2166 5126 2456 5192 maledici,
2488 5140 2652 5195 neque
2678 5139 2897 5192 rapaces
2923 5163 2937 5187 ,
2984 5136 3202 5194 regnum
3234 5118 3331 5172 Dei
3365 5113 3592 5186 posside-

2028 5218 2154 5271 bunt
2185 5217 2246 5270 η.

2101 5393 2263 5451 Vsus.
2304 5395 2390 5449 ιε.
2423 5414 2440 5448 ι
2471 5395 2579 5450 Cor
2612 5393 2874 5449 mundum
2904 5406 3026 5451 crea
3056 5391 3111 5444 in
3150 5404 3255 5442 me.
3288 5406 3306 5438 ι

2099 5485 2215 5540 Non
2245 5495 2305 5541 ut
2339 5494 2588 5541 naturam
2636 5491 2807 5538 mutet
2851 5481 3007 5552 (nihil
3030 5479 3176 5535 enim
3204 5477 3291 5532 illa
3318 5474 3440 5530 mali
3467 5491 3596 5545 pos-

2032 5574 2252 5647 sideral)
2282 5577 2412 5632 :sed
2448 5566 2511 5631 ut
2529 5573 2884 5645 cogitationes
2907 5570 3071 5626 animi
3102 5568 3345 5637 mundet,
3368 5576 3424 5623 ct
3451 5566 3595 5623 eluat
