4044 6228
475 373 612 450 ιεοθ

1651 370 2022 434 HESYCHII
2063 366 2530 430 PRESBYTER!

3587 364 3727 429 1220‘.

473 491 713 548 maculas
741 486 861 558 ejus
889 525 903 552 ,
935 484 1212 556 voluptate
1248 492 1304 539 et
1332 482 1573 539 consiliis
1600 481 1799 538 diaboli
1830 488 2042 536 contra-

2155 478 2389 549 καθέψη,
2414 477 2509 531 καὶ
2537 474 2908 548 διορθώσηται
2942 474 3189 547 ῥυπαρὸν
3215 475 3335 539 ταῖς
3368 475 3583 546 ἡδοναῖς
3628 477 3726 531 καὶ

474 592 592 639 etas
618 601 630 635 :
657 595 782 635 nam
813 594 993 633 creare
1019 577 1073 631 in
1095 576 1266 633 sacris
1288 574 1507 632 Litteris
1531 572 1851 645 plerumque
1878 574 2044 646 εἰδυί-

473 672 601 728 firat
629 671 923 743 corrigere.

547 866 565 897 ι
596 846 664 900 Et
690 843 939 914 Spiritum
968 850 1178 898 rectum
1210 844 1427 911 innova.
1465 861 1484 895 ι

546 935 737 990 Cernis
769 935 1091 1005 pr0pbetam
1120 949 1279 989 orare
1297 973 1312 999 ,
1338 948 1449 988 non
1478 938 1537 986 ut
1556 939 1803 986 naturam
1832 937 2002 985 mutet
2026 971 2040 995 ,

476 1028 572 1084 sed
599 1036 660 1082 ut
683 1029 855 1099 gratia
883 1026 1155 1090 adveniat,
1204 1034 1262 1081 ut
1290 1024 1557 1081 laboranti
1592 1033 1821 1091 naturae,
1850 1039 1913 1079 ac
1946 1023 2047 1079 sub

477 1128 702 1193 peccato
756 1117 1134 1180 veteraseenti,
1190 1131 1351 1186 opem
1400 1116 1558 1171 ferat.
1602 1114 1860 1185 Spiritum
1897 1114 2046 1171 enim

479 1219 681 1266 rectum
730 1218 908 1271 vocat,
961 1223 1070 1263 non
1111 1207 1331 1263 vitalem
1360 1206 1512 1261 illum
1537 1206 1630 1277 qui
1664 1206 1718 1260 in
1747 1205 1903 1261 nobis
1942 1212 2044 1268 est,

478 1301 574 1356 sed
608 1300 899 1371 ipsummet
932 1298 1191 1369 Spiritum
1215 1297 1310 1353 Dei
1336 1315 1350 1365 ;
1384 1298 1453 1354 de
1479 1313 1588 1368 quo
1616 1298 1673 1352 in
1703 1298 1808 1352 alio
1836 1296 2047 1367 psalmo

478 1392 677 1448 cecinit
720 1409 732 1445 :
780 1391 1010 1462 Spiritus
1040 1400 1160 1445 tuus
1190 1390 1353 1444 bonus
1386 1389 1603 1445 deducet
1652 1406 1733 1444 me
1765 1392 1820 1444 in
1849 1398 2047 1443 terram

481 1495 679 1538 rectam
698 1484 765 1537 ὀ.
800 1482 955 1536 linire
996 1490 1147 1544 orat,
1179 1491 1239 1537 ut
1284 1482 1336 1535 in
1390 1482 1711 1547 visceribus,
1744 1482 1849 1536 hoc
1875 1491 1960 1536 est
1987 1481 2046 1536 in

481 1576 808 1632 necessariis
842 1584 896 1629 et
920 1574 1153 1629 maxime
1185 1574 1325 1643 aptis
1355 1574 1550 1628 anima:
1583 1574 1846 1643 partibus,
1889 1573 2045 1628 iano.

480 1677 656 1734 vetur,
685 1675 953 1737 quatenus
980 1681 1176 1736 nempe
1206 1666 1260 1719 in
1298 1666 1455 1720 nobis
1491 1674 1649 1721 antea
1681 1680 1791 1719 non
1814 1663 2049 1734 perfecte

2144 572 2266 633 ταῖς
2301 569 2570 631 ἐπινοίαις
2610 567 2706 622 τοῦ
2733 567 2984 620 διαϐόλου
3015 567 3345 636 γενόμενονυ
3374 567 3578 621 κτίσαι
3614 568 3726 638 γὰρ

2148 662 2301 731 παρά
2337 663 2403 732 τῇ
2443 660 2567 732 θείᾳ
2590 660 2786 732 Γραφῇ
2821 658 3083 724 πολλάκις
3108 657 3169 711 τὸ
3197 657 3607 730 διορθώσασθαι
3638 659 3727 713 λέ-

2148 768 2326 820 γεται.

2224 861 2244 894 ε
2280 841 2390 897 Καὶ
2413 837 2635 911 πνεῦμα
2666 840 2823 904 εὐθές
2854 840 3185 908 ἐγκαίνισον.
3224 856 3244 892 ι

2216 931 2449 1002 Θεωρεῖς
2499 932 2576 995 ὡς
2628 932 2689 985 ού
2731 931 2831 1002 τὴν
2875 930 3041 1000 φύσιν
3062 931 3294 1003 ἀμεῖψαι
3328 932 3356 985 ό
3404 931 3723 1003 προφήτης,

2146 1023 2283 1079 ἀλλὰ
2323 1024 2423 1095 τὴν
2465 1025 2624 1097 χάριν
2661 1023 2867 1090 ἐλθεῖν,
2893 1024 2981 1077 ἵνα
3005 1026 3073 1096 τῇ
3100 1021 3382 1095 καμνούσῃ
3421 1027 3492 1097 τῇ
3530 1025 3725 1094 φύσει,

2148 1117 2242 1171 καὶ
2282 1115 2387 1170 ὑπὸ
2438 1116 2535 1184 τῆς
2583 1115 2859 1188 ἁμαρτίας
2934 1114 3293 1187 παλαιωθὴσῃ
3356 1118 3726 1187 προσεύχεται

2149 1210 2413 1283 βοηθήσῃ.
2462 1210 2687 1281 Πνεῦμα
2715 1210 2825 1282 γὰρ
2855 1210 3010 1275 εὐθές
3032 1211 3093 1264 ού
3125 1211 3185 1264 τὸ
3213 1211 3272 1265 ἐν
3299 1213 3435 1281 ἡμῖν
3467 1212 3526 1264 τὸ
3561 1211 3727 1277 ζωτι-

2149 1302 2244 1356 κὸν
2268 1301 2426 1356 τοῦτο
2444 1302 2615 1371 λέγει,
2639 1301 2753 1355 ἀλλ’
2778 1301 2910 1356 αύτό
2938 1301 3031 1356 τοῦ
3056 1303 3190 1358 Θεοῦ
3212 1303 3271 1357 τὸ
3292 1304 3433 1357 Πνεῦ
3443 1320 3519 1373 μα
3544 1346 3559 1370 ,
3595 1304 3728 1375 περὶ⁸

2147 1388 2209 1448 οῦ
2234 1395 2291 1448 ἐν
2323 1392 2497 1465 ἑτέρῳ
2517 1391 2718 1464 ψαλμῷ
2743 1391 3082 1463 ἐμελῴδησεν
3111 1410 3122 1423 ·
3154 1396 3223 1449 Τὸ
3245 1393 3487 1463 Πνεῦμὰ
3516 1410 3635 1449 σου
3657 1395 3727 1449 τὸ

2148 1483 2375 1554 ἀγαθὸν
2411 1482 2699 1552 ὁδηγήσει
2732 1500 2810 1552 με
2850 1485 2919 1537 ἐν
2953 1483 3029 1554 τῇ
3073 1485 3293 1552 εὐθείᾳ.
3315 1484 3487 1539 Τοῦτο
3523 1486 3584 1537 ἐν
3612 1488 3725 1548 τοῖς

2148 1576 2402 1645 ἐγκατοις
2435 1574 2662 1644 ἔγκατα,
2696 1575 2977 1630 τουτέστιν
3009 1578 3066 1630 ἐν
3108 1579 3222 1640 τοῖς
3266 1576 3585 1644 ἀναγκαίοις
3630 1577 3727 1629 καὶ

2150 1668 2271 1722 λίαν
2301 1668 2537 1739 καιρίοις
2565 1667 2665 1737 τῆς
2694 1665 2878 1736 ψυχῆς
2912 1666 3126 1739 μορίοις
3156 1667 3572 1738 ἐγκαινισθῆναι
3605 1666 3728 1739 βού-

480 1758 777 1823 ltabitabat,
828 1773 1006 1828 neque
1053 1758 1476 1828 conquiescebat
1509 1758 1579 1813 ob
1622 1757 2048 1812 imbecillitatem

2155 1759 2323 1825 λεται,
2351 1758 2476 1812 ὅσον
2508 1757 2606 1828 μὲν
2636 1758 2727 1811 καὶ
2777 1759 2885 1830 πρὸ
2910 1758 3117 1813 τούτων
3149 1761 3207 1813 ἐν
3238 1760 3375 1829 ἡμῖν
3394 1758 3617 1823 τελείως
3647 1763 3726 1813 οξ-

478 1862 738 1917 nostram,
767 1866 873 1921 qua
907 1850 1203 1921 perfectam
1248 1850 1474 1920 gratiam
1506 1850 1784 1919 suscipere
1825 1848 2049 1903 minime

2155 1846 2303 1911 κοῦν,
2322 1846 2445 1901 οὐδὲ
2480 1848 2567 1916 ἐφ’
2590 1848 2723 1917 ἡμῖν
2746 1847 3165 1918 ἀναπαυόμενον
3198 1847 3286 1901 διὰ
3317 1849 3418 1917 τὴν
3447 1848 3725 1919 ἡμετέραν

478 1942 903 1999 suﬁlciebamus.
951 1940 1315 2009 Quamobrem
1354 1941 1489 2011 petit
1509 1941 1660 1995 illum
1685 1940 1956 2001 renovari,
1992 1948 2052 1995 ut

478 2048 703 2105 prorsus
724 2032 781 2086 in
807 2032 963 2088 nobis
983 2032 1263 2102 expleatur
1288 2047 1306 2085 :
1335 2046 1460 2086 nam
1483 2031 1698 2097 domus,
1721 2046 1841 2101 quae
1865 2030 2052 2101 exple-

483 2128 572 2179 tur
597 2132 650 2179 ct
674 2131 920 2190 ematur,
942 2123 1133 2179 eadem
1154 2123 1468 2178 innovatur.

550 2300 727 2361 Grave
754 2313 859 2369 est,
895 2303 940 2359 si
967 2318 1157 2359 servus
1188 2305 1392 2360 vultum
1426 2302 1641 2360 Domini
1670 2301 1911 2360 oﬂendat
1929 2291 1954 2371 ς’
1970 2303 2050 2359 ιιιὶ

482 2396 647 2453 etiam
678 2413 840 2469 grave
870 2406 974 2463 est,
994 2398 1049 2477 (si
1082 2397 1223 2453 filius
1253 2399 1421 2469 patris
1450 2409 1505 2455 et
1526 2399 1682 2453 miles
1711 2397 1854 2469 regis
1875 2398 2051 2453 offen-

478 2490 689 2545 sionem
730 2473 1015 2546 incurrat:
1052 2507 1177 2546 nam
1201 2492 1293 2562 qui
1329 2491 1641 2562 huiusmodi
1672 2500 1788 2557 est,
1818 2473 2071 2556 extorrip

479 2582 791 2652 reperitur:
817 2591 874 2637 at
901 2583 942 2637 si
973 2582 1096 2651 quis
1119 2584 1222 2638 hoc
1254 2584 1307 2636 in
1331 2582 1499 2638 Deum
1523 2583 1732 2649 fecerit,
1769 2583 2052 2638 interitum

454 2673 581 2730 -sibi
610 2682 782 2744 parat.
822 2673 1101 2743 Siquidem
1132 2689 1241 2728 non
1266 2675 1440 2730 solum
1486 2675 1645 2730 nobis
1674 2674 1832 2729 Pater
1854 2691 1915 2729 ac
1947 2674 2047 2727 Do-

480 2766 659 2821 minus
697 2776 751 2821 et
785 2766 899 2821 Rex
937 2766 1078 2821 Deus
1113 2775 1199 2821 est
1224 2804 1241 2830 ,
1280 2765 1377 2821 sed
1404 2767 1667 2837 quidquid
1693 2767 1875 2822 dicere
1899 2777 2052 2838 potes

480 2870 547 2913 ex
574 2857 642 2913 iis
671 2874 792 2929 quae
829 2858 896 2913 ad
920 2858 1109 2925 vitam,
1147 2856 1576 2913 incolumitatem
1608 2866 1663 2913 et
1691 2858 1920 2913 salutem
1953 2874 2053 2913 ηο-

480 2959 647 3006 etram
672 2951 945 3021 pertinere
973 2959 1219 3021 possunt.
1254 2949 1435 3017 Quare
1461 2966 1586 3007 cum
1615 2966 1645 3005 a
1671 2950 1831 3005 nobis
1859 2950 2050 3006 faciem

479 3042 741 3098 averterit
769 3079 783 3105 .
815 3043 996 3098 statim
1042 3040 1305 3113 Spiritum
1334 3048 1580 3097 sanctum
1626 3042 1959 3108 amittimus;
1994 3041 2049 3096 in

2149 1937 2435 1993 ἀσθένειαν
2460 1938 2548 2006 ὑφ’
2580 1932 2649 2009 ἦς
2687 1937 2789 1990 οὐκ
2815 1933 2957 2007 ἦμεν
2985 1938 3163 1990 ἱκανοὶ
3182 1938 3280 2007 τὴν
3306 1936 3469 2006 χάριν
3495 1936 3689 2008 όλόκλη
3706 1964 3722 1977 -

2152 2045 2245 2101 ρον
2265 2026 2542 2093 δέξασθαι.
2569 2028 2919 2100 Διόπεραύτὺ
2942 2026 3357 2097 ἐγκαινισθῆναι
3393 2027 3481 2080 ἵνα
3505 2028 3720 2091 πάντως

2148 2122 2209 2177 ὲν
2243 2123 2374 2194 ἡμῖν
2407 2122 2718 2194 ἀπαρτισθῇ
2763 2122 3128 2194 προσεύχεται
3157 2139 3171 2154 ·
3203 2119 3355 2186 οἶκος
3383 2122 3492 2196 γὰρ
3520 2123 3549 2175 ὁ
3584 2140 3720 2195 συμ-

2151 2213 2546 2286 πληρούμενος,
2574 2215 2779 2280 ἐκεῖνος
2808 2215 3197 2284 ἐγκαινίζεται.

2221 2308 2410 2360 Κακδν
2447 2306 2544 2377 μὲν
2584 2307 2770 2379 οἰκέτῃ
2799 2305 2859 2359 τὸ
2886 2305 2979 2359 τοῦ
3024 2306 3285 2359 δεσπότου
3350 2304 3721 2377 ζημειωθῆναι

2153 2398 2442 2468 πρόσωπον
2469 2413 2483 2429 ⁸
2495 2396 2757 2460 ὡσαύτως
2768 2397 2862 2450 καὶ
2888 2396 2987 2466 υίῷ
3004 2396 3079 2466 τῷ
3093 2395 3186 2449 τοῦ
3211 2397 3437 2468 πατρὸς,
3457 2396 3551 2451 καὶ
3569 2413 3723 2468 στρα-

2150 2490 2317 2561 τιώτῃ
2363 2488 2439 2560 τῷ
2484 2488 2579 2542 τοῦ
2625 2486 2921 2559 βασιλὲωςο
2953 2488 3230 2558 ἐξόριστος
3268 2491 3376 2559 γὰρ
3414 2491 3443 2541 ὁ
3486 2486 3720 2548 τοιοῦτος

2150 2581 2462 2652 εὑρίσκεται
2490 2596 2503 2610 ’
2553 2580 2647 2634 ἐπὶ
2679 2577 2736 2633 δὲ
2763 2578 2898 2633 Θεοῦ
2924 2578 3145 2649 ὄλεθρον
3183 2579 3341 2633 τοῦτο
3370 2579 3719 2650 παρασκευά-

2152 2672 2236 2737 ζει
2273 2672 2350 2743 τῷ
2382 2674 2662 2743 πάσχοντι.
2690 2672 2823 2726 Οὐδὲ
2852 2671 2959 2742 γὰρ
2994 2670 3180 2741 Πατὴρ
3211 2671 3369 2742 μόνον
3396 2673 3490 2723 καί¹
3520 2668 3721 2724 Δεσπόι

2150 2785 2248 2839 της
2304 2769 2438 2837 ἡμῖν
2477 2766 2610 2829 Θεὸς
2659 2766 2754 2819 καὶ
2785 2763 3067 2827 Βασιλεὺς,
3113 2764 3250 2818 ἀλλά
3280 2764 3387 2817 πᾶν
3418 2763 3612 2831 δτιπερ
3654 2761 3718 2814 ἂν

2152 2859 2327 2923 εἴποις
2380 2858 2488 2912 τῶν
2531 2858 2611 2922 είς
2664 2852 2935 2928 ζωὴνκαὶ
2982 2857 3252 2926 σωτηρίαν
3300 2854 3397 2925 τὴν
3446 2855 3713 2925 ἡμετέραν

2152 2951 2536 3005 συντεινόντων
2588 2950 2949 3019 καθέστηκεν.
3006 2949 3171 3002 Ὥστε
3196 2990 3211 3010 ,
3250 2946 3375 3001 ὅταν
3421 2946 3513 3016 ἀφ’
3555 2943 3712 3017 ἡμῶν

2152 3045 2488 3118 ἀποστρέφει
2523 3043 2583 3098 τὸ
2617 3043 2943 3116 πρόσωπον,
2981 3045 3329 3115 παραχρῆμα
3368 3039 3722 3111 ἀπολλύμεθα

481 3148 590 3201 quo
641 3132 820 3187 omnis
865 3133 1134 3188 bonorum
1177 3141 1489 3188 nostrorum
1534 3141 1831 3204 proventus
1876 3134 2051 3204 jactu-

2155 3139 2213 3192 τὸ
2240 3134 2464 3207 Πνεῦμα
2498 3136 2560 3190 τὸ
2604 3137 2795 3206 ἅγιον,
2838 3138 2897 3190 ἐν
2917 3127 2963 3205 ᾧ
3008 3136 3158 3191 πᾶσα
3223 3133 3379 3206 ἡμῶν
3425 3136 3458 3205 ἡ
3495 3132 3723 3204 χορηγία

482 3234 600 3276 ram
644 3229 697 3276 et
725 3222 1114 3278 detrimentum
1148 3223 1294 3279 facit.
1330 3222 1509 3290 Quare
1544 3240 1644 3295 pro
1682 3239 1748 3279 eo
1775 3225 1917 3294 quod
1952 3241 2049 3295 po-

485 3321 624 3370 terat
648 3314 864 3381 dicere;
888 3314 964 3368 Ne
994 3314 1212 3371 auferas
1235 3315 1506 3386 spiritum,
1534 3314 1613 3375 Ne
1634 3317 1804 3371 denuo
1837 3318 2053 3387 auferas

486 3405 686 3475 posuit.
745 3404 1015 3471 Quoniam
1071 3406 1165 3475 qui
1217 3406 1315 3462 Dei
1385 3407 1639 3462 mandata
1696 3408 2052 3473 custodiunt,

485 3497 657 3554 semel
684 3497 893 3567 experti
925 3504 1053 3552 sunt
1094 3496 1389 3554 efﬁcaciam
1422 3498 1681 3570 Spiritus,
1708 3515 1829 3567 quae
1866 3500 1921 3553 in
1953 3514 2055 3554 no-

485 3589 574 3645 bis
600 3598 717 3644 erat
756 3600 883 3644 ante
920 3590 1050 3645 Adae
1084 3589 1532 3656 inobedientiam,
1563 3592 1646 3646 vel
1682 3607 1779 3661 per
1819 3593 2055 3662 prophe-

485 3678 652 3735 ticam
681 3681 933 3750 gratiam,
961 3679 1042 3734 vel
1085 3696 1182 3750 per
1208 3681 1463 3736 virtutem
1496 3698 1729 3737 morum.
1756 3682 1909 3738 Unde
1939 3699 2057 3736 mc-

486 3771 593 3825 rito
622 3771 780 3842 petiit
804 3770 1065 3842 Spiritum
1088 3790 1117 3827 a
1149 3789 1208 3829 se
1241 3774 1435 3829 iterum
1459 3791 1569 3831 non
1605 3774 1829 3845 auferri,
1857 3791 1927 3831 ne
1955 3775 2062 3831 itc«

486 3873 609 3917 rum
642 3862 763 3933 ejus
788 3862 1055 3933 iacturam
1081 3866 1442 3936 experiretur.

562 3949 723 4008 Vens.
754 3951 841 4008 l5.
878 3972 896 4005 ι
937 3953 1154 4009 Docebo
1195 3954 1407 4027 iniquos
1446 3956 1562 4012 vias
1594 3964 1734 4013 tuas.
1770 3976 1789 4010 ι

558 4039 716 4098 Prius
745 4057 960 4113 quoque
985 4043 1247 4099 docuerat
1279 4044 1391 4099 vias
1426 4045 1665 4111 Domini,
1705 4046 1799 4101 sed
1831 4045 2059 4101 fortasse

488 4150 598 4190 non
622 4136 884 4191 docuerat
913 4135 1153 4206 iniquos,
1176 4150 1353 4206 neque
1374 4145 1666 4207 antequam
1694 4136 2055 4208 delinquerct,

486 4225 789 4282 doctrinam
848 4226 903 4280 in
961 4226 1280 4296 precatione
1327 4227 1459 4282 tanti
1517 4227 1769 4293 faciebat,
1805 4229 1899 4284 sed
1946 4238 2057 4282 tum

490 4319 781 4389 prmcipue,
824 4334 947 4373 cum
979 4318 1033 4372 in
1063 4318 1270 4373 crimen
1313 4319 1567 4389 delapsus
1602 4320 1865 4390 resipuit,
1898 4330 1955 4377 et
1992 4322 2060 4377 ad

2155 3232 2263 3286 τῶν
2292 3231 2512 3301 ἀγαθῶν
2533 3229 2945 3301 ζημειούμενοι.
2965 3229 3066 3282 Διά
3087 3228 3141 3280 τί
3169 3228 3225 3282 δὲ
3258 3226 3379 3281 ἀντὶ
3409 3224 3504 3279 τοῦ
3531 3225 3722 3286 εἰπεῖν,

2156 3325 2249 3395 Μὴ
2312 3322 2508 3394 ἀνέλῃς
2565 3322 2624 3376 τὸ
2690 3320 2926 3390 πνεῦμα,
2960 3318 3055 3385 Μὴ
3114 3316 3453 3384 ἀντανέλῃς
3506 3312 3723 3380 ἐταξενς

2171 3417 2501 3487 Ἐπειδήπερ
2527 3412 2674 3479 ἅπαξ
2696 3414 2792 3484 τῆς
2827 3415 2885 3465 ἐν
2909 3414 3039 3482 ἡμῖν
3060 3410 3341 3481 ἐνεργείας
3370 3407 3463 3461 τοῦ
3483 3404 3729 3475 Πνεῦμα-

2156 3518 2249 3568 τος
2272 3508 2465 3578 πεῖραν
2486 3503 2571 3558 διὸ.
2594 3504 2693 3573 τῆς
2717 3503 2812 3555 τοῦ
2828 3502 2999 3569 Ἀδὰμ
3016 3497 3324 3570 παρακοῆς,
3344 3500 3439 3550 καὶ
3463 3512 3727 3565 προφητι-

2158 3599 2260 3670 κῆς
2304 3595 2546 3667 χάριτος,
2591 3593 2740 3665 ἡδιὰ
2806 3591 3117 3663 πρακτικῆς
3156 3588 3359 3659 ἀρετῆς
3385 3588 3434 3640 ot
3467 3586 3558 3640 τοῦ
3591 3584 3724 3638 Θεοῦ

2159 3691 2517 3761 φυλάττοντες
2568 3689 2665 3750 τὰς
2710 3685 2929 3748 ἐντολὰς
2962 3683 3233 3748 ἐδέξαντο.
3285 3681 3463 3750 Ὅπερ
3507 3678 3730 3741 εἰκότως

2161 3783 2238 3855 μὴ
2263 3780 2719 3851 ἀνταναιρεθῆναι
2740 3775 3098 3848 προσηύχετο.
3131 3773 3271 3827 ὥστε
3323 3772 3397 3842 μὴ
3428 3771 3525 3823 καὶ
3550 3768 3732 3821 δευτε-

2161 3893 2262 3948 ραν
2290 3872 2456 3929 αὐτοῦ
2488 3871 2790 3941 ὑποστῆναι
2814 3867 3126 3937 ἀφαίρεσιν.

2232 3982 2255 4018 ε
2292 3964 2495 4028 Διδάξω
2525 3962 2762 4031 ἀνόμους
2781 3960 2879 4023 τὰς
2906 3956 3058 4019 ὁδούς
3094 3972 3210 4009 σου.
3255 3973 3273 4005 ι

2242 4056 2522 4110 Ἐδίδασκε
2570 4053 2668 4124 μέν
2705 4051 2801 4113 τὰς
2844 4049 3000 4111 ὁδοὺς
3024 4045 3121 4099 τοῦ
3151 4044 3288 4099 Θεοῦ
3320 4042 3416 4096 καλ⁴
3446 4040 3736 4112 πρότερον,

2159 4142 2275 4196 ἀλλ’
2324 4140 2449 4196 οὔτε
2499 4139 2627 4203 τοὺς
2675 4137 2913 4206 ἀνόμους
2951 4134 3101 4197 ίσως,
3152 4132 3272 4185 ούδέ
3326 4130 3601 4198 προσευχῇ
3638 4128 3741 4197 τὴν

2158 4233 2508 4291 διδασκαλίαν
2531 4231 2639 4303 πρὸ
2664 4230 2760 4301 τῆς
2784 4226 3058 4297 ἁμαρτίας
3079 4224 3327 4278 τοσοῦτον
3354 4221 3582 4282 ἐτίθετο,
3615 4221 3741 4272 τότε

2159 4328 2215 4382 δὲ
2250 4326 2446 4399 μᾶλλον
2467 4325 2559 4394 ἀφ’
2589 4317 2759 4393 οὗπερ
2781 4314 3119 4392 ἡμαρτηκὼς
3147 4314 3491 4385 μετενόησεν.
3521 4310 3744 4381 Ὠσπερ

488 4414 862 4484 paenitentiam
893 4414 1153 4469 accurrit.
1184 4413 1256 4469 Ut
1296 4416 1443 4470 enim
1466 4415 1535 4470 de
1565 4415 1824 4470 curandis
1858 4417 2053 4472 morbis

2161 4418 2270 4490 γὰρ
2308 4417 2517 4477 ἐκεῖνος
2552 4413 2731 4480 λέγειν
2767 4410 2899 4479 περὶ
2936 4406 3228 4477 θεραπείας
3283 4400 3599 4454 πιστεύεται
3643 4400 3749 4469 μά-

488 4483 731 4576 loquenti
770 4504 1112 4575 potissimum
1155 4506 1415 4570 creditur,
1455 4507 1502 4560 si
1547 4522 1673 4561 cum
1717 4510 2053 4576 mgrotaveril

2164 4512 2321 4564 λιστα
2349 4511 2377 4561 ὀ
2401 4504 2707 4576 νενοσηκὼς
2740 4502 2921 4564 αὐτὸς,
2960 4499 3056 4553 καὶ
3088 4499 3284 4565 πεῖραν
3315 4492 3409 4545 τοῦ
3436 4492 3745 4559 φαρμάκου

472 4595 771 4651 'medicina:
812 4594 1114 4665 periculum
1144 4593 1337 4650 fecerit
1369 4613 1383 4648 :
1431 4592 1508 4648 sic
1544 4594 1637 4664 qui
1669 4609 1768 4663 per
1792 4595 2053 4664 pumiterr

2163 4602 2480 4667 δεξάμενος·
2510 4595 2651 4650 οὕτω
2678 4595 2771 4648 καὶ
2798 4595 2845 4645 οἱ
2878 4595 2942 4660 τῇ
2989 4587 3248 4660 μετανοίᾳ
3270 4583 3558 4643 σωθέντες,
3597 4582 3748 4651 θύρα

490 4687 616 4742 tiam
645 4686 821 4741 sanati
858 4674 1009 4750 sunt,
1042 4684 1424 4756 peccatoribus
1454 4685 1575 4740 aliis
1602 4685 1976 4740 conversionis
2005 4693 2053 4740 el

2165 4693 2276 4753 τοῖς
2296 4688 2476 4749 ἄλλοις
2501 4684 2844 4755 ἁμαρτωλοῖς
2867 4678 3203 4750 ἐπιστροφῆς
3227 4676 3322 4729 καὶ
3348 4673 3598 4741 σωτηρία
3612 4691 3630 4733 ς
3656 4674 3748 4724 εύ-

488 4775 679 4832 salutis
704 4775 872 4845 janua
900 4775 1296 4857 inveniuntur;
1327 4774 1398 4829 ita
1436 4782 1496 4828 ut
1529 4772 1729 4828 Paulus
1767 4787 1890 4827 cum
1920 4773 2059 4827 fidu-

489 4868 575 4924 cia
618 4866 879 4922 clamaret
909 4885 922 4920 :
956 4866 1189 4923 Christus
1236 4866 1388 4921 Iesus
1416 4866 1551 4921 venit
1597 4867 1653 4919 in
1684 4866 1956 4927 mundum,
2005 4876 2061 4919 ut

489 4970 787 5031 peccatores
810 4957 981 5014 salvos
1010 4959 1228 5030 faceret,
1250 4976 1470 5030 quorum
1501 4960 1703 5030 primus
1731 4974 1823 5029 ego
1851 4975 1966 5012 sum
1992 4959 2057 5011 ".

490 5054 547 5111 Si
572 5051 971 5124 praedicationi,
1010 5051 1210 5121 inquit,
1249 5052 1409 5107 (idem
1443 5068 1552 5106 non
1584 5050 1798 5107 habetis
1828 5052 2059 5106 salutem

487 5154 839 5217 peccatorum
869 5143 1218 5200 annuntianti
1244 5185 1258 5209 ,
1288 5159 1321 5198 a
1353 5160 1441 5211 me
1472 5145 1802 5214 praedicante
1844 5143 2058 5207 discite,

482 5239 579 5310 qui
620 5254 744 5294 cum
789 5246 1108 5309 persecutor
1135 5253 1313 5294 essem
1341 5277 1356 5303 ,
1388 5236 1665 5308 Evangelii
1705 5234 2066 5291 ministerium

487 5331 625 5387 mihi
653 5330 1030 5389 concreditum
1059 5338 1165 5385 est.
1768 5386 1775 5393 _

562 5423 722 5479 Vens.
756 5420 842 5477 i7.
885 5412 1186 5490 «Domine,
1221 5423 1367 5478 labia
1397 5437 1514 5477 mea
1539 5422 1773 5493 aperies.
1812 5438 1831 5473 ι

562 5514 752 5571 ἐ’ἰὰθιν
817 5517 957 5573 labia
1008 5514 1231 5572 Davidis
1279 5525 1501 5587 propter
1548 5523 1834 5584 peccatum
1883 5511 2067 5567 clausa

489 5605 678 5671 fuisse,
713 5608 809 5663 sed
842 5609 1040 5665 iterum
1064 5625 1161 5680 per
1192 5608 1574 5677 paenitentiam
1617 5605 1843 5669 recludi,
1883 5612 1936 5660 et
1966 5602 2058 5658 Dei

569 5797 613 5828 ”
641 5796 780 5850 i‘sal.
805 5813 961 5864 ειμι,
989 5800 1075 5853 10.
1152 5802 1191 5832 ’λ
1227 5801 1367 5854 Tim.
1411 5818 1445 5864 ι,
1489 5799 1566 5852 l5.

2170 4779 2468 4848 ρίσκονται,
2492 4775 2631 4828 ὥστε
2662 4772 2750 4825 τὸν
2783 4770 2998 4823 Παῦλον
3034 4767 3171 4837 μετᾶ
3207 4763 3525 4835 παρρησίας
3564 4761 3710 4832 βοᾷν
3731 4778 3747 4793 ·

2168 4865 2420 4935 Χριστὸς
2472 4861 2709 4929 Ἰησοῦς
2739 4858 2929 4929 ἦλθεν
2961 4859 3048 4922 εἰς
3078 4854 3187 4908 τὸν
3217 4854 3449 4922 κόσμοις·
3471 4850 3750 4919 ἀμαρτω-

2166 4958 2317 5025 λοὺς
2349 4954 2565 5019 σῶσαι,
2595 4948 2683 5007 ὧν
2701 4950 2929 5019 πρῶτός
2954 4951 3071 5017 εἰμι
3099 4944 3232 5014 ἐγώ.
3267 4946 3327 4998 Et
3356 4942 3643 4998 ἀπιστεῖτε
3674 4941 3755 5010 τῷ

2169 5051 2505 5122 κηρύγματι,
2530 5044 2716 5114 φησὶν,
2742 5038 3081 5113 ἁμαρτωλῶν
3105 5034 3373 5106 σωτηρίαν
3393 5029 3753 5101 κηρύττοντι,

2166 5145 2264 5199 ἀπ’
2300 5138 2436 5211 ἐμοῦ
2482 5137 2578 5190 τοῦ
2617 5134 2977 5206 κηρύττοντος
3016 5129 3241 5200 μάθετε,
3280 5126 3362 5179 ὅτι
3406 5122 3651 5194 διώκτης
3674 5121 3756 5175 ὣν

2168 5232 2493 5302 ἐπιστεύθην
2522 5226 2857 5297 Εὐαγγελίου
2884 5220 3135 5294 γενέσθαι
3155 5219 3426 5281 διάκονος.

2245 5433 2264 5466 ε
2298 5412 2495 5485 Κύριε,
2522 5411 2592 5465 τὰ
2628 5408 2781 5481 χείλη
2816 5425 2917 5478 μου
2945 5405 3199 5470 ἀνοίξεις.
3241 5420 3259 5453 ι

2254 5505 2421 5578 Ὀρᾷς
2450 5506 2533 5559 ὅτι
2559 5500 2919 5571 κεκλεισμένα
2943 5497 3036 5551 τοῦ
3062 5496 3227 5550 Δαϐὶδ
3252 5494 3320 5547 τὰ
3348 5491 3501 5563 χείλη
3528 5489 3617 5541 διᾶι
3653 5489 3759 5560 τὴν

2176 5597 2450 5673 ἁμαρτίαν
2472 5596 2785 5666 ἐτύγχανεν,
2811 5592 2945 5647 ἀλλὰ
2969 5590 3131 5645 πάλιν
3150 5590 3216 5660 τῇ
3247 5580 3508 5658 μετανοίᾳ
3530 5580 3759 5649 ἀνοίγε-
