4044 6228
350 339 489 409 1205

1415 360 1879 421 FRAGMENTA
1923 363 2004 423 ΙΝ
2048 365 2399 428 PSALMOS.

3458 368 3596 435 1206

348 473 460 525 ται,
484 460 577 512 καὶ
606 460 698 514 τοῦ
726 463 860 516 Θεοῦ
902 464 1204 535 διηγεῖσθαι
1244 468 1343 538 τὴν
1372 471 1599 526 αἴνεσιν.
1654 474 1913 543 Ἀρχεται

2022 475 2212 532 laudes
2242 479 2481 550 aggredi.
2512 479 2801 537 Exorditur
2832 492 3011 539 autem
3041 484 3231 542 laudes
3266 482 3357 540 Dei
3397 500 3427 538 a
3458 498 3597 537 con-

350 547 407 602 δὲ
433 551 725 617 κεφάλαιον
739 554 847 609 τῶν
864 556 1048 626 ὓμνων
1072 559 1164 612 τοῦ
1190 561 1519 633 ἅμαρτε»)λοῦ
1544 563 1649 635 τὴν
1664 565 1918 635 ἐπιστρο-

351 639 460 712 φὴν
488 640 702 713 ἔχουσα.
1797 713 1804 720 _

422 730 533 802 Τὴν
550 738 1050 810 ταπεινοφροσύνην
1073 740 1266 796 θυσίαν
1290 745 1529 815 ἀρεστὴν
1545 746 1623 817 τῷ
1636 747 1755 819 Θεῷ
1778 744 1920 801 εἶναι

348 821 412 877 τὸ
444 825 670 897 Πνεῦμα
701 829 975 885 ἐκτίθεται
1003 848 1016 863 ·
1051 833 1340 903 Μακάριοι
1367 836 1476 905 γὰρ
1499 840 1555 892 οι
1586 840 1808 909 πτωχοὶ
1843 839 1921 904 τῷ

351 914 659 983 πνεύματι,
714 917 803 972 ὅτι
835 922 1034 976 αὐτῶν
1059 923 1232 978 ἐστιν
1272 927 1310 993 ἡ
1350 927 1642 991 ,ϐασιλεία
1668 928 1788 983 τῶν
1816 932 1921 984 οὺ-

343 1004 567 1073 ρανῶν.
598 1008 721 1072 Πῶς
743 1010 801 1064 δὲ
826 1012 985 1083 ἡμῶν
1017 1014 1078 1067 τὸ
1107 1016 1324 1087 πνεῦμα
1358 1019 1453 1071 ἐπὶ
1476 1019 1555 1091 τῷ
1579 1024 1919 1094 ταπεινωοῆο

349 1113 436 1150 ναι
473 1101 874 1173 συντρίδομενς
908 1107 1078 1160 Ὅταν
1132 1109 1299 1162 καλὸν
1338 1111 1440 1181 μὲν
1478 1113 1803 1181 πράξαντες,
1847 1116 1920 1186 μὴ

349 1189 698 1262 ἐπαρθεῖτμεν,
742 1193 962 1268 διηνεκῆ
1000 1199 1056 1252 δὲ
1089 1204 1306 1272 μνήμην
1344 1203 1453 1255 τῷν
1503 1206 1921 1275 ἁμαρτημάτων

348 1276 456 1329 τῶν
484 1280 766 1351 ἡμετέρων
792 1286 1011 1354 ἔχομεν.

422 1368 682 1423 Εὐδοκίαν
731 1373 788 1426 δὲ
835 1375 934 1446 τὴν
966 1377 1060 1432 τοῦ
1115 1381 1459 1450 Μονογενοῦς
1517 1389 1919 1458 προσαγορεύει

349 1459 645 1529 σάρκωσιν.
677 1465 848 1536 Δῆλον
889 1468 945 1523 δὲ
973 1470 1065 1540 ἀφ’
1090 1467 1166 1527 ὧν
1209 1475 1420 1541 Παῦλος
1462 1478 1599 1550 πρὸς
1636 1480 1919 1550 Ἐφεσίους

345 1554 555 1627 ἔγραφε
580 1575 594 1591 ο
627 1563 758 1630 φησὶ
778 1562 837 1615 δὲ
863 1563 1035 1630 οὕτως
1057 1584 1071 1597 '
1098 1571 1414 1637 Γνωρίσας
1437 1574 1582 1643 ἡμῖν
1603 1574 1670 1628 τὸ
1684 1577 1920 1645 μυστή-

338 1661 475 1713 ριον
501 1648 608 1702 τοῦ
637 1650 968 1721 θελήματος
994 1659 1182 1711 αὐτοῦ
1217 1661 1315 1714 καὶ
1348 1660 1465 1730 τὴν
1492 1664 1775 1719 εὐδοκίαν
1808 1670 1919 1723 αὺ-

342 1736 452 1792 τοῦ
512 1738 595 1807 ἣν
641 1742 927 1810 προέθετο
975 1748 1047 1801 ἐν
1091 1750 1252 1816 αὐτῷ
1290 1755 1377 1819 εἰς
1426 1757 1778 1826 οἰκονομίαν
1808 1760 1916 1815 τοῦ

342 1830 737 1902 πληρώματος
765 1835 883 1890 τῶν
904 1839 1147 1907 καιρῶν.
1185 1842 1273 1897 Ἑν
1300 1844 1473 1918 ταύτῃ
1499 1849 1680 1904 τοίνυν
1708 1853 1740 1921 ἡ
1773 1852 1915 1909 Σιὼν

342 1921 689 1991 ἁγαθύνεται,
733 1926 823 1981 διὰ
859 1929 917 1983 τὸ
944 1931 1292 1988 ὲπιτελεσθὲν
1337 1937 1473 2010 αὐτῇ
1501 1940 1594 1994 τοῦ
1627 1941 1770 1997 θείου
1804 1943 1914 1997 δεί-

340 2029 478 2066 πνου
528 2019 827 2087 μυστήριον
872 2019 1039 2092 ἓτερά
1078 2040 1137 2076 τε
1165 2025 1338 2081 πολλὰ
1357 2027 1426 2083 τὰ
1467 2031 1597 2102 παρ’
1639 2033 1778 2105 αὐτῇ
1816 2052 1915 2088 πε-

341 2106 629 2174 πραγμένα
655 2109 749 2162 καὶ
775 2112 1106 2180 προελθόντα
1138 2115 1417 2188 θαύματα.

904 2292 1199 2347 ΨΑΛΜΟΣ
1247 2296 1377 2351 NA'.

417 2397 433 2428 ι
471 2378 535 2431 Τί
560 2379 806 2452 ἐγκαυχᾷ
831 2383 890 2435 ἑν
912 2385 1119 2455 κακίᾳ;
1167 2404 1184 2437 ι

408 2470 788 2540 Θαυμάζοντος
823 2474 915 2528 καὶ
944 2475 1299 2546 ἀποροῦντος,
1327 2479 1403 2557 ᾡς
1440 2480 1607 2544 εἰκὸς,
1631 2480 1695 2533 τὸ
1726 2481 1912 2553 προοί-

342 2577 463 2631 μιον
487 2578 500 2591 ·
528 2562 611 2615 ὅτι
636 2563 891 2619 τοσοῦτόν
913 2584 1055 2632 τινες
1082 2572 1161 2634 εἰς
1183 2572 1385 2625 κακίαν
1408 2574 1739 2644 προέκοψαν,
1770 2574 1909 2630 ὥστε

341 2654 425 2721 ἐφ’
467 2649 551 2718 οἷς
594 2654 675 2708 δεῖ
732 2659 966 2724 πενθεῖν,
1009 2662 1102 2715 ἐπὶ
1141 2663 1352 2728 τούτοις
1383 2666 1713 2735 καυχῶνται.
1765 2667 1910 2738 Πλὴν

335 2747 420 2801 δτι
450 2748 540 2801 τὸν
565 2750 664 2821 μὲν
689 2751 847 2824 Δωὴκ
879 2754 911 2825 ἠ
936 2754 1145 2825 ἱστορία
1176 2757 1457 2828 περιέχει,
1500 2757 1705 2813 Ἰούδαν
1732 2758 1789 2813 δὲ
1817 2760 1911 2814 τὸν

336 2841 607 2913 προδότην
657 2845 955 2900 αἰνίττεται
997 2848 1025 2900 ὁ
1068 2848 1400 2920 Ψαλμῳδδς,
1448 2850 1674 2904 δυνατὸν
1698 2851 1821 2906 λίαν
1853 2853 1910 2905 ὲν

336 2930 505 3002 κακίᾳ
537 2934 829 3005 γενόμενον
854 2976 868 3001 ,
890 2936 1038 2992 ὥστε
1067 2937 1158 2993 τὸν
1203 2940 1503 3012 εὐεργέτην
1545 2940 1641 2995 καὶ
1681 2943 1909 3014 τροφέα,

337 3026 428 3077 καὶ
457 3024 777 3081 διδάσκαλον
818 3030 1132 3101 προδοῦναι,
1183 3032 1278 3085 καὶ
1322 3032 1457 3103 μηδὲ
1489 3035 1617 3098 τοὺς
1667 3038 1912 3106 συνεχεῖς

337 3116 613 3187 ἐλέγχους,
648 3120 783 3191 μηδὲ
806 3120 907 3185 τὰς
931 3123 1280 3193 παραινέσεις
1304 3124 1681 3195 αἰσχύνεσθαι.

412 3319 432 3351 ι
477 3300 732 3373 Ἀνομίαν
764 3305 891 3376 ὅλην
916 3306 1268 3379 τὴνὴμέραν.
1306 3325 1327 3361 ι

420 3394 612 3449 Ἦνίκα
638 3398 751 3461 τοῖς
777 3399 1092 3469 Φαρισαίοις
1111 3402 1140 3461 ὁ
1181 3400 1383 3466 Ἰούδας
1414 3401 1585 3470 ἔλεγε
1621 3404 1685 3457 Τί
1706 3401 1913 3457 θέλετέ

334 3504 433 3554 μοι
473 3486 703 3552 δοῦναι,
767 3489 929 3559 κάγὼ
966 3490 1116 3561 ὑμῖν
1167 3493 1503 3561 παραδώσω
1567 3496 1755 3547 αὐτόν
1788 3511 1809 3559 ;
1850 3497 1914 3548 Ol

337 3577 405 3629 δὲ
423 3578 702 3645 ἔστησαν
726 3579 889 3645 αὐτῷ
919 3581 962 3634 λ’
980 3583 1248 3651 ἀργύρια,
1284 3585 1383 3637 καὶ
1408 3586 1528 3639 ἀπὸ
1562 3587 1696 3639 τότε
1728 3583 1913 3652 ἐζήτει

338 3669 679 3733 εὐκαιρίαν,
730 3671 830 3725 Ira
875 3674 1065 3727 αὑτὸν
1115 3676 1380 3742 παραδῷ.
1430 3678 1593 3729 Ὥστε
1638 3678 1767 3747 ὃλην
1811 3679 1912 3749 τὴν

337 3756 552 3827 ἡμέραν
591 3759 830 3829 μελετῶν
869 3763 968 3835 τὴν
1009 3764 1286 3836 ἁμαρτίαν
1313 3762 1415 3840 τῆς
1440 3767 1732 3836 προδοσίας
1762 3768 1912 3838 ἔμει-

339 3865 472 3916 νεν,
532 3850 726 3922 μέχρις
776 3852 810 3924 ὴ
863 3852 961 3918 νὺξ
1021 3854 1266 3927 ἐπέστη,
1319 3856 1442 3910 καθ’
1493 3856 1560 3927 ἢν
1607 3856 1669 3908 τὸ
1727 3856 1911 3927 δρᾶμα

339 3941 563 4014 ἔπραξε.

417 4056 433 4086 ι
485 4036 720 4090 Ἀδικίαν
752 4035 1033 4104 ἐλογίσατο
1057 4039 1090 4108 ἡ
1117 4035 1340 4104 γλῶσσά
1362 4055 1475 4092 σου,
1510 4056 1529 4087 τ

410 4131 483 4184 Τὸ
499 4131 554 4184 δὲ
576 4132 715 4185 ὠσεὲ
736 4130 942 4200 ξυρὸν,
962 4133 1235 4185 τουτέστιν
1256 4130 1597 4200 ἀναισθήτως
1623 4131 1906 4201 τέμνοντα.

339 4222 405 4274 Τί
433 4221 540 4293 γὰρ
565 4223 773 4276 ἐκείνου
805 4222 897 4276 τοῦ
920 4223 1070 4277 δόλου
1093 4222 1366 4293 ὀξύτερον,
1389 4222 1446 4276 ὃν
1475 4226 1540 4294 τῇ
1571 4221 1792 4296 γλώσσῃ
1813 4227 1913 4295 τῆς

339 4316 629 4385 προδοσίας
663 4316 800 4387 πρὸς
837 4319 963 4381 τοὺς
1013 4317 1375 4381 συλλαϐόντας
1405 4317 1497 4371 τὸν
1542 4317 1750 4388 Ἰησοῦν
1784 4334 1910 4372 συν-

2022 568 2275 623 versione
2308 574 2628 640 peccatoris.

2094 747 2259 802 Docet
2299 749 2387 806 hic
2422 751 2657 820 Spiritus
2698 763 2919 810 sanctus
2960 755 3317 810 humilitatem
3353 769 3471 809 esse
3505 768 3599 810 sa-

2023 838 2286 894 criﬁcium
2331 841 2442 895 Deo
2478 843 2736 911 placitum
2765 861 2778 898 :
2812 844 2964 898 Beati
3019 846 3165 900 enim
3210 861 3463 915 pauperes
3486 845 3593 906 spi-

2023 932 2149 995 ritu,
2200 933 2449 1002 quoniam
2501 934 2734 1003 ipsorum
2762 945 2835 989 est
2867 953 3077 1006 regnum
3113 936 3359 990 cwlorum
3390 938 3455 988 ¹¹.
3485 934 3590 989 Sed

2021 1037 2259 1091 quonam
2302 1024 2463 1078 modo
2502 1025 2753 1095 spiritum
2795 1035 3045 1081 nostrum
3094 1042 3190 1096 per
3232 1026 3597 1080 humilitatem

2021 1115 2559 1171 conterimus?Sane
2594 1132 2716 1171 cum
2758 1126 2903 1172 recte
2933 1116 3088 1171 factis
3119 1133 3229 1171 non
3255 1116 3587 1177 extollimur,

2022 1207 2116 1261 sed
2164 1215 2481 1277 perpetuam
2531 1208 2854 1265 delictorum
2904 1217 3218 1264 nostrorum
3268 1207 3609 1263 memoriam

2023 1299 2343 1355 retinemus.

2093 1389 2296 1445 Bonam
2355 1392 2690 1447 voluntatem
2740 1408 2836 1448 seu
2903 1391 3306 1463 beneplacitum
3359 1388 3596 1461 appellat

2019 1480 2298 1554 Unigeniti
2318 1484 2769 1549 incarnationem,
2796 1485 2902 1540 hoc
2923 1495 3106 1539 autem
3130 1483 3482 1538 rnanifestum
3510 1487 3595 1534 est

2019 1584 2086 1624 ex
2132 1570 2201 1625 iis
2247 1586 2368 1641 quze
2415 1572 2605 1628 scribit
2636 1573 2843 1628 ’Paulus
2870 1574 2938 1628 ad
2984 1572 3288 1643 Ephesios;
3326 1571 3407 1624 sic
3449 1567 3594 1623 enim

2019 1662 2095 1717 ait
2122 1680 2135 1715 :
2172 1662 2233 1718 Ut
2264 1671 2441 1717 notum
2479 1665 2673 1735 faceret
2704 1664 2847 1718 nobis
2876 1677 3266 1717 sacramentum
3305 1661 3594 1716 voluntatis

2020 1768 2131 1807 sua:
2155 1755 2437 1807 secundum
2465 1754 2841 1824 beneplacitum
2884 1756 3017 1824 ejus,
3053 1755 3191 1825 quod
3236 1753 3503 1823 proposuit
3536 1752 3592 1804 in

2016 1857 2075 1896 eo
2110 1843 2165 1895 in
2204 1844 2645 1912 dispensationem
2687 1843 3026 1914 plenitudinis
3054 1852 3347 1910 temporum
3372 1841 3436 1895 ’⁸.
3480 1839 3589 1894 llac

2016 1948 2146 2004 ergo
2203 1935 2344 1989 bona
2412 1936 2690 2013 voluqtate
2754 1933 2888 1990 Sion
2921 1934 3205 1990 beneﬁciis
3247 1933 3584 1996 cumulatur,

2014 2032 2131 2079 tum
2161 2034 2380 2096 prepter
2419 2027 2734 2097 mysterium
2782 2026 2979 2081 divina:
3013 2041 3182 2081 coenae
3209 2024 3353 2095 quod
3381 2024 3434 2077 in
3471 2024 3586 2094 ipsa

2016 2123 2295 2185 paractum
2323 2125 2425 2182 est,
2460 2127 2572 2170 tum
2600 2123 2822 2189 preptcr
2850 2115 3108 2169 miracula
3136 2130 3254 2184 qua:
3275 2114 3328 2167 in
3356 2128 3419 2167 ea
3444 2113 3588 2167 edita

2017 2214 2166 2260 sunt.

2087 2281 2101 2296 ’
2580 2295 2899 2352 PSALMUS
2929 2292 3016 2350 LI.

2087 2391 2248 2447 Vsus.
2279 2391 2332 2445 5.
2382 2411 2400 2440 ι
2435 2389 2577 2456 Quid
2606 2388 2856 2460 gloriaris
2882 2389 2935 2441 in
2962 2386 3208 2441 malitia?
3244 2405 3263 2437 ι

2081 2480 2195 2535 lloc
2226 2480 2552 2550 prommium
2594 2487 2676 2534 est
2705 2479 2858 2549 quasi
2886 2477 3205 2533 admirantis
3235 2486 3288 2531 et
3322 2475 3587 2545 ohstupe~

2011 2572 2248 2636 scentis;
2284 2571 2426 2641 quod
2452 2570 2712 2625 nimirum
2742 2570 2904 2640 aliqui
2942 2570 3009 2625 ad
3032 2560 3588 2625 tantam-devenerint

2009 2662 2306 2727 malitiam,
2361 2670 2418 2716 ut
2465 2661 2518 2715 in
2550 2661 2617 2716 iis
2672 2661 3003 2733 glorientur,
3053 2661 3119 2715 de
3162 2659 3361 2729 quibus
3400 2657 3585 2728 lugere

2010 2763 2346 2826 oportuerat.
2398 2753 2671 2809 Caeterum
2706 2754 2934 2810 historia
2952 2752 3189 2823 ‘quidem
3240 2751 3380 2806 Doce
3408 2747 3589 2805 conti-

2009 2856 2123 2909 nct,
2177 2847 2272 2901 sed
2315 2844 2599 2902 Psalmista
2644 2844 2838 2900 Judam
2875 2845 3206 2917 proditorem
3244 2842 3484 2899 insinuat
3531 2841 3588 2897 in

2010 2936 2217 2993 malitia
2255 2945 2535 3007 potentem
2565 2936 2824 3000 evasisse,
2850 2951 2916 2990 eo
2949 2952 3140 3006 usque,
3180 2942 3239 2990 ut
3267 2933 3588 2989 benefacto-

2011 3044 2124 3082 rem
2144 3069 2160 3095 ,
2187 3037 2241 3083 et
2287 3027 2635 3082 educatorem
2664 3066 2680 3092 ,
2710 3035 2763 3080 et
2810 3026 3131 3096 magistrum
3177 3025 3456 3093 proderet,
3490 3039 3603 3077 ne-r

1938 3147 1981 3205 ο
2013 3136 2119 3191 que
2173 3119 2418 3174 assiduas
2467 3118 2901 3188 increpationcs,
2956 3132 3134 3187 neque
3187 3115 3613 3171 admonitiones.»

2020 3219 2383 3267 revereretur.

2093 3306 2252 3361 Vens.
2284 3307 2338 3360 4.
2381 3324 2400 3356 ι
2431 3304 2772 3374 lniquitatcm
2808 3309 2918 3357 tota
2941 3300 3060 3357 'die.
3106 3319 3125 3351 ι

2084 3396 2313 3464 Quando
2359 3396 2526 3451 Judas
2569 3393 3014 3449 dixitPhariszeis
3051 3410 3065 3447 :
3097 3391 3234 3457 Quid
3263 3391 3418 3445 vultis
3462 3389 3589 3443 mihi

2015 3490 2163 3549 dare,
2191 3497 2239 3542 et
2263 3504 2355 3559 ego
2380 3486 2522 3541 vobis
2545 3503 2661 3540 eum
2685 3485 2934 3539 tradam?
2955 3485 3018 3538 At
3045 3485 3125 3539 illi
3145 3485 3518 3538 constituerunt
3544 3483 3593 3536 ei

2016 3583 2232 3652 triginta
2252 3590 2544 3652 argenteos.
2564 3579 2630 3633 Et
2656 3580 2843 3633 exinde
2872 3580 3135 3650 quwrebat
3150 3577 3591 3649 opportunitatem

2014 3682 2071 3725 ut
2094 3688 2209 3725 eum
2233 3672 2461 3725 traderet
2500 3669 2582 3722 ’δι
2613 3671 2793 3738 itaque
2828 3678 2939 3723 tota
2959 3670 3047 3723 die
3088 3666 3427 3723 meditationi
3458 3679 3587 3734 pro-

2013 3764 2234 3819 ditionis
2278 3764 2693 3827 immorabatur,
2736 3762 2911 3817 donec
2941 3777 3049 3816 nox
3103 3762 3352 3825 instaret,
3398 3758 3452 3811 in
3481 3773 3589 3827 qua

2014 3854 2223 3909 facinus
2254 3854 2359 3908 hoc
2382 3854 2636 3923 patravit.

2089 4050 2106 4080 ι
2133 4026 2454 4098 lnjustitiam
2487 4026 2743 4098 cogitavit
2776 4026 2957 4098 lingua
2985 4035 3101 4082 tua.
3134 4044 3151 4080 ι

2084 4120 2219 4176 Illud
2252 4134 2381 4174 vero
2407 4119 2541 4173 sicut
2564 4118 2843 4185 novacula,
2872 4121 2924 4175 id
2947 4130 3048 4184 est,
3084 4120 3476 4176 insensibiliter
3503 4137 3589 4177 se-

2013 4227 2164 4270 cans.
2206 4212 2357 4279 ρυῑά
2402 4212 2548 4267 enim
2596 4214 2810 4267 acutius
2862 4213 2967 4268 isto
3010 4213 3160 4278 dolo,
3206 4228 3367 4282 quem
3404 4213 3607 4283 linguae

2012 4306 2313 4377 proditoria
2335 4305 2641 4374 composuit
2665 4304 2732 4359 ad
2760 4305 2879 4360 illos
2899 4306 2989 4375 qui
3016 4305 3200 4360 .lesum
3224 4306 3588 4375 comprehcn-

342 4407 515 4461 ἑθετοο
557 4410 668 4462 *ον
689 4407 767 4465 ἂν
794 4408 1054 4478 φιλήσω,
1071 4412 1251 4475 αὐτός
1270 4412 1422 4476 ἐστι,
1439 4410 1781 4481 κρατήσατε
1802 4413 1911 4465 αὐ·-

2015 4402 2215 4457 derunt
2244 4419 2257 4455 :
2288 4398 2656 4470 Quemcunque
2682 4399 2945 4455 osculatus
2975 4401 3140 4472 fuero,
3169 4401 3279 4468 ipse
3303 4408 3397 4466 est,
3426 4409 3593 4454 tenete

338 4502 467 4563 2dr;

413 4609 433 4644 ι
486 4592 809 4664 Ἡγάπησας
847 4595 1048 4647 κακίαν
1070 4594 1210 4665 ὑπὲρ
1238 4594 1620 4666 ἁγαθωσύνην.
1658 4616 1678 4649 ι

408 4765 592 4819 Κακία
620 4767 649 4819 ό
675 4766 918 4830 διάϐολος
942 4809 955 4833 ,
987 4765 1064 4831 ὡς
1099 4767 1244 4820 κακὰ
1275 4769 1455 4822 πάντα
1490 4769 1589 4823 καὶ
1618 4772 1754 4825 πᾶσι
1784 4771 1911 4843 βου-

335 4856 581 4922 λόμενος.
639 4858 989 4929 ’Λγαθωσύνη
1045 4859 1101 4912 δὲ
1150 4860 1177 4912 ὁ
1226 4861 1483 4930 Χριστὸς,
1517 4863 1655 4917 Θεοῦ
1716 4865 1826 4936 γὰρ
1876 4866 1910 4936 ἡ

335 4947 610 5016 ἀγαθότης
648 4950 790 5004 κατὰ
843 4950 1027 5019 φύσιν.
1060 4951 1219 5004 Ἰδιον
1253 4952 1411 5020 ἀφεὶς
1448 4954 1627 5008 τοίνυν
1655 4955 1746 5010 τὸν
1775 4957 1912 5029 Χρι-

336 5040 461 5093 στὸν
510 5040 539 5091 ό
581 5041 802 5107 Ἰούδας,
854 5042 945 5095 τὸν
984 5044 1229 5097 Σατανᾶν
1276 5046 1563 5116 ἠγάπησεν
1588 5064 1604 5079 ·
1650 5048 1785 5103 ἀλλὰ
1816 5051 1914 5104 καὶ

336 5130 549 5186 ἀδικίαν
586 5132 729 5203 ὑπὲρ
773 5133 836 5186 τὸ
864 5133 1097 5203 λαλῆσαι
1124 5134 1475 5205 δικαιοσύνην
1517 5138 1718 5193 εἵλατο.
1760 5140 1910 5205 Ἐξὸν

336 5223 445 5293 γὰρ
495 5223 644 5294 αύτῷ
687 5225 786 5295 τὴν
814 5225 984 5288 ὅντως
1015 5227 1367 5297 δικαιοσύνην
1394 5228 1598 5293 λαϐεῖν,
1641 5232 1736 5283 καὶ
1768 5231 1909 5301 μετὰ

337 5315 446 5369 τῶν
471 5315 675 5369 λοιπῶν
696 5317 1011 5371 ἀποστόλων
1042 5318 1333 5389 κηρύττειν
1363 5319 1424 5373 τὸ
1440 5320 1794 5389 Εὑαγγέλιον·
1830 5325 1910 5386 εἰς

334 5409 438 5479 τὴν
468 5407 683 5463 ἀδικίαν
709 5409 765 5462 δὲ
799 5410 990 5463 ἑαυτὸν
1011 5411 1111 5480 τῆς
1134 5411 1429 5482 προδοσίας
1465 5411 1709 5467 ἐνέϐαλε.
1741 5412 1815 5465 Τὸ
1852 5412 1909 5467 δὲ

336 5495 469 5550 αὐτὸ
512 5499 712 5567 πάσχει
750 5499 858 5561 πᾶς
890 5497 1036 5560 ὅστις
1074 5499 1377 5569 κατηγορίᾳ
1420 5498 1629 5569 χαίρει,
1675 5498 1770 5551 καὶ
1806 5498 1911 5550 λοι-

335 5589 485 5662 δορεῖ
512 5590 604 5644 τὸν
659 5590 908 5659 ἀδελφὺν,
950 5589 1216 5660 ηὴδύτερον
1238 5592 1337 5660 τὴν
1374 5589 1613 5653 ἀδικίαν,
1657 5588 1906 5641 τουτέστι

407 5772 451 5801 ²²
474 5770 660 5824 Matth.
692 5788 740 5835 ν,
770 5770 820 5823 5.

1946 4477 1993 4535 Ῑ)
2019 4510 2136 4549 eum
2167 4496 2236 4551 “.

2091 4578 2252 4642 Vsus.
2298 4587 2350 4641 5.
2402 4605 2421 4637 ι
2470 4587 2714 4642 D-ilexisti
2759 4584 3020 4639 malitiam
3061 4598 3229 4652 super
3281 4580 3590 4652 benignita-

2021 4687 2149 4733 tem.
2191 4697 2210 4730 ι

2087 4768 2291 4823 Malitia
2317 4776 2403 4824 est
2432 4768 2699 4833 diabolus,
2729 4774 2916 4837 utpote
2942 4767 3033 4836 qui
3056 4766 3241 4822 omnia
3268 4765 3406 4820 mala
3428 4774 3594 4836 atque

2017 4859 2275 4914 omnibus
2322 4859 2472 4914 velit.
2516 4857 2836 4930 Benignitas
2865 4872 2998 4914 vero
3036 4858 3285 4913 Christus
3319 4865 3421 4924 est,
3452 4873 3592 4928 quo-

2015 4949 2162 5005 niam
2205 4959 2398 5005 natura
2444 4965 2541 5005 sua
2592 4950 2684 5005 Dei
2727 4948 2943 5006 bonitas
2984 4950 3216 5006 exsistit.
3260 4947 3372 5004 Suo
3431 4948 3595 5019 igitur

2013 5041 2234 5098 Christo
2287 5042 2572 5106 derelicto,
2612 5040 2785 5097 Judas
2819 5039 3076 5096 Satanam
3117 5039 3333 5103 dilexit;
3374 5038 3507 5108 quin
3538 5046 3594 5093 et

2012 5134 2355 5205 iniquitatem
2406 5135 2597 5206 magis,
2631 5150 2793 5206 quam
2836 5134 2984 5203 loqui
3041 5134 3353 5198 aequitatem
3407 5129 3593 5200 elegit.

2010 5222 2232 5280 Poterat
2260 5224 2406 5281 enim
2432 5241 2560 5281 vere
2585 5227 2850 5296 justitiam
2883 5224 3147 5294 recipere,
3186 5230 3241 5276 et
3275 5235 3400 5275 eum
3425 5228 3594 5274 caete-

2014 5316 2093 5370 ris
2125 5317 2384 5387 apostolis
2432 5317 2785 5388 Evangelium
2835 5316 3168 5387 praedicare;
3213 5319 3590 5367 verumtamen

2015 5407 2081 5461 ad
2113 5407 2438 5479 proditionis
2482 5407 2823 5477 iniquitatem
2863 5412 3037 5461 semet
3076 5404 3193 5473 ipse
3222 5402 3439 5473 deiecit.
3478 5401 3593 5458 Hoc

2014 5497 2191 5567 ipsum
2239 5499 2497 5553 usuvenit
2550 5490 2698 5553 omni
2743 5497 2836 5567 qui
2877 5494 3251 5566 accusatione,
3290 5492 3507 5565 gaudet,
3539 5502 3594 5548 et

2013 5591 2375 5646 calumniatur
2406 5590 2555 5645 fratri
2588 5607 2707 5656 suo,
2742 5606 2864 5646 rum
2895 5588 3175 5645 lubentius
3202 5587 3549 5659 iniquitatem
3575 5629 3588 5653 ,

899 5769 943 5800 ²³
973 5765 1171 5836 Ephes.
1209 5782 1245 5829 ι,
1280 5767 1329 5820 9.
1409 5767 1453 5798 ’³
1482 5766 1669 5821 Matth.
1707 5784 1850 5828 \‘\'\'l,
1883 5766 1964 5833 l3,
2004 5768 2080 5821 l6.
2163 5769 2203 5798 ³³⁵
2248 5766 2434 5821 Matth.
2464 5767 2725 5831 “21,48.
