4044 6228
434 301 572 374 1207

1608 305 1968 370 HESYCHII
2023 307 2497 373 PRESBYTERI

3552 304 3690 371 1208

437 427 540 475 hoc
592 426 677 475 est
734 417 1072 475 mendacium
1101 460 1117 487 ,
1174 420 1424 491 loquatur
1454 462 1469 486 ,
1524 400 1593 476 et.
1632 421 1789 477 sileat
1845 419 2011 491 justi-

2137 423 2174 477 :o
2205 424 2400 494 ψεῦδος
2440 423 2641 490 λαλῶν,
2673 424 2768 478 καὶ
2803 421 2901 495 τὴν
2931 419 3281 492 δικαιοσύνην
3321 419 3564 489 σιωπῶν,
3585 419 3687 492 δηι-

435 513 590 579 tiam,
636 511 690 568 id
735 521 819 568 est
859 511 1136 580 virtutem,
1181 528 1344 584 quam
1395 512 1674 584 proximus
1716 512 1835 582 eius
1883 528 2011 584 pos-

437 604 598 660 Bldi‘l.
833 586 838 595 θ

499 693 662 750 Vens.
700 695 755 751 7.
788 713 806 747 ι
842 692 1141 767 Propterea
1170 695 1316 752 Deus
1344 695 1591 753 destruet
1617 705 1692 752 te.
1741 715 1762 749 ι

504 783 630 841 Haec
691 786 841 841 omni
891 787 1111 857 quidem
1164 788 1374 843 homini
1424 789 1648 855 doloso,
1699 788 1798 845 sed
1844 787 2015 843 multo

438 877 674 934 maxime
704 879 772 934 ad
804 880 1138 949 proditorem
1180 881 1459 937 dicuntur.
1491 883 1636 937 Deus
1656 882 1803 936 enim
1832 880 2012 952 ipsum

440 969 660 1023 sustulit
689 970 745 1023 in
774 970 958 1038 ﬁnem,
988 980 1044 1027 et
1081 971 1149 1027 de
1175 971 1544 1039 tabernaculo,
1578 973 1629 1028 id
1658 979 1762 1039 est,
1793 971 1862 1028 de
1893 973 2016 1027 loco

440 1060 802 1130 discipulatus
843 1060 1161 1128 transtulit,
1192 1070 1247 1117 et
1286 1069 1544 1132 tanquam
1582 1062 1820 1133 spinosas
1853 1060 2019 1132 plan-

442 1158 511 1205 ta:
563 1148 803 1206 radicem
856 1152 924 1207 de
974 1160 1120 1207 terra
1161 1152 1484 1221 viventium,
1525 1153 1593 1209 de
1645 1151 2017 1223 apostolorum

442 1241 771 1312 agricultura
815 1243 1033 1298 evulsit.

520 1350 540 1383 ι
587 1330 811 1402 Speravi
846 1332 902 1386 in
924 1333 1300 1389 misericordia
1330 1334 1478 1389 Dei.)

516 1421 800 1489 Quadrant
842 1425 960 1480 haec
1007 1425 1173 1481 verba
1232 1441 1450 1496 quoque
1479 1424 1643 1482 Petro
1667 1424 2017 1496 negationem

452 1528 605 1569 suam
638 1514 693 1568 in
723 1514 1041 1570 memoriam
1071 1517 1345 1571 revocanti
1379 1557 1393 1582 ,
1420 1516 1513 1586 qui
1542 1518 1683 1572 sicut
1721 1518 1864 1572 oliva
1905 1516 2021 1570 fru-

454 1603 644 1659 ctifera
677 1605 731 1658 in
759 1605 921 1660 domo
957 1605 1073 1672 Dei,
1104 1607 1159 1662 id
1198 1614 1301 1671 est,
1334 1607 1388 1661 in
1428 1607 1533 1663 ﬁde
1569 1623 1786 1678 semper
1813 1607 2023 1662 consti-

456 1692 562 1759 tit;
602 1691 729 1747 licet
777 1693 845 1748 ad
891 1693 1143 1766 exiguum
1212 1703 1424 1766 tempus
1476 1697 1780 1768 negationis
1830 1704 2023 1751 aestum

453 1782 780 1839 sustinuerit
820 1802 835 1839 :
884 1795 1260 1842 verumtamen
1304 1787 1530 1843 minime
1557 1788 1772 1842 exaruit
1802 1805 1815 1842 :
1847 1788 2018 1857 siquio
2055 1763 2096 1817 Β

448 1872 573 1927 dem
612 1873 951 1944 poenitentiae
1003 1876 1253 1947 lacrymis
1293 1877 1533 1933 radicem
1579 1878 1838 1950 irrigavit.
1886 1875 2024 1930 Pro-

447 1971 658 2033 pterea,
700 1963 877 2036 inquit
919 1984 935 2021 :
977 1965 1271 2036 Conﬁtebor
1315 1968 1442 2033 tibi,
1474 1969 1599 2040 quia
1642 1970 1833 2039 fecisti.
1881 1969 2022 2035 Quid

448 2054 668 2109 fecisti?
716 2054 1171 2125 Misericordiam,
1198 2059 1596 2130 benignitatem
1619 2101 1634 2126 ,
1668 2061 2024 2116 commisera-

453 2146 679 2201 tionem.
704 2145 842 2213 Quia
867 2163 992 2203 eum
1019 2150 1110 2219 qui
1132 2159 1444 2221 negaverat,
1473 2152 1853 2223 mysteriorum
1881 2168 2025 2222 prae-

452 2251 645 2292 conem
675 2237 926 2305 etl‘ecisti,
956 2239 1264 2295 columnam
1297 2240 1620 2296 titubantem
1657 2239 1986 2295 conﬁrmasti
2006 2281 2022 2305 ,

452 2336 662 2383 etcum
710 2329 801 2400 qui
841 2341 1141 2399 erraverat,
1193 2341 1469 2402 pastorem
1512 2346 1774 2403 agnorum
1819 2331 2030 2385 consti-

456 2420 627 2476 tuisti.
654 2419 859 2475 Bonum
887 2432 1070 2478 autem
1102 2439 1211 2477 non
1246 2422 1468 2488 Judasis,
1503 2438 1681 2493 neque
1712 2422 2028 2477 idololatriae

455 2513 648 2567 morbo
664 2512 1036 2571 laborantibus
1054 2557 1068 2581 ,
1091 2515 1186 2570 sed
1216 2515 1272 2569 in
1298 2525 1571 2581 conspectu
1591 2523 1896 2569 sanctorum
1921 2513 2017 2583 qui

454 2616 554 2673 per
581 2604 807 2674 gratiam
862 2613 915 2660 et
948 2604 1187 2660 laetitiam
1215 2605 1495 2675 iustiﬁcati
1542 2615 1692 2661 sunt.
1742 2604 1838 2659 His
1883 2604 2028 2659 enim

457 2707 656 2748 nomen
697 2694 817 2763 ejus
862 2694 1088 2749 bonum.
1130 2693 1273 2761 Quid
1317 2694 1463 2749 enim
1498 2693 1626 2750 Jesu
1670 2695 2031 2765 appellatione

458 2783 722 2838 suavius?
754 2784 1022 2854 Exspecto
1051 2794 1233 2840 autem
1260 2802 1274 2838 :
1317 2785 1385 2841 ad
1417 2786 1586 2856 quid?
1625 2786 1882 2857 quoniam
1939 2787 2031 2856 qui

457 2883 736 2945 exspectat
763 2876 819 2931 in
850 2875 1035 2943 linem,
1066 2877 1155 2933 hic
1180 2877 1361 2934 salvus
1386 2878 1513 2935 erit.

1007 2989 1329 3048 PSALMUS
1362 2992 1473 3049 Lll.

527 3075 691 3136 Vsus.
727 3079 778 3135 l.
812 3100 830 3134 ι
872 3081 1018 3137 Dixit
1044 3083 1311 3154 insipiens
1338 3084 1393 3138 in
1423 3083 1588 3140 corde
1621 3100 1740 3140 suo.
1784 3105 1803 3137 ι

532 3167 701 3240 Cujus
739 3171 884 3225 enim
935 3181 1053 3227 erat
1102 3173 1248 3228 istud
1295 3174 1499 3240 dicere,
1531 3174 1639 3228 nisi
1684 3173 2034 3244 insipientis?

462 3263 533 3317 de
578 3277 686 3331 quo
715 3262 885 3318 Isaias
912 3264 1050 3319 dixit
1086 3283 1101 3320 :
1146 3264 1356 3321 Fatuus
1402 3267 1553 3337 fatua
1584 3265 1842 3335 loquetur,
1873 3274 1922 3320 et
1948 3283 2036 3320 cor

462 3352 578 3423 ejus
606 3370 745 3408 vana
794 3356 1046 3427 intelliget
1069 3357 1135 3413 ³⁸.
1175 3357 1365 3424 Qualia
1417 3359 1560 3413 ista?
1599 3358 1867 3425 Quoniam
1911 3375 2034 3414 cum

458 3460 626 3514 prava
665 3446 910 3515 quantum
959 3456 1014 3502 et
1060 3449 1294 3509 absurda
1338 3458 1639 3521 patrantes,
1691 3458 1747 3504 et
1775 3450 1869 3505 Dei
1909 3465 2036 3520 erga

461 3534 611 3604 ipsos
640 3533 1102 3605 longanimitatem
1124 3538 1471 3608 aspicientes,
1498 3547 1754 3608 tanquam
1778 3538 2034 3608 benigno,

459 3633 515 3679 ct
536 3624 803 3680 malorum
831 3627 1082 3683 toleranti
1104 3629 1302 3700 gratias
1321 3644 1504 3700 agere,
1531 3637 1585 3684 et
1609 3629 1801 3684 Iaudes
1822 3630 2037 3687 deferre

460 3726 761 3787 oporteret,
820 3719 890 3774 ad
947 3720 1300 3778 stoliditat-.m
1351 3721 1680 3789 exorbitant,
1728 3721 1897 3777 Deum
1947 3738 2036 3777 res

462 3809 730 3865 humanas
772 3826 884 3866 non
925 3810 1144 3880 intueri,
1188 3814 1284 3870 sed
1322 3813 1703 3870 indiﬂ'erenter
1742 3828 1806 3870 ac
1833 3822 2038 3870 temere

462 3912 658 3957 cuncta
685 3902 815 3958 ferri
852 3904 1200 3963 arbitrantes.

534 3993 701 4051 Vsus.
761 3997 818 4052 2.
887 4015 905 4050 ι
980 3996 1235 4070 Corrupti
1307 4007 1438 4054 sunt
1512 4007 1570 4054 et
1643 3995 2037 4054 abominabiles

465 4090 616 4146 facti.
652 4110 673 4145 ι

535 4182 759 4240 Morbus
809 4185 905 4255 qui
954 4199 1051 4255 per
1105 4184 1432 4241 maledicum
1485 4184 1842 4251 diffunditur,
1903 4183 2039 4240 alios

463 4290 682 4346 quoque
710 4275 765 4329 in
797 4275 1176 4345 iniquitatibus
1204 4277 1478 4348 corrumpi
1510 4277 1643 4334 facit
1664 4319 1679 4343 ,
1708 4289 1765 4333 et
1792 4277 2035 4342 Creatori

464 4383 565 4423 suo
618 4366 1004 4422 abominabiles
1034 4367 1318 4434 exsistere,
1370 4377 1521 4426 tanto
1576 4369 1791 4425 virtutis
1823 4369 2036 4424 defectu

2112 514 2249 588 λαδὴ
2282 516 2380 587 την
2411 517 2633 589 ἀρετὴν,
2665 517 2731 589 ἢν
2751 517 2783 570 ὀ
2810 514 3038 587 πλησίον
3067 516 3352 586 κέκτηται.

2190 687 2223 751 ι’
2243 698 2340 753 Διὰ
2371 698 2530 753 τοῦτο
2554 701 2582 753 ὁ
2606 698 2738 763 Θεὸς
2771 698 2993 753 καθελεῖ
3017 713 3100 752 σε.
3138 714 3159 750 ι

2186 788 2376 843 Ταῦτα
2410 789 2573 844 παντί
2599 769 2701 861 μιν
2730 788 2909 860 δολίῳ,
2928 788 3082 865 ’πολὺ
3112 787 3171 841 δι
3204 785 3407 858 μᾶλλον
3437 784 3574 857 πρὸς
3598 784 3694 838 τὸν

2116 879 2386 952 προδότην
2429 881 2652 948 λέγεται
2682 898 2697 911 δ
2734 879 2984 933 καθεῖλεν
3034 877 3144 949 γὰρ
3187 876 3353 930 αὐτὸν
3387 876 3416 928 ὁ
3441 874 3576 938 Θεὸς
3609 876 3694 938 είς

2114 972 2289 1038 τέλος,
2317 972 2410 1024 καὶ
2439 972 2548 1025 άπὸ
2576 972 2675 1042 τῆς
2716 971 2923 1042 σκηνῆς
2944 1011 2960 1037 ,
2988 969 3265 1023 τουτέστιν
3295 971 3362 1022 ὲκ
3392 966 3488 1020 τοῦ
3523 967 3694 1020 τόπου

2116 1063 2216 1133 τῆς
2248 1062 2544 1133 μαθητείας
2571 1062 2900 1132 μετέστησεν
2924 1100 2939 1126 ,
2980 1061 3073 1115 καὶ
3101 1061 3199 1132 τὴν
3234 1058 3391 1130 ῥίζαν
3418 1058 3493 1122 ὡς
3523 1059 3697 1111 ἀκαν-

2118 1152 2319 1218 θώδους
2351 1155 2518 1225 φυτοῦ
2550 1157 2613 1207 ἐκ
2632 1154 2737 1224 γῆς
2765 1153 2983 1220 ζώντων
3005 1193 3019 1219 ,
3055 1155 3120 1206 ἐκ
3147 1151 3244 1206 τοῦ
3284 1151 3556 1222 γεωργίου
3584 1149 3699 1204 τῶν

2118 1246 2435 1298 ἀποστόλων
2459 1244 2715 1310 ἐξέτιλεν.

2112 1374 2115 1379 ς
2196 1355 2215 1388 ι
2261 1337 2501 1389 Ἤλπισα
2527 1337 2620 1390 ἐπὶ
2649 1337 2709 1391 τὸ
2734 1336 2881 1401 ἔλεος
2908 1335 3002 1389 τοῦ
3028 1334 3184 1389 Θεοῦ.
3225 1352 3244 1386 ι

2203 1427 2489 1497 Ἀρμὸττει
2524 1425 2700 1480 ταῦτά
2734 1443 2796 1494 γε
2840 1426 2907 1479 τὰ
2955 1428 3178 1497 ῥήματα
3210 1424 3405 1495 Πέτρῳ
3442 1425 3523 1487 εἰς
3564 1424 3696 1479 ἀνά-

2126 1536 2323 1589 μνησιν
2374 1520 2662 1591 ἐρχομένῳ
2706 1519 2805 1589 τῆς
2831 1519 3035 1580 οἰκείας
3061 1517 3384 1587 ἀρνήσεως,
3425 1517 3579 1578 ὅστις
3619 1516 3696 1579 ὡς

2123 1609 2277 1663 ἐλαία
2314 1609 2670 1679 κατάκαρπος
2706 1610 2763 1661 ὲν
2805 1607 2884 1679 τῷ
2917 1609 3051 1677 οἴκῳ
3094 1606 3189 1660 τοῦ
3226 1606 3385 1671 Θεοῦ,
3420 1605 3695 1669 τουτέστι,

2124 1703 2191 1772 τῇ
2223 1700 2404 1754 πίστει
2450 1700 2715 1770 διηνεκῶς
2766 1700 3075 1770 ἱστάμενος,
3128 1700 3179 1752 εἰ
3215 1697 3475 1769 καὶπρὸς
3499 1697 3698 1768 μικρὸν

2125 1791 2333 1862 ὑπέστη
2382 1790 2472 1844 τὸν
2502 1790 2759 1844 καύσωνα
2803 1792 2902 1858 τῆς
2947 1791 3247 1861 ἀρνήσεως,
3277 1788 3392 1843 ἀλλ’
3419 1791 3568 1859 ὅμως
3599 1791 3698 1842 οὐκ

2126 1883 2421 1955 ἐξηράνθη.
2453 1882 2543 1952 Τῷ
2575 1883 2683 1953 γὰρ
2717 1882 2938 1954 δακρύῳ
2966 1885 3064 1951 τῆς
3098 1881 3388 1952 μετανοίας
3416 1880 3514 1952 τὴν
3540 1880 3699 1951 ῥίζαν

2126 1977 2394 2030 ἐπότισεν.
2443 1974 2541 2028 Διὰ
2563 1974 2722 2028 τοῦτό
2760 1992 2945 2045 φησιν,
2975 1973 3537 2043 Ἐξομολογήσομαί
3573 1988 3697 2034 σοι,

2126 2070 2213 2124 ὅτι
2239 2068 2550 2135 ἐποίησας.
2574 2067 2639 2120 Τί
2656 2065 2917 2136 ἐποίησας
2926 2066 3159 2132 ;Ἕλεος,
3180 2064 3542 2137 χρηστότητα,
3564 2080 3702 2134 συμ-

2126 2161 2377 2216 πάθειαν.
2421 2162 2544 2213 Ὅτι
2585 2163 2675 2213 τὸν
2739 2158 3116 2228 ἀρνησάμενον
3173 2158 3391 2227 κήρυκα
3440 2154 3548 2211 τῶν
3601 2172 3696 2224 μυ⁴

2128 2247 2364 2316 στηρίων
2397 2246 2686 2316 ἐποίησας,
2718 2244 2908 2297 στύλον
2939 2245 3031 2297 τὸν
3076 2244 3404 2299 σαλευθέντα
3432 2244 3702 2313 κατέστηο

2130 2355 2249 2405 σας,
2281 2338 2374 2392 καὶ
2407 2338 2642 2408 ποιμένα
2669 2336 2777 2390 τῶν
2801 2337 2990 2406 ἀμνῶν
3014 2336 3107 2390 τὸν
3134 2336 3484 2405 πλανηθέντα
3517 2334 3702 2401 ἐποίη-

2130 2449 2250 2497 σας.
2284 2432 2563 2501 Χρηστόν
2585 2431 2642 2485 δὲ
2668 2431 3079 2499 ούκῚουδαίοις,
3106 2432 3230 2486 οὐδὲ
3260 2430 3702 2500 εἰδωλολατρείαν

2129 2526 2398 2593 νοσοῦσιν,
2431 2525 2546 2579 ἀλλ’
2568 2525 2846 2580 ἐναντίον
2877 2525 3001 2592 τοῖς
3029 2525 3245 2592 ὁσίοις,
3278 2528 3391 2588 τοῖς
3429 2524 3516 2579 διὰ
3542 2523 3701 2594 χάρι-

2130 2636 2220 2682 τος
2246 2619 2340 2674 καὶ
2365 2618 2700 2690 εὐφροσύνης
2712 2605 3068 2674 δικαιωθεῖσι.
3092 2618 3251 2687 Παρὰ
3280 2616 3486 2680 τούτοις
3513 2616 3619 2685 γὰρ
3642 2615 3704 2668 τὸ

2132 2712 2302 2779 ὄνομα
2328 2711 2493 2766 αὑτοῦ
2537 2711 2794 2783 χρηστόν.
2842 2710 2906 2762 Τί
2936 2710 3047 2782 γάρ
3074 2709 3169 2763 τοῦ
3213 2709 3384 2780 Ἰησοῦ
3421 2725 3702 2780 προσηγο-

2136 2800 2258 2871 ρίας
2294 2800 2696 2872 χρηστότερον;
2727 2799 3016 2872 ’Υπομένω
3049 2799 3107 2854 δέ.
3127 2816 3141 2830 ο
3169 2800 3254 2852 διὰ
3282 2800 3370 2864 τί;
3418 2798 3629 2866 Ἐπειδὴ
3667 2800 3698 2850 ὁ

2136 2895 2437 2966 ὑπομείνας
2460 2896 2540 2961 εἰς
2564 2895 2739 2963 τέλος,
2772 2888 2928 2959 οὗτος
2962 2896 3282 2966 σωθήσεται.

2697 2987 2992 3041 ΨΛΛΜΟΣ
3010 2987 3140 3040 NB’.

2053 3087 2098 3148 (ζ
2206 3098 2226 3132 ι
2263 3077 2430 3133 Εἶπεν
2467 3079 2654 3151 ἄφρων
2675 3079 2732 3133 ὲν
2762 3078 2958 3151 καρδίᾳ
2990 3077 3177 3132 αὐτοῦ.
3218 3094 3245 3129 ι

2207 3170 2360 3233 Τίνος
2386 3171 2495 3241 γὰρ
2538 3166 2605 3241 ἦν
2632 3168 2790 3223 τοῦτο
2838 3169 3037 3237 λέγειν,
3069 3169 3183 3223 ἀλλ’
3216 3167 3543 3239 ἢάφρονοςς
3580 3167 3707 3238 περὶ

2134 3255 2197 3317 οὗ
2237 3261 2466 3325 Ἡσαΐας
2502 3260 2686 3330 ἔλεγεν
2710 3277 2725 3294 ·
2785 3259 2848 3316 '0
2870 3261 3070 3332 μωρὸς
3094 3260 3263 3329 μωρὰ
3288 3259 3569 3325 λαλήσει,
3611 3256 3708 3312 και

2135 3354 2175 3418 ἠ
2217 3352 2432 3421 καρδία
2480 3352 2668 3408 αὐτοῦ
2708 3353 2932 3424 μάταια
2969 3353 3283 3423 φρονήσει.
3319 3352 3456 3404 Ποῖα
3495 3351 3702 3416 ταῦτα;

2139 3446 2259 3499 Ὅτι
2292 3444 2472 3514 φαῦλά
2500 3463 2624 3501 τινα
2644 3447 2739 3500 καὶ⁸
2760 3429 2940 3501 ἄτοπα
2965 3444 3348 3516 ἐργαζόμενοι,
3373 3443 3469 3497 καὶ
3488 3443 3586 3512 τὴν
3619 3442 3705 3495 ἐπ’

2136 3538 2321 3602 αὐτοῖς
2349 3536 2442 3591 τοῦ
2473 3536 2607 3590 Θεοῦ
2645 3538 3026 3609 μακροθυμίαν
3067 3536 3375 3607 βλέποντες,
3409 3534 3527 3588 δέον
3553 3533 3710 3603 εὐχα-

2138 3632 2343 3700 ριστεῖν
2362 3629 2457 3683 καὶ
2478 3627 2723 3695 δοξάζειν
2747 3632 2822 3695 ὡς
2851 3630 3108 3704 χρηστὸν,
3138 3628 3234 3683 καὶ
3263 3627 3601 3694 ἀνεξίκακον,
3631 3626 3708 3689 εἰς

2138 3722 2567 3795 παραφροσύνην
2629 3723 3008 3795 ἐκτρέπονται,
3077 3723 3138 3775 οὐ
3199 3719 3511 3791 νομίζοντες
3564 3716 3699 3771 Θεὸν

2137 3814 2341 3886 ἑφορᾷν
2391 3812 2462 3869 τὰ
2489 3812 2806 3887 ἀνθρώπινα
2835 3853 2852 3881 ,
2886 3813 3127 3885 ἀκρίτως
3172 3812 3229 3865 δὲ
3257 3812 3352 3866 καὶ
3389 3809 3708 3881 αὐτομάτως

2138 3904 2423 3976 φέρεσθαι.

2215 4018 2235 4052 ι
2275 3998 2658 4072 Διεφθάρησαν
2690 4002 2785 4055 καὶ
2807 3999 3228 4072 ὲϐδελύχθησαν.
3265 4015 3286 4051 ι

2222 4177 2287 4230 Ἦ
2326 4175 2420 4231 τοῦ
2459 4175 2777 4248 βλασφήμου
2820 4176 3122 4230 διαδοθεῖσα
3171 4175 3325 4239 νόσος
3367 4175 3493 4239 τοὺς
3522 4173 3716 4239 ἄλλους

2139 4273 2197 4323 ἐν
2232 4268 2484 4341 ἀνομίαις
2505 4270 2913 4341 παρασκευάζει
2937 4269 3273 4341 φθείρεσθαι,
3307 4267 3629 4339 βδελυκτούς
3654 4284 3718 4320 τε

2141 4355 2282 4415 εἶναι
2325 4358 2402 4429 τῷ
2427 4359 2691 4414 Κτίσαντι
2718 4399 2733 4423 ,
2761 4362 3040 4432 ἀπραξίαν
3088 4362 3186 4431 τῆς
3224 4362 3422 4431 ἀρετῆς
3447 4360 3720 4430 τοσαύτην

468 4450 798 4524 laborantes,
861 4465 924 4513 ut
958 4459 1167 4515 nullum
1217 4461 1435 4531 penitus
1471 4462 1671 4516 bonum
1717 4468 2032 4531 Operentur.

2145 4451 2435 4515 νοσοῦντας
2458 4492 2474 4517 ,
2506 4450 2647 4505 ὥστε
2685 4451 2852 4523 μηδὲν
2882 4454 3078 4516 αὐτοὺς
3127 4452 3330 4521 ἀγαθὸν
3360 4450 3718 4522 ἐργάζεσθαι.

450 4551 736 4606 <Creterum
772 4565 871 4621 per
912 4551 1260 4623 insipientem
1289 4594 1304 4620 ,
1336 4552 1743 4610 idololatrorum
1772 4551 2037 4607 insaniam

469 4639 728 4694 insinuat.
793 4639 1048 4696 Dicentes
1103 4641 1249 4697 enim
1304 4642 1357 4697 in
1411 4642 1575 4697 corde
1620 4656 1720 4697 suo
1759 4656 1871 4695 non
1917 4655 2041 4696 esse

469 4728 639 4786 Deum
659 4771 675 4797 ,
706 4729 1006 4802 ligneorum
1035 4748 1102 4789 ac
1129 4731 1471 4803 lapideorum
1495 4734 1722 4789 deorum
1752 4732 2041 4787 simulacra

469 4817 713 4875 fabricati
745 4828 893 4878 sunt.
919 4820 1022 4879 Per
1050 4823 1413 4895 iniquitatem,
1442 4838 1563 4893 qua:
1587 4823 1721 4894 legis
1742 4833 1827 4878 est
1860 4830 2040 4879 trans-

467 4911 696 4982 gressio,
729 4912 944 4970 Judaaos
974 4914 1238 4980 insinuat,
1267 4930 1405 4986 quos
1441 4914 1818 4971 incredulitate
1849 4929 2042 4971 corruv

466 5011 611 5073 ptes,
639 5004 781 5061 Deus
802 5006 1147 5061 abominatus
1176 5016 1281 5061 est.

540 5094 702 5151 Vens.
735 5098 788 5152 3.
829 5113 848 5147 ι
894 5096 1041 5151 Deus
1067 5097 1136 5152 de
1165 5097 1303 5152 cmlo
1336 5097 1637 5165 prospexit.
1685 5114 1704 5147 ι

539 5183 725 5257 Usque
762 5186 900 5242 adeo
942 5186 1089 5242 enim
1147 5185 1292 5241 Deus
1320 5186 1595 5241 desiderat
1636 5186 1942 5250 veritatem,
1986 5193 2045 5240 ut

468 5291 593 5334 cum
624 5292 712 5332 res
742 5292 936 5333 omnes
974 5285 1192 5333 nostras
1222 5286 1413 5332 exacte
1437 5284 1726 5348 εοεηοεοιη
1750 5315 1764 5340 ,
1801 5284 2042 5332 attamen

468 5384 569 5440 per
614 5384 770 5425 suam
826 5370 1114 5427 nobiscum
1160 5367 1704 5432 condescensionem,
1740 5367 1893 5438 quasi
1944 5383 2045 5437 per

466 5459 832 5527 fenestellam,
859 5460 1174 5531 prospiciat,
1201 5475 1290 5516 res
1312 5458 1579 5514 humanas
1600 5468 1853 5514 accurate
1879 5473 2042 5513 nosse

467 5543 682 5602 volens.
734 5546 930 5618 Utique
955 5547 1156 5605 Christi
1189 5549 1481 5607 adventum
1530 5548 1816 5604 manifeste
1844 5549 2047 5605 intelli-

551 5718 597 5751 ⁸⁸
620 5718 721 5772 lsa.
747 5734 914 5790 χχχιι,
935 5726 972 5779 6

2154 4541 2317 4597 Ἀλλά
2343 4540 2453 4613 γὰρ
2479 4542 2568 4597 διὰ
2594 4540 2686 4596 τοῦ
2718 4542 2955 4612 ἄφρονος
3011 4543 3110 4614 τὴν
3148 4543 3255 4596 τῶν
3310 4542 3724 4613 εἰδωλολατρῶν

2147 4634 2345 4703 μανίαν
2364 4633 2676 4688 αἰνίττεται.
2703 4635 2967 4702 Λέγοντες
2994 4636 3103 4705 γὰρ
3132 4637 3190 4689 ἐν
3220 4634 3420 4707 καρδίᾳ
3449 4635 3551 4688 οὐκ
3575 4630 3725 4688 εἶναι

2144 4723 2310 4791 Θεὸν,
2361 4724 2556 4779 εἴδωλα
2606 4724 2833 4792 ξυλίνων
2860 4725 2998 4780 θεῶν
3031 4726 3125 4779 καὶ
3161 4726 3380 4779 λιθίνων
3432 4726 3723 4796 ἐποίησαν.

2146 4817 2248 4871 Διὰ
2288 4815 2346 4868 δὲ
2375 4816 2478 4887 τῆς
2515 4817 2769 4888 ἀνομίας,
2804 4818 2926 4887 ἣτις
2956 4814 3025 4889 ἦν
3048 4818 3141 4873 τοῦ
3172 4818 3338 4889 νόμου
3385 4818 3725 4890 παράϐασις,

2145 4908 2273 4972 τοὺς
2313 4908 2600 4973 Ἰουδαίους
2620 4909 2937 4978 αἰνίττεται,
2953 4909 3046 4974 οὒς
3062 4913 3128 4982 τῇ
3143 4910 3373 4981 ἀπιστίᾳ
3394 4908 3726 4980 φθαρέντας,

2151 4999 2177 5052 ὁ
2203 4997 2336 5063 Θεὸς
2367 4998 2706 5065 ὲδδελύξατο.

2226 5108 2244 5141 ι
2314 5091 2370 5146 'O
2400 5092 2534 5155 Θεὸς
2564 5093 2630 5147 ὲκ
2661 5093 2756 5148 τοῦ
2784 5095 3017 5166 οὐρανοῦ
3043 5095 3317 5165 διέκυψεν.
3350 5115 3369 5148 ι

2225 5182 2491 5238 Τοσοῦτον
2521 5184 2632 5257 γὰρ
2655 5188 2684 5240 ὁ
2715 5186 2846 5251 Θεὸς
2873 5188 3130 5259 ἀληθείας
3154 5190 3389 5259 ἐφίεται,
3423 5190 3508 5243 ὅτι
3545 5189 3756 5245 πάντα.

2153 5276 2437 5344 γινώσκων
2454 5279 2699 5351 ἀκριϐῶς
2718 5280 2788 5335 τὰ
2807 5282 3075 5354 ἡμέτερα,
3103 5284 3254 5354 ὅμως
3276 5283 3592 5347 διακύπτει,
3626 5302 3730 5338 κα-

2154 5366 2332 5440 θάπερ
2359 5369 2466 5423 ἀπὸ
2494 5388 2637 5437 τινος
2660 5371 2874 5443 θυρίδος
2904 5373 3002 5443 τῆς
3031 5374 3168 5445 πρὸς
3188 5376 3339 5445 ἡμᾶς
3369 5374 3730 5443 συγκαταϐά-

2158 5474 2317 5523 σεως,
2383 5459 2677 5531 διαγνῶναι
2732 5462 2901 5517 θέλων
2962 5464 3208 5535 ἀκριϐῶς
3264 5465 3334 5520 τὰ
3381 5463 3725 5535 ἀνθρώπινα.

2166 5549 2326 5605 Ἀλλὰ
2356 5552 2463 5624 γὰρ
2499 5553 2684 5624 σαφῶς
2728 5554 2964 5625 Χριστοῦ
2993 5557 3093 5627 τὴν
3119 5556 3413 5629 ἐπιδημίαν
3450 5556 3599 5625 λέγει
3620 5597 3637 5623 ,
3662 5555 3727 5623 ὃς
