4044 6228
396 308 532 378 ιεοο
1446 318 1909 381 FRAGMENTA
1948 318 2030 379 IN
2071 317 2431 383 PSALMOS.
3509 318 3644 385 1210

396 428 461 533 ἐκ
487 423 581 533 τοῦ
625 423 856 494 οὐρανοῦ
889 423 1165 494 διέκυψεν,
1206 425 1368 498 ἡνίκα
1405 428 1539 496 ἡμῖν
1585 429 1724 498 μετά
1768 428 1966 500 σαρκὸς
1995 433 2027 489 Α

2131 440 2161 495 ι,
2179 432 2381 533 .quihde
2409 431 2873 505 ctelo‘prospexit,
2910 436 3132 506 quando
3151 435 3220 490 ad
3252 449 3354 487 nos
3398 433 3453 488 in
3479 449 3645 488 carne

398 515 767 586 ἐπεδήμησεν.
795 515 1006 585 Ὠσπερ
1037 515 1144 586 γὰρ
1171 517 1199 569 6
1230 516 1608 586 παρακύπτων
1629 518 1724 587 ἀφ’
1758 517 1967 589 ὑψηλοῦ

2131 521 2238 575 εηίι.
2271 520 2737 586 Quemadmodum
2765 529 2908 582 enim
2934 529 3029 599 qui
3058 545 3125 585 ex
3149 528 3258 583 alto
3282 524 3406 580 loco
3431 524 3644 594 prospi-

397 605 586 670 τόπου,
621 607 733 661 ἄνω
765 606 964 675 μένων,
990 608 1140 661 κάτω
1168 610 1234 679 τῇ
1271 608 1523 680 ἐνεργείᾳ
1546 608 1793 677 γίνεται,
1828 610 1973 664 οὕτω

2131 615 2164 673 t,
2197 624 2414 662 sursum
2462 625 2708 675 manens,
2740 628 2839 682 per
2866 617 3238 684 operationem
3291 628 3444 668 suam
3480 612 3646 665 deor-

399 695 497 750 καὶ
534 697 563 748 6
598 695 832 766 Χριστὸς
863 697 921 748 ἐν
970 696 1081 760 τοῖς
1110 695 1336 761 κόλποις
1382 697 1475 751 τοῦ
1520 699 1735 770 Πατρὸς
1772 699 1971 770 μένων,

2131 710 2192 748 un
2219 695 2289 749 sit
2324 713 2337 749 :
2370 695 2448 749 sic
2494 698 2654 750 etiam
2685 698 2932 754 Christus
2963 702 3015 755 in
3034 703 3156 757 sinu
3193 701 3367 754 Patris
3397 710 3645 756 manens.

402 788 468 890 ﬁl
493 788 594 890 ,γῇ
639 786 740 890 ’δξά
780 786 1370 890 σαρκδςιὶπεξήμησε.
1411 788 1572 852 Τίνος
1622 790 1826 861 χάρινς
1865 791 1976 845 Τοῦ

2131 802 2174 840 2r
2221 802 2438 841 carnem
2475 788 2753 843 descendit
2777 790 2831 844 in
2873 799 3095 846 terram.
3128 792 3296 863 Cujus
3330 791 3409 845 rei
3433 786 3647 860 gratia?

404 878 653 980 again-sl
680 878 811 932 ἐστι
843 877 1095 944 συνιὼν,
1124 877 1162 947 ἢ
1189 876 1450 946 ἐκζητῶν
1486 881 1595 933 τὸν
1628 884 1798 937 Θεόν.
1834 883 1978 935 Οὐκ-

2131 891 2133 928 ῖ
2163 880 2356 945 videat,
2385 881 2432 934 si
2458 891 2530 934 est
2563 882 2879 954 intelligens,
2905 893 2998 937 aut
3032 886 3299 955 requirens
3323 884 3509 937 Deum.
3543 880 3648 935 Ita-

406 968 500 1023 οῦν
530 968 591 1022 οὐ
630 969 729 1032 τὰς
776 969 1006 1039 πράξεις
1042 969 1297 1023 τοσοῦτον
1318 969 1425 1023 τῶν
1454 970 1758 1041 ἀνθρώπων
1781 972 1982 1042 κατῆλ-

2131 987 2185 1026 1e
2235 987 2344 1025 non
2373 984 2479 1027 tam
2524 973 2764 1027 actiones
2788 975 3069 1029 hominum
3116 976 3458 1045 inspecturus
3481 971 3649 1025 adve-

404 1057 498 1113 θεν
530 1058 950 1129 ἐπισκέψασθαι,
974 1059 1098 1112 ὅσον
1122 1059 1251 1112 ίδεῖν
1280 1060 1334 1112 εί
1351 1076 1472 1113 τινα
1494 1060 1629 1123 ὅλως
1651 1060 1983 1130 θεογνωσίαν

2131 1065 2204 1131 it,
2272 1080 2435 1135 quam
2488 1073 2549 1118 ut
2614 1065 2794 1120 videat
2846 1052 3062 1120 iutrum
3127 1064 3351 1120 omnino
3414 1062 3648 1132 aliquam

417 1148 658 1221 ἔχουσιν,
715 1152 763 1203 εἰ
803 1151 863 1204 ἐν
897 1151 1081 1203 πίστει
1121 1150 1214 1203 τὸν
1251 1150 1385 1204 Θεὸν
1411 1149 1725 1223 ἐκζητοῦσι.

2131 1155 2177 1209 ei
2220 1154 2468 1208 notitiam
2497 1154 2764 1225 Lhabeant,
2812 1153 2866 1208 hi
2903 1155 2997 1225 qui
3034 1155 3088 1210 in
3132 1155 3236 1211 ﬁde
3262 1153 3432 1210 Deum
3470 1152 3653 1222 requi-

2084 1252 2234 1300 runt.

486 1346 506 1381 σ
545 1329 683 1400 Οὐχὶ
705 1326 1010 1398 γνώσονται
1042 1328 1265 1393 πάντες.
1308 1346 1329 1381 ι

2153 1332 2321 1388 Vens.
2359 1334 2414 1388 5.
2458 1351 2476 1385 ι
2512 1334 2704 1389 Nonne
2732 1334 2904 1389 scient
2930 1348 3144 1390 omnes.
3190 1352 3209 1385 ι

481 1420 693 1484 Πάντες
728 1421 827 1491 μὲν
856 1421 907 1473 οί
942 1422 1069 1484 τοὺς
1108 1422 1344 1491 πένητας
1377 1419 1711 1486 ἀδικοῦντες,
1757 1421 1854 1475 καὶ
1916 1419 1987 1475 τὰ

2155 1422 2359 1480 Omnes
2408 1424 2499 1494 qui
2541 1426 2872 1495 pauperibus
2914 1425 3169 1495 iniuriam
3212 1422 3457 1477 inferunt
3493 1428 3547 1476 et
3572 1434 3662 1476 res

412 1513 507 1618 ¹ἰοῦ
524 1512 772 1618 ’πλησίον
799 1513 1159 1584 ἁρπάζοντες,
1193 1512 1587 1601 βρώσειάρτου
1616 1514 1708 1566 τὸν
1729 1512 1859 1567 λαὸν
1889 1512 1985 1566 τοῦ

2131 1515 2322 1572 roximi
2349 1514 2630 1585 diripiunt,
2660 1516 2781 1570 cibo
2804 1516 2962 1585 panis
2989 1514 3250 1584 populum
3274 1512 3370 1567 Dei
3399 1513 3665 1566 devorare

416 1605 553 1660 Θεοῦ
608 1604 811 1659 ἐσθίειν
870 1605 1101 1667 εἰκότως
1131 1606 1378 1672 λέγονται
1424 1619 1439 1635 ·
1490 1605 1697 1675 τροφὴν
1743 1603 1850 1676 γὰρ
1892 1603 1991 1674 τῆς

2131 1609 2285 1663 terito
2306 1607 2563 1663 dicuntur
2601 1623 2616 1660 :
2645 1621 2770 1661 nam
2799 1622 2900 1675 pro
2931 1606 3175 1660 avaritiae
3205 1619 3319 1658 suae
3345 1603 3546 1674 pabulo
3568 1602 3666 1656 han

419 1697 629 1753 ἑαυτῶν
674 1695 986 1762 πλεονεξίας
1033 1694 1134 1767 τὴν
1192 1694 1438 1761 ἀδικίαν,
1481 1695 1578 1766 τὴν
1628 1697 1709 1758 είς
1745 1694 2027 1771 ἐκείνουςι

2131 1709 2225 1757 ent
2241 1699 2563 1771 iniustitiam
2584 1740 2603 1765 ,
2628 1713 2789 1769 quam
2816 1698 2871 1751 in
2898 1696 3045 1767 ipsos
3073 1702 3352 1751 exercent.
3383 1691 3666 1750 Existima-

419 1785 624 1856 ἔχουσι.
647 1785 908 1857 Νομίσεις
943 1785 1000 1838 δέ
1055 1783 1289 1869 μάλιστα
1335 1785 1463 1846 τοὺς
1496 1783 1862 1846 διδασκάλουςι
1882 1783 1988 1837 τῶν
2023 1783 2027 1817 ¹

2131 1796 2174 1851 is
2204 1806 2386 1850 autem
2413 1793 2755 1864 potissimum
2779 1792 2897 1848 haec
2923 1790 3030 1845 dici
3063 1789 3129 1843 de
3154 1785 3428 1858 magistris
3449 1783 3664 1839 Judaeo-

431 1877 703 1931 Ἰουδαίων
740 1874 1019 1944 λέγεσθαι.
1064 1874 1235 1946 ’Υπὲρ
1261 1874 1370 1945 γὰρ
1411 1874 1686 1943 ἀγνωσίας
1704 1875 1798 1930 τὸν
1826 1875 1992 1946 νόμον

2131 1904 2232 1943 um.
2281 1887 2419 1942 Nam
2466 1884 2558 1955 qui
2597 1884 2666 1939 ab
2717 1880 3016 1954 ignorantia
3053 1879 3226 1948 legem
3269 1870 3665 1945 quodammodo

421 1972 497 2036 ὡς
533 1970 754 2023 ἐδόκουν
802 1966 1149 2030 ἐκδικοῦντες
1177 2006 1193 2031 ,
1222 1969 1287 2037 τῇ
1310 1966 1366 2019 δὲ
1397 1965 1552 2038 ῦϐρει
1581 1966 1675 2020 τοῦ
1703 1967 1993 2038 νομοθέτου

422 2061 656 2133 ἀνομίαν
684 2059 1067 2132 ἐργαζόμενοι,
1097 2051 1242 2113 οῦτοι
1265 2057 1356 2111 τὸν
1376 2056 1504 2112 λαὸν
1534 2057 1626 2111 τοῦ
1650 2058 1786 2111 Θεοῦ
1810 2058 1997 2129 ἢσθιον

426 2151 626 2224 βρώσει
655 2152 846 2222 ἄρτου,
884 2149 1048 2203 ἕνεκα
1086 2148 1403 2218 πλησμονῆς
1436 2148 1529 2201 καὶ
1556 2147 1999 2218 γαστριμαργίας

425 2241 1041 2317 προσωποληπτοῦντες,
1065 2241 1161 2294 καὶ
1192 2241 1282 2294 τὸν
1331 2240 1491 2311 νόμον
1525 2241 1583 2294 ἐν
1607 2240 1685 2312 τῷ
1728 2240 2002 2294 διδάσκειν

428 2335 883 2407 παραϐαίνοντες.

498 2424 635 2494 Περὶ
679 2423 789 2477 τῶν
831 2420 1099 2475 Ἰουδαίων
1135 2422 1329 2490 λέγει·
1351 2422 1443 2475 τὸν
1472 2418 1580 2490 γὰρ
1622 2418 1834 2491 ἀληθῶς
1870 2419 2002 2473 Θεὸν

428 2516 520 2569 τὸν
554 2515 790 2587 Χριστὸν
818 2515 918 2567 οὐκ
944 2514 1370 2577 ἐπεκαλέσαντο,
1406 2514 1500 2567 καὶ
1531 2511 1879 2582 ἐφοϐήθησαν
1910 2511 2005 2580 φό-

432 2610 526 2661 ϐον
554 2608 827 2678 περιττὸν,
862 2606 991 2660 ἔνθα
1020 2607 1121 2659 οὐκ
1149 2602 1218 2677 ἦν
1248 2604 1431 2675 φόϐος,
1458 2605 1546 2657 ὅτε
1574 2603 1711 2671 πρὸς
1739 2602 2003 2672 ἀλλήλους

434 2700 619 2769 ελεγον
644 2714 661 2731 ο
717 2700 861 2752 Ἐὰν
900 2697 1174 2767 ἐάσωμεν
1216 2697 1324 2751 τὸν
1371 2696 1686 2763 ἄνθρωπον
1741 2694 1959 2748 τοῦτον
1986 2734 2001 2760 ,

437 2792 697 2860 ἥξουσιν
728 2793 783 2844 οἱ
821 2789 1108 2858 Ῥωμαῖοι,
1146 2789 1247 2843 καὶ
1296 2787 1552 2857 ἀροῦσιν
1578 2786 1747 2856 ἡμῶν
1776 2786 1884 2840 τὸν
1912 2787 2007 2841 τό·

2094 1979 2374 2035 vindicare
2395 1977 2736 2040 videbantur,
2774 1973 2869 2029 sed
2901 1972 2970 2027 ad
3002 1967 3337 2041 legislatoris
3371 1971 3665 2020 contume-

2096 2070 2221 2125 liam
2272 2067 2639 2139 operabantur
2659 2064 3037 2134 iniquitatem;
3065 2059 3122 2114 hi
3147 2058 3268 2115 cibo
3307 2055 3463 2126 panis
3490 2053 3666 2125 legem

2098 2162 2194 2217 Dei
2237 2160 2594 2223 devorabam,
2646 2156 2774 2211 dum
2832 2169 2944 2224 prae
3005 2148 3302 2207 saturitatis
3347 2160 3414 2201 ac
3461 2143 3670 2199 ventris

2096 2252 2282 2308 studio
2343 2262 2606 2320 personas
2654 2245 2985 2315 acciperent,
3029 2249 3088 2297 et
3125 2240 3181 2294 in
3211 2235 3461 2294 docendo
3495 2235 3668 2305 legem

2101 2341 2392 2398 violarent.
2448 2406 2455 2407 ί

2173 2432 2249 2486 De
2277 2428 2478 2484 Judaais
2523 2425 2784 2496 loquitur,
2827 2423 2920 2493 qui
2958 2421 3237 2477 Christum
3274 2432 3467 2474 verum
3499 2414 3670 2471 Deum

2103 2535 2213 2575 non
2238 2519 2581 2579 invocarunt,
2613 2524 2668 2571 et
2697 2514 2997 2568 timuerunt
3020 2511 3215 2566 timore
3239 2518 3672 2578 supervacaneo,

2105 2610 2197 2666 ubi
2228 2624 2336 2664 non
2369 2615 2488 2662 erat
2535 2606 2714 2671 timor,
2749 2602 2968 2673 quando
2997 2599 3062 2655 ad
3100 2598 3336 2655 invicem
3365 2596 3625 2652 dicebant
3660 2609 3675 2647 :

2107 2704 2167 2761 Si
2195 2703 2506 2759 dimittimus
2535 2700 2669 2754 hunc
2697 2698 2978 2760 hominem,
2999 2694 3202 2748 venient
3230 2688 3476 2754 Romani,
3506 2694 3557 2740 et
3581 2684 3681 2739 tol-

2109 2797 2215 2849 lent
2250 2793 2484 2848 nostrum
2524 2789 2694 2844 locum
2743 2794 2792 2842 et
2830 2794 3032 2857 gentem
3052 2783 3118 2837 ⁸⁷.
3151 2780 3538 2837 Verumtamen
3577 2777 3684 2831 hoc

436 2898 553 2938 πον
577 2882 673 2937 καὶ
706 2880 772 2934 τὸ
804 2881 996 2948 ἔθνος.
1025 2882 1218 2936 Καίτοι
1248 2882 1347 2935 οὐκ
1400 2879 1466 2934 ἂν
1492 2878 1645 2932 τοῦτο
1683 2879 1891 2946 ἐγίνετο
1910 2917 1924 2941 ,
1959 2879 2008 2931 εί

2131 2884 2331 2938 ninime
2359 2880 2653 2943 evenisset,
2697 2876 2740 2931 si
2765 2875 2924 2931 ﬁdem
2956 2876 3010 2929 in
3039 2873 3215 2943 ipsUm
3240 2867 3682 2926 custodivissent.

437 2974 535 3045 τὴν
580 2975 659 3038 είς
725 2974 887 3028 αὑτὸν
941 2973 1123 3026 πίστιν
1182 2970 1473 3040 ἐφύλαξαν.
1530 2970 1762 3038 Ὁμοίως
1807 2969 1864 3023 δὲ
1914 2968 2012 3024 καὶ⁵

2131 2973 2283 3032 Simili
2331 2985 2548 3043 quoque
2585 2968 2794 3023 ratione
2843 2978 3035 3021 omnes
3082 2963 3336 3016 homines
3377 2957 3468 3027 qui
3515 2954 3684 3009 Deum

440 3066 639 3130 πάντες
669 3064 946 3135 ἄνθρωποι
985 3063 1096 3116 ὅσοι
1125 3062 1217 3115 τὸν
1245 3061 1380 3115 Θεὸν
1418 3059 1790 3114 ἐπικαλεῖσθαι
1839 3059 2011 3132 ρᾳθυ-

2133 3077 2369 3123 nvocare
2393 3061 2697 3132 negligunt,
2732 3071 2844 3127 pra:
2872 3051 3252 3109 incredulitate
3282 3049 3337 3103 in
3373 3047 3545 3101 Deum
3573 3059 3687 3098 non

444 3156 667 3227 μοῦσιν,
699 3154 758 3209 ὸν
790 3154 889 3225 μὲν
924 3154 1007 3207 δεῖ
1034 3152 1197 3223 φόϐον
1233 3153 1294 3205 οὐ
1339 3150 1649 3220 φοϐοῦνται,
1676 3151 1743 3221 τῇ
1773 3149 1852 3212 είς
1877 3147 2009 3202 Θεὸν

2131 3159 2311 3214 Liment
2331 3155 2523 3210 timore
2553 3167 2661 3223 quo
2694 3154 2909 3220 oportet
2937 3164 2952 3202 :
2989 3145 3047 3200 in
3078 3157 3277 3199 vanum
3306 3148 3489 3195 autem
3515 3137 3690 3191 minas

441 3249 688 3321 ἀπιστία.
740 3247 1036 3301 Φοϐοῦνται
1090 3244 1147 3298 δὲ
1191 3243 1369 3315 μάτην
1425 3242 1519 3307 τὰς
1555 3242 1664 3296 τῶν
1705 3238 2011 3311 ἀνθρώπων

2131 3251 2398 3307 hominum
2440 3254 2497 3302 et
2539 3243 2883 3300 inimicorum
2950 3234 3221 3309 potentias
3267 3238 3560 3293 metuunt,
3592 3240 3693 3280 ne-

442 3319 691 3405 ἀπειλὰς,
723 3340 817 3394 καὶ
861 3339 961 3400 τὰς
985 3337 1093 3392 τῶν
1132 3335 1346 3409 ἐχθρῶν
1377 3333 1717 3397 δυναστείας,
1748 3332 1848 3386 οὐκ
1880 3331 2015 3386 εἰδό-

2131 3345 2352 3400 scientes
2382 3341 2483 3396 ista
2512 3337 2648 3393 nihil
2682 3334 2842 3391 nobis
2873 3330 3089 3387 oﬂicere
3149 3323 3373 3397 quando
3395 3319 3694 3391 propitium

443 3451 535 3497 τες
580 3432 759 3486 ταῦτα
790 3432 955 3502 μηδὲν
978 3432 1125 3501 ἡμᾶς
1149 3471 1164 3497 ,
1200 3430 1326 3483 ὅταν
1354 3427 1553 3498 ἔχομεν
1580 3426 1682 3497 τὴν
1727 3425 2014 3496 εὐμένειαν

444 3523 539 3577 τοῦ
570 3521 730 3586 Θεοῦ,
765 3519 1246 3591 παραϐλάπτοντα.
1282 3514 1787 3587 Ἀνθρωπαρέσκων
1809 3513 1865 3566 δὲ
1887 3512 2017 3585 περὶ

446 3612 651 3667 τούτων
706 3611 896 3678 λέγει·
952 3610 1043 3663 ἀεὶ
1089 3611 1198 3676 γὰρ
1241 3609 1356 3669 τοῖς
1401 3604 1710 3676 ἀνθρώποις
1757 3603 2018 3675 ἀρέσκειν

452 3704 601 3771 παρά
628 3702 719 3755 τὸν
742 3700 873 3753 Θεὸν
902 3698 1202 3768 βούλονται,
1232 3691 1308 3750 ὧν
1338 3699 1367 3749 6
1395 3696 1527 3759 Θεὸς
1546 3697 1614 3748 τὰ
1635 3692 1790 3760 ὀστᾶ,
1817 3694 2018 3765 δηλαδὴ

448 3792 546 3853 τὰς
571 3789 739 3858 φυλὰς
775 3787 1143 3857 διεσκόρπισε.
1167 3786 1717 3854 Κατησχύνθησαν.
1778 3787 1878 3837 Ὃν
1911 3784 2021 3852 γὰρ

451 3882 642 3952 νεκρὸν
676 3878 954 3943 καλοῦσιν,
997 3877 1103 3932 ὑπὸ
1128 3877 1323 3930 τούτου
1352 3875 1655 3930 διώκονται.
1687 3874 1770 3928 Τὰ
1793 3874 1852 3927 δὲ
1884 3873 2024 3928 αὐτά

454 3971 547 4025 καὶ
580 3972 692 4033 τοῖς
747 3967 1004 4037 τυχοῦσιν
1050 3965 1536 4037 ἀνθρωπαρὲσκοις
1571 3965 1869 4037 ἐπέρχεται
1901 3979 1918 3994 ο
1948 3963 2023 4017 τὰ

456 4063 563 4131 γὰρ
596 4060 732 4113 ὀστᾶ
782 4057 984 4122 αὐτῶν,
1018 4060 1299 4111 τουτέστιν
1358 4057 1388 4110 6
1424 4055 1651 4121 πλοῦτος
1698 4056 1790 4108 καὶ
1827 4056 1860 4126 ἡ
1900 4053 2027 4121 δόξα

459 4153 564 4209 ὑπὸ
598 4150 732 4206 Θεοῦ
762 4149 1134 4220 σκορπίζεται.

528 4248 627 4302 Διὰ
663 4247 714 4299 τί
759 4243 865 4298 ἀπὸ
897 4242 997 4314 τῆς
1028 4242 1168 4295 Σιὼν
1188 4282 1202 4307 ,
1240 4239 1335 4295 καὶ
1376 4241 1475 4295 οὐκ
1518 4238 1626 4294 ἀπὸ
1650 4237 1743 4293 τοῦ
1774 4236 2028 4309 οὐρανοῦ,

460 4340 561 4394 οὐκ
608 4336 717 4391 ἀπὸ
760 4332 857 4387 τοῦ
915 4331 1065 4397 ναοῦ,
1094 4332 1192 4385 οὐκ
1218 4331 1327 4385 ἀπὸ
1359 4331 1460 4402 τῆς
1500 4329 1761 4395 κιϐωτοῦ,
1794 4330 1895 4382 οὐκ
1924 4328 2034 4383 ἀπὸ

462 4432 571 4486 τῶν
603 4428 772 4498 ἁγίων
790 4428 818 4480 6
837 4426 1129 4498 Προφήτης
1146 4425 1206 4478 τὸ
1221 4426 1486 4496 σωτήριον
1514 4421 1732 4493 εὔχεται
1756 4439 1774 4490 ;
1813 4420 2032 4489 Ἐπειδὴ
2067 4451 2110 4506 D

465 4525 583 4579 ἐκεῖ
605 4522 736 4593 ἡμῖν
752 4517 1030 4572 ἁπέδωσεν
1054 4519 1082 4571 6
1107 4516 1341 4588 Χριστὸς
1369 4515 1431 4569 τὸ
1458 4515 1684 4587 ἀρχαῖον
1706 4511 2027 4585 ἐμφύσημα.

467 4616 647 4684 Ὅπερ
700 4608 861 4679 δῆλον
895 4607 1176 4679 ἐπήγαγεν
1204 4622 1220 4638 ο
1260 4605 1363 4660 Ἕν
1394 4602 1475 4670 τῷ
1518 4601 1876 4671 ἐπιστρέψαι
1917 4600 2037 4654 Κύ-

459 4723 619 4779 pter.

550 4797 1001 4872 ᾘχμαλώτευσεν
1036 4790 1145 4861 γὰρ
1189 4785 1348 4860 ἡμῶν
1391 4789 1418 4839 6
1448 4785 1689 4846 Σατανᾶς
1714 4782 1781 4835 δι’
1822 4777 2043 4847 ἀπάτης

470 4893 569 4964 τὴν
584 4869 883 4945 ’κοινωνίαν
912 4884 1006 4940 τοῦ
1039 4880 1357 4951 Πνεὺματος
1390 4894 1404 4908 ο
1429 4876 1546 4930 ἀλλ’
1574 4876 1603 4929 6
1622 4874 1857 4944 Χριστὸς
1875 4869 2045 4939 αὐτὴν

472 4961 536 5037 ἐν
556 4985 623 5054 τῇ
648 4981 787 5036 Σιὼν
803 4978 1065 5039 ,ἀπέδωκε
1094 4972 1185 5027 διὰ
1202 4969 1297 5023 τοῦ
1331 4968 1441 5022 τῶν
1471 4964 1780 5021 ἀποστόλων
1802 4961 2048 5031 ἐμφυσή-

480 5092 668 5147 ματος.
710 5073 809 5126 Διὰ
842 5072 896 5124 τί
940 5069 997 5123 δέ
1040 5064 1238 5120 Ἰακὼϐ
1268 5103 1281 5125 ,
1322 5059 1711 5129 ἀγαλλιάσεται
1756 5054 2045 5125 πρότερον,

478 5142 576 5219 καὶ
598 5167 719 5219 τότε
753 5161 970 5234 Ἰσραὴλ
1001 5154 1459 5228 εὐφρανθήσεται,
1492 5149 1609 5210 ἐνὸς
1632 5146 1823 5234 ὄντοςς
1861 5142 2047 5234 "Crte:-

477 5255 544 5327 δὴ
601 5252 796 5308 Ἰακὼϐ
832 5227 1208 5317 ’πτερνιστὴς
1270 5237 1669 5312 ἑρμηνεύεται,
1718 5228 1935 5302 Ἰσραὴλ
1989 5227 2047 5281 δὲ

477 5320 628 5410 νοῦς
655 5342 809 5412 δρῶν
837 5342 1003 5395 Θεόν.
1034 5337 1328 5409 Χρῄζομεν
1365 5332 1423 5385 δὲ
1451 5325 1773 5398 πτερνισταῖ.
1792 5320 2047 5393 γενέσθαι

484 5438 751 5507 πρότερον
772 5473 788 5495 ,
820 5431 1068 5486 τουτέστι
1096 5425 1340 5481 διαϐόλου
1365 5462 1379 5489 ,
1410 5422 1504 5474 καὶ
1553 5418 1676 5472 τότε
1728 5416 1887 5486 ήμῶν
1920 5415 1948 5466 6
1975 5412 2055 5463 δι-

482 5501 756 5598 ωρατικὸς
787 5520 911 5584 νοῦς
930 5522 997 5590 τῇ
1026 5517 1169 5572 κατά
1184 5514 1285 5586 τὴν
1309 5513 1541 5580 δύναμιν
1563 5506 1656 5562 τοῦ
1684 5504 1821 5558 Θεοῦ
1850 5501 2055 5572 θεωρία

485 5615 856 5689 εὐφραίνεται.

561 5736 604 5769 ⁸⁷
632 5734 787 5791 Joau.
816 5749 889 5799 χι,
922 5729 989 5784 48
1086 5718 1308 5779 "Joan.
1337 5734 1422 5784 xx,
1449 5716 1539 5769 22.

2122 3435 2385 3492 habemus
2414 3432 2607 3487 Deum.
2638 3427 2903 3498 Loquitur
2932 3429 3110 3477 autem
3140 3419 3208 3475 de
3236 3416 3304 3472 iis
3332 3414 3425 3485 qui
3452 3409 3695 3467 homini-

2121 3527 2226 3583 bus
2257 3524 2473 3597 placere
2514 3521 2768 3586 student,
2799 3515 3066 3586 siquidem
3095 3510 3154 3565 hi
3210 3521 3427 3577 semper
3456 3501 3697 3558 homini-

2124 3620 2227 3674 bus
2267 3632 2380 3687 praa
2426 3615 2539 3670 Deo
2585 3614 2801 3684 placere
2837 3610 3048 3672 volunt;
3084 3615 3318 3673 quorum
3359 3599 3503 3651 Deus
3548 3606 3695 3657 ossa,

2126 3708 2181 3762 id
2207 3683 2290 3761 est
2339 3704 2537 3768 tribus,
2577 3698 2856 3769 dispersit.
2897 3693 3114 3765 Confusi
3163 3696 3306 3743 sunt.
3359 3683 3494 3737 Nam
3534 3694 3696 3749 quem

2127 3803 2401 3849 mortuum
2434 3789 2745 3862 appellant,
2789 3788 2858 3841 ab
2895 3787 3000 3843 hoc
3043 3781 3389 3835 infestantur.
3430 3772 3698 3826 Caeterum

2129 3886 2246 3939 hare
2274 3860 2482 3939 eadem
2502 3893 2716 3949 quoque
2762 3874 3063 3946 quibusvis,
3091 3869 3185 3939 qui
3224 3864 3539 3921 hominibus
3582 3860 3702 3930 pla-

2130 3985 2276 4041 cent,
2333 3974 2594 4029 eveniunt
2632 3979 2646 4025 :'
2682 3986 2805 4025 ossa
2855 3967 3000 4022 enim
3035 3954 3333 4029 eorum,'id
3372 3967 3458 4013 est
3474 3955 3700 4017 divitiae,

2133 4075 2188 4123 et
2216 4064 2385 4139 gloria
2406 4080 2436 4119 a
2461 4063 2573 4117 Deo
2606 4060 2961 4129 dissipantur.

2210 4219 2321 4277 Cur
2346 4234 2414 4273 ex
2459 4216 2612 4280 Sion,
2637 4220 2693 4268 et
2732 4226 2841 4267 non
2880 4225 2923 4281 a_
2947 4206 3110 4271 creto,
3142 4218 3254 4258 non
3285 4216 3314 4255 a
3344 4196 3705 4267 templornon
3804 4239 3821 4248 -

2139 4315 2206 4371 ab
2234 4328 2375 4380 arca,
2424 4325 2535 4364 non
2568 4323 2599 4362 a
2636 4303 2839 4361 sanctis
2874 4300 3139 4372 propheta
3179 4295 3412 4351 salutare
3451 4291 3711 4359 depreca-

2143 4406 2267 4463 tur?
2305 4403 2441 4471 Quia
2479 4399 2738 4456 nimirum
2780 4395 2890 4451 illic
2929 4393 3209 4461 antiquam
3257 4386 3417 4440 nobis
3459 4381 3712 4438 Christus

2138 4468 2549 4568 inspirationem
2576 4488 2818 4545 tradidit.
2840 4483 2993 4551 Quod
3022 4481 3213 4551 utique
3233 4472 3518 4547 subiunxit
3542 4490 3556 4525 :
3582 4468 3713 4527 Cum

2142 4587 2447 4645 converterit
2479 4582 2756 4637 Dominus.

2211 4762 2440 4819 Satanas
2480 4755 2740 4811 nimirum
2776 4766 2873 4822 per
2923 4745 3303 4817 deceptionem
3349 4742 3721 4812 captivaverat

2146 4864 2388 4911 nostram
2414 4849 2650 4921 Spiritus
2670 4841 3174 4916 participationem;
3206 4836 3300 4891 sed
3322 4835 3572 4889 Christus
3601 4845 3720 4885 eam

2146 4947 2202 5001 in
2268 4945 2400 4999 Sion
2454 4917 2711 5002 restituit,
2754 4934 2972 5004 quando
3024 4927 3284 4999 apostolis
3318 4921 3613 4979 insuﬂlavit
3652 4917 3720 4972 ’⁸.

2146 5038 2258 5093 Cur
2293 5044 2475 5090 autem
2509 5031 2675 5087 Iacob
2701 5028 2853 5099 prior
2885 5021 3197 5080 exsultabit.
3234 5033 3298 5072 ac
3323 5014 3521 5070 deinde
3560 5008 3724 5064 Israel

2148 5127 2440 5189 laetabitur,
2496 5130 2625 5179 cum
2651 5134 2795 5175 unus
2844 5116 3097 5183 idemque
3147 5108 3262 5165 sit?
3297 5104 3434 5170 Quia
3466 5099 3724 5155 nimirum

2155 5221 2321 5276 Jacob
2348 5202 2714 5286 supplantdtor
2746 5210 3134 5277 interpretatur
3159 5240 3173 5264 ,
3200 5195 3363 5252 Israel
3404 5206 3536 5247 vero
3581 5203 3726 5243 mens

2161 5312 2350 5365 videns
2381 5280 2573 5360 Deum.
2610 5303 2879 5357 Debemus
2908 5295 3051 5350 enim
3082 5290 3234 5361 prius
3269 5284 3382 5339 ﬁeri
3412 5280 3728 5351 supplanta-

2162 5411 2330 5462 tores,
2378 5394 2584 5451 scilicet
2632 5386 2871 5450 diaboli;
2932 5397 2997 5437 ac
3059 5388 3189 5434 tunc
3234 5371 3520 5443 perspicax
3571 5380 3731 5421 mens

2163 5457 2350 5547 nostra
2406 5499 2505 5558 pro
2546 5480 2752 5538 viribus
2776 5475 2890 5532 suis
2942 5470 3040 5526 Dei
3079 5459 3540 5533 contemplatione
3583 5457 3733 5512 laeta-

2166 5598 2271 5639 tur.
