4044 6228
496 282 629 354 1ἳῖ3

1054 412 1348 471 ΨΑΛΜΟΣ
1375 418 1499 475 NA’.

562 513 581 547 ι
613 494 707 562 Εἰς
733 494 795 550 τὸ
822 495 978 565 τέλος
995 538 1011 567 ,
1039 503 1099 558 ὲν
1128 503 1320 576 ὕμνοις
1352 512 1624 577 συνέσεως
1650 513 1727 585 τῷ
1748 516 1930 572 Δαυῖδ.
1965 537 1985 570 ι

550 673 764 728 Σκοποῦ
810 676 906 732 τοῦ
946 678 1113 734 αὑτοῦ
1160 683 1258 738 καὶ
1287 684 1317 736 6
1345 683 1560 756 ψαλμὸς
1588 688 1618 740 6
1646 688 1904 760 ἐχόμενος
1941 689 2059 762 ἐχεμ-

478 779 596 853 ταιο
635 765 933 839 διαγράφει
961 771 1070 844 γὰρ
1099 772 1189 827 τὸν
1223 774 1282 830 ὲν
1316 782 1641 849 πειρασμοῖς
1670 780 2057 853 ἐξεταζόμενον

478 852 766 923 ἄνθρωπον
786 873 800 887 ·
850 858 1041 930 διόπερ
1074 860 1267 932 ὑμνεῖν
1315 865 1454 935 μετά
1486 865 1753 929 συνέσεως
1778 868 1870 922 τὸν
1896 852 2056 923 δυνά·

479 962 641 1014 μενον
668 947 1033 1022 ἐλευθερῶσαι
1068 955 1392 1025 πειρασμῶν
1422 957 1835 1026 ἐπαγγέλλεται.
1870 959 2055 1031 Σαφὴς

474 1039 530 1092 δὲ
576 1042 668 1094 καὶ
712 1043 821 1098 τῶν
848 1046 1197 1103 Δεσποτικῶν
1246 1050 1434 1106 παθῶν
1477 1052 1510 1122 ἡ
1548 1054 1855 1124 προφητεία
1889 1054 2053 1125 πρόσθε⁵

472 1145 675 1187 κειται.

548 1241 567 1273 ι
591 1225 941 1291 Ἐνιὶντισαι,ό
969 1229 1121 1297 Θεὸς,
1142 1231 1240 1303 τὴν
1265 1237 1575 1307 προσευχήν
1607 1253 1730 1305 μου.
1747 1254 1765 1287 ι

542 1313 728 1369 Ταῦτα
755 1317 998 1389 Χριστοῦ
1029 1324 1474 1395 προσευξαμένου
1498 1369 1514 1393 ,
1548 1326 1646 1381 καὶ
1687 1328 1847 1398 ἡμεῖς
1878 1344 2048 1398 προσ-

468 1402 773 1474 ευξὼμεθα,
805 1408 899 1462 καὶ
926 1410 1018 1463 τὸν
1036 1413 1314 1485 Δεσπότην
1343 1417 1391 1469 οί
1414 1416 1609 1484 δοῦλοι,
1644 1419 1735 1472 καὶ
1757 1418 1847 1472 τὸν
1881 1419 2046 1473 πλούο

1561 311 2021 376 FRAGMENTA
2061 314 2143 376 ΙΝ
2184 316 2536 383 PSALMOS.

2093 430 2142 490 Α
2722 434 2999 492 PSALML’
3011 435 3048 491 S
3077 433 3207 491 LIV.

3606 326 3743 390 1:214

2231 521 2467 579 Vens.i.
2520 543 2535 576 ι
2594 525 2653 582 [ιι
2705 525 2889 594 ﬁnem,
2951 529 3005 582 in
3046 526 3383 583 carminibus
3428 527 3738 585 intellectus

2159 610 2351 668 David.
2385 632 2404 664 ι

2229 701 2475 759 Psalmus
2513 705 2603 760 hic
2632 707 2881 763 eumdem
2904 723 3120 778 quoque
3143 721 3367 777 scopum
3398 707 3562 764 habet
3603 705 3733 762 :de-

2158 793 2509 849 scribitenim
2542 796 2821 853 hominem
2864 798 3256 853 tentationibus
3306 798 3674 857 examinatum
3712 815 3727 853 :

2155 893 2442 956 propterea
2466 894 2676 954 monet,
2704 897 2903 944 utcum
2935 888 3287 960 intelligentia
3316 905 3442 944 eum
3465 904 3727 946 canamus

2152 972 2254 1044 illi,
2298 977 2389 1045 qui
2443 993 2473 1033 a
2514 979 3167 1035 tentationibusliherare
3215 980 3407 1050 possit.
3456 980 3722 1036 Caeterum

2151 1067 2441 1137 perspicua
2474 1084 2695 1140 quoque
2764 1068 3169 1125 Dominicarum
3225 1068 3539 1141 passionum
3599 1080 3729 1140 pro-
3776 1131 3784 1143 ,

2149 1156 2335 1227 phetia
2364 1159 2708 1229 proponitur.
3026 1212 3032 1221 ,

2218 1245 2378 1305 Vens.
2410 1248 2466 1304 2.
2496 1269 2514 1302 ι
2547 1247 2775 1315 Exaudi,
2799 1247 2941 1305 Deus
2971 1289 2986 1317 ,
3009 1249 3312 1306 orationem
3337 1264 3532 1305 meam.
3585 1269 3603 1303 ι

2215 1336 2433 1395 Christo
2449 1338 2568 1395 haec
2596 1347 2787 1396 orante
2816 1356 2919 1397 nos
2944 1343 3154 1414 pariter
3199 1360 3440 1411 oremus,
3471 1352 3526 1398 et
3577 1344 3718 1400 servi

2146 1425 2434 1483 Dominum
2469 1437 2524 1484 et
2551 1430 2773 1487 divitem
2798 1448 3073 1502 pauperes
3103 1433 3385 1488 imitemur
3418 1452 3431 1487 :
3458 1433 3575 1502 ipse
3603 1434 3719 1488 vult

468 1512 584 1592 σιον
611 1498 661 1552 οί
693 1502 900 1572 πτωχοὶ⁵
930 1504 1301 1577 μιμησώμεθα
1321 1524 1334 1538 ·
1366 1509 1528 1574 αὐτὸς
1567 1511 1665 1581 τὴν
1691 1511 1846 1582 ἡμῶν
1876 1527 2020 1583 προσ

2143 1533 2333 1588 preces
2352 1528 2566 1574 nostras
2593 1522 2863 1588 exaudiri,
2892 1533 2948 1576 et
2970 1522 3195 1576 minime
3212 1522 3419 1592 dcspici
3452 1523 3717 1591 depreca-

372 1658 376 1662 ~
464 1589 630 1659 ευχὴν
677 1592 1096 1666 είσακουσθῆναι
1125 1597 1410 1667 βούλεται,
1440 1602 1537 1659 καὶ
1570 1602 1644 1675 μὴ
1677 1604 2016 1675 παρωφθῆνα

2144 1604 2365 1669 tionem,
2386 1619 2506 1675 quae
2527 1621 2626 1675 pro
2647 1605 2821 1661 salute
2848 1607 3067 1678 generis
3090 1589 3335 1672 exsistat,
3363 1623 3487 1661 cum
3512 1589 3582 1661 sit
3602 1608 3715 1677 pri-

461 1678 561 1749 τὴν
592 1680 776 1752 δέησιν
805 1684 946 1754 ὑπὲρ
973 1688 1073 1759 τῆς
1103 1691 1376 1761 σωτηρίας
1402 1692 1493 1746 τοῦ
1524 1694 1716 1761 γένους
1747 1691 1936 1760 οὖσαν,
1964 1695 2020 1758 ὡς

2144 1695 2308 1750 mitia:
2327 1695 2542 1750 illorum
2566 1711 2663 1765 pro
2690 1696 2890 1766 quibus
2915 1696 3029 1751 obit
3066 1696 3413 1767 legationem.
3439 1697 3708 1752 Pra-teren

460 1771 684 1845 ἀπαρχὴ
716 1778 999 1848 τυγχάνων
1028 1756 1127 1836 *ὧν
1166 1756 1731 1857 πρεσϐεύεταιιὉμοϐ
1776 1790 1869 1842 καὶ
1914 1756 2020 1842 τίνι

2138 1786 2302 1842 etiam
2324 1786 2596 1857 quomodo
2625 1786 2892 1841 orandum
2909 1785 2980 1840 sit
3018 1785 3309 1839 ostendere
3336 1785 3519 1840 volens
3553 1801 3564 1836 :
3598 1785 3709 1837 Au-

458 1862 542 1917 δεῖ
571 1867 986 1939 προσεύχεσθαι,
1012 1873 1217 1945 τρόπον
1248 1876 1417 1942 δεῖξαι
1444 1878 1791 1950 βουλόμενος,
1810 1882 2020 1936 Ἐνώτι

2136 1877 2299 1945 ribus,
2325 1876 2518 1948 inquit,
2542 1877 2750 1944 percipe
2769 1916 2785 1941 ,
2817 1885 2864 1931 et
2894 1892 2958 1930 ne
3007 1876 3324 1946 despexeris.
3373 1873 3709 1944 Frequenter

459 1969 583 2014 σαι,
626 1957 781 2025 φησὶ,
822 1960 920 2014 καί
965 1961 1052 2030 μὴ
1102 1965 1410 2035 ὑπερίδῃς.
1440 1969 1706 2034 Πολλάκις
1737 1971 1846 2042 γὰρ
1877 1974 2020 2044 ήμῶι

2133 1968 2278 2023 enim
2311 1976 2555 2022 nostram
2597 1966 2904 2022 orationem
2957 1965 3209 2030 audiens,
3261 1974 3518 2032 tanquam
3582 1964 3707 2018 nul-

456 2047 555 2117 τὴν
592 2054 901 2123 προσευχὴν
938 2056 1201 2123 ἀκούσας,
1235 2061 1312 2124 ὡς
1358 2064 1622 2135 περιττὴν
1665 2067 1758 2118 καὶ
1807 2067 2020 2133 ἀναξίαι

2132 2059 2238 2115 lius
2266 2058 2423 2131 pretii
2451 2068 2507 2115 et
2563 2058 2748 2114 auditu
2802 2072 2904 2113 suo
2931 2057 3231 2129 indignant.
3289 2056 3527 2128 despicit
3572 2055 3705 2122 reji-

455 2137 554 2208 τῆς
586 2139 754 2209 ἀκοῆς
782 2143 970 2211 αὐτοῦ,
1001 2149 1218 2219 παρορᾷ
1245 2151 1340 2204 καὶ
1373 2154 1824 2225 παραπέμπεται.
2131 2152 2334 2222 citque.

531 2248 549 2280 ι
573 2230 882 2306 Ἐλυπήοην
911 2238 967 2290 ἐν
992 2240 1057 2309 τῇ
1089 2239 1371 2313 ἀδολεσχίᾳ
1405 2260 1532 2313 μου.
1555 2262 1575 2296 ι

2202 2242 2361 2298 Vens.
2382 2243 2434 2299 3.
2461 2262 2480 2296 ι
2507 2243 2871 2298 Contristatus
2889 2256 3009 2298 sum
3030 2240 3086 2295 in
3111 2239 3507 2295 exercitatione
3525 2252 3663 2293 mea.
3680 2257 3699 2289 ι

496 2322 773 2390 ΑΛόγισαι,
801 2328 955 2398 φησὶ,
985 2329 1067 2392 τίς
1092 2322 1249 2395 οὗτος
1275 2334 1302 2386 6
1330 2334 1645 2404 εὐχόμενος,
1672 2337 1755 2390 ὅτι
1779 2338 1907 2402 Υἱὸς
1935 2339 2020 2393 τοῦ

2202 2329 2481 2398 Expende,
2516 2329 2713 2400 inquit,
2740 2329 2992 2399 quisnam
3022 2328 3091 2384 sit
3110 2327 3156 2383 is
3184 2328 3277 2398 qui
3332 2335 3472 2391 orat,
3497 2327 3707 2381 scilicet

453 2414 997 2484 Πατρὸς,όμοούσιος
1061 2419 1347 2490 βασιλεὺς,
1379 2423 1512 2477 ἀλλά
1562 2425 1750 2480 δούλου
1813 2430 2020 2500 μορφὴν

2129 2418 2294 2475 Filius
2318 2419 2511 2486 Patris,
2533 2421 2776 2490 ejusdem
2794 2436 2921 2475 cum
2971 2419 3088 2491 ipso
3103 2419 3422 2476 substantiae
3447 2418 3580 2474 Rex.
3607 2418 3704 2473 sed

356 2526 367 2547 κ
450 2505 650 2575 φέρων,
685 2507 772 2561 ἵνα
802 2507 949 2581 σώσῃ
978 2510 1040 2564 τὸ
1072 2511 1292 2582 πλάσμα
1317 2513 1377 2566 τὸ
1401 2513 1689 2586 ἡμέτερον.

507 2682 848 2755 Ἀδολεσχίαν
863 2685 952 2740 τὸν
970 2688 1025 2740 ὲν
1046 2686 1246 2759 Θεωρία
1264 2692 1635 2762 μετεωρισμδν
1662 2692 1829 2762 λέγει,
1845 2694 1904 2748 ὃν
1922 2696 2023 2749 ὑπ·

446 2774 663 2845 ἐμεινεν
693 2779 722 2830 ό
757 2778 982 2849 Κύριος,
997 2782 1064 2835 τά
1086 2781 1367 2853 καθ’ἡμᾶς
1383 2783 1751 2856 λογιζόμενος,
1772 2786 1907 2856 ἐφ’ἀ
1929 2789 2023 2842 καὶ

443 2864 790 2940 ἐταράττετο,
823 2873 906 2926 ὅτι
935 2874 1188 2929 τοσοῦτον
1218 2876 1405 2940 ἀνοίας
1448 2878 1854 2948 προεκόψαμεν,
1880 2881 2021 2935 ὥστε

445 2961 710 3026 σκελίζειν
727 2963 820 3017 τὸν
839 2963 978 3034 ὑπὲρ
1002 2967 1157 3037 ἡμῶν
1172 2967 1454 3039 τρέχοντα,
1480 2971 1684 3023 καὶτὸν
1715 2971 2022 3042 παραγενό-

2126 2508 2351 2564 formam
2376 2510 2516 2565 servi
2540 2525 2754 2581 gerens,
2787 2519 2846 2566 ut
2868 2510 3186 2582 ﬁgmentum
3214 2520 3460 2566 nostrum
3493 2509 3705 2564 salvum

2127 2595 2352 2654 iaceret.

2197 2690 2659 2747 Exercitationem
2697 2701 2859 2748 vocat
2886 2693 3032 2748 illam
3086 2693 3143 2748 in
3177 2692 3492 2748 meditando
3521 2693 3701 2749 eleva-

2125 2780 2355 2847 tionem,
2377 2797 2539 2852 quam
2561 2784 2823 2839 sustinuit
2872 2784 3156 2849 Dominus,
3198 2785 3328 2839 dum
3370 2799 3457 2839 res
3487 2792 3703 2838 nostras

2122 2873 2494 2942 expenderet;
2564 2883 2787 2946 propter
2837 2891 2973 2946 quas
3039 2876 3205 2932 etiam
3251 2875 3701 2940 conturbabatur,

2122 2964 2266 3034 quod
2301 2964 2370 3018 ad
2397 2971 2602 3018 tantam
2659 2966 2990 3020 dementiam
3035 2966 3466 3032 devenissemus,
3510 2966 3691 3032 utilli,

445 3067 605 3121 μενον
635 3052 1048 3118 σῶσαι,τιοέναι
1071 3059 1698 3129 προσκόμματα.Ταῦτα
1725 3062 1817 3116 καὶ
1846 3063 2018 3117 Καϊά-

2125 3051 2217 3121 qui
2243 3066 2339 3122 pro
2365 3052 2522 3107 nobis
2542 3054 2812 3119 currebat,
2838 3069 2998 3110 crura
3046 3053 3488 3121 suceideremus,
3515 3062 3571 3109 et
3593 3055 3696 3108 οι).

441 3160 568 3212 φας,
594 3146 687 3199 καὶ
720 3146 941 3211 Ἰούδας,
967 3149 1124 3203 καὶοί
1154 3152 1407 3223 συνεργοὶ⁸
1438 3153 1859 3224 διεπράττοντο,
1892 3158 2019 3228 περὶ
2055 3143 2099 3161 ν⁴
2125 3144 2328 3198 “acum
2360 3160 2691 3215 Ροηθτεῐηυε
2729 3145 2828 3210 illi,
2868 3146 2962 3216 (Ιυῖ
3010 3145 3077 3200 ad
3124 3144 3453 3200 “nmmum
3528 3143 3698 3199 θάνε·

438 3229 513 3295 ὧν
544 3237 685 3292 κατὰ
711 3239 869 3309 λόγον
911 3243 1218 3313 ἐπήγαγενο
1252 3245 1387 3301 Ἀπὸ
1412 3247 1619 3318 φωνῆς
1642 3249 1879 3318 ἐχθροῦ,
1917 3251 2017 3307 καί

437 3330 556 3386 ἀπὸ
586 3331 850 3401 θλίψεως
883 3334 1265 3404 ἀμαρτωλοῦ·
1300 3337 1492 3408 ἐχθρὸν
1533 3340 1624 3395 τὸν
1654 3341 1910 3413 Καϊάφαν
1933 3343 2020 3397 λέ-

436 3439 574 3491 γων,
601 3422 675 3487 ὼς
724 3425 943 3493 ἀφιέναι
990 3429 1176 3499 φωνὴν
1216 3430 1355 3484 κατά
1402 3432 1494 3485 τοῦ
1539 3433 1791 3504 Σωτῆρος
1840 3436 1899 3488 ὲν
1940 3435 2020 3506 τῷ

437 3515 613 3587 καιρῷ
640 3516 732 3570 τοῦ
763 3518 1047 3590 κριτηρίου
1075 3521 1330 3592 τοιαύτην
1355 3524 1748 3595 τετολμηκότα⁹
1776 3527 2017 3581 Ἐϐλασ-

434 3605 715 3673 φήμησε·
766 3623 819 3660 τι
874 3608 963 3661 ἔτι
1011 3609 1264 3676 (meite;
1305 3611 1630 3682 ἁμαρτωλὸν
1657 3615 1715 3668 δὲ
1763 3615 1856 3670 τὸν
1886 3618 2016 3671 Ἰού-

434 3695 552 3746 δαν.
591 3695 716 3757 Πῶς
744 3697 849 3766 γὰρ
876 3698 974 3768 οὐχ
1004 3700 1327 3770 ἁμαρτωλὸς
1354 3704 1384 3753 6
1406 3704 1692 3772 προδιδοὺς
1732 3707 1824 3761 τὸν
1871 3710 2015 3763 διδά-

437 3785 665 3848 σκαλονς
707 3780 889 3856 Ἑφίἶι
926 3789 1017 3841 καὶ
1056 3790 1258 3860 σφόδρα
1279 3791 1352 3855 ὡς
1391 3793 1606 3867 μαθητῇ
1653 3797 1744 3849 καὶ
1778 3800 2010 3872 προίότῃ

436 3874 773 3946 θλιϐόμενος,
803 3878 1056 3950 ἐπιφέρει
1085 3880 1153 3933 τὰ
1184 3879 1443 3952 ἐχόμενα.

513 4160 529 4191 ι
560 4141 726 4205 Φόϐος
756 4143 850 4196 καὶ
879 4143 1080 4215 τρόμος
1111 4141 1274 4217 ἦλθεν
1301 4146 1389 4201 ἐπ’
1417 4149 1536 4219 ἐμέ.
1566 4168 1582 4200 ι

503 4235 675 4289 Τοῦτο
696 4236 805 4290 τῶν
847 4239 904 4291 ἐν
930 4241 1257 4310 πειρασμοῖς
1297 4241 1393 4294 καὶ
1437 4241 1677 4312 ϐλίψεσιν
1721 4244 1886 4312 ἴδιον,
1935 4249 2009 4320 μὴ

437 4327 597 4397 μόνον
633 4328 782 4399 φόϐῳ
810 4328 904 4382 καὶ
928 4329 1136 4401 τρόμῳ,
1163 4330 1298 4383 ἀλλά
1329 4334 1425 4386 καὶ
1451 4331 1631 4404 σκότῳ
1658 4334 1716 4388 τὸ
1748 4336 1887 4390 κατά
1909 4337 2011 4407 ψυ-

2122 3244 2298 3291 nerat.
2345 3236 2472 3292 litae
2517 3237 2681 3291 etiam
2710 3236 3271 3308 Caiaphas.etJudas
3315 3252 3379 3292 ac
3422 3236 3696 3291 commili-

2124 3334 2279 3382 tones
2305 3342 2492 3381 eorum
2521 3325 2829 3393 faciebant;
2861 3327 2929 3383 de
2956 3327 3154 3397 quibus
3183 3326 3237 3381 in
3290 3326 3529 3383 decursu
3582 3341 3699 3379 scr-

2120 3419 2299 3473 monis
2317 3419 2642 3490 subiunxit:
2679 3420 2722 3473 Α
2755 3435 2875 3475 uoce
2902 3420 3126 3485 inimici,
3187 3427 3237 3473 et
3284 3436 3316 3473 a
3357 3417 3705 3472 tribulatione

2119 3510 2747 3581 peccatoris;inimicum
2781 3511 3066 3582 appellans
3121 3509 3442 3579 Caiapham,
3483 3517 3545 3561 ut
3603 3507 3694 3575 qui

2120 3604 2581 3674 temporejudicii
2608 3618 2795 3659 vocem
2842 3601 3152 3658 istiusmodi
3191 3607 3382 3656 contra
3448 3596 3696 3654 Salvato-

2118 3710 2232 3747 rem
2269 3692 2521 3747 emittere
2566 3708 2736 3747 ausus
2771 3690 3335 3758 sitzBlasphemavit;
3372 3687 3497 3757 quid
3521 3685 3694 3739 adhuc

2117 3784 2352 3854 quaeritis
2369 3782 2618 3855 [Vulgata
2639 3799 2846 3854 egemus
2863 3779 3097 3851 testibus]
3108 3780 3153 3811 ⁸ο
3169 3780 3193 3832 ?
3209 3789 3550 3850 peccatorcm
3564 3790 3695 3831 vero

2116 3875 2329 3930 Judam.
2363 3874 2648 3940 Quomodo
2669 3873 2815 3928 enim
2850 3887 2961 3927 non
2986 3877 3241 3941 peccator
3257 3870 3344 3937 sit,
3371 3869 3463 3940 qui
3488 3882 3695 3939 praece-

2116 3977 2328 4036 ptorem
2344 3964 2660 4035 prodidit?A
2676 3979 2803 4033 quo,
2825 3970 3013 4033 utpote
3028 3960 3298 4031 discipulo
3313 3976 3376 4015 ac
3392 3959 3690 4031 proditore,

2114 4057 2468 4110 vehementer
2496 4056 2727 4110 amictus
2752 4097 2765 4121 ,
2802 4053 3081 4125 subiungit
3115 4036 3336 4123 ea‘qua:
3363 4060 3690 4122 sequuntur.

2188 4145 2349 4201 Vens.
2373 4148 2426 4202 6.
2461 4166 2481 4199 ι
2518 4147 2705 4202 Timor
2725 4157 2777 4201 et
2815 4153 3020 4199 tremor
3047 4153 3315 4199 venerunt
3343 4157 3509 4213 super
3545 4154 3650 4195 me.
3670 4161 3687 4192 ι

2187 4238 2300 4295 lloc
2326 4240 2548 4295 tentatis
2569 4248 2624 4294 et
2645 4237 2858 4293 alliictis
2908 4237 3188 4309 proprium
3218 4244 3335 4299 est,’
3365 4244 3425 4289 ut
3459 4249 3570 4288 non
3601 4248 3692 4287 so-

2114 4332 2224 4387 lum
2256 4333 2451 4388 timore
2475 4347 2539 4388 ac
2565 4341 2823 4399 tremore,
2853 4332 2948 4387 sed
2979 4331 3144 4386 etiam
3196 4327 3440 4384 tenebris
3495 4340 3695 4381 secun-

433 4417 533 4490 χὴν
568 4419 1017 4492 ἀπορῤουμένους
1049 4422 1386 4493 συνέχεσθαι.
1407 4424 1549 4478 Ἀλλ’
1574 4427 1602 4479 6
1644 4427 1899 4500 Χριστὸς,
1934 4429 2010 4494 ὡς

2123 4427 2243 4481 dum
2271 4426 2508 4480 animam
2538 4424 2854 4480 deﬁcientes
2897 4422 3284 4493 corripiantur.
3304 4419 3443 4488 Quin
3471 4417 3696 4474 etChﬁ-

433 4509 639 4580 ποιμὴν
670 4509 923 4581 ἀληθινὸς
954 4510 1046 4564 καὶ
1081 4508 1335 4583 γνήσιος,
1367 4514 1506 4584 ὑπὲρ
1533 4518 1632 4586 τῆς
1657 4517 1853 4572 ἑαυτοῦ
1887 4521 2007 4573 ποί-

433 4619 574 4672 μνης
626 4601 826 4656 ὲδειλία
852 4603 946 4657 καὶ
975 4604 1094 4676 ἕτρε
1104 4623 1203 4675 μεν
1226 4622 1238 4633 ·
1269 4607 1360 4659 τὸν
1391 4607 1498 4678 γὰρ
1519 4606 1888 4678 ἀδημονοῦντα
1914 4614 2008 4666 καὶ

430 4693 769 4764 λυπούμενον
799 4696 950 4749 οὐδὲν
976 4692 1045 4768 ἦν
1065 4698 1292 4761 ἀπεικὸς
1318 4699 1600 4766 φοϐεῖσθαι
1633 4701 1728 4755 καὶ
1757 4703 2005 4775 τρέμειν,

431 4786 612 4839 πάντα
648 4786 817 4858 χωρὶς
848 4787 1124 4858 ἁμαρτίας
1150 4788 1215 4841 τὰ
1243 4791 1491 4861 ἡμέτερα
1533 4793 1811 4863 πάσχοντα
1832 4812 1844 4825 ’
1880 4797 2007 4848 οὐκ·

429 4878 524 4933 οὖν
553 4882 647 4934 καὶ
693 4880 882 4944 σκότος
913 4880 1074 4934 αὑτὸν
1110 4881 1347 4951 ἐκάλυψε
1379 4886 1437 4936 τὸ
1463 4886 1759 4958 ἡμέτερον.
1788 4887 2006 4941 Μᾶλλον

429 4971 486 5025 δὲ
507 4971 697 5036 σκότος
718 4973 893 5025 ἐκεῖνο
912 4972 1083 5040 λέγει,
1103 4974 1240 5044 ὅπερ
1260 4974 1352 5027 τὸν
1380 4975 1584 5045 κόσμον
1607 4977 1844 5047 ἐκάλυψε
1867 4978 2007 5034 κατὰ

427 5063 518 5116 τὸν
553 5064 744 5136 καιρὸν
768 5063 861 5117 τοῦ
890 5068 1150 5136 σταυροῦ,
1168 5065 1275 5118 ἀπὸ
1294 5064 1461 5138 ’ἐκτης
1483 5067 1627 5140 ὧρας
1654 5068 1755 5132 ἕως
1775 5070 2003 5143 ἐννάτης

429 5153 740 5225 γενόμενον.

507 5265 525 5295 ι
554 5246 662 5299 Καὶ
694 5242 824 5301 εἶπα
852 5266 865 5280 ·
900 5247 997 5312 Τίς
1022 5249 1181 5304 δώσει
1214 5269 1305 5321 μοι
1354 5251 1665 5321 πτέρυγας;
1697 5273 1714 5307 ι

501 5338 805 5409 Πτέρυγας
833 5341 960 5405 τοὺς
991 5343 1325 5407 ἀποστόλους
1355 5346 1545 5399 καλεῖ·
1595 5347 1655 5401 ἐν
1686 5347 1867 5411 αὐτοῖς
1899 5348 2006 5419 γὰρ

431 5426 524 5480 ἐπὶ
556 5428 653 5498 τὴν
681 5430 1011 5500 οἰκουμένην
1041 5433 1169 5503 ὃλην
1201 5436 1294 5488 τοῦ
1325 5436 1563 5506 Χριστοῦ
1609 5437 1670 5489 τὸ
1711 5438 2009 5508 μυστήριον

432 5516 604 5590 tam},
644 5521 738 5573 καὶ
764 5522 1008 5594 καθάπερ
1061 5528 1116 5578 ἐν
1159 5530 1425 5591 νεοσσιαίς
1486 5529 1830 5600 Ἐκκλησίαις
1876 5548 2008 5586 κατ-

510 5723 555 5755 ⁸⁹
586 5721 772 5780 Matth.
811 5739 957 5790 xxw,
982 5722 1072 5779 65.

2112 4528 2250 4582 stus,
2283 4529 2539 4588 tanquam
2565 4531 2732 4572 verus
2758 4530 2822 4571 ac
2861 4515 3110 4570 sincerus
3148 4521 3353 4583 pastor,
3385 4527 3484 4582 pro
3532 4510 3715 4581 grege

2111 4627 2211 4666 suo
2262 4610 2443 4665 timuit
2506 4607 2878 4677 tremuitque:
2923 4604 3193 4675 siquidem
3252 4612 3575 4658 mmrentem
3631 4616 3696 4655 ac

2110 4704 2384 4758 dolentem
2426 4693 2875 4770 nil'prohibebat
2918 4698 3111 4756 timere
3157 4711 3220 4751 ac
3261 4704 3517 4761 tremere,
3569 4709 3694 4748 cum

2110 4796 2314 4864 absque
2366 4800 2588 4869 peccato
2651 4791 2835 4846 omnia
2895 4799 3083 4845 nostra
3130 4795 3459 4859 pateretur:
3509 4786 3694 4856 itaque

2109 4889 2270 4943 etiam
2311 4887 2548 4941 tenebrae
2594 4893 2795 4939 nostra:
2836 4883 3014 4953 ipsum
3067 4881 3483 4937 obumbrarunt.
3550 4877 3693 4942 Quin

2110 4977 2292 5048 potius
2326 4976 2574 5031 tenebras
2598 4974 2716 5028 illas
2771 4971 3043 5043 intelligit,
3070 4984 3194 5041 quae
3226 4969 3489 5024 mundum
3547 4980 3695 5019 con-

2109 5079 2360 5125 texerunt
2380 5075 2621 5137 tempore
2638 5064 2817 5120 crucis
2833 5079 2863 5118 a
2876 5072 3028 5119 sexta
3048 5062 3180 5117 hora
3200 5074 3370 5129 usque
3383 5058 3451 5112 ad
3470 5069 3689 5111 nonam.

2184 5253 2350 5307 Vens.
2386 5250 2437 5305 7.
2471 5268 2488 5303 ι
2519 5250 2588 5305 Et
2620 5248 2732 5303 dixi
2760 5267 2772 5302 :
2822 5244 2955 5314 Quis
2982 5243 3138 5301 dabit
3159 5241 3293 5297 mihi
3323 5239 3572 5311 pennas?
3598 5257 3615 5289 ι

2181 5345 2393 5400 Pennas
2425 5354 2586 5400 vocat
2613 5340 2890 5413 apostolos
2916 5356 2930 5391 :
2964 5339 3019 5392 in
3046 5336 3181 5406 ipsis
3213 5335 3364 5389 enim
3388 5348 3487 5404 per
3516 5339 3691 5386 totum

2120 5446 2386 5492 terrarum
2417 5435 2605 5490 orbem
2631 5433 2837 5488 Christi
2871 5427 3193 5502 mysterium
3219 5422 3443 5489 volavit,
3462 5428 3519 5477 et
3541 5419 3693 5491 quasi

2125 5530 2180 5583 in
2201 5527 2429 5582 novellis
2457 5524 2711 5581 Ecclesiis
2757 5520 3025 5592 requievit
3058 5538 3071 5574 :
3111 5516 3243 5589 ipsis
3295 5509 3694 5587 quodammodo
