4044 6228
358 327 497 395 12-15

1547 338 1907 398 HESYCHII
1944 340 2416 405 PRESBYTERI

3476 351 3614 419 1216

358 443 474 499 alas
493 442 774 511 columbae,
805 443 858 499 id
888 452 974 506 est
1030 444 1267 515 Spiritus
1306 445 1481 499 sancti
1527 446 1932 516 dispensatione

2038 451 2272 505 ἐπαυσε·
2307 452 2523 517 τούτοις
2543 448 2634 508 οἷα
2665 455 2949 526 πτέρυγας
2976 432 3331 531 περιστερᾶς,
3365 464 3615 519 τουτέστι
3716 498 3724 506 -

358 533 574 604 plenas,
653 542 822 604 optat.
884 534 1153 591 Particula
1185 545 1367 591 autem
1419 537 1533 611 quis
1558 552 1668 591 non
1709 547 1796 593 est
1842 539 1932 594 hic

288 671 298 680 .
359 625 688 694 haesitantis,
724 626 818 682 sed
838 629 1021 699 potius
1053 628 1415 684 desiderantis
1444 637 1499 683 et
1523 629 1787 699 urgentis.

429 800 594 857 Vens.
646 802 700 857 9.
757 819 776 854 ι
841 802 1236 870 Exspectabam
1285 818 1411 857 eum
1452 802 1546 872 qui
1577 802 1785 857 salvum
1844 817 1932 857 me

356 893 488 950 fecit
509 910 539 948 a
572 893 1019 963 pusillanimitate
1039 895 1261 962 spiritus
1284 903 1338 949 et
1390 903 1735 964 tempestate.
1767 912 1786 945 ι

429 985 932 1039 Pusillanimitatem
952 992 1109 1039 vocat
1136 985 1539 1051 contumeliam,
1576 993 1932 1054 tempestatem

356 1075 1193 1146 verovigorem,etviolentiam,
1246 1091 1309 1130 ac
1357 1076 1758 1130 vehementiam
1812 1083 1931 1129 ten-

359 1165 612 1232 tationis;
644 1179 677 1221 e
705 1181 934 1235 quarum
954 1166 1197 1235 utrisque
1222 1182 1252 1219 a
1280 1163 1389 1220 Deo
1406 1166 1673 1220 auxilium
1700 1173 1931 1236 praesto-

356 1256 600 1312 landum.
632 1258 889 1314 Christus
913 1267 1096 1313 autem
1123 1273 1235 1312 non
1272 1266 1527 1331 tanquam
1562 1257 1663 1314 sibi
1691 1258 1792 1328 ipsi
1826 1258 1933 1312 hoc

358 1346 517 1416 petit,
568 1347 662 1402 sed
714 1349 975 1418 apostolis
1026 1348 1208 1403 animo
1260 1348 1637 1404 deﬁcientibus
1684 1355 1933 1417 tempore

360 1438 666 1508 passionis,
695 1438 767 1494 ita
788 1448 847 1494 ut
875 1440 1206 1509 increpando
1230 1439 1298 1494 ad
1349 1440 1496 1511 ipsos
1525 1439 1720 1494 dixerit
1752 1454 1767 1490 :
1801 1436 1933 1493 Sic?

361 1526 481 1580 Non
506 1528 747 1597 potuistis
786 1546 892 1583 una
916 1530 1046 1585 hora
1075 1530 1295 1601 vigilare
1330 1528 1570 1584 mecum?
1614 1528 1858 1600 Vigilate,
1883 1535 1933 1581 et

363 1628 533 1682 orate,
553 1628 608 1671 ut
633 1635 735 1673 non
773 1620 977 1674 intretis
1007 1622 1063 1674 in
1091 1621 1430 1674 tentationem
1458 1620 1525 1674 “.
1555 1618 1712 1685 Quod
1737 1618 1784 1674 si
1804 1632 1935 1673 con-

364 1708 587 1776 spiratio
618 1710 671 1763 in
697 1711 839 1765 malo
877 1712 1015 1765 mala
1042 1711 1132 1774 sit,
1187 1711 1348 1765 etiam
1369 1726 1399 1766 e
1436 1712 1651 1767 diverso
1679 1724 1934 1781 magnum

2032 543 2259 615 πλήρεις
2291 545 2392 613 τῆς
2421 547 2690 617 χορηγίας
2732 549 2828 603 τοῦ
2872 551 3210 622 Πνεύματος,
3248 551 3516 622 βούλεται.
3540 557 3623 611 Τὸ

2031 633 2089 687 δὲ
2114 636 2203 701 τίς
2227 636 2328 689 οὐκ
2360 638 2694 709 ἀποροῦντος
2726 640 2980 708 ἐνταῦθα,
3011 642 3147 698 ἀλλὰ
3169 643 3230 697 τὸ
3261 645 3461 715 μᾶλλον
3493 649 3617 701 ἐπι·
3705 678 3711 683 -

2032 723 2334 794 θυμοῦντος
2358 728 2454 781 καὶ
2479 731 2918 800 κατεπείγοντος.

2106 832 2126 867 ι
2160 816 2579 890 Προσεδεχόμην
2616 820 2706 875 τὸν
2746 812 2993 887 σώζοντά
3027 839 3097 894 με
3124 823 3234 878 ἀπὸ
3264 823 3618 898 ὁλιγοψυχίας

2033 905 2130 958 καὶ
2155 908 2495 976 καταιγίδος.
2530 929 2550 962 ι

2115 998 2547 1069 Ὀλιγοψυχίαν
2570 1002 2671 1075 τὴν
2695 1003 2964 1075 λοιδορίαν
2992 1006 3169 1074 καλεῖ,
3200 1010 3517 1081 καταιγίὸα
3551 1012 3614 1066 δὲ

2033 1089 2133 1158 τὴν
2159 1090 2342 1161 ἀκμὴν
2376 1092 2470 1146 τοῦ
2503 1095 2849 1167 πειρασμοῦ,
2884 1098 2978 1150 καὶ
3008 1097 3152 1168 βίαν,
3186 1101 3280 1153 καὶ
3309 1102 3613 1173 σφοδρότη-

2033 1197 2102 1233 τα
2123 1198 2136 1211 ⁸
2159 1173 2234 1233 ὧν
2255 1180 2315 1246 ἐξ
2335 1182 2603 1254 ἑκατέρας
2624 1188 2731 1258 χρὴ
2757 1187 2908 1258 παρὰ
2935 1187 3069 1241 Θεοῦ
3094 1192 3493 1261 προσδέξασθαι
3513 1193 3615 1265 τὴν

2035 1269 2306 1340 βοήθειαν.
2324 1272 2382 1325 ’0
2417 1275 2654 1345 Χριστὸς
2686 1277 2744 1330 δὲ
2773 1278 2872 1347 οὐχ
2902 1279 2979 1341 ὼς
3023 1279 3203 1351 ἑαυτῷ
3235 1280 3397 1336 τοῦτο
3440 1298 3613 1355 προσ-

2034 1361 2274 1431 εύχεται,
2306 1363 2441 1417 ἀλλά
2484 1368 2597 1429 τοῖς
2642 1368 2959 1433 ἀποστόλοις
2988 1371 3313 1442 ὀλιγωροῦσι
3345 1378 3487 1432 κατά
3520 1379 3614 1432 τὸν

2035 1453 2227 1539 καιρὸν
2258 1455 2354 1507 τοῦ
2387 1455 2593 1520 πάθους
2612 1475 2626 1490 ⁸
2656 1458 2800 1512 ὥστε
2822 1461 2916 1516 καὶ
2946 1462 3084 1532 πρὸς
3109 1465 3309 1530 αὐτοὺς
3340 1468 3614 1539 ἐπιτιμῶν

2034 1537 2207 1597 εἷπεν’
2237 1545 2434 1611 θῦτως
2449 1564 2470 1612 ;
2495 1550 2606 1602 οὐκ
2647 1551 2942 1619 ἰσχύσατε
2961 1555 3106 1623 μίαν
3129 1554 3289 1624 ὤραν
3319 1537 3614 1629 γρηγορῆ-

2034 1646 2177 1698 σαι;
2209 1638 2566 1706 Γρηγορεῖτε
2614 1642 2711 1695 καί
2746 1646 3189 1714 προσεύχεσθε,
3224 1650 3326 1704 ἵνα
3349 1651 3438 1720 μὴ
3487 1655 3611 1706 εισ-

2033 1720 2248 1791 έλθητε
2275 1730 2364 1791 είς
2394 1731 2749 1797 πειρασμόν.
2780 1732 2841 1784 Et
2875 1734 2969 1786 ἐπὶ
2999 1735 3157 1808 κακῷ
3186 1740 3479 1810 συμφωνία
3506 1742 3616 1794 δει-

362 1797 563 1852 bonum
595 1809 699 1864 est,
729 1801 1010 1870 dissipatio
1035 1803 1089 1857 in
1129 1802 1273 1857 malo
1324 1803 1773 1872 conspirantium.
1827 1799 1930 1867 Qui

2038 1812 2149 1875 νὺν,
2186 1815 2282 1869 καὶ
2312 1816 2377 1870 ἐκ
2409 1818 2504 1871 τοῦ
2539 1821 2784 1875 ἐναντίου
2841 1824 2983 1894 μέγα
3006 1797 3235 1895 ⁴ἀγοίθδν
3259 1797 3271 1810 1
3378 1831 3488 1885 τῶν
3521 1834 3617 1887 ἐπὶ

363 1887 545 1956 itaque
570 1888 624 1942 in
655 1889 822 1943 turris
850 1890 1263 1946 aediﬁcationem
1328 1898 1742 1958 consenserant,
1809 1906 1935 1951 cum

365 1979 629 2035 haberent
655 1996 843 2036 vocem
866 1998 1031 2037 unam
1065 1992 1119 2038 et
1158 1984 1362 2039 labium
1388 1998 1582 2048 unum,
1606 1996 1798 2037 omnes
1829 1981 1938 2035 im-

364 2071 529 2140 pediti
548 2072 789 2138 l‘uerunt,
818 2077 1052 2130 maxima
1091 2076 1370 2146 impietate
1392 2075 1625 2141 confusi,
1650 2073 1795 2145 quod
1824 2087 1938 2128 non

362 2163 596 2233 amplius
615 2165 883 2221 haberent
915 2181 1112 2223 vocum
1145 2167 1584 2222 consensionem.

435 2281 663 2348 Quando
701 2285 903 2340 malitia
934 2286 989 2340 in
1013 2286 1305 2356 semetipsa
1334 2284 1510 2339 divisa
1538 2282 1727 2348 fuerit,
1759 2280 1937 2336 securi

365 2386 556 2427 sumus
584 2375 674 2444 qui
706 2375 773 2429 ab
804 2376 892 2429 illa
924 2390 1306 2446 Oppugnamur
1338 2390 1353 2426 :
1389 2389 1498 2428 non
1536 2372 1767 2442 amplius
1786 2369 1935 2424 enim

366 2464 578 2519 insidiis
607 2464 726 2534 ejus
752 2466 1013 2521 creditur.
1040 2465 1254 2520 Etenim
1279 2465 1509 2520 .Cbristo
1544 2462 1806 2518 miracula
1854 2461 1937 2515 fa-

365 2555 546 2611 ciente
577 2556 891 2613 Judaeorum
919 2558 1115 2628 linguae
1170 2557 1359 2613 divisae
1409 2564 1534 2611 sunt
1572 2572 1587 2609 :
1633 2563 1792 2622 atque
1846 2552 1936 2606 alii

366 2644 587 2713 quidem
617 2645 872 2701 dicebant
904 2664 918 2699 :
949 2646 1069 2699 Non
1101 2653 1177 2698 cst
1219 2645 1302 2699 hic
1356 2644 1510 2697 homo
1563 2660 1597 2695 a
1645 2641 1770 2708 Deo,
1815 2642 1941 2711 quia

366 2734 656 2789 Sabbatum
676 2752 778 2788 non
800 2736 1040 2789 custodit.
1078 2734 1185 2788 Alii
1210 2743 1386 2788 autem
1417 2732 1663 2787 dicebant
1716 2749 1735 2787 :
1794 2730 1938 2795 Quo-

365 2826 520 2878 modo
564 2834 731 2895 potest
753 2827 905 2879 homo
956 2834 1201 2894 peccator
1249 2824 1382 2878 talia
1423 2824 1573 2892 signa
1623 2823 1831 2891 facere?
1870 2819 1940 2873 Et

365 2918 592 2972 schisma
619 2927 733 2972 erat
754 2919 891 2972 inter
925 2933 1009 2972 eos
1042 2917 1111 2970 ε’.

439 3077 604 3132 Vens.
636 3079 753 3134 10¢
784 3076 1054 3145 Quoniam
1081 3074 1193 3132 vidi
1214 3073 1555 3144 iniquitatem
1578 3079 1634 3128 et
1661 3069 1939 3127 contradi-

365 3168 625 3223 ctionem.
671 3186 692 3221 ι

437 3281 575 3335 Dum
596 3279 844 3334 Christus
873 3280 1058 3350 inique
1097 3278 1463 3349 indicabatur,
1495 3274 1773 3330 contentio
1800 3272 1940 3328 facta

365 3381 472 3437 est,
501 3370 654 3425 Pilati
684 3371 891 3426 scilicet
920 3380 975 3425 et
996 3369 1303 3440 principum
1330 3367 1675 3422 sacerdotum
1722 3364 1940 3420 Judaeo-

366 3480 488 3519 rum
518 3482 532 3519 :
561 3464 652 3518 illo
674 3463 888 3533 quidem
934 3463 1187 3518 dicente:
1224 3460 1372 3514 Nihil
1403 3459 1610 3512 invenio
1665 3471 1840 3510 causa:
1886 3456 1942 3508 in

364 3556 461 3610 hoc
483 3556 689 3609 homine
713 3556 757 3586 '-‘
783 3572 797 3621 ;
827 3554 958 3623 ipsis
982 3570 1113 3610 vero
1133 3550 1589 3623 respondentibus
1613 3566 1627 3603 :
1652 3549 1758 3603 Nos
1778 3548 1941 3617 legem

364 3648 642 3712 habemus;
681 3658 727 3700 et
747 3647 939 3700 scimus
983 3645 1108 3715 quia
1174 3626 1460 3698 secundum
1491 3641 1650 3712 legem
1707 3646 1940 3694 nostram

366 3740 511 3794 debet
541 3738 675 3792 mori
692 3740 756 3792 ³⁸.

432 3850 599 3906 Vens.
634 3851 719 3905 ll.
755 3871 772 3903 ι
819 3851 917 3906 Die
947 3865 1013 3907 ac
1042 3856 1205 3905 nocte
1241 3846 1605 3904 circumdabit
1637 3859 1755 3901 eam
1780 3858 1940 3913 super

364 3959 550 3999 muros
584 3945 702 4015 ejus
731 3944 994 4013 iniquitas
1023 3953 1079 3998 et
1101 3943 1259 3997 labor
1281 3942 1340 3996 in
1371 3939 1553 3995 medio
1575 3938 1715 4009 eius.
1756 3955 1774 3988 ι

435 4052 535 4108 Die
562 4054 804 4125 quidem,
832 4053 886 4109 id
908 4060 990 4108 est
1031 4060 1278 4123 tempore
1331 4050 1544 4115 crucis;
1600 4056 1747 4102 nocte
1787 4061 1939 4111 vero,

365 4145 420 4202 id
444 4156 531 4202 est
552 4154 794 4217 tempore
820 4145 1145 4216 proditionis
1170 4162 1185 4211 ;
1210 4160 1367 4212 super
1390 4158 1586 4205 muros,
1609 4140 1664 4194 id
1682 4147 1765 4194 est
1777 4152 1943 4208 super

365 4238 677 4293 sacerdotes
730 4254 744 4291 :
792 4237 897 4307 ipsi
944 4236 1093 4292 enim
1144 4243 1273 4290 sunt
1328 4232 1471 4288 muri
1501 4231 1685 4302 populi
1720 4249 1733 4284 :
1772 4228 1942 4283 fortes

363 4329 606 4401 quidem,
638 4328 769 4384 dum
823 4327 1123 4384 secundum
1162 4327 1338 4396 legem
1387 4321 1678 4378 sacerdotii
1721 4320 1940 4387 vivunt;

2035 1904 2191 1974 κακῷ
2222 1909 2703 1978 συμφωνησάντων
2726 1911 2986 1977 διάλυσις.
3006 1917 3184 1971 Καλοὶ
3217 1918 3617 1989 ὁμονοήσαντες

2034 1992 2165 2059 γοῦν
2194 1993 2287 2046 ἐπὶ
2322 1996 2387 2065 τῇ
2421 1998 2775 2070 πυργοποιίᾳ,
2812 2001 2875 2053 τὸ
2919 2001 3066 2072 ἔχειν
3104 2004 3287 2073 φωνὴν
3341 2007 3468 2075 μίαν
3518 2009 3618 2062 καὶ

2036 2082 2317 2172 χεῖλοςέν,
2352 2086 2554 2150 πάντες
2584 2091 3023 2163 ὲνεποδὶσθησαν,
3065 2095 3299 2167 μεγίστῃ
3322 2097 3617 2172 δυσσεϐείᾳ

2038 2171 2424 2242 συγχυθέντες,
2452 2175 2528 2238 ὡς
2557 2177 2754 2247 μηκέτι
2781 2180 3098 2250 ὁμοφωνίαν
3131 2182 3297 2253 ἔχειν.

2110 2278 2279 2333 Ὅταν
2322 2282 2355 2353 ἡ
2405 2282 2575 2336 κακία
2621 2285 2744 2338 καθ’
2769 2288 2971 2360 ἑαυτὴν
3020 2292 3291 2364 μερισθῇ,
3326 2292 3527 2365 ἔχομεν
3557 2295 3617 2349 τδ

2036 2368 2275 2437 ἀσφαλὲς
2296 2373 2344 2423 οἱ
2372 2375 2502 2443 παρ’
2531 2376 2702 2444 αὐτῆς
2730 2378 3128 2449 πολεμούμενοι
3147 2399 3162 2414 ’
3201 2384 3391 2437 οὐκέτι
3422 2388 3531 2455 γὰρ
3558 2388 3615 2439 al

2036 2456 2096 2521 ἐξ
2121 2459 2288 2530 αὐτῆς
2314 2461 2603 2517 ἐπιϐουλαὶ
2631 2467 3002 2522 πιστεύονται.
3031 2472 3338 2544 Τοιγαροῦν
3368 2474 3464 2527 τοῦ
3486 2477 3620 2546 Χρι-

2039 2548 2165 2603 στοῦ
2219 2550 2765 2625 θαυματουργοὼτος
2818 2559 2924 2614 τῶν
2957 2562 3228 2616 Ἰουδαίων
3273 2568 3328 2618 at
3373 2567 3618 2636 γλῶσσαι

2036 2639 2392 2714 διῃρέθησαν’
2437 2645 2616 2701 καίοι
2644 2648 2762 2717 μὲν
2789 2649 3001 2721 ἔλεγον
3030 2667 3045 2681 °
3100 2657 3223 2707 Οὐκ
3272 2656 3405 2711 ἔστι
3457 2658 3620 2726 παρὰ

2040 2733 2187 2787 Θεοῦ
2211 2738 2243 2787 ό
2256 2735 2567 2805 ἅνθρωπος
2595 2734 2795 2807 οὗτος,
2819 2740 2907 2795 ὅτι
2928 2744 3000 2796 οὐ
3018 2732 3200 2811 τηρεῖ
3211 2747 3276 2799 τὸ
3292 2748 3611 2802 Σάϐϐατονο

2037 2823 2214 2877 duo:
2269 2826 2510 2894 ἔλεγον·
2541 2826 2674 2894 Πῶς
2728 2830 2977 2886 δύναται
3007 2832 3315 2902 ἄνθρωπος
3346 2838 3610 2906 ἁμαρτω-

2037 2916 2147 2981 λὸς
2178 2916 2420 2973 τοιαῦτα
2457 2920 2678 2988 σημεῖα
2719 2923 2950 2989 ποιεῑντ
2997 2927 3108 2981 Kal
3145 2931 3373 3001 σχίσμα
3418 2927 3498 3002 ἦν
3541 2929 3611 2985 ἐν

2038 3006 2263 3074 αὐτοῖς.

2117 3098 2272 3153 (Ὅτι
2305 3094 2445 3160 εἶδον
2478 3106 2710 3177 ἀνομίαν
2742 3108 2837 3162 καὶ
2868 3109 3199 3180 ἀντιλογίαν.
3233 3130 3255 3163 ι

2112 3272 2220 3327 Τοῦ
2254 3275 2493 3345 Χριστοῦ
2539 3283 2865 3352 κρινομένου
2910 3284 3160 3357 ἀνόμως,
3190 3285 3470 3355 ἀντιλογία
3508 3287 3617 3342 τῶν

2041 3362 2357 3433 κρινόντων,
2391 3366 2623 3422 Πιλάτου
2656 3370 2858 3443 δηλαδὴ
2901 3376 2996 3428 καὶ⁵
3037 3375 3147 3429 τῶν
3205 3376 3476 3431 Ἰουδαίων
3518 3380 3619 3448 ἀρα

2041 3456 2269 3525 χιερέων
2315 3459 2557 3538 ὲγένετιν
2593 3460 2688 3515 τοῦ
2746 3464 2847 3533 μὲν
2893 3465 3169 3535 λέγοντος,
3204 3468 3399 3522 Οὐδὲν
3428 3469 3618 3523 αἴτιον

2039 3548 2296 3614 εὑρίσκω
2324 3549 2396 3603 ὲν
2417 3549 2498 3616 τῷ
2520 3552 2810 3623 ἀνθρώπῳ
2830 3556 3018 3622 τούτῳ
3034 3575 3048 3589 ο
3082 3558 3307 3613 ἐκείνων
3334 3560 3412 3614 δέ’
3431 3561 3619 3629 Ἡμεῖς

2040 3638 2228 3707 νόμον
2257 3641 2494 3711 ἔχομεν,
2528 3644 2629 3698 καί
2676 3645 2942 3716 οἴδαμεν,
2978 3648 3067 3703 ὅτι
3093 3648 3244 3704 κατὰ
3288 3651 3395 3705 τὸν
3433 3653 3620 3721 νόμον

2040 3727 2211 3796 ἡμῶν
2248 3730 2477 3798 ὀφείλει
2505 3733 2854 3789 ἀποθανεῖν.

2117 3858 2136 3889 ι
2160 3840 2403 3915 Ἡμέρας
2425 3847 2520 3899 καὶ
2541 3847 2733 3910 νυκτὸς
2759 3849 3027 3904 κυκλώσει
3056 3850 3224 3923 αὐτὴν
3260 3853 3351 3907 ἐπὶ
3372 3854 3443 3909 τὰ
3465 3853 3617 3925 τείχη

2041 3930 2233 4001 αὐτῆς,
2276 3936 2483 4006 ἀνομία
2512 3938 2608 3990 καὶ
2635 3939 2795 4003 πόνος
2830 3941 2889 3993 ὲν
2921 3941 3071 4012 μέσῳ
3102 3943 3287 4014 αὐτῆς.
3315 3962 3335 3996 ›

2127 4042 2373 4114 Ἡμέρας
2404 4049 2538 4117 μὲν,
2572 4049 2713 4105 κατὰ
2743 4050 2832 4106 τὸν
2859 4053 3050 4126 καιρὸν
3076 4054 3171 4109 τοῦ
3204 4056 3439 4128 σταυροῦ
3462 4073 3478 4090 ’
3511 4074 3619 4112 νυ-

2043 4136 2183 4202 κτὸς
2213 4137 2291 4200 δὲ,
2323 4137 2463 4192 κατά
2487 4140 2578 4195 τὸν
2604 4142 2795 4213 καιρὸν
2824 4144 2922 4216 τῆς
2942 4144 3263 4216 προδοσίαςο
3288 4146 3387 4200 ἐπὶ
3413 4148 3486 4202 τὰ
3509 4149 3624 4202 τεί-

2042 4246 2142 4297 χη,
2166 4228 2363 4301 δηλαδὴ
2385 4231 2478 4285 ἐπὶ
2495 4233 2623 4298 τοὺς
2657 4235 2823 4307 ἱερεῖς
2841 4253 2855 4267 ο
2880 4237 3034 4291 αὐτοὶ
3059 4238 3166 4310 γάρ
3191 4238 3346 4311 τείχη
3369 4240 3463 4293 τοῦ
3488 4238 3620 4294 λαοῦ

2040 4320 2400 4391 τυγχάνουσιν
2419 4340 2435 4356 ’
2468 4324 2667 4396 ἰσχυρά
2693 4327 2814 4397 μὲν,
2837 4328 2980 4382 κατά
3009 4329 3101 4383 τὸν
3134 4331 3299 4401 νόμον
3326 4331 3428 4402 τῆς
3464 4334 3625 4402 ἱερω-

363 4419 559 4475 cariosi
577 4434 708 4476 vero
738 4432 804 4473 ac
827 4416 1057 4484 ruinosi,
1082 4415 1302 4486 quando
1325 4414 1631 4485 adignitatc
1649 4427 1747 4468 sua
1762 4410 1937 4466 aliena

2045 4410 2209 4482 σύνης
2238 4411 2473 4478 ζῶντεςο
2507 4416 2685 4484 σαθρά
2716 4417 2772 4471 δὲ
2801 4422 3152 4487 πεπτωκότα,
3198 4422 3324 4476 ὅταν
3368 4421 3626 4493 ἀλλότρια

363 4518 617 4567 tractant.
650 4508 999 4581 lniquitatem
1029 4522 1160 4563 vero
1187 4515 1243 4562 et
1269 4506 1513 4561 laborem
1541 4505 1595 4559 in
1620 4503 1802 4559 medio
1821 4502 1937 4573 eius

2048 4503 2139 4557 τοῦ
2168 4506 2553 4579 προσχήματος
2582 4509 2932 4580 πράττουσιν.
2950 4511 3208 4585 Ἀνομίαν
3239 4513 3296 4567 δὲ
3334 4514 3428 4568 καὶ
3455 4515 3626 4567 κόπον

364 4613 417 4658 et
444 4603 764 4673 iniustitiam
791 4609 950 4657 vocat
969 4599 1288 4656 servitutem
1312 4598 1508 4654 littera:
1539 4614 1552 4650 :
1578 4596 1937 4666 iniquitatem,

2042 4594 2099 4647 ὲν
2131 4594 2282 4666 μέσῳ
2314 4596 2518 4668 αὐτῆς,
2554 4599 2648 4653 καὶ
2676 4598 2889 4671 ἀδικίαν
2916 4600 3065 4671 λέγει
3098 4602 3198 4667 τὴν
3237 4604 3483 4658 δουλείαν
3529 4603 3625 4656 τοῦ

363 4693 491 4764 quia
512 4695 684 4764 legem
714 4692 1032 4764 spiritaliter
1055 4708 1167 4747 non
1190 4699 1483 4747 servarunt
1532 4708 1546 4746 :
1593 4687 1937 4760 iniustitiam,

2042 4685 2399 4757 γράμματος·
2428 4689 2676 4777 ἀνομίαν,
2705 4691 2787 4745 ὅτι
2813 4692 2904 4748 τὸν
2925 4694 3089 4765 νόμον
3118 4695 3504 4765 πνευματικῶς
3527 4696 3630 4749 οὐκ

363 4782 490 4852 quia
514 4781 678 4836 tantis
706 4796 736 4835 a
765 4779 927 4835 Patre
979 4780 1260 4835 beneﬁciis
1298 4778 1499 4844 allecti,
1552 4776 1823 4834 medicum
1886 4781 1937 4830 et

2044 4777 2341 4847 ἐφύλαττον
2363 4794 2380 4810 ο
2414 4780 2648 4849 ἀδικίαν,
2694 4784 2776 4837 ὅτι
2805 4785 3074 4849 τοσαύτας
3105 4785 3256 4857 παρά
3282 4786 3378 4840 τοῦ
3415 4785 3628 4857 Πατρὶς

363 4874 591 4928 altorem
627 4886 786 4926 suum
812 4870 959 4926 cruci
990 4870 1352 4926 tradiderunt.
1378 4870 1499 4925 Non
1539 4868 1727 4941 defecit
1754 4875 1937 4921 autem

2044 4871 2367 4943 εὐεργεσίας
2387 4873 2691 4944 δεξάμενοι,
2720 4878 2936 4950 σταυρῷ
2958 4879 3047 4933 τὸν
3078 4879 3258 4950 la“:pr
3281 4879 3483 4933 καὶτὸν
3503 4895 3631 4948 τρο.

362 4967 427 5020 de
447 4964 636 5035 plateis
655 4965 770 5035 ejus
797 4979 959 5018 usura
989 4972 1037 5019 et
1058 4964 1229 5021 dolus.
1248 4963 1516 5021 Fortassis
1541 4961 1761 5033 quidem
1778 4959 1939 5014 etiam

359 5054 675 5110 Iudaeorum
702 5053 986 5109 avaritiam
1006 5064 1184 5121 taxat;
1216 5055 1332 5125 qui,
1368 5054 1499 5110 dum
1532 5053 1618 5106 lex
1659 5051 1811 5121 ipsos
1857 5048 1942 5104 fe-

364 5147 543 5204 ncrari
574 5147 925 5218 prohiberet,
953 5145 1080 5201 dolo
1109 5162 1305 5202 usuras
1329 5145 1450 5200 aliis
1475 5142 1721 5198 artiﬁciis
1752 5150 1942 5197 extor-

361 5239 624 5311 quebant.
648 5238 917 5295 Caeterum
953 5238 1291 5309 deceptionis
1326 5236 1488 5292 fenus
1516 5244 1600 5290 est
1617 5232 1938 5306 hypocrisis:

367 5333 483 5387 haec
508 5347 617 5386 una
643 5346 768 5386 cum
799 5330 926 5387 dolo
955 5330 1022 5385 de
1042 5329 1431 5402 Hierosolymze
1482 5326 1676 5398 plateis
1713 5325 1942 5380 minime

2048 4962 2155 5033 φέα
2183 4963 2528 5035 παρέδωκαν.
2553 4968 2675 5020 Οὐκ
2696 4968 2971 5032 ἐξέλειπε
3002 4970 3059 5024 δὲ
3088 4970 3155 5025 ἐκ
3184 4969 3306 5024 τῶν
3332 4968 3634 5023 πλατειῶν

2049 5052 2239 5122 αὐτῆς
2263 5055 2440 5121 τόκος
2470 5056 2568 5111 καὶ
2601 5057 2978 5126 δόλος.¹⁹1σως
3002 5061 3100 5131 μὲν
3122 5061 3216 5113 καὶ
3238 5060 3335 5131 τὴν
3367 5059 3477 5112 τῶν
3502 5060 3634 5112 ’ῐου-

2047 5144 2209 5199 δαίων
2232 5145 2596 5219 φιλαργυρίαν
2620 5148 2898 5204 διαϐάλλει
2919 5169 2936 5184 ·
2965 5152 3183 5216 οἵτινες,
3205 5151 3446 5216 τοκίζειν
3467 5150 3632 5205 αὐτοῦ

2049 5233 2142 5288 τοῦ
2173 5235 2340 5306 νόμου
2374 5236 2696 5301 κωλύοντος,
2733 5238 2872 5310 δόλῳ
2904 5240 3028 5303 τοὺς
3058 5239 3253 5304 τόκους
3281 5240 3348 5292 δι’
3378 5240 3634 5292 ἐπινοιῶν

2049 5326 2252 5397 ἑτέρων
2274 5326 2604 5398 ἐκέρδαινον.
2636 5329 2783 5399 Πλὴν
2801 5330 2958 5394 τόκος
2980 5330 3079 5401 τῆς
3102 5330 3318 5401 ἀπάτης
3344 5331 3378 5400 η
3407 5328 3635 5399 ὑπόκρι-

366 5422 570 5478 delrcit
604 5440 618 5477 :
652 5423 709 5478 in
739 5424 805 5480 iis
832 5423 978 5479 enim
1023 5432 1281 5493 tanquam
1318 5421 1372 5475 in
1436 5419 1729 5475 virtutibus
1788 5418 1937 5473 valde

2054 5433 2136 5480 σις
2154 5432 2169 5447 ο
2203 5404 2344 5485 αὕτη
2380 5417 2518 5487 μετὰ
2547 5419 2698 5471 δόλου
2725 5418 2824 5482 τὰς
2851 5418 2948 5488 τῆς
2985 5418 3344 5490 Ἰερουσαλὴμ
3370 5417 3634 5481 πλατείας

370 5512 744 5581 μηνίίιιεικιιιι.
777 5513 1168 5570 Verumtamen
1196 5520 1251 5567 et
1283 5526 1385 5567 nos
1419 5525 1728 5575 caveamus,
1753 5525 1823 5563 ne
1857 5509 1937 5565 die

2053 5508 2152 5560 οὐκ
2179 5507 2433 5560 ἐπέλειπε
2451 5523 2464 5537 ·
2506 5508 2711 5580 σφόδρα
2738 5509 2845 5581 γὰρ
2874 5509 2961 5562 ἐπ’
2989 5511 3172 5576 αὐτοῖς
3193 5509 3269 5576 ὠς
3301 5511 3388 5567 ἐπ’
3410 5510 3634 5580 ἀρεταῖς

445 5690 485 5721 ³³
521 5689 709 5745 Matth.
735 5709 877 5759 xw],
920 5695 1000 5749 l0.
1080 5694 1121 5725 ³¹
1150 5693 1307 5748 Joan.
1340 5710 1414 5757 lx,
1458 5692 1535 5747 I6.
1621 5692 1665 5722 ³³
1692 5689 1820 5743 Luc.
1852 5683 2008 5753 xxiii,
2045 5687 2095 5753 4,
2172 5688 2212 5718 ³³
2243 5685 2397 5740 Joan.
2437 5702 2547 5754 xu,
2584 5689 2632 5743 7.
