  <div class='ocr_page' id='page_1' title='image "/cluster/home/n/w/nwhite01/storage/ocr_20150623/93/mdp.39015078384313/616.png"; bbox 0 0 4032 6222; ppageno 0'>
   <div class='ocr_carea' id='block_1_1' title="bbox 405 346 536 461">
    <p class='ocr_par' dir='ltr' id='par_1_1' title="bbox 405 346 536 461">
     <span class='ocr_line' id='line_1_1' title="bbox 405 346 536 461; baseline -0.008 0"><span class='ocrx_word' id='word_1_1' title='bbox 405 346 536 461; x_wconf 66' lang='grc' dir='ltr'><strong>ιειτ</strong></span> 
     </span>
    </p>
   </div>
   <div class='ocr_carea' id='block_1_2' title="bbox 1488 350 2477 452">
    <p class='ocr_par' dir='ltr' id='par_1_2' title="bbox 1488 350 2477 452">
     <span class='ocr_line' id='line_1_2' title="bbox 1488 350 2477 452; baseline -0.003 0"><span class='ocrx_word' id='word_1_2' title='bbox 1488 385 1955 452; x_wconf 73' lang='lat' dir='ltr'><strong>FRAGMENTA</strong></span> <span class='ocrx_word' id='word_1_3' title='bbox 1990 350 2073 448; x_wconf 74' lang='lat' dir='ltr'><strong>1N</strong></span> <span class='ocrx_word' id='word_1_4' title='bbox 2114 385 2477 449; x_wconf 82' lang='lat' dir='ltr'><strong>PSALMOS.</strong></span> 
     </span>
    </p>
   </div>
   <div class='ocr_carea' id='block_1_3' title="bbox 3516 386 3653 453">
    <p class='ocr_par' dir='ltr' id='par_1_3' title="bbox 3516 386 3653 453">
     <span class='ocr_line' id='line_1_3' title="bbox 3516 386 3653 453; baseline 0.015 -2"><span class='ocrx_word' id='word_1_5' title='bbox 3516 386 3653 453; x_wconf 78' lang='lat'><strong>1218</strong></span> 
     </span>
    </p>
   </div>
   <div class='ocr_carea' id='block_1_4' title="bbox 400 500 1987 585">
    <p class='ocr_par' dir='ltr' id='par_1_4' title="bbox 400 502 1976 585">
     <span class='ocr_line' id='line_1_4' title="bbox 400 502 1976 585; baseline -0.008 -17"><span class='ocrx_word' id='word_1_6' title='bbox 400 507 891 585; x_wconf 70' lang='grc' dir='ltr'><strong>ιπαρῤησιάζονιο.</strong></span> <span class='ocrx_word' id='word_1_7' title='bbox 920 508 1069 582; x_wconf 79' lang='grc' dir='ltr'><strong>Πλὴν</strong></span> <span class='ocrx_word' id='word_1_8' title='bbox 1110 509 1207 565; x_wconf 69' lang='grc' dir='ltr'><strong>καὶ</strong></span> <span class='ocrx_word' id='word_1_9' title='bbox 1254 507 1415 581; x_wconf 77' lang='grc' dir='ltr'><strong>ἡμεῖς</strong></span> <span class='ocrx_word' id='word_1_10' title='bbox 1462 505 1851 577; x_wconf 83' lang='grc' dir='ltr'><strong>φυλαξώμεθα,</strong></span> <span class='ocrx_word' id='word_1_11' title='bbox 1886 502 1976 558; x_wconf 74' lang='grc' dir='ltr'><strong>καὶ</strong></span> 
     </span>
    </p>
   </div>
   <div class='ocr_carea' id='block_1_5' title="bbox 2087 500 3667 585">
    <p class='ocr_par' dir='ltr' id='par_1_5' title="bbox 2087 500 3667 575">
     <span class='ocr_line' id='line_1_5' title="bbox 2087 500 3667 575; baseline 0.005 -21"><span class='ocrx_word' id='word_1_12' title='bbox 2087 516 2257 571; x_wconf 90' lang='lat' dir='ltr'><strong>neque</strong></span> <span class='ocrx_word' id='word_1_13' title='bbox 2282 511 2445 557; x_wconf 91' lang='lat' dir='ltr'><strong>nocte</strong></span> <span class='ocrx_word' id='word_1_14' title='bbox 2473 515 2638 573; x_wconf 85' lang='lat' dir='ltr'><strong>super</strong></span> <span class='ocrx_word' id='word_1_15' title='bbox 2667 516 2855 559; x_wconf 90' lang='lat' dir='ltr'><strong>muros</strong></span> <span class='ocrx_word' id='word_1_16' title='bbox 2881 510 3117 572; x_wconf 90' lang='lat' dir='ltr'><strong>nostros,</strong></span> <span class='ocrx_word' id='word_1_17' title='bbox 3152 518 3350 575; x_wconf 87' lang='lat' dir='ltr'><strong>nempe</strong></span> <span class='ocrx_word' id='word_1_18' title='bbox 3401 500 3667 569; x_wconf 53' lang='lat' dir='ltr'><strong>virtutes.</strong></span> 
     </span>
    </p>
   </div>
   <div class='ocr_carea' id='block_1_6' title="bbox 403 594 1983 677">
    <p class='ocr_par' dir='ltr' id='par_1_6' title="bbox 403 594 1983 677">
     <span class='ocr_line' id='line_1_6' title="bbox 403 594 1983 677; baseline -0.007 -18"><span class='ocrx_word' id='word_1_19' title='bbox 403 605 544 677; x_wconf 85' lang='grc' dir='ltr'><strong>μήτε</strong></span> <span class='ocrx_word' id='word_1_20' title='bbox 576 601 794 675; x_wconf 79' lang='grc' dir='ltr'><strong>ἡμέρας</strong></span> <span class='ocrx_word' id='word_1_21' title='bbox 825 602 966 675; x_wconf 83' lang='grc' dir='ltr'><strong>μήτε</strong></span> <span class='ocrx_word' id='word_1_22' title='bbox 989 603 1184 667; x_wconf 79' lang='grc' dir='ltr'><strong>νυκτὸς</strong></span> <span class='ocrx_word' id='word_1_23' title='bbox 1207 602 1300 655; x_wconf 76' lang='grc' dir='ltr'><strong>ἐπὶ</strong></span> <span class='ocrx_word' id='word_1_24' title='bbox 1328 600 1398 655; x_wconf 92' lang='grc' dir='ltr'><strong>τά</strong></span> <span class='ocrx_word' id='word_1_25' title='bbox 1418 600 1659 673; x_wconf 74' lang='grc' dir='ltr'><strong>ἡμέτερα</strong></span> <span class='ocrx_word' id='word_1_26' title='bbox 1686 597 1863 668; x_wconf 81' lang='grc' dir='ltr'><strong>τείχη,</strong></span> <span class='ocrx_word' id='word_1_27' title='bbox 1887 594 1983 667; x_wconf 84' lang='grc' dir='ltr'><strong>δη·</strong></span> 
     </span>
    </p>
   </div>
   <div class='ocr_carea' id='block_1_7' title="bbox 401 689 1981 767">
    <p class='ocr_par' dir='ltr' id='par_1_7' title="bbox 401 689 1981 767">
     <span class='ocr_line' id='line_1_7' title="bbox 401 689 1981 767; baseline -0.005 -17"><span class='ocrx_word' id='word_1_28' title='bbox 401 696 532 767; x_wconf 83' lang='grc' dir='ltr'><strong>λαδὴ</strong></span> <span class='ocrx_word' id='word_1_29' title='bbox 573 694 676 759; x_wconf 84' lang='grc' dir='ltr'><strong>τὰς</strong></span> <span class='ocrx_word' id='word_1_30' title='bbox 721 695 945 767; x_wconf 79' lang='grc' dir='ltr'><strong>άρετάς,</strong></span> <span class='ocrx_word' id='word_1_31' title='bbox 979 693 1213 764; x_wconf 77' lang='grc' dir='ltr'><strong>ἀνομίαν</strong></span> <span class='ocrx_word' id='word_1_32' title='bbox 1243 692 1388 764; x_wconf 73' lang='grc' dir='ltr'><strong>ἔχειν</strong></span> <span class='ocrx_word' id='word_1_33' title='bbox 1437 693 1472 763; x_wconf 85' lang='grc' dir='ltr'>ἢ</span> <span class='ocrx_word' id='word_1_34' title='bbox 1503 692 1640 753; x_wconf 77' lang='grc' dir='ltr'><strong>ὅλως</strong></span> <span class='ocrx_word' id='word_1_35' title='bbox 1672 689 1981 759; x_wconf 74' lang='grc' dir='ltr'><strong>ἀντιλογίαν</strong></span> 
     </span>
    </p>
   </div>
   <div class='ocr_carea' id='block_1_8' title="bbox 403 782 1981 861">
    <p class='ocr_par' dir='ltr' id='par_1_8' title="bbox 403 782 1981 861">
     <span class='ocr_line' id='line_1_8' title="bbox 403 782 1981 861; baseline -0.004 -18"><span class='ocrx_word' id='word_1_36' title='bbox 403 788 837 861; x_wconf 81' lang='grc' dir='ltr'><strong>καρτερήσωμεν</strong></span> <span class='ocrx_word' id='word_1_37' title='bbox 856 802 871 817; x_wconf 90' lang='grc'><strong>·</strong></span> <span class='ocrx_word' id='word_1_38' title='bbox 897 787 1034 840; x_wconf 82' lang='grc' dir='ltr'><strong>ἀλλὰ</strong></span> <span class='ocrx_word' id='word_1_39' title='bbox 1057 785 1190 858; x_wconf 76' lang='grc' dir='ltr'><strong>μηδὲ</strong></span> <span class='ocrx_word' id='word_1_40' title='bbox 1209 785 1422 855; x_wconf 88' lang='grc' dir='ltr'><strong>τόκονῆ</strong></span> <span class='ocrx_word' id='word_1_41' title='bbox 1446 784 1594 838; x_wconf 79' lang='grc' dir='ltr'><strong>δόλον</strong></span> <span class='ocrx_word' id='word_1_42' title='bbox 1616 785 1673 837; x_wconf 72' lang='grc' dir='ltr'><strong>ὲν</strong></span> <span class='ocrx_word' id='word_1_43' title='bbox 1697 782 1981 847; x_wconf 80' lang='grc' dir='ltr'><strong>πλατείαις</strong></span> 
     </span>
    </p>
   </div>
   <div class='ocr_carea' id='block_1_9' title="bbox 403 874 1982 951">
    <p class='ocr_par' dir='ltr' id='par_1_9' title="bbox 403 874 1982 951">
     <span class='ocr_line' id='line_1_9' title="bbox 403 874 1982 951; baseline -0.003 -19"><span class='ocrx_word' id='word_1_44' title='bbox 403 880 525 943; x_wconf 82' lang='grc' dir='ltr'><strong>ταῖς</strong></span> <span class='ocrx_word' id='word_1_45' title='bbox 556 880 858 951; x_wconf 80' lang='grc' dir='ltr'><strong>ήμετέραις</strong></span> <span class='ocrx_word' id='word_1_46' title='bbox 898 878 1134 950; x_wconf 74' lang='grc' dir='ltr'><strong>ἔχωμεν.</strong></span> <span class='ocrx_word' id='word_1_47' title='bbox 1173 879 1433 932; x_wconf 82' lang='grc' dir='ltr'><strong>Πλατεῖαι</strong></span> <span class='ocrx_word' id='word_1_48' title='bbox 1466 876 1576 947; x_wconf 88' lang='grc' dir='ltr'><strong>γὰρ</strong></span> <span class='ocrx_word' id='word_1_49' title='bbox 1607 876 1705 929; x_wconf 65' lang='grc' dir='ltr'><strong>καὶ</strong></span> <span class='ocrx_word' id='word_1_50' title='bbox 1726 874 1982 929; x_wconf 64' lang='lat' dir='ltr'><strong>seems.</strong></span> 
     </span>
    </p>
   </div>
   <div class='ocr_carea' id='block_1_10' title="bbox 407 965 1979 1042">
    <p class='ocr_par' dir='ltr' id='par_1_10' title="bbox 407 965 1979 1042">
     <span class='ocr_line' id='line_1_10' title="bbox 407 965 1979 1042; baseline -0.004 -17"><span class='ocrx_word' id='word_1_51' title='bbox 407 989 497 1025; x_wconf 89' lang='grc' dir='ltr'><strong>σαι</strong></span> <span class='ocrx_word' id='word_1_52' title='bbox 515 972 575 1026; x_wconf 72' lang='grc' dir='ltr'><strong>αἱ</strong></span> <span class='ocrx_word' id='word_1_53' title='bbox 590 971 719 1038; x_wconf 78' lang='grc' dir='ltr'><strong>ὁδοὶ,</strong></span> <span class='ocrx_word' id='word_1_54' title='bbox 738 972 798 1025; x_wconf 82' lang='grc' dir='ltr'><strong>ὲν</strong></span> <span class='ocrx_word' id='word_1_55' title='bbox 818 965 907 1036; x_wconf 77' lang='grc' dir='ltr'><strong>αἷς</strong></span> <span class='ocrx_word' id='word_1_56' title='bbox 926 970 996 1025; x_wconf 86' lang='grc' dir='ltr'><strong>τὰ</strong></span> <span class='ocrx_word' id='word_1_57' title='bbox 1017 970 1471 1042; x_wconf 82' lang='grc' dir='ltr'><strong>πλημμελήματα</strong></span> <span class='ocrx_word' id='word_1_58' title='bbox 1495 969 1557 1022; x_wconf 79' lang='grc' dir='ltr'><strong>οὑ</strong></span> <span class='ocrx_word' id='word_1_59' title='bbox 1580 968 1689 1040; x_wconf 78' lang='grc' dir='ltr'><strong>μὴν</strong></span> <span class='ocrx_word' id='word_1_60' title='bbox 1708 969 1789 1033; x_wconf 85' lang='grc' dir='ltr'><strong>είς</strong></span> <span class='ocrx_word' id='word_1_61' title='bbox 1813 965 1979 1038; x_wconf 80' lang='grc' dir='ltr'><strong>ζωὴν,</strong></span> 
     </span>
    </p>
   </div>
   <div class='ocr_carea' id='block_1_11' title="bbox 404 1060 1203 1130">
    <p class='ocr_par' dir='ltr' id='par_1_11' title="bbox 404 1060 1203 1130">
     <span class='ocr_line' id='line_1_11' title="bbox 404 1060 1203 1130; baseline -0.003 -13"><span class='ocrx_word' id='word_1_62' title='bbox 404 1061 520 1117; x_wconf 79' lang='grc' dir='ltr'><strong>ἀλλ’</strong></span> <span class='ocrx_word' id='word_1_63' title='bbox 541 1063 624 1127; x_wconf 78' lang='grc' dir='ltr'><strong>είς</strong></span> <span class='ocrx_word' id='word_1_64' title='bbox 650 1060 932 1115; x_wconf 79' lang='grc' dir='ltr'><strong>ἀπώλειαν</strong></span> <span class='ocrx_word' id='word_1_65' title='bbox 959 1061 1203 1130; x_wconf 77' lang='grc' dir='ltr'><strong>ἄγουσιν.</strong></span> 
     </span>
    </p>
   </div>
   <div class='ocr_carea' id='block_1_12' title="bbox 476 1153 1376 1227">
    <p class='ocr_par' dir='ltr' id='par_1_12' title="bbox 476 1153 1376 1227">
     <span class='ocr_line' id='line_1_12' title="bbox 476 1153 1376 1227; baseline -0.004 -17"><span class='ocrx_word' id='word_1_66' title='bbox 476 1154 634 1210; x_wconf 72' lang='grc' dir='ltr'><strong>ιὊτι</strong></span> <span class='ocrx_word' id='word_1_67' title='bbox 662 1156 712 1209; x_wconf 78' lang='grc' dir='ltr'><strong>εί</strong></span> <span class='ocrx_word' id='word_1_68' title='bbox 739 1154 932 1227; x_wconf 70' lang='grc' dir='ltr'><strong>ἐχθρὸς</strong></span> <span class='ocrx_word' id='word_1_69' title='bbox 959 1153 1205 1208; x_wconf 78' lang='grc' dir='ltr'><strong>ὠνείδισέ</strong></span> <span class='ocrx_word' id='word_1_70' title='bbox 1238 1168 1328 1225; x_wconf 84' lang='grc' dir='ltr'><strong>με.</strong></span> <span class='ocrx_word' id='word_1_71' title='bbox 1354 1170 1376 1206; x_wconf 70' lang='grc' dir='ltr'><strong>ι</strong></span> 
     </span>
    </p>
   </div>
   <div class='ocr_carea' id='block_1_13' title="bbox 473 1316 1982 1401">
    <p class='ocr_par' dir='ltr' id='par_1_13' title="bbox 473 1316 1982 1401">
     <span class='ocr_line' id='line_1_13' title="bbox 473 1316 1982 1401; baseline -0.009 -18"><span class='ocrx_word' id='word_1_72' title='bbox 473 1327 692 1401; x_wconf 62' lang='grc' dir='ltr'><strong>θορητά</strong></span> <span class='ocrx_word' id='word_1_73' title='bbox 714 1325 785 1380; x_wconf 88' lang='grc' dir='ltr'><strong>τά</strong></span> <span class='ocrx_word' id='word_1_74' title='bbox 803 1325 957 1398; x_wconf 86' lang='grc' dir='ltr'><strong>παρά</strong></span> <span class='ocrx_word' id='word_1_75' title='bbox 971 1323 1081 1380; x_wconf 90' lang='grc' dir='ltr'><strong>τῶν</strong></span> <span class='ocrx_word' id='word_1_76' title='bbox 1102 1322 1313 1394; x_wconf 70' lang='grc' dir='ltr'><strong>ὶχθρῶν</strong></span> <span class='ocrx_word' id='word_1_77' title='bbox 1326 1317 1873 1390; x_wconf 80' lang='grc' dir='ltr'><strong>ἀποκεκαλυμμένων</strong></span> <span class='ocrx_word' id='word_1_78' title='bbox 1891 1316 1982 1371; x_wconf 86' lang='grc' dir='ltr'><strong>διά</strong></span> 
     </span>
    </p>
   </div>
   <div class='ocr_carea' id='block_1_14' title="bbox 401 1407 1987 1490">
    <p class='ocr_par' dir='ltr' id='par_1_14' title="bbox 401 1407 1987 1490">
     <span class='ocr_line' id='line_1_14' title="bbox 401 1407 1987 1490; baseline -0.009 -16"><span class='ocrx_word' id='word_1_79' title='bbox 401 1420 564 1475; x_wconf 78' lang='grc' dir='ltr'><strong>τοῦτο</strong></span> <span class='ocrx_word' id='word_1_80' title='bbox 600 1418 918 1490; x_wconf 82' lang='grc' dir='ltr'><strong>νομίζεται,</strong></span> <span class='ocrx_word' id='word_1_81' title='bbox 956 1416 1255 1487; x_wconf 76' lang='grc' dir='ltr'><strong>ἐπειδήπερ</strong></span> <span class='ocrx_word' id='word_1_82' title='bbox 1291 1412 1515 1484; x_wconf 80' lang='grc' dir='ltr'><strong>εὐχερὲς</strong></span> <span class='ocrx_word' id='word_1_83' title='bbox 1542 1409 1718 1463; x_wconf 85' lang='grc' dir='ltr'><strong>ταῦτα</strong></span> <span class='ocrx_word' id='word_1_84' title='bbox 1751 1407 1987 1478; x_wconf 79' lang='grc' dir='ltr'><strong>φυλάξα-</strong></span> 
     </span>
    </p>
   </div>
   <div class='ocr_carea' id='block_1_15' title="bbox 405 1499 1985 1580">
    <p class='ocr_par' dir='ltr' id='par_1_15' title="bbox 405 1499 1985 1580">
     <span class='ocr_line' id='line_1_15' title="bbox 405 1499 1985 1580; baseline -0.011 -13"><span class='ocrx_word' id='word_1_85' title='bbox 405 1512 556 1566; x_wconf 81' lang='grc' dir='ltr'><strong>σθαι·</strong></span> <span class='ocrx_word' id='word_1_86' title='bbox 580 1513 631 1565; x_wconf 90' lang='grc' dir='ltr'><strong>οἱ</strong></span> <span class='ocrx_word' id='word_1_87' title='bbox 650 1510 707 1564; x_wconf 79' lang='grc' dir='ltr'><strong>δὲ</strong></span> <span class='ocrx_word' id='word_1_88' title='bbox 737 1510 884 1580; x_wconf 88' lang='grc' dir='ltr'><strong>φίλοι</strong></span> <span class='ocrx_word' id='word_1_89' title='bbox 907 1506 1216 1571; x_wconf 81' lang='grc' dir='ltr'><strong>δοκοῦντες,</strong></span> <span class='ocrx_word' id='word_1_90' title='bbox 1231 1506 1298 1558; x_wconf 92' lang='grc' dir='ltr'><strong>τά</strong></span> <span class='ocrx_word' id='word_1_91' title='bbox 1316 1504 1427 1557; x_wconf 91' lang='grc' dir='ltr'><strong>τῶν</strong></span> <span class='ocrx_word' id='word_1_92' title='bbox 1458 1501 1673 1572; x_wconf 74' lang='grc' dir='ltr'><strong>ἐχθρῶν</strong></span> <span class='ocrx_word' id='word_1_93' title='bbox 1695 1499 1985 1569; x_wconf 79' lang='grc' dir='ltr'><strong>λογιζόμε-</strong></span> 
     </span>
    </p>
   </div>
   <div class='ocr_carea' id='block_1_16' title="bbox 405 1590 1986 1671">
    <p class='ocr_par' dir='ltr' id='par_1_16' title="bbox 405 1590 1986 1671">
     <span class='ocr_line' id='line_1_16' title="bbox 405 1590 1986 1671; baseline -0.01 -13"><span class='ocrx_word' id='word_1_94' title='bbox 405 1622 509 1668; x_wconf 93' lang='grc' dir='ltr'><strong>νοι,</strong></span> <span class='ocrx_word' id='word_1_95' title='bbox 538 1603 639 1656; x_wconf 80' lang='grc' dir='ltr'><strong>οὐκ</strong></span> <span class='ocrx_word' id='word_1_96' title='bbox 674 1603 780 1655; x_wconf 65' lang='lat' dir='ltr'><strong>sict</strong></span> <span class='ocrx_word' id='word_1_97' title='bbox 817 1597 1081 1671; x_wconf 81' lang='grc' dir='ltr'><strong>φορητοί’</strong></span> <span class='ocrx_word' id='word_1_98' title='bbox 1120 1595 1298 1667; x_wconf 83' lang='grc' dir='ltr'><strong>μέλιτι</strong></span> <span class='ocrx_word' id='word_1_99' title='bbox 1324 1594 1432 1666; x_wconf 84' lang='grc' dir='ltr'><strong>γὰρ</strong></span> <span class='ocrx_word' id='word_1_100' title='bbox 1462 1592 1554 1646; x_wconf 78' lang='grc' dir='ltr'><strong>τὸν</strong></span> <span class='ocrx_word' id='word_1_101' title='bbox 1596 1590 1674 1645; x_wconf 79' lang='grc' dir='ltr'><strong>ίδν</strong></span> <span class='ocrx_word' id='word_1_102' title='bbox 1715 1590 1986 1659; x_wconf 78' lang='grc' dir='ltr'><strong>κεράσανο</strong></span> 
     </span>
    </p>
   </div>
   <div class='ocr_carea' id='block_1_17' title="bbox 404 1680 1987 1757">
    <p class='ocr_par' dir='ltr' id='par_1_17' title="bbox 404 1680 1987 1757">
     <span class='ocr_line' id='line_1_17' title="bbox 404 1680 1987 1757; baseline -0.007 -12"><span class='ocrx_word' id='word_1_103' title='bbox 404 1709 496 1757; x_wconf 82' lang='grc' dir='ltr'><strong>τες</strong></span> <span class='ocrx_word' id='word_1_104' title='bbox 521 1692 874 1751; x_wconf 81' lang='grc' dir='ltr'><strong>λανθάνοντα,</strong></span> <span class='ocrx_word' id='word_1_105' title='bbox 904 1685 1378 1750; x_wconf 73' lang='grc' dir='ltr'><strong>κατασκευάζουσι</strong></span> <span class='ocrx_word' id='word_1_106' title='bbox 1405 1685 1662 1740; x_wconf 86' lang='grc' dir='ltr'><strong>θάνατον.</strong></span> <span class='ocrx_word' id='word_1_107' title='bbox 1695 1682 1867 1736; x_wconf 82' lang='grc' dir='ltr'><strong>Τοῦτο</strong></span> <span class='ocrx_word' id='word_1_108' title='bbox 1891 1680 1987 1735; x_wconf 66' lang='grc' dir='ltr'><strong>καὶ</strong></span> 
     </span>
    </p>
   </div>
   <div class='ocr_carea' id='block_1_18' title="bbox 404 1771 1985 1856">
    <p class='ocr_par' dir='ltr' id='par_1_18' title="bbox 404 1771 1985 1856">
     <span class='ocr_line' id='line_1_18' title="bbox 404 1771 1985 1856; baseline -0.01 -17"><span class='ocrx_word' id='word_1_109' title='bbox 404 1785 482 1856; x_wconf 82' lang='grc' dir='ltr'><strong>τῷ</strong></span> <span class='ocrx_word' id='word_1_110' title='bbox 514 1784 683 1856; x_wconf 77' lang='grc' dir='ltr'><strong>Ἰούδᾳ</strong></span> <span class='ocrx_word' id='word_1_111' title='bbox 726 1785 755 1837; x_wconf 88' lang='grc' dir='ltr'>ὁ</span> <span class='ocrx_word' id='word_1_112' title='bbox 799 1782 1033 1852; x_wconf 78' lang='grc' dir='ltr'><strong>Χριστὸς</strong></span> <span class='ocrx_word' id='word_1_113' title='bbox 1064 1780 1155 1834; x_wconf 88' lang='grc' dir='ltr'><strong>διά</strong></span> <span class='ocrx_word' id='word_1_114' title='bbox 1190 1782 1286 1849; x_wconf 78' lang='grc' dir='ltr'><strong>τῆς</strong></span> <span class='ocrx_word' id='word_1_115' title='bbox 1318 1775 1603 1847; x_wconf 83' lang='grc' dir='ltr'><strong>παρούσης</strong></span> <span class='ocrx_word' id='word_1_116' title='bbox 1648 1771 1985 1846; x_wconf 78' lang='grc' dir='ltr'><strong>προφητείας</strong></span> 
     </span>
    </p>
   </div>
   <div class='ocr_carea' id='block_1_19' title="bbox 2084 593 3655 665">
    <p class='ocr_par' dir='ltr' id='par_1_19' title="bbox 2084 593 3655 665">
     <span class='ocr_line' id='line_1_19' title="bbox 2084 593 3655 665; baseline 0.001 -15"><span class='ocrx_word' id='word_1_117' title='bbox 2084 593 2384 658; x_wconf 79' lang='lat' dir='ltr'><strong>habeamus</strong></span> <span class='ocrx_word' id='word_1_118' title='bbox 2416 594 2784 665; x_wconf 76' lang='lat' dir='ltr'><strong>iniquitatem,</strong></span> <span class='ocrx_word' id='word_1_119' title='bbox 2803 597 2888 652; x_wconf 91' lang='lat' dir='ltr'><strong>vel</strong></span> <span class='ocrx_word' id='word_1_120' title='bbox 2913 598 3138 653; x_wconf 85' lang='lat' dir='ltr'><strong>omnino</strong></span> <span class='ocrx_word' id='word_1_121' title='bbox 3167 598 3655 655; x_wconf 75' lang='lat' dir='ltr'><strong>contradictionem</strong></span> 
     </span>
    </p>
   </div>
   <div class='ocr_carea' id='block_1_20' title="bbox 2083 688 3659 761">
    <p class='ocr_par' dir='ltr' id='par_1_20' title="bbox 2083 688 3659 761">
     <span class='ocr_line' id='line_1_20' title="bbox 2083 688 3659 761; baseline -0.001 -16"><span class='ocrx_word' id='word_1_122' title='bbox 2083 688 2413 745; x_wconf 84' lang='lat' dir='ltr'><strong>toleremus:</strong></span> <span class='ocrx_word' id='word_1_123' title='bbox 2448 688 2543 743; x_wconf 90' lang='lat' dir='ltr'><strong>sed</strong></span> <span class='ocrx_word' id='word_1_124' title='bbox 2575 703 2753 759; x_wconf 90' lang='lat' dir='ltr'><strong>neque</strong></span> <span class='ocrx_word' id='word_1_125' title='bbox 2781 703 3003 744; x_wconf 88' lang='lat' dir='ltr'><strong>usuram</strong></span> <span class='ocrx_word' id='word_1_126' title='bbox 3049 689 3135 744; x_wconf 89' lang='lat' dir='ltr'><strong>vel</strong></span> <span class='ocrx_word' id='word_1_127' title='bbox 3166 688 3350 744; x_wconf 90' lang='lat' dir='ltr'><strong>dolum</strong></span> <span class='ocrx_word' id='word_1_128' title='bbox 3377 689 3432 743; x_wconf 89' lang='lat' dir='ltr'><strong>in</strong></span> <span class='ocrx_word' id='word_1_129' title='bbox 3463 691 3659 761; x_wconf 76' lang='lat' dir='ltr'><strong>plateis</strong></span> 
     </span>
    </p>
   </div>
   <div class='ocr_carea' id='block_1_21' title="bbox 2083 778 3653 847">
    <p class='ocr_par' dir='ltr' id='par_1_21' title="bbox 2083 778 3653 847">
     <span class='ocr_line' id='line_1_21' title="bbox 2083 778 3653 847; baseline -0.002 -9"><span class='ocrx_word' id='word_1_130' title='bbox 2083 780 2285 839; x_wconf 76' lang='lat' dir='ltr'><strong>nostris</strong></span> <span class='ocrx_word' id='word_1_131' title='bbox 2313 779 2632 835; x_wconf 86' lang='lat' dir='ltr'><strong>habeamus.</strong></span> <span class='ocrx_word' id='word_1_132' title='bbox 2670 778 2871 836; x_wconf 72' lang='lat' dir='ltr'><strong>Platea:</strong></span> <span class='ocrx_word' id='word_1_133' title='bbox 2890 780 3039 836; x_wconf 92' lang='lat' dir='ltr'><strong>enim</strong></span> <span class='ocrx_word' id='word_1_134' title='bbox 3064 788 3119 835; x_wconf 90' lang='lat' dir='ltr'><strong>et</strong></span> <span class='ocrx_word' id='word_1_135' title='bbox 3174 780 3295 835; x_wconf 64' lang='lat' dir='ltr'><strong>lata:</strong></span> <span class='ocrx_word' id='word_1_136' title='bbox 3351 780 3453 835; x_wconf 68' lang='lat' dir='ltr'><strong>via:</strong></span> <span class='ocrx_word' id='word_1_137' title='bbox 3502 789 3653 847; x_wconf 89' lang='lat' dir='ltr'><strong>sunt,</strong></span> 
     </span>
    </p>
   </div>
   <div class='ocr_carea' id='block_1_22' title="bbox 2083 870 3655 943">
    <p class='ocr_par' dir='ltr' id='par_1_22' title="bbox 2083 870 3655 943">
     <span class='ocr_line' id='line_1_22' title="bbox 2083 870 3655 943; baseline -0.001 -15"><span class='ocrx_word' id='word_1_138' title='bbox 2083 872 2141 928; x_wconf 92' lang='lat' dir='ltr'><strong>in</strong></span> <span class='ocrx_word' id='word_1_139' title='bbox 2177 872 2375 943; x_wconf 87' lang='lat' dir='ltr'><strong>quibus</strong></span> <span class='ocrx_word' id='word_1_140' title='bbox 2398 871 2593 929; x_wconf 79' lang='lat' dir='ltr'><strong>delicta</strong></span> <span class='ocrx_word' id='word_1_141' title='bbox 2620 887 2730 929; x_wconf 92' lang='lat' dir='ltr'><strong>non</strong></span> <span class='ocrx_word' id='word_1_142' title='bbox 2754 872 2824 929; x_wconf 88' lang='lat' dir='ltr'><strong>ad</strong></span> <span class='ocrx_word' id='word_1_143' title='bbox 2852 872 3044 940; x_wconf 87' lang='lat' dir='ltr'><strong>vitam,</strong></span> <span class='ocrx_word' id='word_1_144' title='bbox 3098 871 3197 930; x_wconf 87' lang='lat' dir='ltr'><strong>sed</strong></span> <span class='ocrx_word' id='word_1_145' title='bbox 3249 870 3317 928; x_wconf 92' lang='lat' dir='ltr'><strong>ad</strong></span> <span class='ocrx_word' id='word_1_146' title='bbox 3371 871 3655 927; x_wconf 88' lang='lat' dir='ltr'><strong>interitum</strong></span> 
     </span>
    </p>
   </div>
   <div class='ocr_carea' id='block_1_23' title="bbox 2082 960 2309 1017">
    <p class='ocr_par' dir='ltr' id='par_1_23' title="bbox 2082 960 2309 1017">
     <span class='ocr_line' id='line_1_23' title="bbox 2082 960 2309 1017; baseline 0 0"><span class='ocrx_word' id='word_1_147' title='bbox 2082 960 2309 1017; x_wconf 90' lang='lat' dir='ltr'><strong>ducunt.</strong></span> 
     </span>
    </p>
   </div>
   <div class='ocr_carea' id='block_1_24' title="bbox 2155 1137 3657 1213">
    <p class='ocr_par' dir='ltr' id='par_1_24' title="bbox 2155 1137 3657 1213">
     <span class='ocr_line' id='line_1_24' title="bbox 2155 1137 3657 1213; baseline 0 -16"><span class='ocrx_word' id='word_1_148' title='bbox 2155 1139 2320 1197; x_wconf 78' lang='lat' dir='ltr'><strong>Vens.</strong></span> <span class='ocrx_word' id='word_1_149' title='bbox 2345 1139 2435 1196; x_wconf 75' lang='lat' dir='ltr'><strong>i3.</strong></span> <span class='ocrx_word' id='word_1_150' title='bbox 2462 1156 2483 1192; x_wconf 73' lang='grc' dir='ltr'><strong>ι</strong></span> <span class='ocrx_word' id='word_1_151' title='bbox 2528 1137 2798 1207; x_wconf 83' lang='lat' dir='ltr'><strong>Quoniam</strong></span> <span class='ocrx_word' id='word_1_152' title='bbox 2853 1139 2904 1197; x_wconf 87' lang='lat' dir='ltr'><strong>si</strong></span> <span class='ocrx_word' id='word_1_153' title='bbox 2963 1139 3220 1197; x_wconf 88' lang='lat' dir='ltr'><strong>inimicus</strong></span> <span class='ocrx_word' id='word_1_154' title='bbox 3274 1142 3657 1213; x_wconf 80' lang='lat' dir='ltr'><strong>exprobrasset</strong></span> 
     </span>
    </p>
   </div>
   <div class='ocr_carea' id='block_1_25' title="bbox 2083 1246 2251 1288">
    <p class='ocr_par' dir='ltr' id='par_1_25' title="bbox 2083 1246 2251 1288">
     <span class='ocr_line' id='line_1_25' title="bbox 2083 1246 2251 1288; baseline -0.018 0"><span class='ocrx_word' id='word_1_155' title='bbox 2083 1246 2193 1288; x_wconf 89' lang='lat' dir='ltr'><strong>me.</strong></span> <span class='ocrx_word' id='word_1_156' title='bbox 2231 1251 2251 1285; x_wconf 72' lang='grc' dir='ltr'><strong>ι</strong></span> 
     </span>
    </p>
   </div>
   <div class='ocr_carea' id='block_1_26' title="bbox 2154 1322 3657 1396">
    <p class='ocr_par' dir='ltr' id='par_1_26' title="bbox 2154 1322 3657 1396">
     <span class='ocr_line' id='line_1_26' title="bbox 2154 1322 3657 1396; baseline 0.001 -18"><span class='ocrx_word' id='word_1_157' title='bbox 2154 1323 2229 1380; x_wconf 88' lang='lat' dir='ltr'><strong>Ea</strong></span> <span class='ocrx_word' id='word_1_158' title='bbox 2255 1341 2377 1396; x_wconf 68' lang='lat' dir='ltr'><strong>quas</strong></span> <span class='ocrx_word' id='word_1_159' title='bbox 2408 1341 2438 1381; x_wconf 91' lang='lat' dir='ltr'><strong>a</strong></span> <span class='ocrx_word' id='word_1_160' title='bbox 2468 1325 2778 1383; x_wconf 83' lang='lat' dir='ltr'><strong>manifestis</strong></span> <span class='ocrx_word' id='word_1_161' title='bbox 2806 1323 3038 1381; x_wconf 83' lang='lat' dir='ltr'><strong>inimicis</strong></span> <span class='ocrx_word' id='word_1_162' title='bbox 3089 1322 3404 1379; x_wconf 89' lang='lat' dir='ltr'><strong>inferuntur</strong></span> <span class='ocrx_word' id='word_1_163' title='bbox 3453 1322 3657 1379; x_wconf 89' lang='lat' dir='ltr'><strong>ideirco</strong></span> 
     </span>
    </p>
   </div>
   <div class='ocr_carea' id='block_1_27' title="bbox 2087 1414 3655 1487">
    <p class='ocr_par' dir='ltr' id='par_1_27' title="bbox 2087 1414 3655 1487">
     <span class='ocr_line' id='line_1_27' title="bbox 2087 1414 3655 1487; baseline 0 -17"><span class='ocrx_word' id='word_1_164' title='bbox 2087 1415 2387 1473; x_wconf 82' lang='lat' dir='ltr'><strong>tolerabilia</strong></span> <span class='ocrx_word' id='word_1_165' title='bbox 2415 1425 2732 1483; x_wconf 86' lang='lat' dir='ltr'><strong>censentur,</strong></span> <span class='ocrx_word' id='word_1_166' title='bbox 2790 1416 2918 1487; x_wconf 89' lang='lat' dir='ltr'><strong>quia</strong></span> <span class='ocrx_word' id='word_1_167' title='bbox 2961 1414 3121 1472; x_wconf 83' lang='lat' dir='ltr'><strong>facile</strong></span> <span class='ocrx_word' id='word_1_168' title='bbox 3165 1425 3249 1471; x_wconf 90' lang='lat' dir='ltr'><strong>est</strong></span> <span class='ocrx_word' id='word_1_169' title='bbox 3279 1418 3381 1472; x_wconf 88' lang='lat' dir='ltr'><strong>ista</strong></span> <span class='ocrx_word' id='word_1_170' title='bbox 3417 1432 3655 1471; x_wconf 81' lang='lat' dir='ltr'><strong>cavere:</strong></span> 
     </span>
    </p>
   </div>
   <div class='ocr_carea' id='block_1_28' title="bbox 2085 1507 3655 1579">
    <p class='ocr_par' dir='ltr' id='par_1_28' title="bbox 2085 1507 3655 1579">
     <span class='ocr_line' id='line_1_28' title="bbox 2085 1507 3655 1579; baseline -0.003 -15"><span class='ocrx_word' id='word_1_171' title='bbox 2085 1509 2274 1579; x_wconf 87' lang='lat' dir='ltr'><strong>atqui,</strong></span> <span class='ocrx_word' id='word_1_172' title='bbox 2302 1525 2427 1565; x_wconf 90' lang='lat' dir='ltr'><strong>cum</strong></span> <span class='ocrx_word' id='word_1_173' title='bbox 2450 1510 2611 1565; x_wconf 91' lang='lat' dir='ltr'><strong>amici</strong></span> <span class='ocrx_word' id='word_1_174' title='bbox 2631 1510 2939 1577; x_wconf 89' lang='lat' dir='ltr'><strong>videantur,</strong></span> <span class='ocrx_word' id='word_1_175' title='bbox 2987 1508 3206 1565; x_wconf 89' lang='lat' dir='ltr'><strong>hostilia</strong></span> <span class='ocrx_word' id='word_1_176' title='bbox 3246 1507 3655 1573; x_wconf 87' lang='lat' dir='ltr'><strong>machinantur,</strong></span> 
     </span>
    </p>
   </div>
   <div class='ocr_carea' id='block_1_29' title="bbox 2085 1600 3655 1671">
    <p class='ocr_par' dir='ltr' id='par_1_29' title="bbox 2085 1600 3655 1671">
     <span class='ocr_line' id='line_1_29' title="bbox 2085 1600 3655 1671; baseline -0.003 -15"><span class='ocrx_word' id='word_1_177' title='bbox 2085 1600 2458 1656; x_wconf 84' lang='lat' dir='ltr'><strong>intolerabiles</strong></span> <span class='ocrx_word' id='word_1_178' title='bbox 2483 1602 2795 1657; x_wconf 88' lang='lat' dir='ltr'><strong>exsistunt:</strong></span> <span class='ocrx_word' id='word_1_179' title='bbox 2846 1600 3116 1671; x_wconf 86' lang='lat' dir='ltr'><strong>siquidem</strong></span> <span class='ocrx_word' id='word_1_180' title='bbox 3158 1600 3319 1655; x_wconf 87' lang='lat' dir='ltr'><strong>melle</strong></span> <span class='ocrx_word' id='word_1_181' title='bbox 3380 1614 3655 1655; x_wconf 85' lang='lat' dir='ltr'><strong>venenum</strong></span> 
     </span>
    </p>
   </div>
   <div class='ocr_carea' id='block_1_30' title="bbox 2085 1689 3657 1757">
    <p class='ocr_par' dir='ltr' id='par_1_30' title="bbox 2085 1689 3657 1757">
     <span class='ocr_line' id='line_1_30' title="bbox 2085 1689 3657 1757; baseline 0.001 -13"><span class='ocrx_word' id='word_1_182' title='bbox 2085 1690 2400 1757; x_wconf 87' lang='lat' dir='ltr'><strong>miscentes,</strong></span> <span class='ocrx_word' id='word_1_183' title='bbox 2465 1691 2859 1747; x_wconf 87' lang='lat' dir='ltr'><strong>clandestinam</strong></span> <span class='ocrx_word' id='word_1_184' title='bbox 2927 1700 3159 1746; x_wconf 91' lang='lat' dir='ltr'><strong>mortem</strong></span> <span class='ocrx_word' id='word_1_185' title='bbox 3228 1691 3492 1745; x_wconf 89' lang='lat' dir='ltr'><strong>inferunt.</strong></span> <span class='ocrx_word' id='word_1_186' title='bbox 3544 1689 3657 1745; x_wconf 82' lang='lat' dir='ltr'><strong>Hoc</strong></span> 
     </span>
    </p>
   </div>
   <div class='ocr_carea' id='block_1_31' title="bbox 2084 1782 3655 1855">
    <p class='ocr_par' dir='ltr' id='par_1_31' title="bbox 2084 1782 3655 1855">
     <span class='ocr_line' id='line_1_31' title="bbox 2084 1782 3655 1855; baseline 0.001 -18"><span class='ocrx_word' id='word_1_187' title='bbox 2084 1782 2249 1838; x_wconf 90' lang='lat' dir='ltr'><strong>etiam</strong></span> <span class='ocrx_word' id='word_1_188' title='bbox 2279 1782 2307 1838; x_wconf 83' lang='lat' dir='ltr'><strong>J</strong></span> <span class='ocrx_word' id='word_1_189' title='bbox 2316 1785 2434 1839; x_wconf 87' lang='lat' dir='ltr'><strong>udae</strong></span> <span class='ocrx_word' id='word_1_190' title='bbox 2453 1782 2705 1840; x_wconf 91' lang='lat' dir='ltr'><strong>Christus</strong></span> <span class='ocrx_word' id='word_1_191' title='bbox 2734 1784 2988 1855; x_wconf 64' lang='lat' dir='ltr'><strong>praesenti</strong></span> <span class='ocrx_word' id='word_1_192' title='bbox 3014 1784 3268 1840; x_wconf 88' lang='lat' dir='ltr'><strong>vaticinio</strong></span> <span class='ocrx_word' id='word_1_193' title='bbox 3285 1783 3655 1854; x_wconf 78' lang='lat' dir='ltr'><strong>exprobravit.</strong></span> 
     </span>
    </p>
   </div>
   <div class='ocr_carea' id='block_1_32' title="bbox 404 1848 1987 1946">
    <p class='ocr_par' dir='ltr' id='par_1_32' title="bbox 404 1848 1980 1944">
     <span class='ocr_line' id='line_1_32' title="bbox 404 1848 1980 1944; baseline -0.011 -13"><span class='ocrx_word' id='word_1_194' title='bbox 404 1848 806 1931; x_wconf 75' lang='grc' dir='ltr'><strong>ὠνείδισεν.Ὦν</strong></span> <span class='ocrx_word' id='word_1_195' title='bbox 826 1848 912 1926; x_wconf 80' lang='grc' dir='ltr'><strong>ἵνα</strong></span> <span class='ocrx_word' id='word_1_196' title='bbox 932 1848 1265 1944; x_wconf 75' lang='grc' dir='ltr'><strong>παραστήσῃ</strong></span> <span class='ocrx_word' id='word_1_197' title='bbox 1288 1865 1729 1938; x_wconf 86' lang='grc' dir='ltr'><strong>σαφέστερον,τά</strong></span> <span class='ocrx_word' id='word_1_198' title='bbox 1747 1864 1980 1935; x_wconf 74' lang='grc' dir='ltr'><strong>ἐχόμενα</strong></span> 
     </span>
    </p>
   </div>
   <div class='ocr_carea' id='block_1_33' title="bbox 2087 1848 3656 1946">
    <p class='ocr_par' dir='ltr' id='par_1_33' title="bbox 2087 1848 3656 1946">
     <span class='ocr_line' id='line_1_33' title="bbox 2087 1848 3656 1946; baseline 0.001 -19"><span class='ocrx_word' id='word_1_199' title='bbox 2087 1871 2234 1939; x_wconf 68' lang='lat' dir='ltr'><strong>Quae,</strong></span> <span class='ocrx_word' id='word_1_200' title='bbox 2269 1883 2329 1930; x_wconf 91' lang='lat' dir='ltr'><strong>ut</strong></span> <span class='ocrx_word' id='word_1_201' title='bbox 2354 1873 2621 1945; x_wconf 87' lang='lat' dir='ltr'><strong>propheta</strong></span> <span class='ocrx_word' id='word_1_202' title='bbox 2647 1848 2847 1930; x_wconf 76' lang='lat' dir='ltr'><strong>clarius</strong></span> <span class='ocrx_word' id='word_1_203' title='bbox 2873 1881 3195 1946; x_wconf 80' lang='lat' dir='ltr'><strong>exponeret,</strong></span> <span class='ocrx_word' id='word_1_204' title='bbox 3217 1848 3502 1944; x_wconf 74' lang='lat' dir='ltr'><strong>sequentia</strong></span> <span class='ocrx_word' id='word_1_205' title='bbox 3524 1873 3656 1929; x_wconf 82' lang='lat' dir='ltr'><strong>sub-</strong></span> 
     </span>
    </p>
   </div>
   <div class='ocr_carea' id='block_1_34' title="bbox 404 1966 1077 2041">
    <p class='ocr_par' dir='ltr' id='par_1_34' title="bbox 404 1966 1077 2041">
     <span class='ocr_line' id='line_1_34' title="bbox 404 1966 1077 2041; baseline -0.018 2"><span class='ocrx_word' id='word_1_206' title='bbox 404 1970 434 2022; x_wconf 75' lang='grc' dir='ltr'><strong><em>δ</em></strong></span> <span class='ocrx_word' id='word_1_207' title='bbox 459 1967 747 2041; x_wconf 81' lang='grc' dir='ltr'><strong>Προφήτης</strong></span> <span class='ocrx_word' id='word_1_208' title='bbox 775 1966 1077 2035; x_wconf 60' lang='grc' dir='ltr'><strong>ὲττήπτιιινιεν·</strong></span> 
     </span>
    </p>
   </div>
   <div class='ocr_carea' id='block_1_35' title="bbox 481 2056 1344 2129">
    <p class='ocr_par' dir='ltr' id='par_1_35' title="bbox 481 2056 1344 2129">
     <span class='ocr_line' id='line_1_35' title="bbox 481 2056 1344 2129; baseline -0.006 -17"><span class='ocrx_word' id='word_1_209' title='bbox 481 2079 501 2112; x_wconf 74' lang='grc' dir='ltr'>ι</span> <span class='ocrx_word' id='word_1_210' title='bbox 532 2061 604 2114; x_wconf 84' lang='grc' dir='ltr'><strong>Σὺ</strong></span> <span class='ocrx_word' id='word_1_211' title='bbox 631 2059 713 2125; x_wconf 72' lang='grc' dir='ltr'><strong>δὲ,</strong></span> <span class='ocrx_word' id='word_1_212' title='bbox 748 2058 1007 2129; x_wconf 79' lang='grc' dir='ltr'><strong>ἄνθρωπε</strong></span> <span class='ocrx_word' id='word_1_213' title='bbox 1042 2056 1290 2125; x_wconf 78' lang='grc' dir='ltr'><strong>ίσόψυχε.</strong></span> <span class='ocrx_word' id='word_1_214' title='bbox 1324 2072 1344 2107; x_wconf 73' lang='grc' dir='ltr'><strong>ι</strong></span> 
     </span>
    </p>
   </div>
   <div class='ocr_carea' id='block_1_36' title="bbox 474 2139 1984 2221">
    <p class='ocr_par' dir='ltr' id='par_1_36' title="bbox 474 2139 1984 2221">
     <span class='ocr_line' id='line_1_36' title="bbox 474 2139 1984 2221; baseline -0.008 -17"><span class='ocrx_word' id='word_1_215' title='bbox 474 2150 750 2221; x_wconf 74' lang='grc' dir='ltr'><strong>’ἰσόψυχε,</strong></span> <span class='ocrx_word' id='word_1_216' title='bbox 788 2147 879 2202; x_wconf 86' lang='grc' dir='ltr'><strong>διὰ</strong></span> <span class='ocrx_word' id='word_1_217' title='bbox 903 2147 1002 2218; x_wconf 84' lang='grc' dir='ltr'><strong>τὴν</strong></span> <span class='ocrx_word' id='word_1_218' title='bbox 1036 2146 1296 2217; x_wconf 82' lang='grc' dir='ltr'><strong>ἀγάπην,</strong></span> <span class='ocrx_word' id='word_1_219' title='bbox 1329 2145 1398 2216; x_wconf 82' lang='grc' dir='ltr'><strong>ἢν</strong></span> <span class='ocrx_word' id='word_1_220' title='bbox 1439 2140 1571 2215; x_wconf 76' lang='grc' dir='ltr'><strong>περὶ</strong></span> <span class='ocrx_word' id='word_1_221' title='bbox 1613 2140 1741 2205; x_wconf 77' lang='grc' dir='ltr'><strong>τοὺς</strong></span> <span class='ocrx_word' id='word_1_222' title='bbox 1789 2139 1984 2194; x_wconf 78' lang='grc' dir='ltr'><strong>ἑαυτοῦ</strong></span> 
     </span>
    </p>
   </div>
   <div class='ocr_carea' id='block_1_37' title="bbox 408 2232 1982 2318">
    <p class='ocr_par' dir='ltr' id='par_1_37' title="bbox 408 2232 1982 2318">
     <span class='ocr_line' id='line_1_37' title="bbox 408 2232 1982 2318; baseline -0.008 -22"><span class='ocrx_word' id='word_1_223' title='bbox 408 2242 654 2314; x_wconf 85' lang='grc' dir='ltr'><strong>μαθητὰς</strong></span> <span class='ocrx_word' id='word_1_224' title='bbox 670 2244 698 2295; x_wconf 92' lang='lat'><strong>6</strong></span> <span class='ocrx_word' id='word_1_225' title='bbox 719 2241 918 2312; x_wconf 83' lang='grc' dir='ltr'><strong>Κύριος</strong></span> <span class='ocrx_word' id='word_1_226' title='bbox 942 2238 1309 2301; x_wconf 75' lang='grc' dir='ltr'><strong>ἐπεδείκνυτο,</strong></span> <span class='ocrx_word' id='word_1_227' title='bbox 1325 2236 1466 2290; x_wconf 80' lang='grc' dir='ltr'><strong>ὥστε</strong></span> <span class='ocrx_word' id='word_1_228' title='bbox 1492 2233 1573 2304; x_wconf 80' lang='grc' dir='ltr'><strong>τῷ</strong></span> <span class='ocrx_word' id='word_1_229' title='bbox 1590 2232 1762 2318; x_wconf 75' lang='grc' dir='ltr'><strong>Πατρὶ</strong></span> <span class='ocrx_word' id='word_1_230' title='bbox 1784 2232 1982 2301; x_wconf 79' lang='grc' dir='ltr'><strong>λέγειν’</strong></span> 
     </span>
    </p>
   </div>
   <div class='ocr_carea' id='block_1_38' title="bbox 406 2324 1983 2403">
    <p class='ocr_par' dir='ltr' id='par_1_38' title="bbox 406 2324 1983 2403">
     <span class='ocr_line' id='line_1_38' title="bbox 406 2324 1983 2403; baseline -0.007 -14"><span class='ocrx_word' id='word_1_231' title='bbox 406 2334 597 2402; x_wconf 78' lang='grc' dir='ltr'><strong>Πάτερ</strong></span> <span class='ocrx_word' id='word_1_232' title='bbox 624 2333 772 2403; x_wconf 69' lang='grc' dir='ltr'><strong>ἅγιε,</strong></span> <span class='ocrx_word' id='word_1_233' title='bbox 801 2332 1070 2400; x_wconf 80' lang='grc' dir='ltr'><strong>τήρησον</strong></span> <span class='ocrx_word' id='word_1_234' title='bbox 1096 2329 1318 2395; x_wconf 82' lang='grc' dir='ltr'><strong>αὐτοὺς</strong></span> <span class='ocrx_word' id='word_1_235' title='bbox 1345 2328 1414 2380; x_wconf 80' lang='grc' dir='ltr'><strong>ἐν</strong></span> <span class='ocrx_word' id='word_1_236' title='bbox 1441 2325 1522 2391; x_wconf 82' lang='grc' dir='ltr'><strong>τῷ</strong></span> <span class='ocrx_word' id='word_1_237' title='bbox 1557 2324 1805 2394; x_wconf 81' lang='grc' dir='ltr'><strong>ὀνόματί</strong></span> <span class='ocrx_word' id='word_1_238' title='bbox 1842 2337 1983 2387; x_wconf 81' lang='grc' dir='ltr'><strong>σου,</strong></span> 
     </span>
    </p>
   </div>
   <div class='ocr_carea' id='block_1_39' title="bbox 408 2413 1983 2491">
    <p class='ocr_par' dir='ltr' id='par_1_39' title="bbox 408 2413 1983 2491">
     <span class='ocr_line' id='line_1_39' title="bbox 408 2413 1983 2491; baseline -0.004 -15"><span class='ocrx_word' id='word_1_239' title='bbox 408 2422 517 2488; x_wconf 83' lang='grc' dir='ltr'><strong>οὓς</strong></span> <span class='ocrx_word' id='word_1_240' title='bbox 543 2421 807 2487; x_wconf 83' lang='grc' dir='ltr'><strong>δέδωκάς</strong></span> <span class='ocrx_word' id='word_1_241' title='bbox 835 2437 938 2491; x_wconf 86' lang='grc' dir='ltr'><strong>μοι</strong></span> <span class='ocrx_word' id='word_1_242' title='bbox 957 2438 969 2451; x_wconf 90' lang='grc'><strong>·</strong></span> <span class='ocrx_word' id='word_1_243' title='bbox 1000 2421 1099 2476; x_wconf 75' lang='grc' dir='ltr'><strong>ἵνα</strong></span> <span class='ocrx_word' id='word_1_244' title='bbox 1126 2414 1281 2473; x_wconf 76' lang='grc' dir='ltr'><strong>ὦσιν</strong></span> <span class='ocrx_word' id='word_1_245' title='bbox 1306 2416 1400 2483; x_wconf 77' lang='grc' dir='ltr'><strong>ἓν,</strong></span> <span class='ocrx_word' id='word_1_246' title='bbox 1430 2414 1629 2481; x_wconf 83' lang='grc' dir='ltr'><strong>καθὼς</strong></span> <span class='ocrx_word' id='word_1_247' title='bbox 1657 2413 1757 2468; x_wconf 78' lang='grc' dir='ltr'><strong>και</strong></span> <span class='ocrx_word' id='word_1_248' title='bbox 1790 2413 1983 2484; x_wconf 75' lang='grc' dir='ltr'><strong>ἡμεῖς.</strong></span> 
     </span>
    </p>
   </div>
   <div class='ocr_carea' id='block_1_40' title="bbox 425 2504 1988 2584">
    <p class='ocr_par' dir='ltr' id='par_1_40' title="bbox 425 2504 1988 2584">
     <span class='ocr_line' id='line_1_40' title="bbox 425 2504 1988 2584; baseline -0.008 -15"><span class='ocrx_word' id='word_1_249' title='bbox 425 2514 700 2584; x_wconf 77' lang='grc' dir='ltr'><strong>Ἠτεμὼν,</strong></span> <span class='ocrx_word' id='word_1_250' title='bbox 735 2512 924 2584; x_wconf 78' lang='grc' dir='ltr'><strong>ἐπειδὴ</strong></span> <span class='ocrx_word' id='word_1_251' title='bbox 974 2511 1037 2564; x_wconf 80' lang='grc' dir='ltr'><strong>τὸ</strong></span> <span class='ocrx_word' id='word_1_252' title='bbox 1081 2509 1471 2579; x_wconf 86' lang='grc' dir='ltr'><strong>γλωσσόκομον</strong></span> <span class='ocrx_word' id='word_1_253' title='bbox 1522 2507 1636 2560; x_wconf 88' lang='grc' dir='ltr'><strong>τῶν</strong></span> <span class='ocrx_word' id='word_1_254' title='bbox 1688 2504 1988 2577; x_wconf 86' lang='grc' dir='ltr'><strong>χρημάτων</strong></span> 
     </span>
    </p>
   </div>
   <div class='ocr_carea' id='block_1_41' title="bbox 415 2596 2019 2678">
    <p class='ocr_par' dir='ltr' id='par_1_41' title="bbox 415 2596 2019 2678">
     <span class='ocr_line' id='line_1_41' title="bbox 415 2596 2019 2678; baseline -0.008 -17"><span class='ocrx_word' id='word_1_255' title='bbox 415 2605 701 2678; x_wconf 78' lang='grc' dir='ltr'><strong>βαστάζων</strong></span> <span class='ocrx_word' id='word_1_256' title='bbox 740 2603 936 2668; x_wconf 77' lang='grc' dir='ltr'><strong>αὐτὸς,</strong></span> <span class='ocrx_word' id='word_1_257' title='bbox 983 2602 1111 2664; x_wconf 75' lang='lat' dir='ltr'><strong>iam;</strong></span> <span class='ocrx_word' id='word_1_258' title='bbox 1151 2600 1248 2671; x_wconf 73' lang='grc' dir='ltr'><strong>τὴν</strong></span> <span class='ocrx_word' id='word_1_259' title='bbox 1284 2597 1528 2664; x_wconf 74' lang='grc' dir='ltr'><strong>ἐξουσίαν</strong></span> <span class='ocrx_word' id='word_1_260' title='bbox 1553 2598 1652 2667; x_wconf 79' lang='grc' dir='ltr'><strong>τῆς</strong></span> <span class='ocrx_word' id='word_1_261' title='bbox 1680 2596 2019 2667; x_wconf 73' lang='grc' dir='ltr'><strong>οἰκονομίας·</strong></span> 
     </span>
    </p>
   </div>
   <div class='ocr_carea' id='block_1_42' title="bbox 413 2688 1991 2767">
    <p class='ocr_par' dir='ltr' id='par_1_42' title="bbox 413 2688 1991 2767">
     <span class='ocr_line' id='line_1_42' title="bbox 413 2688 1991 2767; baseline -0.007 -15"><span class='ocrx_word' id='word_1_262' title='bbox 413 2699 697 2767; x_wconf 72' lang='grc' dir='ltr'><strong>ικέκτητο.</strong></span> <span class='ocrx_word' id='word_1_263' title='bbox 728 2695 993 2759; x_wconf 78' lang='grc' dir='ltr'><strong>Γνωστὲ,</strong></span> <span class='ocrx_word' id='word_1_264' title='bbox 1022 2694 1199 2748; x_wconf 86' lang='grc' dir='ltr'><strong>πάντα</strong></span> <span class='ocrx_word' id='word_1_265' title='bbox 1226 2692 1335 2763; x_wconf 89' lang='grc' dir='ltr'><strong>γάρ</strong></span> <span class='ocrx_word' id='word_1_266' title='bbox 1365 2691 1438 2754; x_wconf 84' lang='grc' dir='ltr'><strong>ὡς</strong></span> <span class='ocrx_word' id='word_1_267' title='bbox 1469 2690 1683 2763; x_wconf 74' lang='grc' dir='ltr'><strong>μαθητῇ</strong></span> <span class='ocrx_word' id='word_1_268' title='bbox 1717 2688 1991 2744; x_wconf 77' lang='grc' dir='ltr'><strong>ἀπεκάλυ-</strong></span> 
     </span>
    </p>
   </div>
   <div class='ocr_carea' id='block_1_43' title="bbox 412 2782 1985 2860">
    <p class='ocr_par' dir='ltr' id='par_1_43' title="bbox 412 2782 1985 2860">
     <span class='ocr_line' id='line_1_43' title="bbox 412 2782 1985 2860; baseline -0.005 -17"><span class='ocrx_word' id='word_1_269' title='bbox 412 2790 651 2860; x_wconf 75' lang='grc' dir='ltr'><strong>ψεν.“ος</strong></span> <span class='ocrx_word' id='word_1_270' title='bbox 668 2788 766 2842; x_wconf 72' lang='grc' dir='ltr'><strong>ἐπὶ</strong></span> <span class='ocrx_word' id='word_1_271' title='bbox 804 2786 872 2841; x_wconf 80' lang='grc' dir='ltr'><strong>τὸ</strong></span> <span class='ocrx_word' id='word_1_272' title='bbox 909 2788 1056 2840; x_wconf 78' lang='grc' dir='ltr'><strong>αὐτὸ</strong></span> <span class='ocrx_word' id='word_1_273' title='bbox 1087 2782 1428 2854; x_wconf 77' lang='grc' dir='ltr'><strong>ὲτλύκυνάς</strong></span> <span class='ocrx_word' id='word_1_274' title='bbox 1450 2799 1547 2854; x_wconf 83' lang='grc' dir='ltr'><strong>μοι</strong></span> <span class='ocrx_word' id='word_1_275' title='bbox 1576 2785 1647 2837; x_wconf 80' lang='grc' dir='ltr'><strong>τὰ</strong></span> <span class='ocrx_word' id='word_1_276' title='bbox 1670 2782 1985 2852; x_wconf 80' lang='grc' dir='ltr'><strong>ἐδέσματα.</strong></span> 
     </span>
    </p>
   </div>
   <div class='ocr_carea' id='block_1_44' title="bbox 412 2874 1991 2951">
    <p class='ocr_par' dir='ltr' id='par_1_44' title="bbox 412 2874 1991 2951">
     <span class='ocr_line' id='line_1_44' title="bbox 412 2874 1991 2951; baseline -0.008 -16"><span class='ocrx_word' id='word_1_277' title='bbox 412 2883 590 2944; x_wconf 83' lang='grc' dir='ltr'><strong>Μόνος</strong></span> <span class='ocrx_word' id='word_1_278' title='bbox 637 2879 746 2951; x_wconf 81' lang='grc' dir='ltr'><strong>γὰρ</strong></span> <span class='ocrx_word' id='word_1_279' title='bbox 796 2878 934 2949; x_wconf 85' lang='grc' dir='ltr'><strong>μετὰ</strong></span> <span class='ocrx_word' id='word_1_280' title='bbox 978 2876 1072 2930; x_wconf 86' lang='grc' dir='ltr'><strong>τοῦ</strong></span> <span class='ocrx_word' id='word_1_281' title='bbox 1111 2875 1289 2947; x_wconf 82' lang='grc' dir='ltr'><strong>Ἰησοῦ</strong></span> <span class='ocrx_word' id='word_1_282' title='bbox 1339 2876 1634 2929; x_wconf 79' lang='grc' dir='ltr'><strong>ὲνέδαπτεν</strong></span> <span class='ocrx_word' id='word_1_283' title='bbox 1665 2874 1746 2936; x_wconf 82' lang='grc' dir='ltr'><strong>εἰς</strong></span> <span class='ocrx_word' id='word_1_284' title='bbox 1771 2875 1835 2925; x_wconf 82' lang='grc' dir='ltr'><strong>τὸ</strong></span> <span class='ocrx_word' id='word_1_285' title='bbox 1857 2888 1991 2942; x_wconf 87' lang='grc' dir='ltr'><strong>τρυ-</strong></span> 
     </span>
    </p>
   </div>
   <div class='ocr_carea' id='block_1_45' title="bbox 412 2964 1991 3036">
    <p class='ocr_par' dir='ltr' id='par_1_45' title="bbox 412 2964 1991 3036">
     <span class='ocr_line' id='line_1_45' title="bbox 412 2964 1991 3036; baseline -0.008 -9"><span class='ocrx_word' id='word_1_286' title='bbox 412 2973 580 3027; x_wconf 80' lang='grc' dir='ltr'><strong>ὁλίον.</strong></span> <span class='ocrx_word' id='word_1_287' title='bbox 597 2972 695 3025; x_wconf 77' lang='grc' dir='ltr'><strong>Ἑν</strong></span> <span class='ocrx_word' id='word_1_288' title='bbox 722 2969 801 3036; x_wconf 83' lang='grc' dir='ltr'><strong>τῷ</strong></span> <span class='ocrx_word' id='word_1_289' title='bbox 832 2970 978 3036; x_wconf 79' lang='grc' dir='ltr'><strong>οἴκῳ</strong></span> <span class='ocrx_word' id='word_1_290' title='bbox 1004 2968 1111 3023; x_wconf 87' lang='grc' dir='ltr'><strong>τοῦ</strong></span> <span class='ocrx_word' id='word_1_291' title='bbox 1144 2967 1293 3022; x_wconf 84' lang='grc' dir='ltr'><strong>Θεοῦ</strong></span> <span class='ocrx_word' id='word_1_292' title='bbox 1331 2966 1738 3035; x_wconf 82' lang='grc' dir='ltr'><strong>ἐπορεύθημεν</strong></span> <span class='ocrx_word' id='word_1_293' title='bbox 1755 2964 1825 3017; x_wconf 80' lang='grc' dir='ltr'><strong>ἐν</strong></span> <span class='ocrx_word' id='word_1_294' title='bbox 1849 2965 1991 3031; x_wconf 82' lang='grc' dir='ltr'><strong>ὀμο-</strong></span> 
     </span>
    </p>
   </div>
   <div class='ocr_carea' id='block_1_46' title="bbox 412 3057 1991 3133">
    <p class='ocr_par' dir='ltr' id='par_1_46' title="bbox 412 3057 1991 3133">
     <span class='ocr_line' id='line_1_46' title="bbox 412 3057 1991 3133; baseline -0.007 -13"><span class='ocrx_word' id='word_1_295' title='bbox 412 3066 568 3133; x_wconf 80' lang='grc' dir='ltr'><strong>νοίᾳ.</strong></span> <span class='ocrx_word' id='word_1_296' title='bbox 604 3060 764 3118; x_wconf 77' lang='grc' dir='ltr'><strong>Οἶκον</strong></span> <span class='ocrx_word' id='word_1_297' title='bbox 802 3062 938 3116; x_wconf 83' lang='grc' dir='ltr'><strong>Θεοῦ</strong></span> <span class='ocrx_word' id='word_1_298' title='bbox 976 3063 1075 3130; x_wconf 81' lang='grc' dir='ltr'><strong>τὴν</strong></span> <span class='ocrx_word' id='word_1_299' title='bbox 1107 3059 1246 3113; x_wconf 84' lang='grc' dir='ltr'><strong>Σιὼν</strong></span> <span class='ocrx_word' id='word_1_300' title='bbox 1274 3058 1455 3126; x_wconf 79' lang='grc' dir='ltr'><strong>λέγει’</strong></span> <span class='ocrx_word' id='word_1_301' title='bbox 1492 3059 1610 3110; x_wconf 78' lang='grc' dir='ltr'><strong>ἐκεῖ</strong></span> <span class='ocrx_word' id='word_1_302' title='bbox 1638 3057 1743 3126; x_wconf 83' lang='grc' dir='ltr'><strong>γὰρ</strong></span> <span class='ocrx_word' id='word_1_303' title='bbox 1776 3057 1832 3110; x_wconf 81' lang='grc' dir='ltr'><strong>ὲν</strong></span> <span class='ocrx_word' id='word_1_304' title='bbox 1858 3059 1991 3126; x_wconf 88' lang='grc' dir='ltr'><strong>δμο-</strong></span> 
     </span>
    </p>
   </div>
   <div class='ocr_carea' id='block_1_47' title="bbox 2077 1962 2297 2034">
    <p class='ocr_par' dir='ltr' id='par_1_47' title="bbox 2077 1962 2297 2034">
     <span class='ocr_line' id='line_1_47' title="bbox 2077 1962 2297 2034; baseline 0 -17"><span class='ocrx_word' id='word_1_305' title='bbox 2077 1962 2258 2034; x_wconf 81' lang='lat' dir='ltr'><strong>junxit</strong></span> <span class='ocrx_word' id='word_1_306' title='bbox 2280 1979 2297 2017; x_wconf 91' lang='lat'><strong>:</strong></span> 
     </span>
    </p>
   </div>
   <div class='ocr_carea' id='block_1_48' title="bbox 2157 2053 3334 2115">
    <p class='ocr_par' dir='ltr' id='par_1_48' title="bbox 2157 2053 3334 2115">
     <span class='ocr_line' id='line_1_48' title="bbox 2157 2053 3334 2115; baseline 0.005 -6"><span class='ocrx_word' id='word_1_307' title='bbox 2157 2053 2321 2111; x_wconf 75' lang='lat' dir='ltr'><strong>Vens.</strong></span> <span class='ocrx_word' id='word_1_308' title='bbox 2357 2055 2443 2112; x_wconf 74' lang='lat' dir='ltr'><strong>M.</strong></span> <span class='ocrx_word' id='word_1_309' title='bbox 2483 2073 2503 2109; x_wconf 79' lang='grc' dir='ltr'><strong>ι</strong></span> <span class='ocrx_word' id='word_1_310' title='bbox 2536 2056 2764 2112; x_wconf 85' lang='lat' dir='ltr'><strong>Tuvero</strong></span> <span class='ocrx_word' id='word_1_311' title='bbox 2793 2056 2957 2113; x_wconf 91' lang='lat' dir='ltr'><strong>homo</strong></span> <span class='ocrx_word' id='word_1_312' title='bbox 2982 2058 3275 2115; x_wconf 85' lang='lat' dir='ltr'><strong>unanimis.</strong></span> <span class='ocrx_word' id='word_1_313' title='bbox 3314 2080 3334 2114; x_wconf 74' lang='grc' dir='ltr'><strong>ι</strong></span> 
     </span>
    </p>
   </div>
   <div class='ocr_carea' id='block_1_49' title="bbox 2161 2146 3661 2224">
    <p class='ocr_par' dir='ltr' id='par_1_49' title="bbox 2161 2146 3661 2224">
     <span class='ocr_line' id='line_1_49' title="bbox 2161 2146 3661 2224; baseline 0.002 -21"><span class='ocrx_word' id='word_1_314' title='bbox 2161 2146 2455 2213; x_wconf 85' lang='lat' dir='ltr'><strong>Unanimis,</strong></span> <span class='ocrx_word' id='word_1_315' title='bbox 2486 2154 2713 2218; x_wconf 84' lang='lat' dir='ltr'><strong>propter</strong></span> <span class='ocrx_word' id='word_1_316' title='bbox 2739 2148 3105 2217; x_wconf 88' lang='lat' dir='ltr'><strong>dilectionem,</strong></span> <span class='ocrx_word' id='word_1_317' title='bbox 3159 2167 3322 2222; x_wconf 88' lang='lat' dir='ltr'><strong>quam</strong></span> <span class='ocrx_word' id='word_1_318' title='bbox 3344 2167 3471 2224; x_wconf 82' lang='lat' dir='ltr'><strong>erga</strong></span> <span class='ocrx_word' id='word_1_319' title='bbox 3502 2150 3661 2207; x_wconf 86' lang='lat' dir='ltr'><strong>disci-</strong></span> 
     </span>
    </p>
   </div>
   <div class='ocr_carea' id='block_1_50' title="bbox 2086 2236 3655 2307">
    <p class='ocr_par' dir='ltr' id='par_1_50' title="bbox 2086 2236 3655 2307">
     <span class='ocr_line' id='line_1_50' title="bbox 2086 2236 3655 2307; baseline 0.003 -17"><span class='ocrx_word' id='word_1_320' title='bbox 2086 2236 2247 2307; x_wconf 89' lang='lat' dir='ltr'><strong>pulos</strong></span> <span class='ocrx_word' id='word_1_321' title='bbox 2275 2251 2405 2292; x_wconf 87' lang='lat' dir='ltr'><strong>suos</strong></span> <span class='ocrx_word' id='word_1_322' title='bbox 2433 2236 2697 2293; x_wconf 88' lang='lat' dir='ltr'><strong>Dominus</strong></span> <span class='ocrx_word' id='word_1_323' title='bbox 2725 2238 2985 2304; x_wconf 89' lang='lat' dir='ltr'><strong>ostendit,</strong></span> <span class='ocrx_word' id='word_1_324' title='bbox 3044 2254 3166 2295; x_wconf 90' lang='lat' dir='ltr'><strong>cum</strong></span> <span class='ocrx_word' id='word_1_325' title='bbox 3205 2240 3352 2296; x_wconf 83' lang='lat' dir='ltr'><strong>Patri</strong></span> <span class='ocrx_word' id='word_1_326' title='bbox 3410 2242 3655 2298; x_wconf 86' lang='lat' dir='ltr'><strong>diceret:</strong></span> 
     </span>
    </p>
   </div>
   <div class='ocr_carea' id='block_1_51' title="bbox 2086 2314 3659 2404">
    <p class='ocr_par' dir='ltr' id='par_1_51' title="bbox 2086 2314 3659 2404">
     <span class='ocr_line' id='line_1_51' title="bbox 2086 2314 3659 2404; baseline 0.003 -23"><span class='ocrx_word' id='word_1_327' title='bbox 2086 2327 2251 2382; x_wconf 84' lang='lat' dir='ltr'><strong>Pater</strong></span> <span class='ocrx_word' id='word_1_328' title='bbox 2277 2336 2476 2393; x_wconf 78' lang='lat' dir='ltr'><strong>sancte,</strong></span> <span class='ocrx_word' id='word_1_329' title='bbox 2525 2345 2676 2382; x_wconf 84' lang='lat' dir='ltr'><strong>serva</strong></span> <span class='ocrx_word' id='word_1_330' title='bbox 2708 2345 2792 2383; x_wconf 84' lang='lat' dir='ltr'><strong>eos</strong></span> <span class='ocrx_word' id='word_1_331' title='bbox 2814 2330 2869 2382; x_wconf 87' lang='lat' dir='ltr'><strong>in</strong></span> <span class='ocrx_word' id='word_1_332' title='bbox 2900 2332 3106 2385; x_wconf 81' lang='lat' dir='ltr'><strong>nomine</strong></span> <span class='ocrx_word' id='word_1_333' title='bbox 3163 2341 3272 2396; x_wconf 86' lang='lat' dir='ltr'><strong>tuo,</strong></span> <span class='ocrx_word' id='word_1_334' title='bbox 3298 2349 3424 2404; x_wconf 86' lang='lat' dir='ltr'><strong>quos</strong></span> <span class='ocrx_word' id='word_1_335' title='bbox 3470 2314 3659 2387; x_wconf 83' lang='lat' dir='ltr'><strong>dedisti</strong></span> 
     </span>
    </p>
   </div>
   <div class='ocr_carea' id='block_1_52' title="bbox 2086 2418 3658 2493">
    <p class='ocr_par' dir='ltr' id='par_1_52' title="bbox 2086 2418 3658 2493">
     <span class='ocr_line' id='line_1_52' title="bbox 2086 2418 3658 2493; baseline 0.004 -22"><span class='ocrx_word' id='word_1_336' title='bbox 2086 2418 2216 2471; x_wconf 75' lang='lat' dir='ltr'><strong>mihi</strong></span> <span class='ocrx_word' id='word_1_337' title='bbox 2247 2434 2267 2472; x_wconf 89' lang='lat'><strong>:</strong></span> <span class='ocrx_word' id='word_1_338' title='bbox 2294 2427 2349 2472; x_wconf 85' lang='lat' dir='ltr'><strong>ut</strong></span> <span class='ocrx_word' id='word_1_339' title='bbox 2374 2419 2480 2472; x_wconf 85' lang='lat' dir='ltr'><strong>sint</strong></span> <span class='ocrx_word' id='word_1_340' title='bbox 2500 2421 2832 2483; x_wconf 84' lang='lat' dir='ltr'><strong>unum,sicut</strong></span> <span class='ocrx_word' id='word_1_341' title='bbox 2854 2430 2903 2475; x_wconf 83' lang='lat' dir='ltr'><strong>et</strong></span> <span class='ocrx_word' id='word_1_342' title='bbox 2932 2437 3023 2475; x_wconf 84' lang='lat' dir='ltr'><strong>nos</strong></span> <span class='ocrx_word' id='word_1_343' title='bbox 3043 2421 3109 2480; x_wconf 86' lang='grc'><strong>³⁸.</strong></span> <span class='ocrx_word' id='word_1_344' title='bbox 3169 2421 3313 2489; x_wconf 76' lang='lat' dir='ltr'><strong>Dux,</strong></span> <span class='ocrx_word' id='word_1_345' title='bbox 3367 2423 3494 2493; x_wconf 85' lang='lat' dir='ltr'><strong>quia</strong></span> <span class='ocrx_word' id='word_1_346' title='bbox 3533 2438 3658 2478; x_wconf 91' lang='lat' dir='ltr'><strong>cum</strong></span> 
     </span>
    </p>
   </div>
   <div class='ocr_carea' id='block_1_53' title="bbox 2091 2506 3662 2578">
    <p class='ocr_par' dir='ltr' id='par_1_53' title="bbox 2091 2506 3662 2578">
     <span class='ocr_line' id='line_1_53' title="bbox 2091 2506 3662 2578; baseline 0.004 -17"><span class='ocrx_word' id='word_1_347' title='bbox 2091 2506 2208 2576; x_wconf 88' lang='lat' dir='ltr'><strong>ipse</strong></span> <span class='ocrx_word' id='word_1_348' title='bbox 2230 2506 2566 2576; x_wconf 85' lang='lat' dir='ltr'><strong>marsupium</strong></span> <span class='ocrx_word' id='word_1_349' title='bbox 2599 2509 2955 2578; x_wconf 85' lang='lat' dir='ltr'><strong>pecuniarum</strong></span> <span class='ocrx_word' id='word_1_350' title='bbox 2983 2511 3169 2577; x_wconf 78' lang='lat' dir='ltr'><strong>ferret,</strong></span> <span class='ocrx_word' id='word_1_351' title='bbox 3198 2512 3434 2568; x_wconf 82' lang='lat' dir='ltr'><strong>fortasse</strong></span> <span class='ocrx_word' id='word_1_352' title='bbox 3466 2513 3546 2568; x_wconf 87' lang='lat' dir='ltr'><strong>rei</strong></span> <span class='ocrx_word' id='word_1_353' title='bbox 3582 2512 3662 2567; x_wconf 90' lang='lat' dir='ltr'><strong>fa-</strong></span> 
     </span>
    </p>
   </div>
   <div class='ocr_carea' id='block_1_54' title="bbox 2088 2597 3661 2674">
    <p class='ocr_par' dir='ltr' id='par_1_54' title="bbox 2088 2597 3661 2674">
     <span class='ocr_line' id='line_1_54' title="bbox 2088 2597 3661 2674; baseline 0.005 -25"><span class='ocrx_word' id='word_1_354' title='bbox 2088 2597 2314 2652; x_wconf 86' lang='lat' dir='ltr'><strong>miliaris</strong></span> <span class='ocrx_word' id='word_1_355' title='bbox 2342 2597 2577 2654; x_wconf 85' lang='lat' dir='ltr'><strong>habebat</strong></span> <span class='ocrx_word' id='word_1_356' title='bbox 2605 2608 2949 2668; x_wconf 87' lang='lat' dir='ltr'><strong>potestatem.</strong></span> <span class='ocrx_word' id='word_1_357' title='bbox 2986 2602 3174 2668; x_wconf 86' lang='lat' dir='ltr'><strong>Notus,</strong></span> <span class='ocrx_word' id='word_1_358' title='bbox 3240 2603 3368 2672; x_wconf 90' lang='lat' dir='ltr'><strong>quia</strong></span> <span class='ocrx_word' id='word_1_359' title='bbox 3403 2612 3661 2674; x_wconf 89' lang='lat' dir='ltr'><strong>tanquam</strong></span> 
     </span>
    </p>
   </div>
   <div class='ocr_carea' id='block_1_55' title="bbox 2090 2689 3661 2759">
    <p class='ocr_par' dir='ltr' id='par_1_55' title="bbox 2090 2689 3661 2759">
     <span class='ocr_line' id='line_1_55' title="bbox 2090 2689 3661 2759; baseline 0.003 -15"><span class='ocrx_word' id='word_1_360' title='bbox 2090 2689 2356 2759; x_wconf 84' lang='lat' dir='ltr'><strong>discipulo</strong></span> <span class='ocrx_word' id='word_1_361' title='bbox 2380 2691 2432 2744; x_wconf 91' lang='lat' dir='ltr'><strong>ei</strong></span> <span class='ocrx_word' id='word_1_362' title='bbox 2458 2692 2642 2745; x_wconf 86' lang='lat' dir='ltr'><strong>omnia</strong></span> <span class='ocrx_word' id='word_1_363' title='bbox 2703 2693 3057 2749; x_wconf 86' lang='lat' dir='ltr'><strong>revelaverat.</strong></span> <span class='ocrx_word' id='word_1_364' title='bbox 3104 2694 3207 2759; x_wconf 78' lang='lat' dir='ltr'><strong>Qui</strong></span> <span class='ocrx_word' id='word_1_365' title='bbox 3247 2694 3412 2748; x_wconf 86' lang='lat' dir='ltr'><strong>simul</strong></span> <span class='ocrx_word' id='word_1_366' title='bbox 3458 2712 3661 2749; x_wconf 85' lang='lat' dir='ltr'><strong>mecum</strong></span> 
     </span>
    </p>
   </div>
   <div class='ocr_carea' id='block_1_56' title="bbox 2091 2779 3662 2849">
    <p class='ocr_par' dir='ltr' id='par_1_56' title="bbox 2091 2779 3662 2849">
     <span class='ocr_line' id='line_1_56' title="bbox 2091 2779 3662 2849; baseline 0.003 -16"><span class='ocrx_word' id='word_1_367' title='bbox 2091 2779 2272 2834; x_wconf 79' lang='lat' dir='ltr'><strong>dulces</strong></span> <span class='ocrx_word' id='word_1_368' title='bbox 2303 2780 2546 2849; x_wconf 79' lang='lat' dir='ltr'><strong>cupiebas</strong></span> <span class='ocrx_word' id='word_1_369' title='bbox 2568 2781 2705 2836; x_wconf 85' lang='lat' dir='ltr'><strong>cibos</strong></span> <span class='ocrx_word' id='word_1_370' title='bbox 2728 2782 2791 2835; x_wconf 78' lang='grc'><strong>³⁸.</strong></span> <span class='ocrx_word' id='word_1_371' title='bbox 2828 2782 2988 2838; x_wconf 89' lang='lat' dir='ltr'><strong>Solus</strong></span> <span class='ocrx_word' id='word_1_372' title='bbox 3018 2783 3163 2837; x_wconf 89' lang='lat' dir='ltr'><strong>enim</strong></span> <span class='ocrx_word' id='word_1_373' title='bbox 3195 2799 3317 2838; x_wconf 92' lang='lat' dir='ltr'><strong>cum</strong></span> <span class='ocrx_word' id='word_1_374' title='bbox 3336 2782 3465 2838; x_wconf 89' lang='lat' dir='ltr'><strong>Jesu</strong></span> <span class='ocrx_word' id='word_1_375' title='bbox 3491 2783 3662 2837; x_wconf 88' lang='lat' dir='ltr'><strong>intin-</strong></span> 
     </span>
    </p>
   </div>
   <div class='ocr_carea' id='block_1_57' title="bbox 2090 2873 3663 2944">
    <p class='ocr_par' dir='ltr' id='par_1_57' title="bbox 2090 2873 3663 2944">
     <span class='ocr_line' id='line_1_57' title="bbox 2090 2873 3663 2944; baseline -0.001 -16"><span class='ocrx_word' id='word_1_376' title='bbox 2090 2874 2251 2944; x_wconf 76' lang='lat' dir='ltr'><strong>gebat</strong></span> <span class='ocrx_word' id='word_1_377' title='bbox 2276 2889 2497 2928; x_wconf 87' lang='lat' dir='ltr'><strong>manum</strong></span> <span class='ocrx_word' id='word_1_378' title='bbox 2530 2875 2583 2929; x_wconf 92' lang='lat' dir='ltr'><strong>in</strong></span> <span class='ocrx_word' id='word_1_379' title='bbox 2606 2874 2808 2929; x_wconf 90' lang='lat' dir='ltr'><strong>catino.</strong></span> <span class='ocrx_word' id='word_1_380' title='bbox 2843 2873 2911 2929; x_wconf 87' lang='lat' dir='ltr'><strong>In</strong></span> <span class='ocrx_word' id='word_1_381' title='bbox 2939 2875 3094 2929; x_wconf 86' lang='lat' dir='ltr'><strong>domo</strong></span> <span class='ocrx_word' id='word_1_382' title='bbox 3142 2873 3241 2929; x_wconf 87' lang='lat' dir='ltr'><strong>Dei</strong></span> <span class='ocrx_word' id='word_1_383' title='bbox 3282 2873 3663 2928; x_wconf 80' lang='lat' dir='ltr'><strong>ambulavimus</strong></span> 
     </span>
    </p>
   </div>
   <div class='ocr_carea' id='block_1_58' title="bbox 2092 2959 3665 3018">
    <p class='ocr_par' dir='ltr' id='par_1_58' title="bbox 2092 2959 3665 3018">
     <span class='ocr_line' id='line_1_58' title="bbox 2092 2959 3665 3018; baseline -0.001 -1"><span class='ocrx_word' id='word_1_384' title='bbox 2092 2980 2209 3017; x_wconf 85' lang='lat' dir='ltr'><strong>cum</strong></span> <span class='ocrx_word' id='word_1_385' title='bbox 2233 2980 2485 3018; x_wconf 85' lang='lat' dir='ltr'><strong>consensu</strong></span> <span class='ocrx_word' id='word_1_386' title='bbox 2502 2963 2566 3017; x_wconf 82' lang='grc'><strong>³⁷.</strong></span> <span class='ocrx_word' id='word_1_387' title='bbox 2596 2963 2826 3017; x_wconf 90' lang='lat' dir='ltr'><strong>Domum</strong></span> <span class='ocrx_word' id='word_1_388' title='bbox 2852 2962 2949 3017; x_wconf 90' lang='lat' dir='ltr'><strong>Dei</strong></span> <span class='ocrx_word' id='word_1_389' title='bbox 3004 2969 3161 3016; x_wconf 86' lang='lat' dir='ltr'><strong>vocat</strong></span> <span class='ocrx_word' id='word_1_390' title='bbox 3204 2959 3425 3015; x_wconf 89' lang='lat' dir='ltr'><strong>Sionem</strong></span> <span class='ocrx_word' id='word_1_391' title='bbox 3473 2976 3487 3013; x_wconf 89' lang='lat'><strong>:</strong></span> <span class='ocrx_word' id='word_1_392' title='bbox 3555 2959 3665 3015; x_wconf 88' lang='lat' dir='ltr'><strong>illic</strong></span> 
     </span>
    </p>
   </div>
   <div class='ocr_carea' id='block_1_59' title="bbox 2091 3050 3666 3122">
    <p class='ocr_par' dir='ltr' id='par_1_59' title="bbox 2091 3050 3666 3122">
     <span class='ocr_line' id='line_1_59' title="bbox 2091 3050 3666 3122; baseline -0.001 -12"><span class='ocrx_word' id='word_1_393' title='bbox 2091 3054 2237 3111; x_wconf 89' lang='lat' dir='ltr'><strong>enim</strong></span> <span class='ocrx_word' id='word_1_394' title='bbox 2269 3070 2392 3109; x_wconf 91' lang='lat' dir='ltr'><strong>cum</strong></span> <span class='ocrx_word' id='word_1_395' title='bbox 2422 3069 2694 3110; x_wconf 84' lang='lat' dir='ltr'><strong>consensu</strong></span> <span class='ocrx_word' id='word_1_396' title='bbox 2721 3069 2933 3111; x_wconf 74' lang='lat' dir='ltr'><strong>ccenam</strong></span> <span class='ocrx_word' id='word_1_397' title='bbox 2961 3051 3183 3107; x_wconf 84' lang='lat' dir='ltr'><strong>Paschae</strong></span> <span class='ocrx_word' id='word_1_398' title='bbox 3212 3068 3337 3108; x_wconf 92' lang='lat' dir='ltr'><strong>cum</strong></span> <span class='ocrx_word' id='word_1_399' title='bbox 3380 3050 3666 3122; x_wconf 88' lang='lat' dir='ltr'><strong>discipulis</strong></span> 
     </span>
    </p>
   </div>
   <div class='ocr_carea' id='block_1_60' title="bbox 415 3144 1987 3249">
    <p class='ocr_par' dir='ltr' id='par_1_60' title="bbox 415 3145 1987 3247">
     <span class='ocr_line' id='line_1_60' title="bbox 415 3145 1987 3247; baseline -0.007 -38"><span class='ocrx_word' id='word_1_400' title='bbox 415 3159 535 3227; x_wconf 80' lang='grc' dir='ltr'><strong>νοίᾳ</strong></span> <span class='ocrx_word' id='word_1_401' title='bbox 562 3155 624 3208; x_wconf 74' lang='grc' dir='ltr'><strong>τὸ</strong></span> <span class='ocrx_word' id='word_1_402' title='bbox 654 3154 866 3207; x_wconf 85' lang='grc' dir='ltr'><strong>δεῖπνον</strong></span> <span class='ocrx_word' id='word_1_403' title='bbox 885 3150 981 3204; x_wconf 90' lang='grc' dir='ltr'><strong>τοῦ</strong></span> <span class='ocrx_word' id='word_1_404' title='bbox 1013 3150 1205 3219; x_wconf 79' lang='grc' dir='ltr'><strong>Πάσχα</strong></span> <span class='ocrx_word' id='word_1_405' title='bbox 1231 3148 1367 3219; x_wconf 86' lang='grc' dir='ltr'><strong>μετά</strong></span> <span class='ocrx_word' id='word_1_406' title='bbox 1394 3146 1504 3200; x_wconf 88' lang='grc' dir='ltr'><strong>τῶν</strong></span> <span class='ocrx_word' id='word_1_407' title='bbox 1534 3145 1792 3247; x_wconf 72' lang='grc' dir='ltr'><strong>μαθητῶν</strong></span> <span class='ocrx_word' id='word_1_408' title='bbox 1812 3146 1840 3199; x_wconf 88' lang='lat'><strong>6</strong></span> <span class='ocrx_word' id='word_1_409' title='bbox 1863 3147 1987 3216; x_wconf 86' lang='grc' dir='ltr'><strong>Χρι-</strong></span> 
     </span>
    </p>
   </div>
   <div class='ocr_carea' id='block_1_61' title="bbox 2087 3144 3665 3249">
    <p class='ocr_par' dir='ltr' id='par_1_61' title="bbox 2095 3144 3665 3217">
     <span class='ocr_line' id='line_1_61' title="bbox 2095 3144 3665 3217; baseline -0.003 -14"><span class='ocrx_word' id='word_1_410' title='bbox 2095 3147 2343 3203; x_wconf 81' lang='lat' dir='ltr'><strong>Christus</strong></span> <span class='ocrx_word' id='word_1_411' title='bbox 2377 3145 2642 3217; x_wconf 87' lang='lat' dir='ltr'><strong>perfecit;</strong></span> <span class='ocrx_word' id='word_1_412' title='bbox 2674 3161 2864 3201; x_wconf 83' lang='lat' dir='ltr'><strong>verum</strong></span> <span class='ocrx_word' id='word_1_413' title='bbox 2920 3144 3089 3200; x_wconf 85' lang='lat' dir='ltr'><strong>Judas</strong></span> <span class='ocrx_word' id='word_1_414' title='bbox 3118 3159 3289 3200; x_wconf 87' lang='lat' dir='ltr'><strong>coenae</strong></span> <span class='ocrx_word' id='word_1_415' title='bbox 3340 3145 3665 3215; x_wconf 79' lang='lat' dir='ltr'><strong>mysterium</strong></span> 
     </span>
    </p>
   </div>
   <div class='ocr_carea' id='block_1_62' title="bbox 418 3233 1987 3310">
    <p class='ocr_par' dir='ltr' id='par_1_62' title="bbox 418 3233 1985 3310">
     <span class='ocr_line' id='line_1_62' title="bbox 418 3233 1985 3310; baseline -0.006 -12"><span class='ocrx_word' id='word_1_416' title='bbox 418 3245 540 3308; x_wconf 80' lang='grc' dir='ltr'><strong>στὺς</strong></span> <span class='ocrx_word' id='word_1_417' title='bbox 560 3241 876 3297; x_wconf 76' lang='grc' dir='ltr'><strong>ἐπετέλεσεν</strong></span> <span class='ocrx_word' id='word_1_418' title='bbox 896 3257 911 3272; x_wconf 78' lang='grc' dir='ltr'><strong>ο</strong></span> <span class='ocrx_word' id='word_1_419' title='bbox 933 3240 995 3292; x_wconf 83' lang='grc' dir='ltr'><strong>οὐ</strong></span> <span class='ocrx_word' id='word_1_420' title='bbox 1026 3238 1131 3310; x_wconf 80' lang='grc' dir='ltr'><strong>μὴν</strong></span> <span class='ocrx_word' id='word_1_421' title='bbox 1161 3236 1390 3308; x_wconf 79' lang='grc' dir='ltr'><strong>ἐφύλαξε</strong></span> <span class='ocrx_word' id='word_1_422' title='bbox 1428 3234 1623 3300; x_wconf 83' lang='grc' dir='ltr'><strong>Ἰούδας</strong></span> <span class='ocrx_word' id='word_1_423' title='bbox 1652 3233 1744 3289; x_wconf 90' lang='grc' dir='ltr'><strong>τοῦ</strong></span> <span class='ocrx_word' id='word_1_424' title='bbox 1772 3235 1985 3289; x_wconf 79' lang='grc' dir='ltr'><strong>δείπνου</strong></span> 
     </span>
    </p>
   </div>
   <div class='ocr_carea' id='block_1_63' title="bbox 2087 3233 3666 3310">
    <p class='ocr_par' dir='ltr' id='par_1_63' title="bbox 2094 3235 3666 3309">
     <span class='ocr_line' id='line_1_63' title="bbox 2094 3235 3666 3309; baseline -0.003 -14"><span class='ocrx_word' id='word_1_425' title='bbox 2094 3257 2203 3296; x_wconf 91' lang='lat' dir='ltr'><strong>non</strong></span> <span class='ocrx_word' id='word_1_426' title='bbox 2232 3239 2578 3296; x_wconf 86' lang='lat' dir='ltr'><strong>observavit:</strong></span> <span class='ocrx_word' id='word_1_427' title='bbox 2611 3238 2737 3293; x_wconf 89' lang='lat' dir='ltr'><strong>inde</strong></span> <span class='ocrx_word' id='word_1_428' title='bbox 2805 3237 2953 3294; x_wconf 89' lang='lat' dir='ltr'><strong>enim</strong></span> <span class='ocrx_word' id='word_1_429' title='bbox 3000 3252 3256 3309; x_wconf 79' lang='lat' dir='ltr'><strong>egressus</strong></span> <span class='ocrx_word' id='word_1_430' title='bbox 3300 3235 3666 3308; x_wconf 88' lang='lat' dir='ltr'><strong>proditionem</strong></span> 
     </span>
    </p>
   </div>
   <div class='ocr_carea' id='block_1_64' title="bbox 412 3327 1988 3409">
    <p class='ocr_par' dir='ltr' id='par_1_64' title="bbox 412 3327 1988 3409">
     <span class='ocr_line' id='line_1_64' title="bbox 412 3327 1988 3409; baseline -0.006 -17"><span class='ocrx_word' id='word_1_431' title='bbox 412 3342 473 3392; x_wconf 80' lang='grc' dir='ltr'><strong>τὸ</strong></span> <span class='ocrx_word' id='word_1_432' title='bbox 509 3338 843 3409; x_wconf 82' lang='grc' dir='ltr'><strong>μυστήριον·</strong></span> <span class='ocrx_word' id='word_1_433' title='bbox 873 3334 1086 3389; x_wconf 80' lang='grc' dir='ltr'><strong>ἐκεῖθεν</strong></span> <span class='ocrx_word' id='word_1_434' title='bbox 1132 3331 1263 3409; x_wconf 40' lang='grc' dir='ltr'><strong>γὰρ-</strong></span> <span class='ocrx_word' id='word_1_435' title='bbox 1284 3329 1517 3395; x_wconf 72' lang='grc' dir='ltr'><strong>ἐξελθὼν</strong></span> <span class='ocrx_word' id='word_1_436' title='bbox 1558 3329 1658 3400; x_wconf 78' lang='grc' dir='ltr'><strong>τὴν</strong></span> <span class='ocrx_word' id='word_1_437' title='bbox 1700 3327 1988 3400; x_wconf 82' lang='grc' dir='ltr'><strong>προδοσίαν</strong></span> 
     </span>
    </p>
   </div>
   <div class='ocr_carea' id='block_1_65' title="bbox 413 3402 1986 3502">
    <p class='ocr_par' dir='ltr' id='par_1_65' title="bbox 413 3402 1986 3502">
     <span class='ocr_line' id='line_1_65' title="bbox 413 3402 1986 3502; baseline -0.006 -19"><span class='ocrx_word' id='word_1_438' title='bbox 413 3402 863 3502; x_wconf 50' lang='grc' dir='ltr'><strong>ἔπραξεν.””Ωο-τε</strong></span> <span class='ocrx_word' id='word_1_439' title='bbox 894 3427 1068 3481; x_wconf 90' lang='grc' dir='ltr'><strong>ταῦτα</strong></span> <span class='ocrx_word' id='word_1_440' title='bbox 1112 3402 1473 3496; x_wconf 13' lang='grc' dir='ltr'><strong>τῷίπροδότῃ</strong></span> <span class='ocrx_word' id='word_1_441' title='bbox 1512 3422 1573 3476; x_wconf 76' lang='grc' dir='ltr'><strong>τὸ</strong></span> <span class='ocrx_word' id='word_1_442' title='bbox 1614 3423 1839 3493; x_wconf 81' lang='grc' dir='ltr'><strong>Πνεῦμα</strong></span> <span class='ocrx_word' id='word_1_443' title='bbox 1889 3419 1986 3474; x_wconf 89' lang='grc' dir='ltr'><strong>τοῦ</strong></span> 
     </span>
    </p>
   </div>
   <div class='ocr_carea' id='block_1_66' title="bbox 411 3513 1929 3589">
    <p class='ocr_par' dir='ltr' id='par_1_66' title="bbox 411 3513 1929 3589">
     <span class='ocr_line' id='line_1_66' title="bbox 411 3513 1929 3589; baseline -0.005 -14"><span class='ocrx_word' id='word_1_444' title='bbox 411 3522 545 3575; x_wconf 78' lang='grc' dir='ltr'><strong>θεοῦ</strong></span> <span class='ocrx_word' id='word_1_445' title='bbox 578 3522 671 3574; x_wconf 82' lang='grc' dir='ltr'><strong>καὶ</strong></span> <span class='ocrx_word' id='word_1_446' title='bbox 701 3520 807 3589; x_wconf 77' lang='grc' dir='ltr'><strong>πρὸ</strong></span> <span class='ocrx_word' id='word_1_447' title='bbox 837 3518 1050 3572; x_wconf 84' lang='grc' dir='ltr'><strong>πολλῶν</strong></span> <span class='ocrx_word' id='word_1_448' title='bbox 1076 3515 1283 3586; x_wconf 83' lang='grc' dir='ltr'><strong>γενεῶν</strong></span> <span class='ocrx_word' id='word_1_449' title='bbox 1309 3515 1586 3580; x_wconf 75' lang='grc' dir='ltr'><strong>ὀνειδίζων</strong></span> <span class='ocrx_word' id='word_1_450' title='bbox 1611 3513 1929 3584; x_wconf 70' lang='grc' dir='ltr'><strong>ἐφθέγγετο.</strong></span> 
     </span>
    </p>
   </div>
   <div class='ocr_carea' id='block_1_67' title="bbox 489 3606 1529 3679">
    <p class='ocr_par' dir='ltr' id='par_1_67' title="bbox 489 3606 1529 3679">
     <span class='ocr_line' id='line_1_67' title="bbox 489 3606 1529 3679; baseline -0.007 -14"><span class='ocrx_word' id='word_1_451' title='bbox 489 3633 508 3665; x_wconf 78' lang='grc' dir='ltr'><strong>ι</strong></span> <span class='ocrx_word' id='word_1_452' title='bbox 532 3612 763 3666; x_wconf 82' lang='grc' dir='ltr'><strong>Ἐλθέτω</strong></span> <span class='ocrx_word' id='word_1_453' title='bbox 798 3612 862 3679; x_wconf 85' lang='grc' dir='ltr'><strong>δὴ</strong></span> <span class='ocrx_word' id='word_1_454' title='bbox 893 3610 1123 3672; x_wconf 83' lang='grc' dir='ltr'><strong>θάνατος</strong></span> <span class='ocrx_word' id='word_1_455' title='bbox 1151 3608 1238 3662; x_wconf 72' lang='grc' dir='ltr'><strong>ἐπ’</strong></span> <span class='ocrx_word' id='word_1_456' title='bbox 1263 3606 1479 3670; x_wconf 81' lang='grc' dir='ltr'><strong>αὐτούς.</strong></span> <span class='ocrx_word' id='word_1_457' title='bbox 1512 3625 1529 3657; x_wconf 76' lang='grc' dir='ltr'><strong>ι</strong></span> 
     </span>
    </p>
   </div>
   <div class='ocr_carea' id='block_1_68' title="bbox 481 3694 1989 3772">
    <p class='ocr_par' dir='ltr' id='par_1_68' title="bbox 481 3694 1989 3772">
     <span class='ocr_line' id='line_1_68' title="bbox 481 3694 1989 3772; baseline -0.007 -15"><span class='ocrx_word' id='word_1_458' title='bbox 481 3703 655 3757; x_wconf 85' lang='grc' dir='ltr'><strong>Τοῦτο</strong></span> <span class='ocrx_word' id='word_1_459' title='bbox 704 3702 1062 3772; x_wconf 78' lang='grc' dir='ltr'><strong>πεπλήρωται</strong></span> <span class='ocrx_word' id='word_1_460' title='bbox 1111 3699 1210 3771; x_wconf 80' lang='grc' dir='ltr'><strong>μὲν</strong></span> <span class='ocrx_word' id='word_1_461' title='bbox 1261 3697 1355 3752; x_wconf 74' lang='grc' dir='ltr'><strong>ἐπὶ</strong></span> <span class='ocrx_word' id='word_1_462' title='bbox 1406 3695 1484 3767; x_wconf 81' lang='grc' dir='ltr'><strong>τῷ</strong></span> <span class='ocrx_word' id='word_1_463' title='bbox 1515 3694 1717 3766; x_wconf 52' lang='grc' dir='ltr'><strong>Ἰούδου</strong></span> <span class='ocrx_word' id='word_1_464' title='bbox 1748 3694 1847 3765; x_wconf 78' lang='grc' dir='ltr'><strong>τὴν</strong></span> <span class='ocrx_word' id='word_1_465' title='bbox 1878 3694 1989 3764; x_wconf 78' lang='grc' dir='ltr'><strong>γάρ</strong></span> 
     </span>
    </p>
   </div>
   <div class='ocr_carea' id='block_1_69' title="bbox 416 3783 1989 3868">
    <p class='ocr_par' dir='ltr' id='par_1_69' title="bbox 416 3783 1989 3868">
     <span class='ocr_line' id='line_1_69' title="bbox 416 3783 1989 3868; baseline -0.009 -18"><span class='ocrx_word' id='word_1_466' title='bbox 416 3795 705 3868; x_wconf 79' lang='grc' dir='ltr'><strong>προδοσίαν</strong></span> <span class='ocrx_word' id='word_1_467' title='bbox 733 3793 937 3866; x_wconf 76' lang='grc' dir='ltr'><strong>ἀγχόνῃ</strong></span> <span class='ocrx_word' id='word_1_468' title='bbox 965 3791 1257 3857; x_wconf 80' lang='grc' dir='ltr'><strong>διεδέξατο.</strong></span> <span class='ocrx_word' id='word_1_469' title='bbox 1295 3788 1648 3858; x_wconf 78' lang='grc' dir='ltr'><strong>πεπλήρωται</strong></span> <span class='ocrx_word' id='word_1_470' title='bbox 1677 3785 1732 3839; x_wconf 77' lang='grc' dir='ltr'><strong>δὲ</strong></span> <span class='ocrx_word' id='word_1_471' title='bbox 1759 3783 1854 3839; x_wconf 74' lang='grc' dir='ltr'><strong>καὶ</strong></span> <span class='ocrx_word' id='word_1_472' title='bbox 1897 3784 1989 3835; x_wconf 74' lang='grc' dir='ltr'><strong>ἐπὶ</strong></span> 
     </span>
    </p>
   </div>
   <div class='ocr_carea' id='block_1_70' title="bbox 414 3870 1988 3949">
    <p class='ocr_par' dir='ltr' id='par_1_70' title="bbox 414 3870 1988 3949">
     <span class='ocr_line' id='line_1_70' title="bbox 414 3870 1988 3949; baseline -0.01 -10"><span class='ocrx_word' id='word_1_473' title='bbox 414 3886 524 3940; x_wconf 91' lang='grc' dir='ltr'><strong>τῶν</strong></span> <span class='ocrx_word' id='word_1_474' title='bbox 558 3886 752 3941; x_wconf 81' lang='grc' dir='ltr'><strong>,ἄλλων</strong></span> <span class='ocrx_word' id='word_1_475' title='bbox 802 3881 1102 3936; x_wconf 79' lang='grc' dir='ltr'><strong>Ἰουδαίων⁸</strong></span> <span class='ocrx_word' id='word_1_476' title='bbox 1134 3878 1373 3949; x_wconf 78' lang='grc' dir='ltr'><strong>Χριστὸν</strong></span> <span class='ocrx_word' id='word_1_477' title='bbox 1401 3876 1511 3948; x_wconf 82' lang='grc' dir='ltr'><strong>γὰρ</strong></span> <span class='ocrx_word' id='word_1_478' title='bbox 1549 3876 1647 3947; x_wconf 78' lang='grc' dir='ltr'><strong>τὴν</strong></span> <span class='ocrx_word' id='word_1_479' title='bbox 1694 3874 1837 3944; x_wconf 79' lang='grc' dir='ltr'><strong>ζωὴν</strong></span> <span class='ocrx_word' id='word_1_480' title='bbox 1888 3870 1988 3944; x_wconf 79' lang='grc' dir='ltr'><strong>τὴν</strong></span> 
     </span>
    </p>
   </div>
   <div class='ocr_carea' id='block_1_71' title="bbox 414 3962 1989 4043">
    <p class='ocr_par' dir='ltr' id='par_1_71' title="bbox 414 3962 1989 4043">
     <span class='ocr_line' id='line_1_71' title="bbox 414 3962 1989 4043; baseline -0.008 -16"><span class='ocrx_word' id='word_1_481' title='bbox 414 3972 674 4043; x_wconf 78' lang='grc' dir='ltr'><strong>ἀληθινὴν</strong></span> <span class='ocrx_word' id='word_1_482' title='bbox 709 3971 945 4042; x_wconf 79' lang='grc' dir='ltr'><strong>ἔχοντες,</strong></span> <span class='ocrx_word' id='word_1_483' title='bbox 982 3967 1355 4037; x_wconf 79' lang='grc' dir='ltr'><strong>ἀσεϐήσαντες</strong></span> <span class='ocrx_word' id='word_1_484' title='bbox 1400 3966 1481 4030; x_wconf 81' lang='grc' dir='ltr'><strong>είς</strong></span> <span class='ocrx_word' id='word_1_485' title='bbox 1524 3964 1707 4029; x_wconf 80' lang='grc' dir='ltr'><strong>αὑτὸν,</strong></span> <span class='ocrx_word' id='word_1_486' title='bbox 1738 3963 1843 4016; x_wconf 83' lang='grc' dir='ltr'><strong>ὑπὸ</strong></span> <span class='ocrx_word' id='word_1_487' title='bbox 1889 3962 1989 4031; x_wconf 82' lang='grc' dir='ltr'><strong>τὴν</strong></span> 
     </span>
    </p>
   </div>
   <div class='ocr_carea' id='block_1_72' title="bbox 414 4053 1990 4134">
    <p class='ocr_par' dir='ltr' id='par_1_72' title="bbox 414 4053 1990 4134">
     <span class='ocr_line' id='line_1_72' title="bbox 414 4053 1990 4134; baseline -0.008 -17"><span class='ocrx_word' id='word_1_488' title='bbox 414 4063 651 4134; x_wconf 78' lang='grc' dir='ltr'><strong>φοϐεράν</strong></span> <span class='ocrx_word' id='word_1_489' title='bbox 680 4061 773 4116; x_wconf 91' lang='grc' dir='ltr'><strong>τοῦ</strong></span> <span class='ocrx_word' id='word_1_490' title='bbox 799 4061 1031 4116; x_wconf 85' lang='grc' dir='ltr'><strong>θανάτου</strong></span> <span class='ocrx_word' id='word_1_491' title='bbox 1066 4059 1312 4129; x_wconf 86' lang='grc' dir='ltr'><strong>κατάραν</strong></span> <span class='ocrx_word' id='word_1_492' title='bbox 1345 4056 1611 4126; x_wconf 70' lang='grc' dir='ltr'><strong>ἐγένοντο.</strong></span> <span class='ocrx_word' id='word_1_493' title='bbox 1641 4053 1909 4126; x_wconf 82' lang='grc' dir='ltr'><strong>Παροικία</strong></span> <span class='ocrx_word' id='word_1_494' title='bbox 1934 4053 1990 4106; x_wconf 81' lang='grc' dir='ltr'><strong>δὲ</strong></span> 
     </span>
    </p>
   </div>
   <div class='ocr_carea' id='block_1_73' title="bbox 413 4144 1990 4227">
    <p class='ocr_par' dir='ltr' id='par_1_73' title="bbox 413 4144 1990 4227">
     <span class='ocr_line' id='line_1_73' title="bbox 413 4144 1990 4227; baseline -0.008 -17"><span class='ocrx_word' id='word_1_495' title='bbox 413 4159 442 4210; x_wconf 96' lang='lat'><strong>6</strong></span> <span class='ocrx_word' id='word_1_496' title='bbox 470 4156 580 4227; x_wconf 82' lang='grc' dir='ltr'><strong>βίος</strong></span> <span class='ocrx_word' id='word_1_497' title='bbox 601 4157 629 4209; x_wconf 92' lang='lat'><strong>6</strong></span> <span class='ocrx_word' id='word_1_498' title='bbox 653 4154 992 4227; x_wconf 82' lang='grc' dir='ltr'><strong>ἀνθρώπινος</strong></span> <span class='ocrx_word' id='word_1_499' title='bbox 1012 4151 1254 4220; x_wconf 78' lang='grc' dir='ltr'><strong>λέγεται.</strong></span> <span class='ocrx_word' id='word_1_500' title='bbox 1280 4149 1414 4204; x_wconf 79' lang='grc' dir='ltr'><strong>Οὐδὲ</strong></span> <span class='ocrx_word' id='word_1_501' title='bbox 1436 4149 1543 4219; x_wconf 85' lang='grc' dir='ltr'><strong>γὰρ</strong></span> <span class='ocrx_word' id='word_1_502' title='bbox 1564 4149 1731 4203; x_wconf 78' lang='grc' dir='ltr'><strong>οἰκεῖν</strong></span> <span class='ocrx_word' id='word_1_503' title='bbox 1758 4144 1990 4200; x_wconf 81' lang='grc' dir='ltr'><strong>ἐνταῦθα</strong></span> 
     </span>
    </p>
   </div>
   <div class='ocr_carea' id='block_1_74' title="bbox 418 4238 1992 4319">
    <p class='ocr_par' dir='ltr' id='par_1_74' title="bbox 418 4238 1992 4319">
     <span class='ocr_line' id='line_1_74' title="bbox 418 4238 1992 4319; baseline -0.008 -18"><span class='ocrx_word' id='word_1_504' title='bbox 418 4248 582 4319; x_wconf 88' lang='grc' dir='ltr'><strong>μέχρι</strong></span> <span class='ocrx_word' id='word_1_505' title='bbox 612 4245 812 4300; x_wconf 87' lang='grc' dir='ltr'><strong>πολλοῦ</strong></span> <span class='ocrx_word' id='word_1_506' title='bbox 846 4242 1145 4314; x_wconf 78' lang='grc' dir='ltr'><strong>δυνάμεθα,</strong></span> <span class='ocrx_word' id='word_1_507' title='bbox 1192 4241 1307 4296; x_wconf 82' lang='grc' dir='ltr'><strong>ἀλλ’</strong></span> <span class='ocrx_word' id='word_1_508' title='bbox 1328 4240 1402 4305; x_wconf 80' lang='grc' dir='ltr'><strong>ὡς</strong></span> <span class='ocrx_word' id='word_1_509' title='bbox 1443 4241 1721 4313; x_wconf 84' lang='grc' dir='ltr'><strong>πάροικοι,</strong></span> <span class='ocrx_word' id='word_1_510' title='bbox 1752 4239 1881 4291; x_wconf 83' lang='grc' dir='ltr'><strong>ὅταν</strong></span> <span class='ocrx_word' id='word_1_511' title='bbox 1915 4238 1992 4290; x_wconf 78' lang='lat' dir='ltr'><strong>oi-</strong></span> 
     </span>
    </p>
   </div>
   <div class='ocr_carea' id='block_1_75' title="bbox 413 4330 1987 4411">
    <p class='ocr_par' dir='ltr' id='par_1_75' title="bbox 413 4330 1987 4411">
     <span class='ocr_line' id='line_1_75' title="bbox 413 4330 1987 4411; baseline -0.006 -15"><span class='ocrx_word' id='word_1_512' title='bbox 413 4342 749 4411; x_wconf 84' lang='grc' dir='ltr'><strong>κοδεσπότης</strong></span> <span class='ocrx_word' id='word_1_513' title='bbox 806 4338 1085 4411; x_wconf 79' lang='grc' dir='ltr'><strong>προστάξῃ</strong></span> <span class='ocrx_word' id='word_1_514' title='bbox 1113 4330 1525 4407; x_wconf 71' lang='grc' dir='ltr'><strong>,παραχρῆμα</strong></span> <span class='ocrx_word' id='word_1_515' title='bbox 1594 4331 1987 4401; x_wconf 81' lang='grc' dir='ltr'><strong>ὲκϐαλλόμεθα.</strong></span> 
     </span>
    </p>
   </div>
   <div class='ocr_carea' id='block_1_76' title="bbox 426 4425 1991 4504">
    <p class='ocr_par' dir='ltr' id='par_1_76' title="bbox 426 4425 1991 4504">
     <span class='ocr_line' id='line_1_76' title="bbox 426 4425 1991 4504; baseline -0.006 -17"><span class='ocrx_word' id='word_1_516' title='bbox 426 4433 647 4504; x_wconf 82' lang='grc' dir='ltr'><strong>Ἐπειδὴ</strong></span> <span class='ocrx_word' id='word_1_517' title='bbox 680 4433 737 4486; x_wconf 83' lang='grc' dir='ltr'><strong>δὲ</strong></span> <span class='ocrx_word' id='word_1_518' title='bbox 763 4430 1057 4502; x_wconf 82' lang='grc' dir='ltr'><strong>παροικίας</strong></span> <span class='ocrx_word' id='word_1_519' title='bbox 1090 4430 1118 4482; x_wconf 93' lang='lat'><strong>6</strong></span> <span class='ocrx_word' id='word_1_520' title='bbox 1145 4428 1440 4500; x_wconf 83' lang='grc' dir='ltr'><strong>Προφήτης</strong></span> <span class='ocrx_word' id='word_1_521' title='bbox 1472 4425 1673 4489; x_wconf 87' lang='grc' dir='ltr'><strong>πολλάς</strong></span> <span class='ocrx_word' id='word_1_522' title='bbox 1705 4425 1828 4478; x_wconf 76' lang='grc' dir='ltr'><strong>ἀντὶ</strong></span> <span class='ocrx_word' id='word_1_523' title='bbox 1862 4425 1991 4495; x_wconf 83' lang='grc' dir='ltr'><strong>μιᾶς</strong></span> 
     </span>
    </p>
   </div>
   <div class='ocr_carea' id='block_1_77' title="bbox 2090 3327 3668 3399">
    <p class='ocr_par' dir='ltr' id='par_1_77' title="bbox 2090 3327 3668 3399">
     <span class='ocr_line' id='line_1_77' title="bbox 2090 3327 3668 3399; baseline -0.002 -14"><span class='ocrx_word' id='word_1_524' title='bbox 2090 3331 2396 3387; x_wconf 88' lang='lat' dir='ltr'><strong>adornavit.</strong></span> <span class='ocrx_word' id='word_1_525' title='bbox 2461 3328 2589 3385; x_wconf 64' lang='lat' dir='ltr'><strong>Haec</strong></span> <span class='ocrx_word' id='word_1_526' title='bbox 2660 3330 2845 3399; x_wconf 87' lang='lat' dir='ltr'><strong>itaque</strong></span> <span class='ocrx_word' id='word_1_527' title='bbox 2892 3329 2989 3384; x_wconf 94' lang='lat' dir='ltr'><strong>Dei</strong></span> <span class='ocrx_word' id='word_1_528' title='bbox 3044 3327 3281 3399; x_wconf 87' lang='lat' dir='ltr'><strong>Spiritus</strong></span> <span class='ocrx_word' id='word_1_529' title='bbox 3341 3336 3469 3383; x_wconf 91' lang='lat' dir='ltr'><strong>ante</strong></span> <span class='ocrx_word' id='word_1_530' title='bbox 3543 3328 3668 3399; x_wconf 90' lang='lat' dir='ltr'><strong>plu-</strong></span> 
     </span>
    </p>
   </div>
   <div class='ocr_carea' id='block_1_78' title="bbox 2090 3420 3668 3494">
    <p class='ocr_par' dir='ltr' id='par_1_78' title="bbox 2090 3420 3668 3494">
     <span class='ocr_line' id='line_1_78' title="bbox 2090 3420 3668 3494; baseline -0.002 -17"><span class='ocrx_word' id='word_1_531' title='bbox 2090 3421 2257 3477; x_wconf 85' lang='lat' dir='ltr'><strong>rimas</strong></span> <span class='ocrx_word' id='word_1_532' title='bbox 2292 3422 2694 3494; x_wconf 80' lang='lat' dir='ltr'><strong>generationes,</strong></span> <span class='ocrx_word' id='word_1_533' title='bbox 2749 3420 3015 3491; x_wconf 88' lang='lat' dir='ltr'><strong>proditori</strong></span> <span class='ocrx_word' id='word_1_534' title='bbox 3066 3420 3470 3491; x_wconf 85' lang='lat' dir='ltr'><strong>exprobrando,</strong></span> <span class='ocrx_word' id='word_1_535' title='bbox 3530 3420 3668 3475; x_wconf 88' lang='lat' dir='ltr'><strong>insi-</strong></span> 
     </span>
    </p>
   </div>
   <div class='ocr_carea' id='block_1_79' title="bbox 2089 3514 2298 3569">
    <p class='ocr_par' dir='ltr' id='par_1_79' title="bbox 2089 3514 2298 3569">
     <span class='ocr_line' id='line_1_79' title="bbox 2089 3514 2298 3569; baseline -0.005 0"><span class='ocrx_word' id='word_1_536' title='bbox 2089 3514 2298 3569; x_wconf 81' lang='lat' dir='ltr'><strong>nuavit.</strong></span> 
     </span>
    </p>
   </div>
   <div class='ocr_carea' id='block_1_80' title="bbox 2161 3604 3315 3674">
    <p class='ocr_par' dir='ltr' id='par_1_80' title="bbox 2161 3604 3315 3674">
     <span class='ocr_line' id='line_1_80' title="bbox 2161 3604 3315 3674; baseline -0.003 -14"><span class='ocrx_word' id='word_1_537' title='bbox 2161 3604 2323 3660; x_wconf 77' lang='lat' dir='ltr'><strong>Vens.</strong></span> <span class='ocrx_word' id='word_1_538' title='bbox 2350 3605 2437 3660; x_wconf 71' lang='grc'><strong>16.</strong></span> <span class='ocrx_word' id='word_1_539' title='bbox 2473 3625 2491 3658; x_wconf 77' lang='grc' dir='ltr'><strong>ι</strong></span> <span class='ocrx_word' id='word_1_540' title='bbox 2526 3605 2723 3661; x_wconf 76' lang='lat' dir='ltr'><strong>Veniat</strong></span> <span class='ocrx_word' id='word_1_541' title='bbox 2754 3620 2902 3660; x_wconf 89' lang='lat' dir='ltr'><strong>mors</strong></span> <span class='ocrx_word' id='word_1_542' title='bbox 2940 3620 3103 3674; x_wconf 90' lang='lat' dir='ltr'><strong>super</strong></span> <span class='ocrx_word' id='word_1_543' title='bbox 3119 3605 3258 3659; x_wconf 90' lang='lat' dir='ltr'><strong>illos.</strong></span> <span class='ocrx_word' id='word_1_544' title='bbox 3295 3622 3315 3655; x_wconf 83' lang='grc'><strong>›</strong></span> 
     </span>
    </p>
   </div>
   <div class='ocr_carea' id='block_1_81' title="bbox 2162 3694 3669 3767">
    <p class='ocr_par' dir='ltr' id='par_1_81' title="bbox 2162 3694 3669 3767">
     <span class='ocr_line' id='line_1_81' title="bbox 2162 3694 3669 3767; baseline -0.001 -17"><span class='ocrx_word' id='word_1_545' title='bbox 2162 3696 2276 3752; x_wconf 83' lang='lat' dir='ltr'><strong>Hoc</strong></span> <span class='ocrx_word' id='word_1_546' title='bbox 2295 3697 2513 3767; x_wconf 87' lang='lat' dir='ltr'><strong>quidem</strong></span> <span class='ocrx_word' id='word_1_547' title='bbox 2546 3696 2603 3749; x_wconf 91' lang='lat' dir='ltr'><strong>in</strong></span> <span class='ocrx_word' id='word_1_548' title='bbox 2630 3696 2770 3751; x_wconf 83' lang='lat' dir='ltr'><strong>Juda</strong></span> <span class='ocrx_word' id='word_1_549' title='bbox 2804 3696 3087 3766; x_wconf 86' lang='lat' dir='ltr'><strong>impletum</strong></span> <span class='ocrx_word' id='word_1_550' title='bbox 3142 3704 3228 3749; x_wconf 90' lang='lat' dir='ltr'><strong>est</strong></span> <span class='ocrx_word' id='word_1_551' title='bbox 3259 3711 3272 3747; x_wconf 92' lang='lat'><strong>:</strong></span> <span class='ocrx_word' id='word_1_552' title='bbox 3302 3694 3669 3765; x_wconf 86' lang='lat' dir='ltr'><strong>proditionem</strong></span> 
     </span>
    </p>
   </div>
   <div class='ocr_carea' id='block_1_82' title="bbox 2090 3784 3672 3858">
    <p class='ocr_par' dir='ltr' id='par_1_82' title="bbox 2090 3784 3672 3858">
     <span class='ocr_line' id='line_1_82' title="bbox 2090 3784 3672 3858; baseline -0.001 -17"><span class='ocrx_word' id='word_1_553' title='bbox 2090 3788 2235 3841; x_wconf 93' lang='lat' dir='ltr'><strong>enim</strong></span> <span class='ocrx_word' id='word_1_554' title='bbox 2259 3788 2483 3858; x_wconf 87' lang='lat' dir='ltr'><strong>laqueus</strong></span> <span class='ocrx_word' id='word_1_555' title='bbox 2499 3787 2733 3857; x_wconf 78' lang='lat' dir='ltr'><strong>excepit.</strong></span> <span class='ocrx_word' id='word_1_556' title='bbox 2762 3785 2910 3851; x_wconf 86' lang='lat' dir='ltr'><strong>Quin</strong></span> <span class='ocrx_word' id='word_1_557' title='bbox 2938 3795 2994 3840; x_wconf 93' lang='lat' dir='ltr'><strong>et</strong></span> <span class='ocrx_word' id='word_1_558' title='bbox 3044 3787 3102 3840; x_wconf 94' lang='lat' dir='ltr'><strong>in</strong></span> <span class='ocrx_word' id='word_1_559' title='bbox 3133 3786 3253 3839; x_wconf 90' lang='lat' dir='ltr'><strong>aliis</strong></span> <span class='ocrx_word' id='word_1_560' title='bbox 3297 3784 3504 3840; x_wconf 69' lang='lat' dir='ltr'><strong>Iudaeis</strong></span> <span class='ocrx_word' id='word_1_561' title='bbox 3567 3786 3672 3840; x_wconf 87' lang='lat' dir='ltr'><strong>im-</strong></span> 
     </span>
    </p>
   </div>
   <div class='ocr_carea' id='block_1_83' title="bbox 2090 3875 3673 3947">
    <p class='ocr_par' dir='ltr' id='par_1_83' title="bbox 2090 3875 3673 3947">
     <span class='ocr_line' id='line_1_83' title="bbox 2090 3875 3673 3947; baseline 0 -17"><span class='ocrx_word' id='word_1_562' title='bbox 2090 3876 2296 3947; x_wconf 90' lang='lat' dir='ltr'><strong>pletum</strong></span> <span class='ocrx_word' id='word_1_563' title='bbox 2323 3883 2442 3930; x_wconf 89' lang='lat' dir='ltr'><strong>est:</strong></span> <span class='ocrx_word' id='word_1_564' title='bbox 2469 3891 2592 3931; x_wconf 88' lang='lat' dir='ltr'><strong>cum</strong></span> <span class='ocrx_word' id='word_1_565' title='bbox 2626 3875 2772 3929; x_wconf 90' lang='lat' dir='ltr'><strong>enim</strong></span> <span class='ocrx_word' id='word_1_566' title='bbox 2828 3875 3102 3930; x_wconf 83' lang='lat' dir='ltr'><strong>Christum</strong></span> <span class='ocrx_word' id='word_1_567' title='bbox 3146 3876 3312 3930; x_wconf 90' lang='lat' dir='ltr'><strong>vitam</strong></span> <span class='ocrx_word' id='word_1_568' title='bbox 3346 3891 3529 3931; x_wconf 86' lang='lat' dir='ltr'><strong>veram</strong></span> <span class='ocrx_word' id='word_1_569' title='bbox 3573 3876 3673 3930; x_wconf 89' lang='lat' dir='ltr'><strong>ha-</strong></span> 
     </span>
    </p>
   </div>
   <div class='ocr_carea' id='block_1_84' title="bbox 2089 3970 3672 4043">
    <p class='ocr_par' dir='ltr' id='par_1_84' title="bbox 2089 3970 3672 4043">
     <span class='ocr_line' id='line_1_84' title="bbox 2089 3970 3672 4043; baseline 0.001 -17"><span class='ocrx_word' id='word_1_570' title='bbox 2089 3972 2306 4039; x_wconf 89' lang='lat' dir='ltr'><strong>berent,</strong></span> <span class='ocrx_word' id='word_1_571' title='bbox 2349 3986 2476 4043; x_wconf 82' lang='lat' dir='ltr'><strong>erga</strong></span> <span class='ocrx_word' id='word_1_572' title='bbox 2522 3970 2701 4041; x_wconf 90' lang='lat' dir='ltr'><strong>ipsum</strong></span> <span class='ocrx_word' id='word_1_573' title='bbox 2760 3970 2929 4042; x_wconf 89' lang='lat' dir='ltr'><strong>impie</strong></span> <span class='ocrx_word' id='word_1_574' title='bbox 2981 3986 3041 4026; x_wconf 89' lang='lat' dir='ltr'><strong>se</strong></span> <span class='ocrx_word' id='word_1_575' title='bbox 3094 3981 3371 4042; x_wconf 79' lang='lat' dir='ltr'><strong>gerentes,</strong></span> <span class='ocrx_word' id='word_1_576' title='bbox 3427 3972 3672 4028; x_wconf 86' lang='lat' dir='ltr'><strong>terribile</strong></span> 
     </span>
    </p>
   </div>
   <div class='ocr_carea' id='block_1_85' title="bbox 2092 4062 3672 4119">
    <p class='ocr_par' dir='ltr' id='par_1_85' title="bbox 2092 4062 3672 4119">
     <span class='ocr_line' id='line_1_85' title="bbox 2092 4062 3672 4119; baseline 0 0"><span class='ocrx_word' id='word_1_577' title='bbox 2092 4064 2282 4119; x_wconf 85' lang='lat' dir='ltr'><strong>mortis</strong></span> <span class='ocrx_word' id='word_1_578' title='bbox 2318 4064 2669 4119; x_wconf 91' lang='lat' dir='ltr'><strong>maledictum</strong></span> <span class='ocrx_word' id='word_1_579' title='bbox 2708 4063 3083 4118; x_wconf 81' lang='lat' dir='ltr'><strong>incurrerunt.</strong></span> <span class='ocrx_word' id='word_1_580' title='bbox 3142 4062 3311 4119; x_wconf 81' lang='lat' dir='ltr'><strong>Porro</strong></span> <span class='ocrx_word' id='word_1_581' title='bbox 3344 4064 3672 4119; x_wconf 87' lang='lat' dir='ltr'><strong>tabernacu-</strong></span> 
     </span>
    </p>
   </div>
   <div class='ocr_carea' id='block_1_86' title="bbox 2090 4144 3673 4228">
    <p class='ocr_par' dir='ltr' id='par_1_86' title="bbox 2090 4144 3673 4228">
     <span class='ocr_line' id='line_1_86' title="bbox 2090 4144 3673 4228; baseline -0.001 -17"><span class='ocrx_word' id='word_1_582' title='bbox 2090 4158 2203 4212; x_wconf 91' lang='lat' dir='ltr'><strong>lum</strong></span> <span class='ocrx_word' id='word_1_583' title='bbox 2231 4157 2466 4212; x_wconf 88' lang='lat' dir='ltr'><strong>humana</strong></span> <span class='ocrx_word' id='word_1_584' title='bbox 2496 4157 2606 4212; x_wconf 88' lang='lat' dir='ltr'><strong>vita</strong></span> <span class='ocrx_word' id='word_1_585' title='bbox 2642 4156 2861 4211; x_wconf 89' lang='lat' dir='ltr'><strong>dicitur.</strong></span> <span class='ocrx_word' id='word_1_586' title='bbox 2920 4144 3177 4210; x_wconf 83' lang='lat' dir='ltr'><strong>Habitare</strong></span> <span class='ocrx_word' id='word_1_587' title='bbox 3209 4157 3357 4211; x_wconf 90' lang='lat' dir='ltr'><strong>enim</strong></span> <span class='ocrx_word' id='word_1_588' title='bbox 3397 4155 3487 4211; x_wconf 90' lang='lat' dir='ltr'><strong>hic</strong></span> <span class='ocrx_word' id='word_1_589' title='bbox 3514 4158 3673 4228; x_wconf 84' lang='lat' dir='ltr'><strong>longo</strong></span> 
     </span>
    </p>
   </div>
   <div class='ocr_carea' id='block_1_87' title="bbox 2094 4234 3706 4321">
    <p class='ocr_par' dir='ltr' id='par_1_87' title="bbox 2094 4234 3706 4321">
     <span class='ocr_line' id='line_1_87' title="bbox 2094 4234 3706 4321; baseline 0 -16"><span class='ocrx_word' id='word_1_590' title='bbox 2094 4259 2336 4321; x_wconf 90' lang='lat' dir='ltr'><strong>tempore</strong></span> <span class='ocrx_word' id='word_1_591' title='bbox 2365 4267 2473 4306; x_wconf 93' lang='lat' dir='ltr'><strong>non</strong></span> <span class='ocrx_word' id='word_1_592' title='bbox 2496 4250 2738 4306; x_wconf 90' lang='lat' dir='ltr'><strong>valemus</strong></span> <span class='ocrx_word' id='word_1_593' title='bbox 2762 4266 2776 4317; x_wconf 90' lang='lat'><strong>;</strong></span> <span class='ocrx_word' id='word_1_594' title='bbox 2797 4249 2893 4304; x_wconf 92' lang='lat' dir='ltr'><strong>sed</strong></span> <span class='ocrx_word' id='word_1_595' title='bbox 2922 4259 3182 4319; x_wconf 89' lang='lat' dir='ltr'><strong>tanquam</strong></span> <span class='ocrx_word' id='word_1_596' title='bbox 3218 4250 3431 4317; x_wconf 62' lang='lat' dir='ltr'><strong>incolae,</strong></span> <span class='ocrx_word' id='word_1_597' title='bbox 3453 4251 3671 4320; x_wconf 90' lang='lat' dir='ltr'><strong>quando</strong></span> <span class='ocrx_word' id='word_1_598' title='bbox 3703 4234 3706 4238; x_wconf 16' lang='grc' dir='ltr'><strong>Δ</strong></span> 
     </span>
    </p>
   </div>
   <div class='ocr_carea' id='block_1_88' title="bbox 2094 4341 3671 4413">
    <p class='ocr_par' dir='ltr' id='par_1_88' title="bbox 2094 4341 3671 4413">
     <span class='ocr_line' id='line_1_88' title="bbox 2094 4341 3671 4413; baseline 0.003 -18"><span class='ocrx_word' id='word_1_599' title='bbox 2094 4341 2359 4397; x_wconf 84' lang='lat' dir='ltr'><strong>Dominus</strong></span> <span class='ocrx_word' id='word_1_600' title='bbox 2426 4343 2623 4398; x_wconf 89' lang='lat' dir='ltr'><strong>domus</strong></span> <span class='ocrx_word' id='word_1_601' title='bbox 2668 4342 3010 4413; x_wconf 82' lang='lat' dir='ltr'><strong>praeceperit,</strong></span> <span class='ocrx_word' id='word_1_602' title='bbox 3038 4342 3181 4397; x_wconf 91' lang='lat' dir='ltr'><strong>illico</strong></span> <span class='ocrx_word' id='word_1_603' title='bbox 3204 4343 3474 4413; x_wconf 85' lang='lat' dir='ltr'><strong>ejicimur.</strong></span> <span class='ocrx_word' id='word_1_604' title='bbox 3531 4343 3671 4399; x_wconf 91' lang='lat' dir='ltr'><strong>Cum</strong></span> 
     </span>
    </p>
   </div>
   <div class='ocr_carea' id='block_1_89' title="bbox 2035 4434 3668 4506">
    <p class='ocr_par' dir='ltr' id='par_1_89' title="bbox 2035 4434 3668 4506">
     <span class='ocr_line' id='line_1_89' title="bbox 2035 4434 3668 4506; baseline 0.003 -20"><span class='ocrx_word' id='word_1_605' title='bbox 2035 4474 2053 4486; x_wconf 78' lang='lat'><strong>.</strong></span> <span class='ocrx_word' id='word_1_606' title='bbox 2094 4445 2275 4490; x_wconf 90' lang='lat' dir='ltr'><strong>autem</strong></span> <span class='ocrx_word' id='word_1_607' title='bbox 2306 4435 2579 4506; x_wconf 88' lang='lat' dir='ltr'><strong>Propheta</strong></span> <span class='ocrx_word' id='word_1_608' title='bbox 2610 4435 2778 4489; x_wconf 87' lang='lat' dir='ltr'><strong>multa</strong></span> <span class='ocrx_word' id='word_1_609' title='bbox 2802 4434 3158 4489; x_wconf 87' lang='lat' dir='ltr'><strong>tabernacula</strong></span> <span class='ocrx_word' id='word_1_610' title='bbox 3195 4451 3295 4505; x_wconf 91' lang='lat' dir='ltr'><strong>pro</strong></span> <span class='ocrx_word' id='word_1_611' title='bbox 3316 4451 3425 4490; x_wconf 91' lang='lat' dir='ltr'><strong>uno</strong></span> <span class='ocrx_word' id='word_1_612' title='bbox 3447 4436 3668 4503; x_wconf 78' lang='lat' dir='ltr'><strong>dixerit,</strong></span> 
     </span>
    </p>
   </div>
   <div class='ocr_carea' id='block_1_90' title="bbox 414 4514 1987 4596">
    <p class='ocr_par' dir='ltr' id='par_1_90' title="bbox 414 4514 1987 4588">
     <span class='ocr_line' id='line_1_90' title="bbox 414 4514 1987 4588; baseline -0.006 -12"><span class='ocrx_word' id='word_1_613' title='bbox 414 4518 557 4587; x_wconf 82' lang='grc' dir='ltr'><strong>εἷπε,</strong></span> <span class='ocrx_word' id='word_1_614' title='bbox 596 4522 695 4585; x_wconf 84' lang='grc' dir='ltr'><strong>τὰς</strong></span> <span class='ocrx_word' id='word_1_615' title='bbox 727 4519 928 4583; x_wconf 86' lang='grc' dir='ltr'><strong>πολλὰς</strong></span> <span class='ocrx_word' id='word_1_616' title='bbox 957 4519 1065 4572; x_wconf 90' lang='grc' dir='ltr'><strong>τῶν</strong></span> <span class='ocrx_word' id='word_1_617' title='bbox 1091 4515 1396 4588; x_wconf 86' lang='grc' dir='ltr'><strong>ἀνθρώπων</strong></span> <span class='ocrx_word' id='word_1_618' title='bbox 1425 4515 1569 4569; x_wconf 82' lang='grc' dir='ltr'><strong>κατὰ</strong></span> <span class='ocrx_word' id='word_1_619' title='bbox 1610 4516 1701 4568; x_wconf 80' lang='grc' dir='ltr'><strong>τὸν</strong></span> <span class='ocrx_word' id='word_1_620' title='bbox 1729 4514 1841 4585; x_wconf 86' lang='grc' dir='ltr'><strong>βίον</strong></span> <span class='ocrx_word' id='word_1_621' title='bbox 1873 4514 1987 4567; x_wconf 82' lang='grc' dir='ltr'><strong>δια-</strong></span> 
     </span>
    </p>
   </div>
   <div class='ocr_carea' id='block_1_91' title="bbox 2087 4514 3667 4596">
    <p class='ocr_par' dir='ltr' id='par_1_91' title="bbox 2097 4526 3667 4596">
     <span class='ocr_line' id='line_1_91' title="bbox 2097 4526 3667 4596; baseline 0.001 -15"><span class='ocrx_word' id='word_1_622' title='bbox 2097 4526 2356 4596; x_wconf 84' lang='lat' dir='ltr'><strong>plurimas</strong></span> <span class='ocrx_word' id='word_1_623' title='bbox 2379 4527 2664 4581; x_wconf 89' lang='lat' dir='ltr'><strong>hominum</strong></span> <span class='ocrx_word' id='word_1_624' title='bbox 2690 4529 2744 4579; x_wconf 91' lang='lat' dir='ltr'><strong>in</strong></span> <span class='ocrx_word' id='word_1_625' title='bbox 2775 4526 2878 4579; x_wconf 74' lang='lat' dir='ltr'><strong>lia&#39;c</strong></span> <span class='ocrx_word' id='word_1_626' title='bbox 2908 4526 3022 4581; x_wconf 88' lang='lat' dir='ltr'><strong>vita</strong></span> <span class='ocrx_word' id='word_1_627' title='bbox 3042 4526 3382 4582; x_wconf 80' lang='lat' dir='ltr'><strong>differentias</strong></span> <span class='ocrx_word' id='word_1_628' title='bbox 3406 4527 3667 4582; x_wconf 88' lang='lat' dir='ltr'><strong>insinuat.</strong></span> 
     </span>
    </p>
   </div>
   <div class='ocr_carea' id='block_1_92' title="bbox 415 4604 1993 4685">
    <p class='ocr_par' dir='ltr' id='par_1_92' title="bbox 415 4604 1993 4685">
     <span class='ocr_line' id='line_1_92' title="bbox 415 4604 1993 4685; baseline -0.006 -18"><span class='ocrx_word' id='word_1_629' title='bbox 415 4614 587 4685; x_wconf 86' lang='grc' dir='ltr'><strong>φοράς</strong></span> <span class='ocrx_word' id='word_1_630' title='bbox 629 4611 948 4683; x_wconf 84' lang='grc' dir='ltr'><strong>αἰνίττεται.</strong></span> <span class='ocrx_word' id='word_1_631' title='bbox 984 4611 1047 4663; x_wconf 80' lang='lat' dir='ltr'><strong>Oi</strong></span> <span class='ocrx_word' id='word_1_632' title='bbox 1090 4609 1189 4680; x_wconf 80' lang='grc' dir='ltr'><strong>μὲν</strong></span> <span class='ocrx_word' id='word_1_633' title='bbox 1226 4607 1335 4680; x_wconf 78' lang='grc' dir='ltr'><strong>γὰρ</strong></span> <span class='ocrx_word' id='word_1_634' title='bbox 1365 4607 1529 4677; x_wconf 70' lang='grc' dir='ltr'><strong>τυχὸν</strong></span> <span class='ocrx_word' id='word_1_635' title='bbox 1566 4606 1820 4677; x_wconf 84' lang='grc' dir='ltr'><strong>ἀπορίαν,</strong></span> <span class='ocrx_word' id='word_1_636' title='bbox 1854 4606 1903 4658; x_wconf 82' lang='grc' dir='ltr'><strong>οἱ</strong></span> <span class='ocrx_word' id='word_1_637' title='bbox 1934 4604 1993 4658; x_wconf 75' lang='grc' dir='ltr'><strong>δὲ</strong></span> 
     </span>
    </p>
   </div>
   <div class='ocr_carea' id='block_1_93' title="bbox 415 4698 1996 4777">
    <p class='ocr_par' dir='ltr' id='par_1_93' title="bbox 415 4698 1996 4777">
     <span class='ocr_line' id='line_1_93' title="bbox 415 4698 1996 4777; baseline -0.005 -19"><span class='ocrx_word' id='word_1_638' title='bbox 415 4705 708 4777; x_wconf 83' lang='grc' dir='ltr'><strong>γεωργίαν,</strong></span> <span class='ocrx_word' id='word_1_639' title='bbox 742 4704 789 4757; x_wconf 85' lang='grc' dir='ltr'><strong>οἱ</strong></span> <span class='ocrx_word' id='word_1_640' title='bbox 820 4702 876 4757; x_wconf 78' lang='grc' dir='ltr'><strong>δὲ</strong></span> <span class='ocrx_word' id='word_1_641' title='bbox 903 4702 999 4774; x_wconf 84' lang='grc' dir='ltr'><strong>τὴν</strong></span> <span class='ocrx_word' id='word_1_642' title='bbox 1050 4702 1108 4756; x_wconf 73' lang='grc' dir='ltr'><strong>ὲν</strong></span> <span class='ocrx_word' id='word_1_643' title='bbox 1137 4702 1250 4764; x_wconf 84' lang='grc' dir='ltr'><strong>τοῖς</strong></span> <span class='ocrx_word' id='word_1_644' title='bbox 1295 4700 1462 4763; x_wconf 76' lang='grc' dir='ltr'><strong>θείοις</strong></span> <span class='ocrx_word' id='word_1_645' title='bbox 1488 4698 1829 4768; x_wconf 80' lang='grc' dir='ltr'><strong>λειτουργίαν</strong></span> <span class='ocrx_word' id='word_1_646' title='bbox 1866 4715 1996 4769; x_wconf 87' lang='grc' dir='ltr'><strong>μετ-</strong></span> 
     </span>
    </p>
   </div>
   <div class='ocr_carea' id='block_1_94' title="bbox 416 4784 1995 4867">
    <p class='ocr_par' dir='ltr' id='par_1_94' title="bbox 416 4784 1995 4867">
     <span class='ocr_line' id='line_1_94' title="bbox 416 4784 1995 4867; baseline -0.009 -17"><span class='ocrx_word' id='word_1_647' title='bbox 416 4798 688 4867; x_wconf 84' lang='grc' dir='ltr'><strong>έρχονται.</strong></span> <span class='ocrx_word' id='word_1_648' title='bbox 707 4793 847 4845; x_wconf 84' lang='grc' dir='ltr'><strong>Ἀλλ’</strong></span> <span class='ocrx_word' id='word_1_649' title='bbox 870 4795 927 4845; x_wconf 81' lang='grc' dir='ltr'><strong>ἐν</strong></span> <span class='ocrx_word' id='word_1_650' title='bbox 957 4793 1092 4845; x_wconf 83' lang='grc' dir='ltr'><strong>πᾶσι</strong></span> <span class='ocrx_word' id='word_1_651' title='bbox 1121 4788 1337 4851; x_wconf 77' lang='grc' dir='ltr'><strong>τούτοις</strong></span> <span class='ocrx_word' id='word_1_652' title='bbox 1368 4788 1418 4841; x_wconf 90' lang='grc' dir='ltr'><strong>οί</strong></span> <span class='ocrx_word' id='word_1_653' title='bbox 1440 4788 1547 4840; x_wconf 91' lang='grc' dir='ltr'><strong>τῶν</strong></span> <span class='ocrx_word' id='word_1_654' title='bbox 1581 4784 1847 4839; x_wconf 85' lang='grc' dir='ltr'><strong>Ἰουδαίων</strong></span> <span class='ocrx_word' id='word_1_655' title='bbox 1868 4786 1995 4837; x_wconf 84' lang='grc' dir='ltr'><strong>παῖ-</strong></span> 
     </span>
    </p>
   </div>
   <div class='ocr_carea' id='block_1_95' title="bbox 412 4875 1998 4956">
    <p class='ocr_par' dir='ltr' id='par_1_95' title="bbox 412 4875 1998 4956">
     <span class='ocr_line' id='line_1_95' title="bbox 412 4875 1998 4956; baseline -0.006 -17"><span class='ocrx_word' id='word_1_656' title='bbox 412 4886 499 4948; x_wconf 85' lang='grc' dir='ltr'><strong>δες</strong></span> <span class='ocrx_word' id='word_1_657' title='bbox 531 4883 949 4956; x_wconf 80' lang='grc' dir='ltr'><strong>έπονηρεύοντο·</strong></span> <span class='ocrx_word' id='word_1_658' title='bbox 978 4882 1037 4936; x_wconf 84' lang='grc' dir='ltr'><strong>οὐ</strong></span> <span class='ocrx_word' id='word_1_659' title='bbox 1071 4880 1181 4951; x_wconf 85' lang='grc' dir='ltr'><strong>γάρ</strong></span> <span class='ocrx_word' id='word_1_660' title='bbox 1216 4880 1375 4949; x_wconf 80' lang='grc' dir='ltr'><strong>μόνον</strong></span> <span class='ocrx_word' id='word_1_661' title='bbox 1403 4880 1431 4932; x_wconf 92' lang='lat'><strong>6</strong></span> <span class='ocrx_word' id='word_1_662' title='bbox 1459 4876 1615 4940; x_wconf 82' lang='grc' dir='ltr'><strong>ἄλλος</strong></span> <span class='ocrx_word' id='word_1_663' title='bbox 1643 4877 1836 4946; x_wconf 78' lang='grc' dir='ltr'><strong>δῆμος,</strong></span> <span class='ocrx_word' id='word_1_664' title='bbox 1863 4875 1998 4929; x_wconf 84' lang='grc' dir='ltr'><strong>ἀλλὰ</strong></span> 
     </span>
    </p>
   </div>
   <div class='ocr_carea' id='block_1_96' title="bbox 413 4968 1991 5045">
    <p class='ocr_par' dir='ltr' id='par_1_96' title="bbox 413 4968 1991 5045">
     <span class='ocr_line' id='line_1_96' title="bbox 413 4968 1991 5045; baseline -0.008 -14"><span class='ocrx_word' id='word_1_665' title='bbox 413 4978 506 5032; x_wconf 71' lang='grc' dir='ltr'><strong>καὶ</strong></span> <span class='ocrx_word' id='word_1_666' title='bbox 544 4977 595 5029; x_wconf 82' lang='grc' dir='ltr'><strong>οἱ</strong></span> <span class='ocrx_word' id='word_1_667' title='bbox 624 4977 744 5030; x_wconf 82' lang='grc' dir='ltr'><strong>κατ’</strong></span> <span class='ocrx_word' id='word_1_668' title='bbox 778 4973 969 5045; x_wconf 73' lang='grc' dir='ltr'><strong>ἐξοχὴν</strong></span> <span class='ocrx_word' id='word_1_669' title='bbox 994 4971 1195 5035; x_wconf 79' lang='grc' dir='ltr'><strong>αὐτῶν,</strong></span> <span class='ocrx_word' id='word_1_670' title='bbox 1230 4971 1339 5024; x_wconf 71' lang='grc' dir='ltr'><strong>εἴτε</strong></span> <span class='ocrx_word' id='word_1_671' title='bbox 1361 4970 1638 5041; x_wconf 79' lang='grc' dir='ltr'><strong>ἄρχοντες,</strong></span> <span class='ocrx_word' id='word_1_672' title='bbox 1664 4968 1772 5021; x_wconf 77' lang='grc' dir='ltr'><strong>εἴτε</strong></span> <span class='ocrx_word' id='word_1_673' title='bbox 1806 4969 1991 5039; x_wconf 78' lang='grc' dir='ltr'><strong>ἱερεῖς,</strong></span> 
     </span>
    </p>
   </div>
   <div class='ocr_carea' id='block_1_97' title="bbox 413 5057 1991 5138">
    <p class='ocr_par' dir='ltr' id='par_1_97' title="bbox 413 5057 1991 5138">
     <span class='ocr_line' id='line_1_97' title="bbox 413 5057 1991 5138; baseline 0.003 -18"><span class='ocrx_word' id='word_1_674' title='bbox 413 5070 513 5137; x_wconf 75' lang='grc' dir='ltr'><strong>τὴν</strong></span> <span class='ocrx_word' id='word_1_675' title='bbox 561 5065 828 5138; x_wconf 80' lang='grc' dir='ltr'><strong>πονηρίαν</strong></span> <span class='ocrx_word' id='word_1_676' title='bbox 907 5066 1077 5137; x_wconf 85' lang='grc' dir='ltr'><strong>μέσην</strong></span> <span class='ocrx_word' id='word_1_677' title='bbox 1130 5062 1309 5117; x_wconf 84' lang='grc' dir='ltr'><strong>αὐτῶν</strong></span> <span class='ocrx_word' id='word_1_678' title='bbox 1364 5061 1551 5133; x_wconf 78' lang='grc' dir='ltr'><strong>ὥσπερ</strong></span> <span class='ocrx_word' id='word_1_679' title='bbox 1605 5057 1991 5124; x_wconf 72' lang='grc' dir='ltr'><strong>ἀπολαϐόντες»</strong></span> 
     </span>
    </p>
   </div>
   <div class='ocr_carea' id='block_1_98' title="bbox 418 5162 772 5231">
    <p class='ocr_par' dir='ltr' id='par_1_98' title="bbox 418 5162 772 5231">
     <span class='ocr_line' id='line_1_98' title="bbox 418 5162 772 5231; baseline -0.006 -18"><span class='ocrx_word' id='word_1_680' title='bbox 418 5162 554 5231; x_wconf 79' lang='grc' dir='ltr'><strong>μετή</strong></span> <span class='ocrx_word' id='word_1_681' title='bbox 564 5176 772 5229; x_wconf 84' lang='grc' dir='ltr'><strong>ρχοντο.</strong></span> 
     </span>
    </p>
   </div>
   <div class='ocr_carea' id='block_1_99' title="bbox 494 5243 1509 5320">
    <p class='ocr_par' dir='ltr' id='par_1_99' title="bbox 494 5243 1509 5320">
     <span class='ocr_line' id='line_1_99' title="bbox 494 5243 1509 5320; baseline -0.007 -17"><span class='ocrx_word' id='word_1_682' title='bbox 494 5270 514 5302; x_wconf 76' lang='grc' dir='ltr'><strong>ι</strong></span> <span class='ocrx_word' id='word_1_683' title='bbox 535 5250 679 5319; x_wconf 85' lang='grc' dir='ltr'><strong>Ἐγὼ</strong></span> <span class='ocrx_word' id='word_1_684' title='bbox 711 5249 845 5320; x_wconf 82' lang='grc' dir='ltr'><strong>πρὸς</strong></span> <span class='ocrx_word' id='word_1_685' title='bbox 871 5248 962 5302; x_wconf 79' lang='grc' dir='ltr'><strong>τὸν</strong></span> <span class='ocrx_word' id='word_1_686' title='bbox 995 5246 1128 5301; x_wconf 74' lang='grc' dir='ltr'><strong>Θεὸν</strong></span> <span class='ocrx_word' id='word_1_687' title='bbox 1159 5243 1453 5316; x_wconf 76' lang='grc' dir='ltr'><strong>ἐκέκραξα.</strong></span> <span class='ocrx_word' id='word_1_688' title='bbox 1490 5262 1509 5295; x_wconf 73' lang='grc' dir='ltr'><strong>ι</strong></span> 
     </span>
    </p>
   </div>
   <div class='ocr_carea' id='block_1_100' title="bbox 499 5335 1995 5412">
    <p class='ocr_par' dir='ltr' id='par_1_100' title="bbox 499 5335 1995 5412">
     <span class='ocr_line' id='line_1_100' title="bbox 499 5335 1995 5412; baseline -0.003 -17"><span class='ocrx_word' id='word_1_689' title='bbox 499 5342 559 5395; x_wconf 83' lang='grc'><strong>’0</strong></span> <span class='ocrx_word' id='word_1_690' title='bbox 590 5341 824 5412; x_wconf 85' lang='grc' dir='ltr'><strong>Χριστὸς</strong></span> <span class='ocrx_word' id='word_1_691' title='bbox 862 5340 956 5394; x_wconf 59' lang='grc' dir='ltr'><strong>καὶ⁹</strong></span> <span class='ocrx_word' id='word_1_692' title='bbox 984 5338 1158 5393; x_wconf 88' lang='grc' dir='ltr'><strong>ταῦτα</strong></span> <span class='ocrx_word' id='word_1_693' title='bbox 1204 5338 1384 5406; x_wconf 87' lang='grc' dir='ltr'><strong>λέγει·</strong></span> <span class='ocrx_word' id='word_1_694' title='bbox 1425 5335 1561 5403; x_wconf 79' lang='grc' dir='ltr'><strong>πρὸς</strong></span> <span class='ocrx_word' id='word_1_695' title='bbox 1600 5336 1711 5408; x_wconf 86' lang='grc' dir='ltr'><strong>γὰρ</strong></span> <span class='ocrx_word' id='word_1_696' title='bbox 1739 5337 1834 5390; x_wconf 84' lang='grc' dir='ltr'><strong>τὸν</strong></span> <span class='ocrx_word' id='word_1_697' title='bbox 1862 5336 1995 5390; x_wconf 71' lang='grc' dir='ltr'><strong>Θεὸν</strong></span> 
     </span>
    </p>
   </div>
   <div class='ocr_carea' id='block_1_101' title="bbox 416 5417 1992 5502">
    <p class='ocr_par' dir='ltr' id='par_1_101' title="bbox 416 5417 1992 5502">
     <span class='ocr_line' id='line_1_101' title="bbox 416 5417 1992 5502; baseline -0.004 -15"><span class='ocrx_word' id='word_1_698' title='bbox 416 5431 616 5489; x_wconf 67' lang='grc' dir='ltr'><strong>ἑαυτοῦ</strong></span> <span class='ocrx_word' id='word_1_699' title='bbox 653 5432 869 5502; x_wconf 88' lang='grc' dir='ltr'><strong>Πατέρα</strong></span> <span class='ocrx_word' id='word_1_700' title='bbox 898 5430 1184 5499; x_wconf 78' lang='grc' dir='ltr'><strong>ἐκέκραξε,</strong></span> <span class='ocrx_word' id='word_1_701' title='bbox 1214 5417 1312 5483; x_wconf 63' lang='grc' dir='ltr'><strong>’ἆιαὶ</strong></span> <span class='ocrx_word' id='word_1_702' title='bbox 1360 5429 1389 5481; x_wconf 89' lang='lat'><strong>6</strong></span> <span class='ocrx_word' id='word_1_703' title='bbox 1435 5427 1641 5498; x_wconf 83' lang='grc' dir='ltr'><strong>Κύριος</strong></span> <span class='ocrx_word' id='word_1_704' title='bbox 1671 5428 1992 5499; x_wconf 84' lang='grc' dir='ltr'><strong>είσήκουσεν</strong></span> 
     </span>
    </p>
   </div>
   <div class='ocr_carea' id='block_1_102' title="bbox 417 5518 1991 5594">
    <p class='ocr_par' dir='ltr' id='par_1_102' title="bbox 417 5518 1991 5594">
     <span class='ocr_line' id='line_1_102' title="bbox 417 5518 1991 5594; baseline -0.004 -14"><span class='ocrx_word' id='word_1_705' title='bbox 417 5523 605 5580; x_wconf 84' lang='grc' dir='ltr'><strong>αὐτοῦ.</strong></span> <span class='ocrx_word' id='word_1_706' title='bbox 622 5524 745 5578; x_wconf 82' lang='grc' dir='ltr'><strong>Εἴτε</strong></span> <span class='ocrx_word' id='word_1_707' title='bbox 765 5522 825 5575; x_wconf 73' lang='grc' dir='ltr'><strong>τὸ</strong></span> <span class='ocrx_word' id='word_1_708' title='bbox 846 5520 1069 5591; x_wconf 87' lang='grc' dir='ltr'><strong>Πνεῦμα</strong></span> <span class='ocrx_word' id='word_1_709' title='bbox 1088 5521 1267 5591; x_wconf 86' lang='grc' dir='ltr'><strong>λέγοις</strong></span> <span class='ocrx_word' id='word_1_710' title='bbox 1298 5519 1346 5594; x_wconf 87' lang='lat'><em>(6</em></span> <span class='ocrx_word' id='word_1_711' title='bbox 1372 5519 1482 5591; x_wconf 71' lang='grc' dir='ltr'><strong>γὰρ</strong></span> <span class='ocrx_word' id='word_1_712' title='bbox 1510 5518 1716 5591; x_wconf 83' lang='grc' dir='ltr'><strong>Κύριος</strong></span> <span class='ocrx_word' id='word_1_713' title='bbox 1740 5521 1802 5574; x_wconf 83' lang='grc' dir='ltr'><strong>τὸ</strong></span> <span class='ocrx_word' id='word_1_714' title='bbox 1826 5521 1991 5574; x_wconf 87' lang='grc' dir='ltr'><strong>Πνεῦ-</strong></span> 
     </span>
    </p>
   </div>
   <div class='ocr_carea' id='block_1_103' title="bbox 420 5612 1988 5690">
    <p class='ocr_par' dir='ltr' id='par_1_103' title="bbox 420 5612 1988 5690">
     <span class='ocr_line' id='line_1_103' title="bbox 420 5612 1988 5690; baseline -0.003 -19"><span class='ocrx_word' id='word_1_715' title='bbox 420 5616 498 5690; x_wconf 85' lang='grc' dir='ltr'><strong>μά</strong></span> <span class='ocrx_word' id='word_1_716' title='bbox 532 5617 678 5669; x_wconf 74' lang='grc' dir='ltr'><strong>ἐστιν</strong></span> <span class='ocrx_word' id='word_1_717' title='bbox 700 5614 740 5683; x_wconf 93' lang='grc'><strong>),</strong></span> <span class='ocrx_word' id='word_1_718' title='bbox 773 5612 883 5666; x_wconf 80' lang='grc' dir='ltr'><strong>εἴτε</strong></span> <span class='ocrx_word' id='word_1_719' title='bbox 929 5613 1022 5667; x_wconf 77' lang='grc' dir='ltr'><strong>τὸν</strong></span> <span class='ocrx_word' id='word_1_720' title='bbox 1064 5613 1268 5685; x_wconf 85' lang='grc' dir='ltr'><strong>Κύριον</strong></span> <span class='ocrx_word' id='word_1_721' title='bbox 1297 5613 1458 5667; x_wconf 84' lang='grc' dir='ltr'><strong>αὑτὸν</strong></span> <span class='ocrx_word' id='word_1_722' title='bbox 1494 5612 1689 5667; x_wconf 80' lang='grc' dir='ltr'><strong>ἑαυτοῦ</strong></span> <span class='ocrx_word' id='word_1_723' title='bbox 1734 5613 1988 5667; x_wconf 85' lang='grc' dir='ltr'><strong>εἰσακού-</strong></span> 
     </span>
    </p>
   </div>
   <div class='ocr_carea' id='block_1_104' title="bbox 2093 4616 3676 4690">
    <p class='ocr_par' dir='ltr' id='par_1_104' title="bbox 2093 4616 3676 4690">
     <span class='ocr_line' id='line_1_104' title="bbox 2093 4616 3676 4690; baseline 0.001 -17"><span class='ocrx_word' id='word_1_724' title='bbox 2093 4618 2372 4689; x_wconf 86' lang='lat' dir='ltr'><strong>Siquidem</strong></span> <span class='ocrx_word' id='word_1_725' title='bbox 2394 4618 2507 4682; x_wconf 82' lang='lat' dir='ltr'><strong>alii,</strong></span> <span class='ocrx_word' id='word_1_726' title='bbox 2533 4616 2946 4688; x_wconf 81' lang='lat' dir='ltr'><strong>verhigratia,in</strong></span> <span class='ocrx_word' id='word_1_727' title='bbox 2977 4626 3314 4687; x_wconf 88' lang='lat' dir='ltr'><strong>paupertate,</strong></span> <span class='ocrx_word' id='word_1_728' title='bbox 3341 4618 3432 4673; x_wconf 91' lang='lat' dir='ltr'><strong>alii</strong></span> <span class='ocrx_word' id='word_1_729' title='bbox 3455 4619 3508 4671; x_wconf 91' lang='lat' dir='ltr'><strong>in</strong></span> <span class='ocrx_word' id='word_1_730' title='bbox 3529 4621 3676 4690; x_wconf 81' lang='lat' dir='ltr'><strong>agri—</strong></span> 
     </span>
    </p>
   </div>
   <div class='ocr_carea' id='block_1_105' title="bbox 2091 4705 3676 4769">
    <p class='ocr_par' dir='ltr' id='par_1_105' title="bbox 2091 4705 3676 4769">
     <span class='ocr_line' id='line_1_105' title="bbox 2091 4705 3676 4769; baseline 0.001 -7"><span class='ocrx_word' id='word_1_731' title='bbox 2091 4709 2327 4769; x_wconf 87' lang='lat' dir='ltr'><strong>cultura,</strong></span> <span class='ocrx_word' id='word_1_732' title='bbox 2347 4707 2438 4761; x_wconf 88' lang='lat' dir='ltr'><strong>alii</strong></span> <span class='ocrx_word' id='word_1_733' title='bbox 2472 4707 2526 4762; x_wconf 90' lang='lat' dir='ltr'><strong>in</strong></span> <span class='ocrx_word' id='word_1_734' title='bbox 2550 4707 2737 4762; x_wconf 80' lang='lat' dir='ltr'><strong>divino</strong></span> <span class='ocrx_word' id='word_1_735' title='bbox 2757 4707 2903 4762; x_wconf 92' lang='lat' dir='ltr'><strong>cultu</strong></span> <span class='ocrx_word' id='word_1_736' title='bbox 2929 4716 3273 4761; x_wconf 79' lang='lat' dir='ltr'><strong>exercentur.</strong></span> <span class='ocrx_word' id='word_1_737' title='bbox 3298 4705 3500 4763; x_wconf 82' lang='lat' dir='ltr'><strong>Verum</strong></span> <span class='ocrx_word' id='word_1_738' title='bbox 3518 4711 3571 4763; x_wconf 90' lang='lat' dir='ltr'><strong>in</strong></span> <span class='ocrx_word' id='word_1_739' title='bbox 3589 4710 3676 4764; x_wconf 91' lang='lat' dir='ltr'><strong>his</strong></span> 
     </span>
    </p>
   </div>
   <div class='ocr_carea' id='block_1_106' title="bbox 2051 4798 3675 4870">
    <p class='ocr_par' dir='ltr' id='par_1_106' title="bbox 2051 4798 3675 4870">
     <span class='ocr_line' id='line_1_106' title="bbox 2051 4798 3675 4870; baseline 0.003 -19"><span class='ocrx_word' id='word_1_740' title='bbox 2051 4863 2057 4869; x_wconf 34' lang='grc'>,</span> <span class='ocrx_word' id='word_1_741' title='bbox 2092 4800 2345 4854; x_wconf 87' lang='lat' dir='ltr'><strong>omnibus</strong></span> <span class='ocrx_word' id='word_1_742' title='bbox 2364 4799 2545 4854; x_wconf 76' lang='lat' dir='ltr'><strong>Judaei</strong></span> <span class='ocrx_word' id='word_1_743' title='bbox 2576 4798 2830 4868; x_wconf 90' lang='lat' dir='ltr'><strong>nequiter</strong></span> <span class='ocrx_word' id='word_1_744' title='bbox 2860 4814 2921 4854; x_wconf 91' lang='lat' dir='ltr'><strong>se</strong></span> <span class='ocrx_word' id='word_1_745' title='bbox 2944 4811 3251 4870; x_wconf 75' lang='lat' dir='ltr'><strong>gesserunt,</strong></span> <span class='ocrx_word' id='word_1_746' title='bbox 3311 4816 3424 4856; x_wconf 92' lang='lat' dir='ltr'><strong>non</strong></span> <span class='ocrx_word' id='word_1_747' title='bbox 3495 4804 3675 4857; x_wconf 89' lang='lat' dir='ltr'><strong>solum</strong></span> 
     </span>
    </p>
   </div>
   <div class='ocr_carea' id='block_1_107' title="bbox 2092 4889 3673 4961">
    <p class='ocr_par' dir='ltr' id='par_1_107' title="bbox 2092 4889 3673 4961">
     <span class='ocr_line' id='line_1_107' title="bbox 2092 4889 3673 4961; baseline 0.003 -18"><span class='ocrx_word' id='word_1_748' title='bbox 2092 4890 2246 4960; x_wconf 90' lang='lat' dir='ltr'><strong>plebs</strong></span> <span class='ocrx_word' id='word_1_749' title='bbox 2265 4891 2596 4957; x_wconf 90' lang='lat' dir='ltr'><strong>communis,</strong></span> <span class='ocrx_word' id='word_1_750' title='bbox 2622 4889 2717 4945; x_wconf 89' lang='lat' dir='ltr'><strong>sed</strong></span> <span class='ocrx_word' id='word_1_751' title='bbox 2738 4890 2902 4945; x_wconf 90' lang='lat' dir='ltr'><strong>etiam</strong></span> <span class='ocrx_word' id='word_1_752' title='bbox 2958 4891 3255 4961; x_wconf 89' lang='lat' dir='ltr'><strong>primicerii</strong></span> <span class='ocrx_word' id='word_1_753' title='bbox 3276 4908 3489 4958; x_wconf 89' lang='lat' dir='ltr'><strong>eorum,</strong></span> <span class='ocrx_word' id='word_1_754' title='bbox 3547 4909 3673 4948; x_wconf 85' lang='lat' dir='ltr'><strong>cum</strong></span> 
     </span>
    </p>
   </div>
   <div class='ocr_carea' id='block_1_108' title="bbox 2092 4981 3672 5056">
    <p class='ocr_par' dir='ltr' id='par_1_108' title="bbox 2092 4981 3672 5056">
     <span class='ocr_line' id='line_1_108' title="bbox 2092 4981 3672 5056; baseline 0.004 -22"><span class='ocrx_word' id='word_1_755' title='bbox 2092 4981 2388 5053; x_wconf 88' lang='lat' dir='ltr'><strong>principes,</strong></span> <span class='ocrx_word' id='word_1_756' title='bbox 2428 4991 2541 5037; x_wconf 92' lang='lat' dir='ltr'><strong>tum</strong></span> <span class='ocrx_word' id='word_1_757' title='bbox 2570 4983 2885 5038; x_wconf 85' lang='lat' dir='ltr'><strong>sacerdotes</strong></span> <span class='ocrx_word' id='word_1_758' title='bbox 2917 4984 3241 5054; x_wconf 90' lang='lat' dir='ltr'><strong>nequitiam,</strong></span> <span class='ocrx_word' id='word_1_759' title='bbox 3264 4985 3420 5056; x_wconf 89' lang='lat' dir='ltr'><strong>quasi</strong></span> <span class='ocrx_word' id='word_1_760' title='bbox 3453 4986 3507 5039; x_wconf 88' lang='lat' dir='ltr'><strong>in</strong></span> <span class='ocrx_word' id='word_1_761' title='bbox 3554 4999 3672 5040; x_wconf 84' lang='lat' dir='ltr'><strong>me-</strong></span> 
     </span>
    </p>
   </div>
   <div class='ocr_carea' id='block_1_109' title="bbox 2091 5072 3081 5143">
    <p class='ocr_par' dir='ltr' id='par_1_109' title="bbox 2091 5072 3081 5143">
     <span class='ocr_line' id='line_1_109' title="bbox 2091 5072 3081 5143; baseline 0.006 -17"><span class='ocrx_word' id='word_1_762' title='bbox 2091 5072 2183 5128; x_wconf 89' lang='lat' dir='ltr'><strong>dio</strong></span> <span class='ocrx_word' id='word_1_763' title='bbox 2212 5072 2298 5128; x_wconf 89' lang='lat' dir='ltr'><strong>sui</strong></span> <span class='ocrx_word' id='word_1_764' title='bbox 2318 5072 2680 5143; x_wconf 87' lang='lat' dir='ltr'><strong>excipientes,</strong></span> <span class='ocrx_word' id='word_1_765' title='bbox 2702 5073 2896 5129; x_wconf 90' lang='lat' dir='ltr'><strong>sectati</strong></span> <span class='ocrx_word' id='word_1_766' title='bbox 2933 5083 3081 5133; x_wconf 89' lang='lat' dir='ltr'><strong>sunt.</strong></span> 
     </span>
    </p>
   </div>
   <div class='ocr_carea' id='block_1_110' title="bbox 2162 5248 3251 5320">
    <p class='ocr_par' dir='ltr' id='par_1_110' title="bbox 2162 5248 3251 5320">
     <span class='ocr_line' id='line_1_110' title="bbox 2162 5248 3251 5320; baseline -0.003 -15"><span class='ocrx_word' id='word_1_767' title='bbox 2162 5249 2323 5305; x_wconf 73' lang='lat' dir='ltr'><strong>Vens.</strong></span> <span class='ocrx_word' id='word_1_768' title='bbox 2358 5248 2444 5304; x_wconf 77' lang='lat' dir='ltr'><strong>l7.</strong></span> <span class='ocrx_word' id='word_1_769' title='bbox 2483 5268 2501 5301; x_wconf 72' lang='grc' dir='ltr'><strong>ι</strong></span> <span class='ocrx_word' id='word_1_770' title='bbox 2530 5248 2644 5320; x_wconf 79' lang='lat' dir='ltr'><strong>Ego</strong></span> <span class='ocrx_word' id='word_1_771' title='bbox 2666 5250 2734 5305; x_wconf 91' lang='lat' dir='ltr'><strong>ad</strong></span> <span class='ocrx_word' id='word_1_772' title='bbox 2754 5250 2926 5305; x_wconf 89' lang='lat' dir='ltr'><strong>Deum</strong></span> <span class='ocrx_word' id='word_1_773' title='bbox 2946 5250 3194 5305; x_wconf 84' lang='lat' dir='ltr'><strong>clamavi.</strong></span> <span class='ocrx_word' id='word_1_774' title='bbox 3231 5268 3251 5302; x_wconf 70' lang='grc' dir='ltr'><strong>ι</strong></span> 
     </span>
    </p>
   </div>
   <div class='ocr_carea' id='block_1_111' title="bbox 2171 5339 3668 5411">
    <p class='ocr_par' dir='ltr' id='par_1_111' title="bbox 2171 5339 3668 5411">
     <span class='ocr_line' id='line_1_111' title="bbox 2171 5339 3668 5411; baseline 0 -14"><span class='ocrx_word' id='word_1_775' title='bbox 2171 5342 2423 5397; x_wconf 84' lang='lat' dir='ltr'><strong>Christus</strong></span> <span class='ocrx_word' id='word_1_776' title='bbox 2442 5342 2608 5396; x_wconf 91' lang='lat' dir='ltr'><strong>etiam</strong></span> <span class='ocrx_word' id='word_1_777' title='bbox 2635 5342 2753 5397; x_wconf 78' lang='lat' dir='ltr'><strong>haec</strong></span> <span class='ocrx_word' id='word_1_778' title='bbox 2782 5342 2916 5397; x_wconf 88' lang='lat' dir='ltr'><strong>dicit</strong></span> <span class='ocrx_word' id='word_1_779' title='bbox 2947 5360 2960 5395; x_wconf 93' lang='lat'><strong>:</strong></span> <span class='ocrx_word' id='word_1_780' title='bbox 3003 5341 3271 5411; x_wconf 89' lang='lat' dir='ltr'><strong>siquidem</strong></span> <span class='ocrx_word' id='word_1_781' title='bbox 3296 5340 3362 5396; x_wconf 90' lang='lat' dir='ltr'><strong>ad</strong></span> <span class='ocrx_word' id='word_1_782' title='bbox 3382 5339 3550 5397; x_wconf 90' lang='lat' dir='ltr'><strong>Deum</strong></span> <span class='ocrx_word' id='word_1_783' title='bbox 3574 5340 3668 5397; x_wconf 85' lang='lat' dir='ltr'><strong>Pa-</strong></span> 
     </span>
    </p>
   </div>
   <div class='ocr_carea' id='block_1_112' title="bbox 2102 5433 3670 5500">
    <p class='ocr_par' dir='ltr' id='par_1_112' title="bbox 2102 5433 3670 5500">
     <span class='ocr_line' id='line_1_112' title="bbox 2102 5433 3670 5500; baseline 0.001 -12"><span class='ocrx_word' id='word_1_784' title='bbox 2102 5443 2240 5488; x_wconf 90' lang='lat' dir='ltr'><strong>trem</strong></span> <span class='ocrx_word' id='word_1_785' title='bbox 2273 5448 2431 5488; x_wconf 91' lang='lat' dir='ltr'><strong>suum</strong></span> <span class='ocrx_word' id='word_1_786' title='bbox 2455 5433 2730 5500; x_wconf 86' lang='lat' dir='ltr'><strong>clamavit,</strong></span> <span class='ocrx_word' id='word_1_787' title='bbox 2758 5444 2814 5489; x_wconf 91' lang='lat' dir='ltr'><strong>et</strong></span> <span class='ocrx_word' id='word_1_788' title='bbox 2869 5433 3136 5489; x_wconf 90' lang='lat' dir='ltr'><strong>Dominus</strong></span> <span class='ocrx_word' id='word_1_789' title='bbox 3185 5433 3457 5489; x_wconf 85' lang='lat' dir='ltr'><strong>exaudivit</strong></span> <span class='ocrx_word' id='word_1_790' title='bbox 3523 5448 3670 5489; x_wconf 87' lang='lat' dir='ltr'><strong>eum.</strong></span> 
     </span>
    </p>
   </div>
   <div class='ocr_carea' id='block_1_113' title="bbox 2100 5522 3672 5595">
    <p class='ocr_par' dir='ltr' id='par_1_113' title="bbox 2100 5522 3672 5595">
     <span class='ocr_line' id='line_1_113' title="bbox 2100 5522 3672 5595; baseline 0.001 -17"><span class='ocrx_word' id='word_1_791' title='bbox 2100 5523 2226 5580; x_wconf 90' lang='lat' dir='ltr'><strong>Sive</strong></span> <span class='ocrx_word' id='word_1_792' title='bbox 2251 5523 2511 5594; x_wconf 87' lang='lat' dir='ltr'><strong>Spiritum</strong></span> <span class='ocrx_word' id='word_1_793' title='bbox 2545 5524 2749 5579; x_wconf 81' lang='lat' dir='ltr'><strong>dixeris</strong></span> <span class='ocrx_word' id='word_1_794' title='bbox 2785 5523 3070 5595; x_wconf 90' lang='lat' dir='ltr'><strong>(Dominus</strong></span> <span class='ocrx_word' id='word_1_795' title='bbox 3108 5522 3254 5578; x_wconf 90' lang='lat' dir='ltr'><strong>enim</strong></span> <span class='ocrx_word' id='word_1_796' title='bbox 3287 5522 3522 5595; x_wconf 89' lang='lat' dir='ltr'><strong>Spiritus</strong></span> <span class='ocrx_word' id='word_1_797' title='bbox 3544 5523 3672 5593; x_wconf 89' lang='lat' dir='ltr'><strong>est),</strong></span> 
     </span>
    </p>
   </div>
   <div class='ocr_carea' id='block_1_114' title="bbox 2099 5613 3676 5685">
    <p class='ocr_par' dir='ltr' id='par_1_114' title="bbox 2099 5613 3676 5685">
     <span class='ocr_line' id='line_1_114' title="bbox 2099 5613 3676 5685; baseline -0.001 -16"><span class='ocrx_word' id='word_1_798' title='bbox 2099 5614 2212 5669; x_wconf 78' lang='lat' dir='ltr'><strong>sive</strong></span> <span class='ocrx_word' id='word_1_799' title='bbox 2267 5614 2442 5684; x_wconf 88' lang='lat' dir='ltr'><strong>ipsum</strong></span> <span class='ocrx_word' id='word_1_800' title='bbox 2504 5613 2794 5669; x_wconf 89' lang='lat' dir='ltr'><strong>Dominum</strong></span> <span class='ocrx_word' id='word_1_801' title='bbox 2869 5613 3226 5685; x_wconf 88' lang='lat' dir='ltr'><strong>semetipsum</strong></span> <span class='ocrx_word' id='word_1_802' title='bbox 3272 5613 3676 5679; x_wconf 82' lang='lat' dir='ltr'><strong>exaudientem,</strong></span> 
     </span>
    </p>
   </div>
   <div class='ocr_carea' id='block_1_115' title="bbox 502 5839 2223 5916">
    <p class='ocr_par' dir='ltr' id='par_1_115' title="bbox 502 5839 2223 5916">
     <span class='ocr_line' id='line_1_115' title="bbox 502 5839 2223 5916; baseline 0.002 -17"><span class='ocrx_word' id='word_1_803' title='bbox 502 5842 549 5875; x_wconf 87' lang='grc'><strong><em>³⁸</em></strong></span> <span class='ocrx_word' id='word_1_804' title='bbox 575 5841 731 5899; x_wconf 84' lang='lat' dir='ltr'><strong>Joan.</strong></span> <span class='ocrx_word' id='word_1_805' title='bbox 762 5856 894 5911; x_wconf 86' lang='lat' dir='ltr'><strong>xvu,</strong></span> <span class='ocrx_word' id='word_1_806' title='bbox 928 5839 1014 5898; x_wconf 78' lang='lat' dir='ltr'><strong>il.</strong></span> <span class='ocrx_word' id='word_1_807' title='bbox 1092 5841 1137 5872; x_wconf 79' lang='lat'><strong>&quot;</strong></span> <span class='ocrx_word' id='word_1_808' title='bbox 1168 5840 1353 5901; x_wconf 81' lang='lat' dir='ltr'><strong>Matth.</strong></span> <span class='ocrx_word' id='word_1_809' title='bbox 1385 5858 1525 5907; x_wconf 78' lang='lat' dir='ltr'><strong>xxvi,</strong></span> <span class='ocrx_word' id='word_1_810' title='bbox 1555 5843 1645 5897; x_wconf 72' lang='lat'><strong>23.</strong></span> <span class='ocrx_word' id='word_1_811' title='bbox 1727 5843 1767 5875; x_wconf 80' lang='grc'><strong>⁸⁷</strong></span> <span class='ocrx_word' id='word_1_812' title='bbox 1805 5843 1968 5901; x_wconf 78' lang='lat' dir='ltr'><strong>Marc.</strong></span> <span class='ocrx_word' id='word_1_813' title='bbox 2000 5861 2109 5916; x_wconf 74' lang='lat' dir='ltr'><strong>xxv,</strong></span> <span class='ocrx_word' id='word_1_814' title='bbox 2133 5846 2223 5902; x_wconf 75' lang='lat'><strong>‘20.</strong></span> 
     </span>
    </p>
   </div>
  </div>
