4044 6228
360 320 375 341 ¹
462 317 596 383 1221

1626 316 2094 380 FRAGMENTA
2130 313 2211 372 ΙΝ
2251 312 2609 372 PSALMOS.

3595 307 3727 373 12:22

460 439 573 511 γὰρ
601 434 679 507 τῷ
716 435 835 507 Θεῷ
861 436 955 500 τάς
986 435 1265 507 ἡμετέρας
1305 436 1597 508 φροντίδας
1640 435 2026 508 ὲπιρρίψωμεν

2151 426 2545 482 sollicitudines
2584 431 2799 479 nostras
2851 422 3273 493 conjecerimus,
3308 421 3482 491 ipsum
3509 432 3565 478 ct
3592 425 3730 480 edu-

462 529 627 584 αὐτὸν
656 530 863 600 τροφέα
888 528 984 581 καὶ
1011 528 1315 599 στηριγμὸν
1336 568 1351 594 ,
1380 527 1521 582 ὥστε
1555 527 1819 599 μηδαμῶς
1850 520 2043 580 σαλεῦ-

461 620 645 691 θῆναι,
674 620 1003 691 εὑρήσομεν.
1037 620 1200 673 Δοκεῖ
1228 617 1286 673 δέ
1321 636 1413 689 μοι
1442 618 1540 673 τοῦ
1573 619 1746 673 Ἰούδα
1782 617 2042 689 μνησθεὶς

457 714 486 766 6
521 712 834 781 Προφήτης,
863 711 1178 778 ἀναγκαίως
1219 710 1317 763 καὶ
1361 710 1452 763 τὸν
1494 710 1705 780 Πέτρον
1731 707 2040 780 ᾐνίξασθαι,

459 803 548 856 ἵνα
574 802 892 871 σφάλματος
916 801 1176 855 ἀκουσίου
1198 801 1296 854 καὶ
1316 800 1765 873 παραπτώματος
1787 801 2040 855 ἑκουσίου

455 893 719 965 διαφορὰν
773 891 1098 963 ἐνδείξηται.
1147 892 1252 947 Τὸν
1317 893 1426 964 γὰρ
1476 893 1686 964 Πέτρον
1732 892 1898 947 ἕνεκα
1942 890 2039 945 τοῦ

459 986 778 1055 σφάλματος
806 985 908 1055 τῆς
945 985 1231 1055 ἀρνήσεως
1266 983 1731 1056 παραθαρρύνων,
1759 985 1850 1039 καὶ
1897 999 2037 1055 προ-

454 1076 676 1149 τρέπων
702 1075 784 1138 είς
814 1075 1129 1145 μετάνοιαν,
1155 1074 1450 1147 ἑπιρῤίψαι
1498 1073 1577 1145 τῷ
1607 1074 1728 1144 Θεῷ
1758 1075 1859 1145 τὴν
1896 1074 2038 1146 ὑπὲρ

453 1167 665 1223 τούτων
693 1165 1067 1238 προτρέπεται
1101 1166 1397 1237 μέριμναν,
1423 1165 1710 1237 διατρέψαι
1728 1166 1820 1218 τὸν
1858 1167 2037 1236 μαθη-

452 1258 554 1331 τήν
567 1262 633 1330 τῇ
653 1259 956 1332 συγγνώμῃ
980 1258 1303 1329 δυνάμενον,
1321 1261 1417 1315 καὶ
1446 1261 1521 1333 μὴ
1552 1261 1937 1333 συγχωροῦντα
1958 1263 2039 1326 είς

452 1352 546 1404 τὸν
576 1351 751 1405 αἰῶνα
779 1351 943 1406 σάλον
968 1351 1047 1422 τῷ
1068 1352 1271 1423 δικαίῳ
1293 1352 1551 1420 γενέσθαι
1568 1367 1583 1382 ο
1618 1352 1756 1406 ἀλλά
1781 1351 1886 1406 κᾶν
1912 1352 2039 1406 ὁποι

457 1441 596 1515 μένῃ
626 1444 761 1513 πρὸς
790 1443 1004 1511 καιρὸν,
1034 1443 1239 1507 εὐθέως
1265 1442 1457 1497 τοῦτον
1489 1444 1569 1507 εἰς
1592 1443 1837 1515 γαλήνην
1870 1458 2037 1514 μετα-

452 1533 743 1588 ὃάλλοντα.

528 1642 547 1676 ι
570 1623 711 1693 Ἐγὼ
738 1624 817 1690 δὲ,
851 1625 1047 1695 Κύριε,
1072 1623 1245 1680 ὲλπιῶ
1273 1625 1368 1680 ἐπὶ
1397 1625 1479 1681 σέ.
1512 1646 1533 1680 ι

533 1712 592 1766 '0
621 1712 816 1777 πιστὸς
847 1713 1058 1782 λεγέτω
1079 1714 1240 1770 τοῦτο
1258 1733 1273 1749 ο
1293 1717 1328 1787 ή
1359 1715 1465 1789 γὰρ
1485 1718 1564 1782 είς
1586 1717 1720 1772 Θεὸν
1748 1717 1905 1782 ἐλπὶς
1923 1717 2032 1774 τῶν

450 1803 640 1858 κακῶν
664 1803 986 1877 ἐλευθερίαν
1016 1806 1240 1875 ἀγαθῶν
1263 1824 1326 1862 τε
1356 1809 1578 1864 πάντων
1603 1808 1906 1881 παρουσίαν
1927 1825 2028 1879 χα-

453 1896 683 1969 ρίζεται.

1010 1989 1307 2047 ΨΑΛΜΟΣ
1342 1992 1471 2047 NE’.

523 2097 544 2133 ι
573 2081 668 2145 Εἰς
701 2081 763 2135 τὸ
795 2081 970 2149 τέλος,
998 2082 1141 2154 ὑπὲρ
1175 2081 1273 2136 τοῦ
1302 2081 1432 2138 λαοῦ
1456 2081 1552 2136 τοῦ
1579 2080 1691 2137 ἀπὸ
1718 2081 1830 2138 τῶν
1859 2081 2031 2152 ἁγίων

453 2172 948 2244 μεμακρυμμένου,
977 2193 996 2226 ι
1029 2190 1085 2229 κ.
1111 2190 1163 2227 τ.
1196 2173 1247 2228 λ.

520 2264 678 2317 Δοκεῖ
713 2282 828 2327 πως
876 2263 1100 2317 ἐναντία
1133 2259 1272 2319 εἶναι
1317 2264 1418 2334 τῆς
1458 2269 1789 2337 προγραφῆς
1822 2266 1891 2319 τά
1930 2266 2030 2337 ῥή-

453 2371 618 2426 ματα.
637 2355 982 2425 Ἐπεδήμησε
1019 2357 1120 2424 μὲν
1160 2356 1269 2428 γάρ
1314 2358 1343 2409 6
1387 2356 1553 2408 Aa6l.6
1596 2359 1662 2427 τῇ
1709 2357 1746 2408 Γ
1750 2355 1831 2419 ὲθ,
1868 2356 2031 2426 ἡνίκα

450 2446 561 2500 ἀπὸ
588 2446 760 2500 Σαοὺλ
791 2446 1219 2518 ἐδραπέτευσεν·
1251 2448 1312 2500 οὐ
1343 2447 1452 2517 μὴν
1491 2447 1722 2517 ἐπέσχον
1760 2448 1852 2500 τὸν
1895 2464 2030 2518 προ-

452 2539 632 2608 φήτην
679 2540 729 2591 οἱ
771 2538 1095 2606 ἀλλόφυλοι,
1134 2537 1273 2591 ἀλλά
1322 2538 1417 2590 καὶ
1466 2539 1668 2607 μᾶλλον
1714 2538 2026 2606 ἀπώσαντο,

450 2630 642 2701 ἐπειδὴ
691 2631 1022 2699 ἐξεστηκότα
1071 2631 1166 2682 καὶ
1210 2630 1528 2702 παράφορον
1576 2631 1633 2682 ἐν
1677 2631 1798 2693 ταῖς
1837 2629 2030 2701 θύραις

453 2723 826 2794 κιθαρίζοντα,
856 2725 953 2776 καὶ
986 2722 1164 2776 σίελον
1189 2725 1600 2796 ἀπορρίπτοντα
1629 2724 1722 2777 τοῦ
1762 2725 2031 2794 στόματος

453 2813 807 2884 ὑπεκρίνατο,
842 2813 918 2876 ὡς
950 2815 982 2882 ή
1017 2813 1203 2883 βίϐλος
1251 2814 1361 2867 τῶν
1406 2814 1711 2868 Βασιλειῶν
1761 2815 2025 2869 δείκνυσι.

452 2904 586 2957 Τινά
631 2904 689 2957 δὲ
735 2905 831 2958 καὶ
878 2905 1008 2957 λαὸν
1058 2906 1529 2976 μεμακρυμμένον
1555 2907 1664 2959 ἀπὸ
1694 2906 1802 2959 τῶν
1834 2906 2026 2974 ἁγίων,

453 2996 592 3065 ὑπὲρ
612 2990 671 3050 οὗ
702 2995 794 3049 τὸν
817 2995 1033 3064 ψαλμὸν
1065 3000 1092 3049 6
1118 2997 1284 3049 Δαόὶδ
1312 2996 1540 3068 ἔγραψε,
1569 2998 1860 3068 ζητοῦντες
1888 3000 2031 3052 κατὰ

2145 524 2385 571 calorem
2423 522 2478 567 et
2508 512 2910 566 ﬁrmamentum
2960 525 3081 565 esse
3114 509 3470 578 reperiemus,
3516 525 3587 566 ne
3622 512 3728 567 ulla

2144 606 2356 661 ratione
2376 617 2836 659 commoveamur.
2877 600 3146 657 Caeterum
3173 617 3298 658 cum
3338 600 3725 671 Prophetalu-

2142 697 2225 753 dae
2248 696 2440 752 fecerit
2469 695 2824 761 mentionem,
2875 694 3024 749 visus
3052 702 3139 749 est
3166 693 3300 748 mihi
3324 694 3550 749 Petrum
3582 710 3726 764 quo-

2140 804 2247 859 que
2278 787 2595 845 necessario
2616 786 2946 852 insinuasse,
2970 796 3030 841 ut
3070 786 3258 857 lapsus
3285 786 3639 842 involuntarii
3668 795 3724 842 et

2141 880 2364 937 sceleris
2408 879 2703 935 voluntarii
2742 877 3109 933 diﬂerentiam
3164 877 3452 933 indicaret.
3499 876 3722 933 Petrum

2140 971 2287 1027 enim
2319 978 2445 1041 post
2473 969 2783 1041 negationis
2827 970 3039 1039 lapsum
3063 968 3333 1034 excitans,
3353 976 3409 1023 et
3443 969 3508 1023 ad
3544 968 3722 1039 paeni-

2143 1062 2367 1118 tentiam
2398 1061 2717 1125 adbortans,
2746 1068 2955 1125 monet,
2991 1068 3051 1114 ut
3079 1059 3136 1113 in
3177 1059 3346 1114 Deum
3374 1058 3571 1113 borum
3624 1073 3722 1113 eu-

2138 1170 2255 1211 ram
2276 1154 2549 1225 conjiciat,
2576 1153 2669 1223 qui
2697 1153 3023 1223 discipulum
3050 1167 3147 1223 per
3175 1152 3569 1224 indulgentiam
3587 1167 3724 1206 enu-

2140 1244 2269 1300 trirc
2319 1243 2518 1314 possit,
2581 1252 2771 1298 etnon
2826 1243 3193 1312 permissurus
3212 1242 3302 1309 sit,
3336 1248 3394 1297 ut
3426 1241 3607 1308 iustus
3666 1240 3759 1297 in,

2135 1344 2339 1391 aeterna
2371 1332 2726 1389 ﬂuctuatione
2749 1342 3034 1399 versetur;
3066 1330 3161 1387 sed
3188 1331 3234 1386 si
3267 1330 3335 1386 ad
3362 1340 3581 1400 tempus
3599 1345 3718 1383 eam

2136 1425 2479 1491 Sustinuerit,
2514 1425 2662 1479 illico
2686 1423 2869 1495 ipsum
2906 1425 3239 1479 reducturus
3260 1422 3333 1476 sit
3352 1422 3421 1476 ad
3456 1420 3721 1490 tranquil-

2134 1516 2363 1573 litatem.

2210 1644 2231 1678 ι
2265 1627 2377 1696 Ego
2397 1634 2577 1680 autem
2600 1623 2833 1694 sperabo
2886 1623 2941 1677 in
2975 1632 3048 1689 te,
3093 1622 3343 1679 Domine.
3377 1640 3395 1673 ι

2208 1715 2410 1771 Fidelis
2454 1716 2557 1771 hoc
2583 1714 2765 1770 dicat:
2796 1727 2922 1767 nam
2962 1726 3088 1783 spes
3123 1712 3180 1765 in
3230 1711 3400 1766 Deum
3446 1712 3717 1767 maiorum

2133 1808 2511 1864 liberationem
2561 1814 2619 1862 et
2697 1805 2969 1861 bonorum
3025 1804 3273 1859 omnium
3342 1803 3559 1875 copiam
3611 1803 3719 1857 lar-

2131 1894 2299 1967 gitur.

2690 1982 3008 2041 PSALMUS
3036 1982 3148 2039 LV.

2199 2068 2363 2126 Vens.
2422 2070 2476 2126 l.
2504 2088 2524 2123 ι
2587 2068 2649 2126 In
2677 2069 2864 2136 ﬁnem,
2900 2086 3001 2143 pro
3047 2068 3250 2141 popqu
3296 2068 3389 2140 qui
3445 2084 3477 2125 a
3509 2072 3715 2130 sanctis

2129 2158 2288 2231 longe
2305 2158 2479 2214 factus
2505 2165 2612 2226 est,
2653 2178 2673 2211 ι
2710 2168 2816 2214 etc.

2170 2250 2372 2306 ‘Verba
2402 2250 2545 2305 tituli
2573 2250 2826 2306 videntur
2852 2248 3257 2320 quodammodo
3277 2265 3398 2307 esse
3416 2253 3711 2308 contraria.

2132 2342 2412 2412 Siquidem
2448 2341 2617 2398 David
2642 2342 2894 2411 pervenit
2921 2340 2977 2396 in
3020 2340 3183 2408 Geth,
3219 2342 3439 2413 quando
3495 2344 3713 2400 Saulem

2130 2432 2405 2504 fugiebat;
2433 2446 2542 2487 non
2570 2440 2751 2486 tamen
2775 2431 3102 2501 prophetam
3159 2431 3479 2504 alienigenae
3512 2433 3715 2488 retine-

2129 2524 2281 2586 bant,
2304 2523 2436 2593 quin
2460 2522 2641 2593 potius
2660 2522 3025 2591 espellebant,
3041 2522 3168 2592 quia
3195 2538 3254 2578 se
3274 2533 3545 2579 amentem
3567 2532 3621 2579 et
3638 2525 3717 2579 in-

2129 2631 2322 2672 sanum
2355 2615 2646 2671 simulabat
2670 2616 2726 2669 in
2758 2615 2928 2685 portis
2949 2614 3345 2681 eitharizando,
3406 2627 3461 2672 et
3489 2617 3714 2672 salivam

2131 2708 2243 2765 oris
2266 2705 2624 2778 projiciendo,
2651 2706 2731 2760 uti
2780 2706 2919 2761 liber
2943 2705 3154 2777 Regum
3176 2706 3222 2738 κθ
3251 2706 3516 2762 declarat.
3540 2707 3711 2772 Quem

2130 2815 2297 2872 porro
2320 2800 2582 2871 populum
2619 2815 2650 2854 a
2681 2799 2885 2854 sanctis
2917 2799 3228 2871 elongatum
3251 2799 3420 2864 dicat,
3475 2815 3575 2870 pro
3603 2815 3715 2870 quo

2130 2888 2300 2943 David
2331 2889 2601 2959 psalmum
2680 2891 2984 2962 scripserit,
3052 2891 3356 2948 secundum
3424 2891 3712 2947 historiam

2130 2991 2458 3050 quaerentes,
2482 2997 2593 3036 non
2617 2981 2775 3037 facile
2807 2984 3166 3053 reperiemus.
3225 2983 3592 3050 Quamobrem
3624 2998 3718 3037 ne-

450 3087 549 3155 τήν
588 3086 861 3157 ἱστορίαν,
897 3088 995 3155 οὐχ
1026 3087 1356 3157 εὑρήσομεν.
1389 3087 1594 3141 Οὐκοῦν
1641 3089 1857 3159 ἀνάγκη
1902 3107 2026 3158 νοη-

2130 3089 2282 3129 cesse
2312 3075 2540 3130 estbaec
2593 3075 2912 3146 spiritaliter
2976 3076 3169 3147 accipi,
3207 3084 3372 3147 prout
3423 3090 3454 3129 a
3507 3075 3713 3145 Spiritu

449 3178 553 3241 τῶς
571 3179 762 3241 ταῦτα,
788 3179 979 3248 ὥσπερ
1005 3178 1069 3250 δὴ
1091 3178 1169 3248 τῷ
1194 3180 1473 3249 Πνεύματι
1493 3178 1824 3251 γέγραπται,
1850 3198 2031 3252 παρα·

447 3271 720 3341 δέχεσθαι.
739 3270 912 3342 ’Υπὲρ
941 3271 1050 3343 γὰρ
1070 3270 1164 3324 τοῦ
1197 3270 1328 3325 λαοῦ
1358 3270 1467 3325 τῶν
1495 3271 1669 3327 ἐθνῶν
1697 3272 1788 3327 τὸν
1812 3273 2027 3344 ψαλμὸν

448 3366 476 3418 6
510 3364 802 3434 Προφήτης
835 3363 1174 3436 συνέγραψεν
1194 3406 1208 3430 ,
1238 3365 1385 3429 ὅστις
1417 3368 1888 3438 μεμακρυμμένος
1919 3369 2027 3422 ἀπὸ

448 3452 555 3504 τῶν
584 3453 754 3521 ἀγξων
782 3452 1113 3523 ἐτύγχανενο
1149 3454 1404 3524 οὐδεμιᾶς
1432 3456 1542 3526 γὰρ
1573 3457 1858 3520 κοινωνίας
1889 3458 2026 3530 πρὸς

449 3546 796 3614 πατριάρχας
849 3545 881 3615 ἢ
936 3546 1224 3615 προφήτας
1275 3546 1591 3615 ἐκέκτηντο.
1611 3548 1748 3601 Ἀλλ’
1773 3550 1923 3619 ὅμως
1975 3551 2024 3604 οἱ

452 3634 669 3702 μακρὰν
710 3634 902 3701 ὲγγὺς,
938 3631 1086 3687 καθά
1128 3650 1294 3704 φησιν
1336 3636 1365 3687 6
1406 3634 1639 3701 Παῦλος,
1671 3639 1904 3706 ὶγένετο,
1936 3640 2024 3692 ὅτε

447 3723 538 3776 τὸν
563 3723 680 3777 νέον
707 3723 870 3776 Δαδὶδ
902 3724 1215 3794 ἐκράτησαν
1243 3729 1291 3779 oi
1320 3726 1607 3797 ἀλλόφυλοι
1632 3731 1691 3781 ὲν
1718 3730 1758 3781 Γ
1760 3729 1843 3795 ὲθ,
1860 3746 2024 3783 τουτ-

445 3814 594 3868 έστιν
621 3818 678 3869 ὲν
703 3818 769 3887 τῇ
799 3816 947 3888 ληνῷ
980 3817 1189 3886 (ληνός
1236 3820 1343 3891 γὰρ
1377 3821 1411 3889 ή
1438 3820 1537 3873 Γὲθ
1593 3822 1976 3897 ἑρμηνεύεται)
2004 3843 2019 3858 θ

446 3904 605 3976 ληνὸς
633 3906 690 3959 δὲ
725 3906 821 3961 καὶ
853 3908 886 3979 ή
923 3906 1241 3979 Ἐκκλησία,
1269 3908 1357 3962 διά
1380 3911 1470 3964 τὸν
1490 3912 1646 3977 Θεὸν,
1678 3915 1771 3967 τὸν
1801 3917 1858 3968 ἐν
1880 3917 2017 3988 αὑτῇ

445 3997 843 4065 ληνοὸατοῦντα
896 3999 956 4052 τὸ
1016 4001 1352 4071 μυστήριον,
1385 4002 1625 4072 λέγεται,
1661 4006 1739 4071 ὡς
1785 4008 1873 4062 διὰ
1919 4009 2022 4080 τῆς

459 4089 680 4143 Ἡσαΐου
714 4089 1075 4162 προφητείας,
1112 4093 1316 4161 Ληνὸν
1340 4093 1617 4164 ἐπάτησα
1638 4100 1847 4168 μόνος,
1891 4100 2019 4172 βοή-

447 4200 544 4265 σας
570 4180 887 4253 εὑρίσκεται
906 4201 921 4216 ο
954 4182 1095 4238 ὥστε
1139 4184 1277 4258 πρὸς
1318 4187 1478 4241 αὑτὸν
1507 4189 1607 4254 τὰς
1637 4190 1749 4244 τῶν
1778 4192 2020 4263 οὐρανῶν

442 4274 701 4343 δυνάμεις
732 4272 802 4328 τά
828 4274 927 4344 τῆς
952 4275 1124 4346 αὐτῆς
1151 4279 1490 4349 προφητείας
1513 4281 1969 4352 ἀντιφθέγγεσθαι
2002 4299 2018 4315 ⁶

2135 3175 2325 3221 sancto
2363 3166 2563 3237 scripta
2594 3177 2744 3223 sunt.
2773 3168 2908 3222 Nam
2930 3170 3200 3239 psalmum
3254 3168 3403 3223 hunc
3440 3166 3714 3238 Propheta

2134 3257 2579 3327 conscripsitpro
2635 3257 2836 3330 populo
2873 3273 2905 3313 e
2951 3259 3227 3330 gentibus,
3282 3258 3374 3331 qui
3420 3273 3453 3315 a
3507 3257 3716 3319 sanctis

2134 3345 2293 3413 longe
2315 3343 2489 3399 factus
2520 3343 2662 3399 fuit:
2697 3345 2902 3399 nullam
2933 3346 3079 3400 enim
3129 3363 3253 3403 eum
3282 3349 3607 3419 patriarchis
3660 3360 3717 3406 et

2132 3436 2420 3507 prophetis
2478 3436 2752 3493 habebant
2795 3438 3369 3496 communicationem.
3425 3441 3714 3498 Verumta-

2132 3543 2256 3583 men
2278 3529 2371 3598 qui
2398 3537 2555 3584 erant
2605 3529 2765 3600 longe
2798 3528 2864 3595 ",
2893 3539 2955 3585 ut
2997 3530 3196 3587 Paulus
3242 3532 3338 3595 ait,
3395 3531 3525 3587 facti
3583 3541 3713 3588 sunt

2128 3635 2318 3690 prope,
2349 3621 2566 3689 quando
2596 3636 2799 3676 novum
2822 3620 3081 3676 Davidem
3111 3633 3375 3692 ceperunt
3391 3624 3713 3694 alienigena:

2093 3758 2096 3760 γ
2128 3709 2185 3764 in
2219 3707 2382 3773 Geth,
2416 3711 2520 3763 hoc
2554 3710 2719 3765 estin
2773 3713 3033 3767 torculari
3111 3712 3267 3781 (Geth
3297 3713 3443 3768 enim
3475 3716 3711 3769 torcular

2128 3797 2568 3870 interpretatur).
2592 3800 2862 3855 Craterum
2889 3803 3121 3857 torcular
3139 3803 3297 3857 etiam
3330 3803 3570 3861 Ecclesia
3622 3806 3710 3862 di-

2126 3890 2269 3944 citur
2292 3899 2511 3959 propter
2542 3890 2748 3956 Deum,
2788 3892 2883 3961 qui
2906 3892 2963 3946 in
3003 3907 3069 3948 ea
3107 3909 3209 3949 ceu
3236 3895 3488 3950 torculari
3523 3913 3707 3953 sacra-

2126 3987 2371 4033 mentum
2403 3980 2707 4048 expressit;
2733 3980 2874 4037 sicut
2906 3997 3004 4053 per
3025 3982 3158 4039 illud
3184 3983 3335 4040 Isaiae
3354 3985 3703 4043 vaticinium:

2125 4067 2379 4123 Torcular
2408 4068 2607 4125 calcavi
2633 4070 2796 4138 solus,
2838 4072 3176 4130 exclamasse
3214 4076 3522 4146 reperitur;
3546 4078 3619 4133 ita
3646 4088 3707 4134 ut

2122 4160 2191 4217 ad
2208 4162 2385 4233 ipsum
2414 4162 2665 4220 caelestes
2690 4161 2931 4221 Virtutes
2951 4166 3105 4237 quasi
3137 4166 3529 4240 interrogando
3552 4170 3704 4226 dice-

2122 4264 2246 4310 rent
2284 4271 2297 4307 :
2325 4255 2502 4321 Quare
2518 4255 2680 4312 rubra
2700 4267 2820 4313 sunt
2843 4260 3149 4316 vestimenta
3176 4268 3291 4326 tua,
3319 4268 3368 4315 et
3390 4261 3701 4317 indumenta

439 4367 541 4421 Διὰ
574 4368 631 4420 τί
670 4382 788 4421 σου
826 4368 1045 4437 ἐρυθρά
1084 4368 1158 4425 τὰ
1195 4347 1429 4440 tndem,
1466 4373 1565 4428 καὶ
1601 4347 1674 4430 td:
1717 4347 2020 4447 erddyatd

2130 4354 2238 4412 tua,
2299 4348 2434 4401 sicut
2465 4364 2497 4402 a
2561 4347 2766 4403 calcato
2799 4349 3055 4405 torculart'
3100 4351 3253 4419 pleno
3298 4352 3604 4428 conculcata
3629 4352 3702 4406 ιη

440 4472 579 4521 σου,
609 4457 691 4522 ὡς
719 4458 837 4513 ἀπὸ
867 4460 1133 4527 πατητοῦ
1172 4464 1365 4531 ληνοῦ
1403 4465 1645 4535 πλήρης
1674 4482 2017 4524 καταπεπα-
2052 4449 2095 4505 D

440 4547 699 4615 τημένου
716 4565 737 4613 ;

518 4653 537 4686 ι
561 4636 811 4708 Ἐλέησόν
841 4656 929 4710 με,
959 4643 988 4694 6
1016 4641 1168 4708 Θεὸς,
1208 4643 1290 4697 ὅτι
1320 4647 1670 4719 κατεπάτησέ
1710 4666 1800 4718 με.
1834 4669 1854 4703 ι

2195 4653 2356 4711 Vens.
2397 4657 2453 4710 2.
2491 4675 2510 4709 ‹
2556 4656 2817 4714 Miserere
2842 4659 2974 4728 mei,
2998 4658 3162 4732 Deus,
3190 4667 3453 4735 quoniam
3472 4672 3699 4729 concul-

2119 4746 2261 4800 cavit
2291 4763 2397 4801 me.
2437 4766 2455 4798 ι

506 4805 773 4871 Πολλάκις
821 4808 878 4862 δὲ
927 4811 1022 4863 καὶ
1071 4814 1099 4866 6
1149 4815 1308 4884 ἡμῶν
1337 4817 1623 4889 ἄνθρωπος
1653 4821 1745 4877 τὸν
1775 4823 2012 4892 χαλεπὸν

2188 4837 2583 4910 Smpenumero
2605 4842 2769 4898 etiam
2800 4854 2991 4901 noster
3017 4848 3183 4905 homo
3211 4850 3428 4908 diliicile
3452 4852 3557 4909 hoc
3575 4854 3693 4909 bel-

432 4901 620 4952 τοῠτον
651 4901 943 4970 ὑφίσταται
965 4904 1220 4975 πόλεμον,
1240 4908 1367 4979 ὅλην
1389 4910 1486 4981 τὴν
1508 4913 1719 4983 ἡμέραν
1745 4917 1894 4987 παρά
1915 4915 2011 4971 τοῦ

436 4992 647 5014 “__.._.S
682 4994 918 5014 __\_UA'
1231 5000 1242 5014 ι
1399 5003 1413 5014 ι
1485 5005 1496 5014 ι
1574 5004 1600 5014 —
1805 5007 1814 5014 .

2130 4947 2228 4985 ,um
2253 4932 2508 4997 sustinet,
2536 4950 2568 4988 a
2596 4934 2796 4992 Satana
2820 4946 2935 4994 toto
2951 4940 3040 4997 die
3068 4953 3434 5014 oppugnatus,
3456 4954 3509 5000 et
3537 4947 3606 5001 ab
3626 4961 3693 5001 eo

433 4992 649 5047 Σατανᾶ
678 4994 1089 5065 πολεμούμενος
1111 5038 1127 5061 ,
1158 5000 1253 5052 καὶ
1283 5003 1413 5074 παρ’
1438 5004 1602 5058 αὑτοῦ
1647 5007 2007 5080 πατούμενος.

439 5081 495 5099 η.
574 5084 586 5099 .
738 5085 752 5099 .
800 5088 811 5099 .
859 5087 881 5099 ..
944 5087 955 5099 .
1115 5091 1128 5099 .
1182 5091 1192 5099 .
1244 5093 1258 5099 _
1324 5093 1335 5099 -
1425 5096 1436 5099 _
1628 5098 1633 5099 ,

2495 4992 2504 4997 -
2828 4992 2924 4994 κη-
2958 4992 3035 4997 τ--
3078 4992 3211 5013 π--
3255 4992 3434 5010 ---η-η
3460 4992 3509 5000 --
3537 4992 3603 5001 -.ν
3628 4992 3689 5001 νυ

2130 5023 2484 5077 ιοηοιιιοοιυε.
2527 5023 2637 5080 Etsi
2671 5026 2818 5082 enim
2846 5028 2935 5084 hic
2962 5032 3201 5099 psalmus
3218 4992 3467 5087 lhominis
3491 5034 3690 5087 memi-

435 5081 498 5187 Eli
528 5084 761 5188 ydtp‘xai
789 5087 1076 5157 ἀνθρώπου
1105 5091 1133 5142 6
1166 5091 1380 5161 ψαλμὸς
1420 5096 1847 5167 ἐμνημόνευσεν,
1885 5102 2014 5156 ἀλλ’

2130 5109 2285 5177 merit,
2326 5109 2489 5166 simul
2523 5121 2705 5169 tamen
2742 5116 2921 5185 ipsum
2951 5116 3226 5183 Satanam,
3267 5118 3359 5188 qui
3390 5117 3446 5172 in
3506 5119 3690 5177 divina

432 5173 582 5262 6pc;
607 5174 698 5227 τὸν
732 5176 979 5230 Σατανᾶν
1029 5179 1190 5233 αὑτὸν
1210 5221 1225 5243 ,
1255 5181 1429 5246 οὕτως
1472 5186 1531 5236 ὲν
1564 5188 1628 5256 τῇ
1662 5186 1781 5259 θείᾳ
1811 5190 2004 5262 Γραφῇ

433 5260 691 5326 πολλάκις
710 5263 1128 5336 ὀνομαζόμενον,
1159 5270 1192 5342 ἦ
1221 5287 1343 5325 τινα
1371 5272 1477 5326 τῶν
1502 5275 1694 5347 ἐκείνῳ
1721 5260 2013 5350 στρατευοέ

432 5355 612 5427 μένων
661 5356 978 5414 αἰνίττεται.
1012 5362 1160 5431 Πλὴν
1219 5366 1315 5417 καὶ
1362 5366 1455 5420 τὸν
1502 5368 1628 5422 λαὸν
1676 5371 1784 5425 τῶν
1835 5373 2007 5428 ἐθνῶν

428 5447 602 5501 ταῦτα
629 5447 956 5518 ύποψάλλειν
987 5451 1268 5522 ἁρμόδιον,
1303 5459 1482 5530 χρόνῳ
1526 5461 1709 5532 πολλῷ
1755 5463 1860 5518 ὑπὸ
1907 5465 2003 5520 τοῦ

425 5538 643 5593 Σατανᾶ
665 5538 1031 5609 ἀπατηθέντα,
1056 5545 1149 5595 καὶ
1179 5545 1269 5597 τὸν
1300 5551 1428 5619 παρ’
1459 5550 1627 5604 αὑτοῦ
1658 5553 1893 5623 πόλεμον
1916 5556 2006 5611 διὰ

499 5720 544 5754 ⁸ο
573 5720 596 5777 l
621 5719 753 5792 Reg.
781 5739 890 5792 XXI,
920 5727 1002 5793 I3,
1075 5726 1115 5759 ⁸¹
1150 5727 1351 5797 Ephes.
1382 5746 1439 5795 η,
1470 5731 1553 5786 l5.
1635 5735 1681 5768 "
1708 5736 1812 5792 lsa.
1842 5756 1913 5807 vr,
1944 5741 1994 5795 3.

2114 5199 2395 5272 Scriptura
2457 5204 2776 5276 frequenter
2818 5209 2923 5265 hoc
2948 5211 3168 5265 nomine
3213 5211 3540 5280 appellatur,
3592 5223 3689 5268 aut

2112 5292 2310 5350 ducem
2347 5296 2586 5366 aliquem
2614 5299 2715 5371 ipsi
2767 5303 3182 5358 subordinatum
3234 5303 3496 5359 insinuat.
3543 5305 3686 5372 Quin

2112 5384 2225 5441 imo
2254 5395 2691 5446 consentaneum
2722 5393 2814 5455 sit,
2851 5393 2967 5448 brec
2997 5394 3256 5465 populum
3288 5411 3505 5466 quoque
3555 5415 3688 5470 gen-

2112 5475 2245 5532 tium
2278 5481 2590 5547 succinere;
2614 5491 2803 5552 utpote
2831 5483 2994 5557 longo
3025 5494 3270 5558 tempore
3303 5504 3331 5543 a
3369 5489 3569 5546 Satana
3591 5493 3687 5548 tle-

2112 5576 2353 5639 ceptum,
2376 5571 2731 5644 ejusdemque
2750 5575 2951 5632 bellum
3008 5594 3104 5649 per
3126 5581 3431 5637 dat-trionum
3462 5584 3686 5641 insidias
