4032 6222
397 342 532 407 m3

1561 346 1923 409 HESYCIIII
1968 348 2444 416 PRESBYTERI

3517 358 3660 426 1224

394 451 784 520 sustinentem;
816 468 953 524 quos
976 455 1031 511 in
1062 453 1419 528 sequentibus
1450 455 1756 523 insinuans,
1793 459 1955 513 mani-

2072 462 2174 532 τῆς
2203 464 2312 517 τῶν
2336 464 2605 537 δαιμόνων
2620 466 2913 540 ἐπιϐουλῆς
2931 467 3326 538 ὑπομείναντα,
3346 469 3440 533 οὓς
3464 472 3523 526 ὲν
3539 474 3659 537 τοῖς

395 543 587 599 festius
602 546 892 613 expressit.

465 632 629 690 Vens.
665 636 719 690 5.
747 655 765 686 ι
803 637 1277 694 Conculcaverunt
1314 656 1402 695 me
1436 640 1640 695 inimici
1672 641 1801 696 mei.
1840 659 1861 694 ι

460 725 579 779 Non
605 743 770 781 unam
802 728 946 783 diem
965 730 1117 797 dicit,
1149 733 1244 787 sed
1275 733 1457 787 omnis
1491 735 1757 803 temporis
1777 734 1968 788 labeno

394 815 464 871 tis
495 817 752 887 spatium,
785 820 1121 888 quoinimici
1151 821 1323 875 nostri
1382 820 1695 891 spirituales
1753 823 1822 878 ab
1860 822 1970 879 alto

392 922 494 963 nos
553 923 871 980 oppugnare
920 921 973 966 et
1005 913 1330 967 conculcare
1391 912 1616 968 minime
1663 924 1969 969 cessarunt.

388 998 797 1056 Conculcarunt
828 1012 1045 1069 autem,
1101 1003 1415 1072 quomodo?
1444 1003 1550 1058 Per
1599 1004 1962 1061 idololatriam

385 1097 445 1145 et
475 1091 784 1161 voluptates
831 1092 967 1148 alios
1015 1095 1454 1165 supplantantes,
1511 1105 1567 1152 et
1621 1100 1967 1169 postmodum

387 1185 675 1253 prostratis
701 1184 1049 1241 insultantes.
1112 1187 1223 1243 Nos
1272 1190 1454 1260 itaque
1508 1207 1848 1263 nequaquam
1898 1194 1966 1249 ad

388 1282 615 1337 terram,
644 1275 697 1329 id
727 1286 831 1339 est,
864 1277 932 1332 ad
974 1285 1191 1333 terrena
1223 1291 1667 1349 prosternamur;
1710 1294 1766 1339 et
1805 1300 1969 1341 nemo

387 1380 489 1418 nos
514 1366 715 1434 poterit
743 1368 1066 1423 conculcare
1100 1388 1115 1423 :
1144 1372 1237 1426 sed
1259 1388 1437 1442 neque
1468 1374 1721 1430 inimicos
1749 1385 1968 1433 nostros

386 1454 711 1509 excelsiores
729 1454 842 1509 ﬁeri
876 1459 1278 1527 permittamus,
1322 1463 1418 1518 sed
1443 1464 1709 1519 virtutum
1767 1468 1965 1522 scalam

387 1546 841 1611 conscendentes,
894 1549 1222 1607 insidiantes
1260 1553 1422 1609 nobis
1485 1554 1620 1626 ipsis
1676 1557 1968 1614 inferiores

386 1634 699 1692 efﬁciamus.

455 1725 617 1782 Vens.
659 1730 711 1784 4.
739 1748 757 1782 ι
787 1728 904 1786 Diei
932 1746 1041 1787 non
1067 1734 1325 1792 timebo.»

2073 551 2201 625 ἑξῆς
2237 555 2569 627 σαφέστερον
2619 558 2822 630 ἔφησεν
2854 560 3248 631 αἰνιττόμενος.

2147 669 2170 702 ι
2198 653 2721 725 Κατεπάτησάνμε,
2751 658 2800 709 οἰ
2834 656 3017 729 ἐχθροί
3051 673 3174 726 μου.
3206 674 3226 708 ι

2140 745 2215 798 Οὐ
2247 746 2381 816 μίαν
2401 747 2614 819 ἡμέραν
2637 748 2808 818 λέγει,
2830 748 2969 802 ἀλλά
2988 748 3086 802 τοῦ
3107 750 3305 819 χρόνου
3334 746 3540 812 παντὸς
3559 748 3660 803 τοῦ

2070 835 2376 906 φθάσαντος
2402 837 2465 891 τὸ
2493 838 2793 909 διάστημα,
2812 840 2869 892 ὲν
2895 831 2942 907 ᾧ
2969 840 3018 893 οἰ
3050 838 3246 909 ἐχθροὶ
3268 839 3427 908 ἡμῶν
3455 842 3503 894 οἰ
3533 856 3663 909 νοη-

2068 928 2153 981 col.
2186 929 2281 997 ἀφ’
2303 928 2473 998 ὕψους
2514 931 2665 1000 ἡμᾶς
2704 929 3071 1001 πολεμοῦντες
3102 931 3196 984 καὶ
3228 930 3528 994 πατοῦντες
3553 930 3663 986 οὐκ

2069 1022 2769 1077 έπαύσαντο.Κατεπάτουν
2801 1022 2883 1075 δέ·
2933 1021 3090 1087 πῶς;
3127 1020 3227 1074 Διά
3247 1021 3346 1090 τῆς
3373 1020 3662 1076 εἰδωλολα-

2067 1113 2225 1183 τρίας
2251 1112 2348 1167 καὶ
2372 1112 2482 1166 τῶν
2510 1113 2714 1184 ἡδονῶν
2732 1153 2748 1178 ,
2781 1113 2892 1166 τῶν
2930 1111 3110 1167 ἄλλων
3142 1112 3523 1175 σκελίσαντες.
3557 1111 3661 1165 καὶ

2072 1204 2211 1275 μετά
2227 1204 2387 1257 τοῦτο
2410 1203 2687 1274 κειμένοις
2709 1203 3156 1272 ἐπεμϐαίνοντες.
3173 1203 3269 1272 Μὴ
3286 1202 3468 1255 τοίνυν
3488 1205 3660 1272 ἡμεῖς

2070 1295 2448 1365 σκελισθῶμεν
2495 1297 2575 1359 εἰς
2618 1296 2744 1364 γῆν,
2776 1294 3079 1359 τουτέστιν,
3112 1295 3191 1356 εἰς
3217 1293 3287 1346 τὰ
3319 1294 3515 1365 γὴῖνα·
3559 1295 3656 1346 καὶ

2066 1386 2246 1448 οὐδεὶς
2300 1387 2450 1455 ἡμᾶς
2500 1384 2892 1453 καταπατῆσαι
2940 1384 3234 1456 δυνήσεται
3262 1398 3276 1413 ³
3325 1382 3465 1437 ἀλλὰ
3514 1384 3658 1453 μηδὲ

2065 1476 2193 1539 τοὺς
2223 1477 2451 1546 ἐχθροὺς
2472 1476 2632 1547 ἡμῶν
2668 1475 3036 1546 ὑψηλοτέρους
3066 1473 3321 1543 γενέσθαι
3358 1476 3654 1545 συγχωρή-

2016 1616 2022 1622 .
2069 1587 2271 1640 σωμεν,
2306 1568 2443 1623 ἀλλά
2490 1569 2600 1623 τῶν
2643 1570 2857 1641 ἀρετῶν
2902 1568 3206 1630 ἀναϐάντες
3250 1568 3343 1621 ὲπί
3378 1568 3651 1638 κλίμακα,

2067 1662 2413 1733 κατωτέρους
2446 1660 2656 1715 ἑαυτῶν
2684 1663 2812 1725 τοὺς
2839 1660 3161 1723 ἐπιϐούλους
3189 1660 3531 1731 ποιήσωμεν.

2143 1771 2162 1803 ι
2187 1753 2431 1824 Ἡμέρας
2464 1753 2526 1807 οὐ
2561 1752 2966 1824 φοϐηθήσομαι.
3003 1770 3022 1803 ι

466 1816 523 1872 Si
547 1820 714 1887 enim,
738 1810 941 1893 inquit,
971 1825 1028 1879 in
1054 1826 1261 1883 lumine
1289 1829 1651 1899 ambulemus,
1686 1842 1743 1889 et
1763 1833 1820 1889 in
1853 1835 1955 1903 die,

2136 1810 2269 1897 Ἑάν
2291 1810 2428 1915 γάρ,
2456 1810 2645 1914 φησίν,
2678 1810 2737 1897 έν
2762 1810 2859 1913 ’τῶ
2904 1843 3046 1911 φωτὶ¹
3100 1840 3522 1914 περιπατῶμεν,
3553 1841 3653 1895 καὶ

381 1912 841 1978 quemadmodum
919 1915 1119 1974 Paulus
1183 1919 1281 1985 ait,
1343 1921 1575 1978 honeste
1600 1924 1962 1981 ambulaveri-

381 2018 524 2069 mus,
574 2008 772 2060 merito
826 2009 1103 2064 neminem
1138 2011 1517 2068 insidiantium
1577 2015 1959 2085 formidamus,

383 2103 601 2151 utentes
653 2096 918 2153 adversus
988 2099 1137 2169 ipsos
1184 2111 1476 2159 armatura
1515 2102 1642 2159 ﬁdei
1665 2113 1719 2160 et
1749 2106 1866 2176 spei
1905 2107 1962 2162 in

381 2187 573 2241 Deum.

444 2256 612 2331 Vens.
643 2279 695 2332 5.
746 2298 765 2331 ι
796 2278 855 2332 ln
888 2278 1001 2334 Deo
1030 2280 1285 2337 laudabo.
1317 2301 1336 2335 ι

440 2367 582 2422 Cum
630 2368 811 2424 omnis
847 2384 1051 2436 sermo,
1090 2372 1180 2442 qui
1232 2371 1326 2428 Dei
1374 2375 1655 2432 notionem
1691 2377 1959 2446 continet,

374 2460 536 2516 laude
570 2477 635 2516 ac
663 2462 1031 2518 celebratione
1078 2465 1275 2536 dignus
1321 2467 1420 2531 sit,
1460 2468 1584 2538 ipsi,
1615 2469 1809 2541 inquit,
1838 2480 1961 2526 tan-

374 2564 534 2618 quam
563 2551 772 2604 auctori
798 2551 985 2605 laudes
1015 2552 1375 2610 exhibeamus
1407 2574 1420 2609 :
1458 2567 1512 2612 et
1537 2574 1878 2630 quaecunque
1905 2561 1962 2615 in

373 2641 495 2710 ipso
522 2641 823 2710 loquimur,
854 2643 970 2696 haec
1002 2644 1142 2699 bene
1173 2645 1380 2716 dirigit,
1413 2664 1478 2703 ac
1506 2649 1705 2703 merito
1735 2651 1966 2706 retribu-

373 2733 527 2787 tione
552 2733 715 2802 digna
742 2734 1048 2788 constituit.
1073 2734 1243 2791 Porro
1266 2754 1478 2793 carnem
1503 2739 1816 2811 frequenter
1838 2758 1956 2798 car-

291 2872 302 2882 .
373 2825 526 2879 nales
575 2825 808 2880 aifectus
859 2835 915 2880 et
958 2827 1263 2897 voluptates
1316 2830 1425 2885 dici
1482 2834 1849 2903 reperiemus;
1890 2839 1962 2905 fut

372 2917 590 2986 quando
609 2916 806 2972 Paulus
832 2917 942 2971 ait:
971 2918 1090 2973 Scio
1115 2920 1253 2974 enim
1275 2922 1403 2991 quia
1436 2938 1539 2977 non
1563 2925 1765 2980 habitat
1781 2928 1835 2980 in
1856 2944 1957 2994 me,

372 3014 468 3060 hoc
499 3017 573 3061 est
620 3009 675 3062 in
722 3025 881 3064 carne
913 3024 1052 3077 mea,
1089 3013 1281 3066 bonum
1300 3012 1385 3081 “;
1440 3030 1585 3086 saepe
1617 3031 1748 3072 vero
1794 3019 1958 3074 etiam

371 3096 688 3165 hominem;
736 3101 881 3155 sicut
923 3101 1087 3156 etiam
1139 3103 1306 3158 David
1352 3104 1487 3159 dixit
1514 3122 1530 3159 :
1557 3107 1641 3161 Ad
1684 3116 1735 3162 te
1781 3112 1953 3164 cumis

370 3204 495 3242 caro
524 3191 692 3243 ueniet
711 3191 774 3245 ".
809 3191 947 3263 Spes
980 3193 1143 3265 igitur
1170 3195 1265 3250 Dei
1296 3207 1352 3251 et
1376 3197 1713 3268 voluptatem
1747 3200 1945 3269 frenat,
1976 3183 2017 3241 (ἶ

369 3289 426 3334 et
479 3280 761 3336 inimicum
815 3285 1094 3341 hominem
1141 3298 1475 3356 coercet,et
1513 3292 1804 3362 utrobique
1849 3309 1952 3349 nos

369 3372 545 3425 reddit
586 3374 1006 3443 imperterritus.

442 3461 602 3518 Vens.
632 3465 683 3519 6.
732 3484 753 3517 ι
785 3466 920 3521 Tota
947 3467 1035 3523 die
1061 3469 1229 3524 verba
1255 3486 1396 3527 mea.
1429 3490 1448 3523 ι

436 3554 723 3613 lianifcste
778 3560 1078 3616 etiamnum
1129 3561 1347 3618 Iudaeos
1409 3565 1588 3620 innuit
1636 3585 1650 3622 :
1700 3568 1757 3622 hi
1803 3569 1949 3625 enim

366 3648 531 3703 verba
565 3649 826 3716 ﬁdelium,
856 3653 1023 3708 veluti
1053 3653 1388 3711 infidelitatis
1420 3672 1547 3717 sum
1566 3658 1949 3717 refutationem

365 3740 726 3807 continentia,
757 3759 977 3815 semper
1005 3748 1273 3803 exsecrati
1318 3757 1448 3804 sunt
1481 3768 1494 3804 :
1526 3766 1557 3805 a
1591 3768 1750 3809 mane
1781 3754 1948 3809 nimi-

366 3847 486 3885 rum
517 3849 687 3902 usque
716 3836 783 3890 ad
814 3851 1098 3907 vesperam
1120 3837 1291 3895 Paulo
1331 3842 1400 3896 ad
1444 3842 1592 3914 ipsos
1634 3856 1946 3915 perorante,

288 3988 297 3998 _
364 3922 467 3990 ipsi
517 3926 800 3980 veritatem
859 3930 1482 4000 sermonisexsecrati,
1536 3935 1943 4005 dissentientes,

365 4014 445 4066 uti
492 4013 666 4070 Lucas
716 4018 811 4082 ait,
850 4018 1233 4074 bist-asserunt
1291 4025 1568 4080 adversum
1634 4046 1718 4084 me
1770 4047 1947 4086 omnes

364 4105 705 4176 cogitationes
733 4125 913 4163 eorum
948 4112 1002 4164 in
1037 4112 1259 4167 malum.
1295 4115 1444 4171 Nihil
1493 4119 1638 4173 enim
1693 4122 1823 4177 boni
1878 4124 1947 4180 de

364 4198 619 4266 gentibus
641 4200 815 4255 Judaei
845 4204 1086 4273 cogitant
1113 4202 1394 4273 (quoniam
1423 4211 1603 4266 omnis
1633 4212 1797 4270 homo
1829 4232 1947 4271 ma-

362 4289 449 4345 lus
474 4293 682 4361 profert
717 4294 943 4364 malum)
983 4303 1041 4350 et
1087 4297 1236 4351 omni
1288 4300 1502 4358 ratione
1539 4319 1641 4360 nos
1691 4306 1945 4379 decipere

362 4393 650 4442 conantur.

432 4590 578 4645 Nihil
603 4601 752 4648 certe
776 4594 1062 4664 prOphetia
1082 4595 1185 4651 hac
1207 4596 1573 4655 manifestius.
1593 4600 1765 4657 Judaei
1788 4604 1935 4660 enim

364 4678 755 4751 Hierosolymis
797 4684 959 4752 eiecti
992 4686 1063 4740 ob
1093 4696 1385 4757 peccatum
1413 4698 1604 4746 contra
1634 4690 1936 4763 Christum,

363 4780 419 4824 et
446 4769 690 4824 universi
716 4772 860 4827 orbis
891 4782 1158 4831 terrarum
1185 4778 1380 4834 incolae
1409 4779 1589 4837 effecti
1616 4781 1940 4855 [dispersio-

359 4862 446 4919 nis
503 4862 693 4936 hujus]
748 4880 970 4920 causam
1010 4866 1369 4941 interrogati,
1425 4872 1569 4927 illam
1622 4877 1832 4944 celant,
1885 4886 1940 4934 et

359 4971 521 5011 suum
561 4972 688 5027 erga
714 4957 994 5015 Christum
1033 4961 1292 5017 delictum
1328 4965 1642 5034 reticentes,
1674 4969 1777 5025 alia
1808 4987 1938 5042 pec-

356 5056 475 5102 cata
501 5057 825 5118 praetexunt.
855 5050 1016 5106 Certe
1050 5068 1153 5108 nec
1183 5053 1324 5109 idola
1362 5056 1474 5126 jam
1502 5058 1723 5126 colunt,
1754 5076 1936 5130 neque

354 5140 654 5209 praphetas
679 5141 964 5197 occidunt.
996 5144 1067 5198 At
1092 5159 1191 5198 cur
1216 5146 1433 5201 celant?
1457 5164 1528 5205 ne
1552 5149 1806 5209 videlicet
1839 5170 1935 5210 eo-

355 5245 477 5283 rum
510 5230 787 5287 confessio
828 5231 923 5288 iiat
963 5232 1089 5287 fidei
1115 5245 1319 5291 nostra;
1352 5241 1751 5309 comprobatio.
1785 5243 1931 5314 Ipsi,

357 5318 564 5387 inquit,
593 5321 897 5377 calcaneum
930 5340 1101 5379 meum
1132 5325 1496 5384 observabant.
1527 5331 1806 5402 Siquidem
1838 5334 1935 5390 Ju-

355 5409 456 5462 daei
485 5410 652 5465 etiam
681 5414 963 5482 quodlibet
992 5416 1252 5473 delictum
1288 5430 1535 5477 nostrum
1567 5434 1881 5482 scrutantur
1916 5445 1930 5482 :

357 5505 519 5585 atque
549 5499 623 5553 ita
651 5501 927 5575 intelliges
970 5507 1024 5562 id
1053 5510 1199 5578 quod
1231 5509 1374 5566 Deus
1400 5511 1466 5566 ad
1503 5526 1816 5585 serpentem
1848 5519 1931 5573 di-

357 5584 436 5640 xit
459 5604 474 5640 :
499 5586 618 5655 Ipse
643 5592 931 5651 observabit
956 5609 1114 5667 caput
1144 5611 1313 5671 tuum,
1334 5613 1383 5658 et
1407 5614 1461 5658 tu
1493 5606 1791 5662 observabis
1820 5609 1934 5678 ejus

427 5760 478 5793 ⁸⁸
502 5761 663 5816 Rom.
700 5779 817 5831 xm,
853 5768 938 5823 l3.
1017 5771 1061 5802 “
1084 5771 1242 5829 Rom.
1274 5792 1365 5842 vn,
1395 5777 1475 5831 18.
1554 5778 1597 5811 ι’
1626 5778 1767 5835 Psal.
1799 5796 1945 5849 mv,
1978 5782 2030 5838 3.

2063 1932 2122 1986 ὲν
2152 1932 2336 2003 ἡμέρᾳ
2356 1974 2370 1998 ,
2405 1931 2548 1986 καθά
2583 1948 2750 2002 φησιν
2784 1933 2813 1985 ὁ
2842 1929 3078 1996 Παῦλος,
3111 1929 3468 1999 εὐσχημόνως
3494 1944 3656 1998 περι-

2064 2024 2418 2095 πατήσωμεν,
2458 2023 2649 2076 οὐδένα
2695 2022 2805 2075 τῶν
2855 2021 3160 2075 ἐπιϐούλων
3191 2021 3418 2077 εἰκότως
3446 2020 3653 2110 φοϐού-

2065 2116 2205 2186 μεθα
2227 2157 2242 2183 ,
2275 2117 2426 2187 ὅπλῳ
2460 2114 2598 2186 πρὸς
2622 2114 2822 2178 αὐτοὺς
2854 2113 3036 2167 πίστει
3064 2117 3129 2184 τῇ
3162 2115 3243 2177 εἰς
3270 2111 3405 2166 Θεὸν
3431 2111 3530 2166 καὶ
3563 2110 3654 2166 ἑλ-

2062 2209 2194 2263 πίδα
2224 2208 2520 2280 χρώμενοι.

2138 2322 2157 2355 ι
2181 2304 2268 2355 Ἐν
2296 2302 2373 2372 τῷ
2402 2300 2522 2371 Θεῷ
2555 2298 2847 2354 ἐπαινέσω.
2879 2317 2899 2351 ι

2135 2393 2354 2465 Ἐπειδὴ
2393 2395 2504 2456 πᾶς
2541 2391 2702 2459 λόγος
2731 2389 3062 2459 θεογνωσίαν
3100 2391 3263 2461 ἔχων,
3293 2389 3520 2443 ἐπαίνου
3551 2390 3661 2443 καὶο

2060 2484 2338 2556 εὐφημίας
2385 2483 2555 2550 ἄξιος,
2586 2482 2757 2552 αὐτῷ,
2805 2483 2994 2553 φησιν,
3025 2481 3100 2545 ὡς
3144 2480 3470 2552 χορηγοῦντι
3511 2484 3649 2545 τοὺς

2060 2577 2316 2638 ἐπαίνους
2344 2574 2753 2646 παράσχωμενο
2790 2572 2885 2625 καὶ
2925 2573 3025 2626 ὅσα
3066 2573 3124 2625 ὲν
3167 2571 3318 2641 αὐτῷ
3350 2570 3647 2639 λαλοῦμεν,

2059 2667 2234 2723 ταῦτα
2260 2666 2666 2732 κατευοδοῦται,
2698 2665 2795 2719 καὶ
2821 2664 3048 2725 εἰκότως
3071 2663 3346 2733 ἀποδοχῆς
3374 2662 3649 2731 καθέστη-

2061 2779 2159 2816 κεν
2194 2759 2343 2825 ἀξια.
2380 2759 2579 2827 Σάρκα
2612 2757 2667 2810 δὲ
2704 2757 2964 2819 πολλάκις
3006 2756 3076 2809 τά
3101 2755 3346 2826 σαρκικὰ
3372 2755 3521 2824 πάθη
3552 2754 3646 2806 λέ-

2060 2854 2252 2924 γεσθαι
2297 2852 2388 2905 καὶ
2417 2852 2515 2914 τὰς
2552 2849 2748 2921 ἡδονᾶς
2782 2849 3125 2918 εὐρὴσομενο
3165 2847 3242 2911 ὡς
3272 2849 3402 2901 ὅταν
3432 2849 3460 2900 ό
3489 2845 3641 2899 Παῦ-

2060 2946 2152 3009 λος
2174 2962 2188 2977 ·
2212 2941 2355 2998 Οἶδα
2376 2944 2486 3012 γὰρ
2509 2942 2597 2995 ὅτι
2629 2943 2741 2994 οὐκ
2771 2940 2924 2994 οἰκεῖ
2947 2941 3017 2992 ἐν
3047 2939 3200 3007 ἐμοὶ,
3217 2938 3550 3005 τουτέστιν,
3573 2938 3645 2991 ἐν

2058 3037 2134 3105 τῇ
2155 3038 2335 3104 σαρκί
2352 3052 2494 3104 μου,
2523 3033 2749 3103 ἀγαθόν
2767 3049 2781 3063 ·
2817 3031 3078 3113 πολλάκις
3106 3031 3162 3084 δὲ
3189 3032 3284 3085 καὶ
3311 3032 3403 3085 τὸν
3429 3031 3644 3100 ἀνθρω-

2061 3146 2163 3182 πον
2182 3145 2197 3159 ·
2218 3129 2407 3196 ὥσπερ
2431 3126 2496 3195 δὴ
2514 3126 2608 3178 καὶ
2637 3124 2803 3178 Δαϐὶδ
2831 3122 2983 3191 ἔλεγε
3002 3139 3016 3153 ·
3035 3122 3194 3192 Πρὸς
3210 3122 3284 3176 σὲ
3299 3121 3467 3178 πᾶσα
3481 3124 3641 3191 σὰρξ

2063 3219 2299 3290 ἥξει.Ἡ
2330 3218 2424 3272 τοῦ
2457 3214 2593 3270 Θεοῦ
2633 3215 2816 3269 τοίνυν
2852 3214 3007 3278 ἐλπὶς
3050 3214 3144 3267 καὶ
3184 3213 3284 3284 τὴν
3317 3214 3512 3284 ἡδονὴν
3543 3232 3642 3284 χι-

2064 3313 2223 3378 λινοῖ,
2273 3309 2369 3362 καὶ
2413 3309 2505 3362 τὸν
2556 3306 2749 3377 ἐχθρὸν
2794 3305 3079 3376 ἄνθρωπον
3128 3305 3488 3375 συμποδίξει,
3543 3306 3641 3360 καὶ

2055 3402 2288 3473 ἀφοϐίαν
2326 3398 2458 3470 ἡμῖν
2488 3397 2549 3463 ἐξ
2578 3398 2844 3467 ἑκατέρου
2877 3396 3115 3451 δίδωσιν.

2133 3492 2334 3562 «Ὅλην
2364 3490 2462 3563 τὴν
2494 3490 2710 3560 ἡμέραν
2734 3490 2860 3551 τοὺς
2889 3487 3081 3556 λόγους
3111 3506 3232 3558 μου.
3270 3508 3288 3540 ι

2124 3583 2318 3654 Σαφῶς
2350 3583 2442 3635 καὶ
2483 3580 2579 3634 νῦν
2619 3580 2747 3643 τοὺς
2786 3580 2800 3598 ‘
2825 3579 3075 3643 ουδαίους
3114 3580 3449 3634 αἰνίττεται*
3489 3575 3635 3635 οὗτοι

2049 3676 2159 3749 γὰρ
2187 3677 2312 3738 τοὺς
2334 3674 2527 3742 λόγους
2549 3671 2659 3725 τῶν
2687 3672 2919 3737 πιστῶν,
2946 3671 3018 3736 ὡς,
3041 3671 3265 3742 ἔλεγχον
3291 3672 3517 3743 ἔχοντας
3536 3671 3638 3740 τῆς

2050 3769 2228 3824 αὐτῶν
2260 3765 2520 3828 ἀπιστίας
2546 3808 2561 3832 ,
2592 3764 2886 3825 διαπαντὸς
2917 3763 3321 3817 ὲϐδελύττοντιν
3351 3764 3460 3819 ἀπὸ
3488 3762 3639 3833 πρωῒ

2048 3859 2342 3931 τοιγαροῦν
2377 3857 2485 3921 ἓως
2514 3857 2757 3927 ἑσπέρας
2785 3855 2880 3909 τοῦ
2907 3855 3122 3909 Παύλου
3152 3858 3291 3926 πρὸς
3317 3856 3515 3917 αὐτοὺς
3537 3857 3637 3926 ρης

2046 3953 2386 4025 τορεύοντος,
2408 3953 2606 4005 ⁴ἐκεῖνοι
2630 3949 2731 4021 τὴν
2762 3948 3023 4021 ἀλήθειαν
3052 3950 3146 4003 τοῦ
3176 3949 3335 4017 λόγου
3374 3947 3634 4017 βδελυξᾶ-

2051 4061 2227 4116 μενοι,
2264 4042 2609 4113 ἀσύμφωνοι,
2641 4040 2783 4096 καθά
2814 4058 2979 4111 φησιν
3005 4043 3032 4095 ὁ
3052 4040 3635 4109 Λουκᾶς.Ἀνεχώιη-

2046 4154 2169 4192 σαν
2199 4136 2325 4190 κατ’
2345 4135 2492 4205 ἐμοῦ
2537 4134 2761 4200 πάντες
2789 4137 2843 4187 οἰ
2876 4132 3254 4203 διαλογισμοὶ
3299 4131 3500 4187 αὐτῶν
3545 4134 3632 4200 εις

2045 4230 2253 4284 κακόν.
2284 4227 2453 4282 Οὐδὲν
2490 4227 2599 4298 γὰρ
2624 4217 2835 4295 ἀγαθὸν
2860 4227 2990 4290 περὶ
3015 4225 3125 4279 τῶν
3154 4224 3325 4279 ἐθνῶν
3355 4226 3407 4278 οἰ
3437 4227 3635 4290 παῖδες

2009 4320 2015 4324 ’
2043 4320 2155 4374 τῶν
2186 4319 2461 4374 Ἰουδαίων
2486 4315 2796 4387 λογίζονται
2823 4316 3046 4388 (ἐπειδὴ
3084 4318 3191 4397 πᾶς
3219 4315 3506 4387 ἄνθρωπος
3532 4335 3635 4370 1:9—

2043 4410 2209 4482 νηρὸς
2239 4410 2507 4483 προφέρει
2534 4408 2595 4462 τὸ
2624 4406 2905 4479 πονηρὸν),
2923 4407 3018 4460 καὶ
3049 4406 3228 4461 πάντα
3250 4408 3453 4478 τρόπον
3485 4409 3634 4477 ἡμᾶς

2045 4502 2327 4571 ἀπατῆσαι
2362 4499 2733 4571 πειράζουσιν.

2114 4614 2280 4668 Οὐδὲν
2329 4612 2438 4683 ἄρα
2487 4613 2589 4684 τῆς
2638 4614 2980 4683 προφητείας
3024 4614 3233 4686 ταύτης
3264 4616 3628 4687 σαφέστερον.

2053 4705 2444 4775 Ἐκϐληθέντες
2474 4704 2583 4775 γὰρ
2612 4704 2712 4775 τῆς
2748 4705 3104 4778 Ἰερουσαλὴμ
3134 4709 3182 4761 οἱ
3211 4707 3321 4760 τῶν
3357 4708 3631 4761 Ἰουδαίων

2040 4794 2249 4857 παῖδες,
2281 4792 2378 4846 καὶ
2413 4795 2669 4865 πάροικοι
2699 4794 2879 4865 πάσης
2908 4796 3008 4866 τῆς
3029 4795 3133 4866 γῆς
3151 4796 3239 4851 διὰ
3266 4795 3366 4868 τὴν
3395 4799 3476 4860 εἰς
3496 4798 3635 4867 Χρι-

2041 4883 2167 4937 στὸν
2221 4883 2496 4954 ἁμαρτίαν
2533 4882 2853 4953 γενόμενοι,
2880 4882 2981 4956 τὴν
3029 4886 3209 4939 αἰτίαν
3253 4886 3627 4957 ἐρωτώμενοι,

2040 4971 2369 5043 κρύπτουσι,
2400 4974 2495 5026 καὶ
2522 4973 2799 5043 ἁμαρτίας
2833 4974 3052 5046 ἐτέρας,
3075 4977 3176 5047 τὴν
3197 4976 3340 5030 κατά
3368 4978 3462 5030 τὸν
3490 4979 3631 5050 Χρι-

2044 5063 2170 5117 στὸν
2206 5064 2542 5129 σιωπῶντες,
2571 5064 2994 5136 προϐάλλονται.
3023 5067 3217 5121 Καίτοι
3253 5068 3391 5139 μήτε
3414 5070 3632 5123 εἰδωλο-

2041 5155 2369 5227 λατροῦντες
2414 5157 2533 5224 νῦν,
2570 5160 2707 5229 μήτε
2758 5160 3049 5229 προφήτας
3100 5163 3440 5229 φονεύοντες.
3475 5162 3631 5232 Κρύ-

2041 5264 2233 5301 πτουσι
2287 5248 2344 5303 δὲ
2393 5249 2539 5314 τίνος
2588 5252 2780 5322 χάριν;
2811 5252 2928 5305 Ἵνα
2982 5251 3061 5323 μὴ
3120 5253 3485 5324 συγκρότησις
3524 5254 3630 5322 τῆς

2040 5338 2320 5410 ἡμετέρας
2352 5339 2591 5404 πίστεως
2630 5343 2662 5412 ἡ
2713 5342 2845 5412 παρ’
2871 5341 3055 5395 αὐτῶν
3081 5342 3345 5412 ὁμολογία
3373 5345 3625 5414 γένηται.

2040 5430 2221 5484 Αὐτοὶ
2256 5429 2373 5498 τὴν
2402 5432 2668 5500 πτέρναν
2677 5451 2797 5504 μου
2830 5434 3200 5503 φυλάξουσι,
3232 5435 3417 5507 φησίν.
3437 5437 3644 5515 Ἐρευ-.

2042 5519 2206 5571 νῶσιν
2230 5521 2338 5591 γὰρ
2361 5522 2519 5592 ἡμῶν
2549 5524 2793 5577 Ἰουδαῖοι
2813 5525 2908 5577 καὶ
2932 5525 2994 5578 τὸ
3016 5527 3178 5596 τυχὸν
3203 5526 3590 5598 πλημμέλημα
3608 5544 3625 5560 ’

2042 5610 2136 5662 καὶ
2175 5609 2316 5664 οὕτω
2343 5616 2556 5683 νοήσεις
2589 5615 2725 5686 ὅπερ
2756 5617 2783 5668 ὁ
2814 5616 2945 5680 Θεὸς
2976 5616 3111 5688 πρὸς
3148 5617 3236 5671 τὸν
3266 5618 3391 5688 ὅφιν
3421 5619 3626 5690 ἐφθέγ-
