4032 6222
343 369 478 432 1225

1475 368 1939 431 FRAGMENTA
1976 370 2057 431 IN
2095 370 2456 434 PSALMOS.

3449 386 3583 453 1‘226

325 507 482 559 γετο·
514 491 707 556 Αὐτός
730 505 849 545 σου
875 492 1121 561 τηρήσει
1147 489 1569 559 κεφαλὴν-,καί
1607 490 1689 544 σὺ
1717 490 1899 558 τηρή-

2004 488 2386 545 calcaneum“.
2431 488 2542 546 Nos
2586 500 2770 548 autem
2790 486 2923 566 ejus
2946 509 3110 567 caput
3131 539 3145 565 ,
3180 515 3376 573 nempe
3408 506 3580 562 idolo-

323 597 456 645 σεις
485 580 672 635 αὐτοῦ
702 580 1194 651 πτέρναν-,Ἡμεῖς
1218 581 1276 634 δὲ
1304 579 1472 634 αὐτοῦ
1507 580 1604 651 τὴν
1639 581 1902 650 κεφαλὴν,

328 672 531 743 δηλαδὴ
577 672 677 740 τὴν
719 672 1159 749 εἰδωλολατρίαν,
1185 675 1375 743 τηρεῖν
1407 672 1515 743 πρὸ
1544 673 1765 725 πάντων

326 763 622 834 λευόμεθα,
654 763 1023 831 φυλάττεσθαι
1058 764 1115 818 δὲ
1140 765 1291 833 ὅμως
1317 764 1410 817 καὶ
1435 764 1504 817 τὰ
1532 764 1694 817 λοιπὰ
1725 764 1905 833 ἁμαρ-

328 857 397 925 τή
407 871 572 926 ματα,
598 853 701 908 κᾶν
725 854 929 924 ἔσχατα
953 855 1219 926 τυγχάνῃ,
1247 854 1348 908 κᾶν
1373 854 1563 924 εὐτελῆ
1588 847 1729 906 εἶναι
1749 854 1904 924 δοκῇ,

2008 575 2242 643 latriam,
2277 579 2573 636 observare
2604 591 2731 638 ante
2757 585 2939 640 omnia
2962 586 3253 657 iubemur;
3309 593 3468 650 simul
3498 603 3582 651 ta-

2009 684 2130 743 men
2162 670 2324 724 etiam
2355 687 2549 728 cavere
2576 674 2783 745 reliqua
2809 688 3050 746 peccata,
3078 686 3429 750 quantumvis
3476 689 3581 743 mi-

2007 760 2151 815 nima
2198 765 2483 831 exsistant,
2513 770 2865 836 quantumvis
2896 770 3036 827 levia
3066 775 3375 844 videantur,
3411 780 3483 836 ita
3526 793 3584 840 ut

2007 852 2322 909 calcaneum
2374 865 2730 927 repulentur;
2763 864 3201 934 quandoquidem
3248 869 3422 927 hostis
3470 874 3583 931 hare

330 944 471 1000 ὥστε
532 946 773 1017 πτέρναν
826 946 1178 1017 νομίζεσθαν
1239 947 1540 1017 ἐπειδήπερ
1596 947 1901 1036 παρατηρεῖ

2007 943 2295 1012 observet,
2322 948 2513 1003 volens
2539 951 2611 1006 ob
2633 967 2970 1023 quaecunque
3002 956 3167 1012 etiam
3196 974 3298 1015 nos
3328 965 3470 1032 apud
3491 965 3582 1036 ju-

330 1038 505 1092 ταῦτα
530 1038 559 1090 ό
590 1036 803 1107 ἐχθρὸς,
842 1036 1147 1092 διαϐάλλειν
1182 1039 1328 1108 ἡμᾶς
1358 1037 1436 1104 τῷ
1471 1038 1650 1109 κριτῇ⁹
1692 1037 1789 1089 καὶ
1819 1035 1908 1089 διὰ

333 1129 443 1181 τῶν
464 1127 736 1197 τυχόντων
766 1127 1110 1198 βουλόμενος.
1142 1128 1350 1181 Οὐκοῦν
1383 1129 1601 1197 οὐ.περ“ι
1630 1132 1740 1179 τῶν
1776 1126 1908 1179 Ἰου-

333 1221 500 1274 δαίων
532 1220 733 1290 μόνων,
764 1220 900 1273 ἀλλὰ
929 1222 1023 1273 καὶ
1057 1219 1184 1291 περὶ
1208 1220 1318 1273 τῶν
1344 1219 1513 1283 ὅντως
1553 1218 1764 1291 ἐχθρῶν
1798 1219 1905 1272 τῶν

330 1308 599 1378 δαιμόνων
650 1307 837 1362 τοῦτον
882 1307 1147 1379 ἁρμόττει
1197 1308 1288 1361 τὸν
1341 1308 1520 1378 στίχον
1570 1308 1906 1377 ἐκλαμϐάνε-

334 1400 456 1452 σθαι
478 1416 494 1430 ·
529 1399 653 1453 καθ’
671 1399 731 1452 ὃν
758 1400 1016 1470 ἁρμόττει
1048 1402 1141 1453 καὶ
1170 1401 1237 1454 τὰ
1265 1400 1391 1471 ἑξῆς
1420 1402 1795 1473 ἐπιφέρεσθαι.

411 1491 607 1546 ιἜθου
643 1491 712 1545 τὰ
744 1492 956 1564 δάκρυὰ
990 1510 1092 1564 μου
1123 1492 1353 1548 ἐνώπιόν
1379 1510 1494 1546 σου.
1524 1511 1543 1545 ι

400 1669 678 1738 Μακάριοι
715 1662 790 1724 ὧν
818 1673 847 1725 ὁ
881 1670 1015 1733 Θεὸς
1067 1670 1138 1724 τὰ
1181 1634 1394 1742 δάκρυα
1438 1671 1681 1741 δέχεται·
1721 1688 1901 1742 παρα-

2005 1036 2181 1092 dicem
2218 1040 2524 1099 traducere.
2562 1041 2748 1113 Itaque
2791 1060 2903 1101 non
2948 1047 3000 1101 in
3044 1048 3262 1107 Judaeos
3291 1055 3454 1121 solos,
3488 1058 3582 1114 sed

2008 1127 2062 1182 in
2108 1129 2361 1187 inimicos
2404 1149 2593 1189 revera
2623 1136 2900 1192 daemones
2926 1133 3231 1198 versiculus
3271 1146 3433 1201 etiam
3480 1148 3581 1204 iste

2005 1222 2276 1289 quadrare
2306 1226 2583 1292 putandus
2620 1237 2737 1294 est;
2797 1231 2884 1284 cui
2941 1246 3244 1290 consonum
3298 1240 3582 1309 sequentia

2005 1322 2223 1378 quoque
2252 1311 2531 1385 subjungi.

2074 1487 2235 1543 Vnus.
2270 1491 2323 1545 9.
2372 1512 2389 1544 ι
2426 1492 2661 1552 Posuisti
2705 1499 2969 1572 lacrymas
3015 1520 3162 1562 meas
3194 1509 3249 1563 in
3284 1524 3580 1583 conspectu

2004 1584 2117 1630 tuo.
2147 1596 2166 1629 ι

2075 1669 2224 1725 Beati
2276 1690 2506 1743 quorum
2543 1679 2810 1752 laerymas
2838 1685 2981 1741 Deus
3019 1690 3256 1747 admittit
3286 1712 3299 1747 :
3329 1698 3581 1754 consola—

330 1759 486 1813 καλεῖ
512 1759 620 1831 γὰρ
648 1761 829 1814 αὐτῶν
859 1762 929 1814 τὰ
964 1761 1134 1834 πάθη,
1166 1762 1419 1832 καθάπερ
1447 1763 1535 1815 διὰ
1560 1763 1656 1832 τῆς
1692 1763 1900 1861 οἰκείας

2006 1770 2095 1816 tur
2121 1765 2268 1820 enim
2294 1784 2481 1825 eorum
2515 1776 2817 1845 passiones,
2843 1785 3300 1849 quemadmodum
3334 1804 3432 1858 per
3454 1807 3582 1861 pro-

331 1849 666 1919 ἐπαγγελίας
693 1853 981 1922 ὑπέσχετο.
1019 1831 1116 1915 Τίς
1158 1852 1215 1905 δὲ
1265 1855 1299 1923 ἡ
1332 1831 1632 1923 ἐπαγγελία
1646 1870 1667 1920 ,;
1702 1852 1901 1907 Μακά-

2008 1853 2181 1921 priam
2211 1831 2630 1926 promissionem
2653 1831 2927 1936 pollicit‘us
2955 1870 3074 1928 fuit.
3102 1873 3234 1939 Quae
3259 1831 3441 1933 aulem
3454 1831 3581 1936 lucc

323 1958 443 2010 ριοι
472 1944 528 1995 οι
552 1942 943 2008 πενθοῦντες,
994 1942 1082 1997 ὅτι
1112 1943 1284 1997 αὐτοὶ
1312 1942 1901 2012 παρακληθήσονται.

804 2146 839 2161 ο
898 2104 1192 2159 ΨΑΛΜΟΣ
1220 2104 1335 2159 EA’.

409 2213 428 2247 ι
456 2195 786 2267 Εὐλογήσεις
814 2196 904 2250 τὸν
933 2197 1196 2267 στέφανον
1223 2196 1319 2250 τοῦ
1359 2196 1625 2251 ἐνιαυτοῦ.
1659 2216 1676 2249 ι

403 2288 603 2342 Ίστέον
631 2288 707 2355 δὲ,
744 2287 819 2351 ὥς
846 2305 991 2353 τινες
1019 2288 1126 2344 τῶν
1158 2288 1521 2361 συγγραφέων
1555 2288 1695 2358 μετὰ
1722 2288 1817 2359 τὴν
1845 2289 1908 2341 ἐκ

334 2379 651 2444 Βαϐυλῶνος
701 2381 960 2434 ἐπάνοδον
1009 2382 1301 2453 εὐετηρίαν
1342 2381 1552 2449 ἔφασαν
1600 2382 1903 2451 γεγονέναι,

284 2466 299 2477 “
334 2472 428 2524 καὶ
457 2471 658 2540 πλῆθος
680 2472 927 2545 ὄμϐρων,
954 2474 1052 2527 καὶ
1081 2475 1247 2528 πολὺν
1273 2473 1463 2545 ῥεῦσαι
1486 2474 1578 2526 τὸν
1614 2474 1904 2544 Ἰορδάνην,

333 2564 391 2616 δν
420 2562 627 2630 ἔφασαν
653 2564 907 2634 εἰρῆσθαι
934 2564 1029 2617 τοῦ
1057 2564 1191 2618 Θεοῦ
1222 2565 1466 2635 ποταμόν
1486 2581 1500 2596 ο
1538 2565 1714 2618 καίτοι
1745 2581 1906 2632 γεγο-

335 2654 503 2707 νότων
541 2655 598 2708 ὲν
640 2654 870 2725 πλείστῃ
913 2655 1096 2727 πενίᾳ,
1125 2655 1379 2726 καθάπερ
1405 2655 1635 2726 Ἔσδρας
1677 2654 1905 2719 ἐδίδαξε,

2007 1948 2341 2014 promissio?
2372 1951 2527 2009 Beati
2556 1959 2650 2035 qui
2675 1958 2851 2030 lugent
2874 2004 2888 2028 ,
2924 1967 3173 2034 quoniam
3216 1970 3319 2038 ipsi
3345 1973 3583 2027 consola-

2008 2037 2198 2089 buntur
2212 2038 2278 2094 ³⁷.

2531 2116 2846 2177 PSAIMUS
2886 2124 3067 2180 LXIV.

2004 2264 2005 2267 η
2081 2202 2238 2257 Vens.
2274 2204 2361 2267 l2.»
2404 2226 2424 2258 ι
2457 2207 2751 2266 Benedices
2780 2232 2993 2273 coronae
3020 2222 3170 2276 anni.
3208 2242 3225 2274 ι

2080 2292 2250 2351 Porro
2293 2299 2613 2365 sciendum,
2659 2310 2933 2375 quomodo
2988 2318 3232 2372 nonnulli
3289 2323 3582 2392 scriptorcs

2009 2394 2133 2453 post
2162 2387 2394 2443 reditum
2445 2407 2476 2447 e
2523 2393 2792 2466 Babylone
2824 2417 3048 2460 narrent
3086 2408 3423 2468 uberrimum
3452 2418 3580 2473 anni

2008 2487 2335 2545 proventum
2389 2484 2689 2549 exstitisse,
2736 2501 2791 2546 et
2851 2495 3196 2557 abundantes
3253 2501 3480 2572 imbres,
3527 2519 3582 2563 et

2009 2581 2259 2637 magnam
2295 2570 2546 2629 Jordanis
2573 2578 3006 2655 inundationem,
3038 2606 3199 2660 quem
3239 2593 3334 2650 Dei
3379 2570 3579 2655 ﬂumen

2010 2660 2191 2713 vocari
2247 2665 2587 2722 tradiderunt
2633 2689 2645 2723 :
2693 2686 3067 2735 verumtamen
3112 2699 3234 2741 cum
3283 2687 3338 2742 in
3385 2705 3581 2761 magna
3622 2668 3634 2679 .

335 2746 429 2797 καὶ
466 2746 563 2815 τῆς
596 2745 704 2799 τῶν
735 2744 905 2798 ἐθνῶν
939 2745 1184 2814 κλήσεως
1213 2744 1550 2815 ἀπαιτούσης
1574 2787 1588 2810 ,
1636 2744 1901 2799 ἀκόλουθα

337 2835 397 2855 -1
432 2836 505 2855 .-ν
536 2854 539 2855 ,
571 2836 582 2855 ,
638 2836 719 2855 η-
756 2836 877 2855 ...κγ
943 2836 965 2845 -
1026 2837 1085 2855 ι..
1128 2836 1174 2855 μ
1216 2836 1451 2855 Ὕλα-κ
1687 2835 1768 2855 ιη
1798 2836 1842 2855 κη

2010 2750 2241 2817 penuria
2270 2758 2469 2811 versati
2504 2758 2728 2826 fuerint,
2765 2768 2840 2819 uti
2872 2767 3070 2827 Esdras
3119 2775 3322 2843 docuit,
3354 2744 3408 2835 et
3451 2744 3582 2855 grn-

332 2835 402 2889 τὰ
432 2836 595 2889 λοιπὰ
630 2836 722 2889 τοῦ
752 2836 991 2906 ψαλμοῦ.
1024 2837 1089 2889 υἱ
1123 2836 1179 2888 δὲ
1212 2836 1454 2906 μυθικῶς
1485 2852 1649 2904 φασιν
1685 2835 1901 2890 ἔσεσθαι

2012 2837 2147 2892 tium
2174 2843 2382 2897 vocatio
2413 2860 2710 2917 appeteret,
2745 2855 2873 2917 huic
2910 2860 3115 2932 reliqua
3144 2835 3357 2939 quoque
3387 2835 3579 2940 psalmi

332 2928 507 2984 ταῦτα
543 2929 679 2998 μετὰ
713 2930 811 2999 τὴν
847 2928 1118 2981 Ἰουδαίων
1143 2929 1200 2981 ὲν
1229 2929 1479 2998 ἐσχάτοις
1510 2927 1808 3000 ἀνάκλησιν
1830 2930 1908 2985 oi-

338 3018 680 3089 κοδομηθησο
688 3017 854 3088 μένης
882 3018 980 3087 τῆς
1016 3016 1391 3087 Ἰερουσαλήμ.

893 3239 1184 3291 ΨΑΛΜυΣ
1219 3240 1338 3293 EE’.

412 3348 429 3380 ι
461 3329 662 3382 Εἴπατε
688 3328 766 3399 τῷ
795 3328 944 3399 Θεῷ·
977 3330 1064 3393 Ὠς
1093 3329 1319 3399 φοϐερά.
1343 3348 1364 3383 ι

402 3422 560 3477 Οὕτω
611 3424 721 3496 γὰρ
767 3425 844 3492 τῷ
892 3425 1114 3494 μεγέθει
1155 3425 1263 3479 τῶν
1315 3426 1444 3496 περὶ
1476 3426 1571 3480 σοῦ
1602 3428 1902 3499 γινομένων

331 3514 727 3585 περιϐλέπτους
773 3517 1069 3585 ἀποφανεῖς
1113 3517 1240 3582 τούς
1282 3535 1364 3571 σοι
1399 3520 1795 3588 προσήκοντας,
1825 3519 1901 3583 ὡς

330 3605 562 3667 πολλοὺς
582 3605 679 3659 καὶ
707 3605 817 3658 τῶν
848 3608 1104 3661 ἐναντίων
1128 3609 1517 3678 ὑποκρίνεσθαι
1538 3609 1899 3680 ψευδομένους

328 3697 425 3767 τὴν
459 3695 558 3767 σὴν
603 3696 875 3751 δουλείαν·
907 3698 1066 3752 τοῦτο
1094 3697 1151 3751 δὲ
1179 3698 1423 3767 γέγονεν,
1457 3701 1546 3754 ὅτε
1594 3702 1690 3754 καὶ
1740 3718 1900 3772 περι-

329 3788 600 3858 τμηθῆναι
632 3788 819 3841 πολλοὶ
846 3789 957 3843 τῶν
984 3791 1242 3843 ἐναντίων
1276 3790 1583 3861 ἠνέσχοντο,
1610 3793 1897 3864 ὐποκρινό-

332 3896 484 3949 μενοι
500 3881 590 3933 τὸν
633 3881 982 3952 Ἰουδαῖσμόν.
1025 3884 1132 3935 Καὶ
1157 3883 1344 3937 τούτου
1371 3884 1901 3955 μάρτυςἸώσηππος

325 3975 387 4026 ἐν
411 3976 475 4044 τῇ
512 3980 579 4027 ια’
608 3973 709 4044 τῆς
755 3976 1223 4046 Ἀρχαιολογίας,
1276 3976 1346 4031 τὰ
1401 3976 1543 4031 κατὰ
1570 3978 1663 4032 τὸν
1692 3977 1902 4049 Μαρδο-

326 4068 476 4136 χαῖον
505 4066 885 4138 διηγούμενος,
921 4070 1018 4122 καὶ¹
1044 4068 1219 4137 λέγων
1248 4069 1423 4133 οὕτως
1441 4088 1453 4100 ·
1476 4072 1538 4125 Oi
1572 4070 1671 4141 μὲν
1698 4067 1790 4125 οὖν
1820 4074 1902 4125 ίπ·

325 4159 448 4219 πεῖς
481 4160 529 4210 οἱ
556 4158 654 4223 τὰς
683 4160 970 4224 ἐπιστολὰς
1003 4161 1434 4231 διακομίζοντες,
1472 4162 1635 4227 εὐθὺς
1665 4163 1899 4236 ἐξορμή-

327 4265 536 4314 σαντες,
552 4252 649 4321 τὴν
669 4253 1039 4323 προκειμένην
1058 4252 1176 4305 ὁδὸν
1192 4253 1353 4323 ῆνυον
1371 4267 1385 4281 °
1402 4255 1430 4306 ὁ
1453 4253 1508 4305 δὲ
1529 4253 1896 4326 Μαρδοχαῖος,

322 4339 611 4393 ἀναλαϐὼν
629 4341 729 4410 τὴν
751 4340 1037 4412 βασιλικὴν
1062 4342 1277 4413 στολὴν,
1295 4343 1387 4397 καὶ
1409 4344 1500 4398 τὸν
1522 4346 1784 4414 στέφανον
1806 4346 1899 4400 τὸν

320 4430 578 4499 χρυσοῦν,
611 4435 706 4484 καὶ
743 4432 835 4484 τὸν
875 4433 1140 4503 στρεπτὸν
1174 4433 1552 4504 περιθέμενος,
1589 4437 1893 4507 προῆλθεν·

2009 2937 2464 2991 accommodanda
2516 2950 2663 2997 sunt.
2706 2945 2974 3006 Caeterum
3026 2965 3153 3010 sunt
3202 2937 3295 3029 qui
3334 2937 3580 3022 fabulose

2009 3022 2195 3079 dicant
2244 3027 2359 3085 fore
2399 3045 2520 3102 post
2546 3035 2661 3094 haec
2685 3038 2994 3098 Iudaeorum
3033 3050 3134 3103 sub
3171 3063 3407 3111 extrema
3439 3066 3576 3113 tem-

2012 3130 2140 3182 pora
2166 3114 2567 3182 revocationcm
2598 3138 2655 3184 et
2690 3131 3073 3207 llicrosolynue
3104 3141 3571 3209 instaurationem.

2538 3237 2851 3300 I‘SALMUS
2889 3245 3047 3303 LXV.

2074 3315 2236 3373 Vens.
2272 3322 2326 3376 5.
2374 3343 2392 3371 ι
2424 3324 2593 3384 Dicite
2622 3330 2731 3387 Deo
2765 3354 2777 3387 :
2814 3335 2986 3403 Quam
3023 3344 3304 3401 terribilia.
3337 3368 3356 3400 ι

2073 3408 2223 3467 Adeo
2264 3416 2408 3472 enim
2438 3424 2814 3494 magnitudine
2843 3447 3025 3487 rerum
3061 3451 3091 3490 a
3123 3447 3174 3492 te
3203 3450 3474 3512 gestarum
3511 3447 3575 3502 il—

2004 3497 2202 3598 lustres
2230 3506 2510 3567 reddidisti
2544 3529 2636 3573 eos
2667 3520 2757 3588 qui
2791 3531 2841 3577 te
2871 3497 3292 3598 contingebant,
3322 3546 3381 3591 ut
3414 3541 3571 3595 multi

2002 3590 2164 3646 etiam
2217 3597 2648 3661 adversariorum
2695 3610 3017 3671 simularent
3061 3629 3207 3675 tuam
3257 3628 3571 3687 servitutem

2004 3686 2333 3747 mentientes
2367 3710 2380 3747 :
2418 3694 2521 3752 hoc
2564 3709 2746 3756 autem
2798 3708 3058 3778 contigit,
3086 3716 3305 3782 quando
3354 3720 3570 3788 plurimi

2002 3774 2438 3839 adversariorum
2462 3802 2521 3842 se
2545 3790 2860 3851 circumcidi
2889 3801 3034 3867 passi
3062 3814 3210 3871 sunt,
3232 3774 3568 3868 Judaismum

2001 3864 2338 3970 simulantes.
2369 3875 2546 3946 Atque
2580 3881 2743 3952 hujus
2776 3888 2851 3942 rei
2889 3864 3042 3945 testis
3084 3904 3168 3949 est
3198 3864 3571 3970 ξιοεριήιυεῖἱζ

2001 3955 2100 4011 bro
2146 3962 2435 4022 undecimo
2468 3970 2875 4046 Autiquitatum,
2906 3978 3227 4042 Mardoehmi
3260 3955 3377 4048 acta
3419 4009 3569 4050 com-

2002 4063 2331 4121 memorans,
2364 4066 2418 4112 et
2444 4060 2632 4119 dicens
2682 4066 2736 4120 in
2786 4069 2934 4127 hunc
2982 4076 3201 4133 modum
3236 4098 3250 4134 :
3290 4081 3568 4143 Vercdarii

2002 4141 2207 4212 itaque,
2238 4150 2329 4218 qui
2375 4152 2471 4208 has
2506 4157 2765 4226 epistolas
2798 4163 3134 4235 deferebant,
3175 4172 3320 4230 illico
3349 4141 3569 4248 profici;

2001 4244 2238 4303 scentes,
2264 4245 2601 4312 propositum
2633 4251 2738 4306 iter
2766 4255 3154 4328 confecerunt;
3200 4244 3569 4329 Mardoclueus

2001 4340 2152 4393 vero,
2183 4344 2467 4389 assumens
2494 4339 2684 4394 stolam
2725 4345 2925 4416 regiam
2954 4358 3011 4403 et
3034 4364 3288 4409 coronam
3320 4373 3564 4425 auream.

2000 4434 2063 4473 ac
2098 4429 2343 4492 torquem
2366 4426 2814 4500 circumponens,
2846 4442 3114 4506 processit
3151 4461 3165 4497 :
3202 4447 3449 4506 videntes
3473 4467 3570 4507 au-

325 4519 526 4582 ἱδόντες
557 4520 614 4571 δὲ
643 4520 804 4573 αὐτὸν
830 4520 973 4575 οὕτω
992 4524 1354 4594 τετιμημένον
1382 4525 1487 4578 ὐπὸ
1511 4525 1607 4579 τοῦ
1632 4527 1896 4598 βασιλέως

2004 4520 2106 4566 tem
2137 4512 2312 4583 ipsum
2344 4519 2480 4575 adeo
2514 4522 2838 4584 honoratum
2868 4546 2899 4585 a
2932 4547 3055 4605 rege
3096 4536 3149 4591 hi
3198 4540 3289 4608 qui
3320 4541 3372 4596 in
3413 4543 3566 4601 Susis

323 4608 373 4659 οἱ
414 4609 471 4660 ἐν
521 4607 742 4672 Σούσοις
787 4609 940 4670 ὅντες
967 4612 1229 4678 Ἰουδαῖοι,
1262 4616 1446 4686 κοινὴν
1495 4617 1762 4671 ὑπέλαϐον
1796 4619 1893 4689 τὴν

2004 4614 2153 4659 erant
2193 4608 2386 4678 Judaei,
2421 4611 2736 4673 felicitatem
2772 4636 2891 4677 eam
2921 4624 3025 4680 sibi
3074 4607 3418 4689 communem
3445 4652 3567 4692 esse

324 4696 649 4768 εὐπραγίαν.
679 4699 869 4767 Χαρὰν
892 4700 949 4753 δὲ
976 4703 1071 4755 καὶ
1094 4705 1362 4776 σωτήριον
1385 4707 1585 4776 φέγγος
1614 4710 1896 4780 ἐκτιθεμέ-

2004 4695 2238 4752 arbitrati
2269 4711 2416 4757 sunt.
2444 4704 2642 4777 lugens
2666 4720 2926 4799 prmterea
2953 4717 3230 4788 gaudium,
3249 4726 3401 4794 quasi
3426 4732 3565 4783 nova
3613 4754 3619 4769 κ

320 4804 430 4842 νων
463 4790 570 4843 τῶν
608 4789 701 4843 τοῦ
740 4790 1004 4861 βασιλέως
1032 4797 1397 4864 γραμμάτων,
1433 4799 1527 4851 καὶ
1577 4800 1704 4863 τοὺς
1752 4801 1894 4854 κατᾶ

2004 4786 2181 4844 salutis
2207 4790 2328 4846 luce
2351 4793 2564 4862 oborta,
2581 4800 2710 4855 dum
2737 4792 2896 4875 regiae
2925 4807 3119 4866 litterae
3149 4786 3562 4885 exhiberentur,

321 4882 479 4935 πόλιν
506 4882 617 4936 τῶν
650 4884 921 4938 Ἰουδαίων
952 4886 1045 4938 καὶ
1073 4886 1199 4949 τοὺς
1228 4889 1369 4942 κατὰ
1392 4889 1577 4961 χώραν
1609 4892 1887 4963 κατέσχον⁸

320 4972 394 5033 ὡς
416 4972 587 5027 πολλὰ
610 4975 705 5028 καὶ
728 4973 837 5028 τῶν
856 4974 1032 5030 ἄλλων
1051 4976 1221 5030 ἐθνῶν
1242 4978 1467 5051 empty]
1489 4981 1598 5033 τῶν
1624 4983 1892 5038 Ἰουδαίων

320 5062 483 5129 φόϐον
512 5066 951 5136 περιτεμνόμενα
980 5067 1080 5139 τὴν
1106 5067 1262 5133 αίδὼ,
1304 5069 1365 5122 τὸ
1398 5070 1680 5126 ἀκίνδυνον
1708 5073 1892 5137 αὐτοῖς

320 5150 383 5203 ἐκ
409 5155 596 5207 τούτου
624 5159 1148 5229 πραγματευόμενα.

398 5244 544 5297 ιὌτι
574 5248 902 5317 ἐδοκίμασας
938 5252 1106 5321 ἡμᾶς,
1136 5254 1164 5305 ὁ
1192 5251 1342 5317 Θεὸς.
1376 5271 1394 5304 ι

392 5334 682 5407 Βουληθεὶς
710 5341 821 5409 γὰρ
854 5342 987 5395 πᾶσι
1008 5342 1182 5409 δεῖξαι
1209 5345 1271 5397 τὸ
1301 5346 1399 5413 τῆς
1432 5344 1590 5413 ἡμῶν
1610 5346 1890 5412 εὐσεϐείας

318 5425 624 5496 meeum,
659 5429 833 5482 ταῦτα
860 5432 1051 5487 παθεῖν
1091 5434 1501 5507 συνεχώρησας.

872 5544 1160 5599 nano:
1190 5548 1326 5615 Ξςι.

393 5647 412 5682 ι
436 5629 495 5683 Ὀ
528 5629 660 5694 Θεὸς
684 5633 1027 5706 οίκτειρήσαι
1058 5639 1224 5707 ἡμᾶς.
1260 5659 1278 5691 ι

386 5784 431 5817 ⁴⁶
461 5784 597 5842 Gen.
637 5804 715 5851 In,
748 5788 833 5842 15.
911 5791 954 5820 ⁸⁷
982 5790 1175 5847 Matth.
1204 5809 1258 5858 ι’,
1282 5795 1337 5850 5.

677 5883 943 5946 I‘A'rnoL.
988 5886 1105 5948 (in.
1152 5888 1363 5951 XCIII.

1992 4874 2208 4933 Iudaeos
2253 4897 2464 4952 omnes,
2496 4898 2762 4961 quotquot
2808 4874 2893 4952 vel
2944 4900 3133 4957 urbem
3158 4905 3242 4960 vel
3288 4909 3565 4978 regionem

1999 4966 2336 5034 incolebant,
2369 4982 2690 5048 occupavit;
2725 4983 2798 5039 ita
2846 4996 2907 5043 ut
2956 4992 3111 5047 multi
3159 4966 3389 5052 aliarum
3437 5014 3566 5069 gen-

2000 5059 2136 5114 tium
2167 5072 2315 5117 metu
2358 5081 2548 5123 eorum
2579 5072 3035 5137 circumeidentes
3071 5087 3325 5152 verenda,
3359 5090 3563 5143 securi-

1999 5158 2162 5207 tatem
2200 5154 2303 5210 sibi
2331 5157 2433 5213 hoc
2459 5171 2614 5228 pacto
2644 5180 2970 5235 quaererent.

2069 5243 2230 5299 Vens.
2266 5246 2350 5301 i0.
2398 5268 2417 5301 ι
2450 5250 2716 5318 Quoniam
2758 5262 2999 5328 probasti
3023 5280 3143 5332 nos,
3182 5265 3340 5322 Deus.
3365 5287 3384 5318 ι

2067 5334 2204 5393 Cum
2252 5340 2397 5395 enim
2441 5346 2695 5402 omnibus
2742 5351 3017 5422 religionis
3051 5366 3252 5412 nostra;
3278 5359 3565 5416 sincerita-

2000 5438 2105 5493 tem
2147 5432 2523 5492 demonstrare
2563 5441 2748 5506 velles,
2779 5443 2894 5499 haec
2924 5462 3022 5502 nos
3045 5449 3153 5518 pati
3194 5452 3506 5520 permisisti.

2508 5554 2829 5613 PSALMUS
2869 5556 3048 5616 LXVI.

2072 5641 2230 5697 \‘Ens.
2262 5646 2314 5699 2.
2366 5666 2383 5697 ι
2413 5648 2555 5702 Deus
2586 5649 2908 5705 miSereatur
2935 5655 3123 5709 nostri.
3154 5674 3171 5706 ι

3135 5928 3207 5988 39
