4044 6228
429 348 563 415 1227

1605 344 1967 407 HESYCHII
2012 344 2485 410 PRESBYTER]

3557 356 3693 425 1228

496 469 628 523 Eam
680 476 840 535 quam
892 469 1237 533 prtenoverat
1262 460 1561 517 Salvatoris
1605 462 1994 533 apparitionem

2183 465 2288 518 'Hv
2318 466 2572 537 προέγνω
2603 464 2700 521 τοῦ
2735 466 2990 540 Σωτῆρος
3017 468 3342 539 ἐπιφάνειαν
3380 472 3529 528 αίτεϊ
3558 476 3692 531 θᾶτ-

426 558 562 629 petit
588 555 700 611 cito
725 554 859 615 ﬁeri,
882 563 943 609 ut
971 552 1409 609 benedictionem
1438 568 1506 610 ex
1535 553 1651 624 ipsa
1684 552 2003 609 referamus.

424 652 664 721 Apparet
706 654 888 701 autem
919 645 1101 701 vultus
1131 642 1382 699 omnium
1404 642 1750 712 Conditoris,
1783 647 1877 716 qui
1916 659 2007 701 re-

422 742 537 813 plet
576 755 680 795 nos
715 737 1102 794 benedictione
1135 750 1199 791 ac
1224 736 1713 805 miserationibus,
1744 738 1875 794 dum
1904 753 2007 810 ap-

422 844 579 907 paret
622 832 784 889 nobis
826 832 999 904 ﬁgura
1048 832 1369 887 substantias
1396 831 1538 902 ejus,
1568 840 1623 887 et
1665 833 2005 888 demonsth

422 926 782 997 semetipsum
807 925 876 981 iis
904 922 999 994 qui
1030 922 1177 994 digni
1203 932 1335 980 sunt
1362 943 1377 979 :
1408 940 1535 981 eum
1559 926 1705 981 enim
1738 926 1908 997 ﬁgura
1933 926 2004 982 sit

423 1018 519 1076 Dei
572 1017 885 1083 invisibilis,
915 1016 1011 1087 qui
1055 1024 1241 1072 mente
1271 1026 1406 1088 pura
1439 1018 1508 1073 ad
1544 1018 1723 1089 ipsum
1767 1018 1999 1085 accedit,

420 1112 469 1167 is
495 1111 639 1168 videt
672 1109 906 1165 Patrem.
939 1106 1043 1173 Qui
1066 1107 1238 1173 enim,
1271 1109 1469 1180 inquit,
1498 1109 1637 1164 uidet
1660 1126 1761 1175 me,
1789 1109 1924 1165 videt
1943 1117 2001 1164 et

421 1201 716 1257 Patrem“.
763 1200 921 1255 Tunc
972 1196 1253 1255 beneﬁciis
1305 1200 1549 1257 affectos.
1576 1201 1886 1265 miseretur,
1934 1215 2001 1257 ac

418 1294 693 1349 Benedicit
740 1294 881 1347 omni
926 1290 1279 1346 benedictione
1315 1293 1588 1362 spirituali
1620 1293 1676 1347 in
1709 1291 2000 1348 eiulatibus

419 1387 476 1441 in
501 1385 709 1442 Christo
735 1386 855 1441 Iesu
873 1386 936 1443 ".

490 1568 568 1622 Te
593 1566 738 1621 enim
764 1565 970 1619 vultum
1003 1565 1367 1625 illuminante,
1387 1564 1738 1635 cognoscitur
1766 1565 1849 1619 via
1875 1579 1993 1633 quae

419 1659 568 1714 ducit
597 1656 665 1712 ad
688 1657 924 1721 Patrem,
959 1672 1082 1712 cum
1116 1657 1264 1711 dicat
1288 1673 1300 1709 :
1328 1656 1438 1728 Ego
1470 1672 1586 1711 sum
1614 1657 1702 1710 via
1729 1665 1818 1710 :et
1843 1673 1991 1711 nemo

417 1751 556 1807 uenit
587 1750 657 1805 ad
680 1749 920 1815 Patrem,
945 1750 1047 1803 nisi
1071 1765 1163 1817 per
1191 1765 1272 1802 me
1286 1749 1357 1801 ⁸⁸.
1386 1747 1534 1803 Idem
1562 1748 1725 1803 etiam
1753 1749 1992 1803 salutare

417 1842 523 1896 erit
571 1841 625 1895 in
662 1840 919 1895 omnibus
952 1839 1228 1912 gentibus,
1260 1854 1384 1894 cum
1410 1838 1693 1909 impletum
1723 1839 1887 1894 fuerit
1930 1839 1996 1894 il—

415 1932 510 1987 lud
536 1950 550 1986 :
578 1931 776 1985 Videbit
810 1931 978 1985 omnis
1007 1948 1130 1986 caro
1160 1930 1400 1989 salutare
1430 1929 1606 1985 Dei".
1630 1931 1839 1985 Dixeris
1858 1946 1995 2001 quo-

413 2038 520 2093 que
567 2023 710 2077 viam
761 2037 881 2077 esse
932 2031 1202 2093 praecepta
1252 2023 1402 2092 ejus,
1432 2022 1587 2092 juxta
1638 2021 1994 2077 illud:Vium

412 2114 790 2168 mandatorum
821 2121 1032 2167 tuorum
1064 2114 1272 2169 cucurri
1285 2113 1330 2146 “
1354 2129 1370 2179 ;
1399 2121 1455 2167 et
1482 2096 1887 2182 consequenter
1906 2128 1996 2167 sa-

412 2205 601 2270 lutem,
634 2219 797 2275 quam
833 2204 984 2258 venit
1026 2203 1311 2270 exhibere,
1352 2211 1413 2258 ut
1463 2211 1553 2258 tua
1598 2203 1654 2259 in
1702 2218 1804 2259 nos
1849 2204 1994 2260 salus

410 2296 666 2351 omnibus
704 2295 798 2350 liat
825 2293 1139 2349 manifesta.

923 2472 1240 2530 PSALMUS
1275 2473 1483 2533 LXVII.

480 2570 644 2626 Vens.
680 2570 735 2625 5.
784 2584 803 2620 ι
832 2567 987 2623 Sicut
1021 2566 1208 2622 deficit
1232 2566 1433 2622 fumus.
1460 2586 1479 2619 ι

481 2659 678 2714 Facilis
712 2665 797 2713 est
826 2664 1173 2728 peccatorum
1201 2656 1406 2727 lapsus,
1437 2657 1654 2712 tametsi
1704 2657 1809 2713 sibi
1858 2657 1992 2729 ipsis

404 2751 748 2807 conﬁdentes
784 2750 1093 2805 videantur.
1131 2748 1274 2813 Quid
1305 2748 1451 2803 enim
1502 2748 1651 2805 fumo
1697 2758 1757 2805 ut
1792 2751 1991 2807 dissol-

412 2854 570 2901 vatur
607 2842 910 2899 curiosius?
953 2842 1083 2914 quid
1137 2841 1267 2896 item
1316 2854 1462 2907 cera,
1509 2841 1730 2911 quando
1763 2857 1794 2897 a
1824 2846 1989 2898 vehe-

410 2936 578 2991 menti
612 2934 736 3006 igne
770 2932 987 2989 calefit?
1032 2932 1194 2987 IIisce
1238 2932 1402 2986 rebus
1432 2931 1703 3003 Propheta
1732 2943 1988 3005 peccato-

412 3044 499 3083 res
527 3025 862 3096 comparavit
897 3043 912 3080 :
944 3025 1164 3095 quando
1206 3024 1351 3078 enim
1398 3021 1538 3094 ignis
1568 3025 1834 3096 gehennae
1863 3041 1990 3081 suc-

2106 569 2199 608 τον
2224 553 2499 622 γενέσθαι,
2531 555 2634 627 τὴν
2660 557 2727 610 ὲκ
2756 557 2963 629 ταύτης
2989 559 3142 623 ὅπως
3186 559 3442 630 εὐλογίαν
3477 566 3695 638 τρυγή.

2107 653 2313 709 σωμεν.
2330 640 2709 711 Ἐπιφαίντται
2734 644 2791 697 δὲ
2818 644 2881 699 τὸ
2907 646 3200 717 πρόσωπον
3219 652 3315 703 τοῦ
3339 651 3560 705 πάντων
3583 656 3693 727 Δη-

2106 728 2393 799 μιουργοῦ,
2421 730 2484 785 τὸ
2508 730 2752 802 πληροῦν
2778 734 2927 804 ἡμᾶς
2957 735 3211 806 εὐλογίας
3235 739 3333 793 καὶ
3357 740 3687 814 οἰκτιρμῶν,

2103 819 2462 888 ἐπιφανέντος
2508 826 2644 895 ἡμῖν
2675 825 2772 879 τοῦ
2803 827 3155 898 χαρακτῆρος
3180 830 3282 900 τῆς
3331 830 3684 899 ὑποστάσεως

2101 910 2290 978 αὐτοῦ,
2325 914 2421 968 καὶ
2454 914 2853 985 ἐμφανίσαντος
2899 917 3098 972 ἑαυτὸν
3145 921 3260 984 τοῖς
3302 917 3477 985 ἀξίοις
3497 934 3512 951 ⁶
3558 925 3688 977 ἐπεὶ

2100 1002 2209 1074 γὰρ
2242 1004 2407 1058 εἰκών
2439 1006 2558 1060 ἔστι
2589 1006 2686 1060 τοῦ
2714 1007 2850 1062 Θεοῦ
2882 1008 2979 1064 τοῦ
3009 1010 3268 1081 ἀοράτου,
3296 1014 3326 1066 ὁ
3350 1013 3428 1084 νῷ
3455 1013 3686 1085 καθαρῷ

2099 1094 2426 1165 προσὸαλὼν
2457 1096 2627 1169 αὐτῷ,
2655 1101 2760 1171 ὁρᾷ
2789 1100 2880 1154 τὸν
2914 1102 3158 1174 Πατέρα.
3176 1103 3230 1157 '0
3246 1103 3351 1174 ἐμὲ
3376 1104 3694 1179 γὰρ,φησὶν,

2097 1188 2368 1259 ἑωρακὼς
2387 1229 2403 1257 ,
2429 1191 2650 1261 ἑώρακε
2679 1195 2789 1250 τὸν
2819 1196 3072 1266 Πατέρα.
3107 1198 3244 1252 Τότε
3279 1200 3413 1263 τοὺς
3452 1200 3684 1270 εὐεργε-

2096 1283 2394 1353 τουμένους
2434 1285 2731 1357 οἰκτείραι,
2779 1289 2876 1341 καὶ
2923 1288 3177 1358 Εὐλοβί
3224 1288 3393 1358 πάσῃ
3435 1291 3685 1360 εὐλογία

2097 1373 2471 1445 πνευματικῇ
2513 1377 2585 1432 ἐν
2625 1378 2752 1446 τοῖς
2799 1378 3178 1449 ἐπουρανίοις
3212 1381 3283 1435 ἐν
3307 1380 3541 1450 Χριστῷ
3578 1383 3685 1450 Ἰηο

2096 1477 2236 1518 σου.

2164 1554 2559 1626 Ἐπιφάναντος
2593 1559 2703 1631 γάρ
2735 1577 2830 1614 σου
2861 1561 2923 1615 τὸ
2948 1562 3265 1633 πρόσωπον,
3286 1562 3617 1631 γινώσκεται
3637 1564 3675 1636 ἡ

2094 1643 2269 1715 ὀδὺςή
2304 1648 2441 1717 πρὸς
2487 1651 2544 1704 σὲ
2592 1651 2801 1719 ἄγουσα
2847 1652 2938 1706 τὸν
2969 1654 3215 1725 Πατέρα,
3244 1656 3274 1709 ὁ
3309 1654 3483 1709 simini
3503 1674 3518 1688 ·
3540 1656 3679 1725 Ὲτιώ

2092 1737 2210 1803 εἰμι
2249 1735 2286 1804 ὴ
2307 1736 2447 1803 ὁδός
2465 1755 2481 1772 ο
2510 1741 2607 1794 καὶ
2639 1741 2842 1809 οὐδεὶς
2861 1743 3097 1812 ἔρχεται
3124 1743 3275 1812 πρὸς
3304 1746 3412 1799 τὸν
3425 1745 3677 1815 Πατέρα,

2023 1804 2069 1862 Β
2094 1827 2148 1878 εί
2187 1826 2274 1895 μὴ
2316 1829 2392 1882 δι’
2410 1830 2656 1900 ἐμοῦῧο
2700 1831 2757 1887 δὲ
3003 1804 3282 1890 ἐσταινκαῑὶ
3321 1804 3592 1910 σωτήριον
3618 1804 3679 1894 ὲν

2096 1918 2262 1972 πᾶσιν
2287 1920 2490 1987 ἔθνεσι,
2523 1924 2903 1994 πληρωθέντος
2922 1927 3303 1997 τοῦ,ὀψεται
3333 1930 3503 1986 πᾶσα
3520 1933 3676 1999 σὰρξ

2097 2007 2164 2062 τό
2218 2011 2518 2081 σωτήριον
2559 2015 2666 2069 τοῦ
2705 2017 2875 2071 Θεοῦ.
2920 2019 3114 2087 Λέγοις
3143 2020 3188 2072 δ’
3211 2020 3278 2086 ἂν
3310 2022 3428 2075 ὁδὸν
3458 2023 3554 2076 καὶ
3579 2022 3680 2088 τὰς

2095 2099 2319 2165 ἐντολὰς
2347 2103 2538 2169 αὑτοῦ,
2569 2105 2711 2159 κατὰ
2737 2107 2800 2161 τό
2820 2124 2835 2139 ο
2869 2107 3044 2163 Ὀδὸν
3065 2109 3332 2165 ἐντολῶν
3359 2127 3477 2167 σου
3509 2112 3681 2182 ἔδρα-

2088 2207 2239 2260 μον’
2276 2194 2372 2245 καὶ
2416 2196 2767 2268 καταλλήλως
2812 2201 3112 2271 σωτηρίαν,
3143 2202 3209 2273 ἢν
3243 2201 3472 2276 ἐλήλυθε
3503 2222 3677 2277 παρα-

2096 2283 2441 2428 σχεῖν,ϐὥστε
2472 2288 2606 2343 πᾶσι
2642 2289 2741 2361 τὴν
2772 2291 2855 2356 τίς
2883 2283 3034 2363 ἡμᾶς
3079 2308 3174 2347 σου
3218 2294 3497 2366 σωτηρίαν
3527 2294 3677 2370 σαφῆ

2096 2375 2255 2428 γενέσ
2294 2392 2373 2428 αι.

2093 2375 2373 2443 γενέσθαι.

2656 2470 2953 2527 ΨΑΛΜΟΣ
2990 2473 3112 2530 ΞΖ⁹.

2171 2562 2299 2626 «Ὡς
2332 2563 2579 2618 ἐκλείπει
2612 2566 2845 2630 καπνός.
2878 2585 2898 2620 ι

2163 2651 2411 2723 Εὐχερὴς
2438 2652 2546 2706 τῶν
2572 2655 2916 2727 ἁμαρτωλῶν
2944 2658 2976 2728 ή
3010 2657 3240 2728 πτῶσις,
3273 2658 3322 2713 εί
3348 2661 3440 2718 καὶ
3464 2660 3674 2736 σφόδρα

2094 2742 2306 2807 ἑαυτοῖς
2354 2746 2674 2800 πεποιθέναι
2720 2748 3024 2818 νομίζουσι.
3056 2752 3123 2806 Τί
3145 2754 3251 2826 γὰρ
3281 2755 3489 2809 καπνοῦ
3531 2758 3671 2828 πρὸς

2090 2834 2153 2887 τὸ
2180 2832 2409 2905 λυθῆναι
2441 2838 2805 2910 σαθρότερον;
2846 2842 2900 2896 τί
2943 2840 3000 2898 δὲ
3048 2847 3142 2901 καὶ
3176 2845 3364 2918 κηροῦ,
3399 2848 3529 2902 ὅταν
3559 2849 3664 2903 ὑπὸ

2092 2927 2265 2998 πυρὸς
2294 2928 2658 3000 σφοδροτέρου
2680 2931 3039 3006 θερμαίνηται
3059 2954 3074 3005 ;
3092 2936 3313 3002 Τούτοις
3334 2939 3458 3003 τοὺς
3485 2940 3664 3014 ἁμαρ-

2090 3017 2297 3092 τωλοὺς
2318 3020 2346 3072 ὁ
2372 3019 2667 3092 Προφήτης
2684 3024 3005 3093 συνέκρινεν
3023 3043 3038 3058 ·
3072 3029 3198 3084 ὅταν
3215 3032 3323 3100 γὰρ
3349 3029 3411 3084 τὸ
3428 3030 3541 3103 πῦρ
3562 3033 3669 3104 τῆς

408 3133 613 3175 census
645 3117 828 3185 luerit,
864 3117 1009 3171 illico
1053 3117 1235 3171 omnis
1265 3116 1334 3171 de
1361 3115 1494 3187 ipsis
1524 3114 1838 3188 imaginatio
1864 3131 1987 3172 eva-

2090 3111 2314 3179 γεέννης
2346 3112 2600 3185 ῥιπισθῇ,
2643 3116 2794 3170 πᾶσα
2822 3118 2853 3189 ἡ
2891 3121 3020 3190 περὶ
3053 3121 3250 3188 αὐτοὺς
3274 3125 3548 3193 φαντασίᾳ
3572 3126 3670 3183 εὖ·

410 3211 607 3265 nescit.

482 3302 646 3356 Vcns.
686 3302 738 3356 5.
785 3319 804 3352 ι
832 3299 1060 3355 Cantate
1092 3299 1224 3355 Deo.
1258 3319 1277 3352 ι

478 3391 942 3446 Solet-nimirum
990 3392 1242 3446 Christus
1289 3391 1346 3446 in
1398 3392 1680 3462 prophetis
1729 3392 1997 3464 appellari

401 3483 607 3538 Oriens
639 3500 653 3535 :
684 3483 818 3537 Ecce
844 3484 944 3549 vir,
962 3482 1149 3537 Oriens
1180 3500 1364 3537 nomen
1394 3484 1506 3553 ejus
1537 3500 1555 3539 :
1586 3494 1634 3539 et
1663 3483 1836 3539 subter
1870 3500 1987 3540 eum

409 3577 611 3629 orietur
627 3574 692 3630 ⁸⁸.
729 3576 797 3631 Ει
845 3576 1044 3630 iterum
1082 3594 1095 3630 :
1134 3574 1345 3631 Orielur
1384 3576 1525 3631 vobis
1558 3579 1858 3633 timentibus
1895 3596 1990 3633 no-

409 3680 729 3721 menmeum
757 3663 853 3719 Sol
872 3665 1100 3735 justitia:
1129 3680 1148 3717 :
1183 3674 1231 3718 et
1262 3665 1466 3719 sanitas
1490 3666 1547 3720 in
1572 3668 1756 3737 pennis
1784 3668 1898 3737 ejus
1918 3668 1987 3723 “.

404 3757 679 3813 Caeterum
713 3754 839 3813 licet
874 3773 968 3828 per
998 3758 1275 3828 propriam
1307 3758 1486 3812 lucem
1532 3760 1716 3814 oriens
1743 3761 1987 3827 exsistat,

409 3847 658 3903 ascendit
703 3857 883 3902 tamen
911 3861 1074 3918 supra
1105 3861 1382 3915 occasum,
1409 3862 1510 3919 pro
1538 3864 1701 3904 curru
1728 3848 1830 3904 sibi
1860 3850 1990 3906 ada-

410 3952 569 4009 ptans
600 3950 918 4009 peccatores
950 3939 1041 4009 qui
1077 3947 1508 4006 convertuntur;
1538 3940 1605 3994 ad
1650 3955 1789 4010 quos
1806 3941 1943 3996 dixit
1972 3957 1985 3994 :

409 4031 593 4086 Tollite
619 4032 811 4104 jugum
839 4048 1012 4086 meum
1065 4046 1223 4100 super
1266 4046 1376 4095 vos,
1422 4032 1672 4101 quoniam
1726 4048 1905 4099 suave,
1937 4042 1985 4086 et

408 4141 539 4179 onus
559 4141 757 4191 meum,
793 4126 918 4196 quia
948 4123 1056 4178 leve
1072 4124 1141 4175 ⁸³.
1171 4124 1282 4178 Hos
1315 4124 1566 4177 hortatur
1590 4123 1781 4191 David,
1806 4135 1862 4178 ut
1884 4124 1987 4178 iter

409 4219 520 4272 Deo
549 4216 750 4272 iaciant
778 4231 876 4286 per
906 4215 1288 4285 paenitentiam
1317 4231 1333 4268 :
1368 4215 1635 4284 siquidem
1671 4216 1726 4269 in
1754 4230 1985 4286 conSpe-

400 4316 495 4361 ctu
532 4309 652 4377 ejus
679 4321 788 4361 non
836 4314 1047 4360 tantum
1081 4306 1296 4360 veniam
1327 4317 1760 4377 consequentur,
1793 4324 1981 4364 verum

398 4401 570 4453 etiam
596 4399 892 4454 familiares
926 4398 1143 4463 redditi,
1177 4397 1493 4453 exsultaturi
1519 4409 1665 4454 sunt.

480 4658 640 4712 Vens.
671 4658 759 4713 27.
804 4677 824 4712 ι
854 4659 915 4714 In
952 4661 1199 4717 ecclesiis
1229 4661 1535 4719 benedicite
1563 4663 1695 4720 Deo.
1722 4685 1743 4718 ι

475 4746 724 4804 Ecclesia
773 4765 992 4821 quoque
1035 4751 1236 4806 dicitur
1288 4753 1585 4810 domestica
1638 4759 1984 4829 congregatio

400 4839 657 4909 piorum;
702 4843 1163 4910 quemadmodum
1217 4854 1276 4900 et
1322 4845 1526 4902 Paulus
1572 4849 1648 4901 ait
1683 4866 1699 4903 :
1730 4849 1982 4904 Salutant

405 4944 497 4986 vos
530 4930 586 4983 in
620 4928 845 4985 Domino
877 4933 1102 4987 mutum
1129 4933 1325 5004 Aquila
1356 4945 1405 4989 et
1451 4934 1719 5003 Priscilla,
1750 4953 1870 4992 cum
1893 4946 1985 4992 do-

398 5020 623 5073 mestica
668 5035 766 5073 sua
815 5020 1053 5076 Ecclesia
1072 5022 1139 5077 “.
1191 5024 1364 5079 Porro
1421 5024 1488 5079 de
1531 5025 1774 5082 fontibus
1820 5025 1984 5082 Israel

407 5111 798 5180 prophetarum
850 5121 905 5167 et
957 5113 1327 5183 apostolorum
1373 5114 1663 5170 Dominum
1704 5132 1768 5171 ac
1813 5117 1981 5172 Deum

403 5200 606 5257 laudari
634 5203 819 5272 cupit;
850 5213 909 5258 ut
938 5218 1006 5259 eo
1034 5204 1196 5259 modo
1225 5220 1334 5275 quo
1364 5205 1467 5275 ipsi
1489 5218 1882 5277 exposuerunt,
1902 5209 1982 5266 sic

399 5301 459 5348 et
486 5307 587 5349 nos
610 5309 714 5364 pro
740 5295 851 5351 Deo
874 5296 1242 5352 celebremus.

476 5460 635 5518 Vane.
665 5464 753 5519 56.
796 5484 818 5518 ι
846 5466 989 5523 Dens
1012 5467 1182 5523 Israel
1208 5469 1324 5539 ipse
1357 5470 1507 5525 dabit
1540 5473 1820 5529 virtutem.
1850 5494 1868 5526 ι

2093 3200 2228 3264 θέως
2258 3200 2560 3259 διαλύεται.

2170 3289 2403 3361 ι’ᾼσατε
2432 3293 2510 3362 τῷ
2544 3292 2683 3364 Θεῷ.
2717 3314 2737 3348 ι

2164 3380 2272 3433 Καὶ
2307 3381 2413 3452 μὴν
2445 3383 2704 3455 Ἀνατολὴ
2738 3387 3100 3456 χρηματίζειν
3122 3391 3182 3447 ὲν
3211 3393 3323 3456 τοῖς
3357 3393 3672 3466 προφήταις

2093 3470 2122 3524 ὁ
2147 3471 2381 3543 Χριστὸς
2413 3474 2603 3529 εἴωθεν
2623 3491 2638 3506 ⁸
2669 3476 2814 3531 Ἰδοὺ
2841 3478 3017 3547 ἀνὴρ,
3056 3480 3338 3551 Ἁνατολὴ
3361 3483 3547 3554 ὄνομα
3564 3486 3669 3540 σὺν

2093 3562 2172 3628 τῷ
2189 3579 2203 3592 ’
2233 3564 2333 3618 καὶ
2378 3566 2763 3622 ὑποκάτωθεν
2787 3570 2974 3624 αὐτοῦ
3010 3571 3306 3627 ἀνατελεῖ.
3335 3574 3445 3626 Καὶ
3472 3575 3662 3628 πάλιν

2103 3656 2402 3710 Ἁνατελεῖ
2446 3657 2588 3727 ὑμῖν
2626 3660 2754 3726 τοῖς
2800 3662 3194 3730 φοϐουμένοις
3238 3664 3304 3717 τὸ
3338 3664 3525 3735 ὄνομα
3548 3683 3664 3735 μου

2092 3748 2303 3813 Ἤλιος
2330 3748 2756 3819 δικαιοσύνηςο
2788 3754 2885 3806 καὶ
2917 3753 3084 3818 ἴασις
3117 3756 3189 3808 ἐν
3226 3757 3356 3822 ταῖς
3382 3757 3667 3827 πτέρυξιν

2088 3840 2297 3897 αὐτοῦ.
2315 3841 2455 3895 Ἀλλ’
2480 3846 2530 3896 si
2568 3845 2662 3897 καὶ
2687 3845 2919 3918 ἀνατολὴ
2949 3848 3210 3918 τυγχάνει
3243 3849 3331 3903 διὰ
3361 3851 3424 3904 τὸ
3460 3856 3659 3905 οἰκεῖον

2088 3933 2227 4001 φῶς,
2263 3933 2434 4005 ἐπέϐη
2483 3935 2578 3989 ἐπὶ
2622 3936 2862 4007 δυσμῶν,
2893 3939 3078 4009 ὄχημα
3127 3941 3253 4003 τοὺς
3301 3942 3661 4014 ἁμαρτωλοὺς

2088 4025 2283 4078 ἑαυτοῦ
2306 4027 2433 4090 τοὺς
2455 4027 2590 4095 πρὸς
2611 4028 2774 4082 αὑτὸν
2791 4031 3225 4101 ἐπιστρέψαντας
3243 4032 3472 4102 θέμενος
3487 4053 3499 4065 ·
3524 4034 3659 4106 πρὸς

2087 4115 2179 4179 οὓς
2208 4114 2604 4188 είπεν·”Αρατε
2623 4117 2732 4173 τὸν
2755 4121 2931 4192 ζυγόν
2952 4141 3074 4192 μου
3099 4123 3193 4193 ἐφ’
3209 4125 3383 4193 ὑμᾶς.
3406 4125 3496 4179 ὅτι
3520 4143 3660 4195 χρη-

2087 4209 2257 4276 στὸς,
2293 4210 2393 4265 καί
2428 4210 2497 4265 τὸ
2531 4214 2779 4281 φορτίον
2817 4231 2965 4283 μου,
2994 4214 3083 4268 ὅτι
3115 4215 3406 4285 ἐλαφρόν.
3429 4217 3660 4279 Τούτους

2086 4300 2402 4372 ὁδοποιῆσαι
2425 4301 2504 4372 τῷ
2524 4301 2643 4374 Θεῷ
2669 4305 2697 4356 ὁ
2723 4305 2886 4358 Δαὸὶδ
2904 4305 2994 4359 διὰ
3015 4307 3309 4376 μετανοίας
3328 4308 3663 4363 ἐντέλλεται·

2085 4385 2231 4456 οὗτοι
2280 4392 2389 4463 γὰρ
2430 4392 2662 4447 ἐνώπιον
2700 4395 2870 4448 αὐτοῦ
2895 4397 2957 4449 οὐ
2990 4397 3151 4467 μόνον
3193 4396 3527 4467 συγγνώμης
3567 4412 3666 4450 τυ-

2015 4463 2059 4519 D
2087 4482 2299 4553 χὸντες,
2326 4482 2464 4537 ἀλλὰ
2502 4486 2597 4539 καὶ
2628 4463 3026 4553 οἰκειωθέντες,
3050 4463 3683 4576 ἀγαλλιάσθαίμέλλουπ

2086 4588 2189 4627 σιν.

2159 4679 2179 4713 ι
2203 4662 2290 4716 Ἐν
2322 4663 2642 4736 ἐκκλησίαις
2666 4665 2944 4734 εὐλογεῖτε
2969 4667 3063 4721 τὸν
3094 4665 3248 4721 Θεόν.
3279 4685 3299 4721 ι

2159 4753 2460 4823 Ἐκκλησία
2491 4756 2586 4810 καὶ
2620 4758 2653 4828 ἡ
2690 4756 2814 4812 κατ’
2835 4752 2985 4812 οἷκον
3029 4759 3319 4829 συναγωγὴ
3348 4760 3461 4814 τῶν
3501 4761 3664 4818 εὗσε-

2084 4843 2323 4900 6ούντων
2353 4847 2599 4916 λέγεταιο
2650 4847 2791 4903 ὥστε
2840 4852 2936 4904 καὶ
2966 4852 3179 4916 Παῦλος
3220 4854 3659 4921 φησινοἋσπά-

2087 4934 2287 4995 (oo-tat
2331 4936 2492 5006 ὑμᾶς
2528 4940 2600 4993 ἐν
2630 4941 2828 5007 Κυρίῳ
2858 4945 3059 4995 πολλὰ
3091 4942 3351 5007 Ἀκύλας
3392 4943 3493 4997 καὶ
3523 4947 3667 5012 Πρί-

2084 5029 2334 5093 σκιλλα,
2358 5026 2481 5083 σὺν
2508 5028 2584 5097 τῇ
2612 5031 2740 5084 κατ’
2770 5027 2943 5084 οἷκον
2973 5031 3174 5086 αὐτῶν
3203 5033 3555 5102 Ἐκκλησία.
3573 5035 3672 5089 Ἐκ

2086 5118 2279 5189 πηγῶν
2312 5119 2369 5174 δὲ
2390 5120 2609 5191 Ἰσραὴλ
2642 5121 2751 5174 τῶν
2781 5122 3081 5194 προφητῶν
3112 5124 3209 5177 καὶ
3237 5124 3556 5177 ἀποστόλων
3577 5124 3674 5178 τὸν

2083 5209 2288 5277 Κύριον
2313 5211 2408 5264 καὶ
2438 5211 2573 5266 Θεὸν
2603 5211 2999 5281 δοξολογεῖσθαι
3027 5212 3314 5284 βούλεται·
3347 5214 3438 5268 ἵνα
3463 5215 3587 5268 καθ’
3610 5216 3676 5267 ὃν

2084 5303 2284 5373 τρόπον
2315 5303 2513 5359 ἐκεῖνοι
2545 5304 2814 5371 ἐξέθεντο,
2842 5305 2985 5360 οὕτω
3019 5309 3117 5363 καὶ
3148 5310 3308 5381 ἡμεῖς
3352 5309 3484 5380 περὶ
3528 5304 3695 5385 Θεοῦ.

2085 5389 2421 5460 δοξάζωμεν.

2164 5500 2184 5531 ‹
2204 5481 2263 5534 '0
2298 5481 2430 5547 Θεὸς
2461 5485 2679 5557 Ἰσραὴλ
2704 5487 2867 5544 δώσει
2896 5488 3150 5561 δύναμιν.
3181 5508 3200 5542 ι

472 5660 531 5752 δε
731 5667 924 5752 nulla
971 5667 1278 5752 fuliginem
1310 5685 1349 5733 ι,
1378 5672 1443 5752 Ξῖ
1517 5671 1749 5752 ’ςυρψ
1780 5690 1891 5737 xw,
1924 5675 1993 5752 6._

2089 5678 2097 5708 ι
2129 5676 2261 5732 Luc.
2295 5693 2376 5744 ιιι,
2410 5680 2462 5735 6.
2541 5680 2587 5713 ⁸²
2616 5679 2757 5738 Psal.
2792 5697 2979 5752 cxvm,
3012 5682 3101 5740 δὲ.
3195 5687 3243 5718 ³³
3268 5685 3433 5741 Zach.
3463 5702 3539 5750 νι,
3575 5685 3689 5742 ιε.

402 5725 895 5794 “nauculas.
970 5725 1235 5790 "Matth.
1269 5725 1348 5800 u,’
1378 5734 1466 5795 2‘9.
1541 5725 2060 5810 τοίιίοοτῖὶῦιξιθ.
