  <div class='ocr_page' id='page_1' title='image "/cluster/home/n/w/nwhite01/storage/ocr_20150623/93/mdp.39015078384313/622.png"; bbox 0 0 4032 6222; ppageno 0'>
   <div class='ocr_carea' id='block_1_1' title="bbox 374 395 513 461">
    <p class='ocr_par' dir='ltr' id='par_1_1' title="bbox 374 395 513 461">
     <span class='ocr_line' id='line_1_1' title="bbox 374 395 513 461; baseline 0.014 -2"><span class='ocrx_word' id='word_1_1' title='bbox 374 395 513 461; x_wconf 69' lang='grc'><strong>1229</strong></span> 
     </span>
    </p>
   </div>
   <div class='ocr_carea' id='block_1_2' title="bbox 1423 390 2401 455">
    <p class='ocr_par' dir='ltr' id='par_1_2' title="bbox 1423 390 2401 455">
     <span class='ocr_line' id='line_1_2' title="bbox 1423 390 2401 455; baseline -0.005 1"><span class='ocrx_word' id='word_1_2' title='bbox 1423 392 1883 455; x_wconf 80' lang='lat' dir='ltr'><strong>FRAGMENTA</strong></span> <span class='ocrx_word' id='word_1_3' title='bbox 1926 390 2008 452; x_wconf 87' lang='lat' dir='ltr'><strong>IN</strong></span> <span class='ocrx_word' id='word_1_4' title='bbox 2046 390 2401 452; x_wconf 84' lang='lat' dir='ltr'><strong>PSALMOS.</strong></span> 
     </span>
    </p>
   </div>
   <div class='ocr_carea' id='block_1_3' title="bbox 3481 390 3612 456">
    <p class='ocr_par' dir='ltr' id='par_1_3' title="bbox 3481 390 3612 456">
     <span class='ocr_line' id='line_1_3' title="bbox 3481 390 3612 456; baseline -0.023 1"><span class='ocrx_word' id='word_1_5' title='bbox 3481 390 3612 456; x_wconf 79' lang='lat'><strong>1230</strong></span> 
     </span>
    </p>
   </div>
   <div class='ocr_carea' id='block_1_4' title="bbox 450 497 1949 581">
    <p class='ocr_par' dir='ltr' id='par_1_4' title="bbox 450 497 1939 581">
     <span class='ocr_line' id='line_1_4' title="bbox 450 497 1939 581; baseline -0.005 -16"><span class='ocrx_word' id='word_1_6' title='bbox 450 512 509 565; x_wconf 92' lang='lat'><strong>&#39;0</strong></span> <span class='ocrx_word' id='word_1_7' title='bbox 536 509 669 575; x_wconf 78' lang='grc' dir='ltr'>Θεδς</span> <span class='ocrx_word' id='word_1_8' title='bbox 696 508 790 565; x_wconf 92' lang='grc' dir='ltr'><strong>τοῦ</strong></span> <span class='ocrx_word' id='word_1_9' title='bbox 826 497 1044 581; x_wconf 80' lang='grc' dir='ltr'>Ἰσραὴλ</span> <span class='ocrx_word' id='word_1_10' title='bbox 1089 508 1118 563; x_wconf 78' lang='grc' dir='ltr'>ὁ</span> <span class='ocrx_word' id='word_1_11' title='bbox 1164 507 1434 579; x_wconf 80' lang='grc' dir='ltr'>Χριστός·</span> <span class='ocrx_word' id='word_1_12' title='bbox 1472 507 1738 581; x_wconf 74' lang='grc' dir='ltr'>περὶγὰρ</span> <span class='ocrx_word' id='word_1_13' title='bbox 1775 504 1939 559; x_wconf 82' lang='grc' dir='ltr'>αὑτοῦ</span> 
     </span>
    </p>
   </div>
   <div class='ocr_carea' id='block_1_5' title="bbox 2050 497 3610 581">
    <p class='ocr_par' dir='ltr' id='par_1_5' title="bbox 2116 501 3610 577">
     <span class='ocr_line' id='line_1_5' title="bbox 2116 501 3610 577; baseline 0.002 -21"><span class='ocrx_word' id='word_1_14' title='bbox 2116 504 2256 559; x_wconf 90' lang='lat' dir='ltr'><strong>Deus</strong></span> <span class='ocrx_word' id='word_1_15' title='bbox 2287 506 2449 560; x_wconf 87' lang='lat' dir='ltr'><strong>Israel</strong></span> <span class='ocrx_word' id='word_1_16' title='bbox 2477 513 2560 561; x_wconf 84' lang='lat' dir='ltr'><strong>est</strong></span> <span class='ocrx_word' id='word_1_17' title='bbox 2585 505 2876 563; x_wconf 86' lang='lat' dir='ltr'><strong>Christus:</strong></span> <span class='ocrx_word' id='word_1_18' title='bbox 2905 507 2972 563; x_wconf 91' lang='lat' dir='ltr'><strong>de</strong></span> <span class='ocrx_word' id='word_1_19' title='bbox 3003 501 3121 577; x_wconf 83' lang='lat' dir='ltr'><strong>ipso</strong></span> <span class='ocrx_word' id='word_1_20' title='bbox 3142 507 3288 561; x_wconf 87' lang='lat' dir='ltr'><strong>enim</strong></span> <span class='ocrx_word' id='word_1_21' title='bbox 3313 504 3477 562; x_wconf 80' lang='lat' dir='ltr'><strong>Isaias</strong></span> <span class='ocrx_word' id='word_1_22' title='bbox 3497 507 3567 561; x_wconf 86' lang='lat' dir='ltr'><strong>ait</strong></span> <span class='ocrx_word' id='word_1_23' title='bbox 3598 524 3610 559; x_wconf 93' lang='lat'><strong>:</strong></span> 
     </span>
    </p>
   </div>
   <div class='ocr_carea' id='block_1_6' title="bbox 369 595 1949 675">
    <p class='ocr_par' dir='ltr' id='par_1_6' title="bbox 369 596 1940 675">
     <span class='ocr_line' id='line_1_6' title="bbox 369 596 1940 675; baseline -0.004 -20"><span class='ocrx_word' id='word_1_24' title='bbox 369 619 537 675; x_wconf 82' lang='grc' dir='ltr'>φησιν</span> <span class='ocrx_word' id='word_1_25' title='bbox 569 602 825 665; x_wconf 77' lang='grc' dir='ltr'>Ἥσαϊας’</span> <span class='ocrx_word' id='word_1_26' title='bbox 866 603 995 654; x_wconf 79' lang='grc' dir='ltr'>Ὅτι</span> <span class='ocrx_word' id='word_1_27' title='bbox 1047 602 1130 655; x_wconf 87' lang='grc' dir='ltr'>σὺ</span> <span class='ocrx_word' id='word_1_28' title='bbox 1170 604 1205 655; x_wconf 85' lang='lat' dir='ltr'><strong>d</strong></span> <span class='ocrx_word' id='word_1_29' title='bbox 1257 599 1402 665; x_wconf 81' lang='grc' dir='ltr'>Θεὸς</span> <span class='ocrx_word' id='word_1_30' title='bbox 1442 597 1631 669; x_wconf 75' lang='grc' dir='ltr'><strong>ἡμῶν,</strong></span> <span class='ocrx_word' id='word_1_31' title='bbox 1679 596 1779 652; x_wconf 71' lang='grc' dir='ltr'><strong>καί</strong></span> <span class='ocrx_word' id='word_1_32' title='bbox 1829 598 1940 650; x_wconf 76' lang='grc' dir='ltr'>οὐκ</span> 
     </span>
    </p>
   </div>
   <div class='ocr_carea' id='block_1_7' title="bbox 2050 595 3617 675">
    <p class='ocr_par' dir='ltr' id='par_1_7' title="bbox 2050 595 3617 664">
     <span class='ocr_line' id='line_1_7' title="bbox 2050 595 3617 664; baseline 0 -15"><span class='ocrx_word' id='word_1_33' title='bbox 2050 595 2304 661; x_wconf 77' lang='lat' dir='ltr'><strong>Quoniam</strong></span> <span class='ocrx_word' id='word_1_34' title='bbox 2335 605 2390 650; x_wconf 86' lang='lat' dir='ltr'><strong>tu</strong></span> <span class='ocrx_word' id='word_1_35' title='bbox 2419 596 2557 652; x_wconf 78' lang='lat' dir='ltr'><strong>Deus</strong></span> <span class='ocrx_word' id='word_1_36' title='bbox 2580 608 2775 664; x_wconf 75' lang='lat' dir='ltr'><strong>noster,</strong></span> <span class='ocrx_word' id='word_1_37' title='bbox 2791 608 2839 653; x_wconf 85' lang='lat' dir='ltr'><strong>et</strong></span> <span class='ocrx_word' id='word_1_38' title='bbox 2865 599 3222 653; x_wconf 68' lang='lat' dir='ltr'><strong>nesciebamus</strong></span> <span class='ocrx_word' id='word_1_39' title='bbox 3246 615 3264 652; x_wconf 92' lang='lat'><em>:</em></span> <span class='ocrx_word' id='word_1_40' title='bbox 3292 598 3430 652; x_wconf 78' lang='lat' dir='ltr'><strong>Deus</strong></span> <span class='ocrx_word' id='word_1_41' title='bbox 3448 597 3617 652; x_wconf 80' lang='lat' dir='ltr'><strong>Israel</strong></span> 
     </span>
    </p>
   </div>
   <div class='ocr_carea' id='block_1_8' title="bbox 370 679 1942 765">
    <p class='ocr_par' dir='ltr' id='par_1_8' title="bbox 370 679 1942 765">
     <span class='ocr_line' id='line_1_8' title="bbox 370 679 1942 765; baseline -0.006 -16"><span class='ocrx_word' id='word_1_42' title='bbox 370 695 614 765; x_wconf 66' lang='grc' dir='ltr'>ᾔδειμεν</span> <span class='ocrx_word' id='word_1_43' title='bbox 635 710 649 725; x_wconf 88' lang='grc'><strong>·</strong></span> <span class='ocrx_word' id='word_1_44' title='bbox 709 696 743 748; x_wconf 81' lang='grc' dir='ltr'><strong>δ</strong></span> <span class='ocrx_word' id='word_1_45' title='bbox 794 691 940 759; x_wconf 81' lang='grc' dir='ltr'>Θεὸς</span> <span class='ocrx_word' id='word_1_46' title='bbox 986 690 1093 746; x_wconf 85' lang='grc' dir='ltr'><strong>τοῦ</strong></span> <span class='ocrx_word' id='word_1_47' title='bbox 1128 689 1377 759; x_wconf 71' lang='grc' dir='ltr'>Ἰσραὴλ</span> <span class='ocrx_word' id='word_1_48' title='bbox 1425 691 1458 743; x_wconf 82' lang='grc' dir='ltr'><em>ὁ</em></span> <span class='ocrx_word' id='word_1_49' title='bbox 1505 687 1727 755; x_wconf 80' lang='grc' dir='ltr'>Σωτήρ.</span> <span class='ocrx_word' id='word_1_50' title='bbox 1772 679 1942 749; x_wconf 74' lang='grc' dir='ltr'>Οὗτος</span> 
     </span>
    </p>
   </div>
   <div class='ocr_carea' id='block_1_9' title="bbox 374 776 1942 857">
    <p class='ocr_par' dir='ltr' id='par_1_9' title="bbox 374 776 1942 857">
     <span class='ocr_line' id='line_1_9' title="bbox 374 776 1942 857; baseline -0.006 -17"><span class='ocrx_word' id='word_1_51' title='bbox 374 788 527 857; x_wconf 60' lang='grc' dir='ltr'>ἰσχὺν</span> <span class='ocrx_word' id='word_1_52' title='bbox 557 785 654 841; x_wconf 70' lang='grc' dir='ltr'>καὶ</span> <span class='ocrx_word' id='word_1_53' title='bbox 680 784 911 854; x_wconf 87' lang='grc' dir='ltr'>δύναμιν</span> <span class='ocrx_word' id='word_1_54' title='bbox 936 781 1014 853; x_wconf 84' lang='grc' dir='ltr'>τῷ</span> <span class='ocrx_word' id='word_1_55' title='bbox 1056 781 1170 852; x_wconf 84' lang='grc' dir='ltr'>λαῷ</span> <span class='ocrx_word' id='word_1_56' title='bbox 1218 781 1295 853; x_wconf 89' lang='grc' dir='ltr'>τῷ</span> <span class='ocrx_word' id='word_1_57' title='bbox 1340 781 1402 846; x_wconf 72' lang='grc' dir='ltr'><strong>ἐξ</strong></span> <span class='ocrx_word' id='word_1_58' title='bbox 1442 778 1634 844; x_wconf 73' lang='grc' dir='ltr'>ἐθνῶν,</span> <span class='ocrx_word' id='word_1_59' title='bbox 1662 777 1803 831; x_wconf 86' lang='grc' dir='ltr'>ὥστε</span> <span class='ocrx_word' id='word_1_60' title='bbox 1842 776 1942 847; x_wconf 85' lang='grc' dir='ltr'>τῆς</span> 
     </span>
    </p>
   </div>
   <div class='ocr_carea' id='block_1_10' title="bbox 371 866 1945 947">
    <p class='ocr_par' dir='ltr' id='par_1_10' title="bbox 371 866 1945 947">
     <span class='ocr_line' id='line_1_10' title="bbox 371 866 1945 947; baseline -0.009 -15"><span class='ocrx_word' id='word_1_61' title='bbox 371 879 581 947; x_wconf 81' lang='grc' dir='ltr'>πλάνης</span> <span class='ocrx_word' id='word_1_62' title='bbox 603 876 927 946; x_wconf 74' lang='grc' dir='ltr'>ἀποστῆναι,</span> <span class='ocrx_word' id='word_1_63' title='bbox 953 875 1048 928; x_wconf 77' lang='grc' dir='ltr'>καὶ</span> <span class='ocrx_word' id='word_1_64' title='bbox 1080 874 1215 944; x_wconf 83' lang='grc' dir='ltr'>πρὸς</span> <span class='ocrx_word' id='word_1_65' title='bbox 1249 871 1409 926; x_wconf 79' lang='grc' dir='ltr'>αὑτὸν</span> <span class='ocrx_word' id='word_1_66' title='bbox 1442 866 1945 940; x_wconf 77' lang='grc' dir='ltr'>ἐπιστρέψαιχαρί-</span> 
     </span>
    </p>
   </div>
   <div class='ocr_carea' id='block_1_11' title="bbox 372 959 1945 1035">
    <p class='ocr_par' dir='ltr' id='par_1_11' title="bbox 372 959 1945 1035">
     <span class='ocr_line' id='line_1_11' title="bbox 372 959 1945 1035; baseline -0.009 -10"><span class='ocrx_word' id='word_1_67' title='bbox 372 972 526 1035; x_wconf 67' lang='lat' dir='ltr'><strong>(erat</strong></span> <span class='ocrx_word' id='word_1_68' title='bbox 545 987 560 1004; x_wconf 76' lang='grc' dir='ltr'><strong>ο</strong></span> <span class='ocrx_word' id='word_1_69' title='bbox 595 971 790 1034; x_wconf 83' lang='grc' dir='ltr'>οἵτινες</span> <span class='ocrx_word' id='word_1_70' title='bbox 810 968 887 1032; x_wconf 84' lang='grc' dir='ltr'>ὼς</span> <span class='ocrx_word' id='word_1_71' title='bbox 908 967 1034 1031; x_wconf 77' lang='grc' dir='ltr'>λαὸς</span> <span class='ocrx_word' id='word_1_72' title='bbox 1052 964 1218 1023; x_wconf 83' lang='grc' dir='ltr'>αὑτοῦ</span> <span class='ocrx_word' id='word_1_73' title='bbox 1238 962 1579 1033; x_wconf 78' lang='grc' dir='ltr'><strong>Χριστιανοὶ</strong></span> <span class='ocrx_word' id='word_1_74' title='bbox 1600 960 1691 1015; x_wconf 76' lang='grc' dir='ltr'><strong>διὰ</strong></span> <span class='ocrx_word' id='word_1_75' title='bbox 1712 959 1945 1031; x_wconf 83' lang='grc' dir='ltr'>Χριστὸν</span> 
     </span>
    </p>
   </div>
   <div class='ocr_carea' id='block_1_12' title="bbox 372 1058 935 1131">
    <p class='ocr_par' dir='ltr' id='par_1_12' title="bbox 372 1058 935 1131">
     <span class='ocr_line' id='line_1_12' title="bbox 372 1058 935 1131; baseline -0.002 -19"><span class='ocrx_word' id='word_1_76' title='bbox 372 1059 749 1131; x_wconf 72' lang='grc' dir='ltr'>ὀνομάζονται.</span> <span class='ocrx_word' id='word_1_77' title='bbox 776 1058 786 1069; x_wconf 86' lang='grc'><em>’</em></span> <span class='ocrx_word' id='word_1_78' title='bbox 924 1064 935 1069; x_wconf 72' lang='grc'><em>“</em></span> 
     </span>
    </p>
   </div>
   <div class='ocr_carea' id='block_1_13' title="bbox 933 1143 1381 1208">
    <p class='ocr_par' dir='ltr' id='par_1_13' title="bbox 933 1143 1381 1208">
     <span class='ocr_line' id='line_1_13' title="bbox 933 1143 1381 1208; baseline -0.004 -10"><span class='ocrx_word' id='word_1_79' title='bbox 933 1145 1032 1198; x_wconf 74' lang='grc' dir='ltr'>ΨΑ</span> <span class='ocrx_word' id='word_1_80' title='bbox 1041 1143 1228 1199; x_wconf 83' lang='grc' dir='ltr'>ΛΜΟΣ</span> <span class='ocrx_word' id='word_1_81' title='bbox 1256 1143 1381 1208; x_wconf 69' lang='lat' dir='ltr'><strong>EH’,</strong></span> 
     </span>
    </p>
   </div>
   <div class='ocr_carea' id='block_1_14' title="bbox 450 1234 1566 1305">
    <p class='ocr_par' dir='ltr' id='par_1_14' title="bbox 450 1234 1566 1305">
     <span class='ocr_line' id='line_1_14' title="bbox 450 1234 1566 1305; baseline -0.004 -15"><span class='ocrx_word' id='word_1_82' title='bbox 450 1234 683 1291; x_wconf 75' lang='grc' dir='ltr'>«Ἦλθον</span> <span class='ocrx_word' id='word_1_83' title='bbox 714 1236 794 1299; x_wconf 86' lang='grc' dir='ltr'><strong>είς</strong></span> <span class='ocrx_word' id='word_1_84' title='bbox 818 1234 886 1288; x_wconf 80' lang='grc' dir='ltr'>τὰ</span> <span class='ocrx_word' id='word_1_85' title='bbox 919 1234 1059 1305; x_wconf 80' lang='grc' dir='ltr'>βάθη</span> <span class='ocrx_word' id='word_1_86' title='bbox 1085 1235 1186 1305; x_wconf 82' lang='grc' dir='ltr'>τῆς</span> <span class='ocrx_word' id='word_1_87' title='bbox 1215 1234 1514 1304; x_wconf 81' lang='grc' dir='ltr'>θαλάσσης.</span> <span class='ocrx_word' id='word_1_88' title='bbox 1546 1250 1566 1285; x_wconf 73' lang='grc' dir='ltr'><strong>ι</strong></span> 
     </span>
    </p>
   </div>
   <div class='ocr_carea' id='block_1_15' title="bbox 443 1322 1944 1393">
    <p class='ocr_par' dir='ltr' id='par_1_15' title="bbox 443 1322 1944 1393">
     <span class='ocr_line' id='line_1_15' title="bbox 443 1322 1944 1393; baseline -0.006 -9"><span class='ocrx_word' id='word_1_89' title='bbox 443 1331 555 1384; x_wconf 74' lang='grc' dir='ltr'><strong>Καὶ</strong></span> <span class='ocrx_word' id='word_1_90' title='bbox 580 1329 696 1392; x_wconf 83' lang='grc' dir='ltr'><strong>πῶς</strong></span> <span class='ocrx_word' id='word_1_91' title='bbox 723 1345 806 1390; x_wconf 82' lang='grc' dir='ltr'><strong>τις</strong></span> <span class='ocrx_word' id='word_1_92' title='bbox 834 1327 1068 1390; x_wconf 78' lang='grc' dir='ltr'><strong>ἐλπίζων</strong></span> <span class='ocrx_word' id='word_1_93' title='bbox 1091 1328 1185 1379; x_wconf 72' lang='grc' dir='ltr'><strong>ἐπὶ</strong></span> <span class='ocrx_word' id='word_1_94' title='bbox 1207 1326 1300 1379; x_wconf 75' lang='grc' dir='ltr'>τὸν</span> <span class='ocrx_word' id='word_1_95' title='bbox 1328 1325 1461 1380; x_wconf 83' lang='grc' dir='ltr'><strong>Θεὸν</strong></span> <span class='ocrx_word' id='word_1_96' title='bbox 1487 1324 1614 1388; x_wconf 81' lang='grc' dir='ltr'>τοὺς</span> <span class='ocrx_word' id='word_1_97' title='bbox 1635 1322 1944 1393; x_wconf 78' lang='grc' dir='ltr'>ὀφθαλμοὺς</span> 
     </span>
    </p>
   </div>
   <div class='ocr_carea' id='block_1_16' title="bbox 373 1414 1947 1489">
    <p class='ocr_par' dir='ltr' id='par_1_16' title="bbox 373 1414 1947 1489">
     <span class='ocr_line' id='line_1_16' title="bbox 373 1414 1947 1489; baseline -0.004 -16"><span class='ocrx_word' id='word_1_98' title='bbox 373 1420 636 1484; x_wconf 76' lang='grc' dir='ltr'>ἐκλείπει,</span> <span class='ocrx_word' id='word_1_99' title='bbox 665 1419 760 1473; x_wconf 77' lang='grc' dir='ltr'>καὶ</span> <span class='ocrx_word' id='word_1_100' title='bbox 787 1419 907 1489; x_wconf 75' lang='grc' dir='ltr'><strong>οὐχὶ</strong></span> <span class='ocrx_word' id='word_1_101' title='bbox 933 1417 1131 1487; x_wconf 77' lang='grc' dir='ltr'>μᾶλλον</span> <span class='ocrx_word' id='word_1_102' title='bbox 1156 1415 1438 1488; x_wconf 84' lang='grc' dir='ltr'>νευροῦται</span> <span class='ocrx_word' id='word_1_103' title='bbox 1471 1416 1565 1470; x_wconf 76' lang='grc' dir='ltr'>καὶ</span> <span class='ocrx_word' id='word_1_104' title='bbox 1598 1414 1947 1486; x_wconf 82' lang='grc' dir='ltr'>ἰσχυρότερος</span> 
     </span>
    </p>
   </div>
   <div class='ocr_carea' id='block_1_17' title="bbox 373 1506 1947 1580">
    <p class='ocr_par' dir='ltr' id='par_1_17' title="bbox 373 1506 1947 1580">
     <span class='ocr_line' id='line_1_17' title="bbox 373 1506 1947 1580; baseline -0.003 -16"><span class='ocrx_word' id='word_1_105' title='bbox 373 1511 612 1580; x_wconf 85' lang='grc' dir='ltr'>γίνεται;</span> <span class='ocrx_word' id='word_1_106' title='bbox 674 1509 815 1562; x_wconf 84' lang='grc' dir='ltr'>Ἀλλ’</span> <span class='ocrx_word' id='word_1_107' title='bbox 853 1508 1165 1579; x_wconf 81' lang='grc' dir='ltr'>ὀφθαλμοὺς</span> <span class='ocrx_word' id='word_1_108' title='bbox 1210 1507 1403 1562; x_wconf 78' lang='grc' dir='ltr'>ἑαυτοῦ</span> <span class='ocrx_word' id='word_1_109' title='bbox 1447 1509 1572 1571; x_wconf 82' lang='grc' dir='ltr'>τοὺς</span> <span class='ocrx_word' id='word_1_110' title='bbox 1620 1506 1947 1569; x_wconf 80' lang='grc' dir='ltr'>ἀποστόλους</span> 
     </span>
    </p>
   </div>
   <div class='ocr_carea' id='block_1_18' title="bbox 372 1595 1945 1672">
    <p class='ocr_par' dir='ltr' id='par_1_18' title="bbox 372 1595 1945 1672">
     <span class='ocr_line' id='line_1_18' title="bbox 372 1595 1945 1672; baseline -0.003 -15"><span class='ocrx_word' id='word_1_111' title='bbox 372 1604 554 1672; x_wconf 84' lang='grc' dir='ltr'>λέγει·</span> <span class='ocrx_word' id='word_1_112' title='bbox 586 1601 717 1672; x_wconf 79' lang='grc' dir='ltr'>περὶ</span> <span class='ocrx_word' id='word_1_113' title='bbox 748 1595 822 1655; x_wconf 86' lang='grc' dir='ltr'>ὧν</span> <span class='ocrx_word' id='word_1_114' title='bbox 851 1603 908 1654; x_wconf 81' lang='grc' dir='ltr'>ὲν</span> <span class='ocrx_word' id='word_1_115' title='bbox 942 1601 1183 1672; x_wconf 77' lang='grc' dir='ltr'>’ᾼσμασι</span> <span class='ocrx_word' id='word_1_116' title='bbox 1215 1600 1364 1670; x_wconf 81' lang='grc' dir='ltr'>λέγει</span> <span class='ocrx_word' id='word_1_117' title='bbox 1392 1602 1490 1654; x_wconf 70' lang='grc' dir='ltr'><strong>’οὶ</strong></span> <span class='ocrx_word' id='word_1_118' title='bbox 1520 1599 1813 1670; x_wconf 75' lang='grc' dir='ltr'>ὀφθαλμοί</span> <span class='ocrx_word' id='word_1_119' title='bbox 1828 1615 1945 1652; x_wconf 88' lang='grc' dir='ltr'><strong>σου</strong></span> 
     </span>
    </p>
   </div>
   <div class='ocr_carea' id='block_1_19' title="bbox 374 1687 1946 1760">
    <p class='ocr_par' dir='ltr' id='par_1_19' title="bbox 374 1687 1946 1760">
     <span class='ocr_line' id='line_1_19' title="bbox 374 1687 1946 1760; baseline -0.003 -15"><span class='ocrx_word' id='word_1_120' title='bbox 374 1690 760 1760; x_wconf 81' lang='grc' dir='ltr'>περιστερᾶς,</span> <span class='ocrx_word' id='word_1_121' title='bbox 791 1690 889 1744; x_wconf 74' lang='grc' dir='ltr'><strong>ἐπὶ</strong></span> <span class='ocrx_word' id='word_1_122' title='bbox 919 1689 1283 1759; x_wconf 75' lang='grc' dir='ltr'><strong>πληρώματα</strong></span> <span class='ocrx_word' id='word_1_123' title='bbox 1315 1690 1567 1754; x_wconf 78' lang='grc' dir='ltr'><strong>ὑδάτων,</strong></span> <span class='ocrx_word' id='word_1_124' title='bbox 1605 1691 1686 1753; x_wconf 81' lang='grc' dir='ltr'><strong>είς</strong></span> <span class='ocrx_word' id='word_1_125' title='bbox 1717 1687 1815 1758; x_wconf 86' lang='grc' dir='ltr'>τὴν</span> <span class='ocrx_word' id='word_1_126' title='bbox 1841 1689 1946 1741; x_wconf 85' lang='grc' dir='ltr'>δω-</span> 
     </span>
    </p>
   </div>
   <div class='ocr_carea' id='block_1_20' title="bbox 2043 686 3619 760">
    <p class='ocr_par' dir='ltr' id='par_1_20' title="bbox 2043 686 3619 760">
     <span class='ocr_line' id='line_1_20' title="bbox 2043 686 3619 760; baseline -0.001 -17"><span class='ocrx_word' id='word_1_127' title='bbox 2043 686 2368 743; x_wconf 77' lang='lat' dir='ltr'><strong>Salvator”.</strong></span> <span class='ocrx_word' id='word_1_128' title='bbox 2399 687 2499 743; x_wconf 75' lang='lat' dir='ltr'><strong>llic</strong></span> <span class='ocrx_word' id='word_1_129' title='bbox 2548 687 2927 746; x_wconf 71' lang='lat' dir='ltr'><strong>fortitudinem</strong></span> <span class='ocrx_word' id='word_1_130' title='bbox 2979 706 3043 746; x_wconf 91' lang='lat' dir='ltr'><strong>ac</strong></span> <span class='ocrx_word' id='word_1_131' title='bbox 3088 691 3345 746; x_wconf 89' lang='lat' dir='ltr'><strong>virtutem</strong></span> <span class='ocrx_word' id='word_1_132' title='bbox 3395 689 3619 760; x_wconf 73' lang='lat' dir='ltr'><strong>largitur</strong></span> 
     </span>
    </p>
   </div>
   <div class='ocr_carea' id='block_1_21' title="bbox 2042 779 3619 851">
    <p class='ocr_par' dir='ltr' id='par_1_21' title="bbox 2042 779 3619 851">
     <span class='ocr_line' id='line_1_21' title="bbox 2042 779 3619 851; baseline 0.001 -18"><span class='ocrx_word' id='word_1_133' title='bbox 2042 779 2245 849; x_wconf 88' lang='lat' dir='ltr'><strong>populo</strong></span> <span class='ocrx_word' id='word_1_134' title='bbox 2297 794 2361 835; x_wconf 81' lang='lat' dir='ltr'><strong>ex</strong></span> <span class='ocrx_word' id='word_1_135' title='bbox 2415 781 2686 851; x_wconf 75' lang='lat' dir='ltr'><strong>gentibus,</strong></span> <span class='ocrx_word' id='word_1_136' title='bbox 2723 791 2784 837; x_wconf 89' lang='lat' dir='ltr'><strong>ut</strong></span> <span class='ocrx_word' id='word_1_137' title='bbox 2834 782 2905 837; x_wconf 89' lang='lat' dir='ltr'><strong>ab</strong></span> <span class='ocrx_word' id='word_1_138' title='bbox 2945 798 3131 838; x_wconf 86' lang='lat' dir='ltr'><strong>errore</strong></span> <span class='ocrx_word' id='word_1_139' title='bbox 3155 783 3383 845; x_wconf 81' lang='lat' dir='ltr'><strong>resiliat,</strong></span> <span class='ocrx_word' id='word_1_140' title='bbox 3435 791 3490 835; x_wconf 90' lang='lat' dir='ltr'><strong>et</strong></span> <span class='ocrx_word' id='word_1_141' title='bbox 3550 781 3619 835; x_wconf 86' lang='lat' dir='ltr'><strong>ad</strong></span> 
     </span>
    </p>
   </div>
   <div class='ocr_carea' id='block_1_22' title="bbox 2042 872 3620 946">
    <p class='ocr_par' dir='ltr' id='par_1_22' title="bbox 2042 872 3620 946">
     <span class='ocr_line' id='line_1_22' title="bbox 2042 872 3620 946; baseline 0 -21"><span class='ocrx_word' id='word_1_142' title='bbox 2042 872 2220 941; x_wconf 88' lang='lat' dir='ltr'><strong>ipsum</strong></span> <span class='ocrx_word' id='word_1_143' title='bbox 2248 881 2598 928; x_wconf 68' lang='lat' dir='ltr'><strong>convertatur</strong></span> <span class='ocrx_word' id='word_1_144' title='bbox 2624 890 2639 927; x_wconf 90' lang='lat'><strong>:</strong></span> <span class='ocrx_word' id='word_1_145' title='bbox 2669 875 2761 944; x_wconf 90' lang='lat' dir='ltr'><strong>qui</strong></span> <span class='ocrx_word' id='word_1_146' title='bbox 2789 884 3042 946; x_wconf 91' lang='lat' dir='ltr'><strong>tanquam</strong></span> <span class='ocrx_word' id='word_1_147' title='bbox 3073 876 3305 945; x_wconf 89' lang='lat' dir='ltr'><strong>populus</strong></span> <span class='ocrx_word' id='word_1_148' title='bbox 3326 876 3444 946; x_wconf 84' lang='lat' dir='ltr'><strong>ejus</strong></span> <span class='ocrx_word' id='word_1_149' title='bbox 3464 872 3620 929; x_wconf 83' lang='lat' dir='ltr'><strong>Chri-</strong></span> 
     </span>
    </p>
   </div>
   <div class='ocr_carea' id='block_1_23' title="bbox 2045 966 3209 1037">
    <p class='ocr_par' dir='ltr' id='par_1_23' title="bbox 2045 966 3209 1037">
     <span class='ocr_line' id='line_1_23' title="bbox 2045 966 3209 1037; baseline 0 -17"><span class='ocrx_word' id='word_1_150' title='bbox 2045 966 2209 1020; x_wconf 79' lang='lat' dir='ltr'><strong>stiani</strong></span> <span class='ocrx_word' id='word_1_151' title='bbox 2236 973 2462 1036; x_wconf 75' lang='lat' dir='ltr'><strong>propter</strong></span> <span class='ocrx_word' id='word_1_152' title='bbox 2490 966 2769 1021; x_wconf 81' lang='lat' dir='ltr'><strong>Christum</strong></span> <span class='ocrx_word' id='word_1_153' title='bbox 2803 976 3209 1037; x_wconf 88' lang='lat' dir='ltr'><strong>nuncupantur.</strong></span> 
     </span>
    </p>
   </div>
   <div class='ocr_carea' id='block_1_24' title="bbox 2537 1140 3129 1198">
    <p class='ocr_par' dir='ltr' id='par_1_24' title="bbox 2537 1140 3129 1198">
     <span class='ocr_line' id='line_1_24' title="bbox 2537 1140 3129 1198; baseline 0.003 -2"><span class='ocrx_word' id='word_1_154' title='bbox 2537 1140 2855 1198; x_wconf 77' lang='lat' dir='ltr'><strong>PSALMUS</strong></span> <span class='ocrx_word' id='word_1_155' title='bbox 2893 1140 3129 1198; x_wconf 77' lang='lat' dir='ltr'><strong>LXVIII.</strong></span> 
     </span>
    </p>
   </div>
   <div class='ocr_carea' id='block_1_25' title="bbox 2116 1232 3307 1290">
    <p class='ocr_par' dir='ltr' id='par_1_25' title="bbox 2116 1232 3307 1290">
     <span class='ocr_line' id='line_1_25' title="bbox 2116 1232 3307 1290; baseline -0.002 -3"><span class='ocrx_word' id='word_1_156' title='bbox 2116 1232 2275 1289; x_wconf 76' lang='lat' dir='ltr'><strong>Vens.</strong></span> <span class='ocrx_word' id='word_1_157' title='bbox 2308 1234 2359 1288; x_wconf 78' lang='grc'><strong>5.</strong></span> <span class='ocrx_word' id='word_1_158' title='bbox 2410 1252 2430 1286; x_wconf 77' lang='grc' dir='ltr'><strong>ι</strong></span> <span class='ocrx_word' id='word_1_159' title='bbox 2464 1232 2596 1288; x_wconf 84' lang='lat' dir='ltr'><strong>Veni</strong></span> <span class='ocrx_word' id='word_1_160' title='bbox 2624 1235 2680 1288; x_wconf 87' lang='lat' dir='ltr'><strong>in</strong></span> <span class='ocrx_word' id='word_1_161' title='bbox 2709 1235 3053 1290; x_wconf 84' lang='lat' dir='ltr'><strong>altitudinem</strong></span> <span class='ocrx_word' id='word_1_162' title='bbox 3082 1235 3270 1289; x_wconf 86' lang='lat' dir='ltr'><strong>maris.</strong></span> <span class='ocrx_word' id='word_1_163' title='bbox 3291 1254 3307 1284; x_wconf 75' lang='grc' dir='ltr'><strong>ι</strong></span> 
     </span>
    </p>
   </div>
   <div class='ocr_carea' id='block_1_26' title="bbox 2117 1324 3615 1395">
    <p class='ocr_par' dir='ltr' id='par_1_26' title="bbox 2117 1324 3615 1395">
     <span class='ocr_line' id='line_1_26' title="bbox 2117 1324 3615 1395; baseline 0 -15"><span class='ocrx_word' id='word_1_164' title='bbox 2117 1324 2184 1380; x_wconf 85' lang='lat' dir='ltr'><strong>Et</strong></span> <span class='ocrx_word' id='word_1_165' title='bbox 2202 1325 2476 1394; x_wconf 81' lang='lat' dir='ltr'><strong>quomodo</strong></span> <span class='ocrx_word' id='word_1_166' title='bbox 2501 1326 2621 1394; x_wconf 82' lang='lat' dir='ltr'><strong>quis</strong></span> <span class='ocrx_word' id='word_1_167' title='bbox 2646 1340 2872 1395; x_wconf 86' lang='lat' dir='ltr'><strong>sperans</strong></span> <span class='ocrx_word' id='word_1_168' title='bbox 2894 1325 2947 1379; x_wconf 91' lang='lat' dir='ltr'><strong>in</strong></span> <span class='ocrx_word' id='word_1_169' title='bbox 2977 1326 3150 1381; x_wconf 89' lang='lat' dir='ltr'><strong>Deum</strong></span> <span class='ocrx_word' id='word_1_170' title='bbox 3181 1326 3354 1382; x_wconf 84' lang='lat' dir='ltr'><strong>oculis</strong></span> <span class='ocrx_word' id='word_1_171' title='bbox 3378 1325 3615 1389; x_wconf 87' lang='lat' dir='ltr'><strong>deﬁciat,</strong></span> 
     </span>
    </p>
   </div>
   <div class='ocr_carea' id='block_1_27' title="bbox 2046 1414 3620 1486">
    <p class='ocr_par' dir='ltr' id='par_1_27' title="bbox 2046 1414 3620 1486">
     <span class='ocr_line' id='line_1_27' title="bbox 2046 1414 3620 1486; baseline -0.002 -13"><span class='ocrx_word' id='word_1_172' title='bbox 2046 1423 2104 1473; x_wconf 88' lang='lat' dir='ltr'><strong>et</strong></span> <span class='ocrx_word' id='word_1_173' title='bbox 2136 1432 2246 1472; x_wconf 88' lang='lat' dir='ltr'><strong>non</strong></span> <span class='ocrx_word' id='word_1_174' title='bbox 2275 1419 2457 1486; x_wconf 83' lang='lat' dir='ltr'><strong>potius</strong></span> <span class='ocrx_word' id='word_1_175' title='bbox 2488 1417 2872 1473; x_wconf 83' lang='lat' dir='ltr'><strong>corroboretur</strong></span> <span class='ocrx_word' id='word_1_176' title='bbox 2920 1433 2985 1472; x_wconf 88' lang='lat' dir='ltr'><strong>ac</strong></span> <span class='ocrx_word' id='word_1_177' title='bbox 3027 1416 3223 1472; x_wconf 80' lang='lat' dir='ltr'><strong>fortior</strong></span> <span class='ocrx_word' id='word_1_178' title='bbox 3249 1416 3481 1473; x_wconf 84' lang='lat' dir='ltr'><strong>evadat?</strong></span> <span class='ocrx_word' id='word_1_179' title='bbox 3516 1414 3620 1471; x_wconf 85' lang='lat' dir='ltr'><strong>Ve-</strong></span> 
     </span>
    </p>
   </div>
   <div class='ocr_carea' id='block_1_28' title="bbox 2046 1508 3621 1580">
    <p class='ocr_par' dir='ltr' id='par_1_28' title="bbox 2046 1508 3621 1580">
     <span class='ocr_line' id='line_1_28' title="bbox 2046 1508 3621 1580; baseline -0.002 -15"><span class='ocrx_word' id='word_1_180' title='bbox 2046 1524 2167 1565; x_wconf 83' lang='lat' dir='ltr'><strong>rum</strong></span> <span class='ocrx_word' id='word_1_181' title='bbox 2196 1510 2383 1565; x_wconf 90' lang='lat' dir='ltr'><strong>oculos</strong></span> <span class='ocrx_word' id='word_1_182' title='bbox 2413 1524 2542 1564; x_wconf 89' lang='lat' dir='ltr'><strong>suos</strong></span> <span class='ocrx_word' id='word_1_183' title='bbox 2564 1518 2722 1565; x_wconf 86' lang='lat' dir='ltr'><strong>vocat</strong></span> <span class='ocrx_word' id='word_1_184' title='bbox 2746 1511 3053 1580; x_wconf 81' lang='lat' dir='ltr'><strong>apostolos;</strong></span> <span class='ocrx_word' id='word_1_185' title='bbox 3082 1510 3148 1564; x_wconf 89' lang='lat' dir='ltr'><strong>de</strong></span> <span class='ocrx_word' id='word_1_186' title='bbox 3179 1509 3379 1578; x_wconf 87' lang='lat' dir='ltr'><strong>quibus</strong></span> <span class='ocrx_word' id='word_1_187' title='bbox 3406 1509 3459 1564; x_wconf 92' lang='lat' dir='ltr'><strong>in</strong></span> <span class='ocrx_word' id='word_1_188' title='bbox 3475 1508 3621 1564; x_wconf 87' lang='lat' dir='ltr'><strong>Can-</strong></span> 
     </span>
    </p>
   </div>
   <div class='ocr_carea' id='block_1_29' title="bbox 2049 1599 3626 1669">
    <p class='ocr_par' dir='ltr' id='par_1_29' title="bbox 2049 1599 3626 1669">
     <span class='ocr_line' id='line_1_29' title="bbox 2049 1599 3626 1669; baseline -0.001 -15"><span class='ocrx_word' id='word_1_189' title='bbox 2049 1599 2171 1655; x_wconf 78' lang='lat' dir='ltr'><strong>ticis</strong></span> <span class='ocrx_word' id='word_1_190' title='bbox 2214 1601 2290 1655; x_wconf 85' lang='lat' dir='ltr'><strong>ait</strong></span> <span class='ocrx_word' id='word_1_191' title='bbox 2338 1617 2352 1654; x_wconf 92' lang='lat'>:</span> <span class='ocrx_word' id='word_1_192' title='bbox 2404 1599 2558 1656; x_wconf 80' lang='lat' dir='ltr'><strong>Oculi</strong></span> <span class='ocrx_word' id='word_1_193' title='bbox 2608 1601 2685 1654; x_wconf 86' lang='lat' dir='ltr'><strong>tui</strong></span> <span class='ocrx_word' id='word_1_194' title='bbox 2729 1600 2982 1655; x_wconf 70' lang='lat' dir='ltr'><strong>columba:</strong></span> <span class='ocrx_word' id='word_1_195' title='bbox 3008 1640 3023 1665; x_wconf 91' lang='lat'><strong>,</strong></span> <span class='ocrx_word' id='word_1_196' title='bbox 3069 1617 3229 1669; x_wconf 80' lang='lat' dir='ltr'><strong>super</strong></span> <span class='ocrx_word' id='word_1_197' title='bbox 3274 1600 3626 1669; x_wconf 69' lang='lat' dir='ltr'><strong>plenitudine:</strong></span> 
     </span>
    </p>
   </div>
   <div class='ocr_carea' id='block_1_30' title="bbox 2047 1688 3624 1763">
    <p class='ocr_par' dir='ltr' id='par_1_30' title="bbox 2047 1688 3624 1763">
     <span class='ocr_line' id='line_1_30' title="bbox 2047 1688 3624 1763; baseline -0.001 -19"><span class='ocrx_word' id='word_1_198' title='bbox 2047 1706 2309 1761; x_wconf 83' lang='lat' dir='ltr'><strong>aquarum</strong></span> <span class='ocrx_word' id='word_1_199' title='bbox 2326 1691 2393 1757; x_wconf 82' lang='grc'><strong>⁸⁸,</strong></span> <span class='ocrx_word' id='word_1_200' title='bbox 2426 1689 2714 1763; x_wconf 85' lang='lat' dir='ltr'><strong>[alludens]</strong></span> <span class='ocrx_word' id='word_1_201' title='bbox 2762 1691 2830 1746; x_wconf 86' lang='lat' dir='ltr'><strong>ad</strong></span> <span class='ocrx_word' id='word_1_202' title='bbox 2879 1691 3083 1746; x_wconf 89' lang='lat' dir='ltr'><strong>donum</strong></span> <span class='ocrx_word' id='word_1_203' title='bbox 3124 1689 3469 1760; x_wconf 77' lang='lat' dir='ltr'><strong>baptismatis</strong></span> <span class='ocrx_word' id='word_1_204' title='bbox 3501 1706 3512 1741; x_wconf 91' lang='lat'><strong>:</strong></span> <span class='ocrx_word' id='word_1_205' title='bbox 3552 1688 3624 1743; x_wconf 87' lang='lat' dir='ltr'><strong>ibi</strong></span> 
     </span>
    </p>
   </div>
   <div class='ocr_carea' id='block_1_31' title="bbox 379 1776 1949 1853">
    <p class='ocr_par' dir='ltr' id='par_1_31' title="bbox 379 1776 1943 1853">
     <span class='ocr_line' id='line_1_31' title="bbox 379 1776 1943 1853; baseline -0.003 -18"><span class='ocrx_word' id='word_1_206' title='bbox 379 1783 507 1853; x_wconf 81' lang='grc' dir='ltr'>ρεὰν</span> <span class='ocrx_word' id='word_1_207' title='bbox 542 1783 636 1835; x_wconf 86' lang='grc' dir='ltr'><strong>τοῦ</strong></span> <span class='ocrx_word' id='word_1_208' title='bbox 676 1782 1079 1852; x_wconf 80' lang='grc' dir='ltr'><strong>βαπτίσματος·</strong></span> <span class='ocrx_word' id='word_1_209' title='bbox 1105 1783 1225 1834; x_wconf 79' lang='grc' dir='ltr'>ἐκεῖ</span> <span class='ocrx_word' id='word_1_210' title='bbox 1251 1782 1359 1853; x_wconf 83' lang='grc' dir='ltr'>γὰρ</span> <span class='ocrx_word' id='word_1_211' title='bbox 1395 1781 1494 1851; x_wconf 80' lang='grc' dir='ltr'>τὴν</span> <span class='ocrx_word' id='word_1_212' title='bbox 1524 1779 1814 1850; x_wconf 77' lang='grc' dir='ltr'><strong>μετουσίαν</strong></span> <span class='ocrx_word' id='word_1_213' title='bbox 1849 1776 1943 1833; x_wconf 89' lang='grc' dir='ltr'><strong>τοῦ</strong></span> 
     </span>
    </p>
   </div>
   <div class='ocr_carea' id='block_1_32' title="bbox 2050 1776 3622 1853">
    <p class='ocr_par' dir='ltr' id='par_1_32' title="bbox 2050 1776 3622 1850">
     <span class='ocr_line' id='line_1_32' title="bbox 2050 1776 3622 1850; baseline -0.003 -16"><span class='ocrx_word' id='word_1_214' title='bbox 2050 1780 2195 1834; x_wconf 88' lang='lat' dir='ltr'><strong>enim</strong></span> <span class='ocrx_word' id='word_1_215' title='bbox 2227 1779 2462 1849; x_wconf 89' lang='lat' dir='ltr'><strong>Spiritus</strong></span> <span class='ocrx_word' id='word_1_216' title='bbox 2492 1778 2962 1850; x_wconf 82' lang='lat' dir='ltr'><strong>participationem</strong></span> <span class='ocrx_word' id='word_1_217' title='bbox 2987 1776 3219 1848; x_wconf 62' lang='lat' dir='ltr'><strong>prmbuit</strong></span> <span class='ocrx_word' id='word_1_218' title='bbox 3253 1776 3622 1831; x_wconf 86' lang='lat' dir='ltr'><strong>credentibus.</strong></span> 
     </span>
    </p>
   </div>
   <div class='ocr_carea' id='block_1_33' title="bbox 377 1847 1949 1945">
    <p class='ocr_par' dir='ltr' id='par_1_33' title="bbox 377 1847 1944 1945">
     <span class='ocr_line' id='line_1_33' title="bbox 377 1847 1944 1945; baseline -0.001 -17"><span class='ocrx_word' id='word_1_219' title='bbox 377 1847 688 1944; x_wconf 63' lang='grc' dir='ltr'>ίίνεύματος</span> <span class='ocrx_word' id='word_1_220' title='bbox 721 1847 962 1945; x_wconf 77' lang='grc' dir='ltr'>παρέσχε</span> <span class='ocrx_word' id='word_1_221' title='bbox 988 1875 1100 1937; x_wconf 82' lang='grc' dir='ltr'>τοῖς</span> <span class='ocrx_word' id='word_1_222' title='bbox 1125 1847 1489 1927; x_wconf 81' lang='grc' dir='ltr'>πιστεύουσιν.</span> <span class='ocrx_word' id='word_1_223' title='bbox 1512 1847 1670 1926; x_wconf 75' lang='grc' dir='ltr'>Θῦτω</span> <span class='ocrx_word' id='word_1_224' title='bbox 1696 1872 1837 1925; x_wconf 84' lang='grc' dir='ltr'>κατὰ</span> <span class='ocrx_word' id='word_1_225' title='bbox 1854 1871 1944 1926; x_wconf 70' lang='grc' dir='ltr'><strong>τὸν</strong></span> 
     </span>
    </p>
   </div>
   <div class='ocr_carea' id='block_1_34' title="bbox 2050 1847 3622 1945">
    <p class='ocr_par' dir='ltr' id='par_1_34' title="bbox 2050 1847 3622 1942">
     <span class='ocr_line' id='line_1_34' title="bbox 2050 1847 3622 1942; baseline 0.001 -17"><span class='ocrx_word' id='word_1_226' title='bbox 2050 1869 2137 1926; x_wconf 87' lang='lat' dir='ltr'><strong>Sic</strong></span> <span class='ocrx_word' id='word_1_227' title='bbox 2163 1847 2405 1942; x_wconf 81' lang='lat' dir='ltr'><strong>tempore</strong></span> <span class='ocrx_word' id='word_1_228' title='bbox 2431 1847 2704 1941; x_wconf 75' lang='lat' dir='ltr'><strong>passionis</strong></span> <span class='ocrx_word' id='word_1_229' title='bbox 2731 1847 3072 1935; x_wconf 78' lang='lat' dir='ltr'><strong>defecerunt,</strong></span> <span class='ocrx_word' id='word_1_230' title='bbox 3113 1877 3169 1924; x_wconf 89' lang='lat' dir='ltr'><strong>et</strong></span> <span class='ocrx_word' id='word_1_231' title='bbox 3202 1868 3446 1938; x_wconf 86' lang='lat' dir='ltr'><strong>dissipati</strong></span> <span class='ocrx_word' id='word_1_232' title='bbox 3476 1876 3622 1926; x_wconf 86' lang='lat' dir='ltr'><strong>sunt.</strong></span> 
     </span>
    </p>
   </div>
   <div class='ocr_carea' id='block_1_35' title="bbox 375 1961 1944 2038">
    <p class='ocr_par' dir='ltr' id='par_1_35' title="bbox 375 1961 1944 2038">
     <span class='ocr_line' id='line_1_35' title="bbox 375 1961 1944 2038; baseline -0.003 -20"><span class='ocrx_word' id='word_1_233' title='bbox 375 1967 565 2038; x_wconf 83' lang='grc' dir='ltr'>καιρὸν</span> <span class='ocrx_word' id='word_1_234' title='bbox 596 1962 689 2017; x_wconf 89' lang='grc' dir='ltr'><strong>τοῦ</strong></span> <span class='ocrx_word' id='word_1_235' title='bbox 723 1963 931 2027; x_wconf 79' lang='grc' dir='ltr'><strong>πάθους</strong></span> <span class='ocrx_word' id='word_1_236' title='bbox 958 1963 1207 2029; x_wconf 80' lang='grc' dir='ltr'>ὲξέλιπόν</span> <span class='ocrx_word' id='word_1_237' title='bbox 1236 1979 1294 2016; x_wconf 88' lang='grc' dir='ltr'><strong>τε</strong></span> <span class='ocrx_word' id='word_1_238' title='bbox 1348 1962 1441 2016; x_wconf 73' lang='grc' dir='ltr'>καὶ</span> <span class='ocrx_word' id='word_1_239' title='bbox 1483 1961 1944 2034; x_wconf 77' lang='grc' dir='ltr'>ἐσκορπίσθησαν,</span> 
     </span>
    </p>
   </div>
   <div class='ocr_carea' id='block_1_36' title="bbox 375 2051 1948 2126">
    <p class='ocr_par' dir='ltr' id='par_1_36' title="bbox 375 2051 1948 2126">
     <span class='ocr_line' id='line_1_36' title="bbox 375 2051 1948 2126; baseline -0.001 -20"><span class='ocrx_word' id='word_1_240' title='bbox 375 2054 608 2126; x_wconf 87' lang='grc' dir='ltr'>ὁρῶντες</span> <span class='ocrx_word' id='word_1_241' title='bbox 636 2054 869 2125; x_wconf 81' lang='grc' dir='ltr'>Χριστδν</span> <span class='ocrx_word' id='word_1_242' title='bbox 898 2055 993 2108; x_wconf 74' lang='grc' dir='ltr'><strong>ἐπὶ</strong></span> <span class='ocrx_word' id='word_1_243' title='bbox 1019 2053 1110 2108; x_wconf 80' lang='grc' dir='ltr'>τὸν</span> <span class='ocrx_word' id='word_1_244' title='bbox 1132 2053 1265 2107; x_wconf 84' lang='grc' dir='ltr'>Θεὸν</span> <span class='ocrx_word' id='word_1_245' title='bbox 1284 2052 1375 2106; x_wconf 72' lang='grc' dir='ltr'>τὸν</span> <span class='ocrx_word' id='word_1_246' title='bbox 1394 2051 1610 2123; x_wconf 81' lang='grc' dir='ltr'><strong>Πατέρα</strong></span> <span class='ocrx_word' id='word_1_247' title='bbox 1636 2051 1727 2106; x_wconf 84' lang='grc' dir='ltr'>τὸν</span> <span class='ocrx_word' id='word_1_248' title='bbox 1749 2053 1948 2106; x_wconf 78' lang='grc' dir='ltr'>οίκείον</span> 
     </span>
    </p>
   </div>
   <div class='ocr_carea' id='block_1_37' title="bbox 377 2144 1948 2216">
    <p class='ocr_par' dir='ltr' id='par_1_37' title="bbox 377 2144 1948 2216">
     <span class='ocr_line' id='line_1_37' title="bbox 377 2144 1948 2216; baseline -0.001 -17"><span class='ocrx_word' id='word_1_249' title='bbox 377 2147 677 2212; x_wconf 64' lang='grc' dir='ltr'>ἐλπίζοντα,</span> <span class='ocrx_word' id='word_1_250' title='bbox 705 2148 799 2200; x_wconf 71' lang='grc' dir='ltr'>καὶ</span> <span class='ocrx_word' id='word_1_251' title='bbox 847 2145 1075 2216; x_wconf 83' lang='grc' dir='ltr'>λέγοντα</span> <span class='ocrx_word' id='word_1_252' title='bbox 1095 2160 1109 2175; x_wconf 91' lang='grc'><strong>·</strong></span> <span class='ocrx_word' id='word_1_253' title='bbox 1150 2144 1342 2211; x_wconf 76' lang='grc' dir='ltr'><strong>Ἔλωϊ,</strong></span> <span class='ocrx_word' id='word_1_254' title='bbox 1373 2144 1561 2209; x_wconf 70' lang='grc' dir='ltr'><strong>Ἑλωτ,</strong></span> <span class='ocrx_word' id='word_1_255' title='bbox 1595 2144 1948 2213; x_wconf 73' lang='grc' dir='ltr'>λαμασαὸα-</span> 
     </span>
    </p>
   </div>
   <div class='ocr_carea' id='block_1_38' title="bbox 375 2235 1949 2311">
    <p class='ocr_par' dir='ltr' id='par_1_38' title="bbox 375 2235 1949 2311">
     <span class='ocr_line' id='line_1_38' title="bbox 375 2235 1949 2311; baseline -0.003 -17"><span class='ocrx_word' id='word_1_256' title='bbox 375 2239 570 2309; x_wconf 81' lang='grc' dir='ltr'>χθανή</span> <span class='ocrx_word' id='word_1_257' title='bbox 591 2254 606 2271; x_wconf 91' lang='grc'><strong>·</strong></span> <span class='ocrx_word' id='word_1_258' title='bbox 647 2239 876 2310; x_wconf 76' lang='grc' dir='ltr'>ἠγνόουν</span> <span class='ocrx_word' id='word_1_259' title='bbox 905 2239 1012 2310; x_wconf 80' lang='grc' dir='ltr'><strong>γὰρ</strong></span> <span class='ocrx_word' id='word_1_260' title='bbox 1041 2238 1125 2293; x_wconf 81' lang='grc' dir='ltr'>ὅτι</span> <span class='ocrx_word' id='word_1_261' title='bbox 1156 2238 1257 2311; x_wconf 74' lang='grc' dir='ltr'>τὴν</span> <span class='ocrx_word' id='word_1_262' title='bbox 1300 2236 1531 2308; x_wconf 84' lang='grc' dir='ltr'>δύναμιν</span> <span class='ocrx_word' id='word_1_263' title='bbox 1560 2236 1659 2308; x_wconf 83' lang='grc' dir='ltr'>τὴν</span> <span class='ocrx_word' id='word_1_264' title='bbox 1686 2235 1893 2291; x_wconf 78' lang='grc' dir='ltr'>οίκείαν</span> <span class='ocrx_word' id='word_1_265' title='bbox 1920 2237 1949 2289; x_wconf 83' lang='grc' dir='ltr'>ὁ</span> 
     </span>
    </p>
   </div>
   <div class='ocr_carea' id='block_1_39' title="bbox 372 2326 1946 2403">
    <p class='ocr_par' dir='ltr' id='par_1_39' title="bbox 372 2326 1946 2403">
     <span class='ocr_line' id='line_1_39' title="bbox 372 2326 1946 2403; baseline -0.002 -20"><span class='ocrx_word' id='word_1_266' title='bbox 372 2332 508 2395; x_wconf 75' lang='grc' dir='ltr'>Θεὸς</span> <span class='ocrx_word' id='word_1_267' title='bbox 541 2330 910 2398; x_wconf 79' lang='grc' dir='ltr'>συνέστελλεν,</span> <span class='ocrx_word' id='word_1_268' title='bbox 943 2329 1084 2385; x_wconf 78' lang='grc' dir='ltr'>ὥστε</span> <span class='ocrx_word' id='word_1_269' title='bbox 1114 2330 1303 2403; x_wconf 83' lang='grc' dir='ltr'>καιρὸν</span> <span class='ocrx_word' id='word_1_270' title='bbox 1332 2328 1582 2399; x_wconf 79' lang='grc' dir='ltr'>γενέσθαι</span> <span class='ocrx_word' id='word_1_271' title='bbox 1621 2328 1729 2391; x_wconf 85' lang='grc' dir='ltr'>τοῖς</span> <span class='ocrx_word' id='word_1_272' title='bbox 1769 2326 1946 2397; x_wconf 79' lang='grc' dir='ltr'>παθή-</span> 
     </span>
    </p>
   </div>
   <div class='ocr_carea' id='block_1_40' title="bbox 381 2439 564 2493">
    <p class='ocr_par' dir='ltr' id='par_1_40' title="bbox 381 2439 564 2493">
     <span class='ocr_line' id='line_1_40' title="bbox 381 2439 564 2493; baseline 0.005 -18"><span class='ocrx_word' id='word_1_273' title='bbox 381 2439 564 2493; x_wconf 80' lang='grc' dir='ltr'><strong>μασιν.</strong></span> 
     </span>
    </p>
   </div>
   <div class='ocr_carea' id='block_1_41' title="bbox 452 2509 1519 2583">
    <p class='ocr_par' dir='ltr' id='par_1_41' title="bbox 452 2509 1519 2583">
     <span class='ocr_line' id='line_1_41' title="bbox 452 2509 1519 2583; baseline -0.003 -18"><span class='ocrx_word' id='word_1_274' title='bbox 452 2531 470 2565; x_wconf 85' lang='grc' dir='ltr'><strong>ι</strong></span> <span class='ocrx_word' id='word_1_275' title='bbox 492 2510 935 2583; x_wconf 79' lang='grc' dir='ltr'>Ἑπληθύνθησαν</span> <span class='ocrx_word' id='word_1_276' title='bbox 958 2510 1101 2581; x_wconf 75' lang='grc' dir='ltr'><strong>ὑπὲρ</strong></span> <span class='ocrx_word' id='word_1_277' title='bbox 1124 2509 1224 2574; x_wconf 77' lang='grc' dir='ltr'>τὰς</span> <span class='ocrx_word' id='word_1_278' title='bbox 1253 2510 1466 2581; x_wconf 71' lang='grc' dir='ltr'>τρίχας.</span> <span class='ocrx_word' id='word_1_279' title='bbox 1501 2529 1519 2562; x_wconf 77' lang='grc' dir='ltr'><strong>ι</strong></span> 
     </span>
    </p>
   </div>
   <div class='ocr_carea' id='block_1_42' title="bbox 449 2601 1947 2676">
    <p class='ocr_par' dir='ltr' id='par_1_42' title="bbox 449 2601 1947 2676">
     <span class='ocr_line' id='line_1_42' title="bbox 449 2601 1947 2676; baseline -0.001 -19"><span class='ocrx_word' id='word_1_280' title='bbox 449 2605 654 2676; x_wconf 80' lang='grc' dir='ltr'>Τρίχας</span> <span class='ocrx_word' id='word_1_281' title='bbox 693 2601 888 2658; x_wconf 75' lang='grc' dir='ltr'>ἑαυτοῦ</span> <span class='ocrx_word' id='word_1_282' title='bbox 928 2602 1055 2667; x_wconf 86' lang='grc' dir='ltr'>τοὺς</span> <span class='ocrx_word' id='word_1_283' title='bbox 1101 2603 1324 2666; x_wconf 79' lang='grc' dir='ltr'>πιστοὺς</span> <span class='ocrx_word' id='word_1_284' title='bbox 1352 2603 1744 2675; x_wconf 78' lang='grc' dir='ltr'>λέγει.Ὤσπερ</span> <span class='ocrx_word' id='word_1_285' title='bbox 1777 2603 1885 2673; x_wconf 84' lang='grc' dir='ltr'><strong>γὰρ</strong></span> <span class='ocrx_word' id='word_1_286' title='bbox 1914 2604 1947 2674; x_wconf 75' lang='grc' dir='ltr'><strong>ὴ</strong></span> 
     </span>
    </p>
   </div>
   <div class='ocr_carea' id='block_1_43' title="bbox 379 2692 1949 2767">
    <p class='ocr_par' dir='ltr' id='par_1_43' title="bbox 379 2692 1949 2767">
     <span class='ocr_line' id='line_1_43' title="bbox 379 2692 1949 2767; baseline -0.002 -18"><span class='ocrx_word' id='word_1_287' title='bbox 379 2696 591 2767; x_wconf 82' lang='grc' dir='ltr'>κεφαλὴ</span> <span class='ocrx_word' id='word_1_288' title='bbox 623 2696 716 2751; x_wconf 74' lang='grc' dir='ltr'><strong>ἐπὶ</strong></span> <span class='ocrx_word' id='word_1_289' title='bbox 738 2698 857 2758; x_wconf 86' lang='grc' dir='ltr'>ταῖς</span> <span class='ocrx_word' id='word_1_290' title='bbox 885 2693 1079 2764; x_wconf 72' lang='grc' dir='ltr'>θριξὶν,</span> <span class='ocrx_word' id='word_1_291' title='bbox 1107 2692 1370 2748; x_wconf 72' lang='grc' dir='ltr'>οὕτωκαὶ</span> <span class='ocrx_word' id='word_1_292' title='bbox 1398 2696 1427 2748; x_wconf 83' lang='grc' dir='ltr'><strong>ὁ</strong></span> <span class='ocrx_word' id='word_1_293' title='bbox 1454 2694 1687 2766; x_wconf 77' lang='grc' dir='ltr'>Χριστὸς</span> <span class='ocrx_word' id='word_1_294' title='bbox 1720 2692 1811 2749; x_wconf 74' lang='grc' dir='ltr'><strong>ἐπὶ</strong></span> <span class='ocrx_word' id='word_1_295' title='bbox 1839 2697 1949 2758; x_wconf 88' lang='grc' dir='ltr'>τοῖς</span> 
     </span>
    </p>
   </div>
   <div class='ocr_carea' id='block_1_44' title="bbox 382 2787 963 2856">
    <p class='ocr_par' dir='ltr' id='par_1_44' title="bbox 382 2787 963 2856">
     <span class='ocr_line' id='line_1_44' title="bbox 382 2787 963 2856; baseline 0.002 -17"><span class='ocrx_word' id='word_1_296' title='bbox 382 2791 593 2851; x_wconf 72' lang='grc' dir='ltr'>πιστοῖς</span> <span class='ocrx_word' id='word_1_297' title='bbox 618 2787 963 2856; x_wconf 79' lang='grc' dir='ltr'><strong>σεμνύνεται.</strong></span> 
     </span>
    </p>
   </div>
   <div class='ocr_carea' id='block_1_45' title="bbox 457 2876 1397 2950">
    <p class='ocr_par' dir='ltr' id='par_1_45' title="bbox 457 2876 1397 2950">
     <span class='ocr_line' id='line_1_45' title="bbox 457 2876 1397 2950; baseline -0.001 -20"><span class='ocrx_word' id='word_1_298' title='bbox 457 2900 474 2930; x_wconf 80' lang='grc' dir='ltr'><strong>ι</strong></span> <span class='ocrx_word' id='word_1_299' title='bbox 498 2878 1030 2949; x_wconf 82' lang='grc' dir='ltr'>Ἀπηλλοτριωμένος</span> <span class='ocrx_word' id='word_1_300' title='bbox 1064 2876 1345 2950; x_wconf 72' lang='grc' dir='ltr'>ἐγενήθην.</span> <span class='ocrx_word' id='word_1_301' title='bbox 1376 2895 1397 2929; x_wconf 82' lang='grc'><strong>›</strong></span> 
     </span>
    </p>
   </div>
   <div class='ocr_carea' id='block_1_46' title="bbox 448 2968 1951 3040">
    <p class='ocr_par' dir='ltr' id='par_1_46' title="bbox 448 2968 1951 3040">
     <span class='ocr_line' id='line_1_46' title="bbox 448 2968 1951 3040; baseline -0.001 -18"><span class='ocrx_word' id='word_1_302' title='bbox 448 2970 607 3033; x_wconf 80' lang='grc' dir='ltr'>Ξένος</span> <span class='ocrx_word' id='word_1_303' title='bbox 633 2970 825 3038; x_wconf 80' lang='grc' dir='ltr'>γέγονε</span> <span class='ocrx_word' id='word_1_304' title='bbox 859 2970 1003 3024; x_wconf 86' lang='grc' dir='ltr'>κατά</span> <span class='ocrx_word' id='word_1_305' title='bbox 1026 2970 1116 3024; x_wconf 86' lang='grc' dir='ltr'>τὸν</span> <span class='ocrx_word' id='word_1_306' title='bbox 1142 2970 1330 3040; x_wconf 83' lang='grc' dir='ltr'>καιρὸν</span> <span class='ocrx_word' id='word_1_307' title='bbox 1351 2968 1445 3022; x_wconf 91' lang='grc' dir='ltr'><strong>τοῦ</strong></span> <span class='ocrx_word' id='word_1_308' title='bbox 1464 2968 1691 3031; x_wconf 74' lang='grc' dir='ltr'>πάθους,</span> <span class='ocrx_word' id='word_1_309' title='bbox 1709 2969 1798 3021; x_wconf 83' lang='grc' dir='ltr'>ὅτε</span> <span class='ocrx_word' id='word_1_310' title='bbox 1817 2969 1951 3022; x_wconf 81' lang='grc' dir='ltr'><strong>πάν-</strong></span> 
     </span>
    </p>
   </div>
   <div class='ocr_carea' id='block_1_47' title="bbox 379 3057 1951 3130">
    <p class='ocr_par' dir='ltr' id='par_1_47' title="bbox 379 3057 1951 3130">
     <span class='ocr_line' id='line_1_47' title="bbox 379 3057 1951 3130; baseline 0 -20"><span class='ocrx_word' id='word_1_311' title='bbox 379 3076 470 3120; x_wconf 84' lang='grc' dir='ltr'><strong>τες</strong></span> <span class='ocrx_word' id='word_1_312' title='bbox 500 3060 551 3111; x_wconf 84' lang='grc' dir='ltr'><strong>οί</strong></span> <span class='ocrx_word' id='word_1_313' title='bbox 584 3059 819 3127; x_wconf 79' lang='grc' dir='ltr'>μαθηταὶ</span> <span class='ocrx_word' id='word_1_314' title='bbox 844 3058 1006 3111; x_wconf 84' lang='grc' dir='ltr'>αὑτοῦ</span> <span class='ocrx_word' id='word_1_315' title='bbox 1037 3058 1265 3127; x_wconf 80' lang='grc' dir='ltr'><strong>ἀφέντες</strong></span> <span class='ocrx_word' id='word_1_316' title='bbox 1289 3058 1450 3112; x_wconf 78' lang='grc' dir='ltr'>αὑτὸν</span> <span class='ocrx_word' id='word_1_317' title='bbox 1481 3057 1702 3127; x_wconf 77' lang='grc' dir='ltr'>ἔφυγον.</span> <span class='ocrx_word' id='word_1_318' title='bbox 1725 3058 1951 3130; x_wconf 82' lang='grc' dir='ltr'><strong>Μητέρα</strong></span> 
     </span>
    </p>
   </div>
   <div class='ocr_carea' id='block_1_48' title="bbox 2046 1961 3622 2030">
    <p class='ocr_par' dir='ltr' id='par_1_48' title="bbox 2046 1961 3622 2030">
     <span class='ocr_line' id='line_1_48' title="bbox 2046 1961 3622 2030; baseline -0.003 -13"><span class='ocrx_word' id='word_1_319' title='bbox 2046 1962 2294 2019; x_wconf 83' lang='lat' dir='ltr'><strong>videntes</strong></span> <span class='ocrx_word' id='word_1_320' title='bbox 2318 1963 2595 2019; x_wconf 84' lang='lat' dir='ltr'><strong>Christum</strong></span> <span class='ocrx_word' id='word_1_321' title='bbox 2624 1963 2678 2019; x_wconf 91' lang='lat' dir='ltr'><strong>in</strong></span> <span class='ocrx_word' id='word_1_322' title='bbox 2707 1964 2872 2018; x_wconf 88' lang='lat' dir='ltr'><strong>Deum</strong></span> <span class='ocrx_word' id='word_1_323' title='bbox 2896 1961 3110 2017; x_wconf 81' lang='lat' dir='ltr'><strong>Patrem</strong></span> <span class='ocrx_word' id='word_1_324' title='bbox 3133 1976 3294 2016; x_wconf 90' lang='lat' dir='ltr'><strong>suum</strong></span> <span class='ocrx_word' id='word_1_325' title='bbox 3315 1967 3622 2030; x_wconf 81' lang='lat' dir='ltr'><strong>Sperantem</strong></span> 
     </span>
    </p>
   </div>
   <div class='ocr_carea' id='block_1_49' title="bbox 2046 2051 3624 2121">
    <p class='ocr_par' dir='ltr' id='par_1_49' title="bbox 2046 2051 3624 2121">
     <span class='ocr_line' id='line_1_49' title="bbox 2046 2051 3624 2121; baseline -0.003 -12"><span class='ocrx_word' id='word_1_326' title='bbox 2046 2062 2101 2109; x_wconf 89' lang='lat' dir='ltr'><strong>et</strong></span> <span class='ocrx_word' id='word_1_327' title='bbox 2119 2055 2392 2111; x_wconf 84' lang='lat' dir='ltr'><strong>dicentem</strong></span> <span class='ocrx_word' id='word_1_328' title='bbox 2424 2072 2436 2108; x_wconf 92' lang='lat'><strong>:</strong></span> <span class='ocrx_word' id='word_1_329' title='bbox 2460 2054 2580 2108; x_wconf 82' lang='lat' dir='ltr'><strong>Elei</strong></span> <span class='ocrx_word' id='word_1_330' title='bbox 2601 2097 2616 2121; x_wconf 91' lang='lat'><strong>,</strong></span> <span class='ocrx_word' id='word_1_331' title='bbox 2639 2054 2780 2119; x_wconf 83' lang='lat' dir='ltr'><strong>Eloi,</strong></span> <span class='ocrx_word' id='word_1_332' title='bbox 2822 2053 3021 2107; x_wconf 81' lang='lat' dir='ltr'><strong>lamma</strong></span> <span class='ocrx_word' id='word_1_333' title='bbox 3047 2051 3396 2106; x_wconf 72' lang='lat' dir='ltr'><strong>mbae/uitaui</strong></span> <span class='ocrx_word' id='word_1_334' title='bbox 3413 2051 3457 2083; x_wconf 81' lang='grc'><strong>⁵⁹</strong></span> <span class='ocrx_word' id='word_1_335' title='bbox 3485 2068 3499 2104; x_wconf 86' lang='lat'><strong>:</strong></span> <span class='ocrx_word' id='word_1_336' title='bbox 3527 2064 3624 2104; x_wconf 83' lang='lat' dir='ltr'><strong>ne-</strong></span> 
     </span>
    </p>
   </div>
   <div class='ocr_carea' id='block_1_50' title="bbox 2047 2142 3625 2214">
    <p class='ocr_par' dir='ltr' id='par_1_50' title="bbox 2047 2142 3625 2214">
     <span class='ocr_line' id='line_1_50' title="bbox 2047 2142 3625 2214; baseline -0.002 -15"><span class='ocrx_word' id='word_1_337' title='bbox 2047 2146 2291 2201; x_wconf 87' lang='lat' dir='ltr'><strong>sciebant</strong></span> <span class='ocrx_word' id='word_1_338' title='bbox 2329 2161 2527 2213; x_wconf 88' lang='lat' dir='ltr'><strong>nempe</strong></span> <span class='ocrx_word' id='word_1_339' title='bbox 2576 2149 2745 2200; x_wconf 88' lang='lat' dir='ltr'><strong>Deum</strong></span> <span class='ocrx_word' id='word_1_340' title='bbox 2794 2145 3052 2200; x_wconf 88' lang='lat' dir='ltr'><strong>virtutem</strong></span> <span class='ocrx_word' id='word_1_341' title='bbox 3085 2142 3360 2214; x_wconf 87' lang='lat' dir='ltr'><strong>propriam</strong></span> <span class='ocrx_word' id='word_1_342' title='bbox 3407 2150 3625 2198; x_wconf 80' lang='lat' dir='ltr'><strong>contra—</strong></span> 
     </span>
    </p>
   </div>
   <div class='ocr_carea' id='block_1_51' title="bbox 2048 2237 3252 2310">
    <p class='ocr_par' dir='ltr' id='par_1_51' title="bbox 2048 2237 3252 2310">
     <span class='ocr_line' id='line_1_51' title="bbox 2048 2237 3252 2310; baseline -0.003 -17"><span class='ocrx_word' id='word_1_343' title='bbox 2048 2237 2215 2306; x_wconf 81' lang='lat' dir='ltr'><strong>xis’se,</strong></span> <span class='ocrx_word' id='word_1_344' title='bbox 2244 2249 2303 2294; x_wconf 89' lang='lat' dir='ltr'><strong>ut</strong></span> <span class='ocrx_word' id='word_1_345' title='bbox 2328 2238 2713 2310; x_wconf 82' lang='lat' dir='ltr'><strong>opportunitas</strong></span> <span class='ocrx_word' id='word_1_346' title='bbox 2736 2238 2963 2292; x_wconf 82' lang='lat' dir='ltr'><strong>daretur</strong></span> <span class='ocrx_word' id='word_1_347' title='bbox 2991 2237 3252 2306; x_wconf 81' lang='lat' dir='ltr'><strong>patiendi.</strong></span> 
     </span>
    </p>
   </div>
   <div class='ocr_carea' id='block_1_52' title="bbox 2122 2497 3462 2567">
    <p class='ocr_par' dir='ltr' id='par_1_52' title="bbox 2122 2497 3462 2567">
     <span class='ocr_line' id='line_1_52' title="bbox 2122 2497 3462 2567; baseline -0.001 -16"><span class='ocrx_word' id='word_1_348' title='bbox 2122 2497 2282 2552; x_wconf 75' lang='lat' dir='ltr'><strong>Vens.</strong></span> <span class='ocrx_word' id='word_1_349' title='bbox 2311 2497 2362 2552; x_wconf 85' lang='lat'><strong>5.</strong></span> <span class='ocrx_word' id='word_1_350' title='bbox 2412 2516 2431 2549; x_wconf 79' lang='grc' dir='ltr'><strong>ι</strong></span> <span class='ocrx_word' id='word_1_351' title='bbox 2462 2497 2799 2567; x_wconf 78' lang='lat' dir='ltr'><strong>Multiplicati</strong></span> <span class='ocrx_word' id='word_1_352' title='bbox 2827 2505 2956 2553; x_wconf 84' lang='lat' dir='ltr'><strong>sunt</strong></span> <span class='ocrx_word' id='word_1_353' title='bbox 2980 2513 3147 2567; x_wconf 86' lang='lat' dir='ltr'><strong>super</strong></span> <span class='ocrx_word' id='word_1_354' title='bbox 3173 2498 3417 2567; x_wconf 86' lang='lat' dir='ltr'><strong>capillos.</strong></span> <span class='ocrx_word' id='word_1_355' title='bbox 3444 2517 3462 2549; x_wconf 73' lang='grc' dir='ltr'><strong>ι</strong></span> 
     </span>
    </p>
   </div>
   <div class='ocr_carea' id='block_1_53' title="bbox 2117 2589 3624 2669">
    <p class='ocr_par' dir='ltr' id='par_1_53' title="bbox 2117 2589 3624 2669">
     <span class='ocr_line' id='line_1_53' title="bbox 2117 2589 3624 2669; baseline 0 -25"><span class='ocrx_word' id='word_1_356' title='bbox 2117 2589 2353 2661; x_wconf 85' lang='lat' dir='ltr'><strong>Capillos</strong></span> <span class='ocrx_word' id='word_1_357' title='bbox 2396 2605 2525 2645; x_wconf 90' lang='lat' dir='ltr'><strong>suos</strong></span> <span class='ocrx_word' id='word_1_358' title='bbox 2550 2599 2708 2645; x_wconf 83' lang='lat' dir='ltr'><strong>vocat</strong></span> <span class='ocrx_word' id='word_1_359' title='bbox 2738 2590 2945 2645; x_wconf 90' lang='lat' dir='ltr'><strong>ﬁdeles.</strong></span> <span class='ocrx_word' id='word_1_360' title='bbox 2974 2591 3131 2645; x_wconf 80' lang='lat' dir='ltr'><strong>Sicut</strong></span> <span class='ocrx_word' id='word_1_361' title='bbox 3173 2589 3320 2644; x_wconf 84' lang='lat' dir='ltr'><strong>enim</strong></span> <span class='ocrx_word' id='word_1_362' title='bbox 3363 2597 3527 2669; x_wconf 82' lang='lat' dir='ltr'><strong>caput</strong></span> <span class='ocrx_word' id='word_1_363' title='bbox 3569 2590 3624 2644; x_wconf 92' lang='lat' dir='ltr'><strong>in</strong></span> 
     </span>
    </p>
   </div>
   <div class='ocr_carea' id='block_1_54' title="bbox 2048 2679 3585 2753">
    <p class='ocr_par' dir='ltr' id='par_1_54' title="bbox 2048 2679 3585 2753">
     <span class='ocr_line' id='line_1_54' title="bbox 2048 2679 3585 2753; baseline 0 -18"><span class='ocrx_word' id='word_1_364' title='bbox 2048 2680 2275 2751; x_wconf 82' lang='lat' dir='ltr'><strong>capillis,</strong></span> <span class='ocrx_word' id='word_1_365' title='bbox 2301 2680 2374 2735; x_wconf 84' lang='lat' dir='ltr'><strong>ita</strong></span> <span class='ocrx_word' id='word_1_366' title='bbox 2400 2684 2562 2735; x_wconf 85' lang='lat' dir='ltr'><strong>etiam</strong></span> <span class='ocrx_word' id='word_1_367' title='bbox 2584 2680 2834 2736; x_wconf 85' lang='lat' dir='ltr'><strong>Christus</strong></span> <span class='ocrx_word' id='word_1_368' title='bbox 2859 2681 2916 2735; x_wconf 86' lang='lat' dir='ltr'><strong>in</strong></span> <span class='ocrx_word' id='word_1_369' title='bbox 2951 2680 3207 2739; x_wconf 82' lang='lat' dir='ltr'><strong>ﬁdelibus</strong></span> <span class='ocrx_word' id='word_1_370' title='bbox 3232 2679 3585 2753; x_wconf 83' lang='lat' dir='ltr'><strong>gloriﬁcatur.</strong></span> 
     </span>
    </p>
   </div>
   <div class='ocr_carea' id='block_1_55' title="bbox 2119 2858 3165 2917">
    <p class='ocr_par' dir='ltr' id='par_1_55' title="bbox 2119 2858 3165 2917">
     <span class='ocr_line' id='line_1_55' title="bbox 2119 2858 3165 2917; baseline 0 -4"><span class='ocrx_word' id='word_1_371' title='bbox 2119 2858 2278 2913; x_wconf 76' lang='lat' dir='ltr'><strong>Vens.</strong></span> <span class='ocrx_word' id='word_1_372' title='bbox 2312 2858 2364 2912; x_wconf 83' lang='lat'><strong>9;</strong></span> <span class='ocrx_word' id='word_1_373' title='bbox 2412 2877 2429 2910; x_wconf 83' lang='grc' dir='ltr'><strong>ι</strong></span> <span class='ocrx_word' id='word_1_374' title='bbox 2454 2858 2732 2914; x_wconf 79' lang='lat' dir='ltr'><strong>Alienatus</strong></span> <span class='ocrx_word' id='word_1_375' title='bbox 2756 2859 2934 2917; x_wconf 85' lang='lat' dir='ltr'><strong>factus</strong></span> <span class='ocrx_word' id='word_1_376' title='bbox 2962 2876 3107 2916; x_wconf 88' lang='lat' dir='ltr'><strong>sum.</strong></span> <span class='ocrx_word' id='word_1_377' title='bbox 3146 2880 3165 2913; x_wconf 76' lang='grc' dir='ltr'><strong>ι</strong></span> 
     </span>
    </p>
   </div>
   <div class='ocr_carea' id='block_1_56' title="bbox 2118 2950 3625 3026">
    <p class='ocr_par' dir='ltr' id='par_1_56' title="bbox 2118 2950 3625 3026">
     <span class='ocr_line' id='line_1_56' title="bbox 2118 2950 3625 3026; baseline 0.003 -20"><span class='ocrx_word' id='word_1_378' title='bbox 2118 2950 2441 3023; x_wconf 76' lang='lat' dir='ltr'><strong>Peregrinus</strong></span> <span class='ocrx_word' id='word_1_379' title='bbox 2485 2954 2659 3008; x_wconf 79' lang='lat' dir='ltr'><strong>factus</strong></span> <span class='ocrx_word' id='word_1_380' title='bbox 2684 2962 2769 3009; x_wconf 86' lang='lat' dir='ltr'><strong>est</strong></span> <span class='ocrx_word' id='word_1_381' title='bbox 2793 2962 3041 3024; x_wconf 87' lang='lat' dir='ltr'><strong>tempore</strong></span> <span class='ocrx_word' id='word_1_382' title='bbox 3072 2954 3365 3023; x_wconf 86' lang='lat' dir='ltr'><strong>passionis,</strong></span> <span class='ocrx_word' id='word_1_383' title='bbox 3405 2956 3625 3026; x_wconf 86' lang='lat' dir='ltr'><strong>quando</strong></span> 
     </span>
    </p>
   </div>
   <div class='ocr_carea' id='block_1_57' title="bbox 2049 3047 3621 3120">
    <p class='ocr_par' dir='ltr' id='par_1_57' title="bbox 2049 3047 3621 3120">
     <span class='ocr_line' id='line_1_57' title="bbox 2049 3047 3621 3120; baseline 0.001 -19"><span class='ocrx_word' id='word_1_384' title='bbox 2049 3061 2243 3101; x_wconf 86' lang='lat' dir='ltr'><strong>omnes</strong></span> <span class='ocrx_word' id='word_1_385' title='bbox 2283 3047 2537 3116; x_wconf 86' lang='lat' dir='ltr'><strong>discipuli</strong></span> <span class='ocrx_word' id='word_1_386' title='bbox 2585 3047 2702 3117; x_wconf 76' lang='lat' dir='ltr'><strong>ejus</strong></span> <span class='ocrx_word' id='word_1_387' title='bbox 2740 3047 3086 3103; x_wconf 89' lang='lat' dir='ltr'><strong>dimittentes</strong></span> <span class='ocrx_word' id='word_1_388' title='bbox 3134 3047 3314 3119; x_wconf 87' lang='lat' dir='ltr'><strong>ipsum</strong></span> <span class='ocrx_word' id='word_1_389' title='bbox 3344 3049 3621 3120; x_wconf 75' lang='lat' dir='ltr'><strong>fugerunt.</strong></span> 
     </span>
    </p>
   </div>
   <div class='ocr_carea' id='block_1_58' title="bbox 379 3135 1949 3221">
    <p class='ocr_par' dir='ltr' id='par_1_58' title="bbox 379 3148 1949 3221">
     <span class='ocr_line' id='line_1_58' title="bbox 379 3148 1949 3221; baseline 0.001 -19"><span class='ocrx_word' id='word_1_390' title='bbox 379 3148 439 3202; x_wconf 82' lang='grc' dir='ltr'>δὲ</span> <span class='ocrx_word' id='word_1_391' title='bbox 473 3150 684 3219; x_wconf 81' lang='grc' dir='ltr'>νοήσεις</span> <span class='ocrx_word' id='word_1_392' title='bbox 712 3150 809 3219; x_wconf 82' lang='grc' dir='ltr'><strong>τὴν</strong></span> <span class='ocrx_word' id='word_1_393' title='bbox 837 3151 947 3202; x_wconf 84' lang='grc' dir='ltr'>τῶν</span> <span class='ocrx_word' id='word_1_394' title='bbox 983 3150 1251 3203; x_wconf 76' lang='grc' dir='ltr'>Ἰουδαίων</span> <span class='ocrx_word' id='word_1_395' title='bbox 1275 3149 1618 3221; x_wconf 82' lang='grc' dir='ltr'>Συναγωγὴν,</span> <span class='ocrx_word' id='word_1_396' title='bbox 1644 3151 1736 3203; x_wconf 67' lang='grc' dir='ltr'><strong>καὶ¹</strong></span> <span class='ocrx_word' id='word_1_397' title='bbox 1770 3151 1949 3203; x_wconf 77' lang='grc' dir='ltr'>πᾶσαν</span> 
     </span>
    </p>
   </div>
   <div class='ocr_carea' id='block_1_59' title="bbox 2050 3135 3628 3221">
    <p class='ocr_par' dir='ltr' id='par_1_59' title="bbox 2053 3135 3628 3211">
     <span class='ocr_line' id='line_1_59' title="bbox 2053 3135 3628 3211; baseline 0.002 -21"><span class='ocrx_word' id='word_1_398' title='bbox 2053 3135 2274 3192; x_wconf 82' lang='lat' dir='ltr'><strong>Matrem</strong></span> <span class='ocrx_word' id='word_1_399' title='bbox 2314 3147 2495 3192; x_wconf 87' lang='lat' dir='ltr'><strong>autem</strong></span> <span class='ocrx_word' id='word_1_400' title='bbox 2523 3139 2793 3211; x_wconf 76' lang='lat' dir='ltr'><strong>intelliges</strong></span> <span class='ocrx_word' id='word_1_401' title='bbox 2817 3138 3154 3210; x_wconf 82' lang='lat' dir='ltr'><strong>Synagogam</strong></span> <span class='ocrx_word' id='word_1_402' title='bbox 3193 3138 3502 3194; x_wconf 65' lang='lat' dir='ltr'><strong>Judaaorum</strong></span> <span class='ocrx_word' id='word_1_403' title='bbox 3525 3179 3539 3201; x_wconf 91' lang='lat'><strong>,</strong></span> <span class='ocrx_word' id='word_1_404' title='bbox 3571 3149 3628 3193; x_wconf 88' lang='lat' dir='ltr'><strong>et</strong></span> 
     </span>
    </p>
   </div>
   <div class='ocr_carea' id='block_1_60' title="bbox 382 3229 1949 3313">
    <p class='ocr_par' dir='ltr' id='par_1_60' title="bbox 382 3240 1949 3313">
     <span class='ocr_line' id='line_1_60' title="bbox 382 3240 1949 3313; baseline 0.001 -20"><span class='ocrx_word' id='word_1_405' title='bbox 382 3241 480 3312; x_wconf 82' lang='grc' dir='ltr'>τὴν</span> <span class='ocrx_word' id='word_1_406' title='bbox 501 3241 642 3293; x_wconf 83' lang='grc' dir='ltr'>κατὰ</span> <span class='ocrx_word' id='word_1_407' title='bbox 665 3240 842 3311; x_wconf 84' lang='grc' dir='ltr'>σάρκα</span> <span class='ocrx_word' id='word_1_408' title='bbox 870 3241 1185 3309; x_wconf 81' lang='grc' dir='ltr'>συγγένειαν</span> <span class='ocrx_word' id='word_1_409' title='bbox 1211 3241 1319 3295; x_wconf 87' lang='grc' dir='ltr'>τῶν</span> <span class='ocrx_word' id='word_1_410' title='bbox 1345 3244 1408 3295; x_wconf 80' lang='grc' dir='ltr'>ἐκ</span> <span class='ocrx_word' id='word_1_411' title='bbox 1434 3245 1738 3313; x_wconf 81' lang='grc' dir='ltr'><strong>περιτομῆς</strong></span> <span class='ocrx_word' id='word_1_412' title='bbox 1756 3259 1773 3273; x_wconf 74' lang='grc' dir='ltr'><strong><em>ο</em></strong></span> <span class='ocrx_word' id='word_1_413' title='bbox 1800 3243 1949 3306; x_wconf 79' lang='grc' dir='ltr'>υἱοὺς</span> 
     </span>
    </p>
   </div>
   <div class='ocr_carea' id='block_1_61' title="bbox 2050 3229 3624 3313">
    <p class='ocr_par' dir='ltr' id='par_1_61' title="bbox 2055 3229 3624 3301">
     <span class='ocr_line' id='line_1_61' title="bbox 2055 3229 3624 3301; baseline 0.003 -21"><span class='ocrx_word' id='word_1_414' title='bbox 2055 3242 2273 3283; x_wconf 90' lang='lat' dir='ltr'><strong>omnem</strong></span> <span class='ocrx_word' id='word_1_415' title='bbox 2302 3229 2598 3285; x_wconf 88' lang='lat' dir='ltr'><strong>secundum</strong></span> <span class='ocrx_word' id='word_1_416' title='bbox 2632 3244 2853 3284; x_wconf 88' lang='lat' dir='ltr'><strong>carnem</strong></span> <span class='ocrx_word' id='word_1_417' title='bbox 2898 3230 3281 3299; x_wconf 80' lang='lat' dir='ltr'><strong>cognationem</strong></span> <span class='ocrx_word' id='word_1_418' title='bbox 3312 3246 3500 3285; x_wconf 86' lang='lat' dir='ltr'><strong>eorum</strong></span> <span class='ocrx_word' id='word_1_419' title='bbox 3531 3232 3624 3301; x_wconf 85' lang='lat' dir='ltr'><strong>qui</strong></span> 
     </span>
    </p>
   </div>
   <div class='ocr_carea' id='block_1_62' title="bbox 381 3330 1949 3403">
    <p class='ocr_par' dir='ltr' id='par_1_62' title="bbox 381 3330 1949 3403">
     <span class='ocr_line' id='line_1_62' title="bbox 381 3330 1949 3403; baseline 0.003 -21"><span class='ocrx_word' id='word_1_420' title='bbox 381 3330 438 3382; x_wconf 72' lang='grc' dir='ltr'>δὲ</span> <span class='ocrx_word' id='word_1_421' title='bbox 475 3330 696 3400; x_wconf 81' lang='grc' dir='ltr'>ταύτης,</span> <span class='ocrx_word' id='word_1_422' title='bbox 731 3332 856 3393; x_wconf 78' lang='grc' dir='ltr'>τοὺς</span> <span class='ocrx_word' id='word_1_423' title='bbox 877 3333 1287 3402; x_wconf 80' lang='grc' dir='ltr'>ἀρνησαμένους</span> <span class='ocrx_word' id='word_1_424' title='bbox 1309 3332 1489 3398; x_wconf 81' lang='grc' dir='ltr'>αὑτὸν,</span> <span class='ocrx_word' id='word_1_425' title='bbox 1523 3333 1615 3385; x_wconf 80' lang='grc' dir='ltr'>καὶ</span> <span class='ocrx_word' id='word_1_426' title='bbox 1642 3332 1949 3403; x_wconf 72' lang='grc' dir='ltr'><strong>εἰρηκότας·</strong></span> 
     </span>
    </p>
   </div>
   <div class='ocr_carea' id='block_1_63' title="bbox 388 3421 1952 3491">
    <p class='ocr_par' dir='ltr' id='par_1_63' title="bbox 388 3421 1952 3491">
     <span class='ocr_line' id='line_1_63' title="bbox 388 3421 1952 3491; baseline 0.003 -16"><span class='ocrx_word' id='word_1_427' title='bbox 388 3422 609 3476; x_wconf 79' lang='grc' dir='ltr'>Τοῦτον</span> <span class='ocrx_word' id='word_1_428' title='bbox 630 3421 697 3475; x_wconf 78' lang='grc' dir='ltr'>δὲ</span> <span class='ocrx_word' id='word_1_429' title='bbox 722 3424 834 3477; x_wconf 82' lang='grc' dir='ltr'>οὐκ</span> <span class='ocrx_word' id='word_1_430' title='bbox 862 3423 1106 3491; x_wconf 77' lang='grc' dir='ltr'>οἴδαμεν</span> <span class='ocrx_word' id='word_1_431' title='bbox 1129 3425 1311 3477; x_wconf 77' lang='grc' dir='ltr'>πόθεν</span> <span class='ocrx_word' id='word_1_432' title='bbox 1333 3424 1485 3480; x_wconf 82' lang='grc' dir='ltr'>ἐστι.</span> <span class='ocrx_word' id='word_1_433' title='bbox 1517 3424 1679 3478; x_wconf 84' lang='grc' dir='ltr'>Ξένον</span> <span class='ocrx_word' id='word_1_434' title='bbox 1709 3424 1766 3479; x_wconf 85' lang='grc' dir='ltr'>δὲ</span> <span class='ocrx_word' id='word_1_435' title='bbox 1791 3425 1952 3479; x_wconf 78' lang='grc' dir='ltr'>πάλιν</span> 
     </span>
    </p>
   </div>
   <div class='ocr_carea' id='block_1_64' title="bbox 383 3512 1954 3586">
    <p class='ocr_par' dir='ltr' id='par_1_64' title="bbox 383 3512 1954 3586">
     <span class='ocr_line' id='line_1_64' title="bbox 383 3512 1954 3586; baseline 0.001 -19"><span class='ocrx_word' id='word_1_436' title='bbox 383 3512 611 3585; x_wconf 74' lang='grc' dir='ltr'>ἡγοῦντο</span> <span class='ocrx_word' id='word_1_437' title='bbox 659 3512 908 3582; x_wconf 75' lang='grc' dir='ltr'>λέγοντες</span> <span class='ocrx_word' id='word_1_438' title='bbox 929 3530 942 3543; x_wconf 77' lang='grc' dir='ltr'><strong><em>ο</em></strong></span> <span class='ocrx_word' id='word_1_439' title='bbox 974 3515 1056 3567; x_wconf 76' lang='grc' dir='ltr'>θὺ</span> <span class='ocrx_word' id='word_1_440' title='bbox 1092 3512 1292 3580; x_wconf 78' lang='grc' dir='ltr'>καλῶς</span> <span class='ocrx_word' id='word_1_441' title='bbox 1323 3513 1598 3584; x_wconf 74' lang='grc' dir='ltr'>λέγομεν,</span> <span class='ocrx_word' id='word_1_442' title='bbox 1638 3515 1729 3569; x_wconf 84' lang='grc' dir='ltr'>ὅτι</span> <span class='ocrx_word' id='word_1_443' title='bbox 1760 3519 1954 3586; x_wconf 80' lang='grc' dir='ltr'>Σαμα-</span> 
     </span>
    </p>
   </div>
   <div class='ocr_carea' id='block_1_65' title="bbox 373 3594 1950 3675">
    <p class='ocr_par' dir='ltr' id='par_1_65' title="bbox 373 3594 1950 3675">
     <span class='ocr_line' id='line_1_65' title="bbox 373 3594 1950 3675; baseline 0.001 -17"><span class='ocrx_word' id='word_1_444' title='bbox 373 3594 581 3675; x_wconf 74' lang='grc' dir='ltr'>ρὲίτης</span> <span class='ocrx_word' id='word_1_445' title='bbox 605 3602 679 3667; x_wconf 79' lang='grc' dir='ltr'><strong>εἴ,</strong></span> <span class='ocrx_word' id='word_1_446' title='bbox 715 3606 811 3659; x_wconf 79' lang='grc' dir='ltr'><strong>καί</strong></span> <span class='ocrx_word' id='word_1_447' title='bbox 843 3606 1150 3673; x_wconf 83' lang='grc' dir='ltr'>δαιμόνιον</span> <span class='ocrx_word' id='word_1_448' title='bbox 1180 3604 1368 3672; x_wconf 75' lang='grc' dir='ltr'><strong>ἔχεις;</strong></span> <span class='ocrx_word' id='word_1_449' title='bbox 1407 3604 1564 3659; x_wconf 75' lang='grc' dir='ltr'>Οὕτω</span> <span class='ocrx_word' id='word_1_450' title='bbox 1589 3607 1739 3672; x_wconf 79' lang='grc' dir='ltr'>ξένος</span> <span class='ocrx_word' id='word_1_451' title='bbox 1763 3608 1950 3675; x_wconf 85' lang='grc' dir='ltr'>γέγονε</span> 
     </span>
    </p>
   </div>
   <div class='ocr_carea' id='block_1_66' title="bbox 382 3696 1247 3768">
    <p class='ocr_par' dir='ltr' id='par_1_66' title="bbox 382 3696 1247 3768">
     <span class='ocr_line' id='line_1_66' title="bbox 382 3696 1247 3768; baseline 0.001 -18"><span class='ocrx_word' id='word_1_452' title='bbox 382 3701 493 3761; x_wconf 80' lang='grc' dir='ltr'>τοῖς</span> <span class='ocrx_word' id='word_1_453' title='bbox 524 3699 658 3763; x_wconf 83' lang='grc' dir='ltr'>υίοῖς</span> <span class='ocrx_word' id='word_1_454' title='bbox 684 3700 785 3768; x_wconf 76' lang='grc' dir='ltr'>τῆς</span> <span class='ocrx_word' id='word_1_455' title='bbox 818 3697 1024 3767; x_wconf 82' lang='grc' dir='ltr'>μητρὸς</span> <span class='ocrx_word' id='word_1_456' title='bbox 1059 3696 1247 3751; x_wconf 83' lang='grc' dir='ltr'>αὑτοῦ.</span> 
     </span>
    </p>
   </div>
   <div class='ocr_carea' id='block_1_67' title="bbox 458 3875 1594 3948">
    <p class='ocr_par' dir='ltr' id='par_1_67' title="bbox 458 3875 1594 3948">
     <span class='ocr_line' id='line_1_67' title="bbox 458 3875 1594 3948; baseline -0.004 -17"><span class='ocrx_word' id='word_1_457' title='bbox 458 3895 479 3931; x_wconf 76' lang='grc' dir='ltr'><strong>ι</strong></span> <span class='ocrx_word' id='word_1_458' title='bbox 509 3879 617 3932; x_wconf 75' lang='grc' dir='ltr'><strong>Καὶ</strong></span> <span class='ocrx_word' id='word_1_459' title='bbox 645 3878 845 3948; x_wconf 71' lang='grc' dir='ltr'>ἐθέμην</span> <span class='ocrx_word' id='word_1_460' title='bbox 876 3876 937 3931; x_wconf 85' lang='grc' dir='ltr'>τὸ</span> <span class='ocrx_word' id='word_1_461' title='bbox 969 3875 1173 3945; x_wconf 74' lang='grc' dir='ltr'>ἔνδυμα</span> <span class='ocrx_word' id='word_1_462' title='bbox 1202 3894 1303 3947; x_wconf 89' lang='grc' dir='ltr'><strong>μου</strong></span> <span class='ocrx_word' id='word_1_463' title='bbox 1330 3876 1548 3930; x_wconf 84' lang='grc' dir='ltr'>σάκκον.</span> <span class='ocrx_word' id='word_1_464' title='bbox 1575 3895 1594 3926; x_wconf 72' lang='grc' dir='ltr'><strong>ι</strong></span> 
     </span>
    </p>
   </div>
   <div class='ocr_carea' id='block_1_68' title="bbox 455 3956 1954 4042">
    <p class='ocr_par' dir='ltr' id='par_1_68' title="bbox 455 3956 1954 4042">
     <span class='ocr_line' id='line_1_68' title="bbox 455 3956 1954 4042; baseline 0 -19"><span class='ocrx_word' id='word_1_465' title='bbox 455 3971 666 4025; x_wconf 81' lang='grc' dir='ltr'>Σάκκον</span> <span class='ocrx_word' id='word_1_466' title='bbox 694 3971 802 4042; x_wconf 79' lang='grc' dir='ltr'>γὰρ</span> <span class='ocrx_word' id='word_1_467' title='bbox 831 3970 1048 4042; x_wconf 84' lang='grc' dir='ltr'>ἀληθῶς</span> <span class='ocrx_word' id='word_1_468' title='bbox 1074 3970 1136 4023; x_wconf 84' lang='grc' dir='ltr'><strong>τὺ</strong></span> <span class='ocrx_word' id='word_1_469' title='bbox 1154 3956 1326 4040; x_wconf 69' lang='grc' dir='ltr'>τραχὺ</span> <span class='ocrx_word' id='word_1_470' title='bbox 1354 3972 1451 4040; x_wconf 79' lang='grc' dir='ltr'>τῆς</span> <span class='ocrx_word' id='word_1_471' title='bbox 1477 3969 1752 4041; x_wconf 81' lang='grc' dir='ltr'>ἡμετέρας</span> <span class='ocrx_word' id='word_1_472' title='bbox 1778 3971 1954 4041; x_wconf 83' lang='grc' dir='ltr'>ἁμαρ-</span> 
     </span>
    </p>
   </div>
   <div class='ocr_carea' id='block_1_69' title="bbox 387 4061 849 4125">
    <p class='ocr_par' dir='ltr' id='par_1_69' title="bbox 387 4061 849 4125">
     <span class='ocr_line' id='line_1_69' title="bbox 387 4061 849 4125; baseline 0.002 -11"><span class='ocrx_word' id='word_1_473' title='bbox 387 4061 504 4125; x_wconf 83' lang='grc' dir='ltr'>τίας</span> <span class='ocrx_word' id='word_1_474' title='bbox 537 4062 849 4115; x_wconf 73' lang='grc' dir='ltr'>ἐνεδύσατο.</span> 
     </span>
    </p>
   </div>
   <div class='ocr_carea' id='block_1_70' title="bbox 464 4150 1217 4223">
    <p class='ocr_par' dir='ltr' id='par_1_70' title="bbox 464 4150 1217 4223">
     <span class='ocr_line' id='line_1_70' title="bbox 464 4150 1217 4223; baseline -0.001 -20"><span class='ocrx_word' id='word_1_475' title='bbox 464 4170 482 4203; x_wconf 83' lang='grc' dir='ltr'><strong>ι</strong></span> <span class='ocrx_word' id='word_1_476' title='bbox 510 4150 643 4204; x_wconf 82' lang='grc' dir='ltr'>Κατ’</span> <span class='ocrx_word' id='word_1_477' title='bbox 668 4152 802 4221; x_wconf 77' lang='grc' dir='ltr'>ἐμοῦ</span> <span class='ocrx_word' id='word_1_478' title='bbox 830 4150 1167 4223; x_wconf 76' lang='grc' dir='ltr'>ἠδολεσχουν.</span> <span class='ocrx_word' id='word_1_479' title='bbox 1199 4168 1217 4201; x_wconf 77' lang='grc' dir='ltr'><strong>ι</strong></span> 
     </span>
    </p>
   </div>
   <div class='ocr_carea' id='block_1_71' title="bbox 458 4242 1952 4316">
    <p class='ocr_par' dir='ltr' id='par_1_71' title="bbox 458 4242 1952 4316">
     <span class='ocr_line' id='line_1_71' title="bbox 458 4242 1952 4316; baseline -0.001 -20"><span class='ocrx_word' id='word_1_480' title='bbox 458 4244 597 4308; x_wconf 81' lang='grc' dir='ltr'>Τοὺς</span> <span class='ocrx_word' id='word_1_481' title='bbox 628 4244 952 4309; x_wconf 78' lang='grc' dir='ltr'>Ἰουδαϊκοὺς</span> <span class='ocrx_word' id='word_1_482' title='bbox 981 4244 1249 4315; x_wconf 78' lang='grc' dir='ltr'>ἄρχοντας</span> <span class='ocrx_word' id='word_1_483' title='bbox 1278 4243 1442 4312; x_wconf 84' lang='grc' dir='ltr'>λέγει.</span> <span class='ocrx_word' id='word_1_484' title='bbox 1462 4244 1548 4297; x_wconf 81' lang='grc' dir='ltr'>Ἐν</span> <span class='ocrx_word' id='word_1_485' title='bbox 1579 4247 1644 4315; x_wconf 83' lang='grc' dir='ltr'>τῇ</span> <span class='ocrx_word' id='word_1_486' title='bbox 1675 4242 1814 4316; x_wconf 77' lang='grc' dir='ltr'>πύλῃ</span> <span class='ocrx_word' id='word_1_487' title='bbox 1844 4242 1952 4314; x_wconf 68' lang='grc' dir='ltr'><strong>γὰρ</strong></span> 
     </span>
    </p>
   </div>
   <div class='ocr_carea' id='block_1_72' title="bbox 385 4332 1952 4407">
    <p class='ocr_par' dir='ltr' id='par_1_72' title="bbox 385 4332 1952 4407">
     <span class='ocr_line' id='line_1_72' title="bbox 385 4332 1952 4407; baseline -0.001 -18"><span class='ocrx_word' id='word_1_488' title='bbox 385 4337 502 4401; x_wconf 76' lang='grc' dir='ltr'>ἔθος</span> <span class='ocrx_word' id='word_1_489' title='bbox 531 4332 598 4407; x_wconf 79' lang='grc' dir='ltr'>ἦν</span> <span class='ocrx_word' id='word_1_490' title='bbox 620 4337 716 4407; x_wconf 80' lang='grc' dir='ltr'>τὴν</span> <span class='ocrx_word' id='word_1_491' title='bbox 734 4338 843 4390; x_wconf 84' lang='grc' dir='ltr'>τῶν</span> <span class='ocrx_word' id='word_1_492' title='bbox 876 4336 1145 4390; x_wconf 82' lang='grc' dir='ltr'>Ἰουδαίων</span> <span class='ocrx_word' id='word_1_493' title='bbox 1172 4335 1459 4406; x_wconf 85' lang='grc' dir='ltr'>γερουσίαν</span> <span class='ocrx_word' id='word_1_494' title='bbox 1490 4335 1850 4401; x_wconf 60' lang='grc' dir='ltr'><strong>καθίζεσθαι⁸</strong></span> <span class='ocrx_word' id='word_1_495' title='bbox 1878 4336 1952 4399; x_wconf 83' lang='grc' dir='ltr'>ὡς</span> 
     </span>
    </p>
   </div>
   <div class='ocr_carea' id='block_1_73' title="bbox 384 4427 1953 4499">
    <p class='ocr_par' dir='ltr' id='par_1_73' title="bbox 384 4427 1953 4499">
     <span class='ocr_line' id='line_1_73' title="bbox 384 4427 1953 4499; baseline -0.001 -19"><span class='ocrx_word' id='word_1_496' title='bbox 384 4430 448 4481; x_wconf 82' lang='grc' dir='ltr'>ἐκ</span> <span class='ocrx_word' id='word_1_497' title='bbox 482 4430 579 4498; x_wconf 80' lang='grc' dir='ltr'>τῆς</span> <span class='ocrx_word' id='word_1_498' title='bbox 614 4428 854 4499; x_wconf 84' lang='grc' dir='ltr'>ίστορίας</span> <span class='ocrx_word' id='word_1_499' title='bbox 889 4427 986 4496; x_wconf 82' lang='grc' dir='ltr'>τῆς</span> <span class='ocrx_word' id='word_1_500' title='bbox 1030 4427 1169 4480; x_wconf 82' lang='grc' dir='ltr'>κατὰ</span> <span class='ocrx_word' id='word_1_501' title='bbox 1210 4427 1308 4498; x_wconf 78' lang='grc' dir='ltr'>τὴν</span> <span class='ocrx_word' id='word_1_502' title='bbox 1339 4427 1491 4481; x_wconf 78' lang='grc' dir='ltr'>Ῥοὺθ</span> <span class='ocrx_word' id='word_1_503' title='bbox 1535 4428 1629 4481; x_wconf 77' lang='grc' dir='ltr'>καὶ</span> <span class='ocrx_word' id='word_1_504' title='bbox 1677 4427 1768 4480; x_wconf 84' lang='grc' dir='ltr'><strong>τὸν</strong></span> <span class='ocrx_word' id='word_1_505' title='bbox 1818 4427 1953 4493; x_wconf 56' lang='lat' dir='ltr'><strong>Boot;</strong></span> 
     </span>
    </p>
   </div>
   <div class='ocr_carea' id='block_1_74' title="bbox 385 4519 1003 4589">
    <p class='ocr_par' dir='ltr' id='par_1_74' title="bbox 385 4519 1003 4589">
     <span class='ocr_line' id='line_1_74' title="bbox 385 4519 1003 4589; baseline 0.003 -19"><span class='ocrx_word' id='word_1_506' title='bbox 385 4519 642 4589; x_wconf 77' lang='grc' dir='ltr'>κειμένης</span> <span class='ocrx_word' id='word_1_507' title='bbox 679 4519 1003 4589; x_wconf 74' lang='grc' dir='ltr'>εὑρήσομεν.</span> 
     </span>
    </p>
   </div>
   <div class='ocr_carea' id='block_1_75' title="bbox 462 4608 1538 4680">
    <p class='ocr_par' dir='ltr' id='par_1_75' title="bbox 462 4608 1538 4680">
     <span class='ocr_line' id='line_1_75' title="bbox 462 4608 1538 4680; baseline 0.005 -21"><span class='ocrx_word' id='word_1_508' title='bbox 462 4628 481 4659; x_wconf 80' lang='grc' dir='ltr'><strong>ι</strong></span> <span class='ocrx_word' id='word_1_509' title='bbox 512 4609 621 4663; x_wconf 78' lang='grc' dir='ltr'><strong>Καὶ</strong></span> <span class='ocrx_word' id='word_1_510' title='bbox 649 4610 729 4671; x_wconf 78' lang='grc' dir='ltr'><strong>εἰς</strong></span> <span class='ocrx_word' id='word_1_511' title='bbox 757 4608 857 4680; x_wconf 74' lang='grc' dir='ltr'><strong>ἐμὲ</strong></span> <span class='ocrx_word' id='word_1_512' title='bbox 890 4608 1117 4679; x_wconf 73' lang='grc' dir='ltr'>ἔψαλλον</span> <span class='ocrx_word' id='word_1_513' title='bbox 1144 4612 1193 4664; x_wconf 81' lang='lat' dir='ltr'><strong>ot</strong></span> <span class='ocrx_word' id='word_1_514' title='bbox 1220 4612 1482 4675; x_wconf 83' lang='grc' dir='ltr'>πίνοντες.</span> <span class='ocrx_word' id='word_1_515' title='bbox 1518 4630 1538 4664; x_wconf 73' lang='grc' dir='ltr'><strong>ι</strong></span> 
     </span>
    </p>
   </div>
   <div class='ocr_carea' id='block_1_76' title="bbox 456 4696 1955 4775">
    <p class='ocr_par' dir='ltr' id='par_1_76' title="bbox 456 4696 1955 4775">
     <span class='ocr_line' id='line_1_76' title="bbox 456 4696 1955 4775; baseline 0.002 -21"><span class='ocrx_word' id='word_1_516' title='bbox 456 4702 616 4754; x_wconf 83' lang='grc' dir='ltr'>Ποῖον</span> <span class='ocrx_word' id='word_1_517' title='bbox 649 4696 789 4754; x_wconf 78' lang='grc' dir='ltr'>οἶνον</span> <span class='ocrx_word' id='word_1_518' title='bbox 810 4718 827 4767; x_wconf 88' lang='grc'><strong>;</strong></span> <span class='ocrx_word' id='word_1_519' title='bbox 851 4701 953 4753; x_wconf 88' lang='grc' dir='ltr'>Τὸν</span> <span class='ocrx_word' id='word_1_520' title='bbox 994 4702 1277 4770; x_wconf 89' lang='grc' dir='ltr'>μυστικόν.</span> <span class='ocrx_word' id='word_1_521' title='bbox 1297 4704 1525 4756; x_wconf 83' lang='grc' dir='ltr'>Ἐκεῖνοι</span> <span class='ocrx_word' id='word_1_522' title='bbox 1562 4702 1669 4775; x_wconf 77' lang='grc' dir='ltr'><strong>γὰρ</strong></span> <span class='ocrx_word' id='word_1_523' title='bbox 1702 4706 1803 4758; x_wconf 80' lang='grc' dir='ltr'>οὐκ</span> <span class='ocrx_word' id='word_1_524' title='bbox 1834 4705 1955 4775; x_wconf 76' lang='grc' dir='ltr'>ἠδο-</span> 
     </span>
    </p>
   </div>
   <div class='ocr_carea' id='block_1_77' title="bbox 382 4789 1950 4868">
    <p class='ocr_par' dir='ltr' id='par_1_77' title="bbox 382 4789 1950 4868">
     <span class='ocr_line' id='line_1_77' title="bbox 382 4789 1950 4868; baseline 0.004 -25"><span class='ocrx_word' id='word_1_525' title='bbox 382 4790 630 4862; x_wconf 65' lang='grc' dir='ltr'>ὶὲσχουν,</span> <span class='ocrx_word' id='word_1_526' title='bbox 662 4789 777 4846; x_wconf 85' lang='grc' dir='ltr'>ἀλλ’</span> <span class='ocrx_word' id='word_1_527' title='bbox 798 4790 1055 4860; x_wconf 74' lang='grc' dir='ltr'>ἔψαλλον·</span> <span class='ocrx_word' id='word_1_528' title='bbox 1104 4791 1180 4856; x_wconf 78' lang='grc' dir='ltr'>ὡς</span> <span class='ocrx_word' id='word_1_529' title='bbox 1226 4793 1358 4863; x_wconf 80' lang='grc' dir='ltr'>περὶ</span> <span class='ocrx_word' id='word_1_530' title='bbox 1401 4794 1536 4848; x_wconf 87' lang='grc' dir='ltr'>Θεοῦ</span> <span class='ocrx_word' id='word_1_531' title='bbox 1587 4795 1677 4849; x_wconf 86' lang='grc' dir='ltr'><strong>τοῦ</strong></span> <span class='ocrx_word' id='word_1_532' title='bbox 1717 4797 1950 4868; x_wconf 75' lang='grc' dir='ltr'>Χριστοῦ</span> 
     </span>
    </p>
   </div>
   <div class='ocr_carea' id='block_1_78' title="bbox 381 4883 1600 4957">
    <p class='ocr_par' dir='ltr' id='par_1_78' title="bbox 381 4883 1600 4957">
     <span class='ocr_line' id='line_1_78' title="bbox 381 4883 1600 4957; baseline 0.003 -19"><span class='ocrx_word' id='word_1_533' title='bbox 381 4886 510 4948; x_wconf 78' lang='grc' dir='ltr'>τοὺς</span> <span class='ocrx_word' id='word_1_534' title='bbox 543 4883 747 4957; x_wconf 79' lang='grc' dir='ltr'>ὕμνους</span> <span class='ocrx_word' id='word_1_535' title='bbox 773 4885 905 4949; x_wconf 83' lang='grc' dir='ltr'>τοὺς</span> <span class='ocrx_word' id='word_1_536' title='bbox 930 4885 1301 4956; x_wconf 81' lang='grc' dir='ltr'>προφητικοὺς</span> <span class='ocrx_word' id='word_1_537' title='bbox 1332 4886 1600 4955; x_wconf 79' lang='grc' dir='ltr'>λέγοντες.</span> 
     </span>
    </p>
   </div>
   <div class='ocr_carea' id='block_1_79' title="bbox 460 4976 1953 5051">
    <p class='ocr_par' dir='ltr' id='par_1_79' title="bbox 460 4976 1953 5051">
     <span class='ocr_line' id='line_1_79' title="bbox 460 4976 1953 5051; baseline 0.001 -20"><span class='ocrx_word' id='word_1_538' title='bbox 460 4976 580 5031; x_wconf 85' lang='grc' dir='ltr'>Ἔτι</span> <span class='ocrx_word' id='word_1_539' title='bbox 613 4977 738 5047; x_wconf 77' lang='grc' dir='ltr'>περὶ</span> <span class='ocrx_word' id='word_1_540' title='bbox 770 4977 882 5029; x_wconf 84' lang='grc' dir='ltr'><strong>τῶν</strong></span> <span class='ocrx_word' id='word_1_541' title='bbox 912 4976 1181 5031; x_wconf 83' lang='grc' dir='ltr'>Ἰουδαίων</span> <span class='ocrx_word' id='word_1_542' title='bbox 1209 4976 1376 5046; x_wconf 79' lang='grc' dir='ltr'>λέγει,</span> <span class='ocrx_word' id='word_1_543' title='bbox 1409 4979 1605 5042; x_wconf 78' lang='grc' dir='ltr'>οἵτινες</span> <span class='ocrx_word' id='word_1_544' title='bbox 1640 4979 1802 5033; x_wconf 71' lang='grc' dir='ltr'>αὐτὸν</span> <span class='ocrx_word' id='word_1_545' title='bbox 1831 4979 1953 5051; x_wconf 74' lang='grc' dir='ltr'>ἑμί-</span> 
     </span>
    </p>
   </div>
   <div class='ocr_carea' id='block_1_80' title="bbox 386 5067 1959 5140">
    <p class='ocr_par' dir='ltr' id='par_1_80' title="bbox 386 5067 1959 5140">
     <span class='ocr_line' id='line_1_80' title="bbox 386 5067 1959 5140; baseline 0.003 -20"><span class='ocrx_word' id='word_1_546' title='bbox 386 5084 532 5133; x_wconf 85' lang='grc' dir='ltr'>σουν,</span> <span class='ocrx_word' id='word_1_547' title='bbox 554 5068 630 5131; x_wconf 84' lang='grc' dir='ltr'><strong>ὡς</strong></span> <span class='ocrx_word' id='word_1_548' title='bbox 660 5070 739 5132; x_wconf 74' lang='grc' dir='ltr'>εἰς</span> <span class='ocrx_word' id='word_1_549' title='bbox 771 5067 1059 5139; x_wconf 78' lang='grc' dir='ltr'>πρόσωπον</span> <span class='ocrx_word' id='word_1_550' title='bbox 1082 5067 1261 5122; x_wconf 83' lang='grc' dir='ltr'>αὐτῶν</span> <span class='ocrx_word' id='word_1_551' title='bbox 1284 5068 1577 5140; x_wconf 74' lang='grc' dir='ltr'>ἐλέγχοντα</span> <span class='ocrx_word' id='word_1_552' title='bbox 1604 5068 1701 5140; x_wconf 84' lang='grc' dir='ltr'>τὴν</span> <span class='ocrx_word' id='word_1_553' title='bbox 1731 5069 1959 5140; x_wconf 80' lang='grc' dir='ltr'>ὑπόκρι-</span> 
     </span>
    </p>
   </div>
   <div class='ocr_carea' id='block_1_81' title="bbox 388 5157 1954 5231">
    <p class='ocr_par' dir='ltr' id='par_1_81' title="bbox 388 5157 1954 5231">
     <span class='ocr_line' id='line_1_81' title="bbox 388 5157 1954 5231; baseline 0.003 -21"><span class='ocrx_word' id='word_1_554' title='bbox 388 5175 504 5211; x_wconf 87' lang='grc' dir='ltr'>σιν·</span> <span class='ocrx_word' id='word_1_555' title='bbox 536 5161 592 5210; x_wconf 82' lang='grc' dir='ltr'>ὲν</span> <span class='ocrx_word' id='word_1_556' title='bbox 620 5158 925 5230; x_wconf 56' lang='lat' dir='ltr'><strong>suasisset</strong></span> <span class='ocrx_word' id='word_1_557' title='bbox 954 5157 1096 5231; x_wconf 70' lang='grc' dir='ltr'>ὕδωρ</span> <span class='ocrx_word' id='word_1_558' title='bbox 1124 5158 1224 5231; x_wconf 82' lang='grc' dir='ltr'>τῆς</span> <span class='ocrx_word' id='word_1_559' title='bbox 1255 5161 1451 5223; x_wconf 80' lang='grc' dir='ltr'>κακίας</span> <span class='ocrx_word' id='word_1_560' title='bbox 1480 5160 1793 5231; x_wconf 74' lang='grc' dir='ltr'>ἐκέκτηντο,</span> <span class='ocrx_word' id='word_1_561' title='bbox 1813 5160 1954 5215; x_wconf 84' lang='grc' dir='ltr'>ὥστε</span> 
     </span>
    </p>
   </div>
   <div class='ocr_carea' id='block_1_82' title="bbox 387 5249 1955 5322">
    <p class='ocr_par' dir='ltr' id='par_1_82' title="bbox 387 5249 1955 5322">
     <span class='ocr_line' id='line_1_82' title="bbox 387 5249 1955 5322; baseline 0.003 -20"><span class='ocrx_word' id='word_1_562' title='bbox 387 5249 517 5303; x_wconf 81' lang='grc' dir='ltr'>ποτὲ</span> <span class='ocrx_word' id='word_1_563' title='bbox 565 5249 662 5319; x_wconf 83' lang='grc' dir='ltr'>μὲν</span> <span class='ocrx_word' id='word_1_564' title='bbox 690 5251 849 5306; x_wconf 81' lang='grc' dir='ltr'>αὐτὸν</span> <span class='ocrx_word' id='word_1_565' title='bbox 874 5250 1083 5320; x_wconf 76' lang='grc' dir='ltr'><strong>Ῥαὸὗὶ,</strong></span> <span class='ocrx_word' id='word_1_566' title='bbox 1114 5251 1244 5306; x_wconf 74' lang='grc' dir='ltr'>ποτὲ</span> <span class='ocrx_word' id='word_1_567' title='bbox 1270 5251 1327 5305; x_wconf 67' lang='grc' dir='ltr'>δὲ</span> <span class='ocrx_word' id='word_1_568' title='bbox 1352 5251 1527 5322; x_wconf 78' lang='grc' dir='ltr'>ἀληθῆ</span> <span class='ocrx_word' id='word_1_569' title='bbox 1561 5252 1656 5305; x_wconf 75' lang='grc' dir='ltr'>καὶ</span> <span class='ocrx_word' id='word_1_570' title='bbox 1683 5252 1791 5305; x_wconf 81' lang='grc' dir='ltr'><strong>ἀπὸ</strong></span> <span class='ocrx_word' id='word_1_571' title='bbox 1822 5251 1955 5307; x_wconf 87' lang='grc' dir='ltr'>Θεοῦ</span> 
     </span>
    </p>
   </div>
   <div class='ocr_carea' id='block_1_83' title="bbox 386 5342 1955 5417">
    <p class='ocr_par' dir='ltr' id='par_1_83' title="bbox 386 5342 1955 5417">
     <span class='ocr_line' id='line_1_83' title="bbox 386 5342 1955 5417; baseline 0.002 -23"><span class='ocrx_word' id='word_1_572' title='bbox 386 5342 812 5412; x_wconf 80' lang='grc' dir='ltr'>προσαγορεύειν</span> <span class='ocrx_word' id='word_1_573' title='bbox 838 5343 1120 5415; x_wconf 80' lang='grc' dir='ltr'>ἄνθρωπον</span> <span class='ocrx_word' id='word_1_574' title='bbox 1139 5382 1155 5410; x_wconf 84' lang='grc'><strong><em>,</em></strong></span> <span class='ocrx_word' id='word_1_575' title='bbox 1187 5343 1284 5415; x_wconf 72' lang='grc' dir='ltr'>τὴν</span> <span class='ocrx_word' id='word_1_576' title='bbox 1314 5345 1580 5415; x_wconf 77' lang='grc' dir='ltr'>πονηρίαν</span> <span class='ocrx_word' id='word_1_577' title='bbox 1610 5346 1669 5398; x_wconf 76' lang='grc' dir='ltr'>ὲν</span> <span class='ocrx_word' id='word_1_578' title='bbox 1698 5344 1775 5415; x_wconf 78' lang='grc' dir='ltr'>τῷ</span> <span class='ocrx_word' id='word_1_579' title='bbox 1801 5344 1955 5417; x_wconf 78' lang='grc' dir='ltr'>βάθει</span> 
     </span>
    </p>
   </div>
   <div class='ocr_carea' id='block_1_84' title="bbox 304 5434 1230 5506">
    <p class='ocr_par' dir='ltr' id='par_1_84' title="bbox 304 5434 1230 5506">
     <span class='ocr_line' id='line_1_84' title="bbox 304 5434 1230 5506; baseline 0.001 -16"><span class='ocrx_word' id='word_1_580' title='bbox 304 5480 307 5481; x_wconf 44' lang='grc' dir='ltr'><em>ν</em></span> <span class='ocrx_word' id='word_1_581' title='bbox 384 5434 487 5504; x_wconf 80' lang='grc' dir='ltr'>τῆς</span> <span class='ocrx_word' id='word_1_582' title='bbox 517 5434 741 5504; x_wconf 83' lang='grc' dir='ltr'>καρδίας</span> <span class='ocrx_word' id='word_1_583' title='bbox 767 5434 1230 5506; x_wconf 76' lang='grc' dir='ltr'>ἀποκρύπτοντες.</span> 
     </span>
    </p>
   </div>
   <div class='ocr_carea' id='block_1_85' title="bbox 456 5720 1949 5795">
    <p class='ocr_par' dir='ltr' id='par_1_85' title="bbox 456 5720 1949 5795">
     <span class='ocr_line' id='line_1_85' title="bbox 456 5720 1949 5795; baseline 0.001 -17"><span class='ocrx_word' id='word_1_584' title='bbox 456 5727 500 5757; x_wconf 86' lang='grc'><strong>⁸⁷</strong></span> <span class='ocrx_word' id='word_1_585' title='bbox 535 5725 636 5778; x_wconf 85' lang='lat' dir='ltr'><strong>lsa.</strong></span> <span class='ocrx_word' id='word_1_586' title='bbox 669 5739 787 5786; x_wconf 76' lang='lat' dir='ltr'><strong>XLV,</strong></span> <span class='ocrx_word' id='word_1_587' title='bbox 825 5723 919 5795; x_wconf 62' lang='grc'><strong>15.</strong></span> <span class='ocrx_word' id='word_1_588' title='bbox 986 5723 1031 5755; x_wconf 81' lang='grc'><strong><em>⁸⁸</em></strong></span> <span class='ocrx_word' id='word_1_589' title='bbox 1057 5723 1211 5777; x_wconf 87' lang='lat' dir='ltr'><strong>Cant.</strong></span> <span class='ocrx_word' id='word_1_590' title='bbox 1258 5741 1311 5792; x_wconf 79' lang='grc' dir='ltr'>ν,</span> <span class='ocrx_word' id='word_1_591' title='bbox 1367 5723 1452 5779; x_wconf 71' lang='grc' dir='ltr'><strong>ιε.</strong></span> <span class='ocrx_word' id='word_1_592' title='bbox 1528 5724 1573 5755; x_wconf 77' lang='grc'><strong>⁸⁸</strong></span> <span class='ocrx_word' id='word_1_593' title='bbox 1591 5720 1755 5779; x_wconf 78' lang='lat' dir='ltr'><strong>Marc.</strong></span> <span class='ocrx_word' id='word_1_594' title='bbox 1798 5739 1887 5788; x_wconf 77' lang='lat' dir='ltr'><strong>xv,</strong></span> <span class='ocrx_word' id='word_1_595' title='bbox 1929 5724 1949 5779; x_wconf 76' lang='grc' dir='ltr'>Ξ</span> 
     </span>
    </p>
   </div>
   <div class='ocr_carea' id='block_1_86' title="bbox 2050 5720 3094 5795">
    <p class='ocr_par' dir='ltr' id='par_1_86' title="bbox 2098 5724 3094 5795">
     <span class='ocr_line' id='line_1_86' title="bbox 2098 5724 3094 5795; baseline 0.003 -16"><span class='ocrx_word' id='word_1_596' title='bbox 2098 5725 2142 5758; x_wconf 80' lang='grc'><strong>⁶⁰</strong></span> <span class='ocrx_word' id='word_1_597' title='bbox 2164 5725 2319 5780; x_wconf 83' lang='lat' dir='ltr'><strong>Joan.</strong></span> <span class='ocrx_word' id='word_1_598' title='bbox 2350 5741 2424 5795; x_wconf 78' lang='lat' dir='ltr'><strong>Ix,</strong></span> <span class='ocrx_word' id='word_1_599' title='bbox 2457 5725 2545 5780; x_wconf 76' lang='lat'><strong>29.</strong></span> <span class='ocrx_word' id='word_1_600' title='bbox 2602 5727 2642 5758; x_wconf 70' lang='grc' dir='ltr'><strong>σί</strong></span> <span class='ocrx_word' id='word_1_601' title='bbox 2663 5725 2822 5781; x_wconf 80' lang='lat' dir='ltr'><strong>Joan.</strong></span> <span class='ocrx_word' id='word_1_602' title='bbox 2851 5742 2970 5793; x_wconf 87' lang='lat' dir='ltr'><strong>vm,</strong></span> <span class='ocrx_word' id='word_1_603' title='bbox 3006 5724 3094 5782; x_wconf 73' lang='grc'><strong>48.</strong></span> 
     </span>
    </p>
   </div>
   <div class='ocr_carea' id='block_1_87' title="bbox 388 5793 945 5861">
    <p class='ocr_par' dir='ltr' id='par_1_87' title="bbox 388 5793 945 5861">
     <span class='ocr_line' id='line_1_87' title="bbox 388 5793 945 5861; baseline -0.002 -12"><span class='ocrx_word' id='word_1_604' title='bbox 388 5796 433 5827; x_wconf 75' lang='grc'><strong>⁸³</strong></span> <span class='ocrx_word' id='word_1_605' title='bbox 478 5796 660 5849; x_wconf 74' lang='lat' dir='ltr'><strong>Matth.</strong></span> <span class='ocrx_word' id='word_1_606' title='bbox 696 5809 825 5861; x_wconf 77' lang='lat' dir='ltr'><strong>xm,</strong></span> <span class='ocrx_word' id='word_1_607' title='bbox 864 5793 945 5848; x_wconf 78' lang='lat' dir='ltr'><strong>I6.</strong></span> 
     </span>
    </p>
   </div>
   <div class='ocr_carea' id='block_1_88' title="bbox 2053 3319 3624 3393">
    <p class='ocr_par' dir='ltr' id='par_1_88' title="bbox 2053 3319 3624 3393">
     <span class='ocr_line' id='line_1_88' title="bbox 2053 3319 3624 3393; baseline 0.003 -20"><span class='ocrx_word' id='word_1_608' title='bbox 2053 3327 2183 3373; x_wconf 88' lang='lat' dir='ltr'><strong>sunt</strong></span> <span class='ocrx_word' id='word_1_609' title='bbox 2226 3319 2294 3373; x_wconf 91' lang='lat' dir='ltr'><strong>de</strong></span> <span class='ocrx_word' id='word_1_610' title='bbox 2334 3320 2779 3387; x_wconf 88' lang='lat' dir='ltr'><strong>circumcisione;</strong></span> <span class='ocrx_word' id='word_1_611' title='bbox 2831 3321 2971 3377; x_wconf 88' lang='lat' dir='ltr'><strong>ﬁlios</strong></span> <span class='ocrx_word' id='word_1_612' title='bbox 3002 3338 3130 3377; x_wconf 83' lang='lat' dir='ltr'><strong>vero</strong></span> <span class='ocrx_word' id='word_1_613' title='bbox 3163 3319 3348 3393; x_wconf 77' lang='lat' dir='ltr'><strong>hujus,</strong></span> <span class='ocrx_word' id='word_1_614' title='bbox 3383 3322 3505 3377; x_wconf 88' lang='lat' dir='ltr'><strong>illos</strong></span> <span class='ocrx_word' id='word_1_615' title='bbox 3533 3324 3624 3393; x_wconf 88' lang='lat' dir='ltr'><strong>qui</strong></span> 
     </span>
    </p>
   </div>
   <div class='ocr_carea' id='block_1_89' title="bbox 2054 3408 3626 3480">
    <p class='ocr_par' dir='ltr' id='par_1_89' title="bbox 2054 3408 3626 3480">
     <span class='ocr_line' id='line_1_89' title="bbox 2054 3408 3626 3480; baseline 0.003 -17"><span class='ocrx_word' id='word_1_616' title='bbox 2054 3408 2231 3479; x_wconf 90' lang='lat' dir='ltr'><strong>ipsum</strong></span> <span class='ocrx_word' id='word_1_617' title='bbox 2276 3421 2613 3480; x_wconf 76' lang='lat' dir='ltr'><strong>negaverunt</strong></span> <span class='ocrx_word' id='word_1_618' title='bbox 2639 3420 2693 3466; x_wconf 85' lang='lat' dir='ltr'><strong>et</strong></span> <span class='ocrx_word' id='word_1_619' title='bbox 2722 3413 2978 3467; x_wconf 73' lang='lat' dir='ltr'><strong>dixerunt</strong></span> <span class='ocrx_word' id='word_1_620' title='bbox 3012 3431 3023 3466; x_wconf 90' lang='lat'>:</span> <span class='ocrx_word' id='word_1_621' title='bbox 3058 3414 3210 3468; x_wconf 79' lang='lat' dir='ltr'><strong>Iluuc</strong></span> <span class='ocrx_word' id='word_1_622' title='bbox 3237 3424 3415 3468; x_wconf 83' lang='lat' dir='ltr'><strong>autem</strong></span> <span class='ocrx_word' id='word_1_623' title='bbox 3459 3415 3626 3468; x_wconf 75' lang='lat' dir='ltr'><strong>nesci-</strong></span> 
     </span>
    </p>
   </div>
   <div class='ocr_carea' id='block_1_90' title="bbox 2054 3504 3625 3578">
    <p class='ocr_par' dir='ltr' id='par_1_90' title="bbox 2054 3504 3625 3578">
     <span class='ocr_line' id='line_1_90' title="bbox 2054 3504 3625 3578; baseline 0.003 -23"><span class='ocrx_word' id='word_1_624' title='bbox 2054 3519 2169 3556; x_wconf 79' lang='lat' dir='ltr'><strong>mus</strong></span> <span class='ocrx_word' id='word_1_625' title='bbox 2196 3504 2339 3557; x_wconf 79' lang='lat' dir='ltr'><strong>unde</strong></span> <span class='ocrx_word' id='word_1_626' title='bbox 2367 3504 2433 3558; x_wconf 79' lang='lat' dir='ltr'><strong>sit</strong></span> <span class='ocrx_word' id='word_1_627' title='bbox 2453 3505 2520 3558; x_wconf 75' lang='grc' dir='ltr'><strong>⁸ο.</strong></span> <span class='ocrx_word' id='word_1_628' title='bbox 2544 3504 2751 3561; x_wconf 79' lang='lat' dir='ltr'><strong>Rursus</strong></span> <span class='ocrx_word' id='word_1_629' title='bbox 2784 3515 2969 3561; x_wconf 87' lang='lat' dir='ltr'><strong>autem</strong></span> <span class='ocrx_word' id='word_1_630' title='bbox 3003 3509 3349 3578; x_wconf 77' lang='lat' dir='ltr'><strong>peregrinum</strong></span> <span class='ocrx_word' id='word_1_631' title='bbox 3381 3506 3625 3562; x_wconf 76' lang='lat' dir='ltr'><strong>arbitrati</strong></span> 
     </span>
    </p>
   </div>
   <div class='ocr_carea' id='block_1_91' title="bbox 2053 3594 3627 3667">
    <p class='ocr_par' dir='ltr' id='par_1_91' title="bbox 2053 3594 3627 3667">
     <span class='ocr_line' id='line_1_91' title="bbox 2053 3594 3627 3667; baseline 0.003 -21"><span class='ocrx_word' id='word_1_632' title='bbox 2053 3603 2182 3648; x_wconf 84' lang='lat' dir='ltr'><strong>sunt</strong></span> <span class='ocrx_word' id='word_1_633' title='bbox 2214 3594 2460 3651; x_wconf 87' lang='lat' dir='ltr'><strong>dicentes</strong></span> <span class='ocrx_word' id='word_1_634' title='bbox 2492 3614 2506 3650; x_wconf 88' lang='lat'><strong>:</strong></span> <span class='ocrx_word' id='word_1_635' title='bbox 2538 3597 2725 3651; x_wconf 80' lang='lat' dir='ltr'><strong>Nonne</strong></span> <span class='ocrx_word' id='word_1_636' title='bbox 2754 3597 2881 3651; x_wconf 81' lang='lat' dir='ltr'><strong>bene</strong></span> <span class='ocrx_word' id='word_1_637' title='bbox 2905 3599 3144 3659; x_wconf 77' lang='lat' dir='ltr'><strong>dicimus,</strong></span> <span class='ocrx_word' id='word_1_638' title='bbox 3174 3600 3298 3667; x_wconf 85' lang='lat' dir='ltr'><strong>quia</strong></span> <span class='ocrx_word' id='word_1_639' title='bbox 3322 3597 3627 3652; x_wconf 83' lang='lat' dir='ltr'><strong>Samarita-</strong></span> 
     </span>
    </p>
   </div>
   <div class='ocr_carea' id='block_1_92' title="bbox 2054 3688 3741 3758">
    <p class='ocr_par' dir='ltr' id='par_1_92' title="bbox 2054 3688 3741 3758">
     <span class='ocr_line' id='line_1_92' title="bbox 2054 3688 3741 3758; baseline 0.004 -22"><span class='ocrx_word' id='word_1_640' title='bbox 2054 3701 2150 3738; x_wconf 75' lang='lat' dir='ltr'><strong>nus</strong></span> <span class='ocrx_word' id='word_1_641' title='bbox 2177 3701 2229 3739; x_wconf 79' lang='lat' dir='ltr'><strong>es</strong></span> <span class='ocrx_word' id='word_1_642' title='bbox 2254 3694 2312 3738; x_wconf 76' lang='lat' dir='ltr'><strong>tu</strong></span> <span class='ocrx_word' id='word_1_643' title='bbox 2336 3725 2351 3749; x_wconf 91' lang='lat'><strong>,</strong></span> <span class='ocrx_word' id='word_1_644' title='bbox 2380 3695 2428 3740; x_wconf 80' lang='lat' dir='ltr'><strong>et</strong></span> <span class='ocrx_word' id='word_1_645' title='bbox 2456 3688 2774 3741; x_wconf 62' lang='lat' dir='ltr'><strong>immanium</strong></span> <span class='ocrx_word' id='word_1_646' title='bbox 2804 3688 3064 3741; x_wconf 78' lang='lat' dir='ltr'><strong>habes“?</strong></span> <span class='ocrx_word' id='word_1_647' title='bbox 3095 3688 3172 3742; x_wconf 88' lang='lat' dir='ltr'><strong>Ita</strong></span> <span class='ocrx_word' id='word_1_648' title='bbox 3198 3688 3518 3758; x_wconf 76' lang='lat' dir='ltr'><strong>peregrinus</strong></span> <span class='ocrx_word' id='word_1_649' title='bbox 3549 3690 3627 3742; x_wconf 68' lang='grc' dir='ltr'><strong>τει-</strong></span> <span class='ocrx_word' id='word_1_650' title='bbox 3732 3736 3741 3749; x_wconf 39' lang='grc' dir='ltr'><strong>κ</strong></span> 
     </span>
    </p>
   </div>
   <div class='ocr_carea' id='block_1_93' title="bbox 2053 3778 2815 3833">
    <p class='ocr_par' dir='ltr' id='par_1_93' title="bbox 2053 3778 2815 3833">
     <span class='ocr_line' id='line_1_93' title="bbox 2053 3778 2815 3833; baseline 0.003 -5"><span class='ocrx_word' id='word_1_651' title='bbox 2053 3786 2175 3830; x_wconf 87' lang='lat' dir='ltr'><strong>ctus</strong></span> <span class='ocrx_word' id='word_1_652' title='bbox 2203 3785 2287 3831; x_wconf 90' lang='lat' dir='ltr'><strong>est</strong></span> <span class='ocrx_word' id='word_1_653' title='bbox 2314 3778 2437 3831; x_wconf 87' lang='lat' dir='ltr'><strong>ﬁliis</strong></span> <span class='ocrx_word' id='word_1_654' title='bbox 2466 3778 2654 3833; x_wconf 86' lang='lat' dir='ltr'><strong>matris</strong></span> <span class='ocrx_word' id='word_1_655' title='bbox 2683 3793 2815 3831; x_wconf 56' lang='lat' dir='ltr'><strong>suae.</strong></span> 
     </span>
    </p>
   </div>
   <div class='ocr_carea' id='block_1_94' title="bbox 2126 3866 3619 3937">
    <p class='ocr_par' dir='ltr' id='par_1_94' title="bbox 2126 3866 3619 3937">
     <span class='ocr_line' id='line_1_94' title="bbox 2126 3866 3619 3937; baseline 0.004 -18"><span class='ocrx_word' id='word_1_656' title='bbox 2126 3866 2284 3921; x_wconf 78' lang='lat' dir='ltr'><strong>Vens.</strong></span> <span class='ocrx_word' id='word_1_657' title='bbox 2313 3868 2397 3922; x_wconf 76' lang='lat'><strong>1-2.</strong></span> <span class='ocrx_word' id='word_1_658' title='bbox 2424 3868 2518 3922; x_wconf 69' lang='lat' dir='ltr'><strong>«Et</strong></span> <span class='ocrx_word' id='word_1_659' title='bbox 2545 3869 2697 3937; x_wconf 87' lang='lat' dir='ltr'><strong>posui</strong></span> <span class='ocrx_word' id='word_1_660' title='bbox 2717 3870 3100 3925; x_wconf 82' lang='lat' dir='ltr'><strong>vestimentum</strong></span> <span class='ocrx_word' id='word_1_661' title='bbox 3133 3886 3312 3925; x_wconf 89' lang='lat' dir='ltr'><strong>meum</strong></span> <span class='ocrx_word' id='word_1_662' title='bbox 3334 3872 3619 3928; x_wconf 59' lang='lat' dir='ltr'><strong>ciliciuma</strong></span> 
     </span>
    </p>
   </div>
   <div class='ocr_carea' id='block_1_95' title="bbox 2123 3958 3497 4031">
    <p class='ocr_par' dir='ltr' id='par_1_95' title="bbox 2123 3958 3497 4031">
     <span class='ocr_line' id='line_1_95' title="bbox 2123 3958 3497 4031; baseline 0.005 -19"><span class='ocrx_word' id='word_1_663' title='bbox 2123 3958 2370 4015; x_wconf 88' lang='lat' dir='ltr'><strong>Cilicium</strong></span> <span class='ocrx_word' id='word_1_664' title='bbox 2403 3975 2529 4015; x_wconf 89' lang='lat' dir='ltr'><strong>vere</strong></span> <span class='ocrx_word' id='word_1_665' title='bbox 2564 3976 2819 4031; x_wconf 88' lang='lat' dir='ltr'><strong>asperum</strong></span> <span class='ocrx_word' id='word_1_666' title='bbox 2856 3962 3066 4030; x_wconf 88' lang='lat' dir='ltr'><strong>peccati</strong></span> <span class='ocrx_word' id='word_1_667' title='bbox 3102 3964 3271 4018; x_wconf 88' lang='lat' dir='ltr'><strong>nostri</strong></span> <span class='ocrx_word' id='word_1_668' title='bbox 3300 3964 3497 4019; x_wconf 87' lang='lat' dir='ltr'><strong>induit.</strong></span> 
     </span>
    </p>
   </div>
   <div class='ocr_carea' id='block_1_96' title="bbox 2126 4144 3372 4215">
    <p class='ocr_par' dir='ltr' id='par_1_96' title="bbox 2126 4144 3372 4215">
     <span class='ocr_line' id='line_1_96' title="bbox 2126 4144 3372 4215; baseline -0.001 -18"><span class='ocrx_word' id='word_1_669' title='bbox 2126 4144 2287 4199; x_wconf 80' lang='lat' dir='ltr'><strong>Vens.</strong></span> <span class='ocrx_word' id='word_1_670' title='bbox 2325 4144 2409 4199; x_wconf 80' lang='lat' dir='ltr'><strong>I5.</strong></span> <span class='ocrx_word' id='word_1_671' title='bbox 2457 4163 2473 4194; x_wconf 86' lang='grc' dir='ltr'><strong>ι</strong></span> <span class='ocrx_word' id='word_1_672' title='bbox 2504 4144 2798 4198; x_wconf 83' lang='lat' dir='ltr'><strong>Adversum</strong></span> <span class='ocrx_word' id='word_1_673' title='bbox 2831 4160 2916 4199; x_wconf 90' lang='lat' dir='ltr'><strong>me</strong></span> <span class='ocrx_word' id='word_1_674' title='bbox 2940 4144 3318 4215; x_wconf 86' lang='lat' dir='ltr'><strong>loquebantur.</strong></span> <span class='ocrx_word' id='word_1_675' title='bbox 3355 4165 3372 4196; x_wconf 80' lang='grc' dir='ltr'><strong>ι</strong></span> 
     </span>
    </p>
   </div>
   <div class='ocr_carea' id='block_1_97' title="bbox 2122 4231 3622 4305">
    <p class='ocr_par' dir='ltr' id='par_1_97' title="bbox 2122 4231 3622 4305">
     <span class='ocr_line' id='line_1_97' title="bbox 2122 4231 3622 4305; baseline 0.005 -19"><span class='ocrx_word' id='word_1_676' title='bbox 2122 4231 2409 4302; x_wconf 89' lang='lat' dir='ltr'><strong>Principes</strong></span> <span class='ocrx_word' id='word_1_677' title='bbox 2435 4232 2689 4287; x_wconf 75' lang='lat' dir='ltr'><strong>Iudaicos</strong></span> <span class='ocrx_word' id='word_1_678' title='bbox 2723 4233 2874 4289; x_wconf 88' lang='lat' dir='ltr'><strong>dicit.</strong></span> <span class='ocrx_word' id='word_1_679' title='bbox 2907 4233 3188 4305; x_wconf 88' lang='lat' dir='ltr'><strong>Siquidem</strong></span> <span class='ocrx_word' id='word_1_680' title='bbox 3215 4239 3383 4292; x_wconf 90' lang='lat' dir='ltr'><strong>moris</strong></span> <span class='ocrx_word' id='word_1_681' title='bbox 3412 4248 3529 4291; x_wconf 90' lang='lat' dir='ltr'><strong>erat</strong></span> <span class='ocrx_word' id='word_1_682' title='bbox 3567 4248 3622 4293; x_wconf 85' lang='lat' dir='ltr'><strong>ut</strong></span> 
     </span>
    </p>
   </div>
   <div class='ocr_carea' id='block_1_98' title="bbox 2051 4325 3626 4396">
    <p class='ocr_par' dir='ltr' id='par_1_98' title="bbox 2051 4325 3626 4396">
     <span class='ocr_line' id='line_1_98' title="bbox 2051 4325 3626 4396; baseline 0.003 -16"><span class='ocrx_word' id='word_1_683' title='bbox 2051 4325 2362 4381; x_wconf 71' lang='lat' dir='ltr'><strong>Judreorum</strong></span> <span class='ocrx_word' id='word_1_684' title='bbox 2400 4327 2645 4381; x_wconf 88' lang='lat' dir='ltr'><strong>seniores</strong></span> <span class='ocrx_word' id='word_1_685' title='bbox 2676 4327 2730 4379; x_wconf 89' lang='lat' dir='ltr'><strong>in</strong></span> <span class='ocrx_word' id='word_1_686' title='bbox 2774 4335 2927 4396; x_wconf 85' lang='lat' dir='ltr'><strong>porta</strong></span> <span class='ocrx_word' id='word_1_687' title='bbox 2972 4328 3246 4394; x_wconf 74' lang='lat' dir='ltr'><strong>sederent,</strong></span> <span class='ocrx_word' id='word_1_688' title='bbox 3286 4329 3429 4383; x_wconf 85' lang='lat' dir='ltr'><strong>sicut</strong></span> <span class='ocrx_word' id='word_1_689' title='bbox 3460 4330 3514 4382; x_wconf 86' lang='lat' dir='ltr'><strong>in</strong></span> <span class='ocrx_word' id='word_1_690' title='bbox 3544 4331 3626 4384; x_wconf 84' lang='lat' dir='ltr'><strong>hi-</strong></span> 
     </span>
    </p>
   </div>
   <div class='ocr_carea' id='block_1_99' title="bbox 2054 4416 3024 4487">
    <p class='ocr_par' dir='ltr' id='par_1_99' title="bbox 2054 4416 3024 4487">
     <span class='ocr_line' id='line_1_99' title="bbox 2054 4416 3024 4487; baseline -0.001 -15"><span class='ocrx_word' id='word_1_691' title='bbox 2054 4417 2218 4472; x_wconf 87' lang='lat' dir='ltr'><strong>storia</strong></span> <span class='ocrx_word' id='word_1_692' title='bbox 2246 4416 2394 4471; x_wconf 79' lang='lat' dir='ltr'><strong>Ruth</strong></span> <span class='ocrx_word' id='word_1_693' title='bbox 2422 4426 2478 4470; x_wconf 90' lang='lat' dir='ltr'><strong>et</strong></span> <span class='ocrx_word' id='word_1_694' title='bbox 2506 4417 2645 4471; x_wconf 80' lang='lat' dir='ltr'><strong>Booz</strong></span> <span class='ocrx_word' id='word_1_695' title='bbox 2668 4417 3024 4487; x_wconf 88' lang='lat' dir='ltr'><strong>reperiemus.</strong></span> 
     </span>
    </p>
   </div>
   <div class='ocr_carea' id='block_1_100' title="bbox 2127 4611 3567 4686">
    <p class='ocr_par' dir='ltr' id='par_1_100' title="bbox 2127 4611 3567 4686">
     <span class='ocr_line' id='line_1_100' title="bbox 2127 4611 3567 4686; baseline 0.006 -21"><span class='ocrx_word' id='word_1_696' title='bbox 2127 4611 2286 4668; x_wconf 71' lang='lat' dir='ltr'><strong>Vens.</strong></span> <span class='ocrx_word' id='word_1_697' title='bbox 2321 4613 2404 4667; x_wconf 85' lang='lat' dir='ltr'><strong>l5.</strong></span> <span class='ocrx_word' id='word_1_698' title='bbox 2444 4630 2462 4663; x_wconf 87' lang='grc' dir='ltr'><strong>ι</strong></span> <span class='ocrx_word' id='word_1_699' title='bbox 2491 4611 2557 4667; x_wconf 86' lang='lat' dir='ltr'><strong>Et</strong></span> <span class='ocrx_word' id='word_1_700' title='bbox 2581 4613 2635 4665; x_wconf 90' lang='lat' dir='ltr'><strong>in</strong></span> <span class='ocrx_word' id='word_1_701' title='bbox 2669 4627 2755 4666; x_wconf 86' lang='lat' dir='ltr'><strong>me</strong></span> <span class='ocrx_word' id='word_1_702' title='bbox 2781 4614 3087 4683; x_wconf 85' lang='lat' dir='ltr'><strong>psallebant</strong></span> <span class='ocrx_word' id='word_1_703' title='bbox 3118 4615 3208 4685; x_wconf 89' lang='lat' dir='ltr'><strong>qui</strong></span> <span class='ocrx_word' id='word_1_704' title='bbox 3238 4618 3516 4686; x_wconf 80' lang='lat' dir='ltr'><strong>bibebant.</strong></span> <span class='ocrx_word' id='word_1_705' title='bbox 3551 4640 3567 4673; x_wconf 74' lang='grc' dir='ltr'><strong>ι</strong></span> 
     </span>
    </p>
   </div>
   <div class='ocr_carea' id='block_1_101' title="bbox 2125 4702 3631 4784">
    <p class='ocr_par' dir='ltr' id='par_1_101' title="bbox 2125 4702 3631 4784">
     <span class='ocr_line' id='line_1_101' title="bbox 2125 4702 3631 4784; baseline 0.006 -25"><span class='ocrx_word' id='word_1_706' title='bbox 2125 4704 2297 4772; x_wconf 85' lang='lat' dir='ltr'><strong>Quale</strong></span> <span class='ocrx_word' id='word_1_707' title='bbox 2327 4705 2510 4760; x_wconf 84' lang='lat' dir='ltr'><strong>vinum</strong></span> <span class='ocrx_word' id='word_1_708' title='bbox 2533 4708 2556 4760; x_wconf 87' lang='lat'><strong>?</strong></span> <span class='ocrx_word' id='word_1_709' title='bbox 2581 4702 2883 4776; x_wconf 78' lang='lat' dir='ltr'><strong>Mysticum.</strong></span> <span class='ocrx_word' id='word_1_710' title='bbox 2916 4706 2991 4760; x_wconf 91' lang='lat' dir='ltr'><strong>Illi</strong></span> <span class='ocrx_word' id='word_1_711' title='bbox 3021 4709 3167 4762; x_wconf 89' lang='lat' dir='ltr'><strong>enim</strong></span> <span class='ocrx_word' id='word_1_712' title='bbox 3202 4725 3309 4765; x_wconf 86' lang='lat' dir='ltr'><strong>non</strong></span> <span class='ocrx_word' id='word_1_713' title='bbox 3345 4715 3631 4784; x_wconf 75' lang='lat' dir='ltr'><strong>negaban-</strong></span> 
     </span>
    </p>
   </div>
   <div class='ocr_carea' id='block_1_102' title="bbox 2056 4798 3627 4878">
    <p class='ocr_par' dir='ltr' id='par_1_102' title="bbox 2056 4798 3627 4878">
     <span class='ocr_line' id='line_1_102' title="bbox 2056 4798 3627 4878; baseline 0.005 -26"><span class='ocrx_word' id='word_1_714' title='bbox 2056 4807 2164 4864; x_wconf 89' lang='lat' dir='ltr'><strong>tur,</strong></span> <span class='ocrx_word' id='word_1_715' title='bbox 2192 4798 2287 4855; x_wconf 83' lang='lat' dir='ltr'><strong>sed</strong></span> <span class='ocrx_word' id='word_1_716' title='bbox 2326 4798 2631 4868; x_wconf 82' lang='lat' dir='ltr'><strong>psallebant</strong></span> <span class='ocrx_word' id='word_1_717' title='bbox 2658 4816 2672 4852; x_wconf 93' lang='lat'><strong>:</strong></span> <span class='ocrx_word' id='word_1_718' title='bbox 2708 4814 2907 4870; x_wconf 87' lang='lat' dir='ltr'><strong>nempe</strong></span> <span class='ocrx_word' id='word_1_719' title='bbox 2932 4800 2999 4853; x_wconf 90' lang='lat' dir='ltr'><strong>de</strong></span> <span class='ocrx_word' id='word_1_720' title='bbox 3032 4801 3138 4854; x_wconf 87' lang='lat' dir='ltr'><strong>Deo</strong></span> <span class='ocrx_word' id='word_1_721' title='bbox 3158 4800 3376 4859; x_wconf 67' lang='lat' dir='ltr'><strong>(IhriSto</strong></span> <span class='ocrx_word' id='word_1_722' title='bbox 3396 4805 3627 4878; x_wconf 78' lang='lat' dir='ltr'><strong>hymnos</strong></span> 
     </span>
    </p>
   </div>
   <div class='ocr_carea' id='block_1_103' title="bbox 2058 4891 2745 4961">
    <p class='ocr_par' dir='ltr' id='par_1_103' title="bbox 2058 4891 2745 4961">
     <span class='ocr_line' id='line_1_103' title="bbox 2058 4891 2745 4961; baseline 0.003 -17"><span class='ocrx_word' id='word_1_723' title='bbox 2058 4891 2408 4961; x_wconf 84' lang='lat' dir='ltr'><strong>propheticos</strong></span> <span class='ocrx_word' id='word_1_724' title='bbox 2432 4891 2745 4948; x_wconf 84' lang='lat' dir='ltr'><strong>recitantes.</strong></span> 
     </span>
    </p>
   </div>
   <div class='ocr_carea' id='block_1_104' title="bbox 2128 4979 3628 5067">
    <p class='ocr_par' dir='ltr' id='par_1_104' title="bbox 2128 4979 3628 5067">
     <span class='ocr_line' id='line_1_104' title="bbox 2128 4979 3628 5067; baseline 0.003 -32"><span class='ocrx_word' id='word_1_725' title='bbox 2128 4981 2321 5036; x_wconf 86' lang='lat' dir='ltr'><strong>Adhuc</strong></span> <span class='ocrx_word' id='word_1_726' title='bbox 2369 4982 2436 5037; x_wconf 91' lang='lat' dir='ltr'><strong>de</strong></span> <span class='ocrx_word' id='word_1_727' title='bbox 2484 4979 2839 5067; x_wconf 50' lang='lat' dir='ltr'><strong>Iudaeis/agit,</strong></span> <span class='ocrx_word' id='word_1_728' title='bbox 2862 4982 2952 5052; x_wconf 84' lang='lat' dir='ltr'><strong>qui</strong></span> <span class='ocrx_word' id='word_1_729' title='bbox 3004 4983 3181 5053; x_wconf 88' lang='lat' dir='ltr'><strong>ipsum</strong></span> <span class='ocrx_word' id='word_1_730' title='bbox 3219 4986 3464 5052; x_wconf 83' lang='lat' dir='ltr'><strong>oderant,</strong></span> <span class='ocrx_word' id='word_1_731' title='bbox 3509 4995 3628 5040; x_wconf 81' lang='lat' dir='ltr'><strong>tan-</strong></span> 
     </span>
    </p>
   </div>
   <div class='ocr_carea' id='block_1_105' title="bbox 2055 5072 3629 5149">
    <p class='ocr_par' dir='ltr' id='par_1_105' title="bbox 2055 5072 3629 5149">
     <span class='ocr_line' id='line_1_105' title="bbox 2055 5072 3629 5149; baseline 0.005 -24"><span class='ocrx_word' id='word_1_732' title='bbox 2055 5088 2216 5142; x_wconf 89' lang='lat' dir='ltr'><strong>quam</strong></span> <span class='ocrx_word' id='word_1_733' title='bbox 2249 5073 2341 5142; x_wconf 90' lang='lat' dir='ltr'><strong>qui</strong></span> <span class='ocrx_word' id='word_1_734' title='bbox 2373 5073 2429 5126; x_wconf 88' lang='lat' dir='ltr'><strong>in</strong></span> <span class='ocrx_word' id='word_1_735' title='bbox 2467 5072 2662 5128; x_wconf 75' lang='lat' dir='ltr'><strong>faciem</strong></span> <span class='ocrx_word' id='word_1_736' title='bbox 2696 5074 2936 5143; x_wconf 84' lang='lat' dir='ltr'><strong>ipsorum</strong></span> <span class='ocrx_word' id='word_1_737' title='bbox 2992 5075 3298 5146; x_wconf 84' lang='lat' dir='ltr'><strong>hypocrisin</strong></span> <span class='ocrx_word' id='word_1_738' title='bbox 3338 5078 3629 5149; x_wconf 83' lang='lat' dir='ltr'><strong>redargue-</strong></span> 
     </span>
    </p>
   </div>
   <div class='ocr_carea' id='block_1_106' title="bbox 2055 5162 3630 5236">
    <p class='ocr_par' dir='ltr' id='par_1_106' title="bbox 2055 5162 3630 5236">
     <span class='ocr_line' id='line_1_106' title="bbox 2055 5162 3630 5236; baseline 0.003 -17"><span class='ocrx_word' id='word_1_739' title='bbox 2055 5162 2149 5219; x_wconf 80' lang='lat' dir='ltr'><strong>bat</strong></span> <span class='ocrx_word' id='word_1_740' title='bbox 2184 5181 2198 5218; x_wconf 89' lang='lat'><strong>:</strong></span> <span class='ocrx_word' id='word_1_741' title='bbox 2234 5162 2288 5218; x_wconf 91' lang='lat' dir='ltr'><strong>in</strong></span> <span class='ocrx_word' id='word_1_742' title='bbox 2322 5163 2592 5234; x_wconf 70' lang='lat' dir='ltr'><strong>profundo</strong></span> <span class='ocrx_word' id='word_1_743' title='bbox 2632 5173 2814 5220; x_wconf 84' lang='lat' dir='ltr'><strong>autem</strong></span> <span class='ocrx_word' id='word_1_744' title='bbox 2862 5174 3057 5236; x_wconf 82' lang='lat' dir='ltr'><strong>aquam</strong></span> <span class='ocrx_word' id='word_1_745' title='bbox 3109 5167 3329 5222; x_wconf 63' lang='lat' dir='ltr'><strong>malitia;</strong></span> <span class='ocrx_word' id='word_1_746' title='bbox 3366 5169 3630 5223; x_wconf 86' lang='lat' dir='ltr'><strong>reconde-</strong></span> 
     </span>
    </p>
   </div>
   <div class='ocr_carea' id='block_1_107' title="bbox 2054 5255 3629 5329">
    <p class='ocr_par' dir='ltr' id='par_1_107' title="bbox 2054 5255 3629 5329">
     <span class='ocr_line' id='line_1_107' title="bbox 2054 5255 3629 5329; baseline 0.004 -19"><span class='ocrx_word' id='word_1_747' title='bbox 2054 5255 2221 5322; x_wconf 86' lang='lat' dir='ltr'><strong>bant,</strong></span> <span class='ocrx_word' id='word_1_748' title='bbox 2257 5257 2327 5311; x_wconf 84' lang='lat' dir='ltr'><strong>ita</strong></span> <span class='ocrx_word' id='word_1_749' title='bbox 2351 5265 2418 5312; x_wconf 84' lang='lat' dir='ltr'><strong>ut</strong></span> <span class='ocrx_word' id='word_1_750' title='bbox 2446 5272 2835 5329; x_wconf 83' lang='lat' dir='ltr'><strong>nonnunquam</strong></span> <span class='ocrx_word' id='word_1_751' title='bbox 2882 5258 3102 5328; x_wconf 83' lang='lat' dir='ltr'><strong>quidem</strong></span> <span class='ocrx_word' id='word_1_752' title='bbox 3143 5258 3318 5323; x_wconf 87' lang='lat' dir='ltr'><strong>ipsum</strong></span> <span class='ocrx_word' id='word_1_753' title='bbox 3366 5259 3537 5315; x_wconf 77' lang='lat' dir='ltr'><strong>Rabbi</strong></span> <span class='ocrx_word' id='word_1_754' title='bbox 3559 5260 3629 5324; x_wconf 81' lang='lat'><strong>&quot;,</strong></span> 
     </span>
    </p>
   </div>
   <div class='ocr_carea' id='block_1_108' title="bbox 2055 5348 3629 5417">
    <p class='ocr_par' dir='ltr' id='par_1_108' title="bbox 2055 5348 3629 5417">
     <span class='ocr_line' id='line_1_108' title="bbox 2055 5348 3629 5417; baseline 0.003 -16"><span class='ocrx_word' id='word_1_755' title='bbox 2055 5348 2344 5417; x_wconf 85' lang='lat' dir='ltr'><strong>aliquando</strong></span> <span class='ocrx_word' id='word_1_756' title='bbox 2370 5364 2497 5404; x_wconf 89' lang='lat' dir='ltr'><strong>vero</strong></span> <span class='ocrx_word' id='word_1_757' title='bbox 2521 5364 2768 5404; x_wconf 76' lang='lat' dir='ltr'><strong>veracem</strong></span> <span class='ocrx_word' id='word_1_758' title='bbox 2793 5357 2847 5403; x_wconf 84' lang='lat' dir='ltr'><strong>et</strong></span> <span class='ocrx_word' id='word_1_759' title='bbox 2875 5348 3147 5403; x_wconf 81' lang='lat' dir='ltr'><strong>hominem</strong></span> <span class='ocrx_word' id='word_1_760' title='bbox 3187 5363 3218 5400; x_wconf 85' lang='lat' dir='ltr'><strong>a</strong></span> <span class='ocrx_word' id='word_1_761' title='bbox 3250 5348 3359 5403; x_wconf 87' lang='lat' dir='ltr'><strong>Deo</strong></span> <span class='ocrx_word' id='word_1_762' title='bbox 3398 5349 3629 5405; x_wconf 85' lang='lat' dir='ltr'><strong>missum</strong></span> 
     </span>
    </p>
   </div>
   <div class='ocr_carea' id='block_1_109' title="bbox 2060 5438 3631 5511">
    <p class='ocr_par' dir='ltr' id='par_1_109' title="bbox 2060 5438 3631 5511">
     <span class='ocr_line' id='line_1_109' title="bbox 2060 5438 3631 5511; baseline 0 -18"><span class='ocrx_word' id='word_1_763' title='bbox 2060 5438 2385 5503; x_wconf 78' lang='lat' dir='ltr'><strong>dicereut“,</strong></span> <span class='ocrx_word' id='word_1_764' title='bbox 2425 5440 2817 5511; x_wconf 78' lang='lat' dir='ltr'><strong>malignitatem</strong></span> <span class='ocrx_word' id='word_1_765' title='bbox 2867 5439 2922 5492; x_wconf 84' lang='lat' dir='ltr'><strong>in</strong></span> <span class='ocrx_word' id='word_1_766' title='bbox 2964 5438 3133 5493; x_wconf 81' lang='lat' dir='ltr'><strong>fundo</strong></span> <span class='ocrx_word' id='word_1_767' title='bbox 3179 5440 3360 5495; x_wconf 85' lang='lat' dir='ltr'><strong>cordis</strong></span> <span class='ocrx_word' id='word_1_768' title='bbox 3398 5441 3631 5494; x_wconf 85' lang='lat' dir='ltr'><strong>abscon-</strong></span> 
     </span>
    </p>
   </div>
   <div class='ocr_carea' id='block_1_110' title="bbox 2057 5531 2272 5586">
    <p class='ocr_par' dir='ltr' id='par_1_110' title="bbox 2057 5531 2272 5586">
     <span class='ocr_line' id='line_1_110' title="bbox 2057 5531 2272 5586; baseline -0.009 0"><span class='ocrx_word' id='word_1_769' title='bbox 2057 5531 2272 5586; x_wconf 86' lang='lat' dir='ltr'><strong>dentes.</strong></span> 
     </span>
    </p>
   </div>
   <div class='ocr_carea' id='block_1_111' title="bbox 3197 5724 3625 5795">
    <p class='ocr_par' dir='ltr' id='par_1_111' title="bbox 3197 5724 3625 5795">
     <span class='ocr_line' id='line_1_111' title="bbox 3197 5724 3625 5795; baseline 0 -12"><span class='ocrx_word' id='word_1_770' title='bbox 3197 5727 3242 5759; x_wconf 71' lang='grc' dir='ltr'>θ’</span> <span class='ocrx_word' id='word_1_771' title='bbox 3270 5724 3430 5783; x_wconf 81' lang='lat' dir='ltr'><strong>Joan.</strong></span> <span class='ocrx_word' id='word_1_772' title='bbox 3456 5743 3539 5795; x_wconf 84' lang='grc' dir='ltr'>ιιι,</span> <span class='ocrx_word' id='word_1_773' title='bbox 3568 5725 3625 5783; x_wconf 71' lang='lat'><strong>2.</strong></span> 
     </span>
    </p>
   </div>
  </div>
