4032 6222
475 512 632 571 Vens.
660 515 744 568 l7.
794 508 811 564 ι
848 509 1051 564 Exaudi
1080 524 1186 571 me,
1227 507 1473 563 Domine.
1508 527 1527 560 ι

410 642 417 649 η
475 604 709 675 Ειήιιῑά
753 618 891 672 opus
923 600 1213 671 Unigenito
1245 598 1617 663 exauditione,
1666 613 1789 654 cum
1835 596 1981 651 Patri

400 714 499 771 par
529 698 601 752 sit
631 705 686 751 et
714 693 977 764 aequalis?
1018 692 1252 763 lpsemet
1283 706 1501 745 causam
1536 689 1772 744 reddidit
1803 706 1815 741 :
1841 687 1983 753 Quo-

404 791 547 843 niam
583 787 804 855 benigna
841 791 915 837 est
944 780 1306 835 misericordia
1342 788 1451 833 tua.
1484 775 1541 831 ld
1575 785 1678 839 est,
1706 775 1831 831 ideo
1853 789 1987 844 opus

403 881 582 937 habeo
638 877 903 943 exaudiri,
936 875 1064 946 quia
1114 882 1339 943 propter
1390 869 1784 941 benignitatem
1842 877 1987 921 tuam

404 974 568 1027 homo
614 971 792 1024 factus
840 983 983 1027 sum,
1011 976 1065 1022 et
1094 982 1191 1036 pro
1215 964 1474 1020 omnibus
1502 961 1835 1025 hominibus,
1864 974 1986 1014 cum

399 1066 521 1136 jure
552 1064 693 1117 Deus
731 1077 931 1122 essem,
961 1061 1079 1114 lure
1110 1057 1276 1113 etiam
1309 1055 1567 1126 suscipio.

478 1160 638 1214 Vens.
676 1157 759 1212 l9.
810 1155 1083 1210 «Intende
1113 1153 1309 1207 animae
1338 1164 1494 1205 meae.
1530 1169 1547 1201 ι

473 1250 615 1316 Quid
643 1257 733 1303 est
756 1241 999 1300 intende?
1024 1236 1179 1306 Vide,
1217 1234 1414 1311 inquit,
1445 1240 1638 1309 ipsam,
1684 1237 1829 1308 quod
1881 1251 1990 1290 non

405 1342 476 1395 sit
506 1340 680 1394 solum
709 1336 969 1400 hominis,
1013 1334 1107 1389 sed
1148 1333 1315 1388 etiam
1363 1330 1455 1385 Dei
1507 1329 1777 1383 incarnati
1815 1342 1993 1397 :quo-

404 1432 555 1486 niam
584 1445 694 1484 non
726 1445 824 1498 pro
858 1442 977 1489 sua,
1007 1425 1103 1479 sed
1140 1440 1239 1494 pro
1282 1421 1559 1477 communi
1590 1420 1842 1475 libertate
1872 1434 1996 1489 pas-

406 1521 590 1577 siones
637 1518 952 1588 assumpsit.
1005 1516 1142 1582 Quia
1187 1523 1501 1584 potestatem
1550 1512 1715 1565 habeo
1769 1511 1997 1582 ponendi

407 1628 525 1667 eam
544 1654 559 1676 ,
602 1608 650 1665 et
680 1608 989 1680 potestatem
1016 1605 1179 1660 habeo
1214 1606 1405 1658 iterum
1434 1602 1670 1656 sumendi
1699 1616 1815 1653 eam
1831 1599 1896 1654 “.
1920 1599 1997 1654 Te

405 1712 585 1758 autem
620 1701 779 1756 simul
808 1715 909 1770 pro
940 1700 1059 1769 ipsa
1090 1697 1357 1768 deprecor
1384 1702 1610 1765 propter
1656 1692 1834 1747 carnis
1864 1692 1997 1746 sub-

400 1794 724 1865 jectionem.

473 1885 743 1951 Quoniam
790 1899 915 1938 non
946 1898 1048 1953 pro
1079 1880 1289 1951 meipso
1313 1882 1436 1944 ista,
1471 1882 1563 1936 sed
1598 1896 1697 1951 pro
1731 1880 1987 1935 tota'na-

407 1984 533 2033 tura
571 1977 811 2031 humana
857 1975 1128 2040 sustinui;
1183 1975 1342 2043 cujus
1374 1988 1498 2027 cum
1533 1981 1753 2043 peccata
1784 1986 1987 2041 geram,

407 2069 718 2125 necessario
753 2069 916 2122 etiam
945 2066 1264 2121 eorumdem
1294 2068 1558 2136 pudorem
1589 2064 1848 2119 sustinui.

480 2160 646 2217 Vens.
679 2161 770 2214 22.
819 2180 836 2211 ι
868 2161 933 2214 Ει
960 2158 1230 2214 dederunt
1260 2158 1315 2212 in
1342 2171 1525 2212 escam
1564 2172 1742 2211 meam
1766 2155 1857 2210 fel.
1895 2174 1913 2206 ι

484 2253 594 2309 lloc
613 2248 777 2306 etiam
802 2252 981 2306 crucis
1001 2259 1243 2321 tempore
1261 2250 1542 2319 impletum
1561 2246 1953 2318 reperiemus“
1974 2264 1987 2300 :

400 2360 535 2400 nam
571 2342 743 2398 Judaei
770 2350 899 2396 tunc
925 2341 976 2396 ei
1003 2350 1219 2396 acetum
1249 2348 1305 2395 et
1331 2338 1403 2394 fel
1434 2338 1776 2393 obtulerunt.

481 2525 648 2580 Vens.
675 2523 765 2580 29.
812 2540 831 2574 ι
862 2522 1157 2576 [)eleantur
1182 2520 1249 2575 de
1273 2519 1415 2574 libro
1442 2516 1763 2574 viventium.
1792 2534 1809 2567 ι

467 2617 593 2672 "Etsi
626 2615 793 2681 enim,
827 2614 1023 2683 inquit,
1055 2612 1301 2681 inscripti
1333 2611 1445 2665 sint
1469 2610 1630 2681 primi
1654 2614 1878 2679 propter
1901 2621 1995 2676 pa-

413 2721 524 2765 tres
562 2723 690 2763 suos
723 2707 813 2777 qui
848 2705 989 2775 apud
1036 2703 1204 2757 Deum
1236 2703 1432 2758 vivunt
1475 2703 1642 2773 (unde
1669 2701 1831 2755 etiam
1864 2698 1996 2768 ipsis

414 2803 570 2856 factze
615 2806 743 2854 sunt
788 2795 1222 2867 promissiones),
1254 2809 1443 2849 verum
1475 2809 1597 2849 cum
1635 2793 1759 2846 talia
1798 2790 1998 2845 inierint

414 2895 552 2957 ausi,
586 2893 891 2955 deleantur,
916 2903 1095 2958 neque
1142 2903 1173 2941 a
1218 2887 1348 2949 Deo,
1394 2885 1591 2953 inquit,
1629 2883 1998 2938 inscribuntur

416 2999 538 3039 cum
563 2982 725 3052 justis
748 2980 959 3043 electis,
979 2985 1033 3031 et
1059 2976 1149 3046 qui
1173 2974 1317 3045 apud
1335 2973 1515 3044 ipsum
1542 2971 1649 3025 vita
1674 2969 1822 3042 digni
1845 2975 1995 3035 sunt,

418 3072 604 3146 utpote
630 3073 721 3144 qui
752 3080 1033 3127 auctorem
1067 3067 1259 3122 salutis
1285 3065 1598 3137 rejecerint.

422 3276 428 3283 -
478 3252 655 3306 Vens.
679 3249 769 3303 '50.
815 3266 833 3298 ι
859 3245 1075 3315 Pauper
1098 3254 1152 3299 et
1187 3243 1378 3298 dolens
1410 3258 1529 3298 sum
1564 3257 1683 3313 ego.
1712 3262 1730 3295 ι

488 3340 728 3397 Laudem
756 3346 915 3393 vocat
937 3336 1329 3397 laudationem,
1366 3350 1487 3404 quin
1517 3333 1617 3403 ipsi
1646 3334 1713 3388 al)
1743 3332 1998 3388 universa

419 3439 668 3488 creatura
699 3428 1040 3483 naturalibus
1065 3426 1304 3480 motibus
1348 3425 1525 3493 ipsum
1574 3425 1828 3479 laudante
1874 3440 1999 3494 pro-

421 3526 615 3579 fertur.
654 3519 894 3575 Ecclesia
926 3518 1090 3589 igitur
1127 3531 1235 3569 non
1270 3517 1445 3570 solum
1478 3531 1820 3571 communem
1852 3517 1997 3571 illam

420 3631 545 3671 cum
579 3604 825 3669 creatura
854 3608 1226 3663 laudationem
1256 3609 1646 3662 se'oblaturam
1686 3608 1995 3678 pollicetur,

420 3707 515 3762 sed
543 3720 667 3760 cum
697 3703 909 3758 cantico
939 3690 1358 3765 celebraturam,
1384 3700 1437 3754 id
1467 3709 1569 3763 est,
1589 3699 1884 3770 spiritalem
1916 3711 1998 3756 at-

420 3794 966 3870 queintellectualem
994 3791 1689 3864 hymnodiam’oblaturam.
1718 3792 1832 3847 Hoc
1850 3794 1997 3848 enim

421 3889 641 3961 proprie
672 3897 756 3942 est
791 3893 1015 3941 cantare
1053 3885 1188 3939 Deo.

492 3980 653 4036 Vens.
682 3980 771 4034 3i.
812 3997 837 4029 γι
865 3978 1121 4033 Laudabo
1158 3993 1360 4033 nomen
1392 3979 1482 4033 Dei
1510 3982 1637 4035 cum
1668 3982 1898 4035 cantico.
1925 4000 1943 4032 ι

495 4070 794 4125 Ratioualis
819 4068 965 4125 enim
992 4068 1232 4125 laudatio
1252 4084 1365 4138 prie
1388 4070 1536 4124 cultu
1566 4072 1725 4142 legali
1750 4072 1862 4125 Deo
1885 4071 2000 4141 pla-

409 4176 530 4220 ιεει.

924 4247 1254 4305 'PSALMUS
1291 4246 1480 4304 LXIX.

456 4378 461 4385 α
500 4347 657 4402 Vens.
684 4344 944 4406 2.¢Deus,
976 4343 1032 4396 in
1060 4341 1386 4411 adiutorium
1429 4356 1630 4397 meum.
1656 4362 1676 4393 ι

497 4438 721 4492 Beatum
744 4446 824 4491 est
842 4450 963 4489 cum
989 4442 1135 4490 tanta
1157 4433 1352 4488 fiducia
1371 4433 1537 4488 Deum
1557 4450 1734 4497 orare,
1753 4444 1808 4490 ut
1832 4435 1996 4490 etiam

1585 394 1949 457 HESYCHII
2004 386 2477 455 PRESBYTERI
2578 430 2585 437 -

2010 511 2055 565 A
2161 523 2181 556 ι
2214 500 2551 560 Είσάκουσόν
2584 522 2707 576 μου,
2739 503 2929 575 Κύριε.
2966 521 2987 555 ι

3536 380 3676 452 ιὲἓῗ

2158 597 2270 652 Καὶ
2296 598 2350 651 τί
2399 596 2595 670 χρῄζει
2640 599 2668 650 ὁ
2720 597 3033 666 Μονογενὴς
3060 593 3506 665 εἰσακουσθῆναι,
3559 592 3679 656 tuo;

2084 688 2160 742 ὣν
2186 690 2263 761 τῷ
2287 690 2463 773 Ῑίατρὶ
2498 690 2594 744 καὶ
2625 691 2922 758 ὁμότιμος;
2957 689 3126 753 Αὐτὸς
3158 690 3254 762 τὴν
3282 688 3466 743 αίτίαν
3486 685 3642 753 λέγει
3662 704 3677 716 ·

2087 788 2210 841 Ὅτι
2257 786 2531 858 χρηστὸν
2575 787 2644 841 τὸ
2687 787 2865 853 ἔλεός
2912 800 3049 840 σου.
3074 787 3362 847 Τουτέστι,
3394 783 3494 835 Διὰ
3519 780 3684 833 τοῦτ)

2087 880 2510 948 εἰσακουσθῆναι
2536 878 2747 950 χρῄζω,
2789 878 2979 948 ἐπειδὴ
3008 876 3294 947 ἄνθρωπος
3325 874 3414 928 διὰ
3447 886 3546 944 την
3581 870 3684 941 σὴν

2056 968 2501 1040 νφιλανθρωπίαν
2533 973 2756 1037 γέγονα,
2793 970 2888 1022 καὶ
2919 968 3059 1038 ὑπὲρ
3092 966 3311 1051 πάντων
3345 962 3681 1035 ἀνθρώπων»

2090 1062 2317 1126 εἰκότως
2342 1061 2475 1127 Θεὸς
2508 1059 2605 1125 ὢν,
2634 1061 2730 1114 καὶ
2762 1060 2934 1114 ταῦτα
2966 1060 3320 1130 ἀναδέχομαι.

2169 1172 2189 1205 ι
2220 1155 2460 1224 Πρόσχες
2493 1155 2559 1225 τῇ
2589 1152 2735 1223 ψυχῇ
2777 1171 2900 1223 μου.
2929 1172 2947 1204 ι
3538 1218 3545 1223 _

2168 1245 2264 1310 Τί,
2295 1246 2598 1315 πρόσχες;
2625 1245 2753 1310 Ἴδε,
2783 1239 3185 1315 φησὶν,”αὐτὴν,
3208 1244 3289 1297 ὅτι
3317 1241 3417 1296 οὐκ
3440 1240 3558 1294 ἔστι
3591 1240 3690 1311 p.6-

2088 1333 2182 1389 ’νον
2210 1334 2496 1407 ἀνθρώπου
2518 1376 2532 1399 ,
2567 1335 2703 1388 ἀλλὰ
2740 1337 2831 1389 καὶ
2863 1336 3239 1407 σαρκωθέντος
3271 1333 3407 1388 Θεοῦ
3429 1350 3445 1364 ·
3475 1333 3562 1386 ὅτι
3586 1333 3691 1403 οὐχ

2095 1427 2234 1498 ὑπὲρ
2280 1427 2474 1497 αὐτῆς,
2506 1426 2621 1480 ἀλλ’
2654 1428 2794 1497 ὑπὲρ
2843 1429 3030 1498 κοινῆς
3081 1426 3396 1496 ἐλευθερίας
3427 1423 3499 1477 τὰ
3530 1425 3689 1492 πάθη

2095 1517 2569 1583 κατεδέξατο.”οτι
2600 1516 2928 1581 Ἐξουσίαν
2957 1517 3076 1586 ἔχω
3117 1517 3306 1571 θεῖναι
3333 1516 3559 1580 αὐτήν-
3585 1515 3693 1568 καὶ

2095 1609 2388 1672 ἐξουσίαν
2416 1608 2534 1678 ἔχω
2558 1608 2766 1663 λαϐεῖν
2793 1608 3005 1674 αὑτήν.
3036 1610 3127 1661 Σοὶ
3162 1609 3216 1661 δὲ
3244 1608 3394 1677 ὅμως
3416 1606 3565 1677 ὑπὲρ
3586 1606 3693 1660 αὓ-

2097 1698 2197 1768 τῆς
2229 1697 2317 1751 διὰ
2350 1699 2449 1770 τὴν
2480 1699 2757 1771 ὑποταγὴν
2783 1702 2883 1771 τῆς
2914 1698 3114 1771 σαρκὸς
3139 1697 3540 1769 προσεύχομαι.

2026 1849 2068 1904 Β
2092 1890 2103 1911 κ
2166 1870 2234 1922 '0
2248 1887 2289 1923 τι
2323 1871 2423 1940 οὐχ
2469 1869 2631 1940 ὑπὲρ⁴
2657 1870 2899 1940 ἐμαυτοῦ
2929 1869 3124 1935 ταῦτα,
3167 1868 3308 1940 ὑπὲρ
3341 1868 3398 1922 δὲ
3421 1867 3552 1938 ὅλης
3589 1871 3695 1939 τῆς

2093 1961 2443 2035 ἀνθρωπίνης
2463 1962 2735 2033 ὑπέμεινα
2755 1963 3001 2031 φύσεως*
3021 1957 3089 2034 ἦς
3109 1961 3205 2024 τὰς
3230 1960 3504 2031 ἁμαρτίας
3521 1959 3692 2030 ἔχων,

2093 2054 2409 2123 ἀναγκαίως
2447 2054 2541 2107 καὶ
2573 2053 2672 2125 τὴν
2703 2053 2991 2107 ὕπάὺτῶν
3020 2053 3285 2123 αἰσχύνην
3320 2050 3654 2115 ἐϐάσταζον.

2170 2164 2189 2197 ι
2221 2144 2330 2198 Καὶ
2362 2144 2571 2198 ἔδωκαν
2597 2147 2677 2207 εἰς
2701 2144 2762 2196 τὸ
2795 2144 2992 2214 βρῶμά
3021 2162 3122 2214 μου
3156 2144 3338 2214 χολήν.
3368 2161 3387 2193 ι

2163 2237 2323 2290 Κατὰ
2358 2237 2450 2290 τὸν
2480 2236 2673 2309 καιρὸν
2704 2238 2799 2298 καὶ
2832 2238 2988 2290 τοῦτο
3030 2236 3123 2289 τοῦ
3169 2234 3403 2306 σταυροῦ
3434 2236 3696 2304 ἐὑρήσο-

2098 2344 2197 2398 μεν
2241 2326 2705 2398 πεπληρωμένον·
2738 2328 2857 2394 δξος
2898 2329 3006 2398 γὰρ
3051 2330 3144 2383 καὶ
3173 2328 3335 2398 χολὴν
3381 2327 3533 2397 αὺτῷ
3562 2327 3695 2380 τότε

2097 2412 2487 2491 προσήνεγκαν
2513 2421 2563 2473 oi
2598 2420 2864 2474 Ἰουδαῖοι.

2169 2531 2188 2564 ι
2212 2511 2718 2582 Ἐξαλειφθήτωσαν
2747 2514 2812 2566 ἐκ
2846 2510 3030 2582 βίϐλου
3065 2511 3305 2576 ζώντων.
3335 2530 3357 2563 ι

2170 2603 2229 2656 Εἰ
2259 2603 2368 2674 γὰρ
2396 2603 2489 2656 καὶ
2519 2603 2753 2674 πρῶτοι,
2791 2603 2957 2673 φησὶν
2981 2643 2996 2668 ,
3028 2604 3407 2674 ἐνεγράφησαν
3438 2602 3529 2656 διὰ
3561 2605 3696 2667 τοὺς

2098 2696 2250 2767 παρὰ
2301 2696 2420 2767 Θεῷ
2457 2695 2666 2760 ζῶντας
2711 2696 2961 2767 πατέρας
2994 2695 3207 2748 αὐτῶν
3243 2695 3319 2759 ὡς
3361 2695 3458 2748 καὶ
3500 2696 3694 2758 αὐτοῖς

2095 2787 2341 2842 δεδόσθαι
2371 2788 2469 2850 τὰς
2499 2786 2835 2855 ἐπαγγελίας
2854 2803 2868 2817 ο
2905 2785 3019 2839 ἀλλ’
3051 2778 3146 2839 οὖν
3169 2783 3397 2839 τοιαῦτα
3412 2787 3693 2856 τετολμη-

2098 2880 2274 2946 κότες,
2305 2878 2806 2949 ἐξαλειφθήτωσαν,
2830 2870 2976 2949 ’μηδὲ
3008 2877 3160 2949 παρὰ
3193 2877 3333 2947 Θεῷ,
3370 2879 3562 2948 φησὶν,
3594 2880 3693 2945 ἐγ-

2096 2958 2470 3043 γρακςρήτωσαν
2527 2969 2670 3040 μετὰ
2718 2969 2827 3022 τῶν
2871 2968 3280 3038 ἐκλελεγμένων
3307 2968 3558 3032 δικαίων,
3596 2970 3695 3023 καὶ

2098 3062 2196 3125 τῆς
2222 3062 2349 3131 παρ’
2374 3060 2520 3130 αὑτῷ
2547 3059 2692 3129 ζωῆς
2714 3059 2884 3113 ὄντων
2906 3059 3096 3128 ἀξίων,
3114 3060 3189 3122 ὡς
3207 3059 3298 3112 τὸν
3317 3061 3566 3131 ἀρχηγὸν
3592 3063 3694 3132 τξς

2102 3154 2376 3226 σωτηρίας
2407 3154 2901 3224 παραιτησάμενοι.

2178 3265 2197 3298 ι
2230 3245 2450 3315 Πτωχὸς
2483 3245 2576 3297 καὶ
2603 3244 2785 3312 ἀλγῶν
2811 3246 2926 3313 είμι
2962 3242 3091 3312 ἐγώ.
3123 3262 3141 3294 ι
3208 3268 3217 3273 -

2168 3332 2327 3389 Αἶνον
2373 3336 2471 3408 τὴν
2517 3335 2824 3404 δοξολογίαν
2853 3335 3028 3398 καλεῖ,
3059 3337 3182 3407 ἥτις
3213 3335 3363 3405 αὗτῷ
3389 3338 3546 3407 παρὰ
3590 3337 3696 3408 τῆς

2099 3430 2330 3493 κτίσεως
2359 3428 2490 3498 ὅλης
2517 3430 2767 3497 φυσικοῖς
2793 3429 3096 3497 κινήμασιν
3116 3428 3278 3480 αὑτὸν
3300 3428 3697 3499 δοξολογοῦσης

2099 3521 2489 3591 προσφέρεται.
2511 3520 2575 3573 Ἦ
2610 3519 2905 3590 Ἐκκλησία
2926 3520 3105 3573 τοίνυν
3137 3521 3198 3574 οὐ
3224 3519 3385 3591 μόνον
3410 3521 3512 3592 τὴν
3548 3524 3699 3591 μετά

2099 3609 2197 3680 τῆς
2232 3610 2462 3672 κτίσεως
2512 3609 2823 3678 δοξολογίαν
2876 3609 3209 3681 προσφέρειν
3259 3612 3689 3681 ἐπαγγέλλεται,

2100 3704 2235 3756 ἀλλὰ
2273 3702 2392 3773 μετ’
2409 3702 2554 3774 ᾠδῆς
2595 3700 2841 3767 δοξάζειν
2862 3740 2875 3764 ,
2913 3702 3158 3754 τουτέστι
3188 3703 3570 3773 πνευματικὴν
3603 3707 3698 3756 καὶ

2098 3795 2288 3865 νοερὰν
2339 3794 2615 3864 ὑμνῳδίαν
2660 3792 3016 3865 προσφέρειν.
3046 3792 3215 3846 Τοῦτο
3258 3794 3367 3865 γάρ
3410 3796 3563 3847 ἐστιν
3599 3797 3697 3849 ἐπὶ.

2100 3885 2236 3940 Θεοῦ
2271 3887 2475 3956 κυρίως
2508 3886 2568 3938 τὸ
2596 3886 2764 3957 ᾅδειν.

2177 3998 2195 4031 ι
2222 3979 2433 4032 Αἰνέσω
2458 3977 2519 4031 τὸ
2548 3978 2719 4048 ὄνομα
2748 3976 2845 4031 τοῦ
2872 3977 3008 4031 Θεοῦ
3038 3995 3141 4049 μου
3175 3979 3294 4049 μετ’
3315 3978 3483 4050 ᾠδῆς.
3509 3998 3530 4031 ι

2180 4071 2245 4124 Ἦ
2279 4071 2387 4139 γὰρ
2413 4069 2604 4142 λογικὴ
2629 4072 2837 4134 αἵνεσις
2870 4064 3010 4142 ὑπὲρ
3042 4069 3141 4142 τὴν
3165 4073 3397 4143 νομικὴν
3430 4070 3697 4144 λατρείαν

2099 4163 2322 4235 ἀρέσκει
2346 4163 2422 4234 τῷ
2448 4160 2589 4233 Θεῷ.

2662 4255 2954 4309 ΨΑΛΜΟΣ
2988 4255 3107 4309 ΞΘ¹.

2176 4346 2280 4403 (Ὀ
2311 4347 2462 4412 Θεὸς,
2493 4348 2574 4409 είς
2607 4347 2704 4413 τὴν
2736 4347 3046 4417 βοήθειαν.»
3221 4413 3230 4422 _

2110 4478 2117 4484 .
2172 4441 2459 4510 Μακάριον
2487 4441 2583 4493 σὺν
2610 4439 2851 4511 τοσαύτη
2888 4439 3171 4512 παρρησίᾳ
3195 4439 3272 4511 τῷ
3303 4439 3424 4511 Θεῷ
3445 4444 3694 4513 προσδεᾶ-

425 4532 603 4600 ipsum
642 4541 932 4599 urgeamus
960 4525 1027 4580 ad
1052 4525 1212 4580 nobis
1231 4524 1628 4595 Opitulandum.
1648 4526 1885 4580 Primum
1909 4542 1995 4581 au-

2106 4533 2315 4603 χεσθαι,
2353 4532 2494 4587 ὥστε
2538 4533 2634 4587 καὶ
2675 4534 3021 4601 κατεπείγειν
3070 4533 3232 4587 αὐτὸν
3281 4535 3359 4597 είς
3401 4538 3693 4608 ἡμετέραν

427 4635 544 4677 tem
562 4622 729 4676 Deum
764 4630 823 4676 ut
853 4620 1164 4674 intenderet
1189 4661 1203 4686 ,
1232 4627 1285 4674 et
1315 4619 1662 4689 postmodum
1698 4630 1758 4675 ut
1787 4621 1998 4675 accele-

427 4722 603 4776 raret,
637 4712 846 4782 rogavit
879 4727 893 4764 :
931 4711 975 4765 si
1011 4711 1156 4764 enim
1184 4709 1409 4764 omnino
1430 4704 1737 4765 intenderit
1763 4728 1997 4781 quanam

427 4804 512 4860 vel
539 4802 683 4873 quali
719 4817 821 4871 ope
859 4800 1218 4873 indigeamus,
1249 4801 1394 4855 illico
1424 4803 1867 4871 commiseretur;
1896 4804 2000 4857 mi-

427 4904 605 4951 sertus
633 4900 815 4949 autem
844 4893 1131 4959 accelerat,
1163 4902 1217 4947 et
1238 4908 1345 4948 non
1372 4894 1573 4949 diti‘ert.

492 5073 659 5133 Vens.
683 5074 737 5129 5.
782 5090 801 5125 ι
830 5071 1264 5137 Confundantur,
1290 5082 1354 5127 et
1387 5083 1756 5130 revereant-ur.
1775 5094 1803 5127 ο

494 5165 600 5232 Qui
631 5163 842 5219 animas
860 5169 1076 5216 nostras
1097 5164 1326 5231 perdere
1341 5173 1610 5232 quaerunt.
1627 5175 1753 5220 sunt
1770 5166 2002 5222 maxime

423 5257 700 5313 damones
728 5272 742 5309 :
770 5261 901 5308 sunt
930 5262 1111 5307 tamen
1142 5253 1305 5308 etiam
1355 5255 1603 5310 homines
1631 5259 1870 5327 perversi
1906 5259 2006 5314 ali-

423 5347 539 5415 qui,
565 5346 658 5416 qui
690 5346 757 5400 ad
787 5360 981 5416 pravas
1008 5345 1252 5401 actiones
1292 5355 1350 5401 et
1394 5347 1657 5404 absurdus
1696 5350 2003 5420 voluptates

425 5451 527 5494 nos
552 5448 881 5508 provocent;
904 5454 1093 5493 verum
1121 5439 1301 5494 neutri
1330 5439 1711 5511 praedictorum
1752 5450 1999 5512 possunt,

428 5527 528 5582 nisi
561 5544 593 5582 a
619 5528 795 5593 nobis,
827 5530 971 5584 unde
1000 5545 1102 5585 nos
1131 5531 1385 5600 prodant,
1425 5533 1754 5601 acceperint,
1780 5534 1885 5589 nisi
1933 5535 2002 5588 lio

418 5617 564 5685 agatis
597 5618 792 5673 anima
838 5621 1089 5676 manibus
1137 5621 1381 5679 obsecuti
1421 5622 1551 5693 ipsis
1580 5624 1863 5680 fuerimus.
1894 5627 2005 5697 Ipsi

502 5792 548 5824 ’δ
572 5790 731 5847 Joau.
763 5807 819 5861 χ,
848 5797 934 5851 18.
1011 5800 1055 5832 ⁸⁸
1080 5800 1268 5853 Matth.
1299 5817 1464 5867 XSVII,
1491 5802 1580 5857 34.

2108 4623 2377 4696 βοήθειαν.
2415 4623 2640 4696 Πρῶτον
2676 4625 2732 4678 δέ
2767 4625 3056 4695 προσέχειν
3091 4626 3183 4678 τὸν
3222 4625 3388 4691 Θεὸν,
3417 4630 3511 4680 καὶ
3546 4630 3695 4697 μετὰ

2103 4716 2261 4768 τοῦτο
2302 4714 2552 4785 ταχῦναι,
2599 4713 2980 4786 προσηύξατο’
3014 4713 3111 4767 ἐὰν
3146 4715 3253 4791 γὰρ
3284 4715 3422 4791 ὅλως
3467 4716 3693 4790 πρόσλῃ

2107 4808 2250 4870 τίνος
2273 4808 2307 4877 ἢ
2339 4782 2497 4869 ποίας.
2524 4782 2775 4877 βοηθείας
2789 4806 3084 4877 χρῄζομεν,
3115 4782 3455 4878 παρῖιχρῆμα
3476 4782 3693 4874 σπλειγίἶ

2105 4900 2379 4968 χνίζεταιο
2414 4896 2832 4969 σπλαγχνισθεὶς
2865 4897 2921 4950 δέ
2950 4896 3300 4967 ταχύνει,καὶ
3321 4898 3423 4950 οὐκ
3443 4896 3694 4951 ἀναϐάλ-

2105 4990 2276 5043 λεται.

2181 5101 2199 5133 ι
2227 5080 2704 5151 Αίσχυνθήτωσαν,
2739 5080 2833 5134 καὶ
2855 5079 3298 5149 ἐντραπήτωσαν.
3333 5097 3352 5130 ι
3384 5102 3387 5103 ν

2104 5200 2109 5203 -
2176 5172 2239 5223 Ol
2275 5169 2567 5241 ζητοῦντες
2595 5169 2754 5241 ἡμῶν
2788 5154 2889 5233 τὰς
2915 5167 3094 5238 ψυχὰς
3132 5166 3465 5239 διαφθεῖραι,
3496 5171 3546 5222 οἱ
3573 5170 3695 5224 δαί-

2109 5264 2267 5332 μονές
2295 5264 2405 5315 εἱσι
2438 5262 2669 5333 μάλιστα
2687 5280 2702 5293 ·
2727 5262 2948 5332 ζητοῦσι
2975 5263 3033 5316 δὲ
3061 5261 3156 5315 καὶ
3185 5263 3321 5334 πρὸς
3344 5262 3443 5326 τὰς
3472 5263 3697 5332 φαύλας

2105 5352 2356 5424 πράξεις,
2386 5354 2579 5425 ἡδονάς
2601 5371 2659 5407 τε
2680 5356 2915 5417 ἀτόπους
2940 5356 3087 5425 ἡμᾶς
3116 5353 3449 5425 ἐρεθίζοντες
3475 5355 3699 5426 ἄνθρω-

2106 5463 2228 5501 ποι·
2263 5447 2380 5501 ἀλλ’
2401 5446 2673 5518 οὐδέτεροι
2702 5445 2808 5499 τῶν
2833 5447 3141 5518 εἰρημένων
3166 5445 3442 5512 δύνανται,
3474 5447 3574 5501 ἐὰν
3617 5448 3700 5520 μὴ

2104 5540 2238 5611 παρ’
2284 5539 2442 5611 ἡμῶν
2479 5541 2579 5611 τὴν
2611 5539 2734 5593 καθ’
2754 5539 2912 5610 ἡμῶν
2939 5537 3234 5611 προδοσίαν
3266 5538 3699 5611 παραλάϐωσιν,

2111 5631 2204 5687 ἐὰν
2235 5633 2310 5704 μὴ
2339 5634 2436 5697 τὰς
2463 5636 2651 5703 χεῖρας
2680 5632 2778 5705 τῆς
2795 5631 2971 5703 ψυχῆς
2994 5630 3275 5704 δήσαντες,
3299 5634 3476 5698 οὕτως
3498 5633 3705 5698 αὐτοῖς
