4044 6228
443 370 581 442 1233

1586 385 2052 447 FRAGMENTA
2092 388 2175 450 IN
2214 389 2572 453 PSALMOS.

3554 362 3697 485 123i

438 484 1095 583 ἀκολουθήσωμιν.οὗτοι
1116 494 1297 549 τοίνυν
1320 495 1690 567 αἰσχύνονται,
1710 500 1838 554 ὅταν
1863 500 2005 570 ἡμᾶς

2114 502 2293 573 itaque
2320 505 2750 573 confunduntur,
2777 508 2994 579 quando
3018 526 3119 567 nos
3148 513 3358 571 insidiis
3394 514 3508 569 suis
3533 513 3692 583 longe

437 577 800 652 ὑψηλοτέρους
821 585 953 639 πολὺ
979 587 1079 658 τῆς
1099 589 1230 660 παρ’
1251 589 1429 643 αὐτῶν
1450 589 1747 662 ὲπιϐουλῆς
1771 592 1868 646 καὶ⁵
1885 594 2015 647 κατ-

433 673 729 744 ορθοῦντας
757 677 1085 736 θεάσωνται.

511 782 531 816 ι
554 765 1057 841 Ἀποστραφείησαν
1091 775 1430 844 παραυτίκα.
1457 793 1477 827 ι

502 857 866 924 Παραυτίκα,
896 861 1183 931 *τουτέστιν
1212 864 1437 929 εὐθέως,
1473 864 1571 917 καὶ
1601 862 1870 932 ἀναϐολῆς
1903 879 2013 932 χω·-

434 944 539 1013 ρξς.
553 947 715 1012 Τίνας
741 949 801 1002 δὲ
822 953 879 1004 ὲν
897 953 1054 1023 τάχει
1074 956 1540 1025 καταισχυνθῆναι
1563 954 1813 1024 βούλεται
1833 970 1849 1019 ;
1873 953 2013 1015 Τοὺς

430 1035 717 1105 λέγοντας·
748 1038 928 1113 Εὖγε,
956 1040 1131 1115 εὖγε·
1174 1048 1419 1101 τουτέστι
1469 1048 1595 1110 τοὺς
1646 1044 2009 1115 ὲγγελῶντας,

429 1131 556 1193 τοὺς
599 1132 1014 1204 κολακεύοντας,
1047 1140 1176 1202 τοὺς
1212 1141 1562 1206 ἀπατῶντας,
1586 1140 1721 1205 τοὺς
1750 1138 2012 1207 ἀποδεχο-

432 1225 628 1288 μένους
654 1223 732 1287 ῶς
758 1225 938 1294 ἀγαθά
966 1227 1037 1280 τὰ
1059 1226 1299 1300 βλαϐερὰ
1319 1229 1417 1283 καὶ
1437 1228 1735 1297 θανάσιμα.
1760 1225 1907 1296 Πλὴν
1928 1224 2011 1278 δτι

428 1312 556 1375 τοὺς
588 1314 686 1383 μὲν
712 1318 939 1387 νοητοὺς
971 1319 1201 1391 ἐχθροὺς
1230 1321 1698 1391 καταιηυνθῆναι
1738 1319 1832 1373 καλ¹
1874 1318 2011 1370 ἀπο-

432 1405 739 1474 στραφῆναι
764 1406 946 1478 μόνον,
970 1412 1097 1474 τοὺς
1121 1412 1179 1465 δὲ
1207 1411 1498 1480 αἰσθητοὺς
1517 1410 1608 1465 διὰ
1628 1411 1825 1480 τάχους
1845 1423 2013 1478 προσ-

429 1490 649 1561 εύχεται
670 1510 683 1525 ·
706 1496 1063 1570 εὐκολώτεροι
1084 1501 1191 1570 γὰρ
1212 1494 1380 1567 οὗτοι,
1398 1499 1717 1569 ῶς-ἁδελφοί
1735 1501 1801 1570 τῇ
1826 1496 2006 1577 φύσει,

428 1583 524 1637 καὶ
549 1585 854 1655 ὁμογενεῖς,
880 1591 974 1643 καὶ
999 1593 1285 1662 ὁμόφυλοι.

503 1695 522 1726 ι
547 1677 1021 1745 Ἀγαλλιάσθωσαν
1055 1684 1150 1738 καὶ
1188 1684 1671 1754 εὐφρανθήτωσαν.
1704 1700 1724 1733 ι

496 1766 770 1839 Σωτήρων
803 1771 896 1825 τοῦ
947 1773 1162 1845 Πατρδς
1205 1775 1237 1827 ὁ
1276 1775 1512 1845 Χριστὸς
1559 1774 1908 1847 ὀνομάζεται·
1947 1771 2007 1823 ἐν

2115 592 2425 668 superiores
2446 608 2501 655 et
2531 610 2676 656 recte
2701 617 2860 673 agere
2897 606 3298 675 conspexerint.

2184 767 2347 825 Vens.
2372 773 2424 827 ι.
2472 791 2492 824 ι
2526 775 2853 831 Avertantur
2877 780 3082 835 statim.
3116 800 3136 834 ι

2116 896 2129 901 -
2187 864 2404 931 Statim,
2427 864 2481 919 id
2504 875 2588 920 est
2617 867 2783 933 illico,
2810 879 2865 924 et
2892 871 3012 926 sine
3035 872 3312 928 dilatione.
3337 873 3485 940 Quos
3506 884 3688 930 autem
3744 872 3751 875 ⁷

2113 953 2399 1008 confestim
2424 957 2537 1011 vult
2565 958 2926 1016 erubescere?
2943 962 3047 1028 Qui
3075 964 3267 1019 dicunt
3294 982 3307 1018 :
3332 965 3497 1037 Euge,
3522 982 3688 1036 euge;

2113 1044 2167 1100 id
2186 1056 2288 1110 est,
2304 1046 2580 1114 irrisores,
2604 1051 2932 1119 adulatores,
2949 1053 3294 1125 impostores,
3317 1058 3409 1127 qui
3430 1072 3687 1128 tanquam

2113 1135 2275 1203 bona,
2311 1152 2373 1191 ea
2423 1154 2544 1208 quae
2585 1143 2745 1196 noxia
2792 1155 2846 1199 et
2887 1142 3137 1200 murtalia
3181 1157 3331 1210 sunt,
3360 1149 3683 1218 suseipiunt.

2113 1226 2497 1286 Verumtamen
2536 1232 2809 1301 spiritales
2837 1234 3054 1304 quidem
3083 1238 3333 1292 inimicos
3361 1230 3687 1292 erubescere

2110 1320 2374 1375 duntaxat
2399 1330 2454 1377 et
2477 1325 2669 1388 averti,
2717 1326 2813 1380 sed
2839 1328 3125 1383 sensibiles
3155 1328 3276 1383 illos
3305 1343 3430 1382 cum
3464 1327 3690 1382 festina-

2112 1413 2262 1468 tione
2302 1415 2473 1468 averti
2518 1424 2712 1486 rogat:
2742 1417 2795 1469 hi
2841 1418 2988 1472 enim
3036 1419 3208 1490 magis
3252 1418 3465 1483 lubrici,
3501 1426 3687 1487 utpote

2112 1513 2305 1558 natura
2342 1504 2554 1572 fratres,
2582 1516 2638 1561 et
2661 1508 2906 1578 ejusdem
2935 1510 3151 1581 generis
3170 1550 3184 1575 ,
3213 1519 3268 1565 et
3292 1511 3653 1565 contribules.

2181 1679 2340 1736 Vnus.
2364 1681 2417 1736 5.
2464 1700 2482 1735 ι
2512 1682 2797 1739 Exsultent
2825 1693 2879 1738 et
2902 1684 3173 1739 laetentur.
3206 1704 3234 1735 )-

2183 1769 2659 1830 Salutare‘Patris
2720 1785 3067 1845 nuncupatur
3130 1776 3420 1831 Christus:
3467 1776 3522 1829 in
3563 1774 3684 1845 ipso

427 1859 577 1929 αὐτῷ
622 1861 733 1932 γὰρ
785 1864 882 1916 τοῦ
937 1841 1134 1933 γένους
1158 1866 1268 1919 τῶν
1309 1841 1614 1937 ἀνθρώπιον
1752 1861 1998 1933 σωτηρία

2108 1862 2244 1916 enim
2272 1862 2487 1934 generis
2512 1864 2734 1919 humani
2761 1841 3077 1921 salus—facta
3108 1874 3213 1920 est.
3235 1866 3407 1929 _Unde
3464 1874 3519 1920 et
3585 1841 3675 1920 Si-
3708 1860 3715 1869 ’

424 1938 943 2022 λιιέπρακταιθυθεν
972 1959 1065 2010 καὶ
1089 1956 1315 2029 Συμεὼν
1340 1957 1630 2011 ἀπολαϐὼν
1654 1958 1742 2011 τὸν
1762 1954 2000 2025 Χριστὸν

429 2044 487 2096 ὲν
514 2048 634 2109 ταῖς
664 2047 933 2115 ἀγκάλαις
958 2050 1108 2118 ἔλεγε
1128 2066 1142 2080 ·
1177 2052 1307 2104 Νῦν
1336 2052 1623 2121 ἀπολύεις
1643 2050 1751 2103 τὸν
1774 2047 2001 2102 δοῦλόν

427 2147 564 2198 σου,
601 2135 894 2204 Δέσποτα,
921 2140 1071 2194 κατὰ
1098 2139 1164 2193 τὸ
1186 2138 1355 2207 ῥῆμά
1378 2156 1517 2205 σου,
1537 2140 1606 2193 ἐν
1632 2137 1861 2207 εἰρήνῃ·
1911 2134 2001 2188 ὅτι

427 2220 592 2279 81801-
616 2229 671 2280 οἱ
700 2229 995 2299 ὀφθαλμοί
1011 2248 1130 2300 μου
1147 2231 1212 2284 τὸ
1235 2231 1535 2298 Σωτήριόν
1561 2245 1699 2285 σου.
1733 2230 1797 2283 Οἱ
1820 2229 2001 2283 τοίνυν

428 2314 587 2369 τοῦτο
622 2317 948 2387 ἀγαπῶντες
985 2321 1049 2374 τὸ
1089 2304 1379 2394 σωτήριον,
1416 2323 1709 2385 διαπαντὸς
1741 2321 1833 2376 τὸν
1868 2319 2000 2374 Θεδν

431 2407 812 2476 μεγαλύνουσι,
865 2412 1109 2466 τουτέστι
1169 2414 1504 2479 δοξάζουσιν·
1554 2415 1657 2479 δτι,
1685 2414 1753 2469 τὰ
1806 2412 2002 2468 εἴδωλα

428 2497 840 2568 καταλιπόντες,
855 2504 947 2556 τὸν
964 2503 1098 2557 Θεὸν
1122 2504 1441 2574 ἠγάπησαν,
1458 2506 1553 2559 τὸν
1567 2505 1738 2569 ὅντως
1762 2503 2002 2569 σώζοντα

426 2587 522 2638 καὶ
555 2588 957 2662 λυτρούμενον.1

498 2693 521 2729 ηι
549 2677 750 2750 Βοηθός
792 2699 893 2753 μου
918 2686 1011 2739 καί
1042 2685 1245 2757 ρύστης
1279 2703 1379 2757 μου
1411 2682 1462 2740 εἴ
1496 2688 1581 2741 σύ.
1622 2706 1644 2739 ι

497 2855 627 2911 Ὅτε
646 2857 756 2930 γὰρ
794 2858 974 2930 πάσης
1000 2861 1348 2934 ἀνθρωπίνης
1374 2862 1626 2934 βοηθείας
1654 2863 1999 2935 ἐκπέσωμεν,

424 2947 547 3001 τότε
572 2948 667 3002 τὸν
682 2949 816 3004 Θεὸν
841 2952 963 3005 ἀντὶ
992 2953 1210 3008 πάντων
1247 2954 1574 3026 εὑρήσομεν.
1607 2956 1772 3020 Ἴσως
1811 2956 1867 3009 δὲ
1903 2957 2001 3010 καὶ

427 3043 491 3093 ὲκ
511 3040 806 3111 προσώπου
831 3045 1005 3098 ταῦτα
1033 3045 1129 3099 τοῦ
1177 3046 1308 3099 λαοῦ
1332 3047 1443 3101 τῶν
1465 3047 1637 3100 ἐθνῶν
1665 3048 1996 3116 διαλέγεται·

422 3127 467 3199 ᾧ
501 3133 597 3187 καὶ
637 3135 747 3198 πᾶς
790 3137 821 3189 ὁ
860 3135 1077 3207 ψαλμὸς
1127 3138 1354 3209 πρέπει·
1400 3138 1849 3210 παρακαλοῦντος
1903 3140 2000 3193 καὶ

423 3196 842 3295 ἐπιταχύνοντος
875 3196 996 3281 ’τού
1056 3196 1309 3299 ⁷Χριστοῦ
1385 3196 1493 3301 τὴν.
1555 3196 1847 3300 βοήθειαν,⁷
1905 3196 2072 3285 itala

423 3315 891 3387 καταισχυνθῆναι
920 3320 1045 3383 τοὺς
1085 3322 1309 3390 νοητοὺς
1354 3321 1607 3393 ἐχθροὺς,
1639 3322 1842 3393 δηλαδὴ
1874 3324 1999 3386 τοὺς

421 3406 707 3477 δαίμονας,
742 3410 910 3463 πολὺν
941 3412 1414 3481 τετυραννηκότας
1436 3414 1649 3486 χρόνον,
1684 3413 1808 3468 καθ’
1842 3414 2000 3485 ἡμῶν

424 3498 786 3564 ἱκετεύοντος.
820 3497 991 3567 Οὗτος
1016 3505 1045 3556 ό
1071 3503 1202 3567 λαὸς
1241 3504 1454 3575 πτωχὸς
1486 3505 1581 3558 καὶ
1612 3506 1802 3576 πένης·
1848 3523 1998 3559 πτω-

422 3590 516 3659 χὸς
543 3590 632 3645 διὰ
681 3591 781 3663 τὴν
812 3593 1115 3666 ἁμαρτίαν,
1149 3595 1319 3666 πένης
1352 3594 1439 3647 διὰ
1471 3596 1570 3667 την
1606 3596 1886 3652 ἀσέϐειαν.

495 3761 717 3832 Βοηθὸς,
750 3761 827 3826 ὡς
882 3765 1103 3833 ἰσχυρὸς
1154 3765 1381 3835 ρύστης,
1417 3766 1492 3828 ὡς
1547 3765 1709 3829 αὐτὸς
1743 3767 1999 3836 ἐνέχυρον

426 3852 567 3922 ὑπὲρ
598 3852 754 3922 ἡμῶν
780 3852 857 3923 τῷ
893 3851 1112 3923 θανάτῳ
1134 3855 1273 3924 πρὸς
1313 3855 1533 3924 μικρὸν,
1563 3854 1703 3909 ὥστε
1735 3855 1998 3927 ρυσθῆναι

423 3944 525 4013 τὴν
562 3944 837 4015 ἡμετέραν
861 3944 1235 4015 αἰχμαλωσίαν
1253 3945 1550 4013 διδόμενος.
1566 3946 1662 4014 Μὴ
1682 3945 1996 4014 χρονίσῃς.

438 4031 813 4100 Ἀπέγνωσται
841 4031 951 4103 γὰρ
979 4035 1129 4100 παρά
1161 4034 1382 4086 πάντων
1409 4032 1609 4103 ἰατρῶν
1631 4035 1659 4086 ό
1691 4032 1995 4103 ἄρρωστος.

425 4122 624 4191 Διόπερ
647 4121 740 4174 καὶ
779 4124 808 4175 ὁ
849 4121 1395 4192 Ἀμϐακοὺμέλεγεν·
1419 4121 1540 4175 Ἔτι
1570 4120 1787 4193 μικρὸν,
1819 4118 2002 4174 Ὅσον

427 4214 462 4266 ὁ
485 4210 807 4280 ἐρχόμενος
862 4210 1017 4279 ἣξει,
1064 4210 1163 4265 καί
1194 4212 1266 4266 οὐ
1301 4211 1591 4280 χρονίσει·
1621 4209 1716 4265 τοῦ
1745 4209 1999 4282 Σωτῆρος

428 4303 771 4375 ἐπιταχύνων
800 4305 901 4375 τὴν
923 4303 1127 4375 ἄφιξιν.

1041 4420 1334 4474 ΨΑΛΜΟΣ
1375 4421 1451 4474 Ο’.

503 4526 524 4559 θ
573 4508 664 4563 Ἑν
686 4511 752 4579 τῇ
777 4508 1096 4579 δικαιοσύνῃ
1117 4526 1210 4562 σου
1247 4510 1407 4581 ῥῦσαί
1437 4528 1525 4581 με.
1554 4529 1571 4560 ι

428 4689 728 4756 καιοσύνῃ
759 4702 896 4743 σου.
931 4689 993 4742 Εἰ
1024 4688 1134 4758 γὰρ
1180 4690 1278 4742 καὶ
1327 4691 1408 4753 εἰς
1441 4689 1504 4742 σὲ
1546 4691 1818 4762 ἥμαρτον,
1863 4687 2000 4744 ἀλλὰ

427 4780 634 4835 τούτων
691 4798 759 4850 με
809 4780 1033 4844 δικαίως
1094 4779 1445 4847 ἀπαλλάξεις·
1489 4783 1573 4836 ὅτι
1626 4799 1687 4835 τε
1738 4782 1998 4853 οὐδεμίαν

430 4873 614 4943 ἔχουσι
652 4872 852 4943 γνιῖισιν
883 4872 983 4944 τῆς
1011 4872 1106 4943 σῆς
1149 4872 1351 4943 ἰσχύος,
1396 4873 1493 4926 καὶ
1527 4874 1606 4927 ὃτι
1646 4873 1824 4945 μάτην
1848 4874 1997 4943 ἡμᾶς

430 4965 700 5020 ἀδικοῦσι.

436 5076 455 5107 ι
498 5057 698 5111 κλῖνον
725 5056 860 5125 πρός
887 5072 954 5126 με
976 5056 1038 5110 τὸ
1069 5054 1165 5120 οὖς
1197 5073 1313 5113 σου.
1358 5076 1381 5109 ι

501 5146 811 5216 Τουτέστιν,
841 5148 916 5212 ὡς
942 5148 1160 5203 ἀσθενεῖ
1185 5149 1584 5220 συγκατάϐηθι.
1618 5150 1812 5203 κλῖνον
1832 5150 1895 5204 τὸ
1913 5146 2008 5216 οὖς

434 5254 527 5290 σου
553 5237 629 5300 ὡς
653 5240 986 5312 ἁμαρτωλῷ,
1030 5242 1127 5295 καὶ
1158 5243 1234 5312 μὴ
1270 5241 1561 5314 δυναμένῳ
1590 5245 1689 5297 σὺν
1722 5244 2006 5316 παρρησίᾳ

433 5328 858 5398 προσεύξασθαι·
909 5331 966 5401 ἢ,
1019 5332 1080 5385 τδ
1140 5333 1272 5401 γοῦν
1325 5334 1710 5405 ἀληθέστερον,
1762 5334 2004 5403 ἐγγισον.

432 5419 568 5473 Οὐδὲ
594 5420 704 5490 γὰρ
738 5421 898 5491 ἡμεῖς
925 5421 1146 5491 ἐγγίσαι
1181 5423 1259 5495 τῷ
1296 5423 1417 5495 Θεῷ
1449 5424 1876 5496 χωροῦμεν,ὲάν
1909 5427 2008 5498 μὴ,

431 5524 460 5569 ο
484 5513 763 5585 πανταχοῦ
806 5512 1022 5585 παρὼν,
1048 5515 1215 5584 ἔγγὺς
1247 5516 1404 5587 ἡμῶν
1442 5517 1668 5587 γένηται
1690 5520 1755 5588 τῇ
1788 5534 2013 5589 συμπα-

433 5605 578 5678 θείᾳ.

504 5784 548 5813 ⁶⁶
574 5783 704 5841 Luc.
732 5800 795 5852 ιι,
822 5782 914 5839 29.
993 5784 1036 5817 "
1065 5783 1265 5842 Hahae.
1294 5802 1350 5851 ιι,
1382 5787 1436 5841 5.

2101 1967 2258 2007 meon
2284 1953 2561 2011 Christum
2592 1957 2650 2010 in
2678 1957 2834 2011 ulnas
2859 1954 3153 2026 excipiens
3176 1957 3314 2012 dixit
3349 1955 3555 2012 :‘Nu‘nc
3595 1957 3681 2011 di-

2101 2044 2268 2098 mittis
2294 2062 2499 2100 servum
2584 2057 2752 2113 tuum,
2831 2047 3068 2111 Domine,
3125 2048 3409 2101 secundum
3470 2047 3684 2100 verbum

2099 2144 2268 2196 tuum.
2319 2137 2575 2207 ἔπραθε,
2636 2140 2763 2207 quia
2815 2139 3056 2193 viderunt
3122 2138 3260 2192 oculi
3302 2139 3405 2192 mei
3442 2136 3685 2191 salutare

2101 2235 2250 2280 tuum
2283 2229 2350 2283 “.
2409 2227 2515 2295 Qui
2572 2229 2735 2301 igitur
2775 2231 3012 2285 salutare
3069 2231 3172 2285 hoc
3195 2230 3445 2302 diligunt,
3467 2244 3681 2299 semper

2099 2317 2272 2372 Deum
2301 2320 2667 2391 magniﬁcam,
2687 2323 2742 2377 id
2772 2331 2856 2377 est
2870 2322 3211 2393 gloriﬁcant;
3243 2321 3524 2392 quoniam,
3546 2320 3680 2375 reli-

2101 2410 2400 2479 ctisidolis,
2424 2413 2591 2468 Deum
2645 2413 2976 2478 dilexerunt,
2995 2414 3086 2484 qui
3140 2430 3266 2469 vere
3319 2412 3566 2468 Salvator
3594 2420 3680 2468 est

2099 2515 2163 2556 ac
2215 2500 2562 2574 Redemptor.

2169 2678 2330 2734 Vens.
2362 2681 2413 2735 7.
2444 2699 2460 2732 ι
2500 2682 2727 2752 Adjutor
2788 2699 2943 2738 meus
2999 2691 3055 2737 et
3109 2683 3369 2735 liberator
3412 2693 3566 2733 meus
3620 2691 3683 2732 ea

2104 2778 2179 2823 tu.
2210 2788 2227 2820 ι

2172 2861 2401 2928 Quando
2454 2865 2600 2920 enim
2663 2867 2809 2921 omni
2876 2867 3114 2920 humana
3152 2880 3255 2935 ope
3288 2864 3690 2928 exciderimusr
3740 2922 3748 2929 ,

2103 2958 2232 3006 tunc
2252 2950 2423 3007 Deum
2451 2968 2550 3023 pro
2576 2955 2830 3010 omnibus
2862 2954 3218 3025 reperiemus.
3253 2953 3524 3009 Fortassis
3551 2965 3680 3006 vero

2101 3040 2268 3096 etiam
2295 3056 2364 3096 ex
2393 3058 2626 3113 persona
2654 3044 2837 3114 populi
2861 3045 3104 3116 gentium
3137 3045 3255 3100 haec
3284 3045 3535 3100 edisserit
3555 3058 3572 3107 ;
3590 3041 3680 3097 cui

2102 3133 2267 3188 ctiam
2290 3141 2439 3189 totus
2466 3134 2556 3190 hic
2576 3136 2820 3205 psalmus
2849 3135 3139 3200 convenit;
3171 3135 3392 3190 Christo
3416 3135 3678 3189 nimirum

2104 3226 2394 3280 invocante
2419 3236 2475 3281 et
2493 3228 2840 3283 acceleraute
2878 3228 3163 3295 auxilium,
3200 3236 3362 3297 atque
3409 3226 3685 3296 spiritales

2107 3313 2379 3379 inimicos,
2413 3315 2629 3369 scilicet
2650 3316 2951 3381 daemonas,
3007 3315 3097 3385 qui
3127 3315 3289 3385 longo
3313 3324 3558 3383 tempore
3599 3323 3678 3382 ty-

2105 3402 2331 3454 rannice
2354 3415 2453 3455 nos
2480 3413 2886 3472 oppresserant,
2929 3402 3191 3457 confundi
3223 3400 3551 3472 postulante.
3584 3401 3681 3454 Hic

2105 3492 2343 3562 populus
2401 3508 2608 3566 egenus
2661 3503 2717 3550 et
2769 3509 2974 3564 pauper
3023 3503 3105 3549 cst
3169 3511 3180 3546 :
3231 3509 3436 3564 egenus
3462 3492 3681 3563 quidem

2107 3595 2331 3653 propter
2359 3592 2664 3654 peccatum,
2703 3600 2910 3655 pauper
2966 3598 3102 3651 vero
3152 3593 3376 3653 pr0pter
3427 3581 3681 3650 impieta-

2108 3679 2215 3727 tem
2225 3711 2239 3726 ο

2177 3764 2428 3831 Adjutor,
2463 3775 2716 3835 tanquam
2747 3764 2902 3819 fortis
2961 3766 3241 3828 liberator,
3270 3772 3333 3817 ut
3358 3761 3449 3831 qui
3474 3771 3674 3816 semet.-

2106 3850 2282 3922 ipsum
2335 3868 2502 3921 parvo
2534 3863 2776 3923 tempore
2824 3870 2921 3924 pro
2952 3854 3115 3909 nobis
3161 3854 3216 3907 in
3272 3854 3468 3923 pignus
3517 3852 3680 3906 morti

2105 3942 2337 4009 dederit,
2392 3953 2451 3998 ut
2503 3945 2875 4013 captivitatem
2928 3953 3176 3999 nostram
3230 3944 3543 3998 redimeret.
3600 3940 3681 3995 Ne
3740 3962 3743 3963 ν

2107 4033 2424 4088 tardaveris.
2449 4036 2699 4090 Inﬁrmus
2727 4036 2871 4089 enim
2900 4037 2967 4091 ab
2982 4036 3241 4091 omnibus
3269 4035 3495 4090 medicis
3521 4034 3682 4104 depo-

2107 4123 2248 4178 situs
2270 4134 2373 4179 est.
2397 4125 2626 4195 Propter
2643 4126 2789 4195 quod
2808 4126 2975 4180 etiam
3003 4125 3261 4180 Habacuc
3289 4125 3418 4179 dicit
3449 4140 3461 4176 :
3489 4123 3681 4179 Adhuc

2105 4215 2401 4282 modicum,
2441 4217 2567 4288 quia
2584 4217 2793 4271 veniens
2815 4218 3003 4283 veniet,
3058 4225 3107 4271 et
3168 4232 3269 4295 non
3329 4215 3563 4268 tardabit
3597 4214 3683 4279 ‘7;

2106 4305 2402 4363 Salvatoris
2425 4308 2719 4363 adventum
2753 4308 3083 4365 accelerans.

2633 4422 2953 4479 PSALMUS
2993 4423 3153 4477 LXX.

2327 4552 2341 4567 ο
2371 4532 2427 4568 Ζ.
2455 4532 2475 4564 ι
2507 4532 2564 4568 ιιι
2595 4532 2797 4568 ιυειιιια
2827 4532 2917 4567 Illa
2937 4532 3105 4568 ubera
3132 4532 3238 4568 me.
3266 4534 3287 4565 ι

503 4526 524 4559 θ
573 4513 664 4563 Ἑν
686 4513 752 4579 τῇ
777 4513 1096 4579 δικαιοσύνῃ
1117 4526 1210 4562 σου
1247 4513 1407 4581 ῥῦσαί
1437 4528 1525 4581 με.
1554 4529 1571 4560 ι

499 4598 695 4662 Καλῶς
745 4600 881 4668 πρὸς
927 4601 1009 4664 τὸ,
1034 4602 1120 4668 μὴ
1146 4602 1674 4670 καταισχυνθείην,
1709 4602 1779 4656 ἐν
1815 4600 1888 4669 τῇ
1912 4600 1999 4655 δι-

2178 4514 2341 4569 νεειε.
2371 4513 2427 4568 2.
2455 4532 2475 4564 ι
2506 4513 2564 4568 In
2590 4513 2797 4583 iustitia
2827 4521 2917 4567 tua
2937 4514 3105 4569 libera
3132 4530 3217 4569 me

2177 4606 2409 4663 Pulchre
2434 4607 2503 4662 ad
2536 4606 2687 4669 illud,
2721 4622 2824 4659 non
2849 4607 3158 4670 confundar,
3190 4621 3217 4659 a

2177 4606 2409 4663 Pulchre
2434 4607 2503 4662 ad
2536 4606 2687 4669 illud,
2721 4622 2824 4659 non
2849 4607 3158 4677 confundar,
3190 4605 3436 4671 addit,in
3465 4605 3689 4674 justitia:

2108 4713 2220 4753 tua.
2256 4699 2371 4754 Etsi
2399 4698 2544 4753 enim
2569 4698 2626 4752 in
2648 4706 2700 4752 te
2733 4696 3095 4766 peccaverim,
3120 4706 3302 4752 tamen
3336 4702 3404 4752 ab
3444 4697 3530 4751 his
3593 4711 3682 4750 me

2100 4790 2250 4862 juste
2274 4789 2532 4845 liberabis
2556 4807 2569 4842 :
2597 4788 2725 4858 quia
2742 4788 2946 4843 nullam
2975 4788 3182 4843 habent
3217 4787 3559 4843 fortitudinis
3577 4795 3682 4841 ture

2105 4881 2378 4947 notitiam,
2413 4891 2469 4936 et
2500 4889 2703 4936 temere
2718 4880 2876 4936 nobis
2905 4880 3157 4950 injuriam
3194 4880 3427 4947 faciunt,

2183 5077 2202 5109 ι
2232 5056 2438 5113 Inclina
2459 5057 2527 5112 ad
2555 5074 2643 5113 me
2667 5073 2855 5113 aurem
2880 5067 3050 5114 tuam.
3092 5078 3111 5110 ι

2181 5150 2237 5204 Id
2266 5157 2369 5216 est,
2397 5158 2652 5219 tanquam
2686 5149 2901 5205 inﬁrmo
2930 5149 3333 5205 condescende.
3362 5148 3568 5202 Inclina
3589 5162 3685 5200 au-

2110 5259 2223 5298 rem
2256 5250 2404 5297 tuam
2429 5251 2684 5311 tanquam
2724 5242 3018 5312 peccaturi,
3053 5247 3110 5296 et
3162 5255 3271 5294 non
3306 5237 3503 5291 valenti
3526 5251 3685 5291 orare

2110 5350 2235 5389 cum
2270 5332 2499 5399 ﬁducia;
2531 5333 2639 5398 vel,
2673 5332 2819 5402 quod
2887 5333 3071 5388 verius
3131 5338 3238 5395 est,
3283 5327 3682 5398 appropinqua.

2106 5425 2294 5496 Neque
2319 5425 2464 5480 enim
2494 5441 2596 5480 nos
2636 5425 2703 5480 ad
2756 5425 2926 5479 Deum
2983 5422 3426 5492 appropinquare
3483 5432 3687 5488 possu-

2111 5533 2250 5582 mus,
2284 5517 2387 5573 nisi
2424 5518 2491 5584 is,
2515 5520 2606 5587 qui
2633 5516 2888 5571 omnibus
2919 5528 3159 5584 praesens
3224 5512 3399 5579 adest,
3459 5509 3687 5582 propin:

2110 5626 2250 5682 quus
2290 5610 2448 5666 nobis
2469 5609 2562 5665 ﬁat
2604 5624 2705 5680 per
2744 5606 3203 5677 compassioncm.
