4032 6222
418 349 554 418 1225

493 470 649 523 Vens.
678 470 730 523 3.
758 488 776 520 ι
804 468 932 524 Esto
957 471 1092 526 milii
1122 473 1177 528 in
1206 474 1374 528 Deum
1396 485 1784 544 protectorem.
1827 496 1847 527 ι

487 557 835 612 Peccatorem
865 559 1111 630 iniquum
1142 574 1196 617 et
1216 563 1477 634 iujusmm
1499 576 1655 623 vocat
1682 567 1985 631 diabolum;

415 658 578 719 atque
608 666 671 703 ex
694 652 815 721 ejus
851 668 1014 707 manu
1048 655 1278 720 (scilicet
1304 659 1533 727 peccati,
1566 660 1711 728 quod
1746 660 1801 713 in
1852 659 1988 714 insi-

415 744 518 798 diis
543 745 675 800 latet
697 747 1056 819 voluptatum)
1090 750 1329 818 postulat
1354 751 1593 808 liberari.
1624 751 1781 819 Quod
1799 753 1843 808 si
1859 768 1988 808 vero

414 836 577 891 etiam
607 854 637 892 a
671 839 1049 908 peccatoribus
1082 841 1298 897 liberari
1337 850 1504 911 petat,
1539 843 1701 901 etiam
1726 845 1831 900 hoc
1856 845 1989 899 be-a-

418 940 528 984 tum
568 942 671 986 est.
705 929 841 985 Nam
874 932 917 989 si
946 932 1164 1000 quidem
1207 933 1463 989 inimicus
1487 947 1742 1004 peccator
1776 936 1866 997 sit,
1892 935 1988 990 mi.

417 1023 561 1078 nime
594 1025 797 1094 parcit;
847 1025 894 1079 si
920 1040 1053 1080 vero
1081 1026 1312 1092 amicus,
1339 1027 1504 1081 etiam
1539 1027 1620 1082 sic
1638 1027 1817 1098 gravis
1848 1036 1933 1083 est
1969 1043 1983 1079 :

416 1130 540 1168 nam
602 1115 782 1185 qualia
834 1115 952 1185 ipse
1002 1116 1264 1171 nimirum
1320 1117 1781 1181 comminiscitur,
1857 1118 1986 1172 talia

417 1206 786 1263 etiamamicis
807 1209 1019 1264 suadet.
1051 1210 1095 1263 Α
1128 1209 1595 1280 peccatorcigitur
1614 1219 1723 1264 tam
1758 1210 1986 1267 inimico

415 1315 578 1366 quam
639 1300 814 1354 amico
872 1300 1038 1355 etiam
1067 1317 1167 1357 nos
1187 1317 1406 1356 oremus
1432 1303 1837 1368 liberari;cum
1895 1304 1987 1358 hic

415 1385 634 1454 quidem
672 1402 771 1456 per
809 1387 1122 1452 amicitiam,
1150 1389 1238 1444 ille
1282 1406 1411 1445 vero
1436 1407 1532 1461 per
1561 1395 1861 1462 potentiam
1886 1409 1983 1449 seu

416 1475 750 1542 violentiam,
792 1487 1021 1547 uterque
1046 1485 1225 1532 autem
1252 1479 1505 1549 nequiter
1538 1491 1593 1535 et
1642 1480 1830 1551 inique
1878 1496 1982 1536 no-

416 1574 554 1635 cent.

487 1652 650 1712 Vsus.
674 1659 725 1713 8.
766 1675 784 1708 ι
818 1656 1114 1729 Repleatur
1153 1675 1215 1715 os
1250 1675 1433 1715 meum
1455 1662 1634 1716 laude.
1675 1680 1695 1714 ι

482 1746 654 1803 Nemo
681 1747 851 1803 Deum
884 1750 966 1803 vel
988 1765 1053 1804 ea
1077 1766 1199 1820 quae
1234 1749 1327 1804 Dei
1351 1759 1479 1806 sunt
1522 1751 1745 1805 laudare
1776 1756 1975 1821 potest,
1997 1743 2015 1757 “

1596 358 1954 420 HESYCHII
2011 361 2482 423 PRESBYTER!

2016 481 2063 539 Δ
2167 498 2186 531 ι
2220 479 2387 532 Γενοῦ
2415 496 2507 549 μοι
2537 480 2617 542 είς
2642 476 2776 531 Θεὸν
2803 475 3270 547 ύπερασπιστὴν.»

3531 358 3672 423 1236

2176 571 2522 643 ’Δμαρτωλὸν
2576 569 2890 642 παράνομόν
2926 585 2987 621 τε
3022 568 3117 621 καὶ
3147 566 3332 621 ἄδικον
3359 565 3518 619 καλεῖ
3569 563 3668 620 τὸν

2088 664 2355 719 διάδολονο
2385 666 2449 717 ὲκ
2496 663 2679 734 χειρός
2708 680 2768 716 τε
2797 660 2962 717 αὑτοῦ
3005 660 3269 732 ρυσθῆναι
3305 658 3525 729 (δηλαδὴ
3560 658 3663 725 τῆς

2090 755 2387 827 ἁμαρτίας,
2428 754 2495 826 ἢν
2547 756 2604 806 ὲν
2632 758 2757 819 ταῖς
2791 753 3098 825 μεθοδείαις
3143 753 3258 823 ἔχει
3293 750 3405 804 τῶν
3431 749 3663 820 ἡδονῶν)

2089 846 2477 918 προσεύχεται.
2517 848 2581 903 Et
2606 847 2664 901 δὲ
2689 848 2787 901 καὶ
2811 845 3116 918 ἀνθρώπων
3153 842 3496 915 ἁμαρτωλῶν
3510 842 3664 909 λέγει

2090 940 2380 1010 ῥυσθῆναι,
2413 939 2510 993 καὶ
2548 938 2706 993 τοῦτο
2758 938 3051 1009 μακάρων.
3083 938 3145 990 Et
3174 937 3276 1006 μὲν
3314 935 3425 1006 γὰρ
3466 934 3667 1005 ἐχθρὸς

2086 1034 2114 1084 ό
2161 1031 2506 1103 ἁμαρτωλὸς,
2557 1031 2617 1084 οὐ
2670 1031 2935 1099 φείδεται·
2981 1031 3031 1083 εί
3067 1029 3124 1081 δὲ
3151 1027 3326 1096 φίλος,
3363 1026 3534 1098 βαρὺς
3568 1028 3664 1080 καὶ

2086 1124 2280 1189 οὕτως’
2308 1119 2399 1178 οἷα
2427 1123 2537 1194 γὰρ
2572 1123 2733 1186 αὐτὸς
2778 1123 2887 1195 ἄρα
2925 1119 3304 1191 συμϐουλεύει,
3337 1122 3451 1182 τοῖς
3484 1117 3667 1188 φίλοις

2086 1219 2182 1271 καὶ
2214 1215 2605 1287 προτρέπεται.
2653 1212 3009 1284 Ἀμαρτωλοῦ
3036 1211 3215 1264 τοίνυν
3251 1207 3447 1281 ἐχθροῦ
3476 1225 3534 1262 τι
3567 1209 3666 1261 xui.

2086 1305 2241 1374 φίλου
2289 1303 2552 1374 ῥυσθῆναι
2601 1304 2695 1356 καὶ
2737 1304 2903 1373 ἡμεῖς
2933 1299 3387 1373 προσευξώμεθα·
3415 1299 3509 1352 τοῦ
3560 1298 3664 1366 μὲν

2083 1398 2172 1452 διὰ
2208 1398 2414 1468 φιλίας,
2434 1396 2528 1451 τοῦ
2561 1397 2618 1450 δὲ
2648 1396 2993 1463 δυναστείας,
3020 1394 3291 1465 ἑκατέρας
3322 1394 3507 1448 ἀδίκου
3565 1393 3665 1447 καὶ

2084 1490 2402 1574 παρανόμου
2429 1489 2775 1559 βλάπτοντος.

2158 1682 2176 1714 ι
2217 1663 2570 1734 Πληρωθήτω
2596 1662 2657 1715 τὸ
2687 1662 2862 1733 στόμα
2899 1678 3002 1731 μου
3027 1659 3309 1723 αἰνέσεως.
3342 1675 3363 1710 ι

2153 1755 2344 1819 Οὐδεὶς
2391 1754 2632 1826 ὑμνῆσαι
2665 1750 2759 1806 τὸν
2801 1750 2935 1805 Θεὺν
2965 1750 3088 1804 οὐδὲ
3132 1749 3201 1802 τὰ
3227 1747 3318 1803 τοῦ
3347 1745 3509 1810 Θεοῦ,
3564 1746 3664 1799 cev

385 1837 520 1894 ἰιἱεί
545 1841 614 1894 ab
644 1840 761 1910 ipso
791 1841 1060 1911 sapientia
1178 1841 1337 1897 laude
1363 1842 1603 1911 repletus
1625 1815 1810 1896 fuerit.
1834 1840 1978 1908 Quid

2090 1849 2161 1920 μὴ
2183 1815 2445 1919 πληρωθῇ
2467 1815 2597 1916 ρ’
2618 1839 2785 1899 αὑτοῦ
2810 1842 2999 1913 σοφίας
3014 1842 3399 1904 καὶαίνὲσεως,
3412 1838 3660 1893 δύναται.

416 1948 575 2001 porro
602 1932 825 1988 laudare
845 1934 1030 2003 cupit?
1058 1934 1151 1989 Dei
1171 1934 1395 2005 gloriam
1417 1945 1473 1988 et
1501 1933 1819 2005 magniﬁcen
1829 1933 1977 2000 tiam;

412 2026 464 2080 id
504 2034 588 2081 est
614 2026 879 2097 magnalia
906 2026 1023 2091 Dei,
1051 2034 1106 2081 et
1155 2026 1414 2082 miracula
1463 2027 1617 2082 valde
1661 2026 1977 2098 gloriﬁcata,

410 2120 478 2181 de
506 2118 705 2187 quibus
733 2118 869 2173 dixit
904 2134 918 2171 :
953 2111 1127 2183 Quum
1149 2120 1491 2190 magni/irata
1511 2129 1633 2174 sunt
1656 2136 1825 2189 φορεῖα
1860 2127 1974 2182 tua,

409 2211 632 2265 Domine
661 2212 876 2265 !omm'a
899 2213 955 2265 in
972 2212 1235 2280 sapientia
1262 2214 1431 2282 fecisti
1454 2214 1521 2265 ⁸⁸.

485 2320 504 2353 ι
542 2302 612 2357 Ut
639 2313 851 2358 cantem
879 2303 1105 2374 gloriam
1133 2312 1301 2359 tuam.
1341 2322 1361 2355 ι

480 2395 934 2467 Ilagniticentiam
962 2407 1111 2451 vocat
1135 2395 1396 2465 Spiritum
1421 2396 1508 2449 z'in
1544 2393 1665 2466 ipso
1690 2396 1836 2452 enim
1860 2412 1976 2451 ma-

408 2503 509 2556 ειη
542 2486 634 2540 Dei
672 2487 932 2541 miracula
959 2502 1234 2556 Operaque
1271 2486 1427 2541 liunt.
1458 2485 1650 2542 Totam
1671 2503 1802 2543 vero
1831 2487 1975 2543 diem

409 2584 569 2633 vocat
593 2577 735 2632 banc
765 2578 931 2633 vitam
958 2586 1221 2632 nostram.

481 2666 643 2723 Vsus.
676 2668 762 2722 l0.
797 2687 815 2719 ι
852 2666 991 2733 Quia
1022 2668 1278 2722 dixerunt
1304 2669 1510 2728 inimici
1559 2669 1846 2723 meimihi.
1879 2690 1897 2721 ι

478 2760 758 2814 Daemones
775 2758 1087 2813 custodiunt
1115 2758 1322 2811 animas
1365 2769 1581 2812 nostras
1610 2774 1718 2813 non
1748 2760 1815 2813 ad
1876 2760 1978 2815 bo-

409 2866 560 2915 num,
600 2850 697 2904 sed
759 2849 824 2904 ad
886 2849 1109 2914 malum,
1157 2849 1640 2914 obscrvanteseas,
1666 2858 1722 2904 et
1748 2859 1809 2904 ut
1854 2851 1977 2905 illa-

406 2952 610 3014 queent
632 2942 953 2997 insidiantes
989 2961 1001 2995 :
1039 2941 1094 2995 hi
1119 2957 1374 3010 namque,
1399 2943 1618 3011 quando
1658 2942 1814 2998 nobis
1839 2942 1975 2998 insi-

407 3037 522 3093 dias
570 3035 866 3093 struxerint
885 3050 981 3105 per
1008 3044 1313 3105 peccatum,
1343 3043 1398 3089 et
1423 3034 1492 3089 ad
1515 3035 1719 3090 bonum
1744 3052 1979 3106 operan-

2080 1941 2144 1992 Τί
2172 1939 2229 1993 δὲ
2253 1938 2495 2008 ὑμνῆσαι
2525 1937 2808 2009 βούλεται;
2834 1934 3004 2000 Δόξαν
3027 1932 3163 1988 Θεοῦ
3193 1934 3288 1985 καὶ
3310 1931 3661 2001 μεγαλοπρέ-

2078 2045 2261 2083 πειαν·
2285 2028 2532 2082 τουτέστι
2560 2027 2630 2080 τὰ
2660 2026 2876 2098 μεγάλα
2905 2023 2999 2078 τοῦ
3033 2021 3196 2086 Θεοῦ,
3235 2021 3331 2075 καὶ
3357 2020 3481 2074 λίαν
3511 2020 3665 2073 δεδο-

2077 2122 2320 2193 ξασμένα
2348 2120 2625 2191 θαύματα,
2659 2119 2788 2188 περ)⁵
2815 2112 2891 2171 ὧν
2918 2116 3102 2183 ἔλεγεν
3120 2132 3134 2146 ·
3156 2116 3250 2180 Ὡς
3278 2113 3661 2182 ὲμεγαὶύνθη

2074 2214 2148 2266 τὰ
2179 2213 2322 2283 ἔργα
2350 2228 2490 2275 σου,
2522 2209 2739 2278 Κύριε]
2763 2209 2963 2262 πάντα
3013 2206 3086 2261 ἐν
3118 2205 3307 2275 σοφίᾳ
3335 2204 3661 2269 ἐποίησας.

2151 2325 2170 2359 ι
2210 2306 2398 2367 Ὅπως
2429 2305 2654 2375 ὑμνήσω
2681 2303 2781 2373 τὴν
2813 2301 2973 2366 δόξαν
3006 2317 3123 2354 σου.
3166 2318 3186 2352 ι

2144 2395 2641 2465 Μεγαλοπρέπειαν
2665 2393 2727 2447 τὸ
2747 2392 2969 2462 Πνεῦμα
2994 2390 3172 2445 καλεῖ-
3202 2390 3259 2442 ὲν
3280 2384 3431 2456 αὗτῷ
3456 2383 3569 2453 τὰρ
3589 2382 3661 2435 τὰ

2080 2486 2294 2557 μεγάλα
2349 2485 2444 2539 τοῦ
2497 2485 2634 2538 Θεοῦ
2687 2483 2945 2553 θαύματα
2991 2480 3091 2535 καὶ
3134 2477 3205 2532 τὰ
3251 2474 3663 2546 κατορθώματα

2076 2580 2306 2650 γίνεται.
2357 2579 2602 2649 Ἠμὲραν
2653 2577 2710 2630 δὲ
2760 2576 2890 2646 ὅλην
2922 2574 3012 2628 τὸν
3059 2572 3176 2644 βίον
3228 2570 3321 2624 τὸν
3361 2569 3659 2640 ἡμέτερον.

2154 2693 2172 2725 ι
2206 2674 2329 2726 ’Ότι
2355 2670 2507 2724 εἷπον
2545 2672 2594 2723 οἱ
2616 2669 2800 2740 ἐχθροί
2825 2684 2924 2738 μου
2950 2665 3093 2737 ἐμοί.
3135 2683 3155 2716 ι
3721 2735 3729 2741 .

2145 2762 2512 2817 Φυλάσσουσιν
2530 2759 2686 2831 ἡμῶν
2715 2759 2812 2820 τὰς
2832 2756 3033 2826 ψυχὰς,
3058 2754 3156 2808 οὐκ
3180 2752 3261 2815 είς
3290 2749 3516 2818 ἀγαθὸν,
3536 2744 3662 2799 ἀλλ’

2079 2857 2157 2919 εἰς
2191 2853 2358 2907 κακὸν
2389 2853 2439 2906 οἱ
2460 2851 2735 2921 δαίμονες,
2762 2846 3152 2919 ἐπιτηροῦντες
3177 2843 3367 2908 αὐτὰς,
3392 2840 3537 2894 ὥστε
3564 2840 3663 2892 καὶ

2079 2946 2407 3016 παγιδεῦσαι
2425 2942 2818 3014 ἐνεδρεύοντες·
2838 2934 2987 2995 οὗτοι
3005 2937 3136 3009 γὰρ,
3152 2939 3283 2991 ὅταν
3302 2935 3455 3003 ἡμᾶς
3479 2932 3661 3002 τηρή-

2081 3052 2275 3101 σαντες
2321 3036 2413 3090 διὰ
2457 3035 2558 3105 τὴν
2609 3032 2908 3104 ἁμαρτίαν,
2955 3030 3052 3084 καὶ
3096 3029 3231 3099 πρὸς
3284 3024 3663 3095 ἀγαθοεργίας

408 3133 537 3185 dum
564 3130 769 3184 debiles
797 3128 1201 3198 conspexerint,
1259 3126 1411 3197 quasi
1449 3127 1738 3183 derelictos
1762 3143 1793 3183 a
1845 3130 1975 3195 Deo,

2090 3131 2486 3200 ασθενήσαντας
2513 3128 2716 3192 ἴδωσιν,
2753 3126 2828 3188 ὼς
2857 3122 3315 3192 καταληφθέντων
3352 3117 3459 3171 ὑπὸ
3486 3115 3656 3178 Θεοῦ,

408 3237 516 3275 non
537 3221 710 3276 solum
735 3235 834 3275 nos
857 3220 1113 3290 persequi
1155 3218 1294 3273 facta
1334 3220 1735 3289 conspiratione
1764 3221 1972 3288 volunt,

408 3312 502 3369 sed
543 3314 704 3369 etiam
757 3312 1224 3381 comprehendere
1268 3302 1549 3383 satagunt;
1610 3315 1975 3383 putautenim

407 3419 518 3458 non
549 3416 671 3457 esse
697 3401 790 3471 qui
820 3416 921 3455 nos
947 3401 1161 3456 liberet.
1549 3414 1562 3426 ‘

481 3491 642 3549 Vens.
672 3492 757 3546 l2.
786 3510 805 3544 ι
837 3492 979 3547 Deus
1007 3506 1180 3559 meus,
1210 3509 1279 3548 ne
1303 3494 1573 3566 elongeris
1604 3509 1632 3548 a
1669 3508 1777 3549 me.
1810 3513 1829 3545 ι

479 3585 549 3640 Et
610 3584 885 3654 quomodo
936 3582 1080 3639 Deus
1128 3599 1295 3654 super
1326 3598 1519 3640 omnes
1555 3594 1607 3638 et
1633 3585 1687 3639 in
1719 3583 1977 3640 omnibus

405 3676 710 3745 clongatur,
758 3673 861 3727 nisi
892 3673 1109 3742 quando
1128 3688 1229 3728 nos
1257 3674 1376 3743 ejus
1415 3675 1705 3744 praesentia
1757 3674 1975 3745 indigna

405 3766 778 3839 gesserimus?
803 3766 944 3821 sicut
979 3781 1077 3835 per
1125 3768 1496 3836 propheticam
1521 3766 1760 3839 linguam
1785 3767 1853 3822 ad
1876 3767 1977 3822 .Iu-

405 3861 551 3916 daeos
581 3860 758 3915 dixit:
825 3857 1049 3912 Peccata
1104 3869 1284 3913 vestra
1322 3860 1572 3914 dividunt
1626 3859 1769 3913 inter
1796 3875 1890 3915 vos
1921 3868 1978 3915 et

408 3955 575 4013 Deum
604 3956 669 4007 ".

475 4048 755 4105 Vsas.2l.
791 4069 811 4102 ι
864 4049 1232 4123 Multiplicasti
1286 4062 1450 4118 super
1505 4060 1592 4099 me
1622 4040 1978 4115 magniﬁcen-

406 4143 556 4197 tiam.
596 4158 615 4191 ι

478 4236 873 4308 Magniﬁcentia
912 4232 1007 4289 Dei
1038 4241 1123 4288 est
1138 4234 1257 4301 ejus
1308 4233 1374 4285 ad
1406 4246 1507 4285 nos
1538 4227 1930 4284 condescensio
1958 4241 1971 4277 :

404 4331 545 4385 sicut
566 4328 710 4383 enim
737 4326 1004 4382 maximus
1022 4332 1208 4379 manet
1236 4338 1487 4395 magnus,
1534 4332 1591 4376 et
1614 4320 1823 4393 pusillis
1840 4333 1976 4373 con-

402 4420 707 4476 descendit.
741 4414 1026 4486 Quomodo
1063 4426 1245 4470 autem
1305 4428 1458 4469 suam
1513 4415 1581 4469 ad
1632 4426 1733 4466 nos
1778 4410 1979 4465 conde-

2084 3224 2140 3276 ὲν
2163 3220 2386 3293 ὁμονοίᾳ
2421 3218 2701 3291 βούλονται
2726 3218 2785 3270 ού
2819 3217 2980 3285 μόνον
3011 3212 3369 3280 καταδιῶξαι,
3400 3208 3541 3262 ἀλλὰ
3563 3208 3663 3261 καὶ

2083 3314 2416 3368 καταλαϐεῖν
2468 3311 2883 3376 σπουδάζοντες·
2935 3306 3155 3363 δοκοῦσι
3198 3305 3308 3375 γὰρ
3353 3303 3453 3357 οὐκ
3511 3298 3661 3356 εἶναι

2080 3407 2172 3460 τὸν
2196 3406 2478 3479 ῥυόμενον.

2158 3518 2178 3550 ι
2223 3499 2281 3552 ‘0
2302 3498 2438 3563 Θεός
2468 3514 2595 3568 μου,
2622 3496 2696 3568 μὴ
2723 3494 3007 3579 μακρύνῃς
3030 3493 3125 3548 ἀπ’
3150 3491 3309 3564 ἐμοῦ.
3346 3512 3369 3544 ι

2153 3588 2267 3641 Καὶ
2290 3587 2408 3651 πῶς
2435 3590 2466 3641 ὁ
2495 3587 2626 3650 Θεὸς
2658 3587 2750 3640 ἐπὶ
2773 3578 2993 3640 πάντων
3011 3585 3109 3636 καὶ
3131 3584 3188 3635 ὲν
3214 3583 3348 3634 πᾶσι
3383 3578 3661 3649 μακρύνεο

2082 3698 2193 3746 ται,
2224 3679 2432 3752 ἀλλ’[ἢ]
2461 3681 2591 3734 ὅταν
2613 3680 2776 3751 ἡμεῖς
2795 3678 2894 3748 τῆς
2916 3674 3084 3730 αὑτοῦ
3117 3674 3425 3744 παρουσίας
3455 3674 3660 3739 ἀνάξια

2084 3770 2382 3845 πράξωμεν
2399 3790 2413 3840 ;
2435 3771 2625 3841 ὥσπερ
2643 3770 2730 3825 διὰ
2762 3768 2862 3839 τῆς
2878 3766 3226 3840 προφητικῆς
3244 3764 3492 3835 γλώττης
3520 3765 3662 3834 πρὸς

2095 3863 2384 3928 Ἰουδαίους
2422 3864 2628 3931 ἔλεγεν·
2652 3862 2718 3916 Al
2741 3859 3008 3932 ἁμαρτίαι
3046 3857 3201 3930 ὑμῶν
3229 3855 3509 3910 διιστῶσιν
3527 3857 3663 3911 ἁνα-

2088 3957 2252 4028 μέσον
2282 3955 2437 4025 ὑμῶν
2473 3952 2683 4009 καὶτοῦ
2723 3952 2881 4010 Θεοῦ,

2160 4065 2179 4098 ι
2224 4044 2587 4106 Ἐπλεόνασας
2630 4043 2717 4096 ἐπ’
2746 4041 2846 4112 ἐμὲ
2874 4040 2975 4113 τὴν
3011 4039 3424 4111 μεγαλωσύνην.
3461 4059 3479 4091 ι

2153 4219 2532 4290 Μεγαλωσύνη
2561 4216 2696 4272 Θεοῦ
2727 4217 2916 4288 ήπρδς
2945 4217 3095 4287 ἡμᾶς
3131 4214 3565 4283 συγκαταϐασιςθ
3588 4215 3667 4279 ὡς

2084 4315 2191 4384 γὰρ
2219 4312 2475 4383 μέγιστος
2501 4310 2651 4380 μένει
2677 4310 2873 4380 μέγας,
2893 4310 2989 4363 καὶ
3011 4310 3123 4372 τοῖς
3168 4308 3389 4378 μικροῖς
3416 4321 3667 4372 συγκατ-

2084 4407 2330 4478 ἑρχεται.
2388 4402 2512 4466 Πῶς
2564 4401 2623 4454 δὲ
2698 4401 2796 4472 τὴν
2850 4401 2986 4471 πρὸς
3043 4401 3191 4472 ἡμᾶς
3250 4398 3665 4467 συγκατὰὅασιν

403 4513 744 4569 scensionem
763 4507 1176 4581 multiplicavit?
1227 4506 1457 4575 Quando
1493 4508 1750 4562 nimirum
1799 4507 1962 4561 homo

2090 4497 2429 4563 ηπλεόνασεν;
2472 4496 2643 4549 Ὅταν
2704 4494 2948 4566 δηλονότι
2998 4493 3294 4562 γενόμενος
3347 4488 3664 4559 ἄνθρωπος,

403 4605 597 4670 factus,
630 4604 704 4658 ita
737 4619 838 4659 nos
862 4618 927 4656 ex
951 4616 1142 4659 errore
1186 4600 1454 4657 reducens
1515 4615 1625 4655 non
1674 4601 1871 4656 terruit
1915 4612 1974 4658 ut

402 4710 607 4760 servos,
641 4695 736 4750 sed
757 4695 1069 4750 consolatus
1092 4702 1175 4749 est
1200 4701 1259 4749 ut
1282 4693 1445 4749 filios.

478 4784 638 4840 Vens.
665 4785 754 4840 22.
795 4805 814 4838 ι
837 4785 972 4840 Nam
993 4793 1047 4840 et
1072 4800 1174 4857 ego
1208 4784 1529 4841 conﬁtebor.
1579 4804 1600 4839 ι

468 4877 585 4932 Νοη
619 4889 727 4932 tam
754 4879 806 4934 in
841 4878 1131 4933 sensilibus
1150 4878 1525 4934 instrumentis
1548 4893 1708 4948 quam
1739 4877 1792 4932 in
1813 4879 1977 4934 corde

399 4986 535 5040 puro
562 4980 619 5025 et
643 4970 824 5043 lingua
857 4979 1176 5040 temperata,
1194 4978 1248 5025 et
1270 4968 1345 5023 nil
1369 4985 1400 5023 a
1420 4970 1709 5026 sanctitate
1734 4971 1973 5025 alienum

398 5065 728 5133 proferente.
790 5062 916 5119 Haec
967 5063 1113 5118 enim
1148 5078 1337 5118 revera
1385 5078 1513 5118 vasa
1544 5064 1737 5134 psalmi
1782 5066 1975 5121 merito

395 5157 757 5228 appellantur.

930 5250 1250 5309 PSALMUS
1297 5252 1481 5308 LXXI.

462 5342 624 5399 Vens.
655 5342 708 5397 6.
746 5365 766 5396 ‹
789 5346 1095 5401 Descendet
1122 5345 1265 5401 sicut
1286 5346 1469 5415 pluvia
1500 5348 1552 5400 in
1578 5346 1770 5402 vellus.
1808 5364 1826 5397 ι

466 5433 605 5489 Dicit
630 5434 903 5508 Unigeniti
934 5437 990 5492 in
1018 5437 1249 5508 Deipara
1266 5433 1488 5510 Virgine
1509 5438 1967 5494 exinanitionem:

402 5524 572 5577 vellus
596 5533 779 5581 autem
807 5538 1025 5585 uterum
1053 5529 1176 5599 ejus
1197 5531 1391 5587 merito
1444 5530 1816 5602 nuncupavit;
1842 5531 1968 5602 quia

404 5611 499 5667 Dei
522 5612 683 5672 Verbi
727 5619 1020 5676 adventum
1061 5618 1257 5691 quiete
1295 5637 1358 5678 ac
1403 5623 1520 5678 sine
1546 5623 1802 5691 strepitu,
1859 5634 1971 5677 non

480 5787 524 5820 ⁸⁸
545 5791 689 5850 Psal.
714 5807 826 5858 cm,
863 5798 956 5852 et.
1031 5800 1074 5832 "
1100 5798 1201 5853 lsa.
1232 5815 1342 5866 ιιι,
1371 5801 1430 5855 '2.

2080 4591 2223 4645 οὔτω
2241 4607 2300 4643 τε
2318 4591 2468 4660 ἡμᾶς
2491 4590 2556 4642 ὲκ
2583 4591 2683 4659 τῆς
2707 4588 2918 4658 πλάνης
2951 4585 3291 4656 ἐπιστρέψας
3331 4584 3434 4637 οὐκ
3463 4581 3667 4653 ἐφόϐη-

2083 4696 2173 4737 σεν
2197 4682 2272 4746 ὡς
2297 4681 2535 4747 δούλους,
2568 4679 2683 4735 ἀλλ’
2706 4679 2780 4743 ὡς
2802 4679 2949 4740 uici);
2973 4667 3370 4749 παρεκάλεσεν.

2158 4790 2177 4826 ι
2209 4775 2319 4828 Καὶ
2341 4774 2450 4843 γὰρ
2471 4771 2581 4841 ἐγὼ
2603 4770 3070 4841 ὲξομολογήσομαί
3091 4787 3196 4823 σοι.
3240 4787 3262 4821 ο

2157 4865 2235 4919 Ού
2259 4863 2515 4919 τοσοῦτον
2536 4864 2648 4927 τοῖς
2675 4864 2955 4933 αἰσθητοῖς
2979 4862 3099 4917 ὅσον
3115 4862 3173 4915 εν
3189 4859 3391 4932 καρδίᾳ
3415 4858 3662 4930 καθαρᾷ,

2083 4958 2142 5010 ὲν
2205 4956 2422 5028 γλώττῃ
2481 4953 2859 5026 σωφρονούσῃ,
2913 4954 3009 5007 καὶ
3069 4952 3237 5024 μηδὲν
3298 4951 3661 5025 φθεγγομένῃ

2080 5047 2391 5120 ἁγιωσύνης
2438 5048 2751 5120 ἁλλότριονς
2802 5045 2991 5099 Ταῦτα
3035 5043 3146 5114 γὰρ
3192 5043 3422 5115 ἀληθῶς
3486 5045 3660 5113 σκεύη

2078 5140 2296 5212 ψαλμοῦ
2334 5140 2557 5205 δικαίως
2586 5140 2935 5212 ὀνομάζεται.

2501 5252 2507 5257 ·
2642 5235 2937 5291 ΨΑΔΜυΣ
2964 5238 3087 5292 οΔ’.

2158 5354 2178 5388 ι
2216 5332 2608 5405 Καταόήσεται
2627 5330 2703 5395 ὡς
2724 5331 2878 5395 ὑετὸς
2906 5332 3001 5385 ἐπὶ
3042 5330 3233 5386 πόκον.
3276 5349 3296 5383 ι

2153 5426 2264 5497 Τὴν
2286 5426 2517 5480 κένωσιν
2544 5424 2638 5480 τοῦ
2665 5423 3004 5493 Μονογενοῦς
3034 5423 3134 5493 τὴν
3160 5425 3241 5487 εις
3267 5423 3369 5493 τὴν
3390 5420 3660 5477 Θεοτᾶωον

2079 5522 2357 5594 Παρθένον
2383 5520 2555 5590 λέγει·
2585 5519 2755 5573 πόκον
2779 5517 2839 5572 δὲ
2859 5517 3027 5589 αὐτῆς
3050 5517 3151 5589 τὴν
3165 5516 3414 5587 γαστέρα
3428 5512 3661 5576 δικαίως

2079 5616 2356 5669 ἐκάλεσενο
2403 5612 2592 5682 ἐπειδὴ
2645 5611 2738 5665 τοῦ
2786 5610 2924 5664 Θεοῦ
2973 5609 3147 5678 Λόγου
3199 5608 3302 5679 τὴν
3348 5604 3660 5679 ἐπιδημίαν
