4032 6222
369 342 507 410 19.31

1497 338 1961 401 FRAGMENTA
1995 338 2078 398 IN
2116 339 2475 400 PSALMOS.

3484 341 3616 406 1233

371 458 550 531 ήσυχῆ
580 455 676 510 καὶ
702 453 947 526 ἀψοφητὶ
969 495 986 522 ,
1020 453 1274 524 καθάπερ
1301 452 1466 516 πόκος
1491 453 1586 506 τὸν
1614 453 1790 520 ὑετὸν,
1833 451 1948 506 ὲδὲ-
1975 503 1980 513 ,

2083 469 2209 510 ecus
2241 470 2304 508 ac
2337 455 2509 509 vellus
2525 452 2785 523 pluviam,
2811 451 3074 523 suscepit.
3111 448 3410 523 Hocipsum
3437 463 3616 508 autem

374 551 522 617 ξατο.
543 551 617 602 Τὸ
642 549 684 601 δ’
714 548 846 601 αὐτὸ
872 547 970 602 καὶ
992 546 1084 600 ἐπὶ
1113 545 1221 598 τῶν
1252 546 1527 612 σταγόνων
1552 547 1717 616 ἐρεῖς.

452 663 470 697 ι
513 641 772 697 Ἐνώπιον
791 639 956 695 αὑτοῦ
983 638 1384 711 προπεσουνται
1424 639 1700 702 Αἰθίοπες.
1750 656 1769 692 ι

446 735 561 790 Νῦν
586 734 684 805 μὲν
715 735 954 797 ἑκόντες,
1001 735 1058 786 ὲν
1093 732 1149 785 δὲ
1186 730 1264 801 τῷ
1306 731 1552 800 μέλλοντι
1580 731 1676 785 καὶ
1704 732 1949 794 ἄκοντες.

380 825 546 880 Οὔπω
579 825 708 895 γὰρ.
746 823 892 878 κατὰ
941 824 1034 877 τὸν
1069 823 1418 888 Ἀπόστολον,
1459 822 1676 893 ὁρῶμεν
1706 821 1854 892 αὐτῷ
1886 821 1956 876 τὰ

383 917 561 974 πάντα
591 914 1026 984 ὑποτεταγμένα.
1055 913 1216 968 Ἀλλὰ
1239 915 1372 968 τότε
1399 913 1620 982 κάμψει
1647 911 1806 980 αὺτῷ
1835 911 1959 969 πᾶν

383 1010 530 1077 γόνυ
554 1008 948 1076 ἐπουρανίων,
971 1006 1067 1063 καὶ
1087 1007 1383 1076 ἐπιγείων,
1404 1005 1501 1063 καὶ
1527 1004 1954 1075 καταχθονίων.

398 1102 454 1154 Ἐ
462 1101 616 1172 χθροὶ
644 1100 700 1154 δὲ
726 1099 894 1156 αὐτοῦ
927 1099 1200 1170 λείχοντες
1238 1096 1392 1169 χοῦν,
1415 1099 1464 1151 οἱ
1496 1097 1596 1160 τὰς
1624 1097 1723 1168 τῆς
1757 1096 1959 1166 σαρκὸς

387 1193 721 1265 ἡδυπαθείας
744 1192 1035 1261 τιμῶντες.

464 1305 483 1337 ι
533 1285 626 1339 Ἐκ
647 1284 808 1338 τόκου
843 1283 940 1338 καὶ
960 1284 1017 1349 ἐξ
1042 1283 1276 1346 ἀδικίας.
1303 1301 1320 1335 ι

357 1414 363 1440 ,
460 1377 645 1429 Πείσει
694 1375 894 1438 τοίνυν,
941 1375 1098 1445 φησὶ,
1154 1374 1279 1437 τοὺς
1323 1373 1506 1444 ἀδικίᾳ
1547 1374 1642 1427 καὶ
1681 1372 1963 1442 πλεονεξίᾳ

391 1472 701 1539 χαίροντας,
743 1468 877 1539 ἐλέῳ
906 1467 998 1521 καὶ
1030 1465 1414 1535 φιλανθρωπίᾳ
1445 1464 1766 1534 κεχρῆσθαι.
1794 1463 1963 1516 Τοῦτο

391 1554 533 1630 δὲῆν
576 1560 712 1628 ὅπερ
759 1557 1145 1627 ἐπεσημήνατο
1191 1557 1224 1625 ἡ
1267 1554 1360 1608 τοῦ
1407 1554 1744 1622 Εὐαγγελίου
1776 1551 1963 1623 rimi”!

395 1650 639 1720 φήσασα·
699 1651 958 1713 Τούτους
987 1647 1130 1711 τοὺς
1169 1645 1397 1700 δώδεκα
1426 1644 1748 1710 ἐξελέξατο
1777 1648 1810 1699 ό
1849 1647 1964 1712 ’1η-

395 1741 566 1806 σοῦς,
594 1740 703 1806 οὒς
726 1740 825 1792 καὶ
856 1739 1243 1804 ἀποστόλους
1274 1738 1608 1806 ὠνόμασεν.

467 1850 490 1882 ι
521 1831 630 1884 Καὶ
655 1830 872 1900 ἔντιμον
894 1830 954 1882 τὸ
974 1829 1145 1899 ὄνομα
1174 1827 1374 1883 αὐτῶν.
1417 1847 1435 1880 ι

469 1924 627 1975 Ποῖον
652 1921 852 1991 δνομα;
896 1923 954 1970 '0
979 1920 1234 1990 Χριστὸς,
1268 1918 1361 1987 ἀφ’
1407 1912 1467 1974 οὗ
1513 1917 1832 1989 Χριστιανοὶ
1874 1933 1969 1970 κε-

401 2012 670 2084 κλήμεθα.
698 2013 853 2068 Οὕτω
879 2013 986 2082 γὰρ
1014 2012 1230 2082 ἔντιμον
1254 2012 1314 2065 τὸ
1335 2012 1504 2081 ὄνομα
1542 2011 1707 2064 αὑτοῦ
1738 2010 1970 2064 ἐνώπιον

399 2104 507 2155 τῶν
537 2103 603 2155 δι’
630 2101 796 2156 αὑτοῦ
828 2101 1110 2155 σωθέντων
1141 2102 1235 2155 καὶ
1265 2101 1673 2156 πιστευσάντων
1704 2100 1973 2171 καθέστη-

403 2210 519 2248 κενο
559 2193 702 2247 ὥστε
731 2196 862 2258 τοὺς
911 2195 1010 2262 μὲν
1045 2195 1303 2260 πλούτου,
1343 2197 1472 2259 τοὺς
1524 2195 1580 2248 δὲ
1621 2193 1796 2260 ἀξίας,
1847 2195 1974 2258 τοὺς

401 2287 460 2340 δὲ
516 2285 612 2339 καὶ
663 2284 836 2356 αὐτῆς
895 2287 994 2355 τῆς
1051 2285 1196 2356 ζωῆς
1249 2286 1688 2356 καταφρονῆσαι,
1759 2286 1846 2339 ἵνα
1898 2285 1974 2356 μὴ

404 2379 466 2431 τὸ
510 2377 620 2432 τῶν
672 2378 1020 2448 Χριστιανῶν
1079 2378 1420 2449 ἀρνήσασθαι
1466 2377 1834 2447 ὑπομείνωσιν
1863 2377 1972 2431 ὅνο-

411 2485 510 2538 μα.

483 2579 502 2612 ι
537 2561 647 2614 Καὶ
676 2559 1070 2630 προσεύξονται
1100 2559 1230 2628 περὶ
1258 2558 1446 2613 αὐτοῦ.
1488 2575 1507 2608 ι

479 2652 616 2706 Οὐδὲ
662 2652 771 2722 γὰρ
809 2653 866 2704 ὲν
910 2651 1232 2721 ἐκκλησίαις
1263 2650 1445 2720 μόνον,
1476 2649 1612 2706 ἀλλὰ
1643 2650 1738 2704 καὶ
1763 2651 1820 2703 ὲν
1848 2650 1979 2718 ἀγο-

413 2744 535 2810 ραῖς
565 2743 659 2797 καὶ
691 2743 750 2796 ὲν
779 2742 949 2819 οἴκοις
982 2742 1300 2812 διηνεκῶςή
1331 2740 1426 2795 τοῦ
1459 2740 1702 2812 Χριστοῦ
1736 2741 1978 2810 εὐλογία,

409 2835 654 2887 τουτέστι
697 2833 996 2901 δοξολογία,
1025 2832 1178 2905 παρὰ
1205 2832 1314 2888 τῶν
1347 2833 1428 2896 εἰς
1457 2833 1620 2888 αὑτὸν
1681 2849 1982 2888 πεπιστευ-

411 2925 586 2982 κότων
612 2923 964 2994 κηρύττεται.

491 3035 510 3068 ι
544 3017 654 3070 Καὶ
684 3016 1139 3088 εὐλογηθήσονται
1165 3018 1222 3071 ὲν
1245 3015 1391 3087 αὐτῷ
1414 3017 1584 3071 πᾶσαι
1611 3017 1668 3070 αἱ
1698 3015 1862 3086 φυλαὶ
1885 3016 1982 3087 τῆς

416 3126 537 3178 γης.
581 3128 600 3162 ι

487 3200 662 3252 Πᾶσαι
695 3198 802 3269 γὰρ
835 3198 1018 3268 φυλαὶ,
1050 3200 1219 3253 πᾶσαι
1249 3199 1490 3267 γλῶσσαι
1510 3200 1603 3253 καὶ⁸
1633 3197 1828 3270 χῶραι,
1850 3197 1984 3266 πρό-

417 3305 571 3358 τερον
599 3289 656 3341 ὲν
706 3291 772 3357 τῇ
816 3287 990 3357 πλάνῃ
1021 3287 1326 3355 διάγουσαι,
1377 3286 1470 3340 νῦν
1526 3286 1831 3356 συμφώνως
1885 3285 1985 3356 τὴν

415 3379 666 3448 εὐλογίαν
691 3379 956 3444 ἐδέξαντο·
976 3379 1096 3432 ὅθεν
1123 3379 1284 3433 αὑτὸν
1319 3380 1415 3433 καὶ
1445 3377 1800 3450 μακαριοῦσιθ
1833 3378 1986 3430 ποῖον

421 3471 806 3542 μακαρισμὸν,
857 3471 889 3542 ἢ
951 3470 1168 3534 πάντως
1214 3471 1308 3524 τὸν
1365 3471 1425 3522 ἐν
1478 3472 1590 3532 τοῖς
1636 3467 1988 3536 Εὑαγγελίοις

419 3563 687 3632 uetitas/0w
715 3563 991 3630 Μακαρία
1021 3563 1058 3630 ἡ
1086 3564 1284 3617 κοιλία
1308 3563 1346 3629 ἡ
1371 3559 1743 3626 βαστάσασὰ
1763 3577 1857 3624 σε,
1887 3558 1985 3612 καὶ

415 3656 631 3725 μαστοὶ
663 3655 770 3718 οὓς
795 3654 1100 3719 ἐθήλασας
1121 3671 1138 3717 ἱ

495 3767 512 3799 ι
558 3744 862 3814 Εὐλογητὸς
897 3744 1099 3814 Κύριος
1122 3746 1150 3796 ὁ
1171 3742 1301 3805 Θεὸς
1326 3741 1418 3795 τοῦ
1465 3741 1703 3811 Ἰσραήλ.
1745 3757 1763 3792 ι

489 3838 588 3891 Διὰ
617 3837 669 3891 τί
711 3837 768 3890 δὲ
804 3835 1146 3900 διπλασιάζει
1176 3835 1256 3900 τὸ,
1294 3833 1578 3898 Γένοιτο;
1638 3832 1989 3901 Ἐπιταχῦναι

420 3927 517 3998 τὴν
547 3927 827 3998 ἡμετέραν
885 3925 1197 3994 ἐλευθερίαν
1248 3925 1572 3994 βουλόμενος
1625 3924 1718 3976 καὶ
1747 3923 1844 3995 τὴν
1883 3922 1991 3974 τῶν

420 4021 647 4074 δικαίων
673 4019 885 4073 ἐλπίδα.
923 4020 1092 4070 Ὅταν
1115 4016 1225 4087 γὰρ
1254 4019 1288 4089 ή
1324 4016 1395 4087 γῆ
1423 4014 1688 4087 πληρωθῇ
1710 4015 1810 4082 τῆς
1835 4013 1992 4083 δόξης

421 4113 513 4165 τοῦ
543 4110 800 4182 Χριστοῦ,
825 4109 944 4165 τότε
986 4110 1015 4161 ὁ
1043 4107 1235 4180 παρὼν
1271 4109 1474 4180 κόσμος
1514 4108 1869 4170 συντελεῖται,
1900 4104 1994 4157 καὶ

423 4205 454 4272 ή
482 4202 726 4273 βασιλεία
750 4201 859 4255 τῶν
889 4200 1135 4272 οὐρανῶν
1158 4201 1536 4271 ὲμφανίσεται.

983 4289 1125 4342 ΨΑΛ
1135 4289 1275 4344 ΜοΣ
1310 4287 1432 4346 ΟΒ’.

497 4402 517 4436 ι
562 4383 648 4446 Ὠς
671 4383 874 4451 ἀγαθὸς
902 4386 930 4437 ὁ
955 4382 1088 4446 Θεὸς
1119 4380 1196 4452 τῷ
1229 4380 1479 4454 Ἰσραήλί
1515 4400 1533 4432 ι

2050 547 2216 601 etiam
2247 549 2314 601 de
2340 547 2636 601 stillicidiis
2665 547 2834 603 dices.

2128 634 2290 689 Vens.
2326 636 2379 690 9.
2411 654 2429 685 ι
2467 635 2664 690 Coram
2685 638 2777 692 illo
2806 638 3414 709 procidentIEthiopes.
3457 655 3474 684 ι

2120 724 2275 780 Nunc
2297 727 2518 796 quidem
2549 730 2869 798 voluntarii;
2922 734 2976 786 in
3014 733 3198 787 futuro
3217 740 3397 784 autem
3424 728 3622 784 saeculo

2053 821 2215 878 etiam
2240 823 2415 877 inviti.
2462 824 2713 880 Nondum
2738 828 2906 894 enim,
2960 826 3260 882 secundum
3283 822 3620 892 Apostolum,

2054 912 2304 968 videmus
2329 913 2428 983 ipsi
2451 915 2635 969 omnia
2668 916 2932 986 subjecta.
2969 916 3074 971 Sed
3106 926 3234 971 tunc
3269 910 3626 984 ﬂecteturipsi

2058 1020 2208 1058 omne
2241 1021 2394 1075 genu,
2428 1007 2732 1071 caelestium,
2761 1009 3088 1062 terrestrium
3139 1018 3188 1062 et
3211 1009 3536 1080 infernarum
3554 1001 3620 1054 ⁷⁸.

2059 1095 2268 1151 Inimici
2297 1106 2480 1152 autem
2511 1099 2631 1168 ejus
2655 1099 2748 1168 qui
2777 1101 3056 1169 pulverem
3110 1100 3342 1170 lingunt,
3366 1105 3494 1152 sunt
3545 1093 3624 1146 illi

2058 1186 2149 1255 qui
2178 1189 2356 1242 carnis
2391 1188 2754 1256 voluptatibus
2775 1189 2941 1244 dediti
2963 1198 3108 1244 sunt.

2129 1266 2292 1336 Vens.
2324 1280 2410 1336 14.
2455 1300 2474 1332 ι
2504 1280 2581 1336 Ex
2609 1297 2772 1336 usura
2814 1289 2870 1336 et
2891 1281 3194 1352 iniquitate.
3233 1299 3252 1334 ι

2132 1371 2417 1428 Permittet
2436 1372 2616 1443 igitur,
2644 1373 2842 1441 inquit,
2863 1388 2958 1427 eos
2981 1373 3072 1440 qui
3121 1370 3387 1441 injustitia
3413 1383 3467 1428 et
3506 1389 3630 1427 ονε·-

2065 1464 2186 1520 ritia
2218 1465 2524 1536 gaudebant
2554 1464 2923 1518 misericordia
2959 1473 3015 1517 et
3041 1463 3330 1518 clementia
3354 1463 3481 1517 frui.
3516 1463 3632 1517 l’loc

2065 1568 2246 1612 autem
2269 1567 2386 1612 erat
2413 1558 2467 1612 id
2500 1557 2643 1627 quod
2667 1556 2976 1611 insiuuabat
3005 1556 3314 1625 evangelica
3351 1555 3631 1626 Scriptura

2065 1649 2291 1703 dicens:
2318 1647 2490 1718 Elegit
2520 1649 2788 1702 duodecim
2819 1663 2882 1701 ex
2907 1647 3031 1716 ipsis
3061 1646 3232 1711 Iesus,
3259 1662 3387 1716 quos
3423 1657 3470 1699 et
3503 1663 3638 1714 apo-

2065 1741 2222 1796 stolos
2247 1741 2530 1795 nominavit
2553 1743 2618 1795 ⁷⁸.

2143 1853 2161 1885 ι
2195 1834 2260 1888 Et
2289 1833 2606 1888 honorabile
2636 1849 2829 1887 nomen
2853 1848 3064 1888 eorum.
3112 1849 3130 1881 ι

2141 1923 2309 1989 Quale
2331 1923 2854 1990 nomeu?Christus,
2897 1940 2925 1978 a
2977 1941 3084 1994 quo
3121 1924 3418 1980 Christiani
3451 1922 3637 1992 appel-

2070 2015 2162 2069 lati
2191 2031 2401 2070 sumus.
2428 2016 2560 2070 'l'am
2590 2015 3073 2071 enimhonorabile
3126 2027 3209 2072 est
3269 2030 3470 2069 nomen
3521 2015 3639 2078 ejus

2072 2107 2126 2162 in
2153 2116 2452 2176 conspectu
2481 2123 2670 2164 eorum
2697 2109 2788 2178 qui
2819 2125 2912 2177 per
2954 2110 3130 2179 ipsum
3157 2108 3356 2164 servati
3381 2115 3527 2170 sunt,
3578 2119 3642 2158 ac

2075 2198 2454 2263 crediderunt;
2489 2207 2548 2253 ut
2570 2199 2660 2254 alii
2686 2200 2904 2268 quidem
2927 2199 3162 2264 divitias,
3192 2201 3282 2254 alii
3305 2215 3432 2253 vero
3463 2195 3640 2266 digni-

2079 2298 2239 2356 tates,
2269 2289 2360 2346 alii
2389 2291 2622 2361 denique
2643 2291 2809 2346 vitam
2840 2291 3009 2360 ipsam
3065 2289 3512 2360 contempserint,
3572 2301 3644 2341 ne

2076 2378 2507 2436 Christianorum
2537 2397 2735 2436 nomen
2767 2397 2992 2452 negasse
3021 2391 3362 2450 putarentur.

2154 2561 2317 2616 Vens.
2340 2563 2425 2617 15.
2459 2580 2478 2614 ι
2509 2563 2578 2618 Ει
2606 2562 2910 2618 adorabunt
2939 2562 3007 2618 de
3038 2563 3177 2632 ipso.
3218 2579 3239 2614 ι

2147 2651 2267 2705 Non
2298 2651 2471 2705 solum
2502 2651 2648 2705 enim
2677 2651 2728 2704 in
2753 2652 3017 2717 ecclesiis,
3051 2651 3146 2705 sed
3169 2651 3334 2705 etiam
3359 2651 3412 2705 in
3443 2652 3648 2722 compi-

2081 2742 2152 2802 tis
2205 2750 2261 2796 et
2315 2742 2369 2796 in
2401 2740 2651 2796 domibus
2691 2741 2906 2796 assidue
2945 2741 3149 2796 Christi
3206 2743 3538 2806 benedictio,
3597 2742 3650 2796 id

2081 2842 2166 2890 est
2217 2833 2520 2890 honoriﬁca
2581 2833 2931 2904 praedicatio,
2992 2834 3055 2888 iit
3110 2849 3140 2889 a
3187 2835 3534 2892 credentibus
3595 2835 3653 2888 in
3760 2845 3773 2855 '

2082 2941 2280 2980 IDSllm.

2139 2941 2280 2980 sum.

2104 2941 2318 3072 pVEns.
2345 3018 2432 3072 Π.
2469 3037 2488 3071 ‹
2534 3016 2600 3105 Et
2627 3017 3025 3074 benedicentur
3074 3019 3130 3073 in
3165 3019 3288 3090 ipso
3316 3034 3506 3075 omnes
3552 3005 3652 3072 tri-5

2013 3111 2055 3171 C
2087 3111 2187 3166 lius
2207 3119 2378 3165 terrae.
2411 3129 2430 3164 ι

2155 3198 2359 3255 Omnes
2391 3199 2538 3254 enim
2568 3199 2766 3267 tribus,
2803 3215 2994 3254 omnes
3047 3199 3245 3270 linguae
3297 3214 3360 3253 ac
3381 3199 3657 3270 regiones,

2087 3306 2209 3361 quae
2239 3291 2391 3361 prius
2416 3292 2468 3346 in
2497 3307 2684 3346 errore
2716 3293 3096 3356 versabantur,
3142 3306 3290 3346 nunc
3310 3293 3656 3346 concorditer

2089 3379 2528 3436 benedictionem
2578 3390 2904 3451 receperunt
2949 3400 2961 3434 :
3019 3381 3163 3435 unde
3207 3379 3384 3448 ipsum
3441 3393 3656 3449 quoque

2074 3475 2306 3530 beatum
2337 3473 2671 3543 praedicant:
2712 3475 2857 3544 quali
2887 3473 3263 3530 beatitudine?
3296 3473 3399 3527 nisi
3432 3473 3656 3526 omnino

2089 3565 2180 3620 illa
2212 3580 2333 3634 quae
2365 3567 2414 3619 in
2436 3563 2744 3634 Evangeliis
2766 3566 2994 3619 habetur
3026 3581 3038 3616 :
3068 3563 3260 3617 Beatus
3283 3573 3460 3616 venter
3485 3563 3573 3632 qui
3609 3571 3658 3614 te

2092 3657 2338 3724 portauit,
2378 3668 2422 3710 et
2461 3656 2619 3710 ubera
2651 3669 2765 3724 qua?
2786 3655 2973 3708 δαπίδιὶ
2995 3654 3062 3707 τ’.

2162 3743 2322 3797 Vens.
2352 3745 2432 3797 18.
2465 3764 2482 3794 ι
2519 3744 2838 3798 Benedictus
2866 3742 3124 3796 Dominus
3160 3742 3300 3794 Deus
3325 3740 3507 3794 Israel.
3551 3759 3566 3790 ι

2162 3832 2270 3888 Cur
2296 3842 2475 3887 autem
2510 3834 2747 3904 geminat
2768 3833 2900 3887 illud
2925 3832 3043 3886 Fiat
3073 3833 3097 3885 ?
3120 3831 3328 3900 Nempe
3363 3832 3658 3886 accelerari

2091 3925 2318 3993 cupiens
2377 3935 2620 3980 nostram
2695 3925 2998 3979 libertatem
3065 3939 3128 3978 ac
3162 3938 3314 3992 Spem
3364 3924 3657 3992 justorum.

2093 4018 2322 4082 Quando
2347 4019 2491 4072 enim
2526 4026 2667 4072 terra
2697 4017 2899 4072 Christi
2956 4017 3122 4088 gloria
3153 4016 3318 4071 fuerit
3345 4017 3659 4086 adimpletu,

2095 4119 2225 4164 tunc
2254 4125 2498 4180 praesens
2525 4109 2760 4164 mundus
2805 4108 3291 4172 consummabitur,
3355 4123 3417 4160 ac
3437 4123 3664 4177 regnum

2095 4203 2355 4258 caelorum
2384 4201 2836 4258 maniiestabitur.

2607 4291 2926 4348 PSALMUS
2957 4289 3168 4345 LXXII.

2171 4385 2330 4442 Vens.
2363 4387 2413 4441 1.
2451 4403 2470 4438 ι
2500 4385 2672 4450 Quam
2695 4383 2874 4440 bonus
2902 4383 3046 4438 Deus
3070 4382 3258 4436 Israel!
3290 4402 3309 4433 ι

494 4472 668 4535 Πόδας
697 4474 790 4530 καὶ
817 4473 1129 4544 διαδήματα
1163 4469 1262 4533 τὰς
1296 4471 1605 4541 πρακτικὰς
1641 4469 1868 4540 πορείας
1895 4468 1980 4522 xui

2165 4475 2340 4532 Pedes
2369 4490 2432 4530 ac
2461 4490 2681 4546 gressus
2709 4481 2866 4530 vocat
2916 4472 3186 4544 practicos
3231 4486 3553 4542 progressus
3602 4485 3667 4526 ac

426 4561 494 4614 τὰ
521 4562 621 4631 τῆς
649 4562 886 4626 διανοίας
927 4560 1350 4633 προσαγορεύων
1379 4561 1680 4633 κινήματα,
1714 4559 1790 4624 ὡς
1829 4559 1993 4623 αὐτὸς

427 4661 572 4727 ἡμᾶς
602 4660 658 4712 ὲν
682 4659 852 4729 ἑτέρῳ
884 4659 1036 4728 μέρει
1070 4659 1170 4728 τῆς
1199 4656 1306 4712 τῶν
1345 4656 1597 4728 Ψαλμῶν
1651 4653 1992 4728 προφητείας

429 4749 652 4816 ἐδίδαξε,
689 4750 928 4817 Λύχνος
953 4747 1081 4814 τοῖς
1102 4749 1248 4803 ποσί
1271 4766 1394 4818 μου
1434 4751 1467 4803 ὀ
1494 4747 1680 4817 νόμος
1725 4762 1865 4811 σου,
1896 4743 1996 4798 καί

429 4838 555 4910 φῶς
591 4839 721 4906 ταῖς
741 4840 962 4908 τρίϐοις
988 4857 1126 4907 μου,
1155 4839 1348 4908 λέγων.
1392 4839 1502 4894 Καὶ
1548 4837 1728 4892 πάλιν·
1765 4835 1839 4893 Τὰ
1869 4833 1996 4888 δια-

428 4927 657 4997 ϐήματά
681 4945 801 4998 μου
832 4927 1200 4982 κατεύθυνον
1249 4925 1400 4981 κατὰ
1423 4928 1492 4981 τὸ
1522 4926 1731 4995 λόγιόν
1750 4939 1889 4980 σου.
1922 4926 1996 4980 Οὐ

435 5019 538 5090 μὴν
569 5018 833 5088 ἐσαλεύθη
879 5021 1004 5081 τοὺς
1039 5017 1225 5082 πόδαςο
1269 5017 1535 5083 τουτέστι,
1575 5017 1675 5088 τὴν
1719 5017 1998 5071 πολιτείαν

431 5111 522 5160 ἐπὶ
543 5109 602 5161 τὸ
628 5113 810 5179 χεῖρον
845 5110 944 5164 οὐν
985 5109 1234 5178 ἔτρεψεν,
1267 5108 1388 5162 οὐδὲ
1430 5108 1662 5180 ἐξεχύθη
1701 5107 1768 5162 τὰ
1801 5109 1998 5180 διαϐή-

437 5216 599 5265 pater
653 5201 770 5254 οὐδὲ
820 5201 928 5274 γὰρ
977 5201 1076 5267 τὰς
1105 5203 1282 5274 ὁρμὰς
1325 5205 1425 5275 τῆς
1461 5205 1638 5276 ψυχῆς
1660 5205 1738 5265 είς
1765 5205 2002 5258 ἀσωτίαν

435 5289 679 5361 ἔτρεψεν.

509 5397 531 5431 ι
576 5379 696 5432 ’Ότι
722 5381 821 5433 οὐκ
850 5381 993 5436 ἐστιν
1020 5384 1304 5447 ἀνάνευσις
1336 5385 1396 5436 ἐν
1418 5384 1495 5454 τῷ
1519 5384 1751 5454 θανάτῳ.
1795 5406 1812 5437 ι

508 5469 580 5522 Οὐ
605 5472 710 5540 γὰρ
737 5469 882 5522 ἔστιν
905 5473 1189 5537 ἀνάνευσις
1216 5476 1278 5528 ὲκ
1305 5478 1396 5529 τοῦ
1425 5476 1653 5529 θανάτου
1683 5477 1780 5545 τῆς
1815 5479 1995 5547 ἁμαρ-

434 5563 573 5625 τίας,
608 5562 794 5627 σαφῶς
825 5563 965 5616 δὲτὸ
998 5566 1289 5634 εἰρημένον
1313 5571 1368 5620 ὲν
1397 5567 1723 5637 Παροιμίαις
1757 5569 1997 5638 πάσχου-

506 5745 550 5776 το
580 5741 777 5814 Philip.
803 5758 864 5808 ll,
899 5744 980 5798 l0.
1056 5744 1098 5775 ⁷¹
1131 5743 1263 5800 Luc.
1293 5762 1366 5811 vt,
1406 5747 1483 5800 l5.
1559 5747 1603 5778 ⁷²
1632 5746 1758 5799 Luc.
1794 5764 1864 5812 XI,
1897 5748 1984 5801 ‘27.

2099 4569 2299 4624 mentis
2327 4567 2614 4634 motiones,
2647 4574 2808 4636 prout
2831 4566 2944 4634 ipse
2976 4579 3077 4619 nos
3129 4564 3184 4617 in
3206 4563 3312 4617 alia
3369 4562 3672 4633 prophetiae

2100 4663 2435 4719 l’salmorum
2455 4669 2606 4731 parte
2632 4658 2816 4714 docuit
2861 4657 3049 4713 dicens
3093 4673 3106 4710 :
3172 4657 3412 4711 Lucerna
3455 4655 3669 4725 pedibus

2102 4755 2230 4807 meis
2260 4753 2344 4808 lex
2372 4760 2464 4806 tua
2488 4746 2762 4820 [Vulgata
2793 4746 3006 4802 verbum
3061 4744 3256 4816 tuum],
3303 4753 3350 4799 et
3382 4745 3556 4797 tamen
3584 4760 3668 4797 se-

2102 4845 2244 4898 ntitis
2267 4842 2416 4897 meis.
2456 4839 2750 4895 Et'iteruin
2787 4855 2800 4893 :
2832 4836 3052 4893 Crestus
3095 4853 3234 4891 meos
3277 4836 3444 4906 dirige
3480 4850 3666 4888 secun-

2103 4939 2229 4987 dum
2254 4931 2518 5002 eloquium
2550 4938 2699 4982 tuum
2724 4927 2783 4981 7’.
2827 4927 2981 4982 Haud
3008 4942 3139 4984 sane
3171 4927 3302 4981 moti
3337 4926 3665 4995 suntpcdes;

2106 5024 2158 5079 id
2189 5033 2294 5085 est.
2328 5022 2453 5078 vitae
2484 5021 2793 5077 institutum
2812 5019 2878 5076 ad
2909 5019 3110 5074 malum
3164 5034 3272 5073 non
3294 5017 3535 5079 divertit,
3568 5031 3668 5068 ne-

2113 5130 2218 5184 que
2243 5113 2398 5169 emisi
2422 5123 2551 5170 sunt
2598 5125 2816 5184 gressus
2851 5126 2866 5164 :
2901 5125 3028 5166 nam
3090 5108 3255 5164 animi
3297 5107 3529 5175 impetus
3558 5118 3682 5158 non.

2102 5207 2301 5263 laxavit
2341 5205 2406 5260 ad
2445 5203 2943 5274 intemperantiam.

2175 5379 2338 5434 Vens.
2367 5379 2418 5434 4.
2453 5398 2470 5429 ι
2500 5377 2636 5443 Quia
2663 5394 2771 5432 non
2805 5387 2888 5432 est
2915 5384 3196 5445 respectus
3225 5374 3280 5427 in
3310 5382 3501 5427 morte.
3541 5389 3559 5422 ι

2175 5470 2291 5526 Non
2320 5472 2466 5526 enim
2495 5480 2578 5526 est
2602 5478 2888 5540 respectus
2913 5484 2978 5522 ex
3011 5475 3189 5521 morte
3257 5465 3488 5536 peccati.
3542 5463 3672 5517 l’er—

2105 5566 2290 5633 spicue
2319 5572 2499 5618 autem
2525 5564 2804 5632 patiuntur
2830 5561 2882 5616 id
2906 5559 3048 5630 quod
3069 5558 3122 5613 in
3143 5557 3451 5613 Proverbiis
3466 5556 3678 5612 dictum

2059 5747 2103 5777 ’³
2136 5745 2271 5798 Psttl.
2309 5761 2493 5810 CXVIII,
2526 5743 2641 5798 105.
