4032 6222
406 342 540 409 i239

1552 352 1942 415 .HESYCHII
1998 350 2471 414 PRESBYTERI
2546 326 2553 331 ’
2586 328 2589 331 ’

3516 345 3653 413 1240

402 467 526 513 est.
567 456 768 527 Impius
801 474 918 513 cum
937 460 1179 537 inciderit
1196 454 1465 534 {Vulgata
1507 463 1726 537 venerit]
1760 465 1813 517 in
1853 478 1975 533 pro—

2087 479 2182 515 σιν·
2240 460 2488 530 Ἀσεόὴς
2526 456 2807 529 ἐμπεσὼν
2850 457 2939 525 εἰς
2994 457 3154 526 βάθη
3197 458 3421 523 κακῶν,
3468 475 3655 514 κατα-

402 550 625 621 fundum
657 551 938 619 malorum,
963 556 1245 607 contemnit
1276 554 1340 609 ⁷⁸.

476 638 661 711 Neque
708 643 943 698 humana
983 646 1091 714 pati
1140 646 1436 701 sustinent.
1467 645 1660 703 Cernis
1711 657 1974 717 quantum

401 731 469 786 ad
499 732 797 788 claritatem
828 736 1077 791 conferat
1096 738 1262 792 etiam
1327 738 1485 793 unica
1510 739 1678 793 dictio
1707 739 1786 793 rei
1809 755 1977 810 appo-

403 825 523 879 sita.
558 824 778 881 Poterat
815 828 963 883 enim
995 829 1215 894 dixisse,
1241 828 1298 883 ln
1340 830 1619 885 laboribus
1648 847 1763 885 non
1807 840 1972 897 sunt;

401 917 457 969 in
484 916 744 972 laboribus
776 919 1046 974 hominum
1065 921 1333 991 adiunxit.
1371 920 1657 977 Hominem
1685 932 1868 977 autem
1890 923 1977 978 hic

403 1008 641 1077 intellioie
697 1008 790 1079 qui
849 1011 1085 1066 custodit
1155 1011 1473 1082 dignitatem
1550 1014 1724 1082 partis
1812 1013 1977 1065 ratio-

401 1099 563 1165 nalis,
621 1108 678 1154 ct
732 1100 1025 1157 virtutibus
1077 1110 1163 1158 est
1222 1103 1519 1172 praeditus;
1574 1103 1663 1158 vel
1691 1118 1817 1158 eum
1859 1104 1973 1174 qui,

401 1192 620 1259 quando
646 1194 997 1258 aberraverit,
1028 1210 1127 1263 per
1149 1194 1527 1264 pmuitentiam
1584 1196 1784 1249 iterum
1840 1195 1978 1249 diri-

402 1282 548 1351 gitur
579 1283 645 1336 ad
667 1285 858 1341 Deum.
889 1285 947 1339 In
981 1286 1127 1342 hisce
1178 1287 1462 1343 hominum
1523 1290 1808 1344 laboribus
1864 1273 1975 1344 non

403 1383 531 1427 sunt
552 1384 886 1444 peccatores,
909 1394 1088 1448 neque
1118 1394 1241 1435 cum
1272 1380 1587 1436 hominibus
1613 1380 1973 1452 ﬂagellantur:

402 1464 580 1532 idest,
610 1482 733 1522 cum
756 1469 917 1538 iustis
969 1486 1078 1524 non
1140 1472 1386 1526 laborant
1433 1483 1489 1528 et
1536 1483 1866 1542 operantur;
1910 1474 1978 1529 de

401 1556 601 1624 quibus
628 1558 791 1613 etiam
827 1558 1027 1613 dicitur
1059 1579 1072 1614 :
1101 1561 1462 1631 Unusquisque
1481 1564 1754 1632 propriam
1778 1579 1977 1617 merce-

402 1651 519 1700 dem
541 1649 760 1718 accipiet
787 1651 1072 1705 secundum
1087 1668 1238 1706 suum
1278 1653 1509 1708 laborem
1535 1654 1598 1707 ".
1629 1653 1814 1723 Neque
1854 1671 1977 1710 cum

403 1737 716 1795 labentibus
739 1748 794 1794 et
813 1756 962 1810 spem
994 1726 1185 1798 salutis
1211 1744 1544 1798 habentibus
1581 1744 1921 1815 flagellantur
1963 1762 1976 1797 :

2077 572 2305 624 φρονει.

2147 648 2282 702 Οὐδέ
2314 644 2733 718 τά’ἀνθρώπινα
2779 642 2971 698 παθεῖν
2998 641 3379 712 ὑπομένουσιν.
3416 639 3659 712 Θεωρεῖς

2078 740 2267 810 ἡλίκον
2299 740 2380 802 είς
2407 739 2708 809 σαφήνειαν
2730 734 2956 788 δύναται
2991 733 3088 786 καὶ
3118 730 3261 795 λέξις
3293 730 3391 801 μία
3421 747 3657 796 προστε-

2078 830 2234 883 θεῖσα
2266 828 2343 898 τῷ
2391 828 2693 898 πράγματι.
2740 821 2891 889 Ἐξδν
2943 822 3054 893 γὰρ
3103 821 3300 883 εἰπεῖν,
3345 820 3433 872 Ἐν
3464 820 3657 881 κόποις

2076 922 2177 974 οὐκ
2211 921 2370 984 εἰσιν,
2393 919 2498 972 Ἐν
2520 917 2734 982 κόποις
2756 911 3108 981 ἀνθρώπων,
3137 911 3501 981 προσέθηκεν.
3520 911 3657 961 Ἀν-

2078 1014 2293 1083 θρωπον
2315 1011 2372 1064 δέ
2412 1007 2643 1062 ἐνταῦθα
2666 1008 2777 1062 νόει
2801 1006 2895 1059 τὸν
2924 1004 3268 1075 φυλάττοντα
3302 1000 3398 1054 τοῦ
3430 999 3658 1068 λογικοῦ

2076 1104 2137 1159 τὸ
2164 1103 2397 1173 ἀξίωμα,
2421 1101 2513 1155 τόν
2526 1118 2584 1154 τε
2601 1102 2659 1153 ἐν
2674 1100 2894 1171 ἀρεταῖς
2914 1096 3065 1149 ὄντα·
3092 1093 3256 1165 ἢτδν,
3280 1094 3409 1147 ὅταν
3424 1092 3657 1160 πταίσῃ,

2076 1195 2164 1250 διὰ
2212 1193 2497 1265 μετανοίας
2546 1192 2643 1262 τῆς
2680 1187 3085 1259 ἐπιφερομένης
3121 1184 3273 1255 παρὰ
3317 1181 3453 1236 Θεοῦ
3500 1182 3658 1251 διορ-

2078 1284 2356 1353 θούμενον.
2420 1283 2509 1335 Ἐν
2535 1281 2745 1343 τούτοις
2786 1277 2992 1333 τούτων
3039 1279 3247 1336 κόποις.
3285 1275 3384 1327 οὐκ
3413 1275 3550 1326 εἰσὶν
3603 1273 3659 1324 οἱ

2079 1373 2413 1445 ἁμαρτωλοὶ,
2434 1371 2555 1425 οὐδέ
2592 1370 2730 1441 μετὰ
2754 1365 3055 1439 ἀνθρώπων
3092 1364 3466 1435 μαστίζονται·
3500 1378 3661 1414 τουτ-

2079 1468 2247 1528 έστιν,
2282 1467 2344 1521 οὐ
2404 1466 2543 1536 μετὰ
2600 1463 2823 1518 δικαίων
2875 1460 3112 1515 κοπιῶσι
3160 1458 3256 1511 καὶ
3306 1455 3656 1527 ἐργάζονται·

2079 1561 2172 1636 καὶ
2214 1560 2343 1631 περὶ
2372 1541 2460 1612 ὧν
2479 1558 2693 1628 εἴρηται
2717 1570 2732 1586 ·
2766 1556 3063 1616 Ἕκαστος
3094 1550 3204 1605 τὸν
3228 1547 3385 1601 ἴδιον
3425 1546 3662 1636 μισθοῖ·

2078 1635 2340 1720 ,λήψεται
2392 1648 2627 1703 καὶτὸν
2687 1647 2843 1699 ἴδιον
2899 1644 3114 1697 κόπον.
3164 1639 3299 1693 Οὐδὲ
3357 1638 3495 1708 μετὰ
3543 1635 3661 1688 τῶν

2081 1742 2479 1813 ὀλισθησάντων
2525 1741 2619 1793 καὶ
2652 1736 2845 1792 ἐλπίδα
2877 1733 3149 1805 σωτηρίας
3196 1731 3429 1801 ἐχόντων
3456 1729 3661 1798 μαστίο

402 1830 467 1884 ad
502 1845 639 1899 quos
658 1831 921 1902 scriptum
956 1846 1042 1888 est
1072 1853 1084 1888 :
1118 1833 1283 1899 Quem
1304 1836 1477 1906 diligit
1527 1836 1781 1891 Dominus
1814 1837 1976 1890 casti-

2087 1835 2285 1900 ζονται·
2350 1834 2430 1896 είς
2482 1831 2577 1894 οὓς
2626 1833 2972 1901 γέγραπται·
3023 1828 3135 1880 Ὃν
3187 1820 3392 1892 ἀγαπᾷ
3436 1823 3660 1888 Κύριος

402 1922 786 1994 gon/lagellat
816 1935 994 1980 autent
1025 1942 1230 1981 omnem
1272 1928 1441 1997 ﬁlium
1486 1945 1637 1998 quem
1659 1930 1878 1997 suscipit
1909 1930 1973 1982 ⁷⁸.

477 2124 644 2181 Vens.
675 2127 726 2182 6.
758 2145 777 2180 ι
816 2126 1218 2185 Circumamicti
1244 2138 1373 2186 sunt
1396 2131 1704 2200 iniquitate.
1744 2150 1761 2183 ι

473 2219 549 2273 De
574 2219 771 2289 quibus
794 2231 1112 2291 oportuerat
1142 2222 1489 2284 erubescere,
1530 2223 1589 2277 in
1624 2222 1709 2277 bis
1738 2222 1978 2293 glorian-

407 2320 513 2372 tur,
556 2310 629 2367 ita
663 2320 723 2367 ut
749 2313 900 2383 quasi
959 2315 1289 2385 tegumentis
1320 2321 1375 2368 et
1401 2315 1716 2369 umbraculo
1765 2314 1978 2369 delictis

405 2409 647 2456 utantur.
671 2402 903 2458 Pulchre
930 2412 1112 2458 autem
1135 2404 1237 2459 sibi
1268 2413 1458 2459 mutuo
1492 2404 1609 2459 haec
1632 2403 1830 2459 delicta
1848 2421 1979 2459 con-

400 2492 580 2560 junxit
610 2509 623 2547 :
652 2495 906 2562 quoniam
935 2494 1185 2551 homines
1214 2506 1271 2551 ut
1302 2496 1593 2567 plurimum
1628 2512 1694 2551 ex
1723 2496 1975 2566 superbia

405 2583 459 2637 in
486 2583 830 2654 iniquitatem
864 2594 920 2640 et
942 2586 998 2639 in
1030 2588 1318 2642 avaritiam
1355 2589 1743 2659 prolabuntur.

474 2756 595 2813 Non
628 2769 854 2828 possunt
882 2767 1063 2815 autem
1083 2761 1462 2817 haereticorum
1493 2763 1575 2819 vel
1591 2763 1976 2819 maledicorum

404 2848 570 2903 verba
600 2848 691 2904 diu
718 2850 1044 2921 pravalere;
1083 2852 1177 2906 sed
1196 2861 1396 2907 terram
1427 2863 1832 2925 pertranseunt,
1852 2871 1976 2910 cum

406 2956 606 3010 paucos
650 2942 862 3014 aliquos
907 2959 1001 3011 per
1041 2953 1393 3000 transennam
1447 2947 1707 3001 laeserint.
1770 2948 1980 3004 Fideles

405 3034 512 3092 hoc
559 3035 945 3106 intelligentcs,
982 3037 1109 3092 licet
1149 3038 1357 3092 seducti
1401 3038 1625 3104 fuerint,
1686 3049 1977 3096 revertun-

408 3137 532 3182 tur:
561 3127 628 3183 de
652 3129 851 3198 quibus
873 3130 1156 3200 sequentia
1177 3131 1374 3185 cecinit
1407 3130 1708 3187 Psalmista.

484 3297 741 3356 \’sns.15.
775 3322 793 3355 ι
823 3303 889 3358 Ει
921 3304 1032 3359 dixi
1067 3323 1080 3359 :
1109 3306 1253 3378 Ergo
1280 3307 1400 3361 sine
1428 3324 1591 3364 causa
1620 3310 1973 3379 iustiﬁcari.»

482 3391 537 3448 Id
564 3403 670 3460 est,
702 3395 843 3465 Ergo
865 3396 1065 3451 frustra
1097 3399 1473 3470 cogitationes,
1507 3401 1706 3458 frustra
1735 3403 1981 3458 actiones

410 3484 723 3552 emundavi,
775 3495 830 3541 et
859 3503 956 3542 cor
1003 3489 1221 3558 quidem
1269 3491 1582 3561 justiﬁcavi,
1638 3493 1775 3548 nihil
1802 3495 1856 3548 in
1916 3509 1982 3550 eo

370 3566 373 3571 ’
413 3574 681 3645 iniustum
710 3579 988 3649 cogitans;
1019 3595 1214 3638 manus
1250 3592 1433 3637 autem
1484 3584 1626 3638 inter
1660 3586 1983 3643 innocentes

410 3667 541 3731 lavi,
574 3669 629 3722 in
661 3669 820 3726 bonis
854 3672 1110 3727 nimirum
1139 3674 1468 3741 actionibus,
1487 3692 1609 3746 quae
1628 3693 1741 3731 non
1775 3677 1982 3734 habent

412 3760 576 3816 vitam
616 3776 679 3816 ex
719 3774 943 3833 peccato
986 3781 999 3815 ι
1039 3764 1216 3830 idest,
1243 3765 1501 3821 damnum
1534 3783 1644 3823 non
1670 3769 1923 3838 reputavi
1962 3789 1975 3823 :

411 3854 677 3925 siquidem
721 3857 978 3912 damnum
1034 3875 1223 3913 revera
1276 3860 1474 3916 animm
1526 3871 1611 3916 est
1674 3871 1979 3932 peccatum,

412 3948 555 4017 quod
588 3948 678 4004 Dei
711 3950 1004 4006 amicitiam
1033 3953 1199 4018 laedit,
1230 3969 1351 4024 quae
1381 3963 1464 4009 est
1484 3954 1687 4012 bonum
1718 3967 1984 4025 praestan-

416 4039 705 4095 tissimum.

485 4129 652 4186 Vens.
681 4132 768 4187 14.
796 4151 814 4185 ι
842 4134 909 4189 Et
944 4134 1017 4188 fui
1039 4133 1358 4206 ﬂagellatus.
1400 4157 1418 4188 ι

486 4219 588 4287 Qui
626 4221 771 4276 enim
808 4223 1048 4293 seipsum
1074 4224 1306 4295 ﬂagellat
1334 4241 1433 4295 pro
1477 4226 1689 4281 delictis
1738 4226 1874 4288 suis,
1930 4235 1987 4281 et

416 4315 688 4385 propriam
717 4316 1196 4385 reprehensionrm
1222 4318 1275 4371 in
1326 4314 1639 4379 matutinis,
1670 4318 1878 4373 scilicet
1930 4318 1986 4372 in

414 4405 641 4471 lumine,
660 4417 716 4463 et
753 4423 863 4462 non
889 4408 943 4462 in
979 4408 1242 4473 tenebris,
1276 4408 1525 4468 collocat.
1573 4411 1661 4465 hic
1694 4410 1749 4464 in
1781 4410 1988 4480 cogita-

2077 1925 2376 1980 παιδεύει·
2420 1921 2699 1994 μαστιγοῖ
2763 1920 2832 1974 δὲ
2875 1918 3073 1972 πάντα
3132 1915 3268 1970 υἱὸν
3309 1911 3381 1966 ὃν
3407 1908 3665 1979 παραδέο

2080 2033 2266 2087 χεται.

2159 2127 2178 2160 ι
2209 2105 2601 2177 Περιεΰάλοντο
2637 2102 2873 2157 ἀδικίαν.
2917 2120 2936 2152 ι

2159 2198 2275 2267 Ἐφ’
2305 2193 2385 2260 οἷς
2439 2196 2605 2267 ἐχρῆν
2645 2193 3020 2265 αἰσχύνεσθαι,
3055 2190 3149 2244 ἐπὶ
3203 2187 3413 2249 τούτοις
3456 2183 3666 2254 σεμνύ-

2077 2308 2281 2353 νονται,
2315 2288 2457 2342 ὥστε
2515 2287 2769 2357 καθάπερ
2799 2282 3174 2355 περιϐολαίοις
3201 2279 3297 2333 καὶ
3334 2279 3512 2347 σκέπῃ
3544 2277 3666 2338 τοῖς

2078 2383 2519 2454 πλημμελήμασι
2545 2378 2875 2451 χρήσασθαι.
2908 2374 3107 2439 Καλῶς
3126 2373 3185 2426 δέ
3206 2371 3458 2440 ἀλλήλοις
3484 2367 3665 2420 ταῦτα

2081 2478 2281 2547 συνῆψε
2337 2476 2405 2529 τὰ
2458 2472 2922 2545 πλημμελήματα·
2983 2467 3091 2521 ἀπὸ
3140 2464 3250 2535 γὰρ
3304 2464 3403 2533 τῆς
3448 2462 3666 2529 ὑπερη-

2079 2572 2277 2639 φανίας
2330 2570 2409 2632 είς
2430 2568 2644 2620 ἀδικίαν
2671 2564 2745 2627 ὡς
2767 2563 2837 2616 τὰ
2865 2561 3036 2615 πολλὰ
3085 2560 3180 2611 καὶ
3234 2557 3314 2620 εἰς
3344 2552 3666 2619 πλεονεξίαν

2078 2662 2355 2732 ἄνθρωποι
2380 2659 2660 2713 πίπτουσι.

2154 2754 2228 2807 Οὐ
2258 2752 2479 2805 δύναται
2511 2751 2567 2804 δὲ
2600 2750 2709 2804 τῶν
2756 2747 3053 2819 αἱρετικῶν
3086 2745 3120 2816 ἢ
3153 2742 3264 2797 τῶν
3320 2737 3668 2812 βλασφημῶν

2078 2846 2396 2915 ἐπικρατεῖν
2454 2843 2581 2913 ἄχρι
2628 2839 2823 2894 πολλοῦ
2853 2838 2922 2891 τὰ
2962 2839 3206 2909 ῥήματα·
3238 2833 3546 2903 διέρχονται
3602 2827 3667 2879 δὲ

2077 2938 2175 3007 τὴν
2204 2936 2331 3005 γῆν,
2363 2933 2575 3001 ὀλίγους
2635 2932 2790 2992 τινὰς
2838 2930 2981 2984 κατά
3040 2928 3274 2999 πάροδον
3327 2923 3665 2994 βλάπτοντα.

2081 3029 2252 3082 Τοῦτο
2281 3026 2552 3089 συνιέντες
2579 3025 2629 3077 οἱ
2657 3023 2862 3084 πιστοὶ,
2889 3021 2992 3074 κᾶν
3024 3019 3230 3089 τύχωσι
3261 3012 3666 3084 πλανηθέντες,

2012 3156 2049 3211 c
2082 3120 2489 3192 ἐπιστρέφουσι·
2532 3117 2659 3187 περὶ
2693 3109 2768 3170 ὧν
2797 3115 2864 3169 τὰ
2893 3114 3019 3185 seq;
3047 3114 3075 3166 ὁ
3104 3108 3410 3180 Ψαλμῳδὸς
3451 3102 3667 3174 ἐμελῴ-

2084 3215 2234 3267 δησε.

2114 3230 2324 3356 “Taken.
2349 3298 2496 3356 εἶπα·
2523 3301 2665 3371 Ἀρα
2716 3297 2959 3370 ματαίως
2998 3295 3315 3349 ἐδικαίωσα.
3350 3308 3368 3344 ι

2158 3396 2472 3458 Τουτέστιν,
2519 3394 2663 3463 ’Δρα
2724 3392 2902 3462 μάτην
2949 3390 3074 3450 τοὺς
3106 3386 3423 3455 λογισμοὺς,
3484 3380 3669 3451 μάτην

2086 3487 2186 3551 τὰς
2238 3485 2464 3558 πράξεις
2520 3483 2788 3554 ἐκάθηρα,
2838 3480 2933 3534 καὶ
2979 3480 3106 3550 τὴν·
3135 3475 3367 3546 καρδίαν
3413 3473 3514 3542 μὲν
3552 3470 3669 3522 ἐδι-

2088 3578 2320 3641 καίωσα,
2374 3576 2540 3648 μηδὲν
2581 3576 2639 3628 ἐν
2690 3573 2827 3643 αὐτῇ
2891 3568 3240 3638 λογιζόμενος
3298 3564 3504 3619 ἄδικον·
3561 3559 3671 3620 τὰς

2089 3674 2274 3743 χεῖρας
2312 3669 2368 3721 δὲ
2396 3671 2453 3721 ἐν
2476 3665 2669 3728 ἀθώοις
2704 3664 2928 3726 ἐπλυνα,
2952 3666 3008 3715 ἐν
3038 3659 3269 3729 ἀγαθαῖς
3288 3653 3490 3724 δηλαδὴ
3523 3650 3673 3720 πρά,-

2092 3761 2205 3829 ξεσι
2231 3764 2349 3825 ταῖς
2373 3761 2473 3814 οὐκ
2519 3756 2769 3828 ἐχούσαις
2789 3756 2890 3827 τὴν
2916 3753 2975 3818 ἐξ
3000 3750 3273 3823 ἁμαρτίας
3296 3747 3460 3815 ζωήν.
3490 3743 3671 3794 Τουτ-

2091 3856 2229 3919 έστι,
2256 3856 2330 3925 Ζη
2341 3853 2468 3922 μίαν
2511 3851 2570 3902 οὐ
2599 3845 2997 3916 διελογιζόμην·
3028 3841 3200 3911 ζημία
3228 3838 3338 3909 γὰρ
3367 3835 3537 3895 ὅντως
3560 3831 3671 3925 ψυ-

2090 3948 2192 4018 χῆς
2230 3947 2263 4015 ἡ
2296 3941 2562 4013 ἁμαρτία,
2603 3938 2741 3992 Θεοῦ
2774 3937 2955 4008 φιλίαν
2984 3933 3175 4005 αὐτὴν
3205 3927 3503 4001 ζημιοῦσα,
3554 3924 3671 3976 τῶν

2091 4035 2311 4105 ἀγαθῶν
2336 4033 2395 4086 τὸ
2421 4030 2727 4085 κάλλιστον.

2169 4146 2185 4177 ι
2228 4125 2340 4179 Καὶ
2370 4123 2640 4192 ἐγενόμην
2671 4115 3181 4191 μεμαστιγωμένος.
3218 4131 3238 4164 ι

2179 4219 2237 4270 '0
2262 4215 2371 4286 γὰρ
2394 4214 2584 4267 ἐαυτὸν
2617 4209 2896 4283 μαστιγῶν
2923 4208 3007 4277 ἐφ’
3033 4201 3114 4268 οἷς
3141 4200 3554 4273 ἐπλημμέλησε,
3572 4197 3677 4249 καὶ

2093 4311 2184 4366 τὸν
2211 4310 2411 4363 οἰκεῖον
2439 4307 2660 4375 ἔλεγχον
2689 4305 2769 4366 εἰς
2803 4301 2901 4363 τὰς
2925 4299 3162 4370 πρωίας,
3190 4297 3246 4349 ἐν
3274 4292 3414 4364 φωτὶ
3441 4288 3679 4360 δηλαδὴ,

2096 4403 2188 4459 καὶ
2231 4403 2331 4456 οὐκ
2373 4402 2431 4452 ἐν
2480 4400 2677 4467 σκότῳ,
2705 4395 3005 4466 τιθέμενος,
3063 4384 3220 4452 οὗτος
3270 4389 3331 4440 ἐν
3388 4385 3683 4452 λογισμοῖς

414 4498 652 4553 tionibus
680 4507 736 4554 et
763 4494 1074 4553 actionibus
1106 4513 1275 4569 purus
1311 4499 1546 4555 exsistit.
1610 4500 1981 4570 Reprehendi-

2093 4493 2390 4566 καθαρεύει
2420 4492 2515 4545 καὶ
2558 4488 2845 4561 πράξεσιν.
2887 4484 3201 4553 Ἐλέγχεται
3225 4481 3281 4533 δὲ
3318 4481 3374 4532 ἐν
3406 4474 3548 4546 φωτὶ
3569 4473 3681 4570 μέν

414 4598 503 4644 tur
522 4597 703 4644 autem
726 4589 780 4643 in
798 4589 1026 4655 lumine,
1050 4591 1141 4661 qui
1188 4590 1492 4647 libertatem
1547 4593 1753 4662 prrebet
1814 4593 1990 4648 incre-

416 4681 694 4748 nantibus,
727 4682 947 4750 sapiens
971 4682 1102 4737 illud
1131 4684 1412 4739 oraculum
1473 4684 1792 4747 observans,
1843 4685 1989 4753 quod

417 4771 472 4824 in
497 4768 805 4825 Proverbiis
841 4773 1043 4828 dicitur
1072 4790 1085 4827 :
1112 4773 1285 4846 Argue
1329 4776 1642 4845 sapientem,
1692 4786 1741 4829 et
1810 4775 1992 4845 diliget

419 4870 468 4915 te
497 4859 654 4914 ".‘ln
686 4860 922 4916 tenebris
942 4878 1073 4919 vero
1093 4873 1343 4919 versatur
1400 4867 1447 4919 is
1473 4865 1564 4935 qui
1586 4875 1876 4920 monentes
1904 4865 1992 4919 fu-

419 4953 525 5023 git;
554 4952 608 5006 in
636 4965 793 5021 quem
823 4954 956 5009 alter
983 4954 1580 5011 versiculusProverbii
1611 4957 1868 5027 quadrat:
1896 4958 1993 5011 Ar-

418 5060 517 5113 gue
547 5042 789 5106 stultum,
804 5050 853 5097 et
872 5044 1089 5114 adjiciet
1120 5055 1176 5098 ut
1207 5046 1374 5100 oderit
1395 5056 1463 5102 te.

485 5135 756 5193 Vensﬂl.
785 5156 803 5189 ι
837 5136 1104 5206 Quoniam
1127 5136 1517 5192 inflammatum
1544 5149 1629 5194 est
1646 5156 1740 5195 cor
1757 5154 1988 5194 meum.»

489 5222 741 5293 ipsemet,
771 5223 970 5295 inquit,
1002 5223 1166 5279 etiam
1192 5225 1258 5279 ad
1277 5224 1505 5280 nihilum
1525 5226 1775 5295 redigar;
1810 5227 1862 5281 id
1891 5236 1996 5291 est,

423 5310 635 5380 fragilis
655 5312 885 5370 effectus
916 5329 1075 5381 sum;
1125 5313 1565 5384 quandoquidem
1597 5315 1993 5370 inflammatum

423 5408 508 5453 est
527 5413 620 5452 cor
649 5415 831 5456 meum
866 5402 922 5456 in
951 5402 1256 5469 avaritiam,
1287 5402 1635 5458 manifestum
1671 5398 1889 5474 quoque
1911 5412 1995 5458 est

425 5504 586 5545 renes
612 5506 765 5546 meos
785 5493 1096 5550 immutatos
1110 5511 1263 5560 esse;
1293 5496 1532 5567 intelligo
1553 5503 1736 5550 autem
1772 5494 1839 5549 ad
1869 5494 1994 5548 libi-

2092 4591 2122 4643 ὁ
2152 4564 2463 4658 παρρησίας
2496 4581 2810 4653 μεταδιδοὺς
2843 4579 2955 4640 τοῖς
2985 4576 3322 4644 ἐλέγχουσιν,
3357 4571 3387 4622 ὁ
3414 4569 3475 4621 τὺ
3506 4564 3686 4634 σοφὸν

2096 4682 2274 4735 ἐκεῖνο
2291 4679 2470 4747 λόγιον
2498 4672 2797 4744 ἐπιτηρῶν,
2828 4672 2967 4739 ὅπερ
2997 4670 3054 4720 ἐν
3081 4665 3411 4735 Παροιμίαις
3434 4661 3683 4733 εἴρηται·

2100 4770 2386 4839 ’Ἑλεγξαι
2424 4767 2642 4836 σοφὸν,
2686 4763 2785 4818 καὶ
2813 4759 3116 4831 ἀγαπήσει
3138 4773 3232 4811 σε.
3279 4754 3369 4809 Ἐν
3412 4754 3589 4822 σκότῳ
3621 4752 3690 4807 δὲ

2097 4865 2125 4916 ὁ
2152 4862 2369 4931 φεύγων
2400 4860 2526 4921 τοὺς
2551 4855 2932 4928 ἐντρέποντας·
2959 4853 3039 4913 είς
3073 4851 3134 4903 ὃν
3156 4851 3184 4903 ὁ
3208 4847 3462 4912 δεύτερος
3490 4844 3689 4913 στίχος

2099 4942 2196 5023 τῆς
2226 4950 2532 5021 Παροιμίας
2554 4950 2797 5019 ἥρμοσεν
2825 4962 2842 4978 ·
2878 4947 3132 5014 Ἔλεγχε
3151 4941 3257 4996 τὸν
3282 4939 3537 5008 ἄφρονα,
3578 4938 3695 4990 και

2101 5042 2435 5111 προσθήσει
2452 5040 2558 5095 τοῦ
2579 5036 2846 5108 μισῆσαί
2870 5053 2965 5090 σε.

2178 5151 2198 5184 ι
2239 5133 2361 5186 Ὅτι
2389 5127 2657 5198 ἐξεκαύθη
2687 5129 2721 5199 ή
2753 5125 2949 5196 καρδία
2985 5141 3110 5193 μου.
3157 5140 3176 5172 ι

2186 5223 2600 5291 Ἐξουδένωμαι,
2625 5220 2780 5289 φησὶ,
2805 5219 2897 5272 καὶ
2920 5214 3102 5277 αὐτός·
3129 5211 3435 5273 τουτέστιν,
3467 5208 3559 5261 Ἐν
3584 5208 3691 5261 εὐ-

2106 5315 2287 5386 τελείᾳ
2330 5316 2551 5384 γέγονα·
2606 5311 2794 5381 ἐπειδὴ
2825 5307 3093 5375 ἐξεκαύθη
3122 5307 3156 5376 ἡ
3222 5301 3419 5374 καρδία
3453 5314 3557 5369 μου
3598 5301 3692 5363 εἰς

2103 5404 2439 5469 πλεονεξίαν,
2471 5402 2695 5473 εὕδηλον
2726 5404 2821 5455 καὶ
2848 5399 2899 5452 oi
2923 5396 3111 5469 νεφροί
3145 5411 3249 5465 μου
3274 5388 3685 5462 ὴλλοιὼθησαν·

2103 5499 2183 5560 εἰς
2236 5496 2428 5569 ἡδονὰς
2456 5496 2514 5551 δέ
2548 5495 2760 5565 νόησον.
2803 5492 2974 5545 Ὅταν
3023 5489 3130 5559 γάρ
3161 5504 3244 5550 τις
3290 5484 3394 5539 ὑπὸ
3428 5483 3529 5551 τῆς
3569 5481 3693 5533 τῶν

426 5579 629 5636 dinem.
662 5581 892 5646 Quando
915 5587 1062 5642 enim
1094 5589 1290 5659 aliquis
1337 5599 1687 5660 peccatorum
1738 5587 1981 5644 felicitati

2108 5586 2449 5657 ἁμαρτωλῶν
2481 5585 2738 5656 εὐθηνίας
2788 5579 3064 5647 δολωθεὶς,
3101 5576 3357 5650 ὲρεθισθῇ
3412 5572 3550 5646 πρὸς
3576 5571 3693 5644 τὴν

500 5776 546 5810 ⁷⁸
568 5776 727 5830 Prov.
752 5792 903 5845 xvtn,
934 5784 988 5836 5.
1064 5785 1112 5818 ’³
1137 5785 1160 5839 l
1185 5784 1311 5839 Cor.
1346 5803 1426 5851 ιιι,
1453 5786 1503 5841 8.
1580 5785 1628 5817 ⁷⁸
1658 5784 1821 5839 Hebr.
1858 5799 1955 5850 xu,

2122 5784 2166 5815 '”
2193 5782 2352 5838 Prov.
2386 5796 2465 5851 Ix,
2485 5780 2538 5836 8.
