4044 6228
303 323 445 389 ῙΞἺ

1486 323 1846 384 HESYCHII
1899 321 2364 384 PRESBYTER]

3415 319 3553 386 1244

291 451 452 506 aqua,
485 450 610 494 cum
648 433 761 503 ipse
779 433 1084 502 baptizatus
1123 431 1245 498 fuit,
1268 442 1322 487 et
1346 433 1662 489 hominibus
1686 435 1864 505 bapti-

1993 431 2310 498 ιαπτισθεὶς,
2364 429 2460 485 καὶ
2506 428 2780 502 παραδοὺς
2848 431 2962 493 τοῖς
2993 429 3312 501 ’ἀνθρώποις
3359 433 3558 504 βαπτι-

291 541 469 580 smum
497 524 734 580 tradidit.
761 524 931 578 Porro
965 523 1328 594 spiritualium
1377 525 1678 580 draconum
1707 534 1872 595 caput

291 628 375 670 cst
415 625 718 684 peccatum.

365 707 521 760 Vens.
555 707 642 761 15.
681 727 700 757 ι
724 704 804 760 Tu
839 706 1091 777 dirupisti
1123 707 1302 764 fontes
1325 719 1381 765 et
1409 720 1701 766 torrentes.
1740 729 1759 763 ι

361 795 831 862 Quemadmodum
863 799 1010 853 enim
1034 800 1148 869 ipse
1181 816 1277 870 per
1327 799 1588 870 Spiritum
1623 811 1870 858 sanctum

293 891 494 958 gratias
526 881 799 954 infundit,
821 892 894 945 ita
923 892 1162 948 exsiccat
1191 901 1244 947 et
1281 893 1458 948 aufert
1479 909 1716 960 errores,
1735 910 1873 964 quos

295 985 480 1051 utique
511 985 673 1037 etiam
699 983 890 1038 ﬂuvios
921 984 1119 1037 Etham
1146 984 1268 1054 jure
1319 986 1517 1040 merito
1561 987 1871 1056 appellavit.

298 1072 489 1126 Etham
535 1073 679 1126 enim
731 1074 901 1128 rubus
947 1089 1043 1128 seu
1075 1073 1248 1128 sentis
1295 1073 1707 1144 interpretatur,
1770 1075 1872 1131 ista

299 1165 476 1234 planta
503 1174 685 1219 autem
712 1166 768 1220 in
791 1166 976 1222 divina
1002 1165 1283 1237 Scriptura
1303 1175 1526 1236 propter
1549 1167 1724 1222 malos
1754 1166 1872 1222 fru-

298 1266 419 1310 ctus
454 1258 856 1328 perstringitur.

376 1348 537 1402 Vens.
564 1350 647 1403 16.
681 1369 697 1399 ι
741 1349 892 1404 Tuus
915 1358 998 1403 est
1029 1349 1163 1416 dies,
1209 1358 1264 1403 et
1289 1358 1378 1405 tua
1401 1357 1485 1404 est
1505 1364 1634 1403 nox.
1675 1367 1695 1401 ι

375 1440 687 1494 Creatorem
720 1452 984 1494 creaturae
1016 1456 1127 1494 suae
1189 1455 1487 1494 memorem
1522 1440 1722 1506 reddit,
1773 1455 1874 1494 ne-

1977 523 2186 590 ζεσθαι.
2227 522 2452 593 Κεφαλὴ
2496 523 2554 576 δέ
2580 521 2692 575 τῶν
2739 521 2948 591 νοητῶν
2975 521 3286 591 δρακόντων
3314 527 3347 596 ἡ
3381 527 3562 600 ἁμαρ-

1973 631 2086 668 τια.

2051 724 2071 756 ι
2099 706 2169 758 Σὺ
2194 705 2487 777 att-samem;
2522 705 2705 776 πηγὰς
2731 707 2826 762 καὶ
2851 708 3209 781 χειμάρρους.
3251 728 3269 760 ι

2046 798 2261 870 Ὥσπερ
2299 801 2410 870 γὰρ
2446 797 2609 860 αὐτὸς
2665 798 2879 866 ἐνεργεῖ
2916 798 3005 852 διὰ
3043 798 3136 852 τοῦ
3179 798 3341 864 ἁγίου
3386 801 3562 856 Πνεῦ-

1979 907 2148 962 ματος
2171 891 2237 944 τὰ
2275 889 2610 960 χαρίσματα,
2639 887 2783 941 οὕτω
2821 888 3070 958 ξηραίνει
3101 889 3198 943 καὶ
3228 889 3448 961 ἀναιρεῖ
3487 894 3560 946 τὰ

1975 981 2070 1034 τοῦ
2093 981 2319 1044 πλάνου,
2353 980 2496 1050 ἅπερ
2521 979 2584 1048 δὴ
2613 981 2706 1032 καὶ
2735 980 2796 1032 τὸ
2823 980 3104 1050 ποταμοὺς
3129 979 3306 1050 Ἐθὰμ
3335 982 3564 1046 εἰκότως

1974 1072 2445 1142 προσηγόρευσεν.
2473 1070 2653 1140 Ἠθὰμ
2671 1070 2778 1141 γὰρ
2798 1069 2994 1135 ,βάτος
3017 1069 3406 1140 ἑρμηνεύεται.
3434 1071 3563 1125 Ἐπὶ

1977 1162 2204 1232 φαύλοις
2245 1163 2302 1216 δὲ
2341 1160 2499 1215 τοῦτο
2538 1163 2772 1232 καρποῖς
2821 1161 2972 1230 παρὰ
3016 1163 3084 1231 τῇ
3116 1160 3238 1231 θείᾳ
3274 1161 3472 1232 Γραφῇ
3505 1161 3566 1214 τδ

1976 1254 2145 1322 φυτὸν
2173 1253 2544 1308 διαϐάλλεται.

2054 1361 2072 1394 ι
2096 1343 2170 1414 Σή
2191 1344 2339 1395 ἐστιν
2368 1343 2401 1412 ἡ
2432 1340 2636 1413 ήμέρα,
2661 1341 2727 1410 σή
2749 1341 2897 1393 ἐστιν
2941 1341 2976 1410 ἡ
3007 1338 3125 1404 νύξ.
3152 1359 3172 1394 ι

2059 1439 2494 1510 Ἀναμιμνήσκει
2537 1439 2632 1509 τῆς
2661 1436 2856 1491 ἐαυτοῦ
2894 1436 3260 1507 δημιουργίας
3296 1437 3392 1490 τὸν
3449 1437 3569 1492 κτί-

307 1543 576 1598 quaquam
599 1530 818 1599 quidem
846 1530 964 1600 ejus
994 1530 1244 1593 oblitum,
1277 1531 1370 1585 sed
1407 1530 1592 1585 volens
1616 1530 1760 1584 illam
1817 1530 1872 1584 in

1993 1548 2169 1596 ταντα,
2199 1530 2597 1600 ἐκλελησμένον
2641 1529 2738 1600 μὲν
2773 1528 3052 1597 οὐδαμῶς,
3085 1528 3468 1599 ὁμολογεῖσθαι
3509 1530 3567 1584 δὲ

303 1621 554 1675 omnibus
576 1621 844 1684 conﬁteri,
875 1622 1017 1690 quod
1045 1621 1164 1691 ejus
1193 1631 1444 1676 creatura
1476 1621 1569 1683 sit,
1606 1636 1729 1676 cum
1765 1629 1875 1676 tam

1993 1623 2152 1694 ιὺτὴν
2195 1621 2346 1691 παρὰ
2387 1620 2632 1682 πάντων,
2683 1619 2760 1682 ὡς
2807 1618 2974 1673 αὑτοῦ
3015 1619 3223 1690 κτίσμα
3280 1621 3567 1690 τυγχάνει,

303 1710 653 1779 multiplicem
677 1725 742 1765 ac
777 1711 987 1765 varium
1010 1711 1260 1764 ordinem
1283 1711 1505 1776 habeat,
1537 1719 1596 1764 ut
1617 1711 1734 1765 dies
1751 1710 1874 1780 qui-

1984 1713 2330 1785 βουλόμενος,
2384 1711 2588 1781 πολλὴν
2642 1710 2786 1764 οὕτω
2844 1711 2998 1776 τάξιν
3048 1714 3145 1766 καὶ
3209 1713 3562 1783 παντοδαπὴν

303 1803 426 1856 dem
458 1803 603 1857 nocti
635 1803 912 1866 succedat,
938 1803 1111 1858 testati
1130 1818 1260 1858 vero
1287 1818 1383 1857 ver
1412 1802 1586 1866 cedat,
1636 1801 1882 1856 terminis

1993 1773 2235 1876 ἐχουσαν,
2377 1803 2475 1874 τὴν
2502 1773 2601 1873 μέν
2630 1803 2842 1872 ἡμέραν
2869 1773 2941 1873 τῇ
2979 1805 3138 1858 νυκτὶ
3185 1773 3565 1875 παραχωρεῖν,

303 1910 521 1964 quoque
550 1903 692 1948 terra
710 1894 1210 1959 circumscribatur,
1247 1894 1376 1950 licet
1406 1903 1633 1964 propter
1663 1894 1882 1964 magni-

305 1983 549 2038 tudinem
589 1983 835 2038 videatur
875 1984 1161 2040 immensa.
1193 1985 1436 2050 Quorum
1457 1984 1882 2054 unumquodque

308 2076 473 2129 [lcum
519 2075 836 2130 Creatorem
888 2091 1069 2142 suum,
1136 2077 1231 2146 qui
1259 2078 1374 2132 hate
1406 2077 1542 2133 scite
1587 2077 1879 2147 disposuit,

307 2165 646 2220 manifestat.

370 2257 530 2312 Vens.
566 2259 688 2313 l9.c
730 2256 810 2311 Ne
848 2259 1028 2312 tradas
1055 2259 1268 2314 bestiis.
1300 2278 1319 2311 ι

375 2350 649 2419 Pauperes
678 2359 835 2404 vocat
857 2359 1191 2420 peccatores,
1220 2350 1312 2420 qui
1347 2350 1526 2404 nullas
1550 2349 1756 2404 habent
1795 2349 1882 2404 di-

308 2439 468 2493 vitias
505 2439 756 2508 juStitize,
793 2441 888 2494 sed
913 2455 1132 2495 omnem
1186 2450 1466 2511 paternam
1515 2439 1880 2495 substantiam

309 2533 641 2585 devorarunt
672 2533 906 2586 :horum
934 2531 1099 2592 Deus.
1131 2533 1209 2587 uti
1256 2549 1354 2602 par
1371 2542 1473 2597 est,
1506 2533 1709 2588 oblitus
1760 2547 1882 2586 esse

309 2631 549 2690 putatur,
589 2622 718 2675 dum
743 2621 1154 2693 longanimitate
1207 2624 1397 2686 utitur,
1446 2630 1502 2678 et
1552 2622 1880 2694 supplicium

310 2713 550 2783 ipsorum
581 2709 788 2767 diﬂ'ert.

806 2800 1122 2856 PSALMUS
1160 2799 1393 2855 LXXIV.

391 2893 544 2948 Vens.
579 2894 632 2947 2.
659 2912 676 2944 ι
704 2893 1096 2948 Conﬁtebimur
1131 2893 1247 2958 tibi,
1285 2893 1447 2948 Deus.
1474 2912 1493 2944 ι

387 2985 620 3055 Advorte
639 2985 803 3051 clare,
819 2985 964 3054 quod
987 2985 1261 3041 confessio
1279 2985 1498 3054 quidem
1521 2985 1882 3056 plurimorum

1981 1897 2067 1968 τῷ
2117 1896 2266 1968 θέρει
2301 1895 2358 1951 δὲ
2398 1895 2458 1948 τὸ
2497 1894 2594 1966 ἔαρ
2620 1893 3037 1960 ὑπεξίστασθαι,
3059 1896 3207 1965 ὅροις
3250 1896 3570 1966 μετρεῖσθαι

1979 1990 2081 2062 τὴν
2127 1991 2254 2058 γῆν,
2302 1987 2554 2055 καίτοιγε
2590 1985 2679 2039 διὰ
2725 1986 2788 2038 τὸ
2830 1986 3064 2056 μέγεθος
3115 1987 3387 2042 δοκοῦσαν
3440 1989 3571 2059 ἀμέ-

1980 2073 2309 2150 τρητον.Ὦν
2333 2077 2567 2131 ἕκαστον
2597 2078 2942 2148 Δημιουργὸν
2965 2077 3058 2131 τὸν
3081 2077 3237 2144 Θεὸν,
3265 2079 3464 2149 ἐπιστη
3475 2079 3572 2149 μόο

1982 2185 2088 2231 νως
2113 2167 2258 2220 ἀὐτὰ
2298 2165 2712 2234 διαταξάμενον,
2745 2164 3040 2218 δείκνυσιν.

2059 2277 2077 2310 ι
2106 2258 2197 2326 Μὴ
2220 2255 2488 2328 παραδῷς
2514 2257 2626 2318 τοῖς
2653 2254 2886 2326 θηρίοις.
2921 2272 2938 2305 ι

2054 2349 2300 2418 Πένητας
2364 2347 2491 2409 τοὺς
2548 2346 2908 2418 ἁμαρτωλοὺς
2955 2345 3136 2408 καλεῖ.
3189 2346 3318 2410 τοὺς
3369 2347 3576 2417 μηδένα

1983 2437 2208 2493 πλοῦτον
2231 2435 2578 2507 δικαιοσύνης
2606 2436 2850 2506 ἔχοντας,
2885 2438 3065 2490 πᾶσαν
3099 2436 3160 2490 δὲ
3185 2437 3286 2508 τὴν
3312 2438 3576 2509 πατρῴαν

1984 2529 2402 2600 καταφαγόντας
2467 2527 2741 2599 ὓπαρξιν·
2804 2527 3012 2582 τούτων
3071 2529 3101 2582 ό
3156 2528 3291 2594 Θεὸς
3352 2531 3577 2594 εἰκότως

1982 2619 2340 2689 ἐπιλελῆσθαι
2391 2618 2674 2688 νομίζεται
2739 2617 3132 2688 μακροθυμῶν,
3177 2620 3272 2672 καὶ
3329 2620 3424 2690 τὴν
3475 2611 3572 2672 ἐπ’

1983 2713 2166 2774 αὐτοῖς
2202 2710 2356 2780 δίκην
2390 2709 2850 2780 ὑπερτιθέμενος.

2555 2799 2850 2854 ΨΑΛΜΟΣ
2882 2798 3000 2854 03'.

2060 2909 2080 2945 ι
2111 2891 2660 2964 Ἐξομολογησόμεθά
2680 2909 2783 2956 σοι,
2812 2894 2842 2944 ὁ
2871 2892 3026 2956 Θεός.
3061 2911 3079 2946 ι

2009 2969 2017 2978 ’
2057 2991 2305 3061 Πρόσχες
2331 2991 2538 3060 σαφῶς.
2559 2992 2642 3046 ὅτι
2663 2991 2724 3044 se
2752 2990 2851 3061 μὲν
2879 2988 3324 3061 ἐξομολογεῖσθαι
3343 2989 3573 3054 πολλῶν,

311 3076 401 3138 sit,
435 3077 707 3130 enarratio
731 3092 860 3131 vero
888 3076 1219 3131 mirabilium
1253 3077 1370 3141 Dei,
1409 3078 1574 3132 unius
1637 3076 1798 3132 fuerit
1851 3093 1881 3132 e

1993 3080 2117 3134 τὸδὲ
2145 3081 2454 3153 διηγεῖσθαι
2486 3083 2580 3136 σοῦ
2611 3083 2704 3136 τοῦ
2740 3081 2878 3137 Θεοῦ
2924 3084 2993 3137 τὰ
3025 3083 3330 3152 θαυμάσια,
3362 3082 3480 3146 ἐνὸς
3515 3085 3579 3137 ἐκ

313 3166 515 3229 multis,
542 3166 850 3221 conﬁtentis
876 3176 1036 3236 atque
1069 3167 1410 3230 invocantis;
1469 3182 1640 3234 quare
1697 3167 1882 3237 priora
1915 3163 1918 3168 ’

313 3255 529 3322 quidem
561 3256 614 3309 in
648 3271 874 3324 persona
903 3259 1094 3326 plurali
1127 3258 1332 3326 posuit.
1366 3256 1757 3312 Verumtamen
1783 3259 1885 3314 du-

315 3350 508 3418 plicem
564 3349 728 3404 etiam
788 3351 1190 3406 conl‘eSsionem
1250 3351 1364 3405 Deo
1405 3351 1663 3410 oblaturi,
1706 3352 1884 3420 ipsum

317 3443 570 3496 invocare
604 3443 895 3507 debemus;
927 3459 1088 3496 unam
1143 3443 1362 3511 quidem
1411 3442 1613 3505 Verbis,
1661 3444 1888 3500 alteram

315 3551 447 3589 vero
475 3536 734 3604 operibus
757 3536 1084 3590 exhibentes
1110 3554 1122 3589 :
1147 3535 1328 3590 verbis
1351 3535 1569 3604 quidem
1601 3537 1654 3608 in
1680 3537 1888 3591 oratio-

317 3644 406 3690 ne,
462 3629 722 3699 Operibus
777 3645 908 3684 vero
946 3629 1013 3682 ab
1041 3629 1106 3684 iis
1146 3629 1490 3690 recedentes,
1532 3645 1632 3698 pro
1691 3630 1889 3700 quibus

317 3720 558 3775 conﬁteri
589 3735 652 3774 ac
679 3721 949 3788 paenitere
979 3735 1078 3774 nos
1106 3720 1361 3775 dicimus.
1417 3719 1508 3776 Sic
1542 3722 1688 3775 enim
1745 3721 1888 3776 Deus

317 3819 580 3876 nostram,
611 3819 800 3880 utpote
829 3811 1182 3879 mundorum,
1239 3810 1644 3867 invocationem
1692 3813 1887 3868 admit-

319 3907 401 3960 tit.
425 3905 694 3960 Caeterum
729 3914 914 3960 monet
943 3921 1164 3976 quoque
1203 3915 1264 3960 ut
1314 3922 1638 3961 enarremus
1670 3907 1888 3976 propria

317 3998 607 4060 mirabilia,
650 4013 771 4068 quae
830 3999 886 4053 in
930 3998 1228 4070 Scripturis
1285 3999 1550 4056 divinitus
1609 4000 1891 4068 inspiratis

319 4086 692 4140 continentur.

390 4177 548 4232 Vens.
587 4179 639 4230 5.
676 4195 692 4227 ι
723 4176 856 4230 Cum
891 4192 1156 4244 accepero
1197 4186 1433 4246 tempus.
1480 4196 1498 4230 ι

391 4265 630 4334 Tempus
673 4275 828 4320 vocat
869 4262 1146 4319 ’sreculum
1217 4263 1484 4318 futurum.
1529 4265 1690 4322 Nunc
1743 4268 1892 4320 enim

321 4371 430 4408 non
472 4356 636 4410 habet
666 4365 879 4425 tempus
906 4355 1326 4423 nosjudicandi,
1361 4371 1483 4410 cum
1506 4357 1660 4411 multi
1698 4372 1894 4426 pecca-

1993 3171 2206 3225 πολλῶν
2234 3169 2324 3243 ἦν,
2359 3172 2858 3242 ἐξομολογουμένου
2893 3175 2990 3226 καὶ
3016 3173 3474 3242 ἐπικαλουμένου·
3501 3173 3581 3225 διὸ

1992 3269 2342 3340 πληθυντικῷ
2379 3269 2482 3340 μὲν
2518 3268 2799 3339 προσώπῳ
2851 3269 2918 3324 τὰ
2949 3268 3216 3340 πρότερα.
3252 3267 3396 3338 Πλὴν
3446 3267 3582 3321 ἀλλὰ

1993 3362 2087 3414 καὶ
2141 3360 2332 3432 διπλῆν
2380 3361 2769 3432 ἐξομολόγησιν
2823 3360 2901 3430 τῷ
2958 3360 3077 3430 Θεῷ
3135 3360 3470 3432 προσφέρειν
3533 3360 3582 3412 οἱ

1998 3452 2304 3522 μέλλοντες,
2337 3453 2498 3506 αὑτὸν
2556 3451 2934 3506 ἐπικαλεῖσθαι
2984 3449 3288 3522 χρῄζομενο
3334 3452 3433 3519 τὴν
3486 3449 3583 3519 μὲν

1993 3545 2106 3606 τοῖς
2135 3542 2334 3610 λόγοις,
2369 3543 2467 3614 τὴν
2502 3544 2562 3597 δὲ
2593 3546 2706 3605 τοῖς
2735 3543 2941 3614 ἔργοις·
2980 3543 3161 3611 λόγοις
3201 3544 3299 3613 μὲν
3326 3545 3383 3596 ἐν
3416 3559 3583 3611 προσ-

1999 3635 2156 3703 ευχῇ,
2182 3632 2368 3704 ἔργοις
2409 3633 2466 3686 δὲ
2494 3633 2918 3704 ,ἀναχωροῦντες
2975 3635 3200 3687 ἐκείνων
3247 3635 3331 3700 ἐφ’
3362 3627 3442 3695 οἷς
3497 3631 3586 3694 ἐξ·

1995 3725 2376 3797 ομολογεῖσθαι
2411 3729 2513 3780 καὶ
2552 3727 2979 3797 μεταμελεῖσθαι
2995 3726 3251 3796 λέγομεν.
3284 3725 3441 3778 οὕτω
3479 3723 3585 3791 γὰρ

1995 3818 2153 3889 ήμῶν
2169 3819 2197 3871 ό
2213 3818 2368 3881 Θεὸς,
2381 3818 2454 3882 ὡς
2482 3818 2891 3888 καθαρθέντων,
2912 3818 3010 3889 τὴν
3044 3817 3334 3886 ἐπίκλησιν
3350 3816 3582 3885 δέχεται.

2009 3909 2326 3980 Ἐπιτρέπει
2349 3910 2405 3961 δὲ
2432 3911 2528 3963 καὶ
2555 3909 2862 3979 διηγεῖσθαι
2889 3911 2957 3962 τὰ
2972 3910 3147 3963 οἰκεῖα
3163 3909 3462 3977 θαυμάσια,
3488 3907 3586 3961 ὅσα

1996 4001 2117 4062 ταῖς
2146 4001 2389 4072 Γραφαῖς
2417 4002 2535 4063 ταῖς
2565 3999 2948 4064 θεοπνεύστοις
2980 4000 3301 4072 ἐμφέρεται.

2074 4111 2092 4142 ι
2137 4092 2304 4145 Ὅταν
2327 4091 2482 4143 λάῦω
2511 4092 2726 4162 καιρόν.
2765 4110 2783 4141 ι

2071 4182 2174 4234 Τὸν
2211 4183 2402 4253 καιρὸν
2447 4183 2599 4251 λέγει
2649 4182 2741 4236 τὸν
2787 4180 2964 4236 αίῶνα
3011 4179 3103 4232 τὸν
3152 4178 3439 4250 μέλλοντα.
3474 4175 3586 4230 Νῦν

1999 4273 2108 4341 γὰρ
2146 4273 2247 4326 οὐκ
2291 4273 2406 4343 ἔχει
2456 4274 2648 4344 καιρὸν
2681 4273 2838 4344 ἡμῶν
2885 4275 2918 4344 ή
2966 4273 3184 4343 κρίσις,
3236 4271 3446 4324 πολλῶν
3488 4272 3586 4342 μὲν

2002 4364 2364 4434 ἁμαρτωλῶν,
2394 4365 2606 4418 πολλῶν
2635 4366 2692 4420 δὲ
2720 4365 2947 4419 δικαίων
2981 4363 3476 4435 μεταϐαλλομένων
3505 4365 3586 4428 είς

322 4456 469 4500 tores
499 4445 722 4500 etmulti
756 4445 1031 4513 itemjusti
1054 4444 1106 4496 in
1131 4443 1451 4498 alterutrum
1484 4450 1896 4499 convertantur.
1931 4446 1974 4501 D
2007 4454 2257 4526 θάτερον,

397 4535 553 4592 Vens.
586 4537 638 4590 7.
679 4555 697 4587 ι
731 4535 1000 4602 Quoniam
1029 4550 1208 4604 neque
1228 4533 1297 4590 ab
1325 4534 1588 4590 exitibus.
1630 4553 1648 4586 ι

395 4629 528 4691 Hoc,
559 4628 754 4698 inquit,
789 4638 873 4682 est
910 4644 980 4682 ex
1013 4627 1338 4696 probatione
1359 4635 1520 4696 atque
1553 4626 1771 4695 judicio
1800 4624 1896 4680 Dei

326 4719 619 4772 cxaltantis
676 4727 731 4772 et
785 4719 1125 4773 humiliantis
1189 4732 1572 4786 quemcunque
1628 4717 1895 4772 voluerit:

327 4811 583 4866 Dominus
617 4813 764 4866 enim
795 4827 1080 4880 pauperem
1115 4812 1242 4880 facit
1275 4819 1322 4864 et
1357 4811 1514 4874 ditat,
1573 4810 1818 4864 humiliat
1850 4819 1899 4863 et

328 4902 530 4956 exultat
567 4903 649 4968 °°;
689 4918 798 4956 non
839 4910 1022 4955 tamen
1079 4903 1284 4970 absque
1311 4899 1528 4957 ratione
1571 4919 1584 4954 :
1622 4901 1719 4956 sed
1779 4901 1900 4957 illos

327 4997 552 5064 quidem
598 5013 700 5065 per
751 4995 988 5063 divitias,
1053 4996 1177 5051 illos
1215 5012 1346 5052 vero
1380 5011 1478 5066 per
1523 5004 1898 5066 paupertatem

327 5090 631 5160 probantis.

825 5178 1136 5235 PSALMUS
1175 5177 1407 5233 LXXVI.

403 5272 566 5326 Vens.
608 5273 663 5325 5.
711 5292 729 5324 ι
768 5272 1224 5341 Anticipaverunt
1258 5268 1474 5338 vigilias
1530 5268 1672 5323 oculi
1703 5271 1833 5324 mei.
1880 5289 1897 5321 ι

401 5365 679 5434 Optimum
711 5365 776 5419 ad
818 5364 1298 5435 contemplandum
1343 5371 1556 5430 tempus
1587 5370 1671 5416 est
1706 5363 1904 5425 noctis,

331 5469 458 5506 cum
490 5470 598 5507 non
641 5455 710 5509 ad
768 5455 870 5508 alia
901 5456 1158 5510 distrahit
1214 5467 1390 5521 neque
1433 5451 1670 5514 auditus,
1727 5467 1906 5520 neque

337 5544 515 5608 visus,
547 5546 788 5616 'quorum
847 5548 1166 5602 alterutrum
1220 5551 1461 5599 mentem
1488 5543 1553 5598 ad
1607 5558 1665 5599 se
1716 5544 1902 5607 allicit,

413 5718 458 5748 3°
496 5716 512 5767 ι
547 5717 676 5787 ltcg.
707 5736 856 5782 χχιιι,
893 5725 940 5773 7.

2075 4566 2092 4598 ι
2127 4547 2251 4600 Ὅτι
2281 4545 2402 4600 οὔτε
2436 4545 2546 4601 ἀπὺ
2575 4547 2795 4612 ἐξόδων.
2841 4564 2862 4598 ι

2083 4637 2180 4692 Ἐκ
2223 4639 2321 4707 τῆς
2351 4639 2447 4702 τοῦ
2478 4638 2638 4705 Θεοῦ,
2671 4639 2831 4708 φησὶ,
2861 4637 3192 4706 δοκιμασίας
3224 4635 3322 4690 καὶ
3353 4635 3586 4708 κρίσεως

1999 4729 2263 4800 ὐψοῦντος
2304 4731 2399 4783 καὶ
2447 4730 2834 4794 ταπεινοῦντος
2854 4729 2914 4783 ὃν
2932 4729 3180 4798 βούλεται
3201 4745 3215 4760 ο
3240 4728 3456 4796 Κύριος
3479 4727 3588 4795 γὰρ

2001 4817 2270 4888 πτωχίζει
2323 4817 2423 4871 καί
2476 4817 2814 4882 πλουτίζει,
2869 4815 3144 4872 ταπεινοῖ
3181 4815 3280 4870 καὶ
3337 4810 3585 4881 ἀνυψοῇ

2006 4916 2068 4970 οὐ
2097 4914 2201 4985 μὴν
2229 4912 2439 4981 ἀλόγως
2467 4928 2482 4944 ·
2514 4910 2652 4964 ἀλλὰ
2679 4911 2807 4972 τοὺς
2837 4907 2937 4980 μὲν
2969 4907 3058 4960 διὰ
3091 4903 3347 4969 πλούτου,
3379 4903 3505 4966 τοὺς
3531 4900 3589 4953 δὲ

2009 5006 2097 5060 διὰ
2130 5006 2322 5061 πενίαν
2345 5003 2757 5074 δοκιμάζοντος.

2549 5175 2841 5228 “mox
2891 5171 3028 5240 oq'.

2087 5290 2104 5320 ι
2142 5262 2624 5338 Προκατελάϐοντο
2663 5267 2912 5335 φυλακὰς
2955 5268 3004 5320 οξ
3048 5261 3322 5333 ὀφθαλμοί
3365 5276 3490 5330 μου.
3526 5277 3544 5309 ι

2083 5363 2338 5430 ’Ἄριστος
2398 5362 2475 5422 εἰς
2519 5359 2752 5430 θεωρίαν
2791 5361 2819 5411 ὁ
2858 5359 2958 5427 τῆς
2994 5355 3186 5419 νυκτὸς
3218 5351 3409 5422 καιρὸς
3438 5388 3454 5414 ,
3488 5351 3592 5402 οὐκ

2008 5451 2352 5520 ἀφελκούσης
2386 5451 2522 5521 πρὸς
2562 5451 2728 5518 ἔτερα
2763 5449 2888 5502 οὔτε
2932 5449 3032 5518 τῆς
3071 5446 3242 5515 ἀκοῆς
3265 5484 3280 5509 ,
3330 5441 3456 5495 οὔτε
3489 5438 3593 5508 τῆς

2009 5543 2205 5612 ὅψεως,
2240 5536 2314 5597 ὧν
2339 5543 2577 5614 ἑκάτερα
2602 5543 2691 5596 τὸν
2726 5543 2851 5596 νοῦν
2886 5544 2966 5605 εἰς
2993 5539 3163 5611 αὐτὴν
3191 5526 3460 5609 περισπᾷ,
3489 5528 3592 5600 τῆς
