4044 6228
465 289 598 355 1245

1592 290 2059 353 FRAGMENTA
2093 292 2176 354 IN
2220 256 2575 359 PSALMOS.

3566 286 3699 353 1246

460 410 694 481 θεωρίας
754 409 1069 479 ἀφέλκουσα
1090 424 1106 441 ο
1147 407 1207 462 ὲν
1228 407 1406 480 ταύτῃ
1450 408 1639 464 τοίνυν
1665 408 2022 480 ηδολέσχησε,

2135 422 2248 463 eam
2277 409 2601 464 abstrahens
2647 421 2678 461 a
2731 405 3227 477 contemplatione:
3289 403 3345 459 in
3374 403 3479 458 bac
3532 402 3699 473 igitur

465 495 597 567 περὶ
628 497 726 560 τὰς
760 496 1101 569 θεωρητικὰς
1131 497 1377 569 κινήσεις
1398 497 1823 568 ἀσχολούμενος.
1858 496 2031 551 Τοῦτο

459 586 569 656 7&9
614 586 934 657 ἀδολεσχίαν
964 588 1060 642 ἐπὶ
1105 587 1201 642 τοῦ
1224 589 1497 659 παρόντος
1537 588 1796 660 εἰρῆσθαι
1826 589 2033 661 προλα-

462 675 647 740 ϐόντες
685 674 995 748 ἐδείξαμεν.
1034 677 1305 733 "smne
1346 677 1406 732 δὲ
1439 677 1538 732 νῦν
1574 677 1743 733 αὑτοῦ
1769 678 1833 731 τὸ
1862 677 2031 733 πνεῦ-

463 783 575 835 μαο
623 766 940 833 τουτέστιν,
1019 768 1443 840 ἑδυσχεραίνεν,
1489 769 1645 823 οὔπω
1702 769 2032 825 καταλαϐεῖν

463 855 819 925 περὶτούτων
846 856 1169 926 δυνάμενον.
1222 856 1282 912 '0
1320 857 1512 928 παρὼν
1543 857 1686 927 βίος,
1714 857 1782 911 δι’
1807 859 2030 926 ἄγνοιαν

461 947 580 1011 νὺξ,
611 948 671 1002 ἐν
708 941 783 1016 ᾧ,
808 947 999 1019 φησὶν,
1033 949 1134 1018 οὐχ
1164 947 1318 1019 ὕπνῳ
1358 948 1657 1018 παρέδωκα
1686 949 1808 1003 κατ’
1834 948 2031 1012 ἄλλους

459 1038 615 1102 τινὰς
666 1039 902 1109 ἐμαυτὸν
941 1040 1034 1110 (οι
1060 1038 1171 1107 γὰρ
1203 1038 1620 1106 καθεύδοντες,
1638 1038 1860 1105 νυκτὸς
1886 1043 2030 1095 καθ-

459 1126 709 1183 εύδουσι
730 1145 743 1158 ⁸
774 1129 874 1183 καὶ
908 1132 964 1183 οι
997 1129 1441 1198 μεθυσκόμενοι
1461 1168 1475 1194 ,
1517 1131 1740 1196 νυκτὸς
1767 1131 2030 1199 μεθύου-

458 1217 584 1288 σιν)
606 1234 621 1250 ο
657 1218 842 1288 νήφων
874 1218 931 1270 δὲ
965 1218 1105 1289 μετὰ
1133 1216 1226 1271 τοῦ
1257 1218 1423 1289 νόμου
1456 1219 1587 1290 περὶ
1610 1220 1720 1273 τῶν
1743 1221 2031 1289 πρακτέων

459 1306 802 1376 διελεγόμην.
851 1306 1170 1378 Πρόσκαιρα
1197 1307 1307 1378 γὰρ
1343 1302 1484 1361 εἶναι
1527 1309 1594 1362 τὰ
1634 1309 1878 1378 παρόντα
1901 1326 2023 1378 ’μα-

461 1395 589 1460 θὼν,
636 1396 733 1449 καὶ
766 1396 917 1459 τέλος
968 1396 1130 1463 ἕξειν,
1168 1398 1472 1452 κατέλαϐον
1514 1399 1583 1453 τὰ
1625 1398 2032 1471 περιεστηκότα

459 1488 631 1543 δεινά.
668 1490 995 1560 Γεωργικῶς
1024 1490 1081 1543 δὲ
1104 1491 1165 1544 τὸ
1196 1493 1329 1561 ἐμὸν
1357 1492 1652 1546 ὲσκὰλευον
1680 1493 1921 1562 πνεῦμα,
1942 1493 2029 1546 ἵνα

461 1577 693 1647 σπείρας
721 1580 780 1630 ὲν
803 1577 956 1646 αὐτῷ
985 1578 1189 1649 θερίσω
1212 1578 1358 1651 ζωὴν
1385 1579 1625 1635 αἰώνιον.
1669 1582 1728 1634 '0
1762 1582 2030 1650 σπείρων

457 1669 569 1737 γὰρ
609 1670 697 1734 εὶς
742 1669 809 1722 τὸ
855 1670 1113 1739 πνεῦμα,
1156 1673 1225 1726 ἐκ
1269 1673 1377 1727 τοῦ
1422 1674 1763 1743 πνεύματος
1806 1676 2030 1744 θερίσει

457 1754 612 1824 ζωὴν
667 1753 930 1814 αἰώνιον.
997 1761 1278 1832 Ἀνωτέρω
1336 1762 1438 1833 μὲν
1473 1741 1585 1819 οὖν-
1610 1764 1828 1836 πνεῦμα
1867 1741 2027 1835 έλεγε
2058 1741 2102 1797 Β

455 1847 555 1913 τὴν
578 1847 758 1918 ψυχήν
778 1865 793 1878 ⁸
824 1850 1064 1905 ἐνταῦθα
1091 1851 1149 1905 δὲ
1180 1853 1244 1906 τὸ
1273 1853 1493 1922 πνεῦμα
1523 1854 1620 1909 τοῦ
1645 1855 1937 1925 ἀνθρώπου
1970 1857 2031 1911 τὺ

456 1938 515 1991 έν
544 1939 714 2009 αὐτῷ,
753 1941 874 2011 μεθ’
911 1934 974 1996 οὗ
1019 1946 1055 2014 ἡ
1084 1944 1232 2014 ψυχὴ
1270 1947 1490 2000 σκάλλει
1519 1965 1580 2000 τε
1613 1949 1712 2002 καὶ
1731 1948 2029 2019 ἀδολεσχῶ

456 2029 516 2079 οὐ
568 2028 678 2098 γὰρ
723 2030 900 2100 δήπου
938 2031 1002 2085 τὸ
1044 2032 1204 2103 σῶμα
1244 2035 1383 2104 μετὰ
1414 2037 1515 2106 τῆς
1564 2037 1766 2109 ψυχῆς.
1817 2039 1882 2092 Ἡ
1938 2039 2033 2093 οὖν

458 2120 665 2187 κυρίως
702 2121 991 2193 ανθρώπου
1024 2125 1172 2197 ψυχὴ
1206 2127 1489 2199 ἀδολεσχετ
1517 2129 1658 2200 μετὰ
1680 2130 1776 2184 τοῦ
1799 2132 1913 2198 νοῦ,
1938 2132 2035 2186 καὶ

460 2209 681 2264 σκάλλει
708 2212 773 2265 τὸ
804 2212 1024 2284 πνεῦμα
1049 2216 1486 2286 συνεζευγμένον
1524 2217 1602 2288 τῷ
1641 2217 1736 2290 νῷ.
1769 2221 2034 2288 Προσεύ-

457 2301 635 2369 ξομαι
682 2304 791 2376 γὰρ
835 2304 917 2371 τῷ
956 2307 1276 2377 πνεύματι,
1324 2310 1737 2379 προσεύξομαι
1801 2311 1902 2366 καὶ
1953 2311 2035 2380 τῷ

458 2394 585 2445 νοῐ.·

533 2502 554 2536 ι
582 2484 732 2557 Δῦτη
764 2488 797 2558 ἡ
830 2487 1120 2552 ἀλλοίωσις
1142 2490 1243 2559 τῆς
1268 2490 1449 2557 δεξιᾶς
1469 2490 1567 2545 τοῦ
1610 2492 1892 2562 ’λ’ψίστου.
1916 2512 1936 2545 ι

551 2578 616 2631 Ἥ
651 2578 804 2644 δεξιὰ
854 2580 911 2633 δὲ
955 2580 1049 2634 τοῦ
1101 2582 1314 2659 Πατρδς
1347 2584 1377 2635 ὁ
1404 2583 1714 2655 Μονογενὴς
1753 2584 2031 2655 ἄντικρυς,

458 2669 646 2742 ὥσπερ
676 2674 755 2735 εἰς
787 2673 848 2726 τὸ
872 2677 1122 2745 κρεῖττον
1152 2678 1302 2746 ἡμᾶς
1331 2676 1659 2745 ἠλλοίωσεν.

534 2781 553 2814 ι
597 2765 909 2836 Ἐμνήσθην
937 2765 1048 2820 τῶν
1077 2766 1253 2838 ἔργων
1287 2767 1519 2838 Κυρίου.
1551 2787 1569 2820 ι

529 2857 824 2926 Θαυμάσια
871 2857 965 2912 τοῦ
1016 2858 1154 2912 Θεοῦ
1201 2859 1300 2929 μὲν
1332 2858 1505 2913 πολλὰ
1545 2859 1676 2929 περὶ
1714 2860 1813 2929 τὴν
1858 2860 2038 2914 κτίσιν

459 2948 556 3002 καὶ
581 2949 747 3019 ἕτερα
764 2965 779 2980 ’
807 2949 1091 3021 ἐξαίρετον
1112 2951 1191 3019 δὲ,
1219 2952 1323 3019 ὅτι,
1341 2952 1470 3023 χοῦν
1495 2951 1698 3015 λαϐὼν,
1724 2951 1861 3016 ζῶον
1885 2951 2037 3004 ἔθετο

2131 498 2492 564 exercitabar,
2524 498 2720 554 anxius
2747 498 2893 553 circa
2923 495 3378 567 contemplativas
3406 495 3693 550 motiones.

2130 589 2246 645 Hoc
2270 590 2417 644 enim
2442 589 2498 642 in
2516 588 2930 658 praesentiarum
2959 588 3407 643 exercitationem
3438 583 3699 657 appellari

2129 680 2384 751 superius
2408 679 2771 734 ostendimus.
2825 678 2980 733 Nunc
3004 686 3188 733 autem
3237 679 3487 745 spiritum
3537 689 3697 731 suum

2130 770 2414 841 scopcbat,
2441 785 2540 824 seu
2573 769 2873 825 sarriebat:
2900 770 2952 824 id
2984 759 3087 835 est,
3124 784 3272 840 aegre
3298 768 3527 831 ferebat,
3554 764 3697 836 quod

2128 862 2365 918 necdum
2386 862 2505 916 haec
2548 861 2844 930 concipere
2873 860 3100 915 valeret.
3141 861 3388 915 Praesens
3423 859 3540 912 haec
3587 857 3697 909 vita

2128 940 2353 1025 propter
2391 951 2759 1024 ignorantiam
2788 967 2896 1006 nox
2921 958 3025 1015 est,
3053 951 3108 1005 in
3150 966 3280 1021 qua,
3332 950 3529 1020 inquit,
3558 961 3695 1008 non,

2129 1051 2192 1096 ut
2221 1042 2389 1111 aliqui
2425 1042 2537 1106 alii,
2571 1055 2765 1096 somno
2815 1056 2902 1096 me
2964 1042 3160 1095 tradidi
3227 1039 3350 1109 (Qui
3403 1040 3541 1093 enim
3573 1043 3699 1091 dor-

2129 1135 2319 1194 miunt,
2347 1143 2494 1186 nocte
2522 1133 2826 1196 dormiunt;
2856 1139 2905 1186 et
2936 1133 3027 1203 qui
3057 1133 3186 1186 ebrii
3213 1141 3355 1195 sunt,
3389 1138 3535 1183 nocte
3571 1127 3700 1181 ebrii

2129 1221 2370 1291 sunt“);
2406 1222 2503 1277 sed
2557 1223 2778 1276 sobrius
2829 1237 2954 1277 cum
3001 1222 3122 1293 lege
3151 1222 3219 1276 de
3268 1221 3430 1275 rebus
3480 1215 3701 1291 agendis

2129 1312 2487 1368 disserebam.
2521 1311 2655 1366 Cum
2696 1313 2842 1366 enim
2881 1312 3173 1382 praesentia
3197 1310 3528 1365 didicissem
3580 1320 3703 1361 esse

2132 1405 2457 1475 temporaria
2483 1414 2539 1459 et
2564 1405 2727 1458 tinem
2783 1404 3059 1468 habitura,
3104 1401 3363 1458 instantia
3392 1399 3535 1453 mala
3581 1412 3704 1452 sus-

2130 1498 2270 1568 cepi.
2292 1498 2377 1551 Ad
2409 1497 2632 1551 modum
2657 1504 2839 1549 autem
2872 1494 3217 1564 agriculturae
3246 1491 3497 1561 spiritum
3521 1503 3704 1542 meum

2131 1590 2449 1653 sarriebam,
2471 1596 2533 1643 ut
2566 1588 2623 1641 in
2651 1602 2717 1641 eo
2750 1585 3029 1640 seminans
3057 1591 3323 1636 meterem
3351 1580 3518 1633 vitam
3546 1586 3705 1631 atter-

2136 1697 2284 1741 ηοω.
2316 1680 2450 1737 Nam
2480 1681 2570 1750 qui
2602 1680 2829 1734 seminat
2872 1677 2930 1729 in
2964 1675 3176 1745 spiritu,
3207 1672 3271 1726 de
3318 1671 3508 1739 spiritu
3550 1676 3706 1722 metet

2133 1774 2298 1827 vitam
2363 1769 2707 1826 retentam".
2780 1765 3046 1836 Superius
3115 1762 3384 1833 siquidem
3454 1758 3705 1828 spiritum

2134 1863 2350 1920 vocavit
2381 1862 2660 1927 animam;
2692 1860 2784 1915 hic
2813 1867 2993 1913 autem
3021 1856 3272 1927 spiritum
3332 1851 3572 1908 hominis
3612 1849 3705 1919 qui

2133 1956 2190 2011 in
2224 1955 2343 2025 ipso
2374 1960 2478 2017 est,
2510 1966 2635 2007 cum
2663 1965 2773 2014 quo
2800 1949 2982 2003 anima
3025 1946 3201 2016 scopit
3224 1959 3321 1998 seu
3369 1941 3506 1997 fodit
3548 1947 3605 1995 et
3646 1953 3708 1993 se

2132 2055 2352 2102 exercet
2392 2045 2524 2115 (non
2557 2044 2703 2099 enim
2757 2057 2958 2111 corpus
2997 2053 3123 2096 cum
3152 2037 3332 2092 anima
3382 2035 3487 2090 hoc
3529 2027 3707 2100 facit).

2133 2136 2360 2208 Proprie
2412 2135 2578 2207 igitur
2643 2135 2828 2188 anima
2879 2130 3115 2187 hominis
3181 2133 3401 2184 exercet
3468 2137 3527 2180 se
3581 2136 3707 2176 cum

2134 2237 2336 2294 mente,
2362 2236 2419 2282 et
2440 2224 2870 2296 sarritspiritum
2898 2221 3070 2277 menti
3104 2219 3481 2291 coniunctum.
3536 2211 3731 2281 0rabo_

2134 2320 2282 2376 enim
2317 2320 2531 2388 spiritu,
2573 2317 2734 2371 orabo
2760 2324 2811 2371 et
2838 2312 3089 2369 mente”.

2205 2495 2372 2550 Vsus.
2406 2495 2494 2549 ll.
2536 2511 2556 2544 ι
2591 2491 2717 2546 Haec
2744 2489 2978 2546 mutatio
3007 2487 3247 2542 dexterae
3264 2481 3498 2540 Excelsi.
3535 2499 3554 2533 ι

2205 2586 2439 2640 Dextera
2476 2595 2662 2639 autem
2718 2580 2892 2635 Patris
2927 2587 3012 2634 est
3041 2576 3387 2647 Unigenitus,
3432 2572 3523 2643 qui
3553 2568 3707 2642 quasi

2137 2693 2171 2734 ο
2208 2678 2427 2733 diverso
2451 2689 2555 2730 nos
2588 2673 2645 2727 in
2673 2672 2870 2727 melius
2903 2670 3231 2724 immutavit.

2206 2768 2369 2824 Vsus.
2410 2768 2494 2821 12.
2528 2785 2547 2817 ε
2581 2765 2787 2820 Memor
2811 2763 2887 2818 fui
2919 2777 3149 2832 operum
3174 2758 3407 2814 Domini.
3450 2774 3470 2809 ι

2210 2859 2372 2914 Multa
2401 2857 2621 2928 quidem
2649 2864 2702 2910 et
2734 2854 2882 2909 varia
2932 2853 3028 2907 Dei
3066 2849 3336 2905 mirabilia
3365 2848 3513 2902 circa
3558 2860 3713 2900 crea-

2140 2951 2342 3006 tionem
2372 2947 2726 3009 acciderunt;
2757 2945 2849 3000 sed
2890 2944 2996 2997 hoc
3022 2941 3305 3005 eximium,
3338 2937 3712 3009 quod,pulve-

457 3038 697 3107 λογικὸν,
720 3040 815 3093 καὶ
851 3041 1061 3095 οἰκείαν
1091 3044 1276 3097 εἰκόνα
1323 3044 1647 3113 κατέστησε.
1686 3044 1872 3097 Ταῦτα
1903 3044 2033 3113 περὶ

2138 3057 2252 3096 rem
2299 3038 2596 3108 accipiens,
2654 3035 2860 3089 animal
2934 3032 3195 3088 rationale
3260 3029 3591 3092 condiderit,
3657 3034 3714 3081 et

458 3132 607 3202 ἡμᾶς
653 3134 751 3187 ἀπ’
799 3134 974 3204 ἀρχῆς
1012 3134 1108 3189 τοῦ
1148 3135 1286 3190 Θεοῦ
1340 3136 1640 3207 θαυμάσια,
1690 3136 1836 3207 ἅπερ
1874 3135 2032 3206 ἡμῶν

455 3223 618 3295 χάριν
652 3225 949 3295 εἰργάσατο
971 3242 984 3258 ο
1021 3226 1279 3295 φαίνεται
1308 3227 1417 3299 γὰρ
1469 3228 1798 3299 παράδεισον
1832 3228 2034 3297 φυτεύ-

461 3333 579 3381 σας,
618 3310 741 3369 εἶτα
787 3317 952 3370 πάλιν
989 3317 1342 3382 ἀποκλείσας,
1391 3317 1778 3389 κατακλυσμὸν
1825 3322 2034 3388 ὲπαγαυ

461 3408 594 3476 γὼν,
628 3409 697 3461 δι’
727 3404 788 3464 οὗ
811 3410 907 3463 καὶ
934 3414 1283 3483 τιμωρεῖται,
1320 3410 1415 3464 καὶ
1452 3410 1638 3476 σώζει,
1673 3411 1736 3465 τὸ
1759 3411 2034 3482 ἡμέτερον

457 3500 688 3570 φύραμα
712 3501 951 3571 συγχέας
972 3502 1081 3555 τῶν
1120 3502 1603 3574 πυργοποιούντων
1631 3503 1728 3567 τὰς
1758 3503 2030 3572 γλώσσας.

470 3592 630 3644 Ἀλλὰ
666 3594 764 3645 καὶ
802 3593 871 3647 δι’
902 3594 1050 3662 ἡμᾶς
1085 3594 1354 3661 φαίνεται,
1379 3594 1473 3645 ἐπὶ
1493 3593 1571 3663 τῷ
1608 3593 1824 3664 φυσικῷ
1854 3595 2031 3664 νόμῳ,

458 3682 626 3751 νόμον
656 3682 899 3751 γραπτὸν
938 3682 1134 3751 εὑρὼν,
1172 3684 1266 3736 ἐπὶ
1315 3684 1493 3753 τούτῳ
1534 3684 1633 3754 τὴν
1671 3687 2029 3755 προφητείαν.

469 3771 906 3841 Ἐπιτηδεύματα
950 3772 1061 3842 γὰρ
1095 3771 1270 3826 ταῦτα
1321 3772 1416 3825 τοῦ
1459 3774 1635 3837 Θεοῦ,
1695 3774 1867 3827 σῶσαι
1926 3793 2032 3845 μη-

456 3861 772 3933 χανωμένου
804 3863 864 3915 τὸ
903 3863 1059 3931 γένος
1089 3863 1151 3917 τὸ
1182 3863 1490 3934 ἡμέτερον·
1535 3864 1596 3917 ὲν
1629 3857 1712 3928 οἷς
1760 3866 1789 3917 ὁ
1824 3866 2034 3934 προφή-

457 3970 556 4024 της
579 3954 878 4025 ἁδολεσχεῖ,
907 3956 964 4007 ὲν
986 3954 1199 4019 τούτοις
1227 3954 1409 4024 ζητῶν
1450 3956 1546 4009 ἐπὶ
1579 3956 1715 4010 πολὺ
1755 3958 1849 4011 καὶ
1882 3956 2033 4024 λογιο

460 4043 716 4113 ξάμενος,
761 4043 817 4097 τί
846 4042 1011 4108 σώζει
1068 4043 1176 4097 τῶν
1226 4044 1534 4115 εἰρημένων
1572 4045 1665 4098 τὸν
1719 4046 2028 4118 ἄνθρωπον.

460 4133 689 4204 Ἕτερον
735 4134 795 4189 δὲ
839 4137 992 4208 παρά
1017 4134 1195 4189 ταῦτα
1244 4135 1443 4208 εὑρὼν,
1501 4137 1707 4201 εὐθέως
1747 4138 1907 4193 τοῦτο
1929 4141 2032 4194 ἐπ-

460 4228 688 4297 ήγαγεν·

534 4339 555 4373 ι
594 4319 691 4384 Τίς
733 4319 906 4391 μέγας
927 4319 1002 4383 ὡς
1027 4321 1055 4374 ὁ
1084 4319 1217 4383 Θεὸς
1239 4318 1420 4390 ἡμῶν;
1455 4339 1474 4370 ι

2138 3130 2417 3201 propriam
2482 3126 2773 3198 imaginem
2834 3122 3207 3201 constituerit.
3263 3120 3391 3176 Haec
3462 3127 3592 3175 sunt
3644 3118 3714 3170 ab

2140 3224 2295 3279 initio
2340 3220 2437 3276 Dei
2487 3220 2633 3274 circa
2671 3232 2771 3272 nos
2817 3196 3119 3279 mirabilia,
3168 3229 3290 3284 qua).
3321 3212 3500 3268 nostri
3547 3223 3715 3266 causa

2141 3323 2404 3388 cperatus
2446 3311 2586 3367 fuit:
2612 3317 2842 3381 apparet
2876 3308 3022 3362 enim
3051 3308 3366 3377 paradisum
3414 3304 3712 3373 plantasse,

2139 3406 2336 3464 deinde
2365 3403 2564 3458 iterum
2592 3400 2950 3466 destruxisse,
2980 3399 3250 3455 diluvium
3289 3396 3576 3456 inducens.
3617 3409 3716 3465 per

2138 3497 2286 3568 quod
2315 3509 2552 3551 massam
2606 3502 2848 3548 nostram
2888 3500 2944 3547 et
2977 3492 3136 3561 punit
3158 3498 3214 3543 et
3239 3496 3436 3552 servat,
3478 3486 3711 3541 confun-

2141 3590 2278 3644 dens
2300 3588 2514 3658 linguas
2540 3583 2863 3639 turriﬂcum.
2893 3580 3162 3635 Caeterum
3188 3587 3410 3649 propter
3441 3591 3543 3631 nos
3575 3590 3711 3644 quo-

2139 3695 2247 3749 que
2305 3678 2544 3739 videtur,
2597 3683 2794 3744 praeter
2848 3673 3025 3742 legem
3071 3669 3402 3731 naturalem,
3451 3667 3711 3735 scriptam

2140 3766 2316 3836 legem
2345 3761 2722 3827 adinveniss'e,
2750 3769 2805 3814 et
2834 3768 2955 3829 post
2995 3759 3155 3820 hanc,
3189 3756 3554 3827 prophetiam.
3588 3753 3716 3810 Haec

2140 3854 2287 3909 enim
2316 3859 2445 3907 sunt
2464 3866 2629 3920 Opera
2654 3848 2774 3914 Dei,
2806 3861 2979 3918 genus
3015 3854 3266 3900 nostrum
3309 3859 3528 3899 servare
3569 3852 3715 3898 sata-

2140 3945 2349 4014 gentis:
2373 3943 2431 3996 in
2471 3941 2669 4012 quibus
2693 3928 2969 4012 propheta.
2993 3939 3348 4004 exercitatur,
3401 3954 3501 3993 seu
3537 3938 3715 3992 medi-

2142 4043 2307 4098 tatur,
2338 4033 2455 4088 hmc
2478 4031 2760 4101 inquirens
2788 4038 2845 4086 et
2873 4029 3201 4100 reengitans,
3234 4029 3367 4100 quid
3424 4045 3490 4084 ex
3520 4027 3718 4099 praedi-

2140 4127 2247 4184 ctis
2277 4125 2553 4181 hominem
2579 4129 2782 4179 servet.
2805 4122 2941 4178 Cum
2970 4130 3152 4177 autem
3175 4133 3375 4192 praeter
3426 4122 3544 4177 h:cc
3571 4120 3716 4175 aliud

2136 4219 2344 4292 aliquid
2376 4216 2690 4288 reperisset,
2710 4216 2892 4272 statim
2924 4214 3059 4270 illud
3084 4213 3369 4283 subiunxit
3393 4231 3409 4268 :

2206 4311 2372 4368 Vsus.
2402 4311 2490 4365 M.
2518 4329 2537 4362 ι
2567 4308 2703 4375 Quis
2741 4322 2971 4378 magnus
3004 4307 3148 4362 sicut
3175 4305 3316 4361 Deus
3340 4304 3565 4361 noster?
3592 4322 3610 4354 ι

526 4411 602 4465 Οὐ
641 4413 954 4483 συγκρίνων
991 4411 1137 4479 λέγει
1183 4411 1496 4483 (σύγκρισιν
1527 4411 1636 4483 γὰρ
1677 4412 2030 4488 ιξδιπειρομε⁴

2205 4404 2326 4462 Non
2360 4402 2728 4473 comparando
2756 4401 2874 4456 haec
2903 4399 3036 4454 dicit
3056 4398 3349 4469 (siquidem
3395 4397 3441 4451 is
3464 4397 3557 4466 qui
3593 4396 3719 4449 inli-

459 4499 625 4569 γέθης
670 4502 771 4555 οὐκ
825 4501 1182 4572 ἐπιδέχεται),
1238 4502 1425 4571 ὑμνῶν
1455 4503 1510 4555 δὲ
1565 4503 1661 4556 καὶ
1700 4502 2034 4572 Θαυμάζωνο

460 4590 646 4663 ἐπειδὴ
690 4592 864 4662 μέγας
908 4592 1010 4663 μὲν
1054 4592 1223 4655 ὅντως
1257 4596 1351 4647 καὶ
1399 4593 1498 4665 τὴν
1546 4596 1733 4664 ἰσχὺν,
1778 4594 1953 4665 μέγας
1984 4592 2040 4649 δὲ

461 4684 557 4737 καὶ
611 4683 712 4755 τὴν
773 4683 1223 4753 συγκατάϐασιν,
1286 4683 1463 4753 μέγας
1527 4685 1621 4738 διὰ
1674 4686 2037 4750 δυναστείαν,

463 4770 637 4841 μέγας
684 4770 773 4826 διὰ
812 4772 912 4841 τὴν
949 4770 1398 4842 φιλανθρωπίαν,
1436 4771 1512 4837 ὡς
1547 4772 1788 4827 δείκνυσι
1831 4772 1902 4828 τὰ
1945 4776 2044 4827 ἐπ-

462 4861 733 4934 αγόμενα.

537 4973 556 5006 ‹
603 4943 907 5025 Ὧδήγησας
930 4953 1009 5017 ὡς
1041 4953 1296 5024 πρόϐατα
1322 4956 1416 5010 τὸν
1444 4957 1593 5011 λαόν.
1632 4975 1652 5008 ι

533 5051 609 5103 Οὐ
648 5050 826 5121 μάτην
852 5049 1088 5117 ἐνταῦθα
1116 5053 1183 5123 τῇ
1210 5054 1382 5105 εικόνι
1408 5052 1518 5106 τῶν
1553 5053 1844 5124 προϐάτων
1877 5053 2036 5124 ἐχρή-

462 5157 626 5195 σατοο
661 5142 776 5196 ἀλλ’
816 5143 1005 5213 ἐπειδὴ
1048 5141 1229 5214 ῥάϐδῳ
1269 5143 1443 5197 ταῦτα
1476 5144 1583 5198 ὑπὸ
1615 5143 1724 5198 τῶν
1755 5143 2035 5213 ποιμένων

459 5228 764 5296 εὐθύνεται,
791 5231 980 5303 ὥσπερ
1003 5233 1100 5286 καὶ
1132 5234 1292 5303 ἡμεῖς
1326 5232 1405 5303 τῷ
1451 5233 1674 5304 σταυρῷ
1710 5233 1865 5305 παρὰ
1891 5216 2050 5303 Χριί

460 5320 586 5375 στοῦ
616 5323 1035 5392 ποιμαινόμεθα.
1086 5323 1249 5379 Ὅθεν
1284 5326 1377 5379 καὶ
1404 5323 1500 5377 τοῦ
1543 5324 1812 5389 Μωσέως,
1857 5324 1937 5378 ἔτι
1976 5325 2034 5379 δὲ

2136 4496 2267 4551 niue
2293 4492 2682 4564 magnitudinis
2712 4499 2796 4546 est
2811 4488 3281 4559 comparationem
3299 4502 3411 4541 non
3434 4482 3717 4553 admittit),

2138 4587 2236 4642 sed
2294 4584 2606 4649 laudando,
2671 4591 2728 4638 et
2778 4580 3145 4637 admirando:
3210 4578 3469 4649 quoniam
3528 4592 3719 4632 revera

2138 4692 2368 4747 magnus
2387 4674 2613 4746 quidem
2639 4680 2726 4727 est
2755 4679 2851 4742 per
2882 4669 3284 4732 fortitudinem,
3330 4683 3563 4734 magnus
3588 4682 3719 4723 vero

2139 4770 2303 4825 etiam
2327 4782 2424 4838 per
2455 4762 3006 4826 condescensionem,
3030 4775 3258 4832 magnus
3289 4774 3386 4831 per
3412 4757 3723 4830 benignita-

2143 4870 2274 4926 tem,
2316 4860 2461 4914 sicut
2476 4857 2760 4926 sequentia
2782 4855 3085 4910 declarant.

2214 4952 2376 5006 νεεδ.
2408 4952 2493 5006 Η.
2538 4969 2557 5003 ι
2598 4949 2880 5005 Deduxisti
2907 4948 3051 5004 sicut
3071 4962 3203 5003 oves
3233 4946 3514 5017 populum.
3552 4962 3571 4995 ι

2222 5037 2341 5093 Non
2372 5046 2575 5092 temere
2599 5036 2688 5092 hic
2720 5051 2852 5091 usus
2880 5043 2965 5090 cst
2986 5034 3159 5106 ﬁgura
3200 5032 3418 5094 ovium,
3466 5029 3562 5084 sed
3591 5027 3717 5098 quia

2142 5133 2260 5189 istae
2290 5147 2319 5186 a
2345 5132 2660 5202 pastoribus
2699 5130 2846 5201 virga
2870 5129 3202 5200 diriguntur,
3233 5126 3377 5201 sicut
3420 5120 3584 5177 etiam
3613 5136 3715 5176 nos

2142 5240 2303 5282 cruce
2331 5240 2362 5279 a
2384 5223 2606 5280 Christo
2635 5225 2931 5294 pascimur.
2963 5221 3121 5278 Unde
3160 5219 3326 5273 etiam
3350 5216 3532 5271 adhuc
3564 5212 3715 5283 Moy-

2140 5320 2236 5381 sis,
2264 5318 2395 5388 quin
2429 5327 2485 5372 et
2521 5317 2751 5372 Aaronis
2801 5314 3138 5371 mentionem
3180 5310 3332 5374 fecit,
3390 5307 3483 5377 qui
3533 5305 3713 5361 crucis

462 5412 554 5465 καὶ
598 5412 691 5465 τοῦ
756 5412 968 5482 Ἀαρὼν
1016 5414 1447 5486 ἐμνημόνευσεν,
1477 5416 1675 5477 οἵτινες
1709 5415 1882 5469 τύπον
1930 5415 2027 5469 τοῦ

2138 5411 2363 5479 ﬁguram
2416 5410 2703 5481 gestabant
2751 5409 2989 5478 virgam,
3048 5414 3130 5461 tot
3179 5402 3570 5460 miraculorum
3646 5397 3704 5453 in

464 5503 695 5577 σταυροῦ
725 5504 921 5578 ῥάϐδον
950 5506 1225 5577 ἐκόμιζον,
1250 5508 1359 5562 τῶν
1393 5510 1451 5561 έν
1474 5507 1736 5579 Αἰγύπτῳ
1768 5509 1861 5562 καὶ
1885 5508 2029 5564 κατὰ

2135 5502 2368 5574 Εεγριο
2397 5510 2456 5559 et
2504 5502 2560 5558 in
2598 5502 2820 5557 deserto
2843 5498 3185 5570 genitricem.
3233 5492 3705 5563 Quemadmodum

536 5717 583 5748 "
608 5715 628 5771 l
656 5714 849 5771 Thess.
879 5733 931 5776 ν.
968 5719 1019 5771 7.
1096 5717 1141 5748 ⁸³
1171 5716 1344 5773 Galat.
1373 5734 1445 5785 γι,
1474 5719 1525 5773 8.
1601 5719 1647 5752 ⁸³
1677 5720 1722 5775 ll
1760 5719 1885 5776 Cor.
1917 5720 2135 5790 x1v,15.
