4044 6228
295 364 431 429 19.47
594 356 601 363 ’
1482 366 1846 426 HESYCZiII
1887 368 2362 428 PRESBYTERI
3412 368 3549 435 1248

292 477 435 532 enim
472 473 545 527 illi
571 472 715 541 virga
748 468 1095 524 inimicorum
1125 469 1181 521 in
1235 468 1457 522 lsraelis
1503 469 1849 536 beneﬁcium1

1961 475 2059 543 τὴν
2113 472 2320 543 ἔρημον
2383 472 2670 544 ἐγκύμονα
2708 468 3036 545 θαυμάτων.
3102 474 3372 548 Καθάπερ
3435 482 3549 552 γὰρ

292 586 374 624 sic
409 569 572 621 etiam
604 563 855 616 Christus
887 575 1053 616 cruce
1107 569 1297 615 contra
1341 559 1619 616 daemones
1647 562 1715 617 ad
1766 576 1893 616 nov

290 667 457 712 stram
480 652 897 709 conversionem
927 667 1062 706 usus
1081 656 1185 707 est.

767 931 1084 989 PSALMUS
1123 932 1381 989 LXXVII.

366 1017 524 1075 Vsus.
558 1020 611 1074 5.
658 1041 676 1073 ι
709 1022 778 1076 Ει
801 1022 1478 1078 suscitavittestimonium
1526 1023 1580 1078 in
1611 1023 1799 1080 Jacob.
1840 1044 1860 1076 ι

362 1110 758 1166 Testimonium
783 1113 1113 1181 appellatum
1136 1112 1241 1167 fuit
1272 1113 1680 1168 tabernaculum
1715 1114 1866 1169 testi-

292 1199 487 1264 monii,
520 1198 576 1252 in
609 1214 719 1269 quo
748 1199 988 1269 reposita
1031 1209 1148 1255 erat
1187 1202 1311 1256 arca
1349 1204 1678 1266 testamenti,
1712 1211 1768 1257 et
1808 1204 1864 1258 in

293 1304 420 1344 arca
447 1289 554 1356 lex,
592 1299 649 1345 et
671 1292 989 1356 Cherubim,
1020 1301 1074 1346 et
1098 1294 1557 1363 propitiatorium,
1587 1306 1642 1350 et
1664 1297 1891 1351 cande-'

295 1379 465 1446 labra,
499 1390 554 1435 et
582 1395 790 1447 mensa,
815 1391 870 1436 et
898 1383 1197 1452 propositio
1220 1399 1443 1453 panum.

366 1474 533 1528 Vens.
563 1474 617 1528 6.
652 1492 671 1526 ι
707 1475 778 1530 Ut
807 1485 1095 1546 cognoscat
1123 1478 1405 1545 generatio
1424 1478 1613 1533 altera.
1648 1497 1669 1532 ι

371 1560 694 1631 Videsquod
716 1565 785 1617 de
806 1564 1058 1633 gentibus
1106 1564 1277 1618 dicat:
1301 1567 1542 1620 nondum
1593 1566 1738 1621 enim
1778 1565 1864 1621 hae

296 1661 436 1706 natae
466 1662 626 1706 erant
653 1653 722 1707 ad
754 1652 1031 1722 pietatem,
1073 1654 1340 1722 siquidem
1372 1670 1471 1725 per
1497 1650 1503 1659 ’
1525 1657 1858 1726 baptismum

292 1750 448 1796 erant
472 1743 826 1811 generandae;
868 1743 1013 1797 unde
1046 1744 1243 1799 merito
1271 1746 1596 1800 dicebantur
1634 1747 1738 1815 ﬁlii
1771 1751 1862 1816 qui

293 1843 590 1888 nascenlur.
621 1833 748 1890 Haec
772 1851 898 1890 vera
922 1837 1018 1892 Dei
1053 1837 1243 1892 notitia
1257 1847 1363 1903 est,
1394 1839 1528 1893 alios
1545 1839 1709 1894 etiam
1735 1856 1862 1911 par-

292 1923 486 1993 ticipcs
520 1922 701 1978 facere
730 1925 1058 1995 cognitionis
1085 1966 1099 1991 ,
1121 1934 1177 1981 et
1226 1926 1366 1981 ﬁlios
1394 1927 1609 1983 eﬁicere
1634 1944 1730 1998 per
1760 1930 1864 1985 do-

289 2014 525 2070 ctrinam
552 2014 969 2070 mandatorum:
995 2017 1139 2085 quod
1178 2016 1470 2072 manifesto
1493 2018 1738 2073 fecerunt
1767 2020 1860 2090 qui

290 2105 344 2157 in
397 2103 675 2159 Christum
733 2102 1101 2162 crediderunt.
1153 2107 1367 2162 Nemini
1420 2108 1566 2163 enim
1616 2109 1860 2164 divinam

287 2197 658 2267 cognitionem
719 2198 1072 2266 invidebant,
1131 2215 1307 2268 neque
1363 2209 1424 2254 ut
1490 2192 1861 2270 praecedentes

282 2288 582 2343 credebant
641 2289 761 2345 aliis
785 2290 1064 2344 introitum
1118 2290 1407 2346 occludere
1439 2292 1723 2359 volentes;
1762 2293 1856 2347 sed

288 2377 572 2435 hortantur
601 2388 661 2434 ut
687 2381 742 2435 in
777 2380 944 2436 Deum
971 2397 1123 2451 spem
1153 2381 1413 2436 habeant.

357 2556 520 2613 Vens.
547 2560 601 2614 7.
639 2579 657 2612 ι
700 2559 768 2616 Ut
794 2571 999 2631 ponant
1039 2562 1093 2616 in
1120 2561 1231 2617 Deo
1254 2576 1428 2630 spem.

361 2647 485 2705 llaec
531 2651 787 2706 omnibus
816 2653 1131 2707 domesticis
1162 2662 1218 2707 et
1256 2652 1494 2708 externis
1541 2653 1596 2707 in
1627 2654 1855 2710 ecclesia

285 2743 671 2811 pra-dicantur,
715 2744 768 2798 in
801 2760 905 2814 qua
949 2746 1145 2800 Paulus
1175 2747 1240 2800 ad
1297 2743 1583 2801 universos
1619 2747 1853 2801 clamat:

287 2831 464 2885 Filioli
520 2835 642 2898 mei,
674 2850 800 2903 quos
856 2836 1047 2888 iterum
1091 2838 1351 2903 parturio,
1403 2837 1565 2891 donec
1602 2840 1856 2907 formetur

284 2920 520 2977 Christus
552 2930 605 2976 in
640 2925 780 2976 vobis
793 2922 855 2978 ⁸⁸⁸⁵.

358 3011 521 3068 Vens.
555 3014 607 3071 8.
646 3033 664 3066 ι
701 3014 767 3070 Et
803 3031 912 3070 non
942 3025 1027 3071 est
1061 3016 1298 3071 creditus
1322 3033 1445 3072 cum
1483 3016 1592 3072 Deo
1630 3018 1853 3088 spiritus

284 3104 425 3173 ejus.
469 3124 487 3155 ι

353 3196 486 3249 Nam
522 3195 747 3261 omnino
779 3197 891 3251 sola
913 3197 1095 3269 lingua
1127 3198 1286 3254 ﬁdem
1309 3201 1724 3268 annuntiarunt,
1742 3216 1851 3256 non

283 3293 463 3340 autem
488 3294 599 3340 toto
627 3288 790 3341 corde
816 3296 873 3342 et
897 3290 1099 3344 mundo
1130 3290 1343 3360 spiritu.

355 3463 518 3520 Vens.
557 3464 646 3521 15.
686 3484 705 3516 ‹
733 3465 943 3535 Dirupit
969 3470 1253 3534 petramin
1277 3483 1483 3522 eremo.
1528 3488 1546 3519 ι

354 3554 627 3611 Fortassis
660 3556 824 3627 aliqui
854 3565 1052 3626 putant
1093 3558 1408 3627 prophetam
1446 3559 1588 3614 idem
1636 3559 1849 3631 signum

282 3647 366 3713 bis
395 3648 746 3716 exposuisse:
786 3663 976 3703 verum
1023 3664 1131 3703 non
1188 3650 1260 3704 ita
1304 3667 1363 3706 se
1395 3668 1484 3706 res
1518 3653 1700 3719 habet,
1755 3656 1851 3711 sed

279 3741 522 3794 secundo
549 3739 682 3808 ipsis
709 3738 921 3811 Moyses
940 3755 1134 3809 aquam
1158 3743 1224 3795 de
1258 3750 1410 3817 petra
1434 3744 1650 3812 eduxit;
1680 3748 1849 3801 semel

277 3831 497 3901 quidem
552 3833 607 3886 in
672 3833 890 3888 deserto
939 3832 1178 3896 Choreb.
1236 3836 1406 3890 altera
1448 3852 1577 3893 vero
1621 3838 1740 3894 vice
1790 3840 1847 3894 in

275 3921 450 3979 Cades
470 3965 484 3989 ,
519 3924 605 3979 ubi
630 3924 799 3979 Maria
828 3935 949 3994 post
972 3926 1178 3980 obitum
1211 3929 1419 3998 sepulta
1451 3928 1570 3983 fuit.
1606 3930 1846 4001 Utraque

276 4031 408 4070 vero
435 4016 501 4070 ad
548 4016 853 4071 satietatem
902 4018 1046 4082 data,
1086 4019 1158 4073 ita
1190 4029 1250 4073 ut
1309 4021 1364 4074 in
1421 4022 1614 4092 abysso
1674 4026 1843 4080 multa

272 4107 503 4171 dicatur,
531 4108 968 4178 quandoquidem
1000 4126 1109 4164 non
1131 4111 1224 4164 uni
1248 4111 1436 4176 ﬂuvio,
1467 4114 1561 4169 sed
1592 4115 1843 4185 plurimis

272 4213 426 4267 aqua;
488 4198 898 4267 suppeditanda:
949 4199 1267 4256 suﬁiciebat.
1345 4202 1470 4257 Haec
1526 4205 1672 4258 enim
1726 4215 1842 4260 erat

271 4288 632 4354 conﬁrmatio,
664 4290 808 4358 quod
853 4291 1157 4345 secundum
1209 4293 1516 4356 veritatem,
1575 4310 1693 4357 non
1743 4313 1841 4365 per

270 4378 715 4449 imaginationem
781 4379 884 4435 ista
939 4381 1195 4436 miracula
1239 4382 1370 4453 ipsis
1430 4386 1809 4455 contigissent.

1964 566 2162 618 ἐκεῖνοι
2202 567 2269 636 τῇ
2317 566 2500 637 ῥάϐδῳ
2532 565 2640 619 τῶν
2680 566 2893 637 ἐχθρῶν
2930 571 3012 631 είς
3048 567 3148 639 τὴν
3176 567 3271 621 τοῦ
3328 570 3548 642 Ἰσραὴλ

1965 656 2303 726 εὐεργεσίαν,
2350 656 2494 711 οὕτω
2548 658 2643 711 καὶ
2690 660 2719 711 ὁ
2752 659 2989 729 Χριστὸς
3033 658 3112 730 τῷ
3154 652 3375 732 σταυρῷ
3406 667 3548 718 κατὰ

1964 746 2073 799 τῶν
2117 748 2388 818 δαιμόνων
2472 748 2813 821 ἐπιστροφῆς
2874 746 3050 805 ἕνεκα
3120 753 3222 820 τῆς
3268 748 3546 825 ἡμετέρας

1966 840 2253 911 κέχρηται.
2314 846 2318 850 ‘

2519 932 2814 987 ΨΑΛΜΟΣ
2862 932 2985 987 OZ'.

2042 1041 2059 1073 ι
2092 1023 2203 1075 Καὶ
2227 1023 2495 1093 ἀνέστησε
2529 1023 2835 1094 μαρτύριον
2873 1023 2931 1075 ἐν
2973 1020 3189 1075 Ἰακώϐ,
3234 1041 3255 1073 ι

2033 1114 2348 1184 Μαρτύριον
2388 1114 2632 1167 ἐκαλεῖτο
2672 1115 2706 1184 ή
2759 1113 2932 1183 σκηνὴ
2970 1112 3064 1165 τοῦ
3108 1113 3411 1183 μαρτυρίου
3439 1155 3453 1179 ,
3484 1115 3551 1165 ἐν

1964 1196 1997 1275 ᾗ
2029 1201 2287 1255 ἀπέκειτο
2316 1203 2349 1272 ἡ
2370 1202 2600 1264 κιϐωτὸς
2623 1202 2724 1271 τῆς
2744 1201 3030 1274 διαθήκης,
3055 1202 3148 1255 καὶ
3180 1205 3208 1255 ὁ
3242 1203 3300 1256 ἐν
3321 1203 3541 1274 nemo.

1964 1292 2145 1361 νόμος,
2192 1292 2261 1345 τά
2301 1309 2358 1345 τε
2401 1292 2703 1363 Χερουϐὶμ,
2753 1294 2849 1346 καὶ
2888 1292 2950 1346 τὸ
2998 1294 3334 1365 ἱλαστήριον,
3364 1295 3461 1350 καὶ
3504 1298 3537 1365 ή

1965 1382 2174 1454 λυχνία,
2202 1385 2298 1437 καὶ
2331 1385 2365 1450 ἡ
2399 1384 2666 1455 τράπεζα,
2698 1386 2790 1438 καὶ
2822 1387 2855 1456 ή
2889 1386 3279 1456 πρόθεσις’τῶν
3335 1387 3537 1458 ἄρτων.

2041 1492 2061 1524 ‹
2101 1475 2289 1540 Ὅπως
2318 1476 2384 1529 ἂν
2415 1475 2528 1545 γνῷ
2550 1475 2715 1544 γενεὰ
2744 1475 2927 1545 ἑτέρα.
2967 1494 2987 1528 ι

2036 1563 2270 1636 Θεωρεῖς
2285 1565 2368 1618 ὅτι
2384 1566 2637 1636 περὶτῶν
2661 1564 2832 1617 ἐθνῶν
2856 1566 3025 1633 λέγει·
3058 1565 3213 1618 οὔπω
3236 1564 3347 1635 γὰρ
3364 1562 3539 1617 ταῦτα

1964 1654 2226 1725 τεχθέντα
2268 1656 2516 1726 ὑπῆρχεν
2570 1659 2647 1718 εἰς
2685 1656 3007 1710 εὐσέὸειαν·
3064 1656 3260 1726 ἔμελλε
3302 1656 3410 1724 γὰρ
3448 1654 3540 1709 διὰ

1971 1745 2346 1817 βαπτίσματος
2411 1745 2729 1800 τίκτεσθαιο
2775 1744 2897 1800 ὅθεν
2949 1746 3066 1799 υίοί
3107 1745 3539 1813 τεχθησόμενοι

1967 1835 2191 1899 δικαίως
2236 1835 2503 1906 ἐλέγοντο.
2555 1834 2724 1888 Τοῦτο
2800 1835 3001 1904 γνῶσις
3037 1833 3253 1906 ἀληθῶς
3295 1832 3453 1896 Θεοῦ,
3478 1832 3537 1884 τὸ

1967 1926 2292 1997 μεταδοῦναι
2333 1928 2428 1979 καὶ
2470 1926 2650 1988 ἄλλοις
2686 1928 2787 1997 τῆς
2830 1924 3085 1994 γνώσεως
3113 1964 3128 1989 ,
3160 1923 3252 1977 καί
3291 1924 3439 1985 υἱοὺς
3469 1925 3535 1994 τῇ

1966 2019 2233 2090 μαθητεία
2260 2017 2370 2072 τῶν
2401 2018 2629 2072 ἐντολῶν
2653 2010 3020 2088 ἐργάσασθαι·
3059 2018 3197 2088 ὅπερ
3226 2014 3414 2084 σαφῶς
3435 2032 3534 2068 πε-

1963 2112 2254 2181 ποιήκασιν
2289 2111 2339 2163 οἱ
2392 2111 2471 2173 είς
2504 2111 2737 2182 Χριστὸν
2774 2110 3184 2172 πιστεύσαντες.
3211 2109 3400 2163 Οὑδενὶ
3427 2109 3535 2180 γὰρ

1959 2200 2060 2270 τῆς
2109 2201 2440 2269 θεογνωσίας
2490 2198 2801 2271 ἐϐάσκηναν
2833 2240 2850 2265 ,
2914 2201 3035 2254 οὐδὲ
3091 2201 3167 2264 ὠς
3227 2202 3276 2254 οἱ
3337 2201 3535 2268 προλα-

1961 2291 2144 2353 ϐόντες
2177 2291 2524 2357 ἐπίστευσαν,
2559 2292 2883 2346 ἀποκλεῖσαι
2914 2294 3026 2355 τοῖς
3072 2291 3254 2354 ἄλλοις
3282 2290 3382 2362 τὴν
3417 2291 3535 2345 εἴσ-

1959 2383 2076 2436 οδον
2108 2382 2605 2452 βουλόμενοι’άλλὰ
2637 2382 3024 2454 παρεγγυῶσιν
3057 2382 3150 2435 ἐπὶ
3175 2381 3265 2436 τὸν
3286 2382 3419 2437 Θεὸν
3433 2382 3535 2452 τὴν

1959 2471 2149 2524 ἐλπίδα
2178 2471 2343 2541 ἔχειν.

2032 2582 2051 2615 ι
2087 2564 2204 2616 Ἵνα
2235 2562 2435 2617 θῶνται
2466 2564 2559 2617 ἐπὶ
2590 2564 2683 2617 τὸν
2707 2564 2841 2617 Θεὸν
2868 2565 2967 2636 τὴν
2994 2565 3208 2620 ἐλπίδα.
3251 2583 3272 2617 ι

2027 2657 2213 2711 Ταῦτα
2272 2659 2405 2711 πᾶσι
2441 2661 2551 2721 τοῖς
2618 2658 2843 2721 οἰκείοις
2898 2659 2993 2712 καὶ
3055 2661 3170 2723 τοῖς
3233 2659 3533 2730 ἀλλοτρίοις

1957 2747 2052 2800 ἐπὶ
2079 2749 2375 2820 ἐκκλησίας
2407 2749 2772 2820 κηρύττεται,
2811 2751 2869 2802 ἐν
2974 2750 3186 2814 Παῦλος
3231 2752 3360 2805 πᾶσι
3386 2750 3487 2822 βοᾷ
3510 2768 3527 2781 ·

1962 2839 2170 2893 Τεκνία
2190 2855 2331 2907 μου,
2367 2838 2475 2904 οὒς
2501 2836 2686 2892 πάλιν
2717 2838 2907 2893 ὠδίνω
2930 2837 3105 2908 ἄχρις
3142 2835 3214 2895 οὗ
3233 2837 3524 2909 μορφωθῇ

1956 2930 2206 2997 Χριστὸς
2230 2929 2299 2982 ἐν
2327 2929 2488 2997 ὑμῖν.

2032 3042 2050 3074 ι
2082 3024 2190 3075 Καὶ
2231 3026 2331 3076 οὐκ
2382 3022 2660 3096 ἐπιστὼθη
2723 3024 2861 3096 μετὰ
2907 3025 3003 3079 τοῦ
3028 3025 3161 3080 Θεοῦ
3200 3025 3260 3079 τδ
3304 3023 3527 3095 πνεῦμα

1881 3136 1923 3193 C
1956 3114 2145 3183 αὐτῆς.
2181 3132 2201 3163 ι

2030 3205 2250 3278 Γλώττῃ
2287 3207 2395 3277 γὰρ
2443 3208 2660 3272 πάντως
2722 3208 2859 3281 μόνῃ
2900 3208 3000 3280 τὴν
3047 3208 3228 3263 πίστιν
3264 3206 3526 3280 ἐπηγγεεο

1956 3297 2138 3363 λαντο,
2184 3298 2305 3368 οὐχὶ
2349 3299 2406 3353 δέ
2455 3300 2550 3373 ὅλῃ
2598 3301 2798 3372 καρδίᾳ
2848 3301 2940 3355 καὶ
2981 3300 3212 3372 καθαρῷ
3253 3299 3330 3371 τῷ
3363 3298 3527 3352 πνεύ-

1958 3408 2112 3462 ματι.

2032 3504 2049 3537 ι
2087 3485 2346 3558 Διέρῤηξε
2382 3485 2587 3556 πέτραν
2626 3487 2684 3539 ἐν
2712 3487 2926 3558 ἐρήμῳ.
2970 3503 2989 3537 ι

2023 3578 2175 3646 Τάχα
2204 3577 2304 3632 πού
2333 3593 2479 3641 τινες
2516 3577 2768 3632 δοκοῦσιν
2805 3579 2888 3631 ὅτι
2928 3578 3012 3642 δὶς
3061 3576 3191 3629 αὐτὸ
3216 3575 3278 3630 τὸ
3304 3577 3527 3645 σημεῖον

1950 3670 1979 3721 ό
2001 3671 2287 3740 προφήτης
2316 3669 2565 3736 ἐξέθετοο
2607 3669 2719 3739 ἔχει
2752 3670 2811 3722 δὲ.
2853 3669 2954 3739 οὐχ
2995 3663 3189 3733 οὕτως,
3222 3666 3360 3719 ἀλλὰ
3403 3666 3526 3719 δεύ-

1950 3779 2105 3830 τερον
2146 3763 2329 3826 αὐτοῖς
2372 3761 2517 3833 ὕδωρ
2554 3764 2618 3815 ἐκ
2652 3762 2857 3832 πέτρας
2904 3761 2933 3812 ὁ
2965 3759 3172 3830 Μωσῆς
3219 3757 3523 3829 ἐξήγαγεν·

1950 3850 2099 3915 ἅπαξ
2154 3852 2253 3922 μὲν
2285 3855 2344 3906 ἐν
2368 3855 2432 3923 τῇ
2473 3852 2663 3922 ἐρήμῳ
2714 3850 2951 3921 Χωρὴε,
2980 3850 3040 3903 τὸ
3088 3848 3340 3920 δεύτερον
3369 3848 3429 3901 δὲ
3469 3849 3528 3900 ἐν

1948 3940 2132 4009 Κάδης
2155 3980 2172 4010 ,
2202 3939 2329 3994 ἔνθα
2374 3939 2608 4011 Μαριὰμ
2642 3942 2816 4011 ἐτάφη
2846 3940 3233 4009 τελευτήσασα.
3267 3939 3362 4000 Είς
3390 3936 3526 4007 πλη-

1947 4031 2150 4100 σμονὴν
2192 4031 2249 4084 δὲ
2294 4031 2577 4103 ἑκάτερον,
2622 4031 2763 4085 ὥστε
2808 4032 2871 4084 τὸ
2909 4032 2970 4083 ἐν
3016 4030 3239 4100 ἀϐύσσῳ
3268 4027 3525 4096 λέγεσθαι

1942 4122 2137 4194 πολλῇ,
2174 4124 2361 4195 ἐπειδὴ
2410 4125 2511 4177 οὐκ
2560 4127 2619 4177 ἐν
2663 4122 2916 4193 ποταμῷ,
2948 4123 3061 4176 ἀλλ’
3104 4125 3161 4176 ἐν
3191 4120 3407 4184 πολλοῖς
3437 4120 3527 4173 διὰ

1940 4214 2002 4268 τὸ
2031 4214 2234 4284 πλῆθος
2256 4211 2324 4287 ἦν
2358 4216 2540 4269 ἱκανὸν
2567 4216 2629 4268 τὸ
2659 4214 2804 4285 ὕδωρ
2858 4214 3330 4286 παραϐάλλεσθαι.
3353 4215 3526 4268 Τοῦτο

1941 4304 2050 4375 γὰρ
2075 4300 2142 4375 ἦν
2173 4303 2446 4370 σύστασις,
2476 4305 2559 4358 ὅτι
2586 4306 2722 4373 πρὸς
2741 4304 3024 4374 ἀλήθειαν,
3052 4306 3175 4374 οὐχὶ
3210 4304 3300 4358 διὰ
3321 4321 3525 4374 φαντα-

1943 4395 2063 4448 σίαν
2099 4395 2284 4458 αὐτοῖς
2312 4396 2553 4464 ἐγεγόνει
2588 4397 2654 4449 τὰ
2695 4396 2968 4466 θαύματα.
2998 4395 3187 4466 Δεινὴν
3213 4396 3271 4449 δὲ
3287 4410 3524 4463 κατηγο-

269 4467 533 4523 Acerbam
567 4479 748 4524 autem
812 4470 1240 4541 increpationem
1292 4474 1476 4543 populi
1532 4475 1839 4531 Judworum

1955 4487 2069 4557 ρίαν
2094 4486 2189 4540 τοῦ
2217 4486 2348 4542 λαοῦ
2371 4486 2480 4539 τῶν
2521 4486 2791 4541 Ἰουδαίων
2811 4488 3026 4552 ἐξέθετο
3045 4505 3058 4520 ⁸
3085 4487 3192 4548 ὅτι,
3217 4485 3524 4553 τηλικαῦτα

270 4561 547 4628 exposuit;
570 4576 635 4615 eo
657 4561 823 4632 quod,
854 4578 979 4636 cum
1009 4572 1155 4618 tanta
1183 4565 1441 4621 miracula
1475 4568 1835 4637 accepissent,

269 4658 324 4703 et
356 4664 386 4703 a
426 4652 672 4719 pristinis
712 4654 955 4723 peccatis
1006 4655 1283 4710 abstinere
1340 4656 1677 4724 debuissent,
1735 4659 1839 4713 alia

268 4734 504 4803 desuper
543 4737 663 4792 istis
696 4740 1019 4809 adjecerint,
1045 4757 1152 4797 non
1181 4743 1507 4815 simpliciter
1529 4756 1836 4815 peccantes,

268 4825 363 4881 sed
393 4826 515 4895 ipsi,
550 4826 725 4894 idest,
748 4841 936 4887 contra
973 4834 1150 4904 ipsum
1176 4835 1576 4906 delinquentes,
1610 4840 1700 4908 qui
1724 4840 1840 4895 haec

264 4917 416 4988 signa
447 4918 770 4987 prmbuerat.

334 5007 499 5065 Vens.
529 5010 621 5066 21.
660 5032 679 5065 ι
724 5011 789 5068 Et
817 5013 896 5069 ira
931 5017 1180 5072 ascendit
1210 5018 1263 5071 in
1295 5018 1479 5076 Israel.
1524 5042 1541 5074 ι

337 5099 678 5157 Irascebatur
732 5105 879 5159 enim
932 5105 1062 5175 ipsis
1106 5107 1390 5171 Dominus,
1446 5114 1571 5180 quia
1621 5115 1838 5170 videbat

262 5189 385 5246 illos
406 5208 749 5264 nequaquam
779 5196 997 5251 ﬁdelem
1047 5212 1175 5270 erga
1218 5214 1278 5253 se
1311 5200 1551 5255 animum
1614 5204 1831 5270 habere,

260 5281 358 5335 sed
380 5297 594 5353 semper
625 5286 844 5355 quidem
870 5286 1011 5342 datis
1044 5290 1365 5344 muneribus
1409 5291 1667 5362 ingratos,
1723 5310 1831 5349 non

262 5370 402 5427 datis
427 5390 557 5429 vero
589 5376 901 5433 incredulos
948 5379 1232 5435 exsistere.
1282 5381 1490 5436 Idcirco
1529 5383 1680 5445 dicit,
1726 5384 1835 5439 Nec

260 5477 594 5528 speraverant
619 5470 673 5520 in
688 5470 917 5523 salutari
934 5471 1070 5540 ejus,
1102 5472 1381 5526 Christum
1421 5473 1639 5528 dicens:
1670 5491 1831 5544 quem

263 5554 500 5609 salutare
539 5572 696 5613 suum
749 5561 968 5630 plurimi
1015 5565 1295 5634 propheta:
1335 5563 1718 5634 nurninarunt;
1778 5579 1833 5623 et

334 5734 379 5762 ⁸⁸
409 5731 585 5787 Galat.
620 5751 695 5797 tv,
723 5738 803 5789 I9.

1944 4579 2222 4647 δεχόμενοι
2250 4578 2528 4648 θαύματα,
2557 4578 2676 4631 δέον
2697 4579 2807 4632 τῶν
2828 4579 3074 4649 ἀρχαίων
3094 4578 3207 4649 ἅμα
3221 4593 3319 4648 ρτη
3329 4576 3521 4647 μάτων

1945 4670 2266 4740 ἀπέχεσθαι,
2301 4670 2463 4742 ἐτερα
2492 4671 2701 4742 ὁμοίως
2749 4672 2837 4724 ἐπ’
2876 4671 3106 4735 ἐκείνοις
3145 4668 3520 4737 προσέθηκαν,

1944 4762 2042 4832 οὐχ
2088 4762 2278 4827 ἁπλῶς
2333 4764 2762 4834 ἁμαρτάνοντες,
2830 4764 2945 4818 ἀλλ’
2991 4760 3170 4826 αὐτῷ,
3217 4759 3520 4819 τουτέστιν,

1944 4853 2024 4913 είς
2070 4852 2233 4905 αὑτὸν
2289 4852 2771 4925 πλημμελοῦντες,
2833 4852 2927 4907 τὸν
2994 4852 3065 4905 τὰ
3116 4853 3318 4920 σημεῖα
3371 4862 3520 4918 παρ-

1943 4943 2158 5012 έχοντα.

2016 5051 2034 5084 ι
2066 5034 2174 5086 Καὶ
2200 5033 2337 5104 ὀργὴ
2365 5032 2533 5103 ἀνέϐη
2565 5034 2657 5086 ἐπὶ
2690 5033 2783 5086 τὸν
2821 5031 3057 5103 Ἰσραήλ.
3094 5051 3113 5084 ›

2023 5124 2278 5196 Ὠργίσθη
2304 5124 2414 5196 γὰρ
2435 5127 2554 5179 κατ’
2578 5125 2757 5179 αὐτῶν
2779 5128 2806 5179 ὁ
2827 5126 3123 5195 Δεσπότης,
3155 5122 3341 5191 ἐπειδὴ
3368 5121 3518 5192 ἐώρα

1936 5215 2131 5277 αὐτοὺς
2171 5214 2428 5267 οὐδέποτε
2484 5213 2684 5285 πιστὴν
2729 5215 2949 5284 ἔχοντας
3010 5213 3138 5284 περὶ
3197 5212 3359 5265 αὐτὸν
3415 5213 3519 5281 τὴν

1942 5304 2190 5375 γνώμην,
2234 5304 2348 5358 ἀλλ’
2377 5306 2465 5359 ἀεὶ
2501 5306 2599 5376 μὲν
2632 5308 2746 5369 τοῖς
2784 5306 3016 5358 δοθεῖσιν
3055 5302 3514 5374 ἀχαριστοῦντας,

1942 5395 2069 5463 περὶ
2116 5394 2174 5448 δὲ
2228 5395 2303 5465 μὴ
2363 5394 2623 5449 δοθέντων
2666 5395 3127 5466 ἀμφιϐάλλοντας.
3161 5396 3254 5448 Διό
3309 5410 3514 5463 φησιν·

1943 5483 2097 5538 Οὐδὲ
2136 5483 2408 5556 ἤλπισαν
2442 5486 2541 5539 ἐπὶ
2570 5487 2638 5540 τὸ
2689 5487 2992 5553 Σωτήρων
3017 5484 3228 5549 αὑτοῦ,
3249 5484 3341 5537 τὸν
3377 5483 3518 5555 Χριο

1942 5573 2063 5626 στὸν
2091 5573 2263 5643 λέγων
2284 5592 2296 5605 ·
2330 5577 2499 5648 ὅνπερ
2532 5577 2805 5646 Σωτήριον
2836 5575 3002 5632 αὐτοῦ
3040 5574 3225 5629 πολὶοὶ
3269 5574 3369 5645 μὲν
3402 5572 3519 5626 τῶν

4000 1336 4044 1389 4'
