4044 6228
371 340 375 344 ’
488 324 622 391 1249

1622 332 2088 393 FRAGMENTA
2127 333 2210 394 ΙΝ
2245 334 2599 398 PSALMOS.

3603 340 3739 407 1250

484 437 780 509 προφητῶν
807 478 821 502 ,
863 437 1048 507 σαφῶς
1097 437 1154 490 δὲ
1200 439 1295 492 καὶ
1336 438 1593 509 Συμεὼν,
1631 440 1812 495 λαϐὼν
1849 443 1907 494 ὲν
1945 444 2057 506 ταῖς

2165 442 2366 498 diserte
2405 443 2663 515 Symeon,
2714 448 2932 517 quando
2977 448 3154 519 ipsum
3195 449 3250 504 in
3297 449 3453 505 ulnas
3503 454 3741 523 excepit.

483 528 770 598 ἀγκάλαις,
798 527 1068 597 ὠνόμασε.

557 636 578 671 ι
613 619 723 671 Καὶ
756 618 1066 672 ἐνετείλατο
1090 618 1348 688 νεφέλαις
1373 618 1740 690 ύπεράνωθεν.
1772 640 1791 673 ι
1822 662 1825 665 .

552 707 798 778 Νεφέλας
832 709 1186 781 ύπερὰνωθεν
1217 710 1316 774 τὰς
1344 712 1403 764 έν
1432 710 1624 782 ὑψηλῷ
1651 711 1830 780 λέγει’
1864 713 2060 783 διόπερ

481 797 651 860 αὐτὰς
699 798 795 851 καὶ
829 796 1002 869 θύρας
1050 797 1304 868 ούρανοῦ,
1344 799 1420 863 ὡς
1478 799 1937 870 προόεὸλημένας
1963 800 2060 855 τοῦ

481 887 709 960 ούρανοῦ
739 889 1208 961 προσηγόρευσεν.
1238 890 1359 943 Εἰσὶ
1386 891 1496 963 γάρ
1521 908 1669 956 τινες
1688 891 1797 946 τῶν
1818 893 2060 960 νεφελῶν

480 979 775 1049 περίγειοι,
819 979 963 1035 ὥστε
1020 981 1118 1034 καὶ
1174 981 1284 1035 τῶν
1333 982 1479 1053 ὁρῶν
1526 983 1697 1046 αὐτὰς
1741 984 2061 1056 κατωτέρας

482 1069 857 1141 εὑρίσκεσθαι.

561 1179 581 1212 ι
609 1160 719 1213 Kal.
751 1159 973 1229 ἔϐρεξεν
1000 1161 1087 1213 ἐπ’
1117 1161 1316 1224 αὐτοὺς
1338 1162 1474 1217 ὡσεὶ
1500 1160 1630 1233 χοῦν
1656 1162 1886 1232 σάρκας.
1931 1182 1950 1215 ι

552 1342 764 1397 Οὐκοῦν
795 1342 892 1397 καὶ
922 1342 1081 1401 τοῦτο
1122 1342 1257 1397 πολὺ
1286 1343 1489 1414 πλῆθος
1523 1344 1717 1415 νόησον
1744 1343 1873 1398 λαοῦ
1897 1361 1912 1376 ο
1939 1360 2065 1398 τοσ-

481 1432 642 1487 ούτου
705 1434 804 1506 μὲν
834 1435 926 1488 τὸν
955 1435 1211 1505 ἀριθμὸν,
1246 1434 1390 1489 οὓτω
1423 1436 1482 1488 δὲ
1526 1436 1946 1506 γαστριμάργου
1969 1452 2063 1491 κο-

486 1524 802 1595 ρεσθέντος·
850 1526 913 1578 οὐ
953 1525 1092 1596 πρὸς
1124 1525 1340 1598 ἡμέραν
1383 1527 1535 1597 μίαν,
1581 1524 1721 1579 ἀλλά
1745 1526 1884 1596 πρὸς
1912 1526 2064 1595 τριά-

482 1633 670 1682 κοντα,
721 1615 798 1680 ὡς
836 1617 1045 1690 δυνήσῃ
1077 1619 1274 1687 μαθεῖν
1312 1616 1409 1689 τὴν
1446 1616 1629 1688 βίὸλον
1659 1616 1770 1671 τῶν
1786 1616 2064 1689 Ἀριθμῶν

483 1707 907 1780 μετερχόμενος.

479 1908 608 1945 των.
654 1909 672 1943 ι
800 1928 803 1931 ι
932 1928 935 1931 ι

549 1981 659 2034 Καὶ
689 1981 1028 2052 συμποδίσας
1063 1981 1124 2034 ού
1146 1981 1273 2044 τοὺς
1312 1978 1606 2043 ἐκλεκτοὺς
1634 1980 1691 2033 ἐν
1722 1980 1946 2050 ἀρεταῖς
1971 1979 2058 2032 λο-

478 2072 671 2143 γάδας,
694 2073 829 2128 ἀλλά
855 2074 982 2137 τοὺς
1021 2073 1079 2127 ὲν
1109 2073 1313 2145 κακιᾳθ
1350 2072 1458 2125 εἰσὶ
1495 2071 1606 2144 γάρ
1632 2088 1778 2135 τινες
1811 2073 1870 2127 ὲν
1893 2087 2058 2143 πονη-

481 2167 575 2238 ρίᾳ
595 2166 889 2247 ὲξαίρετοι.

479 2363 610 2402 των.
654 2365 674 2399 ι
1110 2401 1119 2410 ,
1694 2381 1698 2385 -
1752 2402 1757 2407 ,

550 2437 772 2500 Τούτοις
805 2437 970 2506 ὅμοια
988 2435 1347 2499 nati/Had!“
1391 2435 1518 2498 τοὺς
1567 2434 1855 2499 Ἰουδαίους
1891 2433 2059 2504 ἐμέμ-

480 2528 618 2599 ψατο
641 2545 658 2560 ο
699 2530 762 2583 '0
783 2528 934 2594 λαὸς
975 2524 1153 2594 οὗτος
1199 2527 1326 2593 τοῖς
1356 2528 1593 2597 χείλεσί
1607 2543 1685 2596 με
1710 2525 1849 2596 τιμᾷ
1871 2565 1887 2591 ,
1916 2527 1955 2594 ἠ
1988 2525 2057 2580 δὲ

480 2620 691 2689 καρδία
734 2620 934 2674 αὐτῶν
976 2620 1176 2688 πόρρω
1216 2618 1430 2685 ἀπέχει
1480 2619 1582 2673 ἀπ’
1627 2617 1794 2687 ἐμοῦ.
1840 2618 1964 2682 Πῶς
1998 2618 2055 2671 δὲ

479 2710 638 2763 τοῦτο
691 2710 1003 2780 ἐλέγχεται;
1036 2709 1274 2773 Πολλοὺς
1329 2709 1440 2779 γὰρ
1486 2711 1583 2763 καὶ
1638 2709 1734 2762 νῦν
1793 2711 1931 2780 μόνῃ
1984 2713 2052 2781 τῇ

480 2800 699 2871 γλώσσῃ
754 2798 1027 2862 θεοσεϐεῖς
1084 2799 1437 2869 εὑρίσκομεν,
1480 2798 1643 2863 ὅταν,
1704 2797 1781 2862 ὥς
1821 2815 1986 2868 φησιν
2029 2801 2057 2852 6

480 2892 809 2961 προφήτης,
870 2891 928 2943 ἐν
981 2889 1049 2959 τῇ
1108 2888 1344 2959 διαθήκῃ
1399 2886 1569 2941 αὑτοῦ
1625 2886 1703 2958 μὴ
1768 2886 2054 2942 πιστωθῶ-

481 2998 586 3036 σιν.

559 3093 578 3125 ι
612 3073 726 3138 Ούκ
746 3072 1099 3147 ἐμνήσθησαν
1119 3071 1221 3141 τῆς
1249 3070 1431 3142 χειρὸς
1457 3068 1661 3127 αὑτοῦ..
1693 3090 1711 3122 ι

556 2232 576 2310 ὲ
634 2232 746 2311 Keil.
806 2242 1108 2329 ἠγάπησαν
1179 2255 1344 2313 αὑτὸν
1400 2258 1460 2310 ὲν
1514 2254 1592 2325 τῷ
1665 2232 1892 2326 στόματι
1956 2255 2057 2309 αὒ-

2156 648 2161 657 ι
2233 618 2397 699 Vens.
2422 621 2512 676 23.
2543 640 2565 675 ι
2598 622 2664 676 Et
2698 626 2975 681 mandavit
3006 628 3247 683 nubibus
3276 629 3532 699 desuper.
3567 649 3586 682 ι

2228 696 2410 766 Nubes
2477 711 2714 782 desuper
2761 715 3015 786 intelligit
3067 731 3161 772 eas
3210 734 3333 787 que
3399 696 3454 772 in
3505 720 3730 775 excelso

2157 799 2432 855 exsistunt
2458 819 2474 856 :
2506 817 2674 871 quare
2700 804 2845 873 ipsas
2872 805 3032 859 etiam
3062 807 3183 861 caeli
3238 809 3433 876 januas
3479 810 3733 879 appellat,

2160 899 2415 960 tanquam
2466 892 2607 949 coelo
2661 904 2984 963 praetensas.
3043 897 3324 967 §iquidem
3387 908 3515 953 sunt
3571 900 3735 954 etiam

2158 980 2353 1050 aliqua:
2378 983 2554 1038 nubes
2582 993 2739 1039 terra:
2763 986 2977 1052 vicinae,
3020 987 3096 1041 ita
3126 996 3187 1041 ut
3250 988 3410 1043 etiam
3460 991 3737 1045 montibus

2162 1070 2453 1151 inferiores
2473 1074 2848 1135 inveniantur.
2938 1074 2946 1079 ’

2228 1160 2397 1217 Vens.
2440 1164 2533 1218 27.
2564 1183 2583 1217 ι
2629 1164 2695 1218 Et
2745 1151 2884 1236 pluit
2913 1182 3082 1238 super
3122 1184 3218 1224 eos
3270 1168 3412 1225 sicut
3457 1170 3735 1240 pulverem

2160 1266 2374 1308 carnes.
2411 1275 2431 1306 ι

2230 1340 2401 1411 Igitur
2430 1345 2707 1413 copiosam
2739 1361 2959 1417 quoque
2988 1348 3130 1403 hanc
3172 1349 3574 1405 multitudinem
3608 1365 3740 1405 con-

2161 1432 2378 1500 sidera;
2411 1436 2558 1503 quod
2608 1451 2734 1490 cum
2772 1446 2922 1493 tanto
2971 1448 3118 1494 esset
3177 1455 3429 1505 numero,
3496 1441 3739 1511 adeoque

2160 1524 2339 1577 ventri
2367 1523 2573 1592 dedita,
2610 1527 2779 1582 fuerit
2805 1537 2985 1582 tamen
3019 1538 3295 1596 saturata;
3341 1532 3505 1601 idque
3534 1547 3644 1587 non
3669 1534 3737 1587 ad

2165 1628 2336 1667 unum
2362 1614 2508 1669 diem
2543 1616 2802 1685 aliquem,
2855 1620 2948 1673 sed
2979 1620 3045 1675 ad
3095 1622 3338 1693 triginta,
3397 1623 3476 1676 uti
3532 1624 3737 1692 poteris

2163 1720 2501 1792 cognoscere
2520 1702 3117 1766 librum‘Numerorum
3155 1714 3545 1782 pervolvendo.

560 1818 580 1851 ι
620 1800 743 1853 Ἔτι
792 1799 894 1869 τῆς
937 1799 1194 1871 βρώσεως
1244 1796 1414 1869 οὕσης
1458 1798 1518 1852 ὲν
1569 1796 1647 1869 τῷ
1694 1797 1923 1868 στόματι
1969 1797 2057 1851 αὑ-

2236 1786 2403 1851 νιικεξ
2427 1797 2519 1852 50.
2554 1816 2572 1849 ι
2617 1800 2812 1855 Adhuc
2841 1816 2966 1856 esca
2989 1817 3179 1857 eorum
3225 1812 3347 1858 erat
3377 1805 3433 1858 in
3463 1818 3557 1858 ore
3590 1803 3735 1874 ipso-

2162 1902 2307 1942 rum.
2355 1907 2374 1940 ι

2229 1980 2299 2035 Et
2322 1981 2657 2050 compedivit
2697 1997 2806 2037 non
2837 1983 2892 2037 in
2934 1982 3231 2040 virtutibus
3268 1987 3500 2042 eximios
3527 2004 3593 2043 ac
3645 2003 3732 2043 se-

2161 2068 2356 2136 lectos,
2394 2071 2490 2125 sed
2529 2072 2583 2125 in
2603 2072 2846 2128 malitia:
2883 2073 3152 2143 siquidem
3177 2084 3307 2130 sunt
3343 2077 3510 2147 aliqui
3539 2079 3733 2149 nequi-

2163 2157 2236 2212 tia
2267 2159 2558 2228 praacellen
2569 2168 2669 2214 tes.
2984 2182 2993 2190 ’

2237 2248 2393 2304 Vens.
2424 2250 2513 2305 56.
2550 2268 2569 2301 ι
2602 2249 2666 2305 Et
2686 2251 3008 2307 dilexerunt
3045 2266 3171 2307 eum
3205 2254 3260 2307 in
3295 2269 3390 2308 ore
3419 2269 3539 2310 suo.
3571 2274 3591 2307 ι

2147 2451 2151 2461 ι
2231 2432 2395 2490 Hisce
2420 2434 2617 2489 similia
2646 2436 2811 2491 etiam
2837 2435 3006 2492 Isaias
3040 2434 3243 2493 Judaiis
3287 2439 3517 2507 obiecit:
3552 2440 3733 2510 Popu-

2159 2526 2240 2580 lus
2272 2526 2369 2578 iste
2398 2526 2556 2580 labiis
2586 2543 2668 2581 me
2713 2528 2958 2595 honorat,
2991 2544 3081 2582 cor
3119 2539 3301 2584 autem
3355 2547 3532 2585 eorum
3585 2532 3735 2604 longe

2156 2616 2354 2670 abesto
2388 2618 2629 2671 me”~“.
2660 2616 2946 2683 Quomodo
3006 2628 3188 2674 autem
3257 2622 3363 2676 hoc
3412 2623 3735 2692 exprobrat?

2156 2706 2293 2772 Quia
2354 2706 2563 2761 scilicet
2603 2707 2903 2761 etiamnum
2954 2708 3221 2777 plurimos
3272 2710 3582 2778 reperimus
3640 2711 3734 2781 qui

2156 2799 2271 2852 sola
2305 2798 2486 2868 lingua
2510 2798 2585 2866 pii
2623 2799 2754 2865 sint,
2787 2814 2933 2863 cum,
2966 2809 3026 2855 ut
3059 2801 3135 2855 ait
3172 2802 3459 2872 propheta,
3479 2803 3534 2857 in
3564 2812 3732 2859 testa-

2156 2896 2345 2944 mento
2379 2890 2500 2959 ejus
2523 2904 2633 2944 non
2660 2890 2771 2945 sint
2805 2890 3054 2947 stabiliti.
3244 2878 3250 2884 ’

2146 3082 2157 3089 '
2226 3067 2390 3123 Vens.
2428 3069 2517 3125 42.
2559 3088 2576 3121 ι
2612 3068 2729 3125 Non
2791 3080 2920 3126 sunt
2959 3071 3226 3127 recordati
3286 3087 3481 3128 manus
3525 3074 3665 3143 ejus.
3705 3093 3724 3125 ι

549 3167 721 3236 Χεῖρα
749 3166 910 3220 πάλιν
942 3144 1099 3231 Θεοῦ,
1147 3164 1346 3234 δηλαδὴ
1385 3162 1481 3216 τοῦ
1506 3163 1756 3231 ¹Ματρὸς,
1792 3162 1885 3217 τὸν
1922 3165 2055 3236 Χρι-

2226 3160 2445 3215 Manum
2496 3162 2694 3215 iterum
2744 3162 2880 3227 Dei,
2936 3163 3144 3217 scilicet
3201 3161 3409 3227 Patris,
3452 3164 3729 3237 Christum

478 3257 860 3321 nummum;
892 3257 1047 3311 καλεῖ
1070 3272 1084 3288 ·
1104 3262 1107 3265 ’
1125 3255 1313 3325 ἐπειδὴ
1340 3294 1355 3320 ,
1378 3253 1457 3306 Δι’
1487 3253 1674 3307 αὑτοῦ
1712 3253 1907 3307 πάντα
1926 3252 2055 3324 ἐγέ-

476 3367 636 3417 νετο,
662 3348 763 3403 καὶ
792 3348 973 3418 χωρὶς
1000 3345 1188 3402 αὑτοῦ
1215 3346 1455 3416 ἐγένετο
1483 3344 1628 3399 οὐδὲ
1653 3344 1723 3402 ἓν
1742 3360 1754 3372 ·
1789 3343 1930 3417 ὥστε
1961 3346 2055 3401 καὶ

476 3443 666 3513 ἕτερον
724 3438 1287 3512 προφήτηνλέγειν·
1366 3436 1428 3493 'H
1457 3436 1568 3506 γὰρ
1642 3435 1772 3504 χεὶρ
1832 3437 2054 3504 Κυρίου

477 3534 729 3600 ἐποίησε
786 3532 975 3585 ταῦτα
1024 3530 1242 3583 πάντα.
1282 3527 1491 3580 Τούτου
1534 3527 1715 3579 τοίνυν
1751 3527 1851 3580 ούκ
1890 3528 2055 3599 ἐμνή-

480 3625 686 3693 σθησαν
752 3624 903 3684 ὅστις
953 3622 1152 3682 αὐτοὺς
1200 3616 1546 3687 ὲλυτρὼσατο
1594 3618 1660 3668 ὲκ
1703 3617 1887 3686 χειρὸς
1940 3616 2054 3669 θλί-

478 3715 683 3780 ϐοντος,
715 3712 862 3780 λέγει
897 3712 954 3765 δὲ
997 3709 1090 3763 τοῦ
1139 3707 1362 3778 Φαραὼ,
1404 3707 1545 3785 κατά
1575 3706 1673 3776 τὴν
1711 3708 1923 3777 ἡμέραν
1953 3708 2054 3777 τῆς

479 3803 679 3869 ἐξόδου.

560 3914 580 3948 ι
625 3892 958 3963 Ἀποστολὴν
982 3891 1049 3944 δι’
1070 3888 1331 3959 ἀγγέλων
1355 3887 1627 3959 πονηρῶν.
1662 3905 1691 3943 γι
1709 3938 1737 3943 ,ν

553 3987 625 4043 οὐ
651 3986 748 4056 τὴν
780 3984 942 4053 φύσιν
985 3981 1258 4052 πονηρῶν,
1289 3979 1383 4033 τὸν
1413 3979 1471 4031 δὲ
1514 3978 1715 4032 σκοπόν
1744 3993 1759 4009 ο
1794 3976 1914 4030 οὐδὲ
1942 3977 2050 4050 γὰρ

477 4078 741 4140 τοιούτοις
786 4075 1040 4144 ἀγγέλοις
1081 4074 1109 4126 6
1138 4073 1274 4145 Θεὸς
1311 4073 1398 4134 εἰς
1427 4070 1707 4123 διακονίαν
1743 4069 2047 4142 κέχρηται·

477 4169 613 4224 ἀλλὰ
643 4169 913 4239 πονηροὺς
971 4165 1448 4237 προσηγόρευσεν,
1489 4162 1677 4233 ἐπειδὴ
1720 4164 1918 4226 πόνους
1956 4164 2052 4217 καὶ

478 4262 750 4323 κακώσεις
785 4257 1133 4320 κελευθέντες
1166 4257 1454 4325 ἐπέφερον·
1473 4253 1548 4316 ὡς
1575 4254 1669 4331 καὶ
1692 4253 1937 4324 πονηρὰν
1954 4254 2051 4324 τὴν

474 4359 506 4424 ή
518 4358 688 4425 μέραν
705 4353 804 4419 τῆς
820 4352 1074 4422 κρίσεως,
1090 4349 1164 4412 ὡς
1183 4347 1437 4416 ἀναγκῶν
1456 4346 1550 4399 καὶ
1563 4345 1738 4399 πόνων
1752 4347 1864 4408 τοῖς
1882 4346 2053 4417 ἁμαρ-

474 4445 667 4507 τωλοῖς
683 4444 986 4511 γέμουσαν,
1011 4441 1172 4503 αὐτὸς
1187 4432 1339 4503 οὗτος
1370 4440 1399 4491 ό
1428 4437 2014 4508 Ψαλμῳδὸςόνομάζει
2032 4452 2050 4469 ⁸
2076 4456 2126 4526 ’Β

474 4537 603 4605 φησδ
622 4536 728 4606 γὰρ
743 4533 917 4595 οὕτως
941 4547 954 4561 ⁸
974 4531 1278 4599 Μακάριος
1294 4533 1327 4584 ό
1336 4526 1565 4583 συνιῶν
1581 4528 1679 4581 ἐπὶ
1697 4529 1936 4596 πτωχὸν
1949 4529 2050 4581 καὶ

475 4625 723 4691 πένητα,
741 4623 811 4674 ἐν
825 4621 1016 4691 ἡμέρᾳ
1028 4618 1262 4687 πονηρᾷ
1275 4621 1528 4686 ῥύσεται
1543 4619 1732 4672 αὐτὸν
1753 4620 1786 4671 ό
1809 4619 2043 4684 Κύριος.

475 4716 649 4787 Πολλῇ
671 4716 767 4769 καὶ
789 4713 919 4784 περὶ
937 4714 1063 4775 τοὺς
1085 4711 1515 4781 παιδευομένους
1537 4712 1564 4763 ό
1583 4711 1715 4772 Θεὸς
1738 4709 2047 4779 φιλανθρω-

473 4808 572 4880 πίᾳ
603 4810 907 4877 κέχρηται,
937 4803 1045 4858 ἀπὸ
1070 4802 1178 4856 τῶν
1214 4800 1512 4855 ἐλαττόνων
1541 4801 1865 4870 ἀρχόμενος,
1902 4797 2047 4853 ὥστε

473 4895 941 4968 σωφρονισθέντας
972 4893 1229 4965 κερδᾶναι
1260 4891 1330 4946 τὰ
1364 4890 1610 4961 μείζονα.
1641 4889 1741 4942 Διὰ
1769 4888 1928 4942 τοῦτο
1975 4890 2044 4942 τὰ

471 4994 642 5060 κτήνη
681 4989 926 5059 πρότερα
959 4986 1068 5039 τῶν
1091 4984 1407 5053 Αἰγυπτίων
1436 4981 1783 5035 συνέκλεισεν
1817 4982 1898 5043 εἰς
1942 4980 2041 5033 θά-

472 5098 658 5135 νατον·
713 5078 1071 5149 ἀναισθήτους
1119 5074 1412 5145 δῖεύρὼν,
1455 5071 1688 5138 ἐπέταξε
1726 5073 1796 5125 τὰ
1836 5070 2043 5142 πρωτό·

471 5188 622 5231 τοκα.
671 5171 810 5229 ὥστε
833 5170 957 5238 ,ούκ
993 5168 1059 5222 ἂν
1105 5168 1205 5239 τὴν
1226 5166 1334 5219 τῶν
1383 5164 1746 5236 πρωτοτόκων
1789 5162 2041 5233 ἐπήγαγε

471 5261 708 5330 πληγὴν,
744 5261 793 5312 εἰ
816 5258 895 5329 τῷ
942 5258 1157 5329 θανάτῳ
1186 5255 1295 5309 τῶν
1322 5254 1538 5324 κτηνῶν
1582 5251 2049 5324 σωφρονισθέντες

468 5351 763 5421 ἁνένηψαν.

546 5463 566 5495 ι
607 5444 712 5496 Καὶ
743 5441 1029 5510 ὡδήγησεν
1061 5438 1263 5504 αὐτοὺς
1290 5438 1377 5490 ἐπ’
1409 5436 1608 5491 ἑλπίδι.
1642 5454 1661 5486 ι

539 5533 768 5605 Ἐλπίδι,
796 5532 960 5603 ποίας
994 5531 1104 5602 Τῆς
1134 5529 1274 5601 πρὸς
1307 5529 1437 5592 τοὺς
1466 5527 1711 5598 πατέρας
1750 5526 2071 5597 γενομένης⁸
2130 5558 2135 5563 -

536 5735 657 5770 ⁸⁸·θσ
692 5735 793 5788 lsa.
826 5747 975 5799 xxix,
1008 5731 1093 5786 l5.
1168 5731 1216 5764 "
1238 5729 1395 5786 Joan.
1427 5728 1547 5793 1,5.

2157 3252 2352 3307 merito
2372 3262 2532 3309 vocat
2564 3271 2577 3307 :
2610 3254 2761 3324 quia,
2794 3254 2988 3308 Omnia
3025 3269 3116 3322 per
3144 3255 3315 3324 ipsum
3337 3256 3477 3324 facta
3507 3264 3647 3312 sunt.
3680 3265 3730 3309 et

2153 3344 2267 3398 sine
2296 3346 2409 3413 ipso
2437 3346 2637 3413 factum
2664 3355 2740 3400 est
2766 3345 2995 3411 nihil";
3024 3347 3095 3399 ita
3120 3354 3179 3400 ut
3217 3345 3380 3399 etiam
3433 3345 3572 3400 alius
3604 3362 3728 3415 pro-

2156 3433 2317 3501 pheta
2345 3435 2522 3488 dicat:
2558 3434 2751 3489 Manus
2777 3436 2914 3489 enim
2963 3435 3178 3489 Domini
3210 3436 3329 3505 fecit
3351 3434 3478 3505 ‘Iiazc
3525 3438 3724 3490 omnia.

2154 3521 2322 3589 Igitur
2345 3539 2455 3578 non
2485 3532 2613 3578 sunt
2643 3525 2910 3579 recordati
2936 3525 3056 3594 ers
3085 3526 3177 3594 qui
3216 3527 3365 3595 ipsos
3394 3525 3725 3580 liberaverat

2154 3613 2222 3666 de
2251 3629 2416 3666 manu
2443 3614 2777 3680 tribulantis,
2821 3616 2952 3669 dicit
3010 3626 3191 3670 autem
3243 3615 3608 3681 Pharaonem,
3667 3615 3721 3670 in

2153 3703 2241 3757 die
2266 3704 2616 3770 egressionis.
3160 3698 3167 3703 ’

2227 3873 2384 3929 Vens.
2427 3875 2515 3929 49.
2547 3893 2566 3926 ι
2613 3875 2983 3930 lmmissiones
3005 3891 3099 3946 per
3121 3877 3340 3946 angelos
3362 3877 3554 3932 malos.
3592 3896 3613 3930 ι

2221 3967 2339 4023 Non
2370 3976 2565 4022 natura
2592 3968 2740 4032 mali,
2772 3968 2865 4022 sed
2886 3967 3224 4021 intentione:
3256 3982 3383 4021 nam
3414 3968 3721 4024 istiusmodi

2132 4060 2361 4131 angelis
2387 4059 2531 4113 Deus
2572 4074 2912 4129 nequaquam
2956 4074 3090 4113 usus
3130 4058 3321 4113 luisset
3377 4061 3443 4115 ad
3477 4060 3725 4125 ministe-

2152 4152 2292 4207 rium
2319 4150 2447 4206 :sed
2475 4165 2670 4220 pravos
2690 4150 3001 4219 appellavit,
3037 4149 3163 4220 quia
3194 4151 3410 4207 labores
3434 4161 3495 4207 et
3550 4153 3723 4206 mole-

2156 4243 2292 4297 stias
2327 4242 2468 4313 jussi
2496 4242 2838 4309 inferebant;
2899 4242 2977 4295 uti
3030 4252 3086 4296 et
3110 4242 3319 4296 malum
3331 4243 3521 4313 judicii
3553 4244 3721 4308 diem,

2154 4337 2358 4406 quippe
2417 4335 2796 4405 peccatoribus
2857 4334 3119 4388 refertum
3156 4334 3336 4388 :malis
3364 4343 3420 4388 et
3467 4335 3717 4401 miseriis,

2154 4428 2297 4482 idem
2354 4426 2443 4479 hic
2472 4426 2755 4481 Psalmista
2803 4422 3278 4495 nuncupavitmit
3297 4426 3486 4480 enim:
3528 4426 3723 4482 Beatus

2153 4513 2244 4590 (iui
2268 4519 2513 4589 intelligit
2537 4534 2694 4586 super
2721 4533 2936 4587 egenum
2974 4527 3021 4570 et
3053 4531 3354 4585 pauperem,
3394 4517 3449 4569 in
3471 4516 3557 4569 die
3578 4516 3719 4570 mala

2156 4612 2395 4665 liberabit
2431 4627 2549 4664 eum
2577 4608 2849 4662 Dominus.
2883 4606 3048 4661 Multa
3070 4607 3233 4662 etiam
3262 4608 3406 4661 circa
3435 4610 3721 4679 castigatos

2152 4704 2533 4758 benevolentia
2570 4716 2706 4756 usus
2737 4709 2822 4755 est
2852 4699 3012 4765 Deus,
3049 4715 3078 4754 a
3103 4700 3407 4755 minoribus
3435 4700 3719 4765 inchoans,

2153 4805 2214 4851 ut
2259 4797 2535 4851 emendati
2594 4795 2801 4863 majora
2853 4794 3168 4848 evaderent.
3235 4793 3443 4863 IdcircO
3485 4794 3721 4862 primum

2147 4890 2396 4960 jumenta
2426 4887 2804 4958 Egyptiorum
2832 4886 2886 4940 in
2921 4895 3099 4940 morte
3139 4885 3440 4950 conclusit;
3473 4896 3566 4938 seu
3597 4899 3719 4938 cum

2149 4979 2500 5034 insensibiles
2578 4977 2891 5046 reperiret,
2974 4970 3248 5046 percussit
3323 4974 3716 5047 primogenita.

2149 5085 2492 5140 nequaquam
2534 5069 3025 5139 primogenitorum
3074 5069 3289 5137 plagam
3343 5065 3616 5127 illaturus,
3673 5062 3724 5115 si

2148 5173 2323 5219 morte
2349 5177 2606 5232 pecorum
2630 5162 2696 5216 ad
2728 5162 2941 5232 frugem
2968 5160 3184 5215 adducti
3212 5156 3587 5226 resipuissent.

2224 5434 2388 5490 Vens.
2417 5435 2507 5489 55.
2603 5431 2670 5486 Et
2693 5429 2918 5486 deduxit
2947 5443 3045 5493 eos
3067 5427 3125 5481 in
3155 5442 3271 5497 spe.
3307 5445 3325 5477 ι

2222 5528 2382 5594 Quali
2429 5526 2568 5596 spe?
2628 5521 2980 5579 Manifestum
3032 5520 3176 5590 quod
3228 5513 3720 5590 promissionls‘ad
