4044 6228
336 313 465 380 125!

1513 301 1875 364 HESYCHII
1896 299 2364 363 PRESBYTERI

3447 297 3577 365 l252

333 438 522 499 patres
544 425 721 480 facta.
766 421 853 477 Ait
880 418 1026 474 enim
1049 415 1318 471 Abrahae:
1350 414 1574 469 Sciendo
1602 416 1754 479 scies,
1782 413 1908 484 quia

2022 408 2368 479 ἐπαγγελίας,
2407 405 2656 476 εὔδηλον.
2678 406 2817 479 Φησὶ
2842 407 2951 479 γὰρ
2977 407 3056 479 τῷ
3085 407 3369 481 ’Δὸραάμο
3392 411 3580 465 una.

334 517 664 589 peregrinum
696 513 793 566 erit
823 527 997 566 semen
1032 519 1178 562 tuum
1209 509 1267 562 in
1302 516 1443 561 terra
1473 522 1576 559 non
1599 507 1839 575 propria,
1860 514 1911 559 et

334 619 390 670 in
409 620 709 669 servitutem
734 613 969 683 redigent
997 626 1104 676 eos,
1133 619 1182 663 et
1211 608 1588 671 humiliabunt,
1618 617 1667 661 et
1686 608 1908 678 amigent

335 724 423 762 eos
453 705 855 777 quadringentis
876 703 1065 756 annis:
1094 709 1298 772 gentem
1321 710 1501 752 autem
1524 699 1611 751 cui
1638 697 1910 751 servierint

331 797 729 867 iudicabo-ego,
761 805 810 849 et
844 795 1054 848 exibunt
1082 793 1182 846 huc
1210 808 1327 846 cum
1355 799 1623 860 apparatu
1655 788 1902 843 multo”.

340 891 454 945 Hac
479 875 649 960 igitur
698 901 796 957 spe
848 885 1019 949 ducti,
1064 899 1175 938 non
1241 883 1528 947 timebant,
1578 881 1707 935 dum
1763 890 1912 932 mare

338 983 581 1037 Rubrum
614 979 825 1051 pedites
848 978 1260 1049 pertransirent,
1291 973 1436 1044 quod
1458 972 1706 1028 inimicos
1720 983 1912 1025 eorum

338 1072 644 1143 cooperuit,
695 1081 860 1140 atque
909 1084 1050 1139 aqua
1107 1067 1506 1138 superveniens
1561 1062 1912 1133 sepulchrum

338 1164 608 1236 Egyptiis
638 1161 868 1217 exstitit.

410 1318 578 1373 Vens.
606 1318 696 1371 6'5.
731 1333 750 1368 ι
789 1315 1030 1370 Juveues
1051 1329 1241 1369 eorum
1272 1311 1511 1369 comedit
1541 1310 1700 1382 ignis.
1736 1328 1755 1361 ι

410 1410 651 1467 Iuvenes
682 1417 840 1463 vocat
861 1408 915 1461 in
940 1407 1056 1477 lege
1077 1413 1349 1475 potentes,
1373 1403 1521 1459 verbi
1544 1402 1736 1473 gratia,
1764 1400 1913 1455 Scri-

344 1502 442 1556 bas
461 1510 519 1555 et
544 1499 868 1561 Pbarisaeos,
896 1496 1065 1566 quiin
1091 1495 1291 1549 virtute
1320 1493 1638 1548 litteraturae
1665 1489 1916 1562 przeﬁde-

341 1592 507 1645 bant:
539 1589 641 1644 hos
700 1587 986 1643 devoravit
1046 1586 1209 1657 ignis,
1244 1584 1334 1654 qui
1378 1594 1463 1639 est
1493 1583 1645 1638 zelus
1696 1582 1755 1636 in
1790 1596 1912 1648 nos,

342 1683 589 1736 videntes
623 1680 771 1750 quod
815 1678 933 1735 sine
961 1679 1092 1749 iugo
1127 1677 1287 1747 legali
1311 1674 1693 1746 justiilcemur.
1732 1672 1914 1739 Quare

2011 517 2182 556 σκων
2210 500 2439 571 γνώσῃ,
2464 500 2554 554 ὅτι
2580 498 2873 566 πάροικον
2896 500 3069 554 ἔσται
3096 501 3162 554 τὸ
3195 500 3437 571 σπέρμα
3461 520 3583 559 σου

2010 594 2080 646 ἐν
2115 591 2195 662 γῆ
2226 594 2339 646 οὐκ
2374 590 2493 658 ὶδιᾳ
2515 607 2530 624 ο
2561 591 2662 645 καί
2708 590 3136 646 δουλώσουσιν
3181 594 3428 660 αὐτοὺς,
3478 596 3583 650 καὶ

2009 683 2480 750 ταπεινώσουσι,
2517 684 2618 738 καί
2658 684 3052 740 κακώσουσιν
3093 686 3320 751 αὐτοὺς
3356 686 3461 754 ἐτη
3492 704 3585 741 τε·

2010 776 2333 843 τρακόσια·
2368 775 2436 830 τὸ
2460 776 2532 829 δὲ
2549 776 2727 843 ἔθνος
2765 771 2814 844 ᾧ
2840 777 2949 832 thr
2983 777 3370 834 δουλεύσωσι
3402 778 3587 849 κρινῶ

2011 868 2146 936 ἐγὼ,
2173 868 2273 923 καί
2296 869 2724 933 ἐξελεύσονται
2741 863 2858 923 ὧδε
2872 868 3024 938 μετὰ
3046 868 3403 939 ἀποσκευῆς
3430 875 3588 927 πολ-

2010 960 2150 1030 λῆς.
2182 961 2367 1033 Ταύτῃ
2399 961 2580 1015 τοίνυν
2615 964 2682 1032 τῇ
2701 960 2879 1014 ἐλπίδι
2898 960 3277 1031 ὁδηγούμενοι,
3308 961 3411 1015 οὐκ
3442 961 3587 1015 ἐδει-

2012 1050 2242 1109 λίασαν-.
2297 1050 2398 1122 τὴν
2436 1050 2712 1122 Ἐρυθρὰν
2747 1049 3070 1113 πεζεύοντες
3115 1049 3425 1115 θάλασσαν,
3461 1050 3588 1120 ἥτις

2013 1141 2193 1194 αὐτῶν
2224 1143 2349 1204 τοὺς
2377 1139 2606 1211 ἐχθροὺς
2645 1140 2982 1211 ὲπεκὰλυψε,
3026 1140 3122 1194 καὶ
3151 1141 3323 1210 τάφος
3356 1140 3418 1195 τὸ
3438 1139 3587 1213 ὕδωρ

2015 1231 2311 1302 ἐπιδραμὸν
2344 1234 2457 1294 τοῖς
2488 1229 2814 1298 Αἰγυπτίοις
2850 1230 3090 1298 ἐγένετο.

2092 1339 2112 1373 ι
2141 1318 2635 1383 Τοὺς“νεανίσκους
2666 1320 2846 1374 αὐτῶν
2871 1318 3156 1388 κατέφαγε
3187 1318 3320 1389 πῦρ.
3350 1336 3372 1372 ι

2082 1411 2419 1475 Νεανίσκους
2451 1411 2601 1480 λέγει
2624 1411 2751 1474 τοὺς
2773 1409 2832 1466 ἔν
2865 1409 2944 1480 τῷ
2973 1410 3124 1481 νόμῳ
3166 1410 3450 1475 δυνατοὺς,
3475 1404 3590 1464 οἷον
3627 1393 3637 1399 ν

2014 1501 2141 1563 τοὺς
2206 1502 2555 1571 γραμματεῖς
2617 1499 2715 1554 καὶ
2779 1500 2909 1562 τοὺς
2958 1499 3291 1570 Φαρισαίους
3315 1538 3332 1565 ,
3387 1499 3590 1564 οἵτινες

2015 1592 2284 1664 ἐθάρρουν
2326 1594 2395 1662 τῇ
2447 1591 2596 1662 ἰσχύϊ
2639 1590 2738 1645 τοῦ
2776 1590 3135 1662 γράμματοςο
3187 1589 3417 1655 τούτους
3459 1607 3593 1645 κατ-

2016 1685 2187 1753 έφαγε
2226 1683 2358 1758 πῦρ,
2393 1687 2422 1739 ὁ
2450 1685 2587 1757 πρὸς
2631 1686 2781 1755 ἡμᾶς
2819 1683 3001 1755 ζῆλος,
3033 1682 3276 1754 ὁρῶντας
3305 1683 3388 1739 ὅτι
3422 1684 3593 1755 χωρὶς

350 1770 517 1825 etiam
548 1770 617 1824 ad
639 1770 786 1839 ipsos
819 1768 988 1823 lsaias
1018 1767 1186 1822 dixit:
1230 1765 1390 1818 Zelus
1414 1763 1767 1834 apprehendat
1817 1778 1915 1833 po-

2022 1774 2186 1842 ζυγοῦ
2208 1774 2439 1844 νομικοῦ
2468 1775 2866 1845 ἔδικαιούμεθα.
2899 1775 2993 1829 Διδ
3034 1775 3128 1828 καὶ
3159 1775 3297 1846 πρὸς
3335 1775 3532 1840 αὐτοὺς
3562 1777 3594 1829 ὁ

343 1860 526 1931 pulum
560 1860 927 1922 ineruditum;
986 1867 1033 1912 et
1093 1872 1232 1911 nunc
1279 1857 1415 1927 ignis
1453 1855 1787 1909 adversarios
1832 1869 1918 1907 co-

344 1952 513 2005 medet
529 1950 598 2003 ⁸³.

418 2043 578 2097 Vens.
612 2040 703 2095 65.
743 2058 764 2094 ι
794 2038 1078 2109 Tanquam
1102 2047 1298 2110 potens
1313 2037 1681 2108 crapulatusa
1709 2036 1858 2093 vino.
1892 2055 1912 2089 ι

419 2130 658 2201 Crapula
688 2136 874 2184 autem
904 2129 1123 2199 qualis?
1162 2131 1206 2182 A
1232 2130 1380 2194 vino,
1433 2144 1555 2198 quae
1601 2127 1919 2198 potentibus

347 2220 636 2290 congruit;
665 2217 759 2288 qui
788 2226 915 2287 post
942 2218 1130 2271 vinum
1154 2224 1507 2287 exsurgentes
1548 2215 1720 2287 magis
1743 2215 1920 2286 impe-

346 2310 492 2365 tuosi
522 2310 812 2365 exsistunt.
842 2308 934 2363 Sic
955 2308 1119 2363 etiam
1141 2307 1313 2362 Deum
1358 2312 1485 2377 post
1533 2305 1921 2377 longanimita-

346 2413 457 2459 tem
486 2404 750 2458 adversus
807 2415 904 2456 eos
934 2400 1025 2470 qui
1066 2400 1208 2454 hanc
1246 2414 1356 2454 non
1414 2398 1922 2454 animadverterunt

349 2493 813 2550 vehementiorem
845 2492 962 2547 fore
994 2505 1314 2562 speramus:
1343 2490 1486 2560 quod
1518 2492 1701 2559 utique
1726 2489 1922 2545 etiam-

347 2603 480 2642 num
506 2586 654 2641 fecit.

422 2675 584 2730 Vens.
612 2675 700 2729 68.
743 2691 762 2725 ι
804 2673 873 2727 Et
909 2671 1073 2743 elegit
1095 2671 1297 2727 tribum
1323 2671 1481 2727 Juda.
1506 2690 1528 2723 ι

420 2765 810 2821 Verumtamen
840 2777 952 2817 non
984 2761 1161 2816 tribus
1183 2760 1344 2825 Juda,
1373 2760 1467 2815 sed
1494 2758 1775 2829 Beniamin
1802 2765 1922 2814 erat

351 2858 483 2912 Sion
516 2865 571 2910 et
606 2854 911 2910 Jerusalem
936 2853 1179 2923 antiqua.
1212 2851 1317 2907 Sed
1339 2851 1533 2906 Judam
1566 2859 1724 2906 vocat
1757 2851 1922 2906 conti-

354 2955 559 3002 tentcm
627 2945 768 3016 (hoc
824 2943 971 2996 enim
1022 2942 1189 2997 .ludas
1270 2938 1920 3010 interpretatur):hujus

353 3039 527 3093 tribus
560 3050 646 3093 est
680 3036 953 3101 Ecclesia;
1003 3050 1129 3089 nam
1166 3049 1264 3104 per
1283 3032 1663 3103 paenitentiam
1687 3040 1742 3086 et
1781 3046 1918 3085 con-

348 3130 647 3185 fessionem
687 3127 1010 3183 servaturin
1038 3126 1153 3196 ipsa
1178 3139 1336 3179 mons
1381 3122 1535 3185 Sion,
1561 3138 1722 3192 quem
1754 3122 1920 3176 nimi-

354 3236 479 3275 rum
501 3220 667 3274 etiam
700 3218 913 3274 dilexit.
960 3216 1149 3273 Omnis
1198 3215 1347 3271 enim
1382 3215 1694 3286 quicunque
1748 3213 1919 3267 Deum

352 3321 584 3383 spectat,
615 3312 704 3367 hic
725 3326 885 3367 mons
903 3309 1033 3366 Sion
1056 3310 1390 3377 nominatur;
1404 3310 1532 3379 quia
1552 3308 1686 3363 Sion
1700 3305 1921 3376 specula

353 3407 763 3475 interpretatur.

422 3582 624 3653 Utique
657 3581 842 3639 dices:
891 3578 947 3636 Si
996 3579 1376 3650 mysteriorum
1428 3575 1922 3633 ecclesiasticorurn

353 3671 690 3738 meminerit,
740 3685 838 3725 cur
886 3669 1141 3724 Davidem
1199 3668 1256 3722 in
1313 3667 1556 3723 medium
1614 3665 1797 3720 attulit
1840 3664 1925 3722 his

358 3763 532 3818 multo
589 3763 953 3831 antiquiorem
1001 3761 1421 3815 exsistentcm?
1472 3759 1608 3828 Quia
1668 3757 1923 3813 nimirum

355 3863 509 3923 pater
551 3863 606 3908 et
624 3854 799 3924 imago
822 3853 1027 3908 Christi
1054 3861 1190 3908 erat.
1219 3851 1561 3922 Quapropter
1580 3850 1648 3905 de
1675 3850 1927 3921 gregibus

354 3947 541 4001 ovium
572 3955 885 4016 assumptus
932 3945 1056 4009 fuit,
1087 3959 1196 3998 non
1229 3944 1298 3999 de
1325 3960 1435 3999 uno
1477 3957 1660 4014 grege.
1709 3941 1927 3997 Christo

356 4040 501 4092 enim
530 4039 748 4108 plurimi
774 4053 969 4109 greges
993 4047 1122 4092 sunt
1155 4053 1278 4092 cum
1310 4036 1590 4092 hominum
1618 4044 1731 4090 tum
1763 4050 1929 4105 ange-

356 4128 557 4193 lorum,
603 4136 716 4182 tum
779 4127 1011 4181 aliarum
1062 4127 1409 4182 rationalium
1462 4136 1519 4183 et
1572 4127 1926 4182 invisibilium

358 4219 646 4283 virtutum,
675 4233 796 4287 qua:
820 4227 875 4271 et
902 4217 1230 4286 proliﬁcant,
1254 4218 1308 4273 id
1333 4228 1437 4285 est,
1466 4226 1683 4274 uterum
1710 4226 1923 4290 gerunt:

351 4326 579 4381 gregem
604 4310 752 4364 enim
801 4310 1041 4364 sterilem
1072 4325 1183 4364 non
1210 4309 1397 4376 habet,
1454 4310 1549 4365 sed
1590 4326 1782 4365 omnes
1830 4326 1929 4380 per

2032 1865 2257 1929 Ἡσαΐας
2282 1865 2458 1934 ἔλεγε·
2488 1864 2683 1935 Ζῆλος
2707 1867 2969 1934 λήψεται
2999 1866 3155 1920 λαὸν
3190 1864 3555 1921 ἀπαίδευτον
3575 1881 3590 1896 ⁸

2018 1958 2117 2012 καί
2139 1958 2257 2013 νῦν
2283 1959 2404 2027 πῦρ
2430 1958 2574 2025 τοὺς
2597 1960 3002 2025 ὑπεναντίους
3026 1959 3244 2014 ἔδεται.

2096 2069 2115 2103 ι
2160 2050 2250 2114 Ὠς
2276 2050 2504 2114 δυνατὸς
2532 2050 2997 2123 κεκραιπαληκὼς
3026 2050 3088 2116 ἐξ
3112 2050 3281 2104 οίνου.
3320 2067 3339 2102 ι

2090 2142 2386 2221 Κραιπάλη
2409 2143 2466 2197 δὲ
2498 2143 2661 2210 ποίας
2694 2144 2757 2196 Ἠ
2775 2143 2833 2210 ἐξ
2874 2144 3017 2196 οῐνου
3037 2144 3150 2206 τοῖς
3175 2142 3419 2205 δυνατοῖς
3448 2157 3592 2213 συμ-

2018 2235 2284 2290 ϐαίνουσα
2305 2251 2320 2265 ·
2344 2234 2483 2289 ἀλλὰ
2511 2235 2650 2306 μετὰ
2674 2235 2765 2290 τὸν
2810 2230 2952 2289 οἶνον
2986 2233 3325 2306 ὶγερθέντες,
3357 2235 3591 2305 ὁρμητι-

2021 2323 2248 2395 κὼτεροι
2286 2324 2554 2392 γίνονται.
2609 2322 2767 2378 Οὕτω
2806 2322 2902 2377 καὶ
2941 2322 3032 2377 τὸν
3057 2322 3190 2376 Θεὸν
3234 2322 3593 2393 σφοδρότερον

2025 2419 2162 2486 μετὰ
2208 2417 2307 2487 τὴν
2367 2415 2752 2487 μακροθυμίαν
2792 2414 3014 2470 ἔσεσθαι
3077 2414 3221 2469 κατὰ
3264 2414 3373 2469 τῶν
3421 2414 3592 2484 αὐτῆς

2019 2511 2122 2564 οὐκ
2196 2508 2608 2581 αἰσθανομένων
2660 2508 2989 2579 ἐλπίζομεν
3033 2508 3088 2562 τί
3116 2508 3228 2580 γὰρ
3264 2507 3332 2581 δὴ
3374 2508 3470 2563 καὶ
3496 2506 3591 2563 νῦν

2019 2601 2279 2670 ἐποίησεν
2300 2618 2316 2668 ;

2098 2717 2116 2747 ι
2148 2697 2258 2750 Καὶ
2286 2693 2571 2761 ἐξελέξατο
2597 2694 2695 2765 τὴν
2720 2694 2891 2767 φυλὴν
2930 2694 3122 2750 Ἰούδα.
3156 2711 3177 2746 s

2094 2788 2205 2842 Καὶ
2241 2787 2350 2859 μὴν
2383 2787 2444 2840 οὐ
2484 2785 2585 2856 τῆς
2614 2786 2789 2856 φυλῆς
2825 2785 2921 2841 τοῦ
2963 2785 3163 2852 Ἰούδα,
3196 2785 3329 2840 ἀλλὰ
3365 2786 3464 2856 τῆς
3492 2784 3588 2839 τοῦ

2021 2877 2283 2947 Βενιαμὶν
2333 2875 2473 2944 αὕτη
2503 2893 2565 2928 τε
2597 2876 2632 2946 η
2685 2875 2822 2928 Σιὼν
2851 2874 2948 2928 καὶ
2997 2874 3347 2946 Ἰερουσαλὴμ
3382 2872 3587 2944 ἀρχαία

2021 2967 2340 3038 ἐτύγχανεν.
2359 2967 2520 3020 Ἀλλὰ
2558 2967 2759 3021 Ἰούδαν
2790 2967 2938 3036 λέγει
2978 2966 3068 3021 τὸν
3098 2964 3589 3035 ἑξομολογούμενον

2026 3056 2204 3127 (τοῦτο
2228 3058 2341 3127 γὰρ
2383 3059 2413 3110 ὁ
2464 3055 2667 3120 Ἰούδας
2695 3055 3086 3128 ἑρμηνεύεται)
3109 3070 3126 3087 ⁶
3158 3055 3349 3111 τούτου
3381 3055 3524 3127 φυλὴ

2036 3149 2331 3220 Ἐκκλησία
2352 3163 2366 3177 ’
2400 3149 2490 3203 διὰ
2532 3149 2642 3218 γὰρ
2684 3147 2975 3219 μετανοίας
3022 3149 3119 3201 καὶ
3152 3146 3595 3218 ὲξομολογήσεως

2024 3241 2258 3304 σώζεται
2307 3240 2436 3313 παρ’
2482 3242 2622 3312 αὐτῇ
2646 3241 2709 3293 τὸ
2735 3239 2861 3311 ὅρος
2911 3240 2973 3293 τὸ
2996 3239 3159 3305 Σιὼν,
3201 3241 3338 3310 ὅπερ
3379 3239 3444 3309 δὴ
3494 3241 3592 3294 καὶ

2019 3333 2299 3402 ἠγάπησε.
2330 3333 2445 3395 Πᾶς
2469 3333 2579 3403 γὰρ
2602 3333 2654 3385 εἴ
2679 3349 2765 3394 τις
2799 3331 3058 3385 σκοπεὺει
3086 3331 3243 3399 Θεὸν,
3269 3326 3425 3396 οὗτος
3453 3329 3593 3385 Σιὼν

2020 3423 2383 3496 ὀνομάζεται·
2415 3425 2605 3496 ἐπειδὴ
2630 3425 3080 3497 σκοπευτήριον
3121 3424 3262 3480 Σιὼν
3291 3425 3591 3498 ἑρμηνεύε-

2018 3532 2135 3572 ται.

2095 3608 2319 3670 Πάντως
2355 3606 2501 3678 ἐρεῖς
2521 3621 2536 3636 ·
2575 3607 2638 3660 Εί
2676 3606 2786 3660 τῶν
2814 3608 2956 3662 κατὰ
2989 3606 3092 3680 τὴν
3121 3608 3452 3681 Ἐκκλησίαν
3493 3627 3592 3681 μυ-

2027 3699 2264 3770 στηρίων
2295 3698 2592 3770 ἐμέμνητο,
2618 3698 2764 3762 τίνος
2798 3700 2960 3770 χάριν
2985 3700 3067 3764 είς
3095 3699 3259 3770 μέσον
3298 3701 3476 3772 ἧγαγε
3502 3701 3591 3755 τὸν

2024 3789 2191 3842 Δαϐὶδ
2213 3789 2566 3861 ἀρχαιότερον
2585 3789 2790 3843 τούτων
2820 3790 2951 3844 πολὺ
2983 3792 3351 3862 τυγχάνοντας
3372 3791 3592 3864 Ἐπειδὴ

2024 3880 2213 3950 Πατὴρ
2255 3884 2350 3935 καὶ
2374 3879 2540 3934 εἰκὼν
2591 3876 2660 3951 ἦν
2712 3880 2805 3935 τοῦ
2850 3882 3111 3952 Χριστοῦ.
3166 3883 3328 3936 Ὅθεν
3375 3886 3439 3937 ὲκ
3488 3883 3594 3938 τῶν

2026 3973 2292 4043 ποιμνίων
2331 3971 2442 4025 τῶν
2488 3973 2779 4042 προϐάτων
2824 3973 3181 4045 ἁνείληπται,
3238 3976 3341 4028 οὐκ
3381 3978 3451 4029 ὲκ
3497 3975 3593 4031 τοῦ

2027 4062 2301 4133 ποιμνίου.
2342 4062 2542 4116 Πολλαὶ
2580 4063 2688 4134 7&9
2738 4062 2816 4135 τῷ
2856 4064 3079 4136 Χριστῷ
3127 4069 3375 4137 ποῖμναι,
3406 4070 3463 4122 αἱ
3498 4067 3595 4139 μὲν

2026 4152 2349 4225 ἀνθρώπων,
2381 4154 2436 4206 αί
2462 4150 2525 4205 δὲ
2561 4152 2835 4222 ἀγγέλων,
2859 4156 2915 4207 αί
2943 4155 3001 4208 δὲ
3030 4157 3264 4224 λογικῶν
3299 4159 3475 4213 ἄλλων
3502 4162 3597 4214 καὶ

2024 4244 2271 4313 ἀοράτων
2282 4242 2583 4313 δυνάμεων,
2604 4244 2807 4307 αἵτινες
2830 4245 2928 4298 καὶ
2943 4245 3273 4316 λοχεύονται,
3299 4251 3592 4315 τουτέστιν,

2027 4333 2389 4404 ὲγκυμονοῦσι
2413 4347 2428 4363 ο
2456 4334 2697 4404 ποίμνην
2747 4334 2856 4405 γὰρ
2898 4335 3146 4408 ἄκαρπον
3172 4338 3272 4391 οὐκ
3302 4338 3437 4408 ἔχει,
3460 4338 3597 4391 ἀλλὰ

355 4402 610 4456 timorem
638 4401 809 4472 ipsius
835 4400 1208 4471 concipientes
1248 4402 1634 4472 parientesque
1670 4402 1919 4457 salutem.

2035 4422 2217 4484 πάσας
2241 4421 2330 4474 διὰ.
2353 4421 2444 4475 τὸν
2473 4421 2636 4475 αὐτοῦ
2662 4426 3035 4493 κυοφορούσας
3064 4425 3228 4494 φόϐον
3258 4430 3354 4481 καὶ
3385 4428 3600 4482 τικτού-

351 4492 704 4563 Quapropter
739 4493 906 4550 etiam
947 4493 1111 4550 Isaias
1138 4493 1308 4549 dixit:
1337 4494 1381 4548 Α
1411 4495 1601 4548 timore
1647 4504 1758 4558 tuo,
1814 4493 1919 4548 Do-

2031 4529 2131 4576 σας
2175 4513 2465 4585 σωτηρίαν.
2518 4515 2721 4587 Διόπερ
2762 4492 2857 4572 ttat
2907 4492 3135 4582 Ἡσαΐας
3185 4519 3392 4588 έλεγενυ
3453 4521 3600 4575 Ἀπὸ

353 4584 518 4648 mine,
557 4585 614 4636 in
648 4592 796 4639 utero
824 4586 1144 4654 accepimus.
1176 4597 1224 4639 et
1253 4585 1652 4656 parturivimus,
1683 4595 1729 4639 et
1764 4599 1923 4653 pepe-

352 4673 522 4726 rimus
584 4675 829 4743 spiritum
870 4676 1059 4731 salutis
1113 4684 1260 4743 tute,
1306 4692 1460 4747 quem
1504 4676 1719 4746 fecimus
1768 4690 1929 4745 super

349 4769 553 4817 terram
566 4764 632 4816 π.

426 4850 590 4907 Vens.
621 4852 710 4907 7i.
739 4871 758 4904 ι
797 4851 1034 4909 Pascere
1060 4852 1228 4909 Jacob
1248 4869 1466 4909 servum
1493 4868 1675 4909 suum.
1719 4872 1739 4906 ι

424 4943 690 5014 Populum
718 4945 977 5000 nimirum
1001 4961 1065 5000 ex
1095 4944 1366 5017 gentibus.
1407 4944 1506 5001 ilic
1554 4946 1702 5000 enim
1752 4943 1921 5000 Jacob

345 5048 457 5104 est,
480 5039 608 5110 quia
631 5054 755 5094 cum
781 5036 999 5093 Iudaeos
1027 5041 1446 5109 supplantasset,
1495 5040 1706 5110 accepit
1730 5053 1921 5093 eorum

347 5134 751 5205 primogenita;
787 5144 950 5204 atque
991 5135 1216 5205 insuper
1260 5134 1423 5191 etiam
1458 5135 1654 5191 Israel:
1710 5143 1924 5206 spectat

346 5227 497 5279 enim
529 5226 695 5281 Deum
729 5237 974 5297 tempore
1024 5230 1412 5300 mysteriorum
1449 5230 1605 5299 quasi
1658 5229 1799 5284 facie
1855 5228 1922 5284 ad

349 5315 567 5372 faciem.
630 5316 788 5382 Quod
841 5328 1025 5374 autem
1076 5320 1217 5375 Deus
1264 5321 1622 5391 pascal,audi
1667 5320 1924 5376 Davidem

351 5406 661 5461 dicentem:
696 5405 953 5464 Dominus
1002 5412 1173 5480 pascit
1223 5428 1306 5466 me
1361 5409 1613 5483 [Vulgata
1642 5410 1820 5484 regit],
1879 5422 1926 5465 et

348 5497 482 5549 nihil
510 5498 636 5551 mihi
693 5500 938 5555 deerit“.
961 5500 1103 5556 Audi
1125 5501 1288 5557 etiam
1317 5499 1596 5557 Christum
1635 5520 1646 5556 :
1687 5500 1798 5572 Ego
1813 5516 1928 5557 sunt

354 5596 534 5650 pastor
572 5597 732 5642 bonus
744 5592 811 5643 ".

2029 4603 2136 4657 τοῦ
2173 4604 2363 4673 φόϐου
2385 4619 2528 4671 σου,
2569 4608 2780 4675 Κύριε,
2806 4608 2878 4662 ἐν
2900 4609 3116 4677 γαστρί
3152 4609 3468 4679 ἐλάϐομεν,
3498 4609 3600 4666 καὶ

2024 4690 2431 4762 ὼδινήσαμεν,
2452 4693 2551 4748 καί
2575 4694 2859 4764 ὲτέκομεν
2882 4696 3123 4767 πνεῦμα
3143 4700 3444 4767 σωτηρίας
3457 4712 3600 4764 σου,

2027 4781 2399 4852 ἐποιήσαμεν
2424 4784 2524 4837 ἐπὶ
2546 4784 2660 4854 τῆς
2686 4787 2818 4855 γῆς.

2106 4888 2125 4922 ι
2158 4872 2475 4942 Ποιμαίνειν
2523 4873 2718 4928 Ἰακὼὸ
2744 4877 2836 4930 τὸν
2865 4876 3052 4932 δοῦλον
3070 4875 3258 4933 αὐτοῦ.
3310 4896 3330 4931 ι

2100 4963 2205 5018 Τὸν
2241 4964 2301 5029 ἐξ
2348 4965 2519 5019 ἐθνῶν
2568 4967 2770 5039 δηλαδὴ
2830 4968 2979 5025 λαόν.
3039 4969 3236 5024 Ἰακὼϐ
3266 4971 3376 5042 γὰρ
3421 4963 3604 5037 οὗτος,

2028 5055 2220 5127 ἐπειδὴ
2250 5055 2544 5129 πτερνίσας
2567 5060 2695 5122 τοὺς
2751 5059 3072 5127 Ἰουδαίους,
3103 5061 3294 5116 ἐλαϐεν
3317 5062 3498 5116 αὐτῶν
3529 5065 3603 5117 τὰ

2030 5149 2376 5220 πρωτοτόκια
2398 5166 2414 5182 ο
2443 5150 2524 5204 ἔτι
2547 5151 2608 5205 δὲ
2628 5153 2721 5205 καὶ
2763 5152 2984 5225 Ἰσραήλ
3005 5167 3018 5182 ‘
3062 5156 3165 5227 ὁρᾷ
3200 5156 3310 5227 7&9
3339 5156 3437 5211 τὸν
3467 5156 3604 5210 Θεὸν

2026 5241 2167 5294 κατὰ
2203 5241 2294 5293 τὸν
2339 5242 2529 5312 καιρὸν
2557 5243 2669 5295 τῶν
2713 5246 3032 5317 μυστηρίων
3066 5247 3360 5318 πρόσωπον
3408 5246 3603 5319 ὥσπερ
3637 5303 3646 5310 ,

2025 5332 2105 5392 εἰς
2135 5329 2449 5400 πρόσωπον.
2491 5331 2615 5384 Ὀτι
2651 5332 2709 5387 δὲ
2754 5335 3032 5405 ποιμαίνει
3072 5338 3103 5390 ὁ
3145 5337 3487 5408 Θεὸς,ᾶκουε
3505 5340 3605 5393 τοῦ

2028 5421 2192 5475 Δαδὶδ
2242 5421 2402 5476 τοῦτο
2437 5422 2685 5492 λέγοντος
2707 5442 2724 5459 ο
2771 5428 2988 5495 Κύριος
3027 5433 3325 5501 ποιμαίνει
3363 5450 3463 5502 με,
3499 5434 3604 5486 καί

2025 5511 2207 5568 οὐδέν
2245 5530 2323 5581 με
2372 5515 2717 5582 ὑστερήσει.
2777 5519 2973 5574 Ἄκουε
3025 5524 3121 5575 καὶ
3168 5523 3264 5577 τοῦ
3323 5524 3603 5597 Χμστοῦο

2038 5602 2181 5673 Ἐγώ
2211 5606 2329 5673 ειμι
2367 5608 2401 5658 ὁ
2423 5610 2651 5676 ποιμὴν
2685 5613 2719 5663 ὀ
2756 5613 2963 5678 καλός.

429 5697 476 5726 ⁸⁸
510 5697 646 5750 Gen.
678 5716 765 5765 xv,
797 5705 882 5758 15.
959 5707 1003 5739 ‘9
1035 5707 1139 5761 lsa.
1164 5726 1309 5777 xxvi,
1340 5712 1424 5765 11.
1500 5714 1545 5745 ’⁸
1581 5712 1713 5767 ibid.
1744 5714 1827 5768 18.
1905 5716 1919 5747 ¹

2026 5715 2123 5771 sal.
2160 5731 2293 5781 xm,
2336 5717 2389 5770 1.
2475 5718 2520 5749 ⁹²
2551 5717 2715 5775 J‘oan.
2748 5737 2825 5793 ιι,
2859 5723 2945 5778 14.
