4044 6228
420 379 556 446 1Ξ53

971 489 1266 544 ΨΔΛΜΟΣ
1308 489 1442 544 OH'.

493 575 718 640 Ἐθεντο
759 580 1118 654 Ἰερουσαλὴμ
1145 582 1223 646 είς
1257 577 1728 650 όπωροιρυλάκιον.
1775 594 1793 627 ι

490 755 649 819 Τίνος
669 754 829 826 χάριν
857 756 938 817 είς
955 753 1406 824 ὀπωροφυλάκιον
1429 749 1680 822 ;⁹Επειδή
1703 751 1764 803 τὸ
1785 749 2005 821 πνεῦμα

417 848 512 902 τοῦ
539 847 702 918 νόμον
735 848 829 901 καὶ
880 848 990 900 τῶν
1044 846 1344 918 προφητῶν
1371 842 1646 908 λαϐόντες,
1677 844 1844 914 μόνην
1874 860 2006 896 κατ-

421 938 606 991 έλιπον
634 939 818 1000 αὐτοῖς
839 936 1131 1006 φυλάττειν
1148 937 1250 1006 τὴν
1275 935 1506 1008 ὀπώραν
1529 933 1622 986 τοῦ
1653 935 2000 1005 γράμματος.

420 1030 590 1083 Τοῦτο
631 1029 688 1083 δέ
731 1025 801 1100 ἧν
845 1031 949 1083 οὐκ
983 1029 1044 1093 ἐξ
1095 1028 1424 1100 ἀνθρώπων,
1476 1026 1595 1081 ἀλλ’
1636 1029 1702 1080 ἐκ
1739 1025 1836 1078 τοῦ
1869 1023 2004 1078 Θεοῦ

423 1120 753 1193 βουλομένου
801 1120 957 1191 παρά
990 1123 1102 1184 τοῖς
1151 1121 1366 1190 ἐχθροῖς
1412 1120 1512 1182 τὰς
1551 1116 1864 1182 ἀποδείξεις
1906 1117 2007 1185 τῆς

421 1213 658 1278 πίστεως
695 1215 794 1284 τῆς
851 1212 1130 1284 ἡμετέρας
1196 1211 1492 1277 σώζεσθαι.
1561 1209 1785 1280 Ὀπώρα
1832 1209 1890 1262 δὲ
1944 1207 2008 1260 τὸ

421 1306 675 1376 γράμμα,
722 1305 798 1369 ὼς
835 1303 911 1376 μή
957 1304 1192 1373 γνησίαν
1238 1303 1466 1375 τροφὴν,
1498 1304 1635 1358 ἁλλά
1671 1301 2006 1373 πρόσκαιρον

422 1394 564 1464 ἔχον,
583 1397 810 1458 εἰκότως
839 1395 1300 1466 προσηγόρευται.

499 1505 518 1538 ‹
573 1486 829 1557 Ἐξέχεαν
860 1486 922 1538 τὸ
955 1480 1099 1556 αἷμα
1124 1485 1324 1538 αὐτῶν.
1365 1503 1383 1535 ι

493 1571 646 1648 Αἷμα
685 1577 866 1632 αὐτῶν
909 1577 979 1630 τὰ
1018 1577 1228 1648 ψυχικά
1276 1576 1748 1648 πλημμελήματα,
1803 1570 1880 1628 ὧν
1927 1573 2008 1636 είς

423 1663 564 1738 αἷμα
592 1670 625 1738 ή
651 1669 933 1739 ἐκδίκησις
961 1667 1170 1735 γίνεται
1199 1683 1212 1697 ⁸
1242 1665 1416 1718 ταῦτα
1445 1667 1520 1729 ὡς
1564 1664 1710 1737 ὕδωρ
1748 1662 2002 1735 ἐξεχύθη,

424 1756 564 1810 ὥστε
624 1759 822 1828 μηκέτι
883 1756 1278 1827 ἀναληφθῆναι,
1335 1755 1522 1826 ὥσπερ
1575 1755 1698 1806 οὐδέ
1747 1753 1807 1805 τὸ
1858 1752 2004 1822 ὕδωρ

1589 372 2050 432 FRAGMENTA
2091 371 2171 430 IN
2211 369 2570 430 PSAthOS.

2575 477 2897 535 PSALMUS
2934 479 3216 536 LXXVIII.

2180 569 2342 624 Vens.
2375 569 2428 623 l.
2460 589 2478 621 ι
2516 570 2823 624 Posuerunt
2847 569 3145 625 Jerusalem
3177 571 3231 624 in
3280 584 3563 640 pomorum
3587 588 3678 627 cu-

2105 661 2362 716 stodiam.
2392 679 2412 712 ι

2178 753 2357 817 Quare
2389 752 2443 806 in
2468 766 2753 822 pomorum
2778 750 3121 805 custodiam?
3166 751 3300 817 Quia
3335 768 3459 807 cum
3518 756 3680 824 spiri-

2106 852 2221 898 tum
2245 843 2380 914 legis
2423 858 2488 898 ac
2515 843 2904 913 prophetarum
2962 843 3332 907 sustulissent,
3365 846 3537 898 solum
3587 846 3679 898 lit-

2105 943 2238 990 term
2267 951 2489 1006 pomum
2515 935 2650 1005 ipsis
2680 936 3100 990 custodiendum
3156 935 3510 1004 reliquerunt.
3566 937 3682 992 Hoc

2104 1035 2288 1081 autem
2320 1041 2429 1078 non
2461 1035 2577 1079 erat
2599 1040 2663 1080 ex
2689 1025 3024 1090 hominibus,
3060 1025 3154 1079 sed
3179 1041 3244 1079 ex
3299 1024 3406 1079 Deo
3461 1025 3679 1083 volente

2105 1117 2173 1170 ab
2205 1117 2444 1172 inimicis
2475 1126 2793 1187 argumenta
2811 1115 2935 1170 ﬁdei
2961 1126 3160 1170 nostra:
3194 1117 3417 1172 servari.
3450 1115 3677 1171 Pomum

2104 1218 2288 1264 autem
2325 1210 2504 1264 littera
2553 1210 2752 1263 merito
2777 1209 3104 1279 appellatur,
3134 1224 3201 1264 eo
3253 1210 3398 1278 quod
3453 1210 3680 1264 minime

2105 1299 2360 1367 solidum,
2383 1301 2478 1355 sed
2507 1312 2921 1370 temporaneum
2969 1300 3236 1355 duntaxat
3287 1301 3469 1356 cibum
3499 1301 3676 1355 conti-

2105 1398 2280 1444 neret.

2176 1479 2341 1536 Vens.
2374 1482 2427 1536 5.
2471 1500 2489 1532 ι
2527 1479 2855 1534 Effuderunt
2922 1481 3242 1551 sanguinem
3266 1496 3474 1536 eorum.
3513 1502 3532 1534 ι

2179 1571 2412 1642 Sanguis
2459 1587 2648 1626 eorum
2696 1580 2826 1624 sunt
2863 1571 3059 1625 anima:
3083 1572 3300 1636 delicta,
3346 1588 3576 1641 quorum
3624 1575 3677 1627 in

2108 1664 2372 1732 sanguine
2397 1661 2456 1716 ﬁt
2482 1661 2657 1720 ultio:
2712 1662 2828 1714 ha-c
2863 1670 3116 1730 tanquam
3147 1677 3286 1730 aqua
3327 1663 3497 1718 elIusa
3529 1673 3676 1729 sunt,

2109 1764 2168 1808 ut
2196 1754 2398 1808 resumi
2421 1753 2656 1821 amplius
2687 1767 2796 1805 non
2833 1753 3066 1820 possint,
3092 1753 3233 1806 sicut
3259 1769 3357 1807 nec
3390 1769 3528 1823 aqua
3555 1765 3676 1824 post

429 1847 568 1918 μετὰ
601 1847 698 1917 τὴν
744 1846 966 1916 ἔκχυσιν
1015 1847 1262 1900 δύναται.
1307 1847 1524 1909 Κύκλῳ
1564 1844 1958 1914 Ἰερουσαλήμ
1983 1858 2000 1874 ⁶

2105 1844 2452 1899 είῐυεὶοηεῐη.
2487 1843 2552 1896 In
2597 1844 2819 1896 circuitu
2849 1841 3192 1906 Jerusalem;
3257 1843 3310 1897 id
3356 1853 3460 1910 est,
3515 1859 3677 1914 super

424 1935 723 2000 τουτέστιν,
774 1936 860 1987 ἐπ’
903 1933 1099 2005 αὐτὴν,
1153 1935 1392 1997 καὶτοὺς
1429 1933 1492 1998 ἐξ
1537 1934 1728 2006 αὐτῆς.
1773 1935 1846 1988 Τὸ
1892 1935 2000 2004 γὰρ

429 2017 571 2092 αἷμα
622 2023 801 2076 αὐτῶν
833 2022 920 2074 ἐπ’
945 2024 1170 2088 αὐτοὺς,
1215 2023 1311 2076 καὶ
1352 2023 1445 2076 ἐπὶ
1483 2023 1552 2076 τὰ
1592 2024 1757 2076 τέκνα
1798 2023 1998 2088 αὐτῶν,

426 2115 501 2177 ὡς
534 2114 687 2166 αὐτοὶ
717 2115 808 2166 τὸν
849 2114 1082 2185 Χριστὸν
1124 2113 1588 2182 συκοφαντοῦντες
1633 2114 1847 2182 ἔλεγον.
1891 2111 2003 2166 Καὶ

427 2207 540 2258 οὐκ
572 2201 650 2275 ἦν
673 2207 705 2258 ὀ
755 2205 1018 2259 θάπτων.
1048 2207 1149 2258 Διά
1178 2206 1262 2271 τί;
1321 2204 1538 2276 Ἐπειδὴ
1582 2207 1734 2258 αὐτοὶ
1779 2205 1898 2276 μὲν,
1928 2205 2004 2268 ὠς

429 2297 638 2365 νεκροὶ,
674 2296 904 2350 θάπτειν
933 2296 1198 2367 ἀλλήλους
1215 2297 1314 2350 οὐκ
1334 2297 1516 2367 ἴσχυον
1539 2313 1553 2327 ο
1578 2297 1612 2367 ἡ
1629 2287 1926 2365 Ἐκκλησία
1949 2295 2004 2348 δὲ

428 2385 654 2439 θάπτειν
683 2387 879 2449 αὐτοὺς
894 2387 995 2439 οὐκ
1017 2389 1323 2448 ἐπίσταται,
1361 2385 1661 2452 τουτέστιν,
1685 2388 1744 2439 οὐ
1777 2386 2004 2440 συσκιά-

428 2476 540 2541 ζειν
559 2476 820 2530 αὐτῶντὰ
838 2479 1233 2549 ἁμαρτήματα.
1262 2479 1326 2530 Τί
1359 2477 1415 2530 δέ
1450 2478 1509 2531 τὸ
1540 2478 1779 2544 κωλύον;
1815 2479 1876 2534 'H
1905 2478 2000 2532 τοῦ

429 2565 667 2638 Χριστοῦ
699 2567 973 2637 ἀπόφασις
1009 2569 1042 2638 ή
1065 2568 1298 2636 λέγουσα
1317 2583 1332 2600 ·
1375 2569 1560 2638 ’Ἄφες
1583 2569 1725 2636 τοὺς
1752 2570 2006 2638 νεκροὺς

431 2656 678 2712 θάπτειν
715 2658 859 2725 τοὺς
897 2658 1130 2712 ἑαυτῶν
1175 2659 1448 2727 νεκρούς.
1487 2659 1587 2713 Διὰ
1640 2661 1727 2725 τί;
1789 2660 2004 2730 Ἐπειδὴ

431 2748 794 2818 ἁμαρτωλοὺς
869 2748 1183 2814 συσκιάζειν
1234 2749 1603 2820 πειρώμενοι,
1665 2751 2006 2820 γυμνοτέρας

431 2840 640 2892 ἑαυτῶν
668 2840 764 2905 τάς
790 2841 1040 2913 πράξεις,
1078 2842 1171 2895 καὶ
1197 2842 1362 2894 πᾶσιν
1392 2841 1794 2904 ἐπονειδίστους
1827 2843 2001 2913 ἐργά-

435 2929 643 2993 ζονται.

520 3040 536 3072 ι
569 3022 658 3091 Μὴ
699 3021 942 3094 μνησθῇς
965 3022 1124 3094 ήμῶν
1155 3023 1396 3094 ἀνομιῶν
1426 3022 1687 3095 ἀρχαίων.
1732 3041 1753 3072 ι

504 3221 675 3277 Πόθεν
723 3221 832 3292 γὰρ
882 3221 1116 3290 ἀρκέσαι
1161 3221 1294 3293 πρὸς
1341 3223 1543 3293 ἀρχαῖα
1581 3220 1728 3274 κακά
1768 3220 1862 3274 καὶ
1906 3219 2001 3275 νέα

435 3311 878 3384 δυνηθησόμεθα;
930 3313 1090 3375 Ἰσως
1123 3312 1178 3364 δὲ
1227 3313 1256 3364 ό
1301 3313 1588 3384 προφήτης
1643 3312 1875 3381 ἀνομίας
1909 3313 2009 3382 ἀρ-

443 3404 595 3472 (αίας
628 3403 726 3466 τὰς
755 3405 813 3456 ἐν
841 3406 909 3475 τῇ
955 3405 1149 3474 ἐρήμῳ
1197 3404 1386 3471 λέγει,
1439 3402 1628 3474 ἐπειδὴ
1674 3403 1878 3467 πολλὰς
1921 3403 2009 3456 ἐπ’

436 3495 625 3559 αὐταῖς
667 3497 694 3547 ὁ
723 3495 854 3559 Θεὸς
887 3496 1118 3558 ἀπειλὰς
1159 3496 1252 3549 καὶ
1277 3496 1564 3566 διαφόρους
1603 3495 1755 3548 ἔθετο
1779 3511 1793 3524 ·
1821 3494 2009 3564 διόπερ

434 3586 612 3639 αὐτῶν
651 3585 962 3638 εὐλαϐεῖται
989 3587 1088 3654 τὴν
1138 3585 1465 3655 ἀνάμνησιν.
1499 3584 1667 3637 Οὐδὲν
1696 3583 1837 3636 οὕτω
1865 3601 2012 3636 πτω-

438 3677 529 3744 χὸν
561 3676 652 3727 τὸν
677 3675 964 3746 ἄνθρωπον
990 3676 1066 3736 ὡς
1092 3675 1149 3726 αί
1182 3675 1446 3743 ἁμαρτίαι
1485 3672 1764 3726 δείκνυσι·
1797 3675 2010 3743 πτωχό-

436 3779 594 3834 τερος
639 3763 696 3815 δὲ
730 3763 1123 3833 προστεθείσης
1170 3763 1425 3825 ἀσεϐείας
1461 3765 1529 3833 τῇ
1579 3762 1825 3833 ἁμαρτίᾳ
1863 3765 2010 3830 γίνε-

436 3870 550 3908 ται.
577 3854 775 3923 Διόπερ
796 3853 975 3916 αὐτοῖς
999 3853 1228 3922 ταχῦναι
1254 3855 1381 3915 τοὺς
1405 3853 1724 3922 οἰκτιρμοὺς
1757 3853 1850 3905 τοῦ
1874 3853 2008 3906 Θεοῦ

435 3945 914 4018 ἐπρεσϐεύσαντο,
979 3947 1175 4015 μήπως
1229 3948 1294 4016 τῇ
1364 3945 1701 4016 σφοδροτέρᾳ
1762 3946 2010 4018 πτωχεία

436 4038 879 4107 ἀπογνωσθέντες
923 4037 1262 4090 ἀπόλωνταιο
1318 4036 1490 4100 οὓτως
1526 4034 1618 4090 οὖν
1649 4037 1870 4106 χάρισαι
1911 4037 2008 4110 τὴν

439 4130 535 4201 σὴν
567 4130 842 4199 βοήθειαν.

514 4242 532 4274 ι
569 4222 844 4293 Βοήθησον
871 4221 1022 4292 ἡμῖν,
1054 4222 1083 4274 ό
1109 4220 1242 4284 Θεὸς
1275 4222 1304 4272 ὁ
1328 4221 1539 4291 Σωτήρ.
1579 4238 1598 4270 ι

508 4314 695 4369 Ταῦτα
721 4315 853 4384 πρὸς
868 4315 957 4368 τὸν
985 4314 1026 4366 Χ
1037 4314 1218 4384 ριστὸν
1239 4329 1344 4384 πρε
1356 4311 1624 4365 σϐεύεταιο
1643 4309 1804 4373 αὐτὸς
1818 4309 1926 4382 γὰρ
1943 4311 2004 4364 οὐ

439 4410 598 4479 μόνον
626 4407 779 4472 Θεὸς,
802 4407 937 4460 ἀλλά
958 4410 1052 4459 καὶ
1096 4405 1283 4478 Σωτήρ
1305 4405 1564 4474 ἄντικρυς
1582 4404 1968 4474 ἐπωνόμασται
1987 4419 2004 4434 ο

2102 1937 2303 2006 ipsam,
2341 1943 2397 1988 et
2424 1949 2520 1988 eos
2543 1933 2638 2004 qui
2665 1949 2730 1988 ex
2764 1949 2826 1987 ea
2848 1943 2994 1987 sunt.
3023 1933 3252 2004 Sanguis
3277 1935 3422 1988 enim
3462 1935 3675 1988 illorum

2101 2041 2268 2095 super
2305 2025 2474 2094 ipsos,
2507 2033 2562 2077 et
2591 2039 2758 2092 super
2781 2023 2921 2076 ﬁlios
2977 2024 3217 2092 ipsorum
3238 2024 3322 2089 ’3;
3377 2024 3517 2078 sicut
3576 2026 3675 2092 ipsi

2100 2117 2324 2171 Christo
2381 2115 2769 2179 maledicentes
2799 2113 3103 2168 dicebant:
3145 2113 3213 2167 Et
3245 2130 3346 2167 non
3401 2124 3520 2167 erat
3586 2116 3675 2185 qui

2101 2207 2364 2275 sepeliret.
2397 2205 2500 2271 Qui
2540 2205 2656 2260 sic?
2683 2205 2810 2274 quia
2840 2203 3096 2258 nimirum
3141 2204 3265 2274 ipsi,
3307 2212 3496 2275 utpote
3529 2221 3675 2259 mor-

2107 2299 2206 2362 tui,
2243 2314 2298 2353 se
2313 2307 2504 2352 mutuo
2533 2295 2766 2366 sepelire
2805 2295 3028 2350 minime
3091 2297 3376 2351 valebant:
3433 2295 3674 2351 Ecclesia

2104 2399 2288 2445 autem
2316 2391 2494 2445 nescit
2521 2390 2669 2460 ipsos
2690 2387 2944 2457 sepelire,
2988 2389 3040 2444 id
3081 2400 3181 2454 est,
3218 2405 3408 2444 eorum
3452 2397 3673 2458 peccata

2105 2492 2412 2554 contegere.
2441 2482 2583 2548 Quid
2609 2497 2771 2551 porro
2813 2483 3109 2552 prohibet?
3155 2483 3374 2552 Christi
3415 2483 3674 2537 nimirum

2107 2576 2379 2631 sententia
2402 2575 2669 2630 dicentis:
2701 2575 2926 2630 Dimitte
2954 2584 3184 2630 mortuos
3211 2576 3427 2645 sepelire
3446 2588 3674 2629 mortuos

2105 2669 2307 2722 suos“.
2361 2667 2503 2734 Quid
2527 2668 2643 2722 ita?
2694 2667 2832 2734 Quia
2878 2667 2971 2737 qui
3028 2675 3344 2738 peccatores
3391 2676 3674 2738 protegere

2105 2768 2396 2826 conantur,
2456 2761 2699 2830 ipsorum
2755 2760 3001 2815 actiones
3049 2760 3220 2832 magis
3273 2760 3570 2824 denudant,
3620 2767 3674 2811 ct

2105 2853 2358 2909 omnibus
2396 2853 2795 2908 abominabiles
2832 2852 3088 2907 reddunt.

2180 3057 2348 3113 Vens.
2379 3058 2431 3113 8.
2475 3076 2493 3109 ι
2530 3056 2608 3113 Ne
2632 3057 2949 3114 memineris
2981 3057 3328 3129 iniquitatum
3365 3066 3674 3112 nostrarum

2029 3186 2074 3247 c
2107 3151 2527 3247 ειεξτμξετωηο»

2177 3244 2332 3299 Unde
2363 3243 2508 3298 enim
2567 3243 2634 3298 ad
2682 3243 2903 3312 antiqua
2953 3249 3011 3296 et
3061 3257 3200 3296 nova
3254 3241 3392 3295 mala
3431 3239 3679 3296 sufficere

2108 3336 2440 3406 poterimus?
2467 3335 2736 3390 Fortassis
2769 3350 2900 3390 vero
2935 3335 3198 3404 propheta
3233 3343 3448 3388 veteres
3478 3333 3678 3402 iniqui-

2110 3434 2250 3480 tates
2278 3433 2437 3480 vocat
2459 3425 2577 3480 illas
2608 3441 2728 3495 qua:
2758 3425 2812 3479 in
2841 3425 3058 3479 deserto
3111 3424 3478 3495 contigerunt,
3541 3438 3679 3492 quo-

2109 3518 2258 3572 niam
2311 3519 2576 3589 plurimas
2628 3519 2764 3589 ipsis
2822 3518 2967 3573 Deus
3013 3533 3214 3587 easque
3272 3517 3450 3572 varias
3503 3517 3682 3571 minas

2110 3609 2429 3676 intentavit;
2461 3611 2756 3680 quarejam
2788 3626 2973 3665 earum
3006 3611 3092 3678 pie
3119 3609 3307 3664 recolit
3339 3607 3676 3662 memoriam.

2109 3697 2257 3752 Nihil
2320 3700 2599 3754 hominem
2649 3700 2788 3754 adeo
2859 3714 3157 3768 pauperem
3221 3697 3460 3751 declarat
3516 3707 3678 3764 atque

2111 3796 2370 3858 peccata:
2428 3805 2588 3856 porro
2643 3789 2932 3858 pauperior
2977 3789 3054 3852 lit,
3113 3802 3236 3841 cum
3274 3787 3341 3840 ad
3395 3795 3676 3855 peccatum

2110 3879 2361 3947 impietas
2385 3879 2716 3948 adiungitur.
2736 3881 3078 3948 Quapropter
3113 3886 3393 3948 rogarunt,
3432 3885 3492 3930 ut
3513 3876 3677 3930 mise-

2111 3967 2354 4021 rationes
2409 3968 2500 4022 Dei
2547 3968 2680 4037 ipsis
2732 3969 3190 4032 accclerarentur,
3244 3982 3314 4020 ne
3345 3982 3458 4035 pra:
3510 3966 3675 4038 nimia

2109 4066 2348 4128 egestate
2401 4059 2754 4127 desperantes
2811 4069 3085 4127 pereant:
3140 4058 3218 4113 sic
3275 4057 3438 4129 igitur
3494 4058 3676 4128 praebe

2109 4147 2367 4202 auxilium
2401 4157 2575 4202 tuum.

2181 4239 2341 4294 Vens.
2373 4240 2425 4294 9.
2466 4258 2484 4291 ι
2515 4240 2723 4309 Adjuva
2747 4256 2869 4309 nos,
2905 4241 3046 4296 Deus
3076 4241 3346 4296 salutaris.
3374 4261 3392 4292 ι

2179 4331 2308 4386 11ωο
2335 4333 2402 4386 ad
2459 4333 2734 4387 Christum
2769 4343 2926 4388 orat:
2965 4333 3080 4403 ipse
3130 4333 3276 4388 enim
3330 4349 3440 4388 non
3500 4333 3674 4386 solum

2056 4445 2062 4450 -
2109 4421 2275 4486 Deus,
2302 4438 2491 4478 verum
2517 4423 2679 4477 etiam
2715 4424 2962 4478 Salvator
2986 4440 3083 4494 per
3105 4425 3476 4478 excellentiam
3500 4423 3673 4476 nomi-

438 4505 602 4567 αὐτὸς
638 4507 734 4556 καὶ
773 4503 898 4566 δόξα
929 4502 1023 4555 τοῦ
1066 4501 1326 4571 ὀνόματος
1377 4499 1472 4554 τοῦ
1495 4499 1649 4561 Θεοῦ,
1679 4498 1880 4568 δηλαδὴ
1911 4497 2005 4550 τοῦ

2112 4520 2308 4566 natur;
2359 4513 2474 4582 ipse
2525 4515 2689 4566 etiam
2758 4514 2924 4583 gloria
2977 4515 3214 4568 nominis
3281 4514 3399 4578 Dei,
3468 4514 3675 4568 scilicet

440 4597 668 4666 Πατρός·
701 4596 822 4649 ὅθεν
851 4595 1012 4649 αὐτὸν
1035 4597 1129 4648 καὶ⁹
1145 4597 1172 4646 ὁ
1201 4593 1408 4656 Παῦλος
1434 4593 1775 4662 ἀπαύγασμα
1800 4591 1900 4660 τῆς
1919 4588 2008 4642 δό-

438 4689 533 4758 ξης
560 4688 656 4740 τοῦ
687 4687 894 4758 Πατρὸς
925 4685 1355 4755 προσηγόρευσε.
1389 4684 1497 4736 Καὶ
1519 4681 1664 4744 τίνος
1696 4682 1886 4750 χὰριν;
1911 4678 2010 4731 Διά

435 4784 497 4836 τὸ
519 4783 722 4850 ὄνομα,
757 4780 925 4850 φησὶ,
959 4777 1056 4831 τοῦ
1085 4777 1254 4840 Θεοῦ,
1303 4774 1504 4846 δηλαδή
1534 4773 1770 4845 Χριστοῦ
1789 4811 1803 4835 ,
1835 4771 1894 4834 ὃς
1921 4771 2010 4823 διὰ

437 4876 598 4928 τοῦτο
649 4873 960 4944 ἱλαστήριον
1012 4870 1307 4939 κέκληται⁶
1355 4862 1508 4930 οὗτος
1559 4867 1682 4925 ταῖς
1721 4864 1832 4917 τῶν
1873 4862 2007 4915 ἰου-

436 4967 601 5020 δαίων
633 4963 931 5036 ἁμαρτίαις
959 4960 1186 5031 ἱλασμὸν
1211 4957 1526 5029 impiam-ro,
1555 4957 1718 5028 ήνίκα
1742 4951 2000 5023 σταυρούο

441 5076 600 5129 μενος
631 5057 768 5127 πρὸς
793 5055 883 5107 τὸν
911 5052 1126 5122 Πατέρα
1155 5050 1304 5118 ἔλεγε
1324 5067 1338 5080 ο
1358 5047 1572 5117 Πάτερ,
1600 5047 1750 5117 ἄφες
1772 5046 1998 5113 αὐτοῖς.

435 5154 509 5205 οὐ
539 5151 647 5219 γὰρ
673 5147 846 5201 ἴσασι
877 5145 935 5198 τί
961 5143 1226 5197 ποιοῦσι.
1261 5140 1417 5204 Τίνος
1444 5140 1603 5210 χάριν
1636 5138 1885 5208 γνωστὴν
1913 5154 2004 5205 γε-

436 5241 626 5294 νέσθαι
658 5239 756 5309 τὴν
785 5237 1062 5306 ἐκδίκησιν
1096 5237 1210 5298 τοῖς
1247 5234 1422 5287 ἔθνεσι
1459 5231 1742 5302 βούλεταις
1781 5232 2002 5300 Ἐπειδὴ

439 5332 581 5386 κατὰ
622 5331 892 5400 δαιμόνων
935 5328 1148 5398 ἔμελλε,
1198 5326 1306 5379 τῶν
1350 5329 1412 5378 τὸ
1459 5321 1599 5394 αἷμα
1641 5321 1864 5394 (δηλαδή
1905 5322 2004 5385 τὰς

437 5425 634 5495 ψυχὰς)
659 5423 765 5476 τῶν
787 5421 991 5474 δούλων
1023 5420 1118 5474 τοῦ
1145 5419 1283 5473 Θεοῦ
1311 5419 1469 5489 (φησὶ
1487 5417 1544 5470 δὲ
1569 5417 1679 5470 τῶν
1718 5414 2004 5485 Ἰουδαίων)

440 5513 526 5568 διὰ
553 5514 650 5583 τῆς
691 5509 1554 5581 είδω).ολατρείας,λυμηναμένων
1598 5507 1874 5576 γενέσθαι.
1910 5506 2007 5568 Τίς

439 5607 495 5660 δέ
524 5602 592 5676 ἦν
613 5604 889 5668 ἐκδίκησις
913 5620 928 5669 ;
962 5599 1024 5655 'H
1054 5601 1162 5655 τῶν
1192 5602 1424 5655 εἰδώλων
1441 5599 1817 5670 καταστροφὴ,
1847 5600 1875 5652 ὁ
1899 5597 2008 5650 τῶν

440 5695 758 5751 διαϐοὴκῶν
783 5693 926 5747 ναῶν
955 5692 1307 5764 ὲμπρησμός.

2114 4603 2322 4656 Patris:
2387 4603 2529 4656 unde
2590 4603 2754 4656 etiam
2811 4603 3011 4658 Paulus
3091 4605 3268 4673 ipsum
3329 4604 3672 4674 splendorem

2107 4692 2291 4762 gloriae
2325 4691 2496 4746 Patris
2527 4692 2939 4762 nuncupavit“.
2983 4695 3048 4747 Et
3104 4694 3262 4763 cujus
3295 4695 3505 4765 gratia?
3537 4695 3674 4749 Pro-

2105 4792 2228 4852 pter
2253 4798 2476 4850 nomen,
2507 4783 2705 4856 inquit,
2731 4784 2846 4849 Dei,
2867 4784 3077 4838 scilicet
3106 4784 3329 4851 Christi,
3355 4787 3445 4854 qui
3469 4785 3675 4840 idcirco

2107 4872 2424 4942 propitiatio
2449 4883 2707 4927 vocatur:
2750 4873 2839 4928 hic
2865 4873 3102 4943 peccatis
3130 4872 3441 4928 Judaaorum
3491 4874 3676 4944 propi-

2109 4963 2392 5018 tiationem
2447 4965 2710 5036 elargitus
2764 4975 2865 5030 est,
2913 4966 3131 5034 quando
3183 4967 3335 5020 cruci
3389 4966 3578 5020 aﬂixus
3608 4969 3675 5020 ad

2106 5049 2323 5106 Patrem
2361 5053 2526 5109 dixit:
2563 5055 2742 5119 Pater,
2775 5057 2981 5109 dimitte
3005 5055 3148 5116 illis;
3203 5071 3302 5108 non
3327 5057 3462 5108 enim
3502 5058 3673 5109 sciunt

2107 5147 2235 5217 quid
2263 5147 2546 5217 faciunt“.
2604 5147 2775 5212 Quam
2811 5149 2880 5201 ob
2921 5163 3139 5201 causam
3188 5146 3301 5199 vult
3339 5155 3522 5199 notam
3554 5145 3670 5200 ﬁeri

2110 5236 2364 5306 gentibus
2409 5237 2710 5292 ultionem?
2748 5237 2887 5303 Quia
2929 5249 3116 5292 contra
3165 5238 3437 5292 daemones
3493 5236 3671 5292 futura

2111 5337 2247 5393 erat,
2282 5327 2374 5396 qui
2404 5329 2724 5398 sanguinem
2757 5329 2988 5398 (scilicet
3012 5327 3242 5390 animas)
3272 5342 3555 5381 servorum
3579 5327 3673 5383 Dei

2108 5417 2261 5489 (dicit
2291 5425 2473 5470 autem
2499 5415 2837 5475 Judzeorum)
2867 5431 2965 5485 per
3008 5414 3368 5470 idololatrian)
3409 5430 3670 5483 corrupe-

2106 5517 2248 5563 rant.
2281 5508 2542 5574 Quaenam
2570 5518 2751 5561 autem
2785 5517 2906 5561 erat
2943 5508 3043 5561 ista
3081 5507 3455 5576 ultio?Utique
3503 5505 3672 5561 idolo-

2106 5613 2226 5652 rum
2261 5595 2495 5660 eversio,
2551 5595 2946 5650 diabolicorum
2983 5594 3310 5664 templorum
3365 5592 3669 5648 succensio.

514 5785 558 5817 ⁸³
588 5783 752 5838 Matth
809 5800 976 5846 xxv",
1001 5783 1090 5836 25.
1167 5782 1211 5812 9‘
1242 5779 1433 5834 Matth.
1468 5794 1588 5846 vm,
1620 5777 1711 5834 ΞΩ.
1769 5776 1833 5837 ,9⁸
1857 5774 2005 5831 Hebr

2131 5773 2184 5830 3.
2261 5773 2307 5805 ⁸⁸
2337 5770 2468 5826 Luc.
2500 5787 2652 5837 xxiii,
2687 5771 2776 5826 54.
