4032 6222
454 345 592 409 1255

1631 344 1991 406 HESYCHII
2035 346 2512 417 ‘PRESBYTERI

3556 345 3683 414 1256

522 454 688 509 Vens.
730 449 812 505 l2.
864 466 882 500 ι
921 445 1110 502 Redde
1155 445 1351 501 vicinis
1390 445 1593 501 nostris
1633 449 1965 517 septuplum.
2000 466 2018 499 ι

2201 467 2221 502 ι
2268 449 2488 512 Ἀπόδος
2522 451 2633 511 τοῖς
2664 448 2902 517 γείτοσιν
2936 449 3091 519 ήμῶν
3122 450 3549 508 ἑπταπλασίονα.
3589 476 3608 508 ι

518 543 638 597 Non
664 542 774 610 jam
803 539 1013 593 vicinos
1045 536 1291 590 homines
1315 537 1635 606 appellavit:
1669 552 1846 606 neque
1876 538 2021 591 enim

451 634 582 703 ipsis
630 629 940 700 septuplum
993 627 1221 683 retribui
1282 627 1630 697 postulasset,
1687 642 1811 682 cum
1859 629 2025 683 sciret

450 725 567 777 haec
594 723 835 792 judicem
876 735 983 774 non
1044 719 1431 774 admissurum.
1474 718 1570 772 Vel
1634 722 1908 788 quomodo
1956 719 2022 773 ad

450 813 628 881 ipsum
652 810 965 880 psallisset:
996 807 1134 872 Quia
1165 818 1219 860 tu
1243 809 1426 861 reddes
1448 808 1723 878 unicuique
1741 810 2024 862 secundum

449 917 607 969 opera
631 916 728 953 sua
743 900 785 930 ’⁷
810 898 833 950 ?
860 898 1063 966 Utique
1094 911 1222 966 ergo
1259 896 1327 949 de
1363 895 1702 951 daemonibus
1759 895 1918 949 dicit:
1957 893 2022 948 Hi

449 991 594 1046 enim
618 988 930 1058 septnplum
960 986 1157 1041 merito
1193 985 1484 1054 recipiunt,
1509 993 1697 1054 utpOte
1717 999 1841 1039 cum
1866 984 2024 1043 nobis

450 1091 644 1135 natura
667 1078 1073 1150 praestantiores
1102 1078 1450 1139 exsistentes,
1495 1091 1524 1129 e
1557 1076 1697 1131 ctelo
1751 1075 2021 1130 deturbati

450 1171 582 1236 sint,
607 1181 662 1224 et
690 1185 760 1224 ne
787 1169 868 1223 sic
910 1169 1130 1237 quidem
1181 1168 1441 1222 meliores
1487 1166 1703 1220 ellecti:
1755 1167 2023 1235 siquidem

451 1272 652 1315 terram
683 1258 1185 1314 machinationibus
1207 1258 1323 1312 suis
1350 1257 1694 1326 perturbant,
1735 1266 1791 1310 et
1818 1272 1890 1312 ne
1923 1257 2025 1312 soli

450 1359 700 1421 peccent,
724 1365 828 1404 nos
850 1366 1069 1419 quoque
1090 1351 1155 1403 ad
1175 1350 1512 1419 peccandum
1546 1349 1834 1413 inducunt,
1862 1358 2024 1418 atque

452 1440 682 1507 insuper
706 1438 901 1503 Deum,
935 1439 1063 1492 dum
1093 1439 1273 1508 imago
1318 1438 1437 1506 ejus
1472 1439 1700 1503 corruit,
1758 1439 2024 1506 quodam-

453 1529 616 1584 modo
645 1529 938 1583 lacessunt.
969 1528 1288 1583 Universam
1310 1528 1445 1583 dicit
1474 1528 1892 1585 humanitatem.
1915 1529 2024 1583 Nos

451 1621 598 1674 enim
622 1634 857 1689 superne
888 1620 1115 1690 dejectis
1134 1620 1472 1676 daemonibus
1500 1636 1804 1691 opponens,
1850 1638 2024 1693 popu-

452 1713 564 1766 lum
598 1712 688 1767 Dei
715 1720 771 1766 et
804 1727 961 1768 ovem
1009 1728 1223 1782 pascuae
1262 1713 1381 1782 ejus
1431 1714 1709 1768 hominem
1766 1715 2018 1785 appellat.

2194 540 2326 593 Οὐδὲ
2359 540 2451 594 νῦν
2485 541 2734 610 γείτονας
2766 541 3088 613 ἀνθρώπους
3120 545 3592 616 προσηγόρευσεν·
3619 550 3685 603 οὐ

2123 633 2233 702 γὰρ
2264 633 2331 686 ἂν
2353 633 2540 696 αὐτοῖς
2587 634 2993 689 ἑπταπλασίονα
3032 636 3365 706 γεγενῆσθαι
3395 638 3682 709 ἐπηύξατο,

2122 724 2277 789 εἰδὼς
2316 725 2524 779 τούτων
2563 726 2654 779 τὸν
2697 728 2890 798 κριτὴν
2930 729 3031 781 οὐκ
3076 730 3423 800 ἀνεχόμενον.
3471 734 3539 785 Ἢ
3572 732 3687 797 πῶς

2123 813 2255 883 πρὸς
2286 814 2449 868 αὑτὸν
2479 814 2739 883 ἔψαλλεν·
2789 817 2919 870 Ὅτι
2954 818 3039 871 σὺ
3083 819 3419 887 ἀποδώσεις
3455 822 3689 892 ἑκάστῳ

2122 903 2273 957 κατὰ
2305 907 2378 958 τὰ
2415 904 2560 975 ἔργα
2595 907 2783 961 αὑτοῦ
2807 909 3001 978 ΓἋρα
3028 910 3207 963 τοίνυν
3248 912 3378 982 περὶ
3420 913 3690 984 δαιμόνων

2122 993 2268 1063 λέγει
2287 1012 2301 1026 ·
2330 989 2477 1049 οὗτοι
2511 997 2619 1068 γὰρ
2646 1000 3052 1054 ἑπταπλασίονα
3104 1001 3332 1066 δικαίως
3365 1003 3689 1076 ἀπολαμϐά-

2121 1101 2324 1151 νουσιν,
2361 1085 2439 1150 ὡς
2459 1088 2767 1158 κρείττονος
2802 1091 2899 1159 μὲν
2934 1091 2969 1162 ἢ
3021 1093 3143 1146 καθ’
3170 1096 3318 1164 ἡμᾶς
3344 1095 3691 1167 ὑπάρχοντας

2123 1175 2355 1243 φύσεως,
2404 1178 2649 1248 ῥιφέντες
2691 1180 2747 1233 δὲ
2785 1181 2845 1245 ἐξ
2891 1182 3145 1253 οὐρανοῦ,
3195 1186 3292 1239 καὶ
3342 1186 3479 1257 μηδὲ
3518 1187 3691 1252 οὕτως

2121 1268 2408 1335 γεγονότες
2443 1272 2900 1343 σωφρονέστερον
2947 1274 3085 1329 ἀλλὰ
3128 1275 3230 1347 τὴν
3279 1279 3383 1347 γῆν
3424 1280 3526 1349 μὲν
3569 1284 3694 1344 ταῖς

2122 1361 2387 1424 ἐπινοίαις
2414 1363 2809 1441 ταράσσοντες,
2851 1365 2925 1436 μὴ
2973 1367 3124 1437 μόνοι
3166 1369 3224 1421 δὲ
3260 1370 3689 1441 ἁμαρτάνοντες,

2122 1450 2261 1502 ἀλλὰ
2304 1440 2591 1522 καὶ’ήμᾶς
2649 1455 2984 1526 ἁμαρτάνειν
3045 1459 3354 1529 ἐνάγοντες,
3388 1440 3504 1516 fatal.
3554 1465 3694 1534 πρὸς

2122 1541 2331 1604 τούτοις
2365 1542 2455 1596 τὸν
2488 1543 2652 1610 Θεὸν,
2687 1546 2764 1609 ὡς
2803 1546 2906 1618 τῆς
2940 1549 3107 1603 αὑτοῦ
3155 1554 3585 1625 παραπεσούσης
3613 1556 3694 1608 εί-

2122 1632 2687 1698 κόνος,όνειδίζοντες.
2716 1639 2901 1691 Πᾶσαν
2939 1638 3088 1707 λέγει
3128 1643 3228 1710 τὴν
3271 1642 3689 1713 ἀνθρωπότητα.

2135 1722 2494 1777 ’Δντιτάττων
2530 1725 2639 1796 γὰρ
2674 1728 2821 1797 ἡμᾶς
2864 1729 3002 1798 πρὸς
3033 1732 3161 1791 τοὺς
3201 1731 3410 1785 ἄνωθεν
3450 1750 3694 1804 καταρα-

451 1802 519 1855 Ει
546 1816 642 1855 cur
676 1815 892 1870 pascua:
913 1800 1034 1870 ejus
1063 1801 1231 1855 oves?
1257 1800 1394 1865 Quia
1428 1800 1687 1855 nimirum
1710 1816 1811 1857 nos
1836 1802 2018 1857 ﬁdeles

2122 1813 2351 1883 χθέντας
2393 1816 2676 1886 δαίμονας,
2720 1819 2847 1873 λαὸν
2888 1820 3024 1873 Θεοῦ
3067 1822 3161 1875 καὶ
3197 1823 3469 1893 πρόϐατον
3518 1800 3692 1896 νομῆς

448 1891 570 1962 ipso
598 1893 895 1962 pascimur,
926 1892 1058 1947 dum
1082 1900 1421 1947 sacramenta
1445 1892 1734 1947 sumimus.

935 2200 1250 2258 PSALMUS
1289 2201 1525 2258 LXXIX.

524 2294 681 2349 Vnus.
712 2292 767 2348 2.
812 2311 830 2344 ι
870 2291 970 2359 Qui
1007 2292 1150 2364 regis
1172 2292 1353 2355 Israel,
1386 2292 1656 2347 intende.»

523 2385 713 2441 Pastor
774 2385 863 2440 hic
916 2385 1131 2440 lsraelis
1175 2400 1285 2439 non
1321 2384 1460 2438 alius
1482 2394 1566 2439 est
1623 2398 1782 2453 quam
1832 2382 1879 2436 is
1926 2382 2017 2451 qui

451 2478 616 2532 dicit:
667 2479 778 2548 Ego
829 2493 947 2532 sum
1000 2487 1181 2546 pastor
1225 2477 1470 2544 bonus”,
1513 2490 1740 2546 pascens
1792 2489 1885 2529 eos
1924 2474 2018 2544 qui

388 2619 395 2625 .
450 2578 691 2623 mentem
735 2570 935 2624 habent
969 2569 1138 2623 Deum
1182 2570 1480 2625 videntem.

522 2659 682 2713 Vsus.
724 2661 778 2713 5.
818 2677 835 2709 ι
875 2658 1057 2713 Excita
1086 2662 1382 2728 potentiam
1416 2669 1581 2725 luam,
1605 2669 1660 2714 et
1685 2659 1831 2714 veni.
1872 2677 1890 2710 ι

526 2748 793 2817 Propheta
823 2748 972 2802 hunc
1003 2762 1311 2803 sermonem
1344 2750 1399 2803 in
1453 2765 1741 2821 progressu
1784 2749 2018 2805 reddidit

451 2838 918 2902 manifestiorem,
973 2836 1258 2892 declarans
1303 2839 1577 2907 quomodo
1623 2846 1679 2893 et
1727 2856 1888 2909 quam
1947 2841 2017 2895 ob

452 2945 670 2984 causam
708 2938 971 2983 venturus
993 2938 1138 2983 esset
1165 2929 1442 2984 Christus:
1490 2944 1589 2984 nos
1643 2930 1788 2984 enim
1827 2946 2016 2986 sumus

452 3036 616 3075 causa
673 3019 943 3074 adventus
986 3020 1139 3089 ejus,
1194 3030 1252 3075 ut
1302 3037 1402 3076 nos
1455 3030 1801 3083 converteret
1850 3033 2015 3092 atque

453 3111 791 3164 emendaret.
839 3108 1031 3164 Modus
1069 3118 1252 3164 autem
1301 3111 1657 3179 apparitionis
1681 3098 2014 3179 manifestus

453 3210 559 3263 est,
598 3209 659 3254 ut
682 3200 820 3254 facie
849 3200 918 3254 ad
946 3200 1137 3254 faciem
1161 3199 1338 3269 ipsum
1371 3201 1669 3277 videamus,
1699 3218 1808 3257 non
1865 3202 2019 3257 aliter

453 3290 643 3358 utique
674 3290 938 3353 salvandi,
975 3290 1083 3343 nisi
1110 3290 1252 3343 hanc
1271 3289 1467 3346 faciem
1508 3292 1668 3351 nobis
1698 3292 2017 3347 manifesta-

454 3380 612 3434 verit.

524 3492 689 3549 Vens.
726 3495 775 3549 7.
805 3494 1096 3549 (Posuisti
1134 3511 1237 3551 nos
1261 3494 1315 3549 in
1342 3496 1829 3553 contradictibnem
1881 3497 2017 3553 vici-

451 3586 558 3641 nis.
598 3604 617 3638 ι

522 3675 712 3731 Eidem
772 3676 978 3732 insistit
1019 3682 1342 3749 precationi,
1389 3688 1449 3735 ut
1504 3681 1759 3736 ostendat
1794 3690 2017 3752 quanta

451 3768 571 3837 ejus
604 3769 674 3821 sit
697 3771 1031 3838 necessitas;
1061 3771 1332 3842 simulque
1363 3788 1463 3829 nos
1494 3774 1725 3841 erudiat,
1776 3790 1846 3829 ne
1896 3775 2017 3829 ani-

455 3878 602 3916 mum
637 3863 1095 3932 despondeamus,
1139 3869 1357 3936 quando
1398 3883 1507 3922 non
1541 3868 1927 3937 consequimur
1966 3867 2017 3921 id

451 3953 594 4020 quod
625 3955 891 4022 petimus;
940 3956 1035 4011 sed
1093 3971 1536 4026 perseveremus;
1600 3960 1824 4013 omnino
1871 3958 2017 4013 enim

451 4046 840 4101 oblinebimns.

522 4158 681 4214 Vens.
720 4160 804 4214 15.
844 4178 863 4211 ι
894 4159 1037 4217 Deus
1057 4164 1341 4229 virtutum,
1378 4170 1720 4221 convertere.
1769 4185 1788 4218 ι

521 4246 972 4318 Quandoquidem
998 4254 1144 4307 enim
1176 4270 1351 4326 neque
1384 4257 1467 4311 lex
1518 4274 1697 4329 neque
1741 4261 2018 4332 prophetae

447 4338 704 4394 lsraelem
732 4345 1119 4413 converterint,
1161 4349 1470 4403 necessario
1511 4352 1809 4421 ipsummet
1859 4355 2016 4410 Chri—

447 4441 590 4487 stum
626 4443 780 4505 rogat
814 4443 870 4489 ut
895 4446 1263 4493 convertatur.

523 4566 540 4597 ‹
575 4547 743 4602 Visita
776 4551 989 4605 vineam
1016 4552 1193 4608 istam.
1235 4574 1253 4605 ι

516 4637 960 4708 Quandoquidem
1028 4642 1339 4702 Judazorum
1418 4647 1755 4721 Synagogam
1836 4654 2010 4711 vineae

445 4742 879 4795 comparaverat,
914 4738 1224 4792 necessario
1239 4739 1401 4794 etiam
1425 4742 1659 4811 partitur
1682 4744 2010 4809 orationem,

444 4817 770 4887 quandoque
800 4822 1019 4889 quidem
1055 4826 1121 4879 ad
1143 4826 1428 4899 imaginem
1468 4830 1734 4896 referens,
1766 4817 2011 4903 quando?

443 4923 550 4979 que
580 4924 709 4965 vero
756 4911 820 4963 ad
852 4911 971 4966 illos
998 4924 1221 4985 propter
1278 4934 1413 4988 quos
1474 4920 1765 4992 imaginem
1798 4941 2010 4982 assum-

445 4999 575 5069 psit.
600 4999 911 5055 Judaeorum
941 5001 1106 5073 igitur
1133 5006 1312 5073 vinea,
1359 5009 1412 5064 id
1438 5020 1522 5066 est
1551 5013 1851 5086 Synagoga,
1899 5018 2012 5088 igni

444 5105 705 5146 succensa
746 5092 872 5161 fuit,
921 5095 1012 5149 illo
1053 5112 1252 5168 nempe
1285 5099 1352 5155 de
1400 5120 1508 5172 quo
1546 5104 1797 5164 Christus
1846 5110 2006 5166 dixit:

452 5182 633 5252 Ignem
651 5189 764 5241 veni
796 5189 1015 5263 mittere
1036 5192 1092 5245 in
1121 5201 1357 5249 terram:
1400 5207 1447 5251 et
1479 5202 1605 5270 quid
1632 5201 1768 5269 volo,
1828 5206 2012 5260 nisiut
2050 5230 2051 5233 η

444 5280 760 5334 accendatur
776 5283 847 5336 '9?
864 5282 1072 5341 Idcirco
1094 5286 1234 5358 ignis
1257 5288 1512 5360 injectus,
1550 5304 1605 5349 et
1629 5295 1858 5352 suﬂossa
1881 5307 1968 5353 est
1993 5315 2007 5364 ;

444 5375 502 5419 ut
524 5385 622 5438 per
652 5372 1035 5443 sull‘ossionem
1066 5376 1412 5451 detegeretur
1441 5382 1494 5436 in
1538 5383 1626 5441 illa
1658 5384 1834 5442 latens
1884 5388 2011 5443 fun-

2127 1905 2291 1958 αὑτοῦ
2316 1910 2718 1979 προσαγορεύει
2753 1911 2845 1964 τὸν
2891 1911 3198 1984 ἄνθρωπον.
3233 1915 3342 1967 Καὶ
3364 1915 3508 1979 τίνος
3531 1919 3692 1987 χάριν

2126 1997 2296 2067 νομῆς
2334 1998 2498 2052 αὑτοῦ
2533 2001 2818 2071 πρόϐατας
2852 2003 3071 2076 Ἐπειδὴ
3115 2006 3278 2059 αὐτὸν
3309 2008 3361 2059 οἱ
3404 2007 3587 2061 πιστοὶ
3626 2010 3688 2081 τῇ

2129 2088 2424 2160 μεταλήψει
2456 2091 2565 2143 τῶν
2598 2093 2913 2164 μυστηρίων
2937 2086 3233 2167 νεμόμεθα.

2678 2208 2968 2264 ΨΑΛΜΟΣ
3014 2212 3139 2268 ΟΘ⁰.

2200 2314 2217 2345 ι
2274 2296 2330 2349 Ὀ
2359 2298 2660 2367 ποιμαίνων
2679 2299 2769 2352 τὸν
2806 2302 3041 2374 Ἰσραὴλ,
3081 2306 3341 2376 πρόσχες.
3385 2326 3403 2358 ι

2206 2389 2266 2440 '0
2291 2389 2496 2460 ποιμὴν
2522 2385 2677 2454 οὗτος
2698 2392 2792 2445 τοῦ
2844 2393 3060 2465 Ἰσραὴλ
3099 2396 3201 2449 οὐκ
3231 2396 3391 2461 ἄλλος
3421 2398 3571 2452 ἐστὶν
3597 2396 3685 2451 τοῦ

2124 2480 2365 2542 εἰπόντος
2385 2495 2400 2510 °
2440 2482 2580 2549 Ἐγώ
2625 2486 2740 2552 εἰμι
2769 2486 2803 2537 ὁ
2838 2485 3066 2554 ποιμὴν
3092 2490 3127 2541 ό
3154 2489 3364 2556 καλὸς,
3415 2492 3443 2544 ὁ
3464 2490 3686 2560 ποιμαί-

2124 2586 2229 2621 νων
2252 2571 2374 2632 τοὺς
2407 2569 2629 2639 ἔχοντας
2652 2572 2775 2625 νοῦν
2804 2573 3075 2642 βλέποντα
3101 2564 3191 2629 τὸν
3218 2578 3370 2630 Θεόν.

2199 2677 2218 2710 ι
2266 2660 2568 2733 Ἐξέγειρον
2590 2663 2688 2732 τὴν
2727 2663 3046 2719 δυναστείαν
3087 2682 3201 2732 σου,
3236 2670 3332 2722 καὶ
3361 2654 3504 2723 ἔλθέ.
3537 2689 3557 2723 ι

2193 2748 2393 2806 Τοῦτον
2427 2752 2518 2807 τὸν
2558 2753 2713 2821 λόγον
2754 2756 2960 2826 προῖὼν
2999 2761 3027 2811 ὁ
3069 2762 3355 2830 προφήτης
3389 2762 3684 2834 διεσάφησε

2124 2841 2327 2907 πλεῖον,
2359 2843 2533 2915 δηλῶν
2555 2846 2669 2911 πῶς
2695 2849 2791 2902 καὶ
2827 2850 2913 2903 διὰ
2944 2850 2996 2904 τί
3027 2852 3207 2922 μέλλει
3234 2855 3633 2926 παραγίνεσθαι
3656 2856 3687 2908 6

2120 2934 2374 3004 Χριστός.
2438 2937 2627 3006 Ἡμεῖς
2667 2940 2775 3012 γὰρ
2824 2943 2977 2996 αἰτία
3028 2944 3196 3013 ἐσμὲν
3236 2945 3330 3015 τῆς
3386 2947 3686 3019 παρουσίας

2121 3024 2308 3089 αὑτοῦ,
2345 3027 2431 3080 ἵνα
2451 3028 2750 3101 ἐπιστρέψῃ
2775 3032 2869 3084 καὶ
2897 3033 3168 3108 διορθώσῃ
3202 3037 3369 3106 ἡμᾶς.
3408 3037 3465 3091 Ὁ
3486 3037 3545 3091 δὲ
3568 3040 3688 3110 τρό-

2124 3136 2224 3182 πος
2251 3120 2350 3191 τῆς
2370 3124 2676 3194 παρουσίας
2700 3124 2859 3195 δῆλός
2893 3128 3061 3192 ἐστιν,
3104 3130 3189 3181 ἴνα
3218 3130 3505 3201 βλέπωμεν
3527 3132 3686 3185 αὐτὸν

2124 3211 2413 3280 πρόσωπον
2456 3215 2592 3286 πρὸς
2627 3217 2943 3285 πρόσωπον,
2987 3221 3088 3273 οὐκ
3129 3221 3302 3286 ἄλλως
3341 3223 3550 3295 δηλαδὴ
3584 3241 3685 3277 σω-

2122 3299 2325 3367 θέντες,
2362 3303 2411 3355 εί
2456 3304 2529 3376 μή
2562 3323 2666 3377 περ
2688 3307 2844 3360 τοῦτο
2866 3310 3001 3380 ἡμῖν
3038 3310 3099 3362 τὸ
3158 3311 3450 3383 πρόσωπον
3493 3315 3684 3386 ἑνεφα-
3781 3314 3784 3317 λ

2119 3391 2313 3455 νίζετο.

2197 3521 2215 3556 ι
2256 3504 2416 3560 Ἐθου
2440 3510 2588 3580 ἡμᾶς
2611 3513 2690 3574 εἰς
2717 3512 3023 3582 ἀντιλογίαν
3044 3517 3156 3580 τοῖς
3177 3516 3436 3586 γείτοσιν.
3467 3536 3489 3570 ι

2196 3696 2308 3766 Τῆς
2338 3699 2508 3770 αὐτῆς
2547 3701 2731 3784 ἔχεται
2766 3706 3081 3776 πρεσϐείας
3115 3711 3201 3764 ἵνα
3229 3710 3394 3766 πόσον
3433 3712 3606 3784 αὐτῆς
3631 3714 3688 3769 τὸ

2117 3788 2411 3856 ἀναγκαῖον
2451 3782 2750 3874 ἐνδείξηται
2772 3811 2787 3829 ο
2819 3796 2954 3868 ὁμοῦ
2990 3799 3047 3852 δὲ
3090 3801 3185 3854 καὶ
3206 3804 3357 3873 ἡμᾶς
3395 3782 3684 3871 παιδειῶν,

2121 3880 2194 3950 μὴ
2239 3880 2520 3952 ὀλιγωρεῖν
2557 3887 2931 3958 ἀποτυχόντας
2963 3892 3127 3962 εὐχῆς
3155 3910 3167 3922 ·
3209 3894 3325 3947 ἀλλ’
3363 3895 3646 3965 ἐπιμένειν
3668 3910 3681 3928 ⁶

2119 3974 2334 4038 πάντως
2361 3976 2469 4048 γὰρ
2503 3978 2584 4032 ὅτι
2607 3980 2930 4050 τευξόμεθα.

2194 4193 2211 4228 ι
2254 4175 2310 4229 '0
2333 4176 2465 4241 Θεὸς
2494 4180 2604 4232 τῶν
2625 4180 2924 4253 δυνάμεων,
2954 4187 3300 4258 ὲπίστρεψον.
3329 4211 3350 4246 ι

2200 4266 2420 4339 Ἐπειδὴ
2443 4269 2550 4340 γὰρ
2573 4271 2697 4325 οὔτε
2726 4275 2755 4327 ὁ
2777 4275 2941 4344 νόμος
2964 4279 3056 4332 τὸν
3091 4278 3306 4354 Ἰσραὴλ
3326 4282 3451 4337 οὕτε
3477 4288 3687 4357 «pcipi;-

2114 4374 2202 4410 ται
2234 4358 2604 4431 ἐπέστρεψαν,
2630 4367 2945 4436 ἀναγκαίως
2967 4370 3129 4425 αὑτὸν
3147 4375 3477 4446 ἐπιστρέψαι
3510 4394 3685 4450 παρα-

2119 4447 2275 4503 καλεῖ
2303 4450 2396 4503 τὸν
2423 4453 2677 4522 Χριστόν.

2195 4585 2214 4617 ι
2244 4567 2353 4620 Καὶ
2378 4568 2676 4641 ἐπίσκεψαι
2703 4574 2803 4645 τὴν
2832 4574 3081 4645 ἄμπελον
3107 4578 3335 4650 ταύτην.
3385 4601 3404 4634 ι

2120 4700 2121 4703 η
2198 4656 2419 4731 Ἐπειδὴ
2464 4663 2697 4735 ἀμπέλῳ
2736 4666 2840 4736 τὴν,
2881 4668 2990 4722 τῶν
3037 4669 3308 4726 Ἰουδαίων
3359 4675 3691 4747 Συναγωγὴν

2118 4749 2454 4822 συνέκρινεν,
2487 4754 2807 4824 ἀναγκαίως
2836 4761 2932 4815 καὶ
2974 4765 3190 4835 μερίζει
3214 4767 3307 4821 τὸν
3347 4767 3526 4836 λόγον,
3560 4771 3690 4825 ποτὲ

2121 4840 2224 4909 μὲν
2252 4843 2389 4913 πρὸς
2414 4844 2513 4915 τὴν
2547 4848 2751 4914 εἰκόνα,
2786 4852 2917 4904 ποτὲ
2951 4853 3010 4906 δὲ
3049 4856 3187 4925 πρὸς
3212 4856 3438 4921 τούτους
3494 4861 3584 4930 ἐφ’
3608 4856 3693 4924 οἷς

2119 4934 2216 5000 τὴν
2262 4936 2447 4990 εἰκόνα
2522 4940 2853 5011 παρέλαϐεν.
2922 4944 3281 5020 Ἐνεπυρίσθη
3334 4954 3516 5007 τοίνυν
3558 4957 3693 5028 πυρὶ

2120 5024 2154 5093 ἡ
2198 5024 2306 5079 τῶν
2362 5028 2636 5090 Ἰουδαίων
2675 5031 2953 5102 ἄμπελος,
3007 5041 3288 5093 τουτέστιν
3329 5044 3363 5112 ἡ
3416 5044 3524 5096 τῶν
3558 5024 3692 5099 Ἰου-

2119 5114 2283 5208 δαίων
2336 5118 2658 5193 Συναγωγῇ,
2708 5126 2903 5193 ἐκείνῳ
2945 5130 3002 5183 δὲ
3058 5134 3188 5203 περὶ
3240 5127 3303 5186 οὗ
3370 5137 3400 5189 ό
3453 5139 3691 5208 Χριστὸς

2119 5207 2273 5275 ἔλεγε
2296 5224 2313 5242 ο
2374 5211 2499 5280 Πῦρ
2557 5209 2749 5284 ἦλθον
2783 5218 3003 5282 βαλεῖν
3041 5225 3131 5289 εἰς
3156 5223 3274 5293 τὴν
3315 5226 3466 5296 τῆν’
3500 5207 3601 5284 παὶ
3636 5232 3694 5284 τί

2118 5297 2288 5393 θέλω,
2325 5304 2378 5354 εὶ
2409 5302 2530 5371 ἤδη
2571 5305 2811 5376 ἀνήφθη
2831 5326 2851 5374 ;
2890 5310 3092 5366 Τούτου
3120 5315 3179 5368 δὲ
3200 5317 3357 5389 χάριν
3394 5319 3596 5393 ἐϐλήθη
3632 5322 3693 5375 τὸ

2117 5388 2225 5459 πῦρ
2248 5433 2264 5457 ,
2297 5393 2392 5446 καὶ⁵
2429 5395 2711 5469 ἀνεσκάφη
2739 5437 2754 5463 ,
2804 5400 2890 5481 ἵνα
2931 5388 3343 5479 ἀνασκαφείσης
3383 5388 3555 5483 αὐτῆς

445 5459 784 5525 damentum,
815 5467 882 5520 de
911 5483 1020 5537 quo
1067 5469 1235 5526 Isaias
1274 5474 1380 5527 ait:
1420 5473 1551 5531 Ecce
1582 5492 1674 5545 ego
1721 5479 2008 5535 immittam

446 5542 498 5574 in
560 5546 896 5574 Ι....,ι,....-...-
961 5554 1013 5574 σε
1135 5559 1146 5574 ι
1228 5561 1277 5574 ο,
1533 5566 1543 5574 .
1803 5568 1813 5574 .

2121 5483 2304 5554 μνωθῇ
2350 5486 2379 5537 ό
2413 5486 2471 5538 ὲν
2513 5459 3070 5563 αὐτῇνέεκρυμμένος
3117 5459 3575 5574 θὲμέλζᾶςξᾌὲξῇι
3600 5459 3689 5557 ὀὗ

446 5546 500 5593 in
556 5546 897 5614 fundamenta
954 5554 1081 5611 Sion
1128 5559 1358 5629 lapidem
1409 5566 1715 5633 pretiosum,
1764 5568 2005 5637 electum,

2123 5546 2363 5641 didii-2;
2395 5578 2599 5647 ἔλεγεν·
2623 5546 2920 5652 ’ἦδοὺεγῖιο
2936 5546 3224 5657 dubitur:
3239 5596 3326 5659 είς
3342 5546 3423 5649 ιτίθι
3451 5546 3689 5664 ostiarii

517 5735 564 5770 θ’
586 5736 725 5793 Psal.
757 5758 864 5808 LVI,
907 5749 985 5801 l3.
1061 5754 1106 5785 ⁹¹¹
1136 5754 1292 5810 Joan.
1332 5774 1382 5823 ς,
1411 5758 1492 5816 Η.
1570 5764 1615 5794 ”
1649 5761 1776 5817 Luc.
1806 5781 1902 5827 XII.
1932 5765 2018 5822 49.
