4044 6228
370 384 467 449 12(
479 386 512 447 3

1553 362 1847 433 HESYCH
1858 369 1913 429 [Ι
1970 364 2411 429 PRESBYTER
2424 363 2447 423 Ι

3503 356 3639 420 1⁵264

371 494 486 566 ejus
522 495 576 548 in
612 493 882 553 amulum.
934 490 1041 561 Ego
1092 505 1179 543 ero
1216 488 1260 542 vi
1309 488 1362 541 in
1414 483 1653 549 Patrem,
1700 486 1809 555 ipse
1852 486 1988 552 erit,

2062 479 2377 539 ϐασιλείαν
2404 476 2616 532 αὑτοῦ·
2649 474 2745 530 καί
2774 475 3161 546 οἰκοδομήσει
3189 469 3363 531 οἷκον
3399 476 3480 544 τῷ
3505 477 3639 531 6rd-

370 587 500 641 mt'hi
525 586 578 638 in
600 583 769 652 ﬁlium
791 584 853 636 ¹¹.

441 852 605 907 Vens.
634 852 721 907 l0.
761 870 781 903 ι
826 849 907 904 Tu
942 847 1243 902 dominaris
1268 843 1529 915 potestati
1552 850 1736 896 maris.
1778 859 1795 891 ι

443 944 652 1000 Veritas
688 955 797 1009 tua,
840 943 1042 1013 inquit,
1086 949 1171 995 est
1248 939 1392 1008 apud
1439 936 1558 991 illos
1587 935 1681 1006 qui
1733 945 1785 989 te
1832 949 1950 987 am-

373 1036 568 1101 biunt;
602 1051 704 1091 nos
731 1044 913 1090 autem
935 1034 1026 1104 qui
1049 1031 1281 1104 procula
1303 1040 1354 1084 te
1376 1029 1657 1094 absumus,
1686 1041 1752 1080 ex
1769 1024 1950 1095 provi-

374 1131 558 1184 dentia
596 1130 738 1185 circa
764 1140 981 1184 «terram
1012 1136 1068 1183 et
1107 1141 1259 1181 mare
1303 1122 1760 1196 magniﬁcentiam
1803 1131 1949 1176 tuam

376 1230 685 1289 cernentes,
731 1222 1082 1287 conﬁtemur,
1121 1219 1249 1289 quia
1286 1224 1485 1289 potens
1531 1231 1610 1279 es,
1653 1222 1710 1269 et
1749 1214 1952 1269 veritas

380 1325 466 1368 tua
483 1314 542 1367 in
565 1312 794 1368 circuitu
808 1321 932 1367 tuo.
957 1310 1191 1364 Tantum
1209 1308 1354 1363 enim
1373 1321 1523 1362 mare
1554 1306 1793 1376 mitigas,
1814 1304 1950 1357 ostia

377 1415 433 1460 et
462 1406 639 1459 littora
675 1404 751 1457 illi
779 1403 1218 1471 circumponens,
1251 1407 1306 1453 et
1349 1407 1407 1453 ut
1437 1400 1664 1454 Domino
1704 1398 1952 1453 serviens

380 1498 721 1552 incurvatum
740 1495 939 1558 fremit,
959 1495 1080 1547 etin
1095 1493 1390 1563 semetipso
1410 1491 1788 1556 conturbatur,
1809 1491 1953 1560 quod

379 1605 488 1643 non
525 1597 690 1642 totam
720 1595 919 1642 terram
953 1586 1201 1641 inundet.

452 1767 611 1821 Vens.
635 1766 720 1823 16.
745 1786 762 1818 ι
791 1765 987 1820 Beatus
1004 1766 1236 1836 populus
1259 1765 1351 1835 qui
1375 1764 1479 1819 scit
1498 1763 1900 1834 jnbilationem.
1930 1780 1948 1813 ›

2044 572 2188 641 ματί
2203 588 2344 641 μου,
2374 568 2473 623 καί
2498 567 2822 637 ἀνορθώσω
2844 567 2961 636 τὴν
2987 568 3320 632 βασιλείαν
3344 568 3536 624 αὑτοῦ
3553 572 3641 636 είς

2047 665 2156 718 τὸν
2191 662 2400 717 αίῶνα.
2436 660 2586 731 Ἐγὼ
2631 660 2848 730 ἔσομαι
2891 660 3054 727 αὐτῷ
3090 662 3182 727 είς
3226 660 3457 729 Πατέρα
3485 700 3500 727 ,
3538 665 3637 716 καὶ

2048 756 2231 821 αὐτὸς
2259 755 2432 808 ἔσται
2449 769 2551 823 μοι
2577 755 2664 819 εὶς
2701 753 2860 808 υἱόν.

2129 867 2148 901 ι
2185 848 2258 901 Σὺ
2289 847 2577 912 δεσπόζεις
2604 845 2702 900 τοῦ
2735 847 2972 917 κράτους
2996 847 3096 917 τῆς
3127 846 3428 919 θαλάσσης.
3476 865 3494 899 ι

2131 938 2195 991 Ἥ
2246 937 2480 1009 ἀλήθειά
2529 954 2645 1001 σου,
2701 924 2860 1006 φησὶ,
2899 935 3053 1005 παρά
3094 938 3206 1000 τοῖς
3241 938 3507 991 κυκλοῦσί
3558 953 3639 991 σε·

2038 1022 2211 1101 ’ἡμεῖς
2233 1031 2291 1084 δὲ
2315 1030 2537 1101 μακράν
2566 1045 2659 1082 σου
2678 1029 3063 1098 τυγχάνοντες,
3091 1027 3191 1100 τὴν
3221 1029 3322 1101 σὴν
3345 1030 3643 1101 μεγαλουρ-

2050 1125 2176 1193 γίαν
2211 1125 2320 1178 ἀπδ
2347 1125 2448 1194 τῆς
2481 1122 2627 1175 κατά
2672 1121 2778 1191 γῆν
2811 1138 2871 1174 τε
2918 1121 3015 1174 καὶ
3066 1121 3339 1175 θάλατταν
3385 1123 3644 1193 προνοίας

2051 1217 2307 1287 ὁρῶντες,
2338 1215 2735 1287 ὁμολογοῦμεν,
2769 1216 2855 1269 ὅτι
2882 1214 3107 1279 δυνατὸς
3122 1211 3196 1283 εἶ,
3228 1216 3323 1270 καὶ
3351 1218 3385 1286 ἡ
3411 1217 3645 1288 ἀλήθειά

2054 1326 2148 1362 σου
2205 1307 2394 1379 κύκλῳ
2428 1325 2545 1361 σου.
2573 1307 3011 1377 Καταπραΰνεις
3042 1307 3152 1379 γὰρ
3181 1307 3453 1379 τοσαύτην
3479 1306 3646 1363 οὖσαν

2051 1402 2150 1472 τὴν
2183 1401 2472 1464 θάλατταν,
2498 1400 2745 1470 περιθεὶς
2771 1400 2910 1470 αὐτῇ
2946 1398 3121 1463 πύλας
3144 1400 3240 1453 καὶ
3271 1401 3417 1472 ὅρια,
3445 1402 3540 1455 καὶ
3567 1403 3647 1467 ὡς

2052 1495 2296 1567 Δεσπότῃ
2343 1493 2674 1549 δουλεύουσα
2721 1495 3070 1566 κυρτουμένη
3112 1496 3368 1563 πτήσσει,
3418 1497 3514 1550 καὶ
3563 1499 3642 1559 είς

2054 1586 2253 1658 ἑαυτὴν
2287 1588 2720 1659 καταράσσεται,
2758 1587 2896 1659 πρὸς
2931 1587 2993 1641 τὸ
3026 1587 3102 1657 μὴ
3125 1590 3314 1642 πᾶσαν
3344 1589 3641 1643 ὲπικλῦσαι

2053 1682 2153 1746 τὴν
2176 1681 2301 1751 γῆν.

2131 1788 2150 1823 ι
2186 1771 2479 1842 Μακάριος
2505 1771 2534 1825 ό
2560 1770 2687 1836 λαὸς
2713 1770 2741 1824 ό
2771 1770 3060 1841 γινώσκων
3091 1770 3430 1844 ἀλαλαγμὸν.
3472 1791 3492 1824 ι

449 1860 682 1915 Sanctos
724 1859 843 1929 ejus
880 1858 1157 1929 apostolos
1203 1860 1391 1912 beatos
1437 1855 1777 1926 pronuntiat,
1827 1855 1953 1924 quia

2128 1863 2267 1925 Τοὺς
2294 1861 2488 1932 ἁγίους
2543 1862 2713 1917 αὐτοῦ
2739 1863 3081 1928 ἀποστόλους
3106 1863 3426 1935 μακαρίζει,
3465 1865 3546 1917 ὃτι
3577 1863 3643 1937 δὴ

380 1954 636 2009 nimirum
684 1952 976 2006 innomine
1002 1966 1067 2005 ac
1093 1951 1295 2006 virtute
1322 1951 1491 2023 ipsius
1510 1949 1758 2003 fecerunt
1788 1947 1953 2001 mira—

384 2047 507 2101 bilia
538 2059 876 2116 quaecunque
908 2043 1176 2098 fecerunt.

454 2138 617 2193 Vens.
648 2137 738 2192 20.
770 2156 789 2188 ι
824 2136 980 2190 Tunc
999 2135 1213 2191 locutus
1230 2150 1288 2189 es
1310 2135 1363 2188 in
1387 2133 1598 2189 visione
1620 2131 1742 2188 ﬁliis
1765 2130 1891 2186 luis.
1933 2149 1949 2183 ι

453 2229 684 2296 Quando
713 2229 858 2284 Deus
881 2229 1152 2285 exsistens
1185 2226 1421 2282 Verbum
1456 2236 1618 2282 natus
1637 2234 1721 2280 est
1747 2224 1815 2280 de
1833 2239 1955 2278 Inu-

386 2325 536 2389 liere,
578 2331 633 2380 et
683 2322 948 2394 processit
993 2323 1179 2386 homo,
1210 2334 1441 2375 manens
1496 2319 1574 2375 uti
1613 2328 1732 2374 erat
1763 2317 1904 2374 Deus
1939 2335 1952 2381 ;

388 2429 516 2472 tunc
563 2416 876 2471 unctionem
918 2423 1140 2485 propter
1186 2422 1238 2468 te
1283 2410 1591 2483 accipiens,
1640 2410 1958 2465 nominatus

386 2520 467 2565 est
491 2510 765 2564 Christus.
798 2507 936 2564 Cum
967 2508 1115 2562 enim
1162 2506 1395 2560 Verbum
1426 2513 1573 2561 esset
1595 2502 1758 2568 Deus,
1786 2512 1842 2558 et
1868 2518 1958 2555 rex

387 2588 514 2656 ante
544 2599 741 2655 saecula
770 2597 1081 2664 exsisteret,
1121 2607 1309 2653 nostra
1340 2596 1442 2651 sibi
1475 2594 1869 2666 appropriavit,
1902 2601 1961 2647 ut

388 2703 440 2746 et
473 2707 571 2745 nos
596 2706 659 2745 ea
691 2706 812 2760 qua:
841 2690 1013 2760 ipsius
1042 2697 1168 2743 sunt
1196 2687 1644 2758 adipisceremur.

460 2783 622 2837 V’sns.
648 2781 739 2838 27.
783 2800 802 2832 ι
825 2778 1232 2850 lpscinvocabit
1259 2793 1366 2843 me,
1390 2778 1548 2832 Pater
1578 2792 1733 2832 meus
1748 2792 1808 2832 es
1832 2785 1908 2831 tu.
1937 2795 1956 2828 ο

459 2873 669 2930 Rursus
689 2874 790 2929 ‘hic
820 2886 919 2944 per
945 2871 1408 2942 dispensationem
1447 2869 1762 2924 incarnatus
1792 2867 1961 2925 Deum

389 2979 546 3019 suum
583 2956 589 2960 ’
622 2963 837 3020 Patrem
895 2961 1152 3033 appellat,
1183 2959 1371 3014 dicens
1401 2974 1415 3013 :
1445 2957 1589 3013 Vada
1627 2958 1697 3012 ad
1744 2956 1963 3011 Patrem

392 3075 564 3112 meum
587 3066 636 3112 et
677 3056 892 3112 Patrem
926 3065 1181 3120 vestrum,
1216 3062 1265 3107 et
1303 3050 1475 3105 Deum
1507 3067 1681 3104 meum
1712 3058 1760 3104 et
1796 3046 1963 3103 Deum

390 3151 699 3206 vestrum".
729 3149 999 3220 Propheta
1042 3147 1189 3203 enim
1221 3145 1289 3201 de
1331 3144 1454 3214 ipso
1496 3142 1803 3198 vaticinans
1848 3141 1960 3195 ait:

394 3243 627 3298 Puerum
667 3242 761 3312 qui
804 3249 966 3296 natus
995 3234 1080 3296 cst
1117 3253 1239 3294 esse
1276 3236 1450 3293 Deum
1482 3234 1700 3301 fortem,
1747 3231 1961 3288 Patrem

391 3333 561 3390 futuri
597 3331 781 3388 saeculi
812 3331 876 3388 “.

460 3423 625 3480 Vens.
656 3424 746 3478 54.
786 3440 807 3474 ι
838 3418 1263 3490 Neque'nocebo
1296 3419 1352 3473 in
1382 3417 1614 3476 veritate
1639 3429 1784 3471 mea.
1826 3432 1851 3495 r
1922 3474 1925 3475 ν

462 3515 638 3571 Semel
681 3523 840 3571 vocat
881 3512 1089 3570 decreti
1134 3510 1541 3577 certitudinem,
1585 3516 1646 3563 ut
1667 3508 1811 3578 quod
1855 3521 1968 3561 non

391 3606 643 3662 admittat
668 3604 1051 3681 mutationem.
1092 3601 1229 3656 Illud
1255 3609 1437 3656 autem
1458 3616 1473 3652 :
1496 3598 1687 3654 Juravi
1708 3600 1763 3653 in
1785 3605 1968 3651 sancto

392 3713 507 3753 meo
535 3739 551 3764 ,
582 3696 638 3752 id
691 3704 798 3758 est,
838 3693 1016 3765 juravi
1064 3706 1165 3762 per
1204 3690 1549 3746 sanctitatem
1587 3702 1789 3743 meam.
1830 3686 1967 3741 Cum

391 3792 540 3846 enim
571 3803 679 3844 non
693 3788 937 3843 haberet
979 3801 1079 3857 per
1106 3783 1238 3854 quid
1273 3782 1451 3853 majus
1481 3782 1689 3854 iurare,
1721 3772 1971 3851 persan-

391 3883 637 3937 ctitatem
660 3895 813 3936 suam
836 3878 1062 3949 juravit.

491 3972 653 4029 Vens.
709 3970 797 4024 40.
863 3967 1223 4023 ι-Ρει-οίοηοειὶ
1283 3968 1341 4021 in
1396 3975 1538 4022 terra
1601 3963 1964 4020 sanctuarium

394 4074 568 4120 tuum.
606 4082 625 4115 ι
852 4050 855 4053 ’
968 4068 977 4074 '

467 4154 633 4211 Omni
673 4153 970 4210 securitate
1003 4152 1184 4223 ipsum
1214 4151 1459 4222 spoliasti
1489 4169 1507 4205 :
1543 4164 1670 4205 nam
1696 4147 1971 4205 moenibus

393 4246 672 4303 civitatum
701 4243 904 4315 quibus
942 4242 1252 4299 conﬁdebat
1283 4242 1513 4308 eversis,
1535 4240 1789 4297 ﬁduciam
1809 4240 1972 4295 amit-

401 4349 545 4403 tens,
581 4337 636 4391 in
671 4334 1181 4406 pusillanimitatem
1204 4333 1417 4389 incidit.

2058 1955 2135 2025 τῷ
2160 1954 2389 2027 ὀνόματι
2418 1954 2582 2010 αὑτοῦ
2615 1954 2709 2009 καὶ
2737 1958 2803 2028 τῇ
2835 1955 3065 2028 δυνάμει
3098 1956 3264 2010 αὑτοῦ
3292 1958 3514 2011 ἐποίουν
3542 1957 3643 2011 ὅσα

2059 2046 2278 2099 ἐποίουν
2308 2045 2611 2118 παράδοξα.

2133 2156 2153 2190 ι
2181 2139 2320 2192 Τότε
2344 2138 2616 2209 ὲ).άλησας
2649 2140 2708 2192 ἐν
2744 2138 2933 2208 ὁράσει
2954 2140 3068 2202 τοῖς
3097 2138 3234 2201 υίοῖς
3262 2151 3376 2192 σου.
3412 2158 3430 2190 ι

2134 2230 2263 2283 Ὅτε
2312 2230 2448 2294 Θεὸς
2492 2230 2569 2284 ὢν
2615 2232 2644 2284 ό
2670 2230 2845 2298 Λόγος
2883 2229 3151 2302 ἐγεννήθη
3188 2229 3332 2284 κατά
3375 2230 3553 2300 σάρκα
3581 2229 3645 2284 ἐκ

2060 2322 2338 2391 γυναικὸς,
2393 2322 2489 2377 καὶ
2545 2322 2819 2394 προῆλθεν
2881 2321 3193 2392 ἄνθρωπος,
3236 2323 3416 2393 μένων
3461 2321 3537 2384 ὡς
3576 2316 3645 2392 ἦν

2059 2415 2212 2478 Θεός·
2241 2414 2363 2467 τότε
2395 2412 2495 2485 τὴν
2529 2413 2712 2484 χρίσιν
2752 2413 2840 2467 διά
2872 2412 2933 2466 σὲ
2961 2410 3165 2477 λαδὼν,
3190 2411 3485 2484 ὠνομάσθη
3512 2411 3644 2481 Χρι-

2062 2508 2207 2569 στός.
2231 2505 2365 2570 Θεὸς
2390 2504 2501 2576 γὰρ
2527 2502 2648 2558 ὢνὸ
2664 2505 2858 2573 Λόγος,
2890 2503 2984 2558 καὶ
3015 2503 3274 2575 βασιλεὺς
3296 2503 3403 2575 πρὸ
3434 2501 3644 2555 αἰώνων

2062 2597 2346 2670 ὑπάρχων,
2407 2596 2781 2668 ίδιοποιήσατο
2811 2596 2881 2650 τὰ
2911 2597 3182 2668 ἡμέτερα,
3215 2594 3303 2650 ἵνα
3341 2596 3436 2650 καὶ
3482 2597 3644 2666 ἡμεῖς

2061 2690 2129 2745 τὰ
2161 2689 2328 2745 αὑτοῦ
2353 2689 2767 2761 πλουτήσωμεν.

2139 2801 2159 2835 r
2196 2782 2369 2847 Αύτδς
2394 2781 2784 2838 ὲπικαλέσεταί
2821 2797 2912 2853 με,
2945 2780 3137 2852 Πατήρ
3177 2797 3279 2851 μου
3307 2775 3359 2832 εἷ
3388 2779 3474 2833 σύ.
3512 2797 3532 2831 ο

2137 2873 2305 2928 Πάλιν
2335 2873 2570 2928 ἐνταῦθα
2592 2871 2959 2943 οἰκονομικῶς
2997 2875 3025 2926 ὁ
3054 2873 3475 2943 σεσαρκωμένος
3512 2871 3649 2925 Θεὸν

2064 2966 2261 3019 ἑαυτοῦ
2299 2966 2393 3019 τὸν
2432 2965 2656 3035 Πατέρα
2688 2963 2866 3027 καλεῖ,
2893 2964 3088 3030 λέγων’
3125 2964 3451 3033 Πορεύομαι
3496 2963 3647 3031 πρὸς

2065 3057 2172 3110 τὸν
2198 3054 2429 3125 Πατέρα
2447 3074 2568 3127 μου
2604 3055 2701 3109 καί
2744 3054 2974 3123 Πατέρα
3003 3053 3192 3125 ὑμῶν,
3232 3052 3332 3106 καὶ
3362 3054 3512 3108 Osdr-
3533 3070 3650 3120 μου

1989 3183 2032 3240 c
2065 3149 2166 3204 καί
2193 3150 2343 3204 Θεὸν
2366 3147 2556 3240 ὑμῷν.
2602 3147 2663 3202 '0
2685 3147 2795 3218 γάρ
2828 3147 3118 3219 προφήτης
3136 3146 3272 3218 φησὶ
3300 3146 3432 3218 περὶ⁵
3461 3143 3647 3207 αὐτοῦ,

2065 3241 2280 3295 παιδίον
2302 3238 2641 3309 γεννώμενον
2667 3239 3049 3314 προφητεύων,
3073 3239 3206 3293 θεὸν
3227 3238 3448 3311 ἰσχυρὸν
3465 3237 3650 3306 ἔλεγεν

2067 3333 2252 3398 αὑτὸν,
2278 3332 2501 3402 Πατέρα
2522 3331 2617 3385 τοῦ
2654 3331 2938 3403 μέλλοντος
2973 3331 3190 3395 αἰῶνος.

2141 3443 2160 3476 ι
2203 3424 2337 3478 Οὐδὲ
2370 3423 2445 3496 μὴ
2470 3424 2715 3495 ἀδικήσω
2739 3425 2796 3477 ὲν
2826 3426 2892 3495 τῇ
2925 3423 3161 3496 ἀληθείᾳ
3204 3440 3329 3495 μου.
3369 3442 3386 3474 ι

2139 3515 2340 3580 Ἀπαξ
2390 3515 2550 3569 καλεῖ
2584 3517 2645 3568 τὸ
2667 3514 2886 3586 βέὁαιον
2910 3515 3011 3586 τῆς
3053 3515 3408 3585 ἀποφάσεως,
3465 3515 3543 3578 ὡς
3586 3512 3649 3568 ού

2068 3609 2367 3681 δεχομένης
2394 3609 2780 3681 παρατροπήν.
2820 3608 2895 3663 Τὸ
2914 3608 2971 3661 δέ
2997 3625 3012 3641 ο
3036 3609 3271 3678 Ὤμοσα
3304 3608 3375 3662 ἐν
3398 3606 3478 3672 τῷ
3508 3607 3652 3676 ἁγίῳ

2066 3719 2206 3771 μου,
2252 3700 2377 3754 ἀντὶ
2405 3699 2524 3767 τοῦ,
2566 3699 2782 3770 Ὠμοσα
2838 3698 2982 3754 κατά
3028 3698 3128 3770 τῆς
3179 3697 3491 3768 ἁγιωσύνης
3524 3713 3648 3768 μου.

2084 3791 2305 3863 Ἐπειδὴ
2344 3791 2453 3863 γὰρ
2497 3791 2600 3845 οὐκ
2648 3786 2762 3861 εἶχε
2789 3790 2930 3845 κατά
2969 3790 3215 3862 μείζονος
3250 3791 3470 3860 ὀμόσαι,
3511 3788 3654 3842 κατά

2070 3885 2171 3954 τῆς
2198 3882 2516 3952 ἁγιωσύνης
2542 3880 2727 3952 ὤμοσε
2757 3882 2858 3952 τῆς
2880 3879 3070 3937 αὑτοῦ.

2151 3988 2170 4021 ι
2215 3971 2593 4042 Ἐϐεδήλωσας
2622 3972 2705 4034 είς
2739 3970 2840 4041 τὴν
2876 3970 2981 4041 γῆν
3017 3970 3080 4024 τὸ
3110 3968 3367 4040 ,ἀγίασμα
3408 3965 3594 4021 αὑτοῦ.
3624 3983 3644 4017 ι

2146 4150 2335 4224 Πάσης
2369 4150 2530 4205 αὐτὸν
2569 4149 2876 4220 ἀσφαλείας
2910 4151 3259 4221 ἐγύμνωσαςο
3299 4149 3385 4218 ἐφ’
3409 4144 3493 4213 οἷς
3542 4147 3653 4219 γὰρ
3741 4203 3751 4209 .

2073 4239 2295 4313 saepest
2344 4241 2453 4294 τῶν
2502 4241 2711 4295 πόλεων
2749 4241 3081 4313 περιϐόλοις,
3151 4243 3501 4312 παυσάμενος
3559 4239 3652 4293 τοῦ

2074 4330 2319 4403 θαρρεῖν,
2341 4332 2436 4385 ἐπὶ
2479 4332 2680 4385 δειλίαν
2701 4333 3081 4388 ἐκπέπτωκεν.

448 4428 611 4485 Vens.
631 4428 723 4484 47.
752 4445 775 4480 ι
803 4425 1116 4498 Usquequo,
1144 4424 1389 4490 Domine,
1415 4423 1617 4481 avertis
1634 4423 1689 4478 in
1709 4422 1871 4479 ﬁnem
1894 4422 1919 4476 ἲ
1946 4441 1965 4474 ι

2152 4444 2171 4477 ι
2208 4425 2356 4489 Ἕως
2388 4424 2539 4489 πότε,
2568 4424 2763 4495 Κύριε,
2789 4425 3112 4498 ἀποστρέφῃ
3140 4425 3220 4488 είς
3249 4424 3430 4489 τέλοςς
3471 4442 3491 4474 ι

381 4580 400 4590 _
463 4518 757 4584 Memento,
792 4510 1072 4588 inquiunt
1120 4516 1216 4587 qui
1287 4516 1405 4571 haec
1449 4516 1657 4582 dicunt,
1707 4515 1969 4585 quoniam

392 4621 583 4668 natura
612 4611 915 4669 mutabiles,
949 4625 1159 4678 sumus,
1189 4625 1314 4665 cum
1347 4609 1520 4664 simus
1550 4608 1724 4663 libero
1755 4605 1969 4678 praediti

392 4702 637 4767 arbitrio,
688 4715 763 4756 ne
800 4700 869 4756 ad
927 4700 1266 4771 impietatem
1322 4699 1715 4755 exorbitemus.
1786 4696 1970 4753 Possis

391 4794 558 4849 etiam
583 4792 777 4847 dicere
816 4800 1100 4857 naturam,
1156 4805 1384 4862 eamque
1430 4791 1613 4855 talem,
1666 4788 1967 4845 secundum

389 4900 553 4956 quam
581 4883 707 4956 quis
739 4884 915 4953 possit
942 4881 1148 4953 aliquid
1173 4882 1441 4938 molestiae
1461 4881 1756 4939 sustinere.

890 4973 1248 5043 ,PSALMUS
1293 4973 1406 5031 xc.

455 5068 623 5127 Vens.
651 5070 708 5125 2.
739 5089 759 5123 ι
795 5070 942 5126 Deus
978 5082 1156 5134 meus,
1180 5066 1414 5137 sperabo
1439 5064 1494 5120 in
1524 5080 1669 5121 eum.
1698 5083 1719 5118 ι

483 5161 647 5219 Vides
688 5172 952 5235 quantam
1001 5161 1202 5216 habeat
1252 5159 1397 5230 apud
1444 5158 1618 5213 Deum
1668 5156 1965 5213 ﬁduciam?

385 5257 586 5312 Totum
635 5256 785 5311 enim
832 5252 1187 5323 semetipsum
1249 5246 1654 5319 quodammodo
1713 5246 1816 5316 ipsi
1863 5246 1961 5301 de—

384 5347 662 5413 dicans,in
691 5362 758 5402 eo
782 5359 1003 5401 omnem
1031 5341 1223 5398 salutis
1251 5354 1404 5409 spem
1428 5339 1612 5394 habet.
1642 5337 1751 5393 Ter
1770 5338 1963 5393 beatus

383 5447 569 5493 autem
618 5437 869 5507 quisquis
903 5444 990 5492 est
1040 5431 1349 5488 istiusmodi
1378 5448 1393 5497 ;
1422 5439 1479 5485 et
1524 5430 1674 5485 omni
1701 5429 1961 5485 felicitate

384 5526 577 5596 plenus
597 5527 720 5581 erit.
734 5528 894 5581 Canit
914 5526 1083 5596 igitur
1103 5524 1295 5578 beatus
1318 5521 1505 5586 David,
1534 5532 1592 5576 et
1618 5522 1719 5576 ait:
1740 5521 1962 5575 Doniine

387 5614 529 5671 Deus
551 5616 825 5682 uirtutum,
857 5616 1039 5670 beatus
1071 5617 1224 5667 homo
1246 5614 1336 5683 qui
1362 5622 1545 5681 sperat
1577 5614 1700 5666 inte
1722 5613 1787 5666 ¹¹⁶.

464 5786 504 5815 ⁸³
540 5784 587 5851 ιι
618 5784 745 5853 Reg.
780 5803 874 5850 vu,
911 5787 999 5839 ω.

2147 4516 2454 4588 Μνήσθητι,
2492 4516 2660 4587 φασὶν
2706 4517 2760 4570 κοί
2798 4517 2975 4571 ταῦτα
2999 4518 3270 4587 λέγοντες,
3300 4518 3385 4571 ὅτι
3424 4514 3653 4588 στρεπτοὶ

2075 4609 2175 4680 τὴν
2201 4608 2362 4677 φύσιν
2401 4609 2747 4680 ὑπάρχομεν,
2774 4608 2929 4672 ὂντες
2958 4608 3320 4673 αύτεξούσιοι,
3354 4608 3548 4678 μήπως
3573 4606 3657 4669 εις

2075 4697 2336 4751 ἀσέϐειαν
2361 4697 2749 4769 ὲξοκείλωμαν.
2793 4700 2991 4768 Δέγοις
3033 4698 3078 4752 δ’
3102 4698 3169 4753 ἂν
3209 4698 3530 4760 ὑπόστασιν,
3560 4695 3658 4749 καὶ

2075 4788 2175 4860 τὴν
2221 4788 2346 4842 καθ’
2378 4789 2445 4860 ἦν
2497 4789 2797 4861 ὑποστῆναί
2840 4806 2927 4854 τις
2964 4788 3190 4845 δύναταί
3241 4806 3294 4842 τι
3326 4786 3437 4842 τῶν
3468 4785 3659 4841 ἐπιπό-

2076 4897 2203 4934 νων.

2664 4976 2960 5033 ΨΑΛΜΟΣ
2994 4982 3066 5044 ιιν.

2149 5087 2168 5119 ι
2220 5068 2277 5121 '0
2315 5067 2448 5131 Θεός
2473 5084 2599 5138 μου,
2625 5067 2831 5133 ἐλπίζω
2868 5068 2955 5122 ἐπ’
2983 5067 3167 5121 αὐτόν.
3209 5085 3229 5119 ι

2155 5159 2319 5230 Ὁρᾷς
2340 5160 2477 5230 ὅσην
2500 5159 2615 5230 ἔχει
2641 5162 2755 5232 παῤ
2764 5160 2962 5232 ρησίαν
2981 5158 3137 5231 παρά
3156 5155 3331 5226 θεοῢς
3361 5157 3525 5212 Ὅλον
3546 5157 3659 5230 γὰρ

2068 5249 2263 5304 ἑαυτὸν
2308 5249 2505 5319 ὥσπερ
2534 5248 2757 5313 ἀναθεὶς
2794 5248 2968 5320 αὐτῷ,
3020 5251 3110 5302 ἐπ’
3140 5247 3290 5320 αὐτῷ
3329 5250 3511 5302 πᾶσαν
3543 5247 3663 5317 ἔχει

2067 5340 2165 5395 τοῦ
2195 5340 2473 5404 σώζεσθαι
2507 5341 2607 5414 τὴν
2635 5343 2853 5398 ἐλπίδα.
2887 5341 3308 5415 Τρισμακάριος
3334 5341 3391 5396 δὲ
3426 5343 3454 5395 ό
3479 5341 3660 5393 τοιοῦ-

2069 5450 2179 5495 τος·
2198 5432 2300 5513 καὶ.
2323 5433 2542 5504 ἀπάσης
2566 5436 2869 5506 εὐημερίας
2886 5435 3038 5489 ἔσται
3058 5435 3277 5507 μεστός.
3295 5433 3507 5489 Ψάλλει
3526 5431 3661 5500 γοῦν

2069 5529 2097 5578 ὁ
2150 5525 2425 5596 μακάριος
2475 5527 2664 5594 Δαὸὶδ,
2708 5529 2802 5581 καί
2838 5546 2973 5602 φησι
2999 5543 3015 5560 ⁸
3049 5526 3249 5599 Κύριε,
3303 5530 3335 5582 ό
3362 5526 3506 5584 Θεὸς
3536 5519 3657 5575 τῶν

2069 5617 2403 5686 δυνάμεων,
2431 5618 2730 5688 μακάριος
2759 5620 3074 5690 ἄνθρωπος
3091 5624 3125 5672 ὁ
3143 5613 3398 5677 ἐλπίζων
3429 5614 3525 5667 ἐπὶ
3557 5612 3654 5668 σέ.

1077 5790 1118 5819 ¹²
1153 5788 1310 5842 Joan.
1345 5806 1433 5853 xx,
1470 5792 1561 5844 l7.
1643 5792 1686 5822 ¹³
1726 5790 1830 5843 lsa.
1885 5806 1961 5856 Ix,
2003 5789 2055 5845 ϐ.
2138 5790 2178 5822 ίῖ
2220 5788 2361 5844 Psal.
2391 5806 2611 5859 Lxxxm,
2650 5793 2736 5847 15.
