4044 6228
449 368 581 432 ιειδ

517 501 536 534 ι
567 481 759 552 ’Ὸπλῳ
799 480 1070 532 κυκλώσει
1104 497 1161 532 σε
1188 480 1219 549 ὴ
1242 477 1466 547 ἀλήθεια
1499 476 1686 530 αὑτοῦ.
1715 497 1732 526 ι

522 575 580 627 '0
619 563 800 628 πάντα
821 573 1083 642 γενναίως
1115 572 1298 640 φέρων
1326 571 1488 632 αὐτὰ,
1521 569 1590 620 τὰ
1621 570 1762 623 αὐτὰ
1796 567 1871 638 τῷ
1901 568 2019 622 Ἰὼϐ

441 666 604 735 λέγει’
638 665 707 719 Et
740 665 813 720 τὰ
845 665 1037 732 ἀγαθὰ
1069 663 1398 733 ἐδεξάμεθα
1439 662 1506 714 ἐκ
1547 661 1741 731 χειρός
1775 661 2019 729 Κυρίου,

438 759 508 812 τὰ
539 760 694 811 κακὰ
750 757 865 824 οὐχ
903 756 1273 823 ὐποὶσομεν;
1326 754 1422 818 Ὠς
1469 753 1551 817 τῷ
1591 752 1783 819 Κυρίῳ
1809 749 2022 815 ἔδοξεν

437 852 626 917 οὕτως
659 850 760 904 καὶ
799 849 1062 919 ἐγένετο.
1110 849 1168 900 Ὀ
1196 844 1291 900 οὖν
1338 850 1395 900 ὲν
1427 846 1704 908 τοσούτοις
1736 841 2020 915 κατορθώ-

445 963 606 1014 μασιν
658 943 923 1015 εὑρεθεὶς,
972 941 1094 994 οὐδὲ
1142 941 1233 993 τὸν
1272 935 1886 1010 μετασχηματιζόμενον
1941 935 2022 997 εἰς

441 1035 674 1105 ἄγγελον
726 1035 903 1103 φωτὸς
951 1032 1196 1086 διάϐολον
1242 1032 1515 1098 φοϐεῖται,
1567 1029 1694 1081 ὄντα
1743 1025 2021 1095 δαιμόνιον

444 1124 841 1196 μεσημϐρινὸν,
893 1124 988 1176 καὶ
1037 1123 1276 1190 ἀκμαῖον
1323 1119 1438 1189 φῶς
1477 1117 1886 1186 ἐπαγγέλλεται
1933 1116 2023 1169 διὰ

440 1215 760 1283 φιλοσοφίας
787 1214 883 1267 καὶ
938 1213 1099 1282 κενῆς
1135 1211 1371 1279 ἀπάτης.
1407 1209 1547 1263 Αὐτὸ
1571 1209 1728 1262 τοῦτο
1756 1209 1876 1261 ὃλον
1907 1209 2022 1260 ἐστὶ

439 1307 714 1376 δαιμόνιον
767 1305 1166 1376 μεσημϐρινὸν.
1222 1303 1336 1356 Ούκ
1366 1302 1526 1363 αὐτὸς
1569 1301 1626 1354 δὲ
1675 1301 1857 1368 μόνος,
1887 1299 2022 1353 ἀλλὰ

441 1399 536 1450 καὶ
573 1400 623 1450 οἱ
653 1398 891 1450 διάκονοι
935 1394 1122 1459 αὐτοῦ,
1159 1392 1766 1464 μετασχηματιζόμενοι
1796 1393 1876 1454 εἰς
1907 1390 2023 1442 δια-

443 1489 631 1551 κόνους
677 1487 1048 1558 δικαιοσύνης,
1110 1486 1366 1554 δαιμόνια
1437 1483 1789 1553 μεσημϐρινὰ
1860 1482 2017 1534 εἰσιν.

453 1580 594 1631 Ἀλλ’
635 1582 682 1632 εἰ
725 1581 822 1632 καὶ
869 1580 1247 1648 προσποιεῖται
1288 1575 1494 1630 τούτων
1527 1575 1757 1638 ἕκαστος
1805 1591 2022 1644 μεσημ-

442 1673 624 1742 ϐρινὸς
659 1669 818 1736 εἶναι,
846 1672 906 1724 ού
934 1671 1250 1741 διαμένουσι
1281 1669 1514 1724 τοιοῦτοι
1542 1663 1646 1722 οἶοι
1683 1663 1825 1722 εἶναι
1859 1685 2022 1738 προσ-

444 1766 744 1829 ποιοῦνται,
795 1762 1236 1832 σϐεσθησομὲνου
1285 1761 1380 1815 τοῦ
1419 1762 1598 1830 φωτὸς
1643 1761 1752 1814 τῶν
1780 1760 2017 1824 ἀσεϐῶν,

440 1861 570 1912 ὅταν
625 1859 653 1909 ό
709 1855 942 1926 Χριστὸς
982 1854 1152 1907 ἐλθὼν
1184 1895 1198 1918 ,
1253 1854 1489 1922 Φωτίσῃ
1540 1853 1613 1906 τὰ
1639 1851 1876 1921 κρυπτὰ
1910 1853 2018 1906 τοῦ

440 1950 721 2016 σκότους,
765 1948 862 2002 καὶ
924 1948 1030 2016 τὰς
1087 1947 1325 2012 βουλὰς
1373 1946 1492 2000 τῶν
1541 1945 1798 2015 καρδιῶν
1841 1963 2021 2015 φανε-

433 2042 626 2109 ρὼσῃ.
1005 2109 1018 2116 Α

517 2153 535 2184 ι
571 2135 826 2187 Πεσεῖται
851 2135 915 2187 ὲκ
946 2133 1037 2187 τοῦ
1065 2133 1280 2195 κλίτους
1309 2151 1402 2186 σου
1439 2135 1632 2204 χιλιάς.
1677 2153 1694 2182 ι

515 2228 580 2278 Αἱ
617 2227 879 2296 μυριάδες
904 2227 976 2289 ὡς
1007 2225 1072 2278 ἂν
1095 2225 1505 2297 κραταιοτέροις
1539 2227 1632 2278 καὶ
1653 2227 2020 2296 ἰσχυροτέροις

441 2321 554 2380 τοῖς
587 2317 782 2382 δεξιοῖς
821 2317 1206 2371 ἐπεϐούλευον.
1239 2317 1402 2370 Ἀλλὰ
1433 2320 1527 2372 καὶ
1551 2319 1767 2381 πλείους
1796 2319 1933 2372 εἰσὶν
1971 2321 2021 2371 οἱ

439 2410 528 2462 διὰ
564 2410 672 2464 τῶν
699 2410 1006 2464 δοκούντων
1035 2406 1175 2462 εἶναι
1206 2410 1398 2476 δεξιῶν
1429 2411 1744 2472 πίπτοντες,
1792 2410 1938 2478 ἥπερ
1973 2413 2020 2463 οἱ

441 2501 738 2572 προφανῶς
797 2503 1228 2571 ἁμαρτάνοντες.
1293 2501 1651 2572 Δικαιώματα
1728 2503 1837 2573 γάρ
1900 2521 2021 2556 τινα

442 2596 873 2666 προϐαλλόμενοι
922 2593 1339 2668 περιπείρονται
1412 2595 1716 2668 ἁμαρτίαις
1765 2596 1874 2648 τῶν
1925 2598 2020 2648 ἀν-

441 2686 676 2755 θρώπων
703 2691 751 2740 οἱ
785 2688 1030 2750 πλείους.

1006 2780 1295 2835 ΨΑΛΜΟΣ
1343 2785 1456 2849 ιιῑι.

513 2873 819 2925 ι’Ἒσωσεν
841 2872 989 2942 αὐτῷ
1016 2875 1049 2942 ὴ
1075 2871 1224 2937 δεξιὰ
1253 2872 1440 2927 αὐτοῦ.
1475 2893 1494 2925 ο

512 2967 621 3018 Καὶ
657 2967 709 3019 τι
759 2965 917 3019 τοῦτο
943 2967 1255 3036 θαυμαστὸν
1306 2967 1452 3037 ἔχεις
1503 2967 1628 3020 ἐπεὶ
1673 2968 1889 3030 πάντως
1935 2968 2023 3020 διὰ

442 3059 641 3120 κακίας
671 3057 981 3128 ὑπερϐολὴν
1024 3057 1426 3128 ἀπαγορευθεὶς
1471 3058 1720 3128 ὑπῆρχεν
1754 3062 1782 3112 ὁ
1807 3058 2023 3126 ἂνθρω-

1553 361 2014 421 FRAGMENTA
2067 361 2146 421 IN
2191 364 2548 425 PSALMOS.

2051 480 2095 532 Α
2191 479 2351 533 Vnus.
2389 481 2441 534 5.
2474 501 2492 531 ι
2524 480 2688 535 Scuto
2718 480 3077 534 circumdabit
3106 487 3157 532 le
3194 478 3395 532 veritas
3422 477 3558 548 ejus.
3602 494 3619 526 ι

3567 357 3699 418 Ῑίὲὓϐ

2194 572 2296 638 Qui
2342 573 2428 624 illa
2471 573 2656 625 omnia
2704 588 2970 643 generose
3024 573 3282 636 sustinet,
3332 570 3522 625 eadem
3571 583 3697 622 eum

2122 667 2262 721 Jobo
2309 666 2474 720 dicit:
2510 666 2566 720 Si
2607 665 2738 717 bona
2775 665 3094 733 suscepimus
3133 664 3194 716 de
3244 679 3404 715 mamt
3465 659 3699 722 Domini,

2126 755 2270 808 mala
2311 768 2411 808 cur
2450 771 2551 807 non
2592 755 3001 806 sustinebimus?
3030 753 3175 807 Sicut
3223 754 3442 806 Omnino
3475 751 3699 820 placuit,

2125 850 2198 899 ita
2234 849 2428 916 factum
2465 855 2541 898 est
2566 845 2700 897 “‘"‘.
2727 845 2827 909 Qui
2853 845 3016 915 igitur
3046 848 3099 899 iu
3132 846 3296 900 tantis
3329 847 3514 916 probis
3544 845 3704 899 factis

2126 941 2381 993 inventus
2423 938 2606 1001 fuerit,
2647 953 2825 1006 neque
2873 939 3147 992 diabolum
3182 939 3234 991 iu
3278 939 3533 1008 angelum
3564 938 3704 992 lucis

2125 1031 2572 1086 trausl‘ormatum
2619 1031 2832 1094 metuit,
2879 1046 3001 1084 cum
3050 1030 3116 1083 sit
3169 1031 3497 1084 diemonium
3539 1030 3703 1084 meri-

2124 1125 2371 1185 dianum,
2404 1132 2458 1176 et
2494 1122 2712 1176 fervens
2752 1122 2842 1174 lux
2884 1122 3240 1176 annuutietur
3264 1131 3488 1190 propter
3524 1122 3702 1191 philo-

2125 1215 2372 1284 sophiam
2423 1223 2480 1270 et
2550 1214 2768 1267 inanem
2829 1212 3120 1266 fallaciam.
3185 1211 3240 1265 Id
3299 1213 3476 1280 ipsum
3529 1219 3702 1265 totum

2125 1318 2208 1362 est
2237 1306 2567 1361 daemonium
2598 1303 2989 1358 meridianum.
3021 1301 3140 1357 Non
3169 1303 3317 1357 solus
3343 1311 3528 1356 autem
3565 1303 3702 1370 ipse,

2124 1413 2312 1451 verum
2343 1396 2509 1450 etiam
2537 1395 2771 1450 ministri
2805 1395 2946 1464 ejus,
2975 1395 3068 1464 qui
3100 1393 3466 1449 transformati
3497 1401 3625 1446 sunt
3651 1393 3703 1445 in

2125 1490 2406 1546 ministros
2441 1488 2688 1558 justiti-ee,
2723 1489 2989 1542 daemonia
3026 1487 3324 1542 meridiana
3352 1495 3499 1541 sunt.
3530 1485 3706 1540 Cane-

2126 1595 2269 1647 rum,
2311 1582 2416 1638 etsi
2467 1581 2699 1650 quilibet
2747 1583 2944 1634 borum
2992 1581 3213 1633 simulet
3251 1595 3308 1634 se
3341 1579 3703 1634 meridianum

2123 1692 2265 1742 esse,
2292 1691 2404 1730 nou
2439 1684 2663 1729 manent
2699 1683 2877 1728 tamen
2911 1674 3046 1728 tales
3067 1673 3266 1742 .quales
3293 1687 3350 1726 se
3381 1687 3500 1726 esse
3531 1671 3705 1724 simu-

2125 1771 2256 1831 lant,
2290 1770 2494 1824 lumine
2541 1767 2830 1836 impiorum
2861 1766 3172 1830 exstincto;
3207 1765 3427 1834 quando
3449 1763 3704 1818 Christus

2123 1859 2425 1923 advenerit,
2459 1859 2549 1928 qui
2582 1858 2900 1911 illuminalu't
2926 1858 3232 1911 abscondita
3264 1857 3620 1919 tenebrarum,
3651 1865 3700 1908 et

2123 1950 2477 2017 utanifcstabit
2511 1950 2731 2003 consilia
2761 1950 2999 2003 cordium
3033 1951 3096 2001 ”.

2194 2133 2359 2185 Vsus.
2393 2133 2446 2184 7.
2488 2149 2505 2182 ι
2535 2131 2744 2185 Cadent
2775 2146 2803 2184 a
2833 2133 2998 2186 latere
3033 2141 3128 2184 tuo
3156 2131 3322 2184 mille.
3368 2149 3385 2180 ›

2193 2226 2386 2280 Decem
2434 2223 2599 2277 millia
2639 2223 2848 2277 dextris
2880 2231 3138 2292 tauquam
3189 2221 3595 2291 potentioribus
3637 2235 3702 2274 ac

2125 2317 2440 2371 fortioribus
2471 2315 2727 2370 insidiata
2757 2323 2904 2369 sunt.
2950 2314 3334 2368 Verumtamen
3362 2314 3547 2382 plures
3575 2319 3704 2366 sunt

2122 2411 2212 2481 qui
2241 2411 2440 2466 cadant
2468 2424 2534 2464 eo
2561 2409 2705 2478 quod
2734 2425 2764 2462 a
2795 2409 3001 2463 dextris
3033 2423 3154 2463 esse
3195 2409 3503 2471 videantur,
3539 2422 3703 2476 quam

2121 2504 2212 2572 qui
2243 2502 2532 2556 manifeste
2565 2510 2815 2572 peccant.
2859 2500 3080 2554 Plurimi
3118 2500 3261 2554 enim
3292 2499 3547 2554 homines
3573 2499 3702 2551 dum

2118 2597 2356 2666 justitias
2394 2595 2605 2665 aliquas
2665 2609 2775 2664 prae
2830 2609 2888 2647 se
2933 2593 3135 2658 ferunt,
3197 2590 3430 2661 peccatis
3485 2589 3702 2644 transil-

2122 2695 2344 2756 guntur.

2609 2773 2928 2829 PSALIIIUS
2979 2773 3184 2828 XCVII.

2195 2865 2357 2922 Vsus.
2397 2865 2444 2918 I.
2487 2884 2504 2917 ι
2532 2865 2772 2920 Salvavit
2804 2866 2905 2920 sibi
2943 2867 3164 2921 dextera
3190 2867 3327 2936 ejus.
3373 2887 3397 2918 ›

2195 2961 2401 3030 Ecquid
2425 2961 2527 3014 hoc
2550 2958 2688 3014 miri
2708 2959 2954 3015 continet
2979 2961 3001 3012 ?
3023 2959 3459 3028 quandoquidem
3487 2965 3708 3027 propter

2124 3066 2409 3106 excessum
2453 3051 2672 3106 malitiae
2712 3051 2937 3105 muniuo
2980 3051 3216 3118 rejeetus
3270 3051 3434 3103 fuerit
3483 3050 3648 3104 homo
3686 3065 3701 3115 ;

440 3164 559 3210 mg'
619 3147 702 3200 διὸ
760 3149 858 3218 τῆς
905 3147 1002 3200 τοῦ
1053 3147 1189 3200 Θεοῦ
1241 3148 1425 3211 δεξιᾶς
1480 3149 1574 3201 καὶ
1617 3147 1708 3200 τοῦ
1741 3149 2020 3219 βραχίονος

2124 3151 2458 3212 quapropter
2488 3142 2582 3197 Dei
2606 3143 2824 3197 dextera
2856 3142 3222 3212 ejusdemque
3248 3142 3471 3196 brachio
3512 3157 3708 3196 neces-

439 3240 753 3304 ἀναγκαίως
808 3239 1014 3310 ἐδέησε,
1069 3239 1268 3309 δηλαδὴ
1323 3238 1419 3292 τοῦ
1459 3240 1796 3308 Μονογενοῦς
1830 3239 2018 3294 αὐτοῦ’

440 3331 605 3382 αὑτὸν
636 3329 745 3400 γὰρ
800 3330 1202 3398 χαρακτηρίζει
1250 3329 1359 3381 τῶν
1400 3331 1707 3400 εἰρημένων
1735 3329 2018 3400 ἑκάτερον.

445 3421 580 3490 Περὶ
613 3415 672 3473 οὗ
703 3420 798 3472 καὶ
839 3421 1070 3483 Ἡσαΐας
1114 3419 1302 3490 φησιν·
1341 3419 1437 3486 Ὠς
1466 3420 1693 3490 ποιμὴν
1721 3420 2022 3490 ποιμαίνει

440 3514 505 3564 τὸ
537 3516 816 3583 ποίμνιον
847 3515 1056 3578 αὐτοῦ,
1091 3511 1190 3565 καὶ
1265 3511 1743 3581 ,βραχίωναὺτοῦ
1766 3511 2023 3574 συνάξει

440 3605 648 3671 ἄρνας.
701 3609 796 3658 Ὃν
826 3607 886 3657 οὐ
920 3606 1097 3673 μάτην
1126 3606 1153 3656 ό
1176 3604 1484 3672 Ψαλμῳδὸς
1519 3605 1613 3656 νῦν
1640 3605 2022 3673 προσηγόρευ-

443 3712 531 3745 σεν
563 3695 738 3761 ἆγιον,
771 3695 886 3747 ἀλλ’
909 3697 966 3746 ὲν
1007 3695 1111 3763 ἰδία
1137 3694 1306 3756 δεῖξαι
1341 3694 1530 3744 τοῦτον
1563 3694 1862 3745 ὑποστάσει
1896 3693 2021 3761 βου-

443 3783 688 3852 λόμενος.
739 3785 910 3846 Αύτὸς
983 3785 1165 3836 τοίνυν
1223 3786 1285 3835 τὸ
1350 3785 1575 3853 πλάσμα
1627 3784 1689 3834 τὸ
1743 3785 2022 3845 ἀπολωλός

443 3875 667 3928 ἔσωσεν.
713 3875 847 3927 Οὐδὲ
886 3874 993 3944 γὰρ
1019 3870 1148 3944 ἦλθε
1195 3877 1378 3944 κρῖναι
1409 3875 1638 3944 κόσμον,
1672 3876 1808 3929 ἀλλὰ
1844 3875 2020 3927 σῶσαι

443 3969 532 4019 τὸν
563 3967 790 4035 κόσμον.

518 4078 536 4109 ι
588 4057 864 4128 Ἐμνήσθη
887 4059 980 4110 τοῦ
1005 4059 1186 4121 ἐλέους
1210 4059 1375 4111 αἰοτοῦ
1407 4059 1484 4128 τῷ
1524 4057 1740 4111 Ἰακώϐ.
1781 4079 1801 4111 ›

525 4234 664 4287 Ἀνθ’
694 4235 815 4288 ὅτου
861 4234 949 4286 τὸν
996 4233 1188 4287 Ἰακὼϐ
1225 4235 1418 4299 εἰπὼν,
1451 4237 1550 4289 οὐκ
1581 4235 1850 4308 ἠρκέσθη,
1882 4237 2024 4290 ἀλλὰ

443 4328 536 4380 καὶ
567 4329 665 4398 τὴν
697 4327 791 4382 τοῦ
829 4328 1048 4398 Ἰσραὴλ
1081 4329 1258 4380 οἰκίαν
1286 4330 1647 4399 προσέθηκεν,
1682 4330 1770 4381 ἵνα
1806 4329 2022 4391 πάντως

442 4421 655 4491 δηλώσῃ
682 4422 757 4483 ὡς
787 4419 998 4491 πράξας
1033 4420 1102 4473 τὰ
1131 4421 1224 4473 νῦν
1256 4422 1726 4493 προφητευόμενα,
1762 4417 1919 4486 οὗτος
1951 4420 2018 4494 ἦν

2127 3237 2270 3291 sario
2299 3236 2548 3306 iudiguit,
2579 3236 2784 3291 scilicet
2812 3235 3107 3306 Uuigcuito
3158 3237 3277 3306 ejus
3305 3252 3317 3290 :
3353 3237 3531 3306 ipsum
3561 3235 3707 3288 enim

2127 3340 2355 3400 utraque
2406 3331 2768 3401 appellatione
2820 3330 3090 3402 designat,
3116 3333 3182 3384 de
3209 3346 3318 3400 quo
3351 3330 3516 3384 etiam
3546 3329 3711 3383 Isaias

2128 3424 2238 3476 ait:
2273 3423 2417 3477 Sicut
2460 3433 2641 3491 pastor
2672 3425 2838 3493 pascit
2876 3439 3081 3493 gregem
3129 3438 3304 3486 suum,
3347 3430 3395 3474 et
3435 3420 3708 3474 brachium

2125 3519 2239 3586 ejus
2271 3519 2601 3588 congregabit
2631 3535 2792 3588 agnos
2813 3519 2877 3570 ‘3.
2905 3517 3078 3582 Quem
3106 3531 3217 3569 non
3241 3515 3439 3568 frustra
3462 3513 3706 3568 Psalmo-

2126 3616 2228 3667 dus
2259 3615 2419 3668 modo
2437 3623 2683 3668 sanctum
2717 3613 3026 3683 appellavit,
3052 3610 3178 3679 quia
3201 3611 3256 3664 in
3290 3609 3509 3678 propria
3532 3608 3706 3675 ipsum
3749 3671 3762 3683 .

2130 3703 2402 3772 Iiyposlasi
2433 3704 2694 3756 exhibere
2743 3703 2977 3755 volebat.
3032 3702 3149 3768 Ipse
3196 3700 3363 3767 ipitur
3387 3699 3705 3767 ﬁgmentum

2126 3793 2399 3861 perditum
2432 3793 2689 3846 servavit.
2722 3791 2839 3844 Non
2879 3793 3022 3844 enim
3064 3791 3214 3842 venit
3241 3789 3524 3857 utjudicct
3546 3802 3708 3841 mun-

2127 3886 2276 3947 dum,
2311 3884 2404 3937 sed
2438 3893 2490 3936 ut
2529 3882 2788 3936 salviﬁcet
2822 3883 3082 3935 llltllldlllll
3115 3883 3176 3932 ’³.

2197 4059 2360 4112 γωδ.
2413 4058 2464 4111 '5.

2127 4155 2246 4206 Col).
2281 4172 2298 4203 ι

2197 4246 2535 4315 Quapmpter
2554 4261 2679 4299 cum
2709 4244 2874 4300 Jacob
2897 4244 3146 4311 dixisset,
3174 4261 3282 4299 non
3319 4247 3452 4301 satis
3483 4247 3558 4299 illi
3582 4246 3708 4311 fuit,

2128 4341 2218 4394 sed
2252 4341 2413 4394 etiam
2459 4341 2678 4393 domum
2729 4339 2895 4393 Israel
2923 4339 3192 4409 adjunxit,
3242 4350 3302 4394 ut
3355 4342 3581 4394 oumiuo
3615 4341 3710 4394 de-
3786 4383 3788 4386 τ

2128 4434 2355 4487 clararct
2389 4433 2537 4486 illum
2569 4432 2659 4501 qui
2691 4448 2753 4485 ea
2786 4449 2905 4500 quae
2929 4432 3089 4486 modo
3123 4432 3379 4501 praedicta
3409 4440 3537 4485 sunt
3567 4432 3714 4485 fece-

2528 4077 2544 4108 ‹
2581 4056 2784 4110 Memor
2829 4057 2930 4110 fuit
2990 4040 3377 4110 misericordia:
3439 4074 3552 4112 suae
3613 4058 3708 4112 Ja-

444 4515 471 4563 ὁ
519 4512 607 4563 τὸν
651 4511 845 4564 Ἰακὼϐ
878 4513 971 4563 καὶ
1021 4512 1110 4563 τὸν
1153 4512 1371 4582 Ἰσραὴλ
1414 4513 1798 4581 ἐπονομάσαςε
1829 4513 2021 4584 διόπερ

2132 4533 2230 4582 rat.
2261 4525 2513 4578 eiuudem
2545 4539 2666 4578 esse
2698 4523 2789 4592 qui
2816 4521 2986 4578 Jacob
3021 4539 3240 4592 quoque
3268 4522 3430 4577 Israel
3460 4524 3712 4583 nomina—

446 4604 537 4654 καὶ
573 4601 688 4670 μετ’
741 4601 902 4653 αὑτοῦ
946 4603 1195 4655 ἐπάλαιεο
1223 4603 1582 4672 προτυπὼσαι
1617 4603 1678 4654 τὸ
1719 4604 2025 4674 μυστήριον

448 4691 726 4761 βουληθεὶς
750 4693 848 4761 τῆς
881 4692 1230 4762 σαρκώσεως·
1279 4693 1480 4763 σαρκὸς
1515 4694 1622 4763 γὰρ
1671 4694 1732 4746 τὸ
1771 4695 2024 4747 παλαίειν

447 4785 540 4837 καὶ
571 4783 1000 4852 περιπλέκεσθαι
1032 4785 1182 4837 ἴδιον.
1230 4785 1507 4854 Ἐμνήσθη
1537 4785 1722 4838 τοίνυν
1745 4785 1851 4838 τῶν
1884 4785 2022 4858 πρὸς

446 4873 536 4927 τὸν
574 4872 766 4928 Ἰακὼϐ
790 4874 883 4926 καὶ
926 4874 1018 4926 τὸν
1066 4874 1281 4945 Ἰσραὴλ
1311 4876 1764 4945 ἐπα-(τελμάτων,
1796 4879 1892 4929 καὶ
1924 4880 2025 4947 χά-

451 4983 557 5036 ριτι
612 4967 906 5036 μυστήριον
943 4969 1010 5036 τῇ
1070 4967 1204 5036 πρὸς
1261 4969 1469 5020 ἐκεῖνον
1520 4968 1860 5038 ἐπλήρωσεν.
1894 4971 2021 5034 Τοῖς

453 5061 550 5129 μὲν
584 5061 692 5129 γὰρ
729 5060 999 5123 Ἰουδαίοις
1023 5060 1098 5122 ὼς
1145 5060 1391 5122 Ἰουδαῖος
1409 5060 1773 5130 ἐπεδήμησεν·
1797 5063 2022 5115 ἐκείνων

449 5152 503 5203 δὲ
533 5154 659 5216 τοὺς
695 5153 1006 5223 ὀφθαλμοὺς
1047 5152 1332 5222 μυσὰντων
1363 5152 1715 5223 (ἐκάμμυσαν
1751 5152 1883 5223 γὰρ,
1920 5173 2026 5225 φη-

451 5245 536 5295 σὶν
573 5247 600 5296 ό
637 5245 883 5310 Ἡσαΐας,
917 5247 1041 5307 τοὺς
1095 5244 1412 5314 ὀφθαλμοὺς
1441 5244 1623 5297 αὐτῶν
1659 5245 1744 5298 ἵνα
1777 5246 1851 5316 μὴ
1899 5248 2023 5301 ἴδω-

451 5335 578 5403 σιν),
615 5337 730 5388 ἁντ⁹
768 5337 995 5388 ἐκείνων
1023 5338 1096 5390 τὰ
1144 5337 1366 5404 πέρατα
1418 5335 1528 5403 τῆς
1570 5337 1682 5405 γῆς
1717 5339 1915 5406 (πάντα
1936 5341 2031 5410 δη-

453 5426 581 5496 λαδὴ
615 5425 681 5478 τά
737 5425 892 5494 ἔθνη)
919 5427 1252 5481 ἐθεάσαντο
1282 5430 1390 5481 τοῦ
1429 5430 1675 5482 Θεοῦ-τὸ
1706 5430 2023 5499 σωτήριον,

452 5517 632 5569 καίτοι
657 5517 730 5587 μὴ
755 5516 1018 5586 βλέποντα
1058 5519 1118 5571 τὸ
1141 5521 1428 5590 πρότερον.

533 5626 551 5658 ι
611 5606 936 5672 Ἀλαλάξατε
955 5610 1033 5678 τῷ
1052 5611 1192 5681 Θεῷ,
1217 5613 1422 5682 πᾶσαηὴ
1445 5616 1534 5684 γῆ.
1570 5631 1588 5664 ι

513 5811 624 5844 tW
663 5810 762 5867 Job
803 5827 841 5875 ι,
877 5813 982 5878 2|;
1024 5816 1196 5880 ",10.

1281 5816 1319 5845 εν
1362 5813 1572 5869 (ζοΙυεε.
1608 5831 1667 5879 :l,
1709 5814 1771 5877 ὃς
1831 5813 2004 5869 lCut‘.
2039 5829 2112 5880 tv,

2129 4627 2282 4673 verat
2316 4635 2330 4682 ;
2368 4633 2433 4672 eo
2459 4617 2602 4687 quod
2625 4631 2750 4670 cum
2787 4616 2903 4684 ipso
2945 4616 3181 4669 luctatus
3209 4615 3400 4669 fuisset
3432 4634 3446 4684 ;
3481 4631 3576 4684 per
3606 4617 3712 4670 boc

2127 4711 2317 4763 volens
2345 4709 2692 4778 prwﬁgurarc
2725 4708 3043 4778 mysterium
3067 4708 3460 4763 incarnationis
3486 4726 3499 4774 ;
3539 4710 3714 4778 siqui-

2129 4803 2251 4855 dem
2297 4802 2476 4855 carnis
2525 4800 2804 4869 proprium
2855 4811 2939 4854 est
2985 4801 3180 4854 luctari
3211 4810 3265 4855 et
3311 4801 3706 4871 circumplecti.

2132 4896 2336 4948 Memor
2367 4893 2528 4964 igitur
2559 4893 2658 4946 fuit
2697 4893 3122 4963 promissio:qu
3155 4895 3220 4947 ad
3250 4894 3418 4948 Jacob
3449 4903 3503 4947 et
3547 4895 3713 4947 Israel

2127 4989 2416 5048 factarum,
2445 4995 2498 5038 et
2529 4985 2581 5038 iu
2608 4987 2728 5054 ejus
2768 4985 2993 5055 gratiam
3057 4986 3375 5055 mysterium
3440 4985 3711 5051 implevit.

2129 5078 2206 5131 Ad
2257 5076 2474 5130 Iudaeos
2511 5075 2777 5144 siquidem
2823 5085 3079 5144 tanquam
3153 5076 3372 5129 Judteus
3449 5075 3710 5136 advenit;

2131 5168 2264 5237 ipsis
2292 5175 2472 5220 autem
2495 5167 2681 5220 oculos
2712 5167 3124 5222 occludentibus
3159 5169 3511 5236 (clauserunt
3548 5167 3714 5236 enim,

2135 5259 2308 5327 inquit
2329 5258 2516 5319 Isaias,
2543 5259 2730 5312 oculos
2756 5275 2885 5312 suos
2910 5274 2976 5312 ne
3011 5259 3278 5326 viderent)
3300 5273 3399 5327 pro
3431 5258 3560 5327 ipsis
3590 5260 3717 5326 ﬁnes

2134 5359 2288 5401 terra:
2311 5348 2537 5417 (scilicet
2563 5364 2755 5402 muues
2805 5352 3016 5416 gentes)
3050 5347 3290 5399 viderunt
3323 5347 3565 5401 salutare
3599 5345 3718 5412 Dei,

2135 5440 2262 5492 licet
2291 5449 2448 5492 antea
2484 5455 2588 5490 non
2620 5439 2885 5492 viderent.
3272 5445 3276 5449 ’

2153 5613 2155 5616 ’
2209 5616 2374 5670 Vens.
2407 5618 2457 5670 4.
2493 5638 2508 5668 ι
2537 5616 2775 5671 Jubilatc
2815 5619 2922 5671 Deo
2943 5659 2956 5682 ,
2994 5617 3170 5672 omnis
3200 5626 3365 5672 terra.
3395 5636 3416 5671 ι

2155 5815 2205 5868 5.
2289 5816 2330 5846 ⁸⁸
2365 5815 2464 5868 Isa.
2495 5832 2576 5880 χι,
2611 5814 2694 5868 II.
2799 5816 2839 5846 ’⁵
2865 5813 3020 5868 Joan.
3060 5829 3142 5874 Ill,
3172 5812 3259 5868 l7.
