4044 6228
442 383 577 450 ἰὲὓθ

1555 393 2024 454 FRAGMENTA
2060 392 2144 453 IN
2184 396 2546 460 PSALMOS.

3553 395 3689 462 1270

447 498 717 571 Ἰσραὴλ),
736 493 891 564 οὗτος
916 502 1010 554 καὶ
1033 504 1145 565 τοῖς
1166 503 1545 576 ἁμαρτάνουσι
1565 507 1745 576 κρίσιν
1763 506 1990 574 ἐπήγαγι

2112 504 2236 559 data
2274 515 2377 572 est,
2417 509 2535 563 haec
2560 510 2723 564 etiam
2748 527 2851 582 pro
2881 511 3090 582 judicio
3114 510 3499 582 peccatoribus
3530 510 3688 566 dam-

430 588 532 661 τὴν
562 591 909 663 κατάκρισιν,
949 594 1042 646 καὶ
1092 596 1207 658 τοῖς
1241 594 1419 660 ἀγαθὰ
1458 595 1636 665 βιοῦσι
1677 596 1775 667 τὴν
1807 596 2014 649 δικαιο-

434 681 603 753 σύνην
634 683 907 751 ὑπέδειξε,
940 683 1063 738 καθ’
1089 686 1154 757 ἦν
1182 685 1264 740 δεῖ
1291 686 1694 741 πολιτεύεσθαι.

508 814 529 848 ι
557 796 670 851 Καὶ
713 801 1070 868 προσκυνεῖτε
1120 798 1200 871 τῷ
1245 800 1522 872 ὑποποδίῳ
1563 801 1671 856 τῶν
1711 800 1882 855 ποδῶν
1911 802 2010 856 αὐ-

430 905 549 942 του.
580 907 603 939 1

508 1000 529 1033 ι
558 981 670 1034 Καὶ
698 980 843 1045 τινος
872 983 1034 1053 χάριν
1060 984 1122 1037 οὑ
1154 984 1232 1056 τῷ
1261 984 1438 1058 θρόνῳ
1466 984 1563 1039 τοῦ
1600 984 1736 1039 Θεοῦ
1769 1002 2012 1057 προσκυ-

430 1072 543 1123 νεῖν
598 1071 825 1142 μᾶλλον,
879 1074 1021 1129 ἀλλὰ
1071 1075 1151 1146 τῷ
1202 1076 1481 1149 ὑποποδίῳ
1533 1078 2004 1148 παρακελεύεταις

430 1162 571 1233 ποίῳ
613 1164 671 1218 δὲ
710 1164 849 1229 δλως
888 1167 1202 1239 ὑποποδίῳ;
1241 1164 1353 1238 ἆρα
1372 1171 1438 1239 τῇ
1466 1171 1567 1240 γῇς
1612 1170 1665 1221 '0
1690 1170 1800 1240 γὰρ
1826 1172 2009 1237 οὐρα-

428 1252 535 1317 νός
560 1256 683 1321 μοι,
734 1254 890 1325 φησὶ,
934 1256 1172 1323 θρόνος,
1214 1258 1252 1325 ἠ
1287 1257 1358 1309 δὲ
1394 1256 1469 1326 τῆ
1513 1257 1847 1311 ὑποπόδιον
1890 1256 2009 1311 τῶν

426 1340 630 1395 ποδῶν
660 1361 802 1412 μου.
854 1346 966 1399 Καὶ
1015 1346 1125 1418 μὴν
1154 1350 1482 1419 προσκυνεῖν
1532 1349 1667 1419 ἡμῖν
1718 1330 2007 1417 στοιχείοις

424 1432 528 1486 οὐκ
560 1434 793 1499 ἔξεστιν.
836 1437 999 1492 Ἀλλὰ
1051 1438 1242 1493 τοῦτον
1297 1438 1444 1508 λέγει
1469 1440 1563 1493 τὸν
1611 1440 1775 1493 τόπον
1824 1440 1885 1493 ὃν
1936 1440 2005 1492 δι’

425 1524 617 1596 ἑτέρου
649 1527 868 1599 ψαλμοῦ
909 1526 1129 1595 ἐξέθετο
1157 1529 1614 1602 τηλαυγέστεροψ
1654 1531 2008 1600 Προσκυνή-

418 1631 630 1689 cuper
649 1622 737 1686 είς
756 1619 864 1674 τὸν
885 1621 1079 1675 τόπον
1096 1615 1168 1675 οὖ
1197 1620 1477 1689 ἔστησαν
1496 1623 1551 1675 οὶ
1580 1620 1765 1687 πόδες
1792 1623 2002 1677 αὑτοῦ.

427 1709 592 1777 Λέγει
641 1710 698 1763 δὲ
749 1711 843 1763 τὸν
890 1708 1183 1780 Γολγοθᾶν.
1229 1711 1473 1775 Ἐκεῖνος
1523 1714 1633 1785 γὰρ
1677 1712 1847 1777 ὅντως
1898 1716 2003 1769 ὑπὸ

426 1802 551 1864 τοὺς
583 1802 750 1866 πόδας
778 1801 944 1857 αὐτοῦ
975 1803 1075 1873 τῆς
1128 1805 1332 1874 σαρκὸς
1364 1804 1508 1859 κατὰ
1548 1805 1642 1859 τὸν
1687 1806 1878 1877 καιρὸν
1909 1806 2000 1861 τοῦ
2036 1837 2079 1892 Β

427 1889 661 1960 σταυροῦ
690 1891 1000 1961 γεγένηται.

496 1999 518 2033 ι
543 1981 719 2053 Κύριε
758 1984 789 2035 6
832 1984 965 2050 Θεὸς
985 1989 1019 2058 ἡ
1029 1988 1170 2058 μῶν,
1202 1990 1267 2043 σὺ
1293 1988 1565 2060 ἑπήκουες
1593 1990 1798 2044 αὐτῶν.
1837 2009 1857 2042 ι

502 2162 558 2215 ’0
585 2163 730 2231 Θεὸς
769 2165 961 2233 ἡμῶν.
1012 2167 1220 2234 Τίνων;
1260 2169 1383 2224 Τῶν
1426 2170 1517 2223 διὰ
1561 2168 1803 2233 πίστεως
1851 2167 2002 2237 αὑτῴ

422 2257 944 2326 στρατευσαμένων,
989 2259 1085 2310 καὶ
1118 2258 1493 2329 κτησαμένων
1526 2259 1619 2311 τὸν
1638 2260 1737 2312 ἐπὶ
1781 2258 2002 2312 πάντων

418 2343 552 2399 Θεὸν
583 2344 675 2399 διὰ
701 2348 800 2416 τῆς
828 2347 1104 2412 υἱοθεσίας
1129 2350 1223 2403 τοῦ
1252 2350 1633 2420 βαπτίσματος
1664 2349 1819 2404 ἴδιον.
1878 2349 1999 2402 Ὀτι

418 2434 528 2504 γὰρ
547 2435 681 2500 Θεὸς
728 2440 850 2491 κατ’
882 2440 1162 2511 ἐξαίρετον
1197 2442 1308 2495 τῶν
1333 2443 1411 2505 τίς
1440 2442 1606 2497 αὐτὸν
1636 2441 2000 2495 πεπιστευκό-

416 2541 525 2578 των
543 2525 784 2594 λέγεται,
809 2531 836 2581 6
857 2530 1062 2601 Θωμᾶς
1082 2530 1309 2596 διδάξειε
1329 2533 1494 2604 ἡνίκα
1522 2534 1635 2605 γὰρ
1662 2535 1741 2606 τῷ
1772 2535 1997 2606 Χριστῷ

416 2617 750 2691 ψηλαφήςας
780 2621 1124 2689 ἐπίστευσεν,
1168 2622 1222 2676 '0
1250 2625 1467 2693 Κύριός
1484 2642 1612 2695 μου
1650 2626 1747 2680 καί
1780 2630 1813 2680 d
1849 2627 1997 2694 Θεός

411 2728 531 2781 μου
553 2753 568 2777 ,
601 2715 803 2785 φησὶν,
839 2714 971 2768 ῐδιον
1002 2715 1172 2770 αὐτοῦ
1205 2716 1412 2789 Κύριον
1464 2720 1560 2773 καὶ
1607 2719 1741 2774 Θεὸν
1789 2719 1994 2787 καλῶν,

413 2804 507 2858 τὸν
539 2805 632 2858 ἐπὶ
662 2805 886 2861 πάντων
919 2808 1320 2880 ἁνακὲιιραγτν.

489 2937 509 2967 σ
556 2919 787 2988 ’Υψοῦτε
821 2921 1026 2992 Κύριον
1055 2921 1148 2976 τὸν
1170 2922 1304 2978 Θεὸν
1334 2924 1510 2995 ἡμῶν.
1546 2944 1563 2978 ι

484 3011 594 3063 Καὶ
613 3011 665 3064 τί
708 3013 901 3084 χρῄζει
942 3014 1222 3084 ὑψωθῆναι
1260 3018 1288 3069 6
1316 3017 1556 3087 ὑψηλός
1584 3019 1700 3079 πῶς
1729 3021 1785 3073 δὲ
1840 3020 1992 3091 παρὰ

412 3103 715 3175 ἀνθρώπων
735 3106 764 3158 6
792 3107 851 3159 ὲν
880 3109 1131 3178 οὐρανοῖς
1157 3109 1537 3183 ὑψωθήσεταη
1579 3112 1745 3168 Ἀλλᾶ
1782 3114 1984 3183 ὑψηλά,

2116 596 2392 653 nationem
2418 599 2810 671 interminavit,
2827 612 2883 659 et
2899 602 3070 675 probe
3093 602 3402 660 viventibus
3420 602 3695 673 justitiam

2114 688 2373 754 ostendit,
2412 692 2712 747 secundum
2737 710 2899 764 quam
2933 696 3041 752 vita
3070 696 3143 751 sit
3168 695 3472 768 dirigenda.

2189 796 2353 853 Vens.
2374 800 2441 855 ’5.
2485 819 2504 853 ι
2536 799 2606 856 Et
2632 802 2853 858 adorate
2874 804 3173 860 scabellum
3195 803 3394 875 pedum
3422 802 3563 872 ejus.
3590 821 3608 853 ι

2175 980 2244 1033 At
2272 994 2370 1034 cur
2411 993 2519 1036 non
2549 980 2808 1037 thronum
2839 979 2935 1037 Dei
2979 982 3161 1051 potius
3188 996 3354 1052 quam
3385 980 3682 1036 scabellum

2112 1070 2339 1125 adorare
2374 1070 2583 1141 jubet?
2616 1072 2686 1127 Et
2725 1072 2889 1142 quale
2941 1088 3106 1142 porro
3148 1072 3498 1130 seabellum?
3542 1071 3681 1125 Num

2114 1162 2352 1216 terram?
2380 1161 2576 1217 Catum
2630 1163 2802 1229 enim,
2830 1164 3031 1234 inquit,
3072 1165 3201 1219 mihi
3246 1167 3392 1220 sedes
3413 1174 3510 1230 est,
3538 1174 3681 1219 terra

2109 1262 2287 1309 autem
2337 1253 2626 1309 scabellum
2669 1255 2859 1323 pedum
2904 1271 3141 1310 meorum
3170 1257 3238 1308 ’³.
3280 1254 3479 1309 Verum
3527 1256 3684 1309 nefas

2076 1343 2268 1399 nobis
2301 1344 2529 1400 adorare
2578 1345 2871 1402 elementa.
2899 1345 3041 1401 Dicit
3070 1345 3237 1416 igitur
3289 1346 3443 1400 illum
3496 1346 3677 1400 locum

2107 1449 2272 1502 quem
2299 1434 2352 1490 iu
2384 1435 2492 1491 alio
2516 1437 2727 1506 psalmo
2747 1437 2948 1493 clarius
2978 1438 3237 1508 exposuit
3264 1456 3277 1491 :
3309 1438 3598 1492 Adoremus
3629 1437 3684 1490 in

2108 1526 2337 1581 locoabi
2371 1537 2624 1583 steterunt
2654 1530 2808 1597 pedes
2826 1529 2943 1599 ejus
2964 1530 3031 1585 ³⁸ι
3062 1529 3321 1604 intelligit
3352 1539 3534 1585 autem
3552 1528 3685 1586 Gol-

2106 1618 2290 1688 gotba.
2346 1616 2442 1674 ille
2494 1617 2641 1673 enim
2702 1634 2891 1675 revera
2944 1620 3098 1676 locus
3140 1629 3245 1687 est,
3290 1620 3383 1691 qui
3440 1632 3684 1690 tempore

2106 1709 2477 1765 cruciﬁxionis
2504 1709 2604 1764 fuit
2636 1710 2738 1765 sub
2768 1711 2998 1781 pedibus
3027 1711 3211 1768 carnis
3240 1712 3381 1781 ejus.

2127 1999 2135 2008 ·
2175 1978 2333 2034 Vens.
2373 1978 2426 2034 8.
2470 1998 2490 2033 ι
2531 1979 2762 2036 Domine
2807 1980 2952 2036 Deus
3012 1988 3218 2042 noster,
3256 1986 3313 2034 tu
3351 1977 3681 2032 exaudiebas

2104 2085 2219 2125 COS.
2250 2088 2270 2121 Ι

2175 2163 2315 2217 Deus
2349 2174 2546 2219 noster.
2579 2164 2868 2231 Quorum?
2890 2180 3081 2220 eorum
3110 2164 3200 2232 qui
3252 2178 3352 2234 per
3381 2163 3541 2219 [idem
3573 2161 3679 2232 ipsi

2102 2254 2359 2321 militant,
2391 2263 2448 2310 et
2469 2257 2565 2326 qui
2586 2258 2830 2319 omnium
2866 2257 3034 2313 Deum
3064 2272 3160 2327 per
3185 2255 3528 2327 baptismatis
3549 2254 3680 2309 ado~

2102 2346 2346 2417 ptioncm
2403 2346 2504 2403 sibi
2545 2350 2827 2418 proprium
2867 2347 3168 2418 possident.
3206 2347 3361 2414 Quod
3399 2348 3545 2402 enim
3581 2359 3680 2416 per

2099 2440 2477 2497 excellentiam
2502 2441 2717 2498 dicatur
2754 2440 2898 2498 Deus
2923 2457 3113 2497 eorum
3143 2442 3236 2511 qui
3259 2442 3316 2496 in
3343 2441 3525 2511 ipsum
3551 2454 3677 2494 cre-

2099 2531 2357 2587 diderunt
2391 2531 2629 2587 Thomas
2656 2531 2773 2601 ipse
2805 2531 3024 2587 docebit
3057 2549 3071 2585 :
3101 2530 3322 2602 quando
3345 2529 3493 2585 enim
3517 2528 3676 2583 Chri-

2099 2630 2244 2678 stum
2276 2632 2505 2695 taugens
2554 2621 2833 2688 credebat,
2867 2624 3005 2678 dixit
3038 2624 3110 2687 ei,
3145 2621 3403 2679 Dominus
3435 2637 3597 2682 utens,
3624 2628 3672 2672 et

2098 2714 2237 2770 Deus
2279 2732 2421 2771 meus
2446 2716 2515 2779 ".
2532 2715 2817 2787 proprium
2843 2730 3004 2771 suum
3051 2714 3341 2773 Dominum
3390 2728 3457 2771 ac
3502 2713 3672 2769 Deum

2099 2820 2319 2872 vocans,
2350 2820 2478 2861 eum
2502 2805 2596 2875 qui
2619 2819 2788 2875 super
2821 2820 3015 2861 omnes
3045 2814 3151 2859 est.

2154 2916 2319 2972 Vens.
2352 2917 2407 2973 9.
2446 2935 2465 2968 ι
2494 2917 2739 2972 Exaliate
2759 2915 3049 2972 Dominum
3077 2914 3250 2971 Deum
3275 2926 3542 2972 nostrum.
3582 2934 3601 2967 ι

2158 3010 2224 3063 At
2247 3009 2377 3078 quid
2403 3008 2729 3064 exaltatione
2757 3024 2897 3079 opus
2930 3009 3002 3064 sit
3035 3006 3109 3064 illi
3142 3009 3235 3079 qui
3266 3008 3515 3064 excelsus
3538 3016 3622 3063 est
3649 3008 3672 3061 ἲ

2094 3097 2383 3164 Quomodo
2416 3107 2601 3153 autem
2643 3097 2690 3153 is
2712 3097 2808 3170 qui
2850 3096 2907 3152 in
2956 3097 3109 3154 caelis
3137 3105 3221 3153 est
3260 3098 3328 3153 ab
3357 3095 3671 3153 hominibus

411 3196 569 3265 φησὶ,
601 3199 730 3267 περὶ
767 3197 934 3251 αὐτοῦ
978 3180 1532 3285 διανοήθητε.ν”Υψος
1565 3204 1675 3275 ἄρα
1709 3206 1803 3258 τοῦ
1830 3180 1988 3261 ⁷Θεοῦ

2095 3188 2468 3245 exaltabitur?
2505 3198 2885 3245 verumtamen
2919 3190 3195 3255 sublimia,
3228 3188 3426 3259 inquit,
3458 3189 3528 3244 de
3553 3188 3671 3259 ipso

409 3285 645 3358 Λόγουή
679 3286 737 3340 ὲν
774 3286 853 3357 τῷ
878 3288 994 3360 ὄρει
1039 3290 1117 3362 τῷ
1156 3290 1298 3361 ἁγίῳ
1343 3293 1739 3366 προσκύνησις.
1771 3294 1988 3368 ’Ὠσπερ

409 3376 518 3449 γὰρ
551 3378 678 3446 δόξα
715 3378 926 3450 βασιλεῖ
960 3382 1028 3435 τὰ
1064 3384 1122 3436 ὲν
1167 3384 1393 3457 πολέμῳ
1429 3386 1692 3458 τρόπαια,
1717 3389 1860 3442 οῦτω
1894 3392 1989 3444 καὶ

404 3467 485 3538 τῷ
522 3468 746 3541 Χριστῷ
780 3471 811 3540 ἡ
846 3470 934 3525 διὰ
963 3471 1071 3526 τῶν
1100 3471 1445 3545 παθημάτων
1469 3476 1834 3547 κατόρθωσις,
1864 3480 1987 3549 ἥτις

405 3558 464 3610 ἐν
525 3558 602 3627 τῷ
652 3560 767 3631 δρει
816 3560 895 3631 τῷ
953 3562 1094 3630 ἁγίῳ
1146 3563 1223 3632 τῷ
1272 3564 1367 3616 τὸν
1420 3566 1657 3637 σταυρὸν
1705 3567 1987 3640 δεξαμένῳ

403 3645 721 3715 γεγένηται.
783 3650 975 3716 Ἀγιον
1034 3651 1091 3704 δὲ
1151 3651 1213 3702 τὸ
1274 3651 1400 3721 δρος
1453 3654 1554 3707 οὐκ
1629 3657 1725 3724 ἀφ’
1786 3659 1984 3712 ἑαυτοῦ

403 3734 594 3801 καλεῖ,
639 3736 756 3789 ἀλλ’
813 3737 922 3791 ἀπὸ
953 3738 1051 3809 τῆς
1101 3738 1197 3792 τοῦ
1253 3744 1661 3812 σταυρωθέντος
1696 3747 1983 3820 ἐπιφοιτή-

404 3841 564 3889 σεως.
1081 3836 1099 3849 ³

961 3917 1254 3973 nmo:
1293 3921 1410 3988 ιιθν.

409 4004 434 4031 ⁸
477 4043 496 4078 ι
533 4024 716 4083 Γνῶτε
739 4026 820 4081 ὅτι
849 4028 1057 4100 Κύριος
1088 4031 1252 4097 αὐτός
1288 4036 1437 4089 ἐστιν
1459 4037 1489 4089 ὀ
1521 4038 1674 4102 Θεός.
1720 4061 1739 4093 ι

468 4199 625 4265 Τίνος
651 4201 817 4272 ἐσμὲν
865 4204 1115 4275 πρόϐατα
1137 4247 1153 4272 ,
1197 4208 1435 4278 μάνθανε
1454 4252 1472 4277 ,
1504 4212 1598 4265 τοῦ
1632 4214 1978 4284 Μονογενοῦς

396 4290 651 4359 λέγοντος
681 4310 695 4323 ·
739 4294 815 4348 Τὰ
869 4296 1138 4364 πρόϐατα
1173 4299 1247 4353 τὰ
1284 4300 1399 4371 ἐμὰ
1439 4302 1553 4373 τῆς
1602 4305 1813 4376 φωνῆς
1853 4327 1976 4377 μου

394 4379 623 4434 ἀκούει.
671 4379 846 4435 Αὐτοῦ
879 4385 974 4438 καὶ
1005 4384 1131 4450 λαός
1163 4389 1364 4458 ἐσμεν,
1392 4390 1541 4457 ὅστις
1577 4395 1710 4465 ἡμῖν
1759 4397 1847 4451 διὰ
1874 4399 1975 4468 τῆς

393 4469 647 4542 γλώσσης
686 4473 789 4543 τῆς
835 4479 1180 4549 προφητικῆς
1220 4481 1436 4549 ἔλεγενο
1476 4486 1585 4540 Καὶ
1624 4486 1843 4544 ἐσεσθέ
1871 4509 1971 4560 μοι

391 4565 480 4629 εἰς
523 4564 679 4618 λαόν
702 4604 718 4627 ,
748 4567 911 4635 κάγὼ
936 4569 1152 4639 ἔσομαι
1200 4574 1345 4642 ὑμῖν
1380 4579 1468 4643 εἰς
1501 4579 1669 4634 Θεόν.
1702 4581 1913 4637 Οὐκοῦν
1945 4588 1974 4637 ό

391 4652 596 4724 Κύριος
641 4657 802 4722 αὐτός
848 4659 995 4713 ἐστιν
1035 4664 1063 4715 6
1100 4663 1252 4726 Θεός.
1298 4665 1590 4738 Ἑκάτερον
1638 4670 1747 4741 γάρ
1785 4674 1814 4725 6
1843 4673 1969 4739 Υίὸς

393 4745 646 4819 καθάπερ
674 4750 701 4803 6
735 4751 925 4822 Πατὴρ
948 4753 1296 4823 ὀνομάζεται.

465 4875 484 4907 ι
544 4856 980 4930 Ἐξομολογεῖσθε
1018 4866 1187 4937 αὐτῷ.
1226 4886 1246 4918 ›

474 4948 563 5013 Ὠς
609 4951 718 5022 γὰρ
763 4955 1017 5024 χρηστὸς,
1074 4958 1352 5013 τουτέστιν
1397 4962 1475 5025 ὡς
1515 4967 1844 5038 συμπαθής,
1890 4971 1967 5034 ὡς

390 5037 797 5111 φιλάνθρωπος,
816 5044 872 5096 ἐν
912 5045 991 5115 τῷ
1019 5047 1249 5118 παρόντι
1288 5051 1447 5107 αίῶνι
1475 5053 1534 5107 τὸ
1568 5055 1717 5120 ἔλεος
1738 5037 1964 5126 ἔδωκεν,

387 5129 473 5182 ἵνα
510 5130 613 5183 κᾶν
645 5132 1006 5207 πλαηθῶμεν
1034 5139 1100 5191 ἑκ
1126 5139 1421 5211 ῥᾳθυμίας,
1454 5143 1591 5199 ἀλλὰ
1617 5146 1703 5201 διὰ
1736 5148 1838 5219 τῆς
1866 5153 1967 5204 αὐ-

385 5219 480 5309 τοῦ
527 5223 938 5297 φιλανθρωπίας
971 5230 1106 5302 πρὸς
1148 5232 1309 5286 αὑτὸν
1343 5235 1783 5309 ἐπιστρέψωμεν.
1833 5242 1967 5296 Ἀπὸ

384 5308 493 5402 γάρ
516 5312 619 5381 τῆς
640 5314 734 5366 νῦν
757 5320 949 5384 γενεᾶς
971 5321 1249 5394 ἀρξαμένη
1276 5325 1371 5379 τοῦ
1394 5326 1532 5380 Θεοῦ
1555 5331 1589 5398 ἡ
1617 5308 1863 5402 ἀλήθεια,
1886 5338 1966 5397 εἰς

384 5399 482 5471 τὴν
506 5405 699 5471 γενεὰν
725 5409 1056 5479 φανεροῦται
1080 5413 1179 5485 τὴν
1206 5415 1525 5484 μέλλουσαν,
1551 5420 1678 5473 ὅταν
1700 5422 1955 5497 ἀποδὼσῃ

382 5494 597 5566 ἑκάστῳ
629 5497 853 5554 κατὰτὰ
873 5500 1010 5572 ἔργα
1035 5504 1223 5559 αὐτοῦ.
1257 5508 1427 5562 Τοῦτο
1452 5510 1558 5581 γάρ
1589 5513 1737 5565 ἔστιν
1762 5515 1794 5583 ἡ
1820 5494 1959 5585 ἄμοιξ

379 5606 472 5658 χος
504 5589 600 5644 καὶ
629 5590 870 5663 ἀψευδὴς
897 5595 1148 5667 ἀλήθεια.

2096 3282 2350 3353 cogitate.
2370 3280 2464 3337 Dei
2485 3279 2651 3339 Verbi
2668 3283 2833 3354 igitur
2851 3284 3110 3339 exaltatio
3134 3295 3220 3339 est
3248 3282 3371 3353 ejus
3398 3280 3455 3337 in
3479 3290 3668 3337 monte
3748 3330 3751 3335 .

2094 3385 2288 3431 saneto
2342 3374 2613 3430 adoratio.
2677 3375 3156 3442 Quemadmodum
3198 3374 3363 3447 igitur
3415 3374 3472 3429 in
3525 3374 3670 3429 bello

2091 3468 2327 3538 gloriosa
2373 3469 2487 3541 regi
2520 3479 2648 3525 sunt
2679 3468 2944 3539 tropbaaa,
2966 3468 3042 3523 ita
3071 3483 3288 3539 quoque
3313 3467 3534 3522 Christo
3569 3481 3668 3535 per

2091 3559 2404 3629 passionem
2434 3562 2853 3629 consummatio,
2883 3576 3004 3631 qua:
3020 3560 3074 3615 in
3104 3568 3290 3614 monte
3320 3566 3511 3613 sancto
3541 3571 3665 3610 cru-

2090 3666 2209 3706 cem
2242 3652 2534 3722 excipienti
2565 3653 2817 3724 contigit.
2862 3650 3033 3707 Porro
3079 3661 3321 3705 montem
3369 3663 3480 3703 non
3509 3662 3539 3700 a
3580 3661 3667 3701 se-

2088 3742 2321 3813 metipso
2352 3744 2587 3814 appellat
2612 3753 2883 3809 sanctum,
2916 3743 3013 3798 sed
3046 3744 3115 3797 ab
3143 3741 3380 3796 adventu
3398 3739 3661 3794 cruciﬁxi.

2596 3917 2920 3975 PSALHUS
2957 3918 3142 3972 XCIX.

2156 4031 2317 4087 Vens.
2368 4030 2419 4083 5.
2481 4048 2498 4079 ι
2546 4028 2750 4084 Scitote
2797 4029 3055 4099 quoniam
3108 4029 3371 4085 Dominus
3419 4029 3534 4100 ipse
3580 4039 3665 4085 est

2082 4121 2246 4175 Deus.
2280 4138 2297 4170 ι

2150 4212 2322 4282 Cujus
2345 4226 2477 4268 oves
2500 4212 2671 4267 simus
2696 4212 2843 4268 disce
2860 4229 2923 4268 ex
2946 4213 3236 4285 Unigenito
3252 4215 3467 4273 dicente
3494 4236 3506 4273 :
3533 4216 3662 4273 Oves

2079 4322 2208 4360 mea:
2252 4322 2425 4362 vocem
2462 4322 2631 4361 meam
2659 4308 2885 4362 audiunt
2903 4309 2967 4363 ’7.
3002 4309 3175 4379 lpsius
3221 4310 3384 4366 etiam
3427 4312 3662 4385 populus

2080 4415 2292 4465 smnus,
2323 4401 2415 4470 qui
2465 4400 2626 4457 nobis
2655 4415 2752 4470 per
2794 4400 3032 4471 linguam
3068 4402 3443 4474 propheticam
3473 4403 3610 4459 dixit
3641 4421 3657 4459 :

2080 4491 2146 4544 Et
2175 4491 2321 4545 eritis
2348 4492 2474 4545 milii
2498 4492 2551 4544 in
2579 4490 2850 4561 populum.
2876 4503 2923 4545 el
2949 4511 3040 4562 ego
3062 4510 3149 4547 ero
3169 4496 3309 4549 vobis
3334 4496 3388 4550 in
3409 4495 3654 4551 Deum”.

2078 4581 2262 4651 Itaque
2294 4580 2558 4638 Dominus
2600 4582 2716 4652 ipse
2747 4589 2829 4637 est
2857 4582 3020 4637 Deus.
3050 4584 3351 4656 Utrumque
3382 4588 3527 4644 enim
3565 4587 3658 4643 Fi-

2077 4674 2183 4730 lius
2214 4691 2367 4745 neque
2396 4690 2459 4729 ac
2489 4674 2650 4729 Pater
2682 4675 3018 4732 nominatur.

2147 4877 2309 4934 Vens.
2334 4878 2387 4932 4.
2436 4897 2453 4928 ι
2482 4877 2830 4933 Conﬁtemini
2862 4879 2957 4932 illi.
2985 4900 3003 4929 ι

2147 4968 2426 5038 Tanquam
2468 4968 2652 5023 suavis
2688 4968 2858 5031 enim,
2890 4969 2942 5023 id
2987 4981 3089 5035 est,
3125 4979 3379 5041 tanquam
3428 4987 3651 5043 compa.

2071 5059 2231 5120 tiens,
2264 5067 2519 5128 tanquam
2544 5059 2812 5130 benignus
2839 5060 2893 5114 in
2922 5062 3177 5131 praesenti
3208 5062 3408 5118 saeculo
3434 5063 3651 5119 miseri-

2070 5149 2309 5204 centiam
2335 5148 2508 5216 dedit,
2537 5158 2617 5214 ut,
2638 5151 2852 5206 etiamsi
2878 5168 2941 5206 cx
2979 5154 3228 5208 socordia
3258 5152 3647 5217 erraverimus,

2072 5250 2292 5311 propter
2317 5241 2706 5312 benignitatem
2736 5252 2916 5299 tamen
2949 5244 3119 5314 ipsius
3155 5245 3219 5299 ad
3252 5245 3427 5313 ipsum
3465 5260 3648 5298 γενος-ε-

2070 5340 2267 5387 tamur.
2301 5331 2396 5386 Dei
2439 5334 2585 5388 enim
2630 5334 2834 5391 veritas
2870 5334 2938 5388 ab
2978 5335 3079 5387 bac
3117 5333 3469 5404 generatione
3513 5333 3649 5387 inci-

2067 5425 2241 5494 piens,
2268 5425 2319 5479 in
2348 5425 2583 5481 futuram
2610 5427 3016 5499 generationem
3047 5425 3446 5492 manifestatur,
3470 5441 3648 5497 quan-

2065 5517 2136 5570 do
2167 5516 2353 5571 reddet
2390 5517 2681 5588 unicuique
2717 5518 3018 5573 secundum
3048 5532 3213 5589 opera
3244 5517 3382 5588 ejus.
3407 5515 3533 5589 llaec
3562 5521 3649 5572 est

2068 5606 2214 5662 enim
2244 5607 2445 5661 veritas
2477 5624 2596 5676 qum
2628 5605 2773 5662 vinci
2803 5622 2867 5661 ac
2898 5607 3007 5659 falli
3045 5606 3242 5662 nescit.

442 5794 489 5827 ³⁸
516 5795 619 5851 lsa.
656 5813 798 5861 nm,
834 5798 879 5853 l.
946 5801 989 5832 ’³
1030 5800 1173 5857 Psal.
1203 5817 1382 5869 cum,
1412 5805 1461 5861 7.
1532 5808 1575 5839 "
1609 5805 1765 5865 Joan.
1801 5826 1890 5874 xx,
1923 5811 1990 5866 28

2092 5811 2136 5843 ’⁷
2167 5810 2322 5867 Joan.
2360 5829 2412 5877 χ,
2454 5815 2544 5867 27.
2611 5813 2657 5843 "
2696 5811 2897 5867 Jerem.
2937 5827 3016 5878 x1,
3054 5811 3116 5869 4.
