4032 6222
288 338 304 363 ’
388 380 522 471 1273

1519 378 1984 444 FRAGMENTA
2027 386 2110 447 IN
2149 388 2282 452 PSA
2291 394 2511 456 LMOS.

3516 391 3653 460 1274

463 520 482 553 ι
539 498 650 554 Καὶ
693 498 765 556 τὰ
805 497 941 554 όστᾶ
996 516 1098 572 μου
1147 498 1282 554 ὡσεὶ
1344 498 1576 570 φρύγιον
1624 499 1963 573 συνεφρύγη-

2139 506 2301 565 Vens.
2342 510 2399 565 4.
2467 528 2485 562 ι
2527 509 2597 565 Ει
2645 524 2797 568 ossa-
2825 524 2949 567 mea
2994 508 3138 571 sicut
3184 508 3446 565 eremium
3489 524 3652 567 arue—

388 611 510 650 σαν.
558 614 576 646 1

457 687 522 742 Τί
546 689 664 741 ἐστι
687 684 960 756 φρύγιον,
981 687 1010 740 6
1037 684 1336 758 Σύμμαχος
1369 684 1659 756 ἐδήλωσεν·
1694 685 1963 759 ἐκδέδωκε

388 779 519 851 γὰρ,
556 778 899 848 ἀπόκαυμα.
923 777 1134 848 Ὥσπερ
1165 778 1347 831 τοίνυν
1389 778 1451 831 τὸ
1494 776 1828 840 ἀποκαυθὲν,
1862 778 1958 831 ἐὰν

292 917 299 922 .
393 871 466 944 μὴ
495 872 638 943 τύχῃ
670 871 764 924 τοῦ
786 870 995 941 ταχέως
1020 869 1359 933 σϐεννύντος,
1381 869 1618 933 εὐκόλως
1638 869 1962 940 θρύπτεται*

389 962 562 1027 οὕτως
615 963 761 1033 ψυχὴ
809 965 923 1026 τοῖς
977 961 1253 1032 βιωτικοῖς
1302 959 1675 1030 συγκαιομένη
1711 958 1963 1024 πάθεσιν,

390 1055 484 1107 ἐὰν
517 1054 592 1124 μὴ
622 1053 714 1105 τὸν
739 1052 872 1105 Θεὸν
904 1050 1289 1122 φιλανθρωπίᾳ
1324 1049 1619 1103 σϐεννύντα
1646 1050 1745 1119 τὴν
1774 1048 1971 1103 ἔκκαυ-

390 1160 475 1196 σιν
500 1142 791 1213 κτήσηται,
838 1140 1078 1204 εὐκόλως
1104 1139 1480 1211 διαφθείρεται
1503 1155 1519 1171 ⁶
1570 1137 1665 1192 καὶ
1697 1139 1784 1193 διὰ
1810 1140 1968 1193 τοῦτο

388 1235 522 1306 ταχῦ
567 1233 985 1303 εἰσαωυσθῆναι
1031 1231 1397 1302 προσηύξατο.
1452 1232 1651 1300 Ἀρτος
1697 1228 1754 1283 δὲ
1807 1229 1968 1299 ἡμῶν

386 1321 487 1391 τῆς
528 1321 730 1392 ψυχῆς,
770 1323 800 1374 6
835 1321 931 1374 τοῦ
973 1320 1110 1373 θεοῦ
1145 1320 1324 1389 λόγος.
1379 1320 1592 1390 Ὥσπερ
1635 1319 1745 1390 γὰρ
1793 1321 1822 1373 ὁ
1860 1319 1969 1372 ἀπὸ

387 1415 492 1483 γῆς
523 1416 686 1486 ἄρτος
710 1414 772 1468 τὸ
799 1412 961 1485 σῶμα
982 1414 1197 1485 τρέφει,
1236 1412 1409 1477 οὕτως
1441 1414 1469 1466 6
1509 1412 1568 1479 ἐξ
1597 1411 1830 1484 οὐρανοῦ
1875 1411 1966 1465 λό-

388 1519 486 1572 γος
531 1504 633 1573 τὴν
681 1503 872 1557 οὐσίαν
929 1504 1027 1574 τῆς
1080 1503 1280 1573 ψυχῆς.
1331 1503 1443 1556 Καὶ
1485 1502 1694 1556 τούτων
1727 1501 1893 1573 χάριν
1938 1500 1968 1553 6

390 1594 627 1666 Χριστὸς
666 1596 766 1677 τὴν
801 1594 1111 1667 προσευχὴν
1154 1593 1484 1666 παραδιδοὺς
1510 1578 1667 1662 ἔλεγε
1696 1596 1808 1657 τοῖς
1841 1594 1970 1647 ἀπο-

391 1687 617 1751 στόλοις·
684 1686 798 1740 Τὸν
854 1685 1040 1755 ἄρτον
1092 1686 1267 1754 ἡμῶν
1330 1686 1442 1740 τὸν
1496 1685 1815 1740 ἐπιούσιον
1861 1684 1970 1752 δὸς

390 1777 535 1847 ἡμῖν
563 1776 850 1847 σήμερον.
877 1778 974 1840 Ὃς
1009 1776 1076 1830 ἂν
1099 1776 1281 1830 τοίνυν
1319 1776 1508 1830 τοῦτον
1549 1777 1745 1846 φαγεῖν
1773 1774 1967 1830 ὲπιλά-

2069 607 2215 655 runt.
2249 619 2267 651 ι

2139 691 2281 758 Quid
2313 693 2382 748 sit
2415 694 2668 748 cremium
2698 692 3061 765 Symmachus
3106 690 3402 749 declaravit
3437 709 3452 746 :
3483 707 3651 762 expo-

2066 785 2179 839 suit
2206 785 2351 839 enim
2382 786 2702 841 incendium.
2733 785 3205 852 Quemadmodum
3234 786 3398 857 igitur
3428 785 3478 841 id
3506 786 3651 856 quod

2066 890 2355 930 accensum
2391 885 2494 944 est,
2519 877 2621 933 nisi
2647 877 2791 933 illico
2817 878 3214 949 exstinguatur,
3235 877 3393 933 facile
3408 877 3653 937 absumi-

2070 976 2195 1035 tur;
2227 968 2299 1024 ita
2333 970 2496 1024 etiam
2527 970 2709 1025 anima
2743 971 3100 1026 saecularibus
3146 970 3530 1027 affectionibus
3558 986 3652 1026 ac-

2067 1076 2252 1128 censa,
2288 1062 2392 1117 nisi
2440 1062 2612 1118 Deum
2659 1063 2897 1118 incendii
2931 1063 3013 1116 sui
3043 1063 3531 1121 clementissimum
3566 1081 3657 1120 re-

2069 1151 2389 1207 stinctorem
2418 1164 2576 1209 nacta
2605 1153 2797 1220 fuerit,
2826 1153 3084 1209 facillime
3130 1158 3500 1227 corrumpitur
3527 1174 3542 1212 :
3569 1166 3654 1212 at-

2068 1258 2173 1311 que
2194 1242 2396 1298 idcirco
2416 1244 2674 1300 velociter
2691 1244 2939 1300 exaudiri
2962 1246 3276 1315 postulavit.
3300 1245 3467 1302 Panis
3491 1261 3654 1318 porro

2069 1334 2263 1390 anima:
2286 1344 2486 1391 nostrae
2508 1347 2593 1392 est
2612 1337 2836 1393 verbum
2864 1336 2979 1391 Dei.
3013 1336 3480 1403 Quemadmodum
3505 1340 3652 1394 enim

2069 1435 2321 1482 terrenus
2347 1427 2507 1498 panis
2539 1443 2738 1498 corpus
2764 1428 2878 1494 alit,
2904 1429 2975 1484 ita
3001 1428 3234 1485 Verbum
3265 1431 3488 1486 cmlesle
3522 1432 3653 1486 sub-

2069 1519 2323 1574 stantiam
2356 1520 2572 1574 animae.
2597 1521 2776 1589 Atque
2807 1521 2904 1576 has
2930 1522 2998 1576 ob
3029 1536 3223 1577 causas
3253 1521 3503 1578 Christus
3523 1538 3654 1592 apo-

2068 1609 2225 1663 stolis
2254 1609 2473 1663 tradens
2506 1607 2696 1663 orandi
2729 1607 2959 1662 formam
2990 1608 3159 1663 dixit:
3186 1607 3388 1663 Panem
3418 1616 3654 1662 nostrum

2071 1699 2436 1770 quotidianum
2475 1698 2544 1752 da
2576 1698 2720 1753 nobis
2750 1699 2986 1753 hodie”.
3019 1698 3278 1769 Quisquis
3312 1699 3474 1770 igitur
3508 1701 3655 1753 hunc

2070 1788 2419 1852 manducare,
2456 1788 2510 1843 id
2542 1795 2625 1843 est
2657 1788 2896 1857 operari,
2929 1787 3131 1842 oblitus
3155 1787 3323 1843 fuerit
3353 1786 3655 1857 (spiritalis

390 1869 575 1940 θηται,
608 1870 885 1923 τουτέστιν
912 1868 1256 1941 ἐργάσασθαι
1295 1869 1410 1938 (τοῦ
1437 1868 1545 1942 γὰρ
1570 1869 1766 1939 νοητοῦ
1795 1868 1965 1938 ἄρτου

2078 1878 2227 1947 panis
2262 1877 2611 1932 manducatio
2660 1886 2744 1932 est
2791 1878 3057 1948 Operatio,
3089 1877 3168 1933 uti
3221 1877 3483 1949 apostolis
3535 1879 3655 1948 ipse

389 1966 423 2037 ἡ
454 1964 656 2037 βρῶσις
686 1964 922 2033 ἐργασία
957 1958 1299 2031 καθέστηκὼ
1334 1962 1484 2033 δηλοῖ
1511 1961 1567 2015 δὲ
1590 1961 1762 2026 οὓτως
1791 1960 1965 2014 εἰπὼν

387 2060 502 2119 τοῖς
529 2055 849 2119 ἀποστόλοις
871 2057 898 2108 6
916 2053 1124 2125 Κύριος
1140 2070 1154 2083 ·
1200 2050 1550 2122 Ἐργὰζεσθε
1573 2052 1658 2122 μὴ
1677 2052 1791 2121 τὴν
1808 2050 1965 2120 ,ϐρῶο

388 2162 495 2202 σιν
540 2147 655 2215 τὴν
683 2144 1138 2215 ἀπολλυμένην,
1187 2143 1351 2199 ἀλλὰ
1385 2145 1504 2211 τὴν
1532 2146 1851 2213 μένουσαν
1875 2146 1966 2210 είς

389 2238 543 2308 ζωὴν
566 2237 851 2308 αἰώνιον),
882 2236 1080 2290 τούτου
1113 2237 1145 2306 ἡ
1182 2235 1384 2307 καρδία
1409 2235 1567 2306 δίκην
1598 2234 1792 2306 χόρτου
1826 2236 1969 2307 πλη-

387 2333 547 2398 γεῖσα
602 2328 941 2400 ξηραίνεται.
979 2326 1068 2391 Ὦς
1121 2326 1178 2382 δὲ
1229 2328 1256 2380 6
1293 2326 1486 2396 χόρτος
1529 2325 1827 2396 πλήττεται
1871 2326 1967 2380 καὶ

390 2421 724 2493 ξηραίνεται,
752 2421 881 2475 ὅταν
911 2420 1064 2484 ὑετὸς
1090 2420 1178 2473 ἐπ’
1205 2417 1368 2473 αὐτὸν
1398 2419 1637 2492 σπανίσῃ
1657 2434 1673 2449 ο
1697 2417 1840 2472 οὕτω
1873 2419 1968 2472 καὶ

387 2515 423 2585 ἠ
447 2513 668 2585 καρδία,
700 2514 831 2567 ὅταν
860 2511 1067 2566 ἔνδειαν
1089 2511 1296 2583 νοσήσῃ
1321 2508 1414 2565 τοῦ
1457 2509 1601 2564 θείου
1631 2510 1814 2579 λόγου,
1845 2511 1968 2564 τότε

390 2604 686 2676 πλήττεται
732 2603 829 2658 καὶ
861 2601 1179 2676 ξηραίνεται
1200 2643 1219 2670 ,
1249 2601 1413 2667 ἄνθος
1439 2602 1641 2673 ἀρετῆς
1669 2601 1972 2676 βλαστῆσαι

390 2697 493 2750 οὐκ
524 2696 809 2768 ἰσχύουσα.
964 2722 975 2723 ί

464 2806 486 2841 ι
540 2787 675 2841 Ἀπὸ
704 2787 891 2857 φωνῆς
919 2786 1013 2839 τοῦ
1044 2785 1353 2861 στεναγμοῦ
1390 2804 1492 2856 μου
1514 2786 1805 2858 ἐκολλήθη.
1838 2805 1860 2839 ι

457 2879 770 2944 Τουτέστιν,
822 2879 992 2951 ὲτάκη
1040 2880 1190 2932 πᾶσα
1232 2878 1438 2951 πιμελὴ
1477 2880 1571 2933 καὶ
1613 2879 1838 2950 εὐθηνία
1869 2878 1966 2933 τοῦ

390 2971 665 3042 σώματος.
711 2974 778 3024 '0
825 2971 935 3042 γὰρ
969 2968 1175 3042 ἀληθὴς
1223 2970 1546 3042 στεναγμὸς,
1577 2971 1634 3036 ὃς
1662 2972 1758 3027 καὶ
1784 2972 1968 3043 φωνὴν

389 3063 503 3136 εχει
541 3063 908 3134 ἀκουομένην,
956 3064 1115 3134 τήκει
1155 3062 1218 3116 τὸ
1257 3061 1439 3133 σῶμα,
1478 3065 1573 3118 καὶ
1619 3065 1718 3135 τῆς
1765 3065 1970 3136 σαρκὸς

389 3150 683 3221 ἐργάζεται
722 3151 1024 3220 νέκρωσιν·
1071 3152 1260 3223 ἐπειδὴ
1298 3152 1422 3206 ὅσον
1462 3154 1491 3206 6
1533 3152 1637 3217 ἔξω
1678 3152 1964 3224 ἄνθρωπος
1997 3201 2041 3259 C

389 3243 782 3315 διαφθείρεται,
808 3241 1066 3295 τοσοῦτον
1091 3242 1120 3295 ὁ
1145 3242 1254 3296 ἔσω
1281 3241 1709 3308 ἀνακαινίζεται.

466 3354 487 3387 ι
539 3334 839 3406 Ὡμοιώθην
873 3334 1136 3389 πελεκᾶνι
1167 3335 1445 3408 ἐρημικῷ.
1481 3355 1505 3387 ι

457 3518 781 3590 Θαυμαστὸν
827 3519 957 3590 ἡμῖν
987 3520 1203 3592 καρπὸν
1238 3521 1339 3591 τῆς
1382 3522 1690 3592 ἀγρυπνίας
1724 3522 1929 3589 ἔδειξεν
1950 3540 1966 3555 ’

386 3614 534 3665 ποιεῖ
571 3611 680 3684 γάρ
708 3613 859 3682 ἡμᾶς
889 3612 965 3676 ὡς
1012 3611 1296 3683 στρουθίον
1342 3612 1574 3683 μονάζον
1605 3614 1699 3667 ἐπὶ
1723 3613 1966 3686 δώματι·

387 3705 527 3776 ἔπερ
566 3703 706 3757 εἶναι
755 3704 853 3774 μὲν
895 3703 1044 3757 δοκεῖ
1081 3720 1226 3757 τισιν
1262 3704 1766 3775 εὐκαταφρόνητον,
1814 3706 1968 3759 πολι-

387 3794 540 3850 τείαν
562 3795 617 3848 δὲ
639 3795 787 3863 ὅμως
815 3792 1081 3865 ὲκλεκτὴν
1109 3794 1205 3847 καὶ
1258 3786 1537 3865 μακαρίαν
1556 3794 1843 3866 κέκτηται.
1891 3796 1966 3849 Οὐ

386 3886 596 3956 τροφῆς
626 3884 757 3955 γὰρ,
788 3884 889 3937 οὐκ
916 3884 1244 3955 ἐσθημάτων
1264 3885 1539 3957 φροντίζει
1558 3885 1587 3938 6
1612 3886 1861 3955 μονάζων
1894 3886 1970 3951 ὡς

391 3980 672 4051 στρουθίον
695 4020 708 4041 ,
744 3979 843 4032 οὐκ
878 3978 1175 4051 ἐπιϐουλὴν
1213 3978 1447 4033 δέδοικεο
1495 3981 1747 4033 κατοικεί
1774 3979 1883 4052 γὰρ
1913 3981 1969 4034 ὲν

387 4072 618 4140 δώματι,
650 4071 747 4124 καὶ
778 4070 888 4123 τῶν
921 4070 1384 4125 ἐπιϐουλευόντων
1421 4070 1571 4127 ἐστὶν
1615 4069 1964 4143 ὑψηλότερος.

388 4162 624 4233 Νοήσεις
653 4161 708 4216 δὲ
733 4162 953 4224 πάντως
978 4163 1154 4215 ἐκεῖνο
1184 4161 1246 4215 τὸ
1276 4161 1432 4233 δῶμα
1457 4162 1553 4216 καὶ
1580 4161 1658 4233 τῷ
1677 4161 1969 4233 Ψαλμῳδῷ

389 4253 679 4323 λέγεσθαι,
713 4255 847 4327 ὅπερ
887 4257 917 4309 6
947 4254 1148 4325 Κύριος
1174 4254 1303 4325 περὶ
1328 4255 1638 4320 συντελείας
1677 4255 1969 4327 διηγούμε-

387 4364 479 4412 νος
518 4346 729 4422 ἔφρασε
753 4364 767 4379 ·
796 4347 929 4420 φησὶ
956 4347 1068 4419 γάρ
1101 4364 1112 4377 ·
1169 4347 1232 4401 Ὀ
1266 4348 1365 4402 ἐπὶ
1404 4347 1509 4402 τσῦ
1561 4345 1852 4417 δώματος.
1880 4346 1967 4417 μὴ

391 4441 789 4495 καταϐαινέτω
811 4433 946 4511 ἆραι
978 4439 1046 4494 τὸ
1084 4439 1319 4510 ἱμάτιον
1345 4439 1553 4494 αὐτοῦ.

472 4617 675 4687 «Ὅλην
698 4617 798 4688 τὴν
827 4617 1039 4688 ἡμέραν
1078 4614 1352 4679 ὠνείδιζόν
1392 4632 1480 4685 με.
1514 4633 1532 4667 ι

343 4770 353 4779 ,
464 4708 776 4775 Τουτὲττιν,
806 4710 855 4761 οἱ
881 4708 1165 4771 δοκοῦντες
1203 4707 1348 4776 φίλοι
1374 4706 1598 4778 χείρονα
1618 4705 1728 4759 τῶν
1755 4705 1968 4777 ἐχθρῶν

389 4801 714 4869 διέπραττον
733 4818 744 4830 ·
778 4801 905 4862 τοὺς
927 4800 1036 4870 γάρ
1069 4801 1325 4863 ἐπαίνους
1363 4800 1443 4862 είς
1463 4799 1660 4869 ὅρκους
1690 4798 1817 4859 τοὺς
1848 4796 1968 4850 κατ’

390 4892 962 4965 ὲμοῧμετεὸάλλοντο·
980 4892 1014 4962 ἢ
1044 4892 1319 4963 συνθήκας
1331 4892 1486 4953 τινὰς
1511 4892 1591 4952 είς
1614 4889 1753 4961 ἐμὴν
1765 4890 1969 4955 ταύτας

388 4985 681 5054 ἑπιῦουλῆν
713 4983 1006 5055 τιθέμενοι,
1050 4982 1145 5037 καὶ
1177 4980 1435 5037 τοσοῦτον
1463 4983 1563 5051 τὴν
1603 4980 1744 5051 ὲμὴν
1772 4980 1971 5033 ταπεί-

389 5094 551 5131 νωσιν
576 5073 1143 5149 ἐκτρεπόμενοι,ὥστε
1170 5075 1243 5145 μὴ
1273 5077 1391 5128 κατ’
1415 5075 1515 5144 ἐμὲ
1537 5073 1812 5141 γενέσθαι,
1835 5074 1969 5145 μηδὲ

392 5167 665 5237 συμϐῆναι
700 5169 904 5231 αὐτοῖς,
931 5162 1020 5220 οἶα
1060 5165 1204 5237 ἐμοὶ,
1236 5166 1604 5237 ἀπόμνυσθαι.

477 5365 496 5398 σ
533 5345 704 5415 Κάγὼ
735 5345 866 5399 ὡσεὶ
894 5346 1088 5418 χόρτος
1113 5345 1435 5418 ἐξηράνθη-ιν,
1480 5365 1498 5397 ι

466 5438 560 5509 Μὴ
581 5436 766 5491 τοίνυν
790 5441 902 5502 τοῖς
936 5439 1211 5515 βιωτικοῖς
1241 5438 1601 5511 ἐπαιρώμεθα
1635 5440 1930 5511 πράγμασι
1957 5457 1970 5471 ·

2072 1969 2331 2023 Dominus
2361 1969 2603 2024 declarat
2633 1969 2821 2025 dicens
2851 1987 2864 2023 :
2895 1968 3202 2038 Operamini
3241 1986 3343 2022 non
3370 1970 3538 2023 cibum
3564 1971 3655 2039 qui

2068 2063 2221 2133 perit,
2254 2063 2344 2117 sed
2385 2063 2474 2133 qui
2496 2070 2763 2131 permanet
2802 2063 2856 2115 in
2899 2062 3063 2115 vitam
3094 2060 3456 2131 cateruam“),
3488 2061 3657 2132 hujus

2068 2170 2163 2209 cor
2205 2155 2381 2210 instar
2427 2154 2540 2209 feni
2588 2168 2910 2225 percussum
2959 2152 3247 2209 exarescit.
3272 2151 3425 2208 Sicut
3469 2163 3655 2208 autem

2068 2245 2254 2301 fenum
2278 2246 2582 2317 percutitur
2611 2255 2667 2301 et
2696 2245 2916 2310 arescit,
2949 2244 3170 2314 quando
3201 2259 3323 2299 raro
3357 2227 3540 2314 pluvia
3575 2245 3655 2298 ir-

2067 2339 2306 2409 rigatur;
2356 2340 2430 2393 ita
2458 2338 2625 2393 etiam
2656 2337 2861 2399 anima,
2889 2337 3111 2407 quando
3149 2337 3320 2392 divini
3356 2337 3521 2393 Verbi
3552 2352 3654 2408 pe-

2069 2429 2227 2484 nuria
2250 2429 2599 2493 laboraverit,
2628 2428 2774 2482 illico
2802 2435 2933 2483 tunc
2962 2425 3267 2497 percutitur
3287 2434 3342 2481 et
3363 2428 3649 2492 exarescit,

2070 2537 2194 2575 eum
2228 2520 2329 2577 ﬂos
2366 2521 2586 2577 virtutis
2615 2519 2924 2592 germinare
2950 2517 3180 2574 minime
3207 2518 3402 2573 valeat.

2140 2780 2302 2838 Vens.
2328 2783 2384 2838 6.
2431 2802 2449 2835 ι
2476 2781 2521 2837 Α
2552 2797 2685 2838 voce
2712 2781 2949 2854 gemitus
2976 2782 3085 2839 mei
3117 2780 3369 2838 adhmsit.
3398 2799 3419 2834 ι

2140 2875 2196 2929 ld
2218 2884 2323 2938 est,
2349 2874 2527 2930 omnis
2547 2873 2716 2944 adeps
2741 2884 2798 2929 et
2823 2873 3054 2929 felicitas
3077 2874 3326 2944 corporis
3348 2872 3651 2928 contabuit.

2070 2970 2247 3027 Verus
2296 2971 2443 3027 enim
2491 2969 2746 3042 gemitus,
2777 2968 2871 3039 qui
2900 2976 2956 3025 et
2984 2980 3201 3025 acutam
3233 2984 3421 3023 vocem
3466 2968 3652 3033 habet,

2069 3078 2272 3134 corpus
2323 3071 2605 3127 extenuat,
2636 3069 2692 3115 et
2731 3059 2915 3116 carnis
2956 3058 3435 3114 mortiﬁcationem
3466 3072 3656 3127 opera-

2077 3165 2199 3224 tur;
2234 3154 2493 3225 quoniam
2515 3161 2781 3223 quantum
2808 3150 3048 3207 exterior
3072 3150 3240 3205 homo
3262 3148 3653 3219 corrumpitur,

2076 3245 2413 3303 tantumdem
2449 3242 2679 3299 interior
2708 3243 3025 3298 innovatur.

2142 3338 2304 3395 Vens.
2339 3340 2391 3393 7.
2438 3356 2457 3390 ι
2484 3337 2690 3393 Similis
2730 3337 2905 3392 factus
2948 3350 3070 3390 sum
3108 3333 3377 3405 pellieano
3406 3330 3657 3388 solitudi-

2071 3433 2178 3488 nis.
2212 3451 2233 3483 ι
2699 3466 2705 3471 ρ
3590 3468 3595 3475 .

2139 3523 2529 3579 Admirabilem
2560 3522 2720 3579 nobis
2747 3520 3056 3593 vigiliarum
3099 3520 3337 3575 fructum
3371 3515 3612 3573 ostendit
3640 3534 3653 3569 :

2071 3618 2281 3674 faciunt
2320 3618 2466 3673 enim
2512 3632 2615 3673 nos
2645 3619 2819 3672 instar
2850 3613 3088 3686 passeris
3118 3610 3343 3667 solitarii
3372 3609 3426 3663 in
3459 3615 3604 3662 tecto
3641 3625 3652 3659 :

2070 3711 2215 3781 quod
2248 3709 2575 3780 quibusdam
2610 3709 2830 3778 quidem
2863 3706 3082 3762 videtur
3111 3700 3543 3770 contemptibile,
3571 3707 3656 3752 at-

2071 3810 2249 3855 tamen
2302 3800 2530 3854 clectam
2571 3798 2733 3853 simul
2767 3805 2821 3852 et
2855 3799 3067 3852 beatam
3114 3791 3656 3871 vivendi’rationem

2070 3889 2333 3944 continet.
2367 3887 2647 3958 Siquidem
2696 3900 2804 3940 non
2857 3886 3040 3940 cibum
3083 3899 3263 3954 neque
3292 3890 3473 3938 vestes
3500 3886 3657 3938 curat

2072 3982 2117 4038 is
2152 3982 2247 4052 qui
2298 3988 2554 4051 tanquam
2604 3994 2795 4051 passer
2836 3978 3116 4035 solitarius
3164 3976 3398 4041 exsistit,
3430 3975 3659 4031 insidias

2072 4071 2297 4127 minime
2325 4077 2585 4136 veretur;
2618 4068 2876 4139 quoniam
2909 4067 2961 4121 in
2999 4074 3143 4122 tecto
3174 4065 3406 4129 habitat,
3437 4073 3494 4119 et
3520 4063 3658 4119 insi-

2071 4161 2347 4217 diantihns
2380 4159 2670 4216 sublimior
2688 4159 2881 4213 evasit.
2900 4158 3171 4213 Caeterum
3199 4156 3472 4227 intelliges
3491 4154 3657 4210 etiam

2070 4269 2100 4310 a
2129 4253 2416 4309 Psalmista
2451 4261 2653 4308 tectum
2681 4251 2813 4306 illud
2831 4250 2961 4316 dici,
2982 4250 3049 4305 de
3076 4264 3185 4319 quo
3212 4247 3474 4302 Dominus
3491 4245 3660 4302 verba

2071 4345 2219 4412 fecit,
2272 4359 2398 4400 eum
2451 4342 2600 4398 orbis
2649 4341 2913 4398 describit
2959 4338 3522 4401 consummationem;
3581 4334 3660 4391 ait

2071 4438 2215 4493 enim
2259 4456 2272 4492 :
2314 4437 2416 4503 Qui
2454 4438 2510 4490 in
2548 4445 2701 4502 tecto,
2743 4451 2846 4488 non
2885 4433 3163 4488 descendat
3205 4430 3386 4486 tollere
3424 4428 3663 4485 tunicam.

2000 4549 2046 4602 ι)
2073 4526 2303 4579 suam".

2146 4615 2309 4672 Vens.
2332 4618 2385 4674 9.
2433 4637 2452 4670 ι
2481 4617 2618 4672 Tota
2649 4616 2736 4673 die
2762 4615 3164 4688 exprobrabant
3192 4628 3301 4669 me.
3333 4631 3352 4664 ι

2145 4708 2201 4764 ld
2230 4718 2335 4777 est,
2367 4709 2422 4763 hi
2468 4709 2560 4779 qui
2588 4708 2920 4763 videbantur
2952 4705 3146 4769 amici,
3186 4701 3455 4759 deteriora
3485 4697 3661 4756 hosti-

2070 4799 2174 4853 bus
2217 4799 2530 4868 irrogabant
2562 4820 2576 4854 :
2610 4799 2801 4854 laudes
2847 4799 2991 4853 enim
3031 4798 3084 4852 in
3117 4797 3515 4853 detestationes
3559 4792 3660 4848 ad-

2070 4906 2289 4945 versum
2319 4907 2404 4945 me
2436 4891 2717 4945 mutabant
2747 4909 2760 4945 :
2794 4890 2881 4944 vel
2908 4889 2976 4944 ad
3006 4904 3095 4943 me
3117 4886 3502 4958 decipiendum
3525 4898 3659 4938 con-

2072 4983 2373 5053 spirabant,
2402 4993 2456 5038 et
2488 4984 2543 5037 in
2562 4964 2786 5038 tantum
2820 4982 3193 5052 humilitatem
3237 4980 3356 5034 sive
3400 4976 3660 5046 abiectio-

2082 5090 2205 5128 nem
2235 5089 2416 5128 meam
2451 5074 2865 5137 aversabantur,
2893 5082 2953 5127 ut
2981 5072 3408 5133 obtestarentur,
3434 5081 3505 5122 ne
3528 5066 3659 5120 mihi

2080 5168 2285 5224 similes
2330 5167 2645 5233 evaderent,
2679 5180 2859 5237 neque
2908 5163 3043 5234 ipsis
3094 5157 3424 5223 istiusmodi,
3479 5156 3669 5226 qualia.

2077 5261 2233 5326 mihi,
2265 5259 2571 5315 evenirent.

2153 5349 2311 5405 Vens.
2341 5351 2429 5405 12.
2475 5368 2494 5401 ιι
2523 5349 2590 5405 Ει
2614 5364 2713 5421 ego
2745 5348 2889 5405 sicut
2917 5346 3100 5402 fenum
3129 5342 3267 5398 arui.
3299 5359 3317 5394 ι

2145 5441 2226 5497 Ne
2266 5442 2434 5513 igitur
2474 5442 2640 5497 rebus
2669 5439 3022 5496 saecularibus
3055 5436 3383 5492 extollantur
3413 5452 3425 5488 :
3455 5431 3663 5489 ideirco

391 5528 582 5584 τούτου
614 5529 723 5600 γὰρ
745 5530 890 5601 ἡμᾶς
914 5531 1080 5586 ἓνεκα
1110 5533 1268 5586 σκιὰν
1293 5532 1388 5587 καὶ
1408 5533 1602 5604 χόρτον
1625 5533 1654 5586 6
1679 5533 1969 5603 Προφήτης

2078 5531 2225 5587 enim
2253 5532 2527 5603 Pr0pheta
2561 5545 2663 5585 nos
2686 5529 2934 5583 umbram
2960 5534 3015 5581 et
3043 5526 3227 5581 fenum
3261 5520 3570 5594 appellavit,
3589 5536 3663 5576 ne

392 5623 651 5681 ἐκάλεσεν
676 5660 692 5687 ,
733 5622 819 5676 ἵνα
872 5622 1063 5693 μηδενὶ
1112 5623 1221 5678 τῶν
1270 5626 1560 5696 παρόντων
1606 5625 1969 5696 θαρσήσωμεν

2081 5623 2136 5677 in
2178 5623 2287 5677 ulla
2329 5638 2510 5679 rerum
2541 5619 2891 5693 pricsentium
2925 5617 3347 5681 conﬁdet-emus,
3381 5612 3579 5678 fluxam
3607 5620 3665 5670 et

457 5800 728 5870 3Humili.
769 5818 846 5868 vi,
879 5801 961 5856 ll.
1027 5802 1068 5833 ³⁸
1110 5800 1265 5857 Joan.
1303 5817 1384 5869 vi,
1418 5802 1508 5857 2'1.
1583 5803 1625 5835 “
1666 5800 1865 5865 Matth.
1891 5814 2043 5866 xxiv,
2078 5798 2163 5859 ίῖ.
