4032 6222
396 388 536 455 1275

1582 393 1946 455 HESYCHII
2000 396 2472 459 PRESBYTERI

3522 404 3655 470 1276

397 516 659 570 caducam
706 524 897 565 earum
928 509 1300 565 conditionem
1340 509 1778 568 considerantes.
1809 512 1854 567 A
1881 528 1983 568 no-

2088 513 2148 567 τὸ
2195 517 2395 588 σαθρὸν
2417 518 2596 572 αὐτῶν
2641 521 2841 586 εἰδότες
2889 521 2983 576 καὶ
3029 523 3089 576 τὸ
3133 523 3493 595 πρόσκαιρον.
3544 527 3662 599 ’Ἀφ’

398 615 484 664 bis
510 615 692 662 autem
715 604 785 659 ad
817 605 1105 659 Dominum
1146 620 1457 660 sermonem
1488 608 1785 671 transtulit,
1809 623 1984 678 quan-

396 699 691 771 doquidem
739 687 1023 752 mortalem
1054 707 1296 763 carnem,
1329 714 1451 769 quae
1488 699 1662 753 instar
1706 699 1815 754 feni
1859 716 1983 754 cor-

398 792 674 862 ruptibilis
726 799 833 857 est,
864 791 1185 862 assumpsit,
1212 790 1374 846 simul
1420 801 1601 846 tamen
1652 791 1767 861 ipse
1816 791 1980 846 etiam

399 886 732 949 incarnatus,
768 892 956 953 utpote
988 884 1153 948 Deus,
1184 883 1614 953 incorruptibilis
1663 894 1719 938 et
1756 882 1982 939 immor-

398 978 522 1032 talis
550 977 943 1045 perseveravit.

470 1091 632 1147 Vens.
661 1092 749 1145 lt.
796 1110 815 1142 ι
846 1091 927 1144 Tu
956 1105 1258 1160 exsurgens
1289 1090 1640 1144 misereberis
1674 1090 1825 1144 Sion.
1854 1109 1870 1139 ι

476 1184 772 1254 Exsurgens
801 1199 818 1235 :
854 1183 1038 1236 unde?
1068 1182 1421 1237 Manifestum
1453 1182 1599 1253 quod
1633 1198 1698 1236 ex
1730 1182 1979 1236 mortuis.

308 1272 313 1279 ’
398 1274 505 1329 Sed
531 1275 804 1345 quomodo
833 1274 1126 1328 miseretur
1174 1273 1345 1328 Sion?
1375 1290 1572 1343 nempe
1599 1274 1984 1329 comminatio-

400 1380 527 1419 nem
559 1366 657 1436 ipsi
693 1366 1097 1420 interminatam
1130 1366 1426 1421 immutans
1461 1384 1473 1419 :
1506 1381 1627 1435 quze
1657 1375 1837 1420 autem
1866 1376 1984 1421 erat

402 1457 542 1512 ista?
576 1457 702 1511 Sion
728 1457 879 1527 quasi
917 1473 1043 1527 ager
1072 1457 1335 1519 arabitur,
1370 1466 1420 1510 et
1456 1456 1752 1511 Jerusalem
1795 1466 1851 1512 ut
1888 1475 1982 1511 cu-

400 1550 572 1602 stodia
604 1548 829 1618 pomarii
857 1549 954 1600 erit
973 1548 1037 1599 ³³.
1058 1549 1233 1617 Atque
1254 1547 1569 1617 imprecatio
1588 1547 1809 1618 quidem
1834 1563 1983 1603 com-

401 1643 585 1698 munis
610 1651 723 1705 est,
753 1643 873 1710 ejus
902 1641 1211 1695 immutatio
1239 1656 1371 1695 vero
1401 1641 1627 1697 minime
1655 1643 1979 1698 communis.

400 1734 469 1789 Et
497 1735 647 1789 vides
680 1742 737 1786 ut
758 1732 1060 1787 Jerusalem
1085 1733 1305 1802 quidem
1328 1732 1627 1787 etiamnum
1655 1741 1865 1787 vastata
1887 1736 1979 1797 sit,

401 1827 534 1880 Sion
570 1842 699 1881 vero
731 1825 784 1880 in
820 1825 991 1895 gloria
1021 1824 1268 1887 exsistat,
1299 1824 1518 1880 Christo
1565 1825 1738 1896 ipsius
1784 1840 1982 1880 secun-

401 1921 528 1974 dum
559 1928 793 1989 tempus,
826 1918 879 1974 id
900 1927 987 1973 est
1021 1911 1349 1989 opportune,
1376 1918 1691 1974 miserante.
1717 1920 1848 1985 Quae
1882 1934 1980 1973 au-

402 2020 511 2066 tem
563 2012 681 2066 haec
728 2010 1151 2081 opportunitas?
1182 2011 1564 2082 mysteriorum
1593 2026 1714 2080 qua:
1766 2011 1818 2063 in
1862 2009 1976 2080 ipsa

402 2113 531 2159 sunt
564 2096 881 2173 propositio.

469 2217 636 2273 Vens.
663 2218 749 2272 16.
795 2236 815 2269 ι
847 2218 914 2273 Et
944 2198 1215 2273 timebunt
1243 2224 1433 2287 gentes
1460 2230 1660 2271 nomen
1692 2224 1866 2270 tuum.
1894 2236 1918 2269 ι

469 2308 676 2367 Horum
702 2324 865 2366 causa
890 2320 974 2364 est
998 2309 1332 2381 praedicatio,
1364 2325 1488 2380 qua:
1515 2325 1582 2365 ex
1611 2308 1744 2363 Sion
1774 2309 1829 2363 in
1860 2309 1978 2363 uni-

399 2419 619 2459 versum
665 2405 856 2459 orbem
892 2403 1222 2474 divulganda
1266 2411 1371 2459 est.
1405 2404 1576 2459 Recte
1620 2411 1804 2459 autem
1845 2402 1981 2457 dixit

402 2496 673 2549 timebunt.
704 2494 859 2550 Tunc
905 2494 1050 2549 enim
1085 2503 1273 2566 gentes
1301 2493 1550 2549 timorem
1585 2494 1704 2563 eius
1735 2492 1978 2547 nondum

401 2589 713 2654 trahebant;
745 2589 840 2643 sed
883 2603 946 2641 ex
992 2603 1101 2657 quo
1150 2587 1411 2657 apostolis
1456 2587 1755 2658 praecepit:
1788 2587 1982 2641 Docete

401 2696 579 2732 omnes
614 2688 788 2748 gentes
805 2678 885 2742 8";
937 2678 1184 2747 quinimo
1220 2677 1385 2732 etiam
1430 2686 1586 2748 reges
1638 2686 1817 2741 terra),
1869 2692 1979 2732 non

403 2770 632 2839 aliquos,
663 2769 757 2824 sed
787 2784 999 2823 omnes.
1033 2768 1377 2838 Quapropter
1408 2770 1556 2825 dices
1602 2784 1711 2823 una
1739 2784 1864 2825 cum
1894 2785 1980 2823 re-

404 2861 562 2931 gibus
608 2861 770 2916 etiam
815 2862 996 2932 justus
1046 2860 1361 2926 reccnseri;
1407 2860 1678 2930 siquidem
1709 2861 1762 2916 lii
1799 2876 1895 2931 per
1923 2876 1981 2916 se

404 2952 707 3007 consecrati
749 2961 910 3015 sunt.
941 2951 1075 3022 quin
1117 2951 1301 3022 potius
1332 2966 1363 3006 a
1399 2950 1511 3006 Deo
1540 2950 1595 3003 in
1626 2966 1781 3021 reges
1809 2950 1978 3017 uncti,

405 3058 471 3098 eo
491 3044 635 3113 quod
659 3044 1027 3114 voluptatibus
1055 3042 1345 3114 imperent,
1377 3050 1432 3098 et
1459 3043 1661 3115 regiam
1693 3042 1980 3115 imaginem

405 3137 459 3191 in
489 3153 547 3192 se
577 3145 796 3195 servent
825 3136 1162 3193 inviolatam.

481 3317 642 3373 Vens.
673 3317 785 3385 17.!
813 3336 832 3370 ι
860 3316 1130 3384 Quoniam
1161 3316 1451 3373 aediﬁcabit
1481 3315 1742 3371 Dominus
1772 3314 1924 3371 Sion.
1959 3335 1977 3368 ι

474 3409 642 3465 Vides
667 3419 728 3465 ut
755 3426 947 3482 regum
974 3409 1334 3480 subiectionis
1361 3419 1416 3466 et
1445 3410 1687 3481 gentium
1715 3410 1984 3482 cognitio-

407 3503 495 3558 nis
522 3518 687 3558 causa
712 3503 786 3559 sit
816 3502 1105 3558 aediﬁcatio
1130 3500 1346 3568 Sionis;
1382 3517 1546 3572 quam
1578 3502 1749 3572 ipsam
1773 3518 1882 3558 non
1913 3503 1988 3556 Ia-

406 3592 647 3667 pidibus,
675 3592 772 3649 sed
802 3592 1083 3647 miraculis
1106 3601 1162 3647 et
1184 3591 1374 3662 gratiis
1417 3592 1792 3663 spiritualibus
1825 3602 1988 3664 atque

408 3685 680 3760 mysteriis
704 3684 955 3759 gloriosis
974 3685 1284 3742 aedilicuit.

483 3872 643 3927 Vens.
673 3870 759 3926 18.
807 3889 825 3923 ι
854 3870 1116 3942 Respexit
1141 3873 1195 3926 in
1226 3872 1532 3929 orationem
1562 3873 1874 3930 humilium.
1905 3893 1924 3926 ι

481 4052 728 4110 Humiles
776 4053 1063 4109 manifeste
1111 4059 1271 4109 vocat
1310 4069 1406 4109 eos
1450 4055 1544 4124 qui
1593 4050 1873 4110 humiliter
1903 4072 1991 4111 sa-

408 4145 600 4216 piunt;
657 4145 726 4200 de
767 4144 966 4214 quibus
1017 4144 1278 4198 Dominus
1321 4144 1553 4213 ipsemet
1605 4145 1742 4200 dixit
1779 4163 1792 4200 :
1825 4143 1993 4217 Super

412 4255 564 4313 quem
603 4239 900 4307 respiciam,
929 4238 1032 4291 nisi
1073 4253 1227 4305 super
1256 4236 1529 4303 humilem,
1557 4247 1606 4291 et
1649 4239 1904 4308 quietum,
1945 4249 1994 4294 et

410 4338 719 4384 trementem
748 4345 1012 4383 sermones
1040 4328 1237 4383 meos"
1257 4327 1285 4381 '?.
1323 4327 1397 4383 ita
1443 4336 1503 4383 ut
1543 4329 1819 4398 apostolos
1861 4328 1996 4383 insi—

412 4431 562 4478 mret.

488 4511 646 4568 Vnus.
693 4513 778 4569 l9.
828 4532 845 4564 ι
874 4512 1195 4567 Scribuntur
1243 4513 1361 4568 haec
1411 4513 1465 4568 in
1512 4514 1864 4585 generatione
1911 4514 1991 4568 al-

415 4612 551 4658 tera.
581 4623 599 4654 ι

488 4693 657 4749 Rrec:
687 4698 846 4766 qua?
888 4697 1021 4751 Sion
1057 4697 1111 4751 in
1142 4699 1544 4768 generationem
1592 4698 1817 4752 alteram
1863 4713 1994 4769 gen-

416 4788 575 4842 tium.
602 4786 739 4842 Cum
795 4789 939 4843 enim
982 4788 1153 4844 Judaei
1192 4807 1312 4845 eam
1365 4793 1683 4861 rejecerint,
1714 4792 1992 4862 quoniam

416 4877 735 4949 mysterium
785 4879 905 4947 ejus
954 4894 1062 4932 non
1111 4890 1489 4949 susceperunt,
1524 4891 1698 4938 mater
1752 4884 1992 4954 gentium

417 4969 615 5024 merito
645 4970 915 5040 descripta
940 4979 1042 5035 est,
1068 4970 1267 5041 quibus
1286 4983 1593 5045 congruunt
1617 4991 1681 5030 ea
1709 4991 1830 5046 qua:
1861 4977 1994 5031 sub-

413 5063 740 5135 junguntur.

497 5197 515 5228 ι
543 5178 610 5233 Et
641 5181 872 5249 populus
901 5180 995 5250 qui
1028 5187 1243 5235 creatur
1270 5180 1513 5236 laudabit
1542 5182 1852 5237 Dominum.
1882 5201 1902 5235 ›

488 5268 718 5327 Οιοειιιιε
755 5281 836 5328 est
873 5273 1021 5327 enim
1066 5272 1299 5341 populus
1324 5258 1393 5326 ex
1424 5273 1695 5343 gentibus,
1727 5275 1816 5344 qui
1850 5275 1996 5328 aliud

420 5362 788 5429 generationis
815 5364 1146 5435 principium
1178 5367 1385 5436 accepit
1410 5382 1510 5436 per
1539 5368 1811 5424 lavacrum
1843 5385 1997 5440 rege-

420 5452 717 5509 nerationis
750 5472 764 5507 :
799 5455 1103 5511 istiusmodi
1134 5457 1278 5512 enim
1310 5458 1719 5516 innovationem
1752 5462 1889 5517 solet
1920 5464 1996 5515 di-

421 5543 549 5598 vina
590 5542 869 5614 Scriptura
913 5549 1244 5605 creationem
1280 5551 1574 5622 appellare.
1608 5550 1782 5621 llnjus
1813 5562 1991 5608 autem

424 5632 503 5688 rei
536 5633 690 5689 testis
714 5643 798 5692 est
827 5635 1045 5707 Paulus,
1080 5656 1200 5697 cum
1227 5641 1294 5697 de
1318 5642 1537 5697 Christo
1562 5642 1690 5698 dicit
1724 5660 1736 5696 :
1778 5645 1838 5698 Ut
1866 5644 1994 5697 ducs

2087 607 2246 677 ἡμῶν
2266 608 2324 662 δὲ
2347 610 2439 663 τὸν
2470 610 2627 677 λόγον
2646 614 2726 675 είς
2744 612 2836 665 τὸν
2860 611 3062 684 Κύριον
3090 617 3445 688 μετέστησεν,
3475 620 3663 692 ἐπειδὴ

2083 696 2184 767 τῆς
2220 696 2418 768 θνητῆς
2450 699 2683 772 μετέσχε
2715 702 2938 772 σαρκὸς,
2968 704 3068 773 τῆς
3101 704 3465 778 φθειρομένης
3498 709 3662 763 καθά-

2085 804 2189 860 περ
2238 792 2266 843 ὁ
2317 792 2542 863 χόρτος,
2598 793 2713 848 ἀλλ’
2772 796 2924 866 ὅμως
2982 796 3143 860 αὐτὸς
3204 797 3301 851 καὶ
3357 801 3665 870 σαρκωθεὶς

2084 880 2363 952 ἄφθαρτος
2419 885 2500 949 εἰς
2548 884 2640 938 τὸν
2688 886 2882 951 αἰῶνα,
2929 887 3005 951 ὡς
3057 888 3211 951 Θεὸς,
3263 891 3357 943 καὶ
3397 892 3665 959 ἀθάνατος

2083 970 2289 1042 ἔμεινε.

2162 1105 2181 1138 ‹
2218 1088 2289 1140 Σὺ
2316 1088 2556 1153 ἀναστὰς
2581 1092 2932 1164 οἰκτηρήσεις
2951 1095 3053 1165 τὴν
3085 1096 3244 1154 Σιών.
3285 1116 3303 1149 ι

2165 1183 2502 1251 Ἀγαστὰςυ
2545 1186 2750 1256 πόθεν;
2806 1190 2936 1244 Ἀπὸ
2998 1192 3107 1244 τῶν
3165 1194 3374 1264 νεκρῶν
3412 1194 3660 1267 εὔδηλον.

2097 1275 2259 1331 Ἀλλὰ
2288 1276 2408 1340 πῶς
2435 1278 2696 1351 οἰκ-τείρει
2719 1280 2817 1352 τὴν
2841 1281 3011 1349 Σιών;
3038 1283 3151 1355 Τὴν
3178 1286 3268 1338 ἐπ’
3291 1285 3462 1355 αὐτὴν
3488 1305 3663 1356 μετα-

2082 1366 2292 1421 ϐάλλων
2337 1370 2592 1441 ἀπειλήν.
2634 1372 2729 1435 Τίς
2754 1373 2812 1425 δὲ
2850 1368 2919 1444 ἦν
2947 1374 3088 1446 αὕτη
3118 1393 3134 1443 ;
3170 1375 3324 1431 Σιὼν
3367 1377 3449 1444 ὡς
3476 1379 3665 1446 ἀγρὸς

2082 1459 2604 1529 ἀροτριωθήσεται,
2631 1446 3137 1537 διαὶΊερουο-αλὴμ
3164 1468 3247 1535 ὡς
3271 1470 3664 1539 ὀπωροφυλὰ-

2083 1570 2219 1606 mor
2263 1552 2454 1608 ἔσται.
2500 1555 2610 1609 Καὶ
2647 1558 2680 1626 ἡ
2708 1555 2812 1626 μὲν
2842 1557 3062 1629 κατάρα
3100 1559 3274 1630 κοινὴ,
3312 1563 3348 1631 ἡ
3391 1561 3664 1631 μεταϐολὴ

2083 1644 2140 1696 δὲ
2186 1646 2244 1698 οὐ
2289 1647 2462 1717 κοινή.
2500 1647 2611 1700 Καὶ
2651 1646 2880 1718 θεωρείς
2928 1650 3077 1714 ὅπως
3121 1653 3153 1722 ἡ
3199 1652 3297 1722 μὲν
3334 1652 3416 1705 ἔτι
3444 1654 3540 1708 καὶ
3569 1653 3667 1706 νῦν

2085 1736 2430 1809 ’πεπόρθηται
2461 1780 2477 1803 ,
2507 1738 2539 1808 ἡ
2571 1738 2711 1792 Σιὼν
2738 1739 2794 1793 δὲ
2830 1740 2889 1794 ὲν
2918 1739 3066 1813 δόξῃ,
3092 1744 3535 1815 οἰκτειρήσαντος
3561 1746 3664 1798 αὐθ·

2085 1829 2185 1899 τὴν
2207 1829 2303 1882 τοῦ
2335 1828 2575 1901 Χριστοῦ
2613 1832 2759 1885 κατὰ
2784 1833 2978 1905 καιρὸν
3002 1874 3017 1898 ,
3054 1834 3333 1889 τουτέστιν
3366 1836 3664 1907 εὐκαίρως.

2085 1921 2182 1986 Τίς
2215 1921 2270 1975 δὲ
2300 1921 2642 1994 ἡεύκαιρίας
2679 1924 2744 1977 Ἡ
2769 1924 2878 1978 τῶν
2905 1926 2966 1978 ὲν
2988 1926 3126 1998 αὐτῇ
3163 1928 3484 2000 μυστηρίων
3531 1928 3669 1983 ὑπό-

2086 2011 2254 2078 θεσις.

2160 2236 2181 2269 ι
2225 2218 2334 2271 Καὶ
2361 2218 2763 2290 φοϐηθήσονται
2783 2220 2853 2274 τὰ
2883 2221 3009 2293 ἔθνη
3033 2222 3097 2275 τὸ
3124 2223 3297 2294 ὄνομά
3329 2209 3444 2277 σοῦ.
3480 2244 3498 2276 ι

2152 2314 2335 2367 Αἴτιον
2366 2314 2569 2368 τούτων
2597 2314 2660 2368 τὸ
2684 2316 2797 2369 ἀπὸ
2820 2317 2919 2386 τῆς
2952 2317 3090 2370 Σιὼν
3114 2320 3195 2381 εἰς
3234 2320 3415 2373 πᾶσαν
3445 2320 3663 2390 γενόμε-

2082 2422 2173 2459 νον
2188 2406 2287 2475 τὴν
2311 2405 2637 2477 οἰκουμένην
2662 2408 2944 2478 κήρυγμα.
2970 2408 3167 2473 Καλῶς
3181 2409 3261 2474 δὲ,
3283 2410 3661 2480 φοϐηθήσον-

2085 2511 2203 2561 ται,
2257 2491 2401 2549 εἷπε.
2431 2496 2566 2549 Τότε
2610 2498 2718 2567 γὰρ
2760 2497 2930 2551 αὐτοῦ
2976 2499 3069 2553 τὸν
3102 2499 3267 2568 φόϐον
3309 2500 3380 2553 τὰ
3402 2500 3532 2571 ἔθνη
3562 2497 3695 2554 σῦκ’

2084 2584 2379 2656 ἐκέκτηντο
2403 2599 2418 2615 °
2473 2585 2565 2655 ἀφ’
2616 2579 2678 2640 οῦ
2709 2585 2767 2639 δὲ
2814 2588 2929 2649 τοῖς
2971 2587 3296 2654 ἀποστόλοις
3338 2590 3658 2661 προσέταξε,

2085 2674 2515 2743 Μαθητεύσατε
2564 2677 2761 2730 πάντα
2808 2677 2879 2730 τὰ
2922 2678 3091 2746 ἔθνη,
3147 2680 3288 2733 ἀλλὰ
3340 2682 3449 2752 μὴν
3485 2680 3659 2735 καὶοί

2088 2768 2325 2839 βασιλεῖς
2372 2769 2473 2838 τῆς
2515 2768 2640 2839 γῆς,
2691 2768 2754 2822 οὐ
2795 2771 2977 2836 τινὲς,
3012 2770 3151 2824 ἀλλὰ
3197 2772 3419 2836 πάντες.
3462 2773 3659 2843 Διόπερ

2085 2862 2231 2929 spei;
2277 2859 2415 2930 μετὰ
2459 2858 2569 2912 τῶν
2612 2859 2881 2929 βασιλέων
2926 2861 3183 2922 καὶτοὺς
3234 2861 3478 2924 δικαίους
3504 2859 3661 2927 λέγε-

2087 2950 2215 3006 σθαι
2240 2968 2253 2982 ·
2305 2952 2805 3024 αὑτοχειροτόνητοι
2840 2953 2949 3023 γὰρ
2983 2945 3154 3020 οῦτοι,
3184 2953 3383 3025 μᾶλλον
3413 2954 3470 3007 δὲ
3509 2952 3664 3023 παρὰ

2086 3042 2223 3096 8ιοῦ
2270 3042 2746 3114 χειροτονηθέντες
2790 3042 3070 3113 βασιλεῖς,
3116 3044 3206 3098 διὰ
3266 3044 3328 3097 τὸ
3380 3042 3663 3106 δεσπόζειν

2042 3180 2050 3189 .
2087 3132 2195 3186 τῶν
2220 3133 2444 3203 ἡδονῶν,
2483 3135 2578 3188 καὶ
2602 3132 2836 3202 φυλάξαι
2864 3133 2964 3204 τὴν
2998 3133 3284 3206 βασιλικὴν
3313 3133 3499 3217 εἰκόνα
3528 3148 3662 3199 τυγ-

2006 3229 2050 3289 C
2083 3227 2359 3297 χάνουσιν.

2159 3338 2176 3370 ι
2218 3319 2338 3372 Ὅτι
2368 3318 2710 3390 οἰκοδομήσει
2732 3318 2938 3391 Κύριος
2959 3318 3059 3389 τὴν
3087 3317 3247 3373 Σιών.
3270 3336 3290 3371 ο

2156 3411 2393 3482 Θεωρεῖς
2423 3410 2574 3473 ὅπως
2599 3411 2771 3465 αἴτιον
2803 3411 2904 3480 τῆς
2928 3411 3037 3463 τῶν
3075 3409 3342 3480 βασιλέων
3374 3408 3662 3478 ὑποταγῆς

2088 3500 2182 3555 καὶ
2207 3499 2307 3569 τῆς
2334 3498 2444 3552 τῶν
2478 3498 2651 3552 ἐθνῶν
2684 3500 3035 3568 ἐπιγνώσεως
3082 3499 3117 3568 ὴ
3140 3498 3241 3567 τῆς
3288 3495 3426 3550 Σιὼν
3455 3495 3630 3550 οἰκοδο
3649 3525 3664 3535 -

2092 3593 2167 3663 μή
2192 3608 2205 3620 ·
2236 3592 2415 3662 ἤνπερ
2453 3589 2644 3660 αὐτὴν,
2666 3590 2731 3644 οὐ
2763 3591 2935 3654 λίθοις
2958 3631 2974 3656 ,
2998 3589 3141 3645 ἀλλὰ
3166 3589 3411 3661 θαύμασι
3433 3589 3527 3643 καὶ
3561 3587 3662 3658 χά-

2090 3694 2201 3748 ρισι
2229 3680 2621 3749 πνευματικοῖς
2650 3679 2747 3733 καὶ
2779 3679 3099 3752 μυστηρίοις
3128 3678 3361 3745 ἐνδόξοις
3386 3679 3665 3751 ᾠκοδόμη-

2091 3786 2203 3824 σίν.

2172 3879 2191 3913 ι
2264 3861 2591 3932 Ἐπέὸλεψεν
2633 3862 2731 3917 ἐπὶ
2788 3862 2888 3934 τὴν
2942 3861 3254 3934 προσευχὴν
3311 3861 3420 3914 τῶν
3466 3877 3664 3915 ταπει-

2092 3967 2217 4005 νων.
2268 3969 2287 4001 ι

2164 4042 2469 4105 Ταπεινοὺς
2504 4041 2689 4111 σαφῶς
2720 4040 2868 4111 λέγει
2895 4044 3021 4105 τοὺς
3041 4039 3498 4110 ταπεινόφρονας·
3535 4042 3664 4111 περὶ

2064 4127 2170 4190 ’ὧν
2213 4134 2377 4196 αὐτὸς
2421 4135 2449 4186 ὁ
2479 4132 2682 4221 Κύριος
2713 4132 2900 4201 ἔλεγεν
2926 4148 2940 4162 ·
2985 4132 3118 4187 Ἐπὶ
3156 4133 3294 4185 τινα
3335 4129 3660 4199 ἐπιϐλέψει),

2095 4228 2233 4282 ἀλλ’
2263 4227 2301 4295 ἣ
2330 4225 2430 4280 ἐπὶ
2468 4226 2578 4280 τὸν
2615 4225 2919 4292 ταπεινὸν,
2950 4226 3048 4279 καὶ
3089 4224 3353 4293 ἡσύχιον
3372 4263 3387 4289 ,
3415 4221 3514 4279 καὶ
3539 4221 3665 4292 τρέο

2090 4316 2284 4388 μοιτὰ
2323 4326 2455 4389 μου·
2491 4317 2632 4383 τοὺς
2677 4318 2937 4387 λόγουςς
2988 4316 3130 4371 ὥστε
3159 4314 3289 4377 τοὺς
3334 4313 3662 4376 ἀποστόλους

2098 4410 2410 4464 αἰνίττεται.

2175 4520 2194 4552 ι
2241 4503 2512 4573 Γραφήτω
2538 4500 2680 4572 αὕτη
2709 4501 2789 4565 εἰς
2823 4501 3019 4570 γενεὰν
3050 4502 3267 4575 ἑτέραν,

2165 4682 2323 4751 Αὕτη
2350 4698 2363 4713 ’
2409 4683 2521 4750 "sig;
2568 4680 2629 4735 Ἦ
2665 4683 2803 4737 Σιὼν
2845 4682 2927 4747 εἰς
2956 4683 3149 4753 γενεὰν
3194 4683 3392 4755 ἑτέραν
3420 4686 3521 4756 τὴν
3555 4684 3665 4737 τῶν

2094 4776 2285 4828 ἐθνῶν.
2347 4774 2859 4844 Ἀπευδοκησάντων
2888 4776 2998 4847 γὰρ
3024 4774 3195 4848 αὐτὴν
3226 4776 3336 4831 τῶν
3377 4775 3662 4840 Ἰουδαίων,

2094 4871 2281 4941 ἐπειδὴ
2314 4869 2377 4925 τὸ
2402 4872 2460 4926 ὲν
2510 4871 2647 4941 αὐτῇ
2682 4870 2982 4940 μυστήριον
3020 4870 3122 4924 οὐκ
3164 4869 3435 4934 ἐδέξαντο,
3487 4866 3667 4937 μήτηρ

2095 4964 2320 5027 εἰκότως
2357 4962 2466 5015 τῶν
2494 4961 2664 5015 ἐθνῶν
2692 4960 3165 5030 καταγέγραπται,
3198 4960 3329 5031 περὶ
3356 4952 3431 5012 ὧν
3460 4954 3667 5028 ἁρμότ-

2034 5088 2039 5091 -
2092 5072 2175 5109 τει
2200 5058 2269 5109 τὰ
2298 5054 2634 5125 ἑπαγόμενα.

2170 5186 2188 5219 ι
2227 5168 2338 5222 Καὶ
2357 5168 2484 5231 λαδς
2517 5169 2545 5221 ό
2568 5167 2886 5238 κτιζόμενος
2913 5169 3117 5223 αἰνέσει
3146 5166 3240 5219 τὸν
3272 5164 3500 5236 Κύριον.
3537 5181 3557 5215 ι

2179 5259 2434 5331 Ἐκτίσθη
2472 5258 2579 5330 γὰρ
2626 5261 2653 5312 ὁ
2675 5259 2735 5323 ἐξ
2787 5259 2957 5313 ἐθνῶν
2980 5258 3130 5322 λαὸς,
3155 5256 3329 5329 ἀρχὴν
3350 5254 3544 5326 ἑτέραν
3579 5270 3670 5321 γε·

2098 5350 2297 5412 νέσεως
2339 5351 2440 5421 τὴν
2483 5349 2576 5403 τοῦ
2605 5349 2830 5422 λουτροῦ
2881 5347 3299 5417 παλιγγενεσίαν
3333 5344 3628 5414 δεξάμενος
3653 5361 3668 5374 ·

2097 5442 2188 5496 τὸν
2220 5443 2328 5514 γὰρ
2355 5441 2595 5496 τοιοῦτον
2622 5441 3038 5510 ἀνακαινισμὺν,
3065 5439 3246 5493 κτίσιν
3279 5437 3402 5501 ἔθος
3431 5435 3537 5491 ὑπὸ
3569 5434 3673 5505 τῆς

2099 5535 2321 5605 Γραφῆς
2348 5535 2448 5605 τῆς
2467 5534 2616 5599 θείας
2644 5532 3027 5604 ὀνομάζεσθαι.
3059 5532 3348 5602 Μαρτυρεῖ
3371 5529 3429 5583 δὲ
3463 5529 3494 5581 ό
3524 5525 3673 5580 Παῦε

2101 5625 2190 5689 λος
2222 5627 2350 5698 περὶ
2378 5625 2470 5680 τοῦ
2510 5624 2747 5698 Χριστοῦ
2767 5625 2940 5695 λέγων
2971 5639 2985 5655 ‘
3019 5626 3150 5680 Ἵνα
3185 5621 3328 5690 τοὺς
3351 5620 3463 5676 δύο
3493 5620 3678 5689 κτίσῃ

500 5813 548 5849 ³³
579 5812 745 5874 Mich.
793 5834 872 5886 ιιι,
911 5818 993 5875 19..
1064 5822 1103 5855 ³⁸
1145 5822 1335 5878 .llattli.
1362 5840 1549 5891 xxrui,
1595 5824 1680 5881 19.
1747 5823 1789 5855 ⁸⁸
1827 5802 1929 5879 lsa.
1963 5840 2104 5890 mi,
2140 5827 2192 5879 τὶ.
