4032 6222
370 366 505 435 12⁷17

1510 373 1974 437 FRAGMENTA
2008 376 2090 440 IN
2130 379 2491 444 PSALMOS.

3494 391 3631 461 1278

364 488 437 544 ἐν
464 486 654 554 ἐαυτᾷ
694 487 786 547 εις
811 484 918 545 ἕνα
956 487 1170 543 καινὸν
1199 487 1517 558 ἄνθρωπον
1558 489 1746 546 ποιῶν
1784 493 1939 564 είρή-

2051 498 2239 552 condat
2262 499 2317 553 in
2342 500 2620 570 semetipso
2656 500 2713 555 in
2742 518 2903 558 unum
2927 520 3116 560 nouum
3138 504 3400 562 hominem
3429 508 3630 578 faciens

364 595 507 649 νην.

439 710 463 747 ι
505 692 627 762 ’τοτι
655 689 920 781 ἐξέκυψεν
941 691 1001 760 ἐξ
1032 691 1202 764 ’ὕψους
1226 692 1403 764 ἁγίου.
1424 713 1465 773 ,ι
1496 694 1499 697 ’

434 867 634 938 Σαφῶς
663 869 765 939 τῆς
791 868 885 922 τοῦ
912 870 1163 942 Σωτῆρος
1189 868 1489 943 ἐπιδημίας
1520 852 1792 944 μέμνηται
1819 887 1832 900 ·
1859 871 1947 925 οῦ-

367 978 477 1026 τως
519 961 629 1034 γὰρ
668 961 907 1033 ὲκκύψαι
950 962 1061 1016 ἀπὸ
1104 962 1201 1016 τοῦ
1238 961 1407 1033 ὕψους
1441 965 1584 1018 κατὰ
1619 965 1813 1036 καιρὸν
1843 964 1945 1035 τῆς

372 1052 700 1122 σαρκώσεως
720 1051 957 1121 λέγεται,
980 1053 1056 1117 ὡς
1072 1052 1184 1108 ἄνω
1203 1053 1411 1124 μείνας,
1434 1055 1531 1108 καὶ.
1560 1056 1711 1109 κάτω
1734 1055 1943 1124 φανείς.

370 1142 543 1199 Τοῦτο
586 1143 695 1214 γὰρ
733 1143 841 1197 τῶν
875 1144 1259 1198 ὲκκυπτόντων
1295 1132 1402 1198 ἀπὸ
1430 1145 1524 1201 τοῦ
1564 1144 1733 1215 ὕψους
1776 1145 1906 1200 ἴδιον
1928 1161 1942 1174 ⁸

369 1234 597 1305 ὲξέκυψε
632 1234 725 1299 δὲ,
754 1236 840 1288 ἵνα
870 1235 968 1306 τὴν
996 1236 1101 1305 γῆν
1125 1235 1514 1307 ἑπισκέψηται.
1548 1237 1685 1291 Πότε
1712 1236 1821 1308 γὰρ
1846 1238 1947 1291 αύ-

367 1324 487 1396 τὴν,
515 1327 681 1396 ἐρεῖς,
697 1327 801 1379 οὐκ
828 1324 1199 1396 ἐπεσκέψατο;
1234 1325 1397 1385 Ἀλλὰ
1420 1327 1515 1382 νῦν
1537 1325 1740 1398 μείζων
1768 1327 1967 1397 ἱκτῆρι

368 1434 462 1488 χεν
489 1419 523 1489 ή
558 1417 847 1487 ἐπίσκεψις
867 1430 883 1448 ο
910 1416 1225 1488 οἰκονομίας
1250 1418 1360 1488 γὰρ
1391 1418 1555 1471 ἓνεκα
1586 1417 1687 1489 τῆς
1709 1417 1802 1470 διὰ
1832 1418 1945 1472 τῶν

369 1508 501 1578 ἑξῆς
530 1510 670 1579 ὲμφε
680 1525 740 1580 ρο
748 1509 916 1580 μένης
942 1509 1180 1577 ἐγίνετο.

445 1638 465 1671 ι
511 1620 620 1674 Τοῦ
675 1620 913 1676 ἀκοῦσαι
968 1610 1065 1676 τοῦ
1116 1619 1425 1691 στεναγμοῦ
1472 1620 1581 1675 τῶν
1634 1621 1944 1694 πεπεδημέο

369 1728 497 1766 νων.
545 1730 564 1764 1

2045 604 2228 655 pacem
2247 591 2311 645 '°.

2119 699 2283 758 Vens.
2305 705 2397 761 20.
2443 725 2461 760 ι
2490 707 2763 774 Quoniam
2796 714 3077 785 prospexit
3130 716 3199 772 de
3244 717 3460 773 excelso
3507 732 3629 772 san-

2046 801 2157 847 cto.
2188 812 2207 845 ι

2116 883 2407 945 Manifeste
2445 892 2783 950 mentionem
2820 895 2951 952 fecit
2984 899 3247 956 adventus
3278 901 3574 958 Salvatoris
3604 921 3628 958 τ

2047 976 2125 1032 sic
2151 979 2296 1035 enim
2326 980 2719 1041 incarnationis
2742 995 2991 1065 tempore
3032 992 3100 1047 de
3144 993 3364 1063 excelso
3400 1009 3625 1065 prospe-

2049 1069 2193 1126 xisse
2223 1074 2446 1141 dicitur,
2482 1082 2543 1131 ut
2579 1062 2796 1134 sursum
2829 1083 3126 1149 manserit,
3163 1093 3216 1139 et
3244 1086 3493 1142 deorsum
3527 1105 3626 1159 ap-

2048 1166 2309 1232 paruerit.
2350 1166 2463 1223 lloc
2489 1169 2632 1223 enim
2665 1172 2945 1241 proprium
2972 1181 3056 1229 est
3088 1190 3275 1229 eorum
3306 1178 3396 1246 qui
3424 1193 3487 1232 ex
3519 1179 3627 1233 alto

2047 1257 2403 1327 prospiciunt.
2436 1258 2721 1331 Prospexit
2750 1271 2933 1319 autem
2966 1275 3027 1319 ut
3058 1274 3256 1320 terram
3285 1267 3578 1338 inspiceret
3607 1287 3621 1324 :

2045 1356 2100 1400 at
2122 1349 2362 1416 quando,
2396 1349 2630 1420 inquies,
2660 1350 2807 1409 illam
2833 1368 2942 1408 non
2969 1356 3251 1425 respexit?
3285 1355 3484 1410 Verum
3510 1357 3622 1427 jam

2047 1440 2219 1509 main
2246 1441 2457 1496 exstitit
2482 1443 2750 1512 inspectio
2781 1461 2794 1499 :
2831 1445 3100 1515 siquidem
3146 1457 3369 1519 propter
3399 1448 3623 1520 dispen-

2044 1531 2316 1587 sationem
2350 1533 2550 1588 aecidit
2578 1550 2700 1603 quae
2727 1534 2926 1591 deinde
2957 1536 3210 1593 infertur.

2119 1640 2281 1699 Vens.
2306 1645 2397 1699 2|.
2446 1664 2464 1696 ι
2492 1645 2561 1701 Ut
2588 1645 2801 1702 audiret
2829 1649 3063 1719 gemitus
3091 1649 3541 1721 compeditorum.
3565 1670 3584 1705 ι
3681 1642 3691 1652 ’

440 1802 725 1874 Δεδεμένοι
777 1804 979 1869 πάντες
1022 1804 1127 1859 ὑπὸ
1155 1806 1255 1878 τῆς
1282 1807 1560 1878 ἁμαρτίας
1603 1805 1900 1876 ἐτύγχανον
1927 1822 1939 1834 ·

2113 1822 2318 1881 Omnes
2363 1835 2518 1881 erant
2564 1826 2714 1897 ligati
2761 1835 2988 1897 peccato
3025 1848 3038 1884 :
3076 1828 3449 1900 unusquisque
3496 1845 3630 1901 pro-

372 1897 579 1965 σειρατς
611 1894 839 1960 ἕκαστος
864 1894 972 1949 τῶν
1003 1897 1217 1952 οἰκείων
1268 1899 1680 1970 ἁμαρτημάτων
1721 1898 1946 1966 σφιγγό-

370 1998 565 2055 μενος·
597 1977 674 2042 ὧν
706 1985 805 2058 τὴν
829 1984 1165 2060 ἐπιστροφὴν
1195 1989 1415 2060 μηνύων
1452 1989 1726 2052 ὀἮσαΐας
1748 1984 1902 2058 ἔλεγε
1927 2004 1941 2017 ·

369 2079 480 2134 Καὶ
520 2079 622 2134 σοί
669 2078 1165 2150 ἀκολουθήσουσι
1202 2081 1506 2151 δεδεμένοι
1547 2079 1940 2150 χειροπέδαις,

368 2166 469 2220 καί
514 2166 585 2220 ἐν
613 2168 731 2248 1ρόί
775 2169 1239 2238 προσεύξονται,
1288 2171 1389 2226 καί
1434 2171 1943 2241 προσκυνήσουσί

366 2273 487 2311 σοι.
520 2257 584 2312 Oi
615 2258 670 2312 δὲ
695 2260 848 2314 αὐτοὶ
876 2261 969 2314 καὶ
998 2262 1104 2316 olet
1134 2261 1615 2335 τεθανατωμένων,
1647 2264 1739 2318 τὸν
1770 2263 1943 2334 βαρὺν

322 2376 333 2381 -
369 2348 465 2401 καὶ
497 2349 731 2418 χαλεπὸν
756 2351 854 2422 τῆς
889 2351 1304 2425 εἰδωλολατρίας
1334 2356 1749 2425 ὑπομεινάντων
1778 2356 1940 2412 θάνα-

364 2450 479 2489 τον.
501 2432 662 2491 Οὗτοι
685 2439 865 2494 τοίνυν
884 2441 1200 2509 ἐστέναζον,
1219 2444 1330 2499 τῶν
1356 2442 1575 2516 δεσμῶν
1603 2447 1940 2517 ἀπολυθῆναι

369 2525 685 2597 βουλόμενα
708 2545 724 2560 ο
749 2528 939 2602 διόπερ
961 2532 1144 2586 αὐτῶν
1160 2534 1189 2585 ὁ
1209 2534 1341 2595 Θεὸς
1371 2535 1718 2602 εἰσακούσας,
1744 2540 1823 2602 εἰς
1844 2522 1940 2610 τὴν

365 2617 472 2687 γῆν
504 2618 667 2683 αὐτὸς
699 2618 870 2675 ἐλθὼν
905 2623 1269 2695 ἐπεσκέψατο.

440 2749 459 2783 ι
498 2730 605 2787 Τοῦ
633 2734 953 2804 ἀναγγεῖλαι
988 2738 1049 2791 ἐν
1083 2738 1243 2796 Σιών.
1285 2758 1304 2790 ι

433 2823 546 2892 Οὐχ
591 2822 733 2877 ὥστε
781 2825 946 2896 μέχρι
996 2827 1105 2882 τῶν
1149 2829 1267 2883 ἐκεῖ
1300 2829 1493 2901 στῆναι
1536 2829 1632 2884 τοῦ
1669 2831 1806 2887 Θεοῦ
1841 2834 1939 2904 τὴν

363 2908 570 2967 αϊνεσιν
624 2914 657 2985 ἢ
692 2914 791 2987 τὴν
835 2917 1130 2987 ἀγγελίαν,
1173 2920 1420 2974 τουτέστι
1463 2920 1525 2974 τὸ
1566 2922 1937 2994 Εὑαγγέλιον,

363 3001 481 3057 ἀλλ’
529 2998 669 3057 ὥστε
711 3005 923 3061 ἐκεῖθεν
965 3007 1272 3080 ἀρξάμενον
1302 3012 1382 3075 εἰς
1416 3012 1598 3067 πᾶσαν
1630 3012 1937 3088 διαδοθῆναι

362 3093 461 3165 τὴν
490 3093 615 3164 γῆν.
658 3096 754 3151 Ἐκ
806 3096 918 3168 τὰρ
956 3099 1114 3154 Σιὼν
1158 3101 1542 3167 ἐξελεύσεται
1586 3105 1793 3174 νόμος,
1838 3109 1937 3163 καὶ

361 3186 543 3256 λόγος
567 3189 788 3257 Κυρίου
807 3189 877 3254 ἐξ
927 3189 1345 3264 'Iepwaatiut,
1373 3194 1470 3250 καὶ
1509 3171 1703 3265 κρινεῖ
1714 3171 1934 3270 ἁήκαμέ-
1960 3171 2003 3232 c

363 3294 481 3334 σον
500 3278 691 3336 ἐθνῶν
714 3282 989 3340 πολλῶν.
1312 3300 1319 3307 ’

435 3406 457 3442 ι
507 3392 594 3445 Ἐν
619 3391 698 3464 τῷ
721 3395 1147 3467 ὲπισυναχθῆναι
1175 3394 1340 3461 λαοὺς
1369 3399 1462 3452 ἐπὶ
1495 3400 1556 3453 τὸ
1587 3401 1736 3458 αὐτό.
1769 3420 1788 3454 ι

433 3483 507 3539 οὐ
550 3484 682 3557 περὶ
716 3486 836 3551 ἑνὸς
865 3486 1031 3555 λαοῦ,
1066 3490 1198 3562 περὶ
1232 3490 1444 3544 πολλῶν
1476 3491 1532 3545 δὲ
1562 3494 1935 3564 συναχθέντων

358 3575 654 3631 ικτίθεται.
700 3577 798 3632 Διὰ
829 3578 886 3632 δὲ
918 3578 1014 3633 τοῦ
1045 3580 1286 3653 πλήθους
1331 3583 1400 3637 τὰ
1431 3583 1564 3656 ἔθνη
1610 3586 1931 3642 αἰνίττεται.

439 3779 460 3813 t
512 3760 810 3833 Ἀπεκρίθη
839 3761 990 3833 αὖτῷ
1021 3764 1080 3816 ὲν
1117 3761 1226 3833 ὁδῷ
1258 3764 1443 3835 ίσχύος
1473 3765 1661 3821 αὑτοῦ.
1699 3785 1718 3818 ι

428 3851 495 3905 Τί
521 3852 732 3911 τοιοῦεο
775 3850 952 3924 δηλῶν
991 3852 1020 3905 ὁ
1046 3853 1285 3924 Χριστός
1330 3871 1527 3926 φησιν’
1602 3856 1937 3924 Ἐλήλυθεν

350 3945 391 4015 ἡ
428 3943 547 4014 ὥρα
570 3986 585 4013 ,
614 3945 715 3999 ἵνα
752 3940 1023 4015 δοξασθῇ
1053 3948 1084 4000 ό
1117 3946 1253 4013 Υἱὸς
1294 3947 1400 4001 τοῦ
1438 3948 1752 4016 ἀνθρώπου
1780 3966 1795 3982 ·
1842 3951 1934 4004 τοῦ

352 4037 597 4109 σταυροῦ
629 4039 721 4091 τὸν
754 4037 947 4110 καιρὸν
969 4039 1337 4111 αίνιττόμενος
1357 4057 1371 4071 ·
1415 4042 1563 4106 ὅστις
1596 4042 1714 4106 ὁδὸς
1755 4043 1936 4115 ίσχύος

348 4131 677 4199 ἀναγκαίως
729 4131 966 4201 ἐλέγετο.
989 4125 1189 4203 ’Ἶσχὺς
1232 4133 1343 4204 γὰρ
1400 4133 1494 4188 τοῦ
1548 4136 1785 4207 σταυροῦ
1841 4139 1937 4191 καὶ

344 4220 589 4292 δύναμις
628 4221 864 4294 ἀψευδὴς
909 4224 942 4293 ἡ
981 4224 1047 4276 ὲκ
1091 4224 1302 4296 νεκρῶν
1341 4225 1655 4294 ἀνάστασις,
1701 4230 1767 4299 ἦν
1802 4227 1937 4282 ὡδο-

290 4298 293 4302 “
343 4311 551 4385 ποίησε
577 4312 672 4367 τοῦ
700 4312 933 4386 σταυροῦ
956 4314 1016 4368 τὸ
1051 4316 1372 4387 μυστήριον.

433 4426 451 4458 ι
487 4406 579 4476 Μὴ
611 4407 892 4477 ἀναγάγῃς
925 4425 991 4477 με
1024 4408 1080 4461 ἐν
1115 4408 1302 4479 ἡμίσει
1330 4411 1579 4480 ἡμερῶν.
1617 4430 1636 4463 ι

2047 1914 2288 1985 priorum
2316 1924 2666 1986 peccatorum
2694 1917 2926 1974 vinculis
2967 1920 3369 1990 stringebatur:
3392 1936 3625 1991 quorum

2046 2005 2465 2060 conversionem
2501 2007 2787 2063 insinuans
2821 2007 2986 2063 Isaias
3014 2009 3090 2064 ait
3121 2026 3136 2064 :
3171 2010 3238 2064 Et
3276 2021 3322 2064 te
3347 2021 3626 2081 sequentur

2042 2101 2202 2153 vincti
2245 2102 2487 2164 manicis,
2525 2112 2574 2156 et
2622 2103 2679 2156 in
2727 2112 2776 2158 te
2815 2104 3039 2158 orabunt
3080 2113 3128 2160 et
3166 2106 3459 2160 adorabunt
3490 2108 3619 2160 te".

2042 2188 2309 2247 Cteternm
2362 2194 2417 2248 bi
2463 2196 2563 2262 ipsi
2604 2210 2821 2266 quoque
2862 2206 2994 2253 sunt
3022 2198 3115 2253 ﬁlii
3146 2198 3639 2270 interemptorum“

2043 2282 2135 2352 qui
2169 2299 2386 2354 gravem
2420 2300 2483 2340 ac
2510 2286 2794 2343 molestam
2824 2285 3143 2342 idololatriae
3173 2296 3403 2343 mortem
3437 2288 3624 2343 subie-

2044 2384 2190 2429 runt.
2228 2374 2297 2429 Hi
2326 2375 2507 2446 itaque
2533 2378 2822 2448 gemebant
2850 2392 2880 2433 a
2904 2378 3136 2433 vinculis
3159 2378 3364 2434 absolvi
3394 2380 3623 2450 cupien-

2042 2473 2126 2522 tes
2162 2483 2176 2521 :
2212 2474 2544 2538 quapropter
2590 2469 2734 2524 Deus
2777 2470 2925 2539 ipsos
2957 2469 3276 2536 exaudiens,
3308 2469 3537 2540 ipsemet
3568 2468 3622 2524 in

2043 2568 2241 2614 terram
2276 2559 2579 2615 adveniens
2612 2560 2877 2631 respexit.

2110 2760 2272 2815 Vens.
2297 2760 2387 2816 22.
2435 2781 2454 2814 ι
2484 2760 2556 2818 Ut
2578 2761 2907 2816 annuntient
2929 2760 2983 2814 in
3017 2760 3173 2816 Sion.
3212 2779 3231 2813 ι

2110 2851 2230 2906 Non
2258 2860 2317 2906 ut
2344 2844 2454 2908 illic
2480 2851 2576 2907 Dei
2607 2853 2725 2908 laus
2754 2861 2810 2907 et
2832 2851 3195 2915 annuntiatio,
3220 2851 3322 2907 hoc
3343 2861 3426 2908 est
3447 2852 3623 2909 Evan-

2040 2942 2262 3013 grlium,
2291 2943 2529 3007 sistatur,
2549 2943 2643 2999 sed
2672 2952 2729 2999 ut
2765 2943 2892 2999 inde
2922 2942 3192 3012 incipiens
3218 2943 3272 2997 in
3305 2943 3620 3000 universum

2036 3042 2309 3088 terrarum
2360 3035 2548 3090 orbem
2598 3043 2947 3106 propagetur.
2984 3033 3122 3099 Quia
3172 3034 3235 3088 de
3283 3034 3416 3090 Sion
3461 3036 3621 3090 exibit

2041 3124 2141 3192 lex,
2171 3136 2221 3180 et
2250 3127 2461 3182 verbum
2489 3127 2705 3182 Domini
2729 3129 2792 3182 de
2816 3126 3128 3181 Jerusalem.
3153 3124 3223 3181 Et
3246 3126 3508 3197 judicabit
3539 3129 3623 3181 in-

2039 3225 2118 3270 ter
2146 3226 2321 3288 gentes
2346 3218 2540 3273 multa:
2559 3219 2624 3274 ³⁸³.

2110 3421 2270 3478 Vens.
2295 3421 2387 3478 25.
2436 3443 2454 3475 ι
2485 3422 2544 3477 In
2575 3422 2956 3480 conveniendo
2986 3423 3221 3496 populos
3247 3422 3302 3478 in
3328 3437 3526 3493 unum.
3559 3439 3576 3473 ι

2106 3508 2224 3569 Non
2255 3513 2324 3567 de
2354 3529 2463 3569 uno
2488 3514 2709 3585 populo,
2745 3514 2839 3570 sed
2868 3515 2935 3571 de
2961 3514 3147 3570 multis
3167 3512 3621 3569 convenientibus

2036 3605 2348 3675 exponitur.
2376 3604 2505 3663 .Per
2553 3606 2961 3663 multitudinem
3008 3616 3193 3663 autem
3246 3612 3437 3677 gentes
3484 3604 3619 3660 insi-

2035 3706 2189 3750 nuat.

2113 3785 2269 3840 Vens.
2292 3787 2383 3840 24.
2431 3805 2447 3837 ι
2482 3786 2785 3857 Respondit
2823 3789 2870 3842 ei
2904 3788 2957 3842 in
2992 3788 3075 3843 via
3109 3787 3326 3844 virtutis
3361 3801 3492 3842 sum.
3525 3804 3545 3839 ι

2106 3866 2354 3932 Christus
2385 3876 2516 3946 quid
2561 3877 2739 3933 simile
2784 3878 3068 3934 declarans
3111 3879 3233 3935 ait:
3288 3876 3433 3933 Venit
3463 3879 3626 3942 liora,

2038 3978 2092 4021 nt
2123 3965 2441 4036 clariﬁcetur
2472 3967 2638 4022 Filius
2672 3968 2989 4037 hominis";
3038 3970 3214 4025 crucis
3249 3979 3459 4040 tempus
3487 3968 3631 4022 insi—-

2037 4075 2214 4116 nuans
2247 4077 2260 4114 :
2298 4060 2445 4130 quod
2495 4061 2808 4116 necessario
2850 4061 2992 4117 viam
3044 4061 3260 4118 virtutis
3305 4060 3629 4131 appellavit-

2038 4149 2133 4207 Vis
2165 4152 2310 4208 enim
2353 4167 2417 4207 ac
2446 4151 2620 4207 virtus
2648 4151 2827 4206 crucis
2858 4167 2985 4206 vera
3015 4161 3098 4210 est
3123 4167 3154 4207 e
3180 4151 3409 4207 mortuis
3440 4166 3631 4206 resur~

2037 4244 2235 4310 rectio,
2268 4243 2353 4300 cui
2384 4241 2530 4299 viam
2563 4243 2755 4300 stravit
2782 4246 3096 4316 mysterium
3125 4244 3324 4299 crucis.

2114 4420 2272 4477 Vens.
2295 4422 2387 4478 25.
2435 4440 2454 4474 ι
2483 4421 2562 4478 Nc
2597 4438 2822 4479 revoces
2866 4439 2953 4478 me
2988 4423 3040 4478 in
3075 4422 3298 4479 dimidio
3330 4420 3561 4477 dierum.
3591 4437 3622 4467 ιι

436 4496 754 4567 Ἀναγωγὴν
785 4499 942 4552 καλεῖ
968 4499 1067 4569 τὴν
1094 4498 1344 4553 ἐντεῦθεν
1372 4503 1732 4572 μετάστασιν.
1758 4503 1932 4558 Τοῦτο

2106 4513 2529 4572 Revocationem
2580 4525 2740 4585 vocat
2786 4532 2853 4572 ex
2901 4518 3005 4572 hac
3052 4516 3161 4570 vita
3215 4512 3619 4584 migrationem.

352 4590 465 4662 γὰρ
507 4587 685 4658 ψυχῆς
732 4589 937 4653 ἄνοδος.
974 4590 1072 4663 ’Μὴ
1128 4592 1308 4647 τοίνυν
1358 4594 1554 4666 ἀτελὴς
1593 4596 1691 4666 τὴν
1730 4598 1930 4669 ἀρετὴν

355 4680 692 4750 μεταστῆναι
754 4679 1137 4749 πρεσϐεύεται,
1188 4682 1480 4755 ὁλόκληρον
1529 4686 1642 4756 βίον
1692 4687 1929 4758 νομίζων

349 4773 445 4826 τὸν
475 4772 533 4823 ἐν
555 4770 720 4841 ἀρετῇ
764 4769 989 4837 τέλειον,
1018 4772 1191 4843 ἣμισυ
1219 4773 1275 4828 δὲ
1298 4775 1358 4829 τὸ
1396 4776 1585 4840 ἀτελὲς
1622 4780 1715 4831 καὶ
1754 4780 1929 4850 ἀπλῆ-

351 4880 547 4936 ρωτον.

421 4955 526 5009 Τὸν
555 4953 714 5023 λόγον
737 4954 900 5009 πάλιν
928 4956 1062 5025 πρὸς
1092 4958 1181 5012 τὸν
1206 4959 1411 5031 Κύριον
1452 4961 1749 5035 ἐπέτρεψεν
1767 4982 1781 4996 ο
1823 4966 1923 5019 αὑ-

349 5044 444 5099 τοῦ
479 5046 588 5117 γὰρ
614 5045 682 5098 τὰ
713 5044 830 5117 ἔτη,
858 5046 894 5102 ὃ.
924 5049 981 5102 ὲν
1012 5051 1177 5119 σαρκὶ
1212 5052 1534 5124 πεποίηκεν,
1561 5056 1619 5109 ἑν
1641 5059 1804 5129 γενεᾷ
1831 5074 1925 5125 γε-

351 5138 511 5204 νεῶν,
539 5139 612 5202 ὡς
643 5139 1063 5213 ἀπηρτισμένην
1084 5143 1176 5197 καὶ
1198 5144 1491 5218 ὀλόκληρον
1519 5148 1616 5217 τὴν
1645 5149 1924 5204 πολιτείαν

351 5227 565 5298 ἔχοντα.
598 5231 759 5285 Ὅθεν
779 5234 874 5287 καὶ
893 5236 920 5287 ὁ
941 5234 1150 5299 Παῦλος
1174 5237 1300 5302 τοὺς
1328 5241 1386 5292 ὲν
1417 5240 1715 5310 τελειότητι
1744 5260 1921 5312 παρα-

353 5319 553 5388 στῆσαι
590 5319 908 5394 βουλὸμενος
942 5325 1130 5397 ἔλεγεν
1159 5346 1174 5362 ο
1212 5330 1338 5385 Ἵνα
1368 5331 1840 5403 καταντήσωμεν
1872 5338 1926 5388 cl

346 5409 574 5499 adv-rsc-
595 5414 677 5478 εἰς
701 5411 889 5482 ἄνδρα
909 5417 1162 5487 τέλειον,
1192 5423 1278 5488 είς
1299 5421 1520 5492 μέτρον
1550 5425 1788 5492 ἡλικίας
1814 5426 1920 5480 τοῦ

346 5501 742 5570 πληρώματος
768 5507 1045 5573 Χριστοῦ.

425 5608 448 5645 σ
483 5593 645 5647 Αὐτοὶ
674 5594 1016 5667 ἀπολοῦνται,
1055 5602 1121 5656 σὺ
1152 5603 1208 5658 δὲ
1231 5604 1313 5660 δια
1324 5607 1523 5677 μένεις.
1567 5628 1586 5660 ι

2032 4603 2135 4663 llic
2181 4609 2325 4663 enim
2380 4617 2466 4664 est
2514 4608 2709 4663 anima:
2748 4623 3031 4664 ascensus.
3077 4606 3253 4677 Rogat
3291 4604 3511 4672 itaque,
3545 4618 3619 4657 ne

2032 4697 2387 4768 imperfectus
2415 4700 2469 4752 in
2503 4698 2706 4753 virtute
2729 4699 2856 4754 hinc
2884 4698 3129 4769 cmigret,
3150 4697 3412 4768 integram
3446 4695 3615 4750 vitam

2030 4801 2296 4861 reputans
2318 4806 2440 4860 (pne
2474 4790 2528 4843 in
2563 4789 2767 4843 virtute
2804 4788 3042 4858 perfecta
3072 4787 3458 4854 sit,dimidiam
3481 4803 3613 4841 vero

2030 4885 2114 4939 cui
2154 4882 2298 4937 desit
2322 4880 2586 4951 perfectio
2615 4889 2672 4934 et
2695 4879 2999 4950 plenitudo.
3078 4900 3081 4901 ν

2101 4973 2418 5029 Sermonem
2451 4973 2649 5026 iterum
2684 4972 2952 5027 convertit
2986 4971 3052 5026 ad
3087 4969 3376 5026 Dominum
3405 4968 3615 5039 :ipsins

2025 5066 2173 5121 enim
2209 5066 2362 5129 anni,
2398 5079 2537 5134 quos
2575 5063 2631 5117 in
2665 5079 2828 5118 carne
2864 5063 3011 5134 egit,
3047 5063 3100 5116 in
3137 5061 3485 5133 generatione
3515 5075 3604 5130 ge-

2026 5156 2369 5211 nerationum
2407 5162 2782 5225 perseverant,
2816 5162 2876 5207 ut
2916 5153 3008 5223 qui
3058 5151 3354 5222 perfectam
3386 5155 3443 5203 et
3472 5149 3609 5201 inte-

2025 5264 2173 5319 gram
2224 5246 2538 5302 contineant
2593 5246 2955 5316 disciplinam.
2989 5244 3146 5300 Unde
3194 5243 3358 5297 etiam
3410 5240 3611 5295 Paulus

2031 5339 2298 5410 perfectos
2328 5353 2427 5392 nos
2457 5337 2707 5393 exhiberi
2748 5337 2938 5391 volens
2969 5334 3102 5389 dixit
3131 5351 3144 5388 :
3179 5333 3242 5389 Ut
3270 5347 3607 5386 occurramus

2027 5448 2205 5486 omnes
2244 5432 2299 5484 in
2346 5431 2510 5484 virum
2538 5430 2842 5499 perfectum,
2874 5428 2930 5480 in
2964 5442 3262 5479 mensuram
3287 5425 3461 5480 celatis
3493 5427 3592 5492 ple-

2030 5524 2281 5577 nitudinis
2307 5521 2501 5577 Citriin
2518 5522 2586 5573 ⁵ο.

2107 5614 2260 5669 Vens.
2284 5614 2374 5668 27.
2424 5632 2447 5664 ι
2478 5611 2578 5684 Ipsi
2610 5609 2891 5681 peribunt,
2926 5616 2982 5663 tu
3013 5616 3195 5664 autem
3238 5621 3545 5680 permancs.
3575 5623 3596 5655 ι

412 5772 461 5808 ³⁸
495 5775 708 5848 Ενιιεε.
735 5796 799 5848 ιι,
828 5780 916 5837 ts.
988 5781 1032 5814 ³⁷
1061 5780 1165 5838 lsa.
1212 5801 1337 5853 m,
1372 5785 1457 5840 Η.
1537 5789 1579 5819 εει
1620 5789 1717 5842 Isti.
1752 5806 1806 5855 ιιτ
1842 5791 1894 5849 5.

2051 5789 2211 5848 Joan.
2244 5811 2341 5857 xit,
2372 5791 2464 5846 25.
2535 5793 2576 5825 ⁸⁰
2605 5793 2805 5865 Epiros.
2836 5809 2908 5857 ts,
2954 5794 3036 5849 15.
