  <div class='ocr_page' id='page_1' title='image "/cluster/home/n/w/nwhite01/storage/ocr_20150623/93/mdp.39015078384313/647.png"; bbox 0 0 4044 6228; ppageno 0'>
   <div class='ocr_carea' id='block_1_1' title="bbox 411 374 550 442">
    <p class='ocr_par' dir='ltr' id='par_1_1' title="bbox 411 374 550 442">
     <span class='ocr_line' id='line_1_1' title="bbox 411 374 550 442; baseline -0.007 0"><span class='ocrx_word' id='word_1_1' title='bbox 411 374 550 442; x_wconf 72' lang='grc'><strong>1279</strong></span> 
     </span>
    </p>
   </div>
   <div class='ocr_carea' id='block_1_2' title="bbox 1601 389 2491 453">
    <p class='ocr_par' dir='ltr' id='par_1_2' title="bbox 1601 389 2491 453">
     <span class='ocr_line' id='line_1_2' title="bbox 1601 389 2491 453; baseline 0.004 -5"><span class='ocrx_word' id='word_1_2' title='bbox 1601 389 1964 451; x_wconf 74' lang='lat' dir='ltr'><strong>IIESYCHJI</strong></span> <span class='ocrx_word' id='word_1_3' title='bbox 2017 393 2491 453; x_wconf 77' lang='lat' dir='ltr'><strong>PRESBYTEBI</strong></span> 
     </span>
    </p>
   </div>
   <div class='ocr_carea' id='block_1_3' title="bbox 3545 365 3684 457">
    <p class='ocr_par' dir='ltr' id='par_1_3' title="bbox 3545 365 3684 457">
     <span class='ocr_line' id='line_1_3' title="bbox 3545 365 3684 457; baseline 0.014 -4"><span class='ocrx_word' id='word_1_4' title='bbox 3545 365 3684 457; x_wconf 68' lang='grc' dir='ltr'>ιεεο</span> 
     </span>
    </p>
   </div>
   <div class='ocr_carea' id='block_1_4' title="bbox 486 487 2000 572">
    <p class='ocr_par' dir='ltr' id='par_1_4' title="bbox 486 487 1994 570">
     <span class='ocr_line' id='line_1_4' title="bbox 486 487 1994 570; baseline 0.009 -28"><span class='ocrx_word' id='word_1_5' title='bbox 486 487 720 544; x_wconf 78' lang='lat' dir='ltr'><strong>Pulchre</strong></span> <span class='ocrx_word' id='word_1_6' title='bbox 751 487 844 544; x_wconf 86' lang='lat' dir='ltr'><strong>Dei</strong></span> <span class='ocrx_word' id='word_1_7' title='bbox 873 503 1166 560; x_wconf 83' lang='lat' dir='ltr'><strong>personam</strong></span> <span class='ocrx_word' id='word_1_8' title='bbox 1194 493 1448 550; x_wconf 87' lang='lat' dir='ltr'><strong>attribuit</strong></span> <span class='ocrx_word' id='word_1_9' title='bbox 1472 498 1760 564; x_wconf 89' lang='lat' dir='ltr'><strong>creationi,</strong></span> <span class='ocrx_word' id='word_1_10' title='bbox 1794 515 1865 554; x_wconf 92' lang='lat' dir='ltr'><strong>ne</strong></span> <span class='ocrx_word' id='word_1_11' title='bbox 1896 515 1994 570; x_wconf 87' lang='lat' dir='ltr'><strong>pe-</strong></span> 
     </span>
    </p>
   </div>
   <div class='ocr_carea' id='block_1_5' title="bbox 2101 487 3686 572">
    <p class='ocr_par' dir='ltr' id='par_1_5' title="bbox 2169 496 3686 572">
     <span class='ocr_line' id='line_1_5' title="bbox 2169 496 3686 572; baseline 0.001 -17"><span class='ocrx_word' id='word_1_12' title='bbox 2169 500 2368 564; x_wconf 82' lang='grc' dir='ltr'>Καλῶς</span> <span class='ocrx_word' id='word_1_13' title='bbox 2396 503 2464 572; x_wconf 75' lang='grc' dir='ltr'>τῇ</span> <span class='ocrx_word' id='word_1_14' title='bbox 2494 499 2828 571; x_wconf 66' lang='grc' dir='ltr'>δημιουργίᾳ</span> <span class='ocrx_word' id='word_1_15' title='bbox 2867 496 2962 551; x_wconf 85' lang='grc' dir='ltr'><strong>τοῦ</strong></span> <span class='ocrx_word' id='word_1_16' title='bbox 2985 496 3124 552; x_wconf 86' lang='grc' dir='ltr'>Θεοῦ</span> <span class='ocrx_word' id='word_1_17' title='bbox 3157 497 3212 550; x_wconf 70' lang='grc' dir='ltr'>τὸ</span> <span class='ocrx_word' id='word_1_18' title='bbox 3253 499 3547 570; x_wconf 83' lang='grc' dir='ltr'>πρόσωπον</span> <span class='ocrx_word' id='word_1_19' title='bbox 3577 503 3686 556; x_wconf 54' lang='grc' dir='ltr'><strong>ἀπε</strong></span> 
     </span>
    </p>
   </div>
   <div class='ocr_carea' id='block_1_6' title="bbox 409 574 1997 659">
    <p class='ocr_par' dir='ltr' id='par_1_6' title="bbox 409 574 1997 659">
     <span class='ocr_line' id='line_1_6' title="bbox 409 574 1997 659; baseline 0.004 -19"><span class='ocrx_word' id='word_1_20' title='bbox 409 574 854 650; x_wconf 77' lang='lat' dir='ltr'><strong>nitus&#39;intcreal;</strong></span> <span class='ocrx_word' id='word_1_21' title='bbox 883 587 1326 658; x_wconf 82' lang='lat' dir='ltr'><strong>quandoquidem</strong></span> <span class='ocrx_word' id='word_1_22' title='bbox 1358 598 1486 646; x_wconf 91' lang='lat' dir='ltr'><strong>sunt</strong></span> <span class='ocrx_word' id='word_1_23' title='bbox 1516 591 1740 648; x_wconf 67' lang='lat' dir='ltr'><strong>facturae</strong></span> <span class='ocrx_word' id='word_1_24' title='bbox 1762 591 1878 659; x_wconf 86' lang='lat' dir='ltr'><strong>Dei,</strong></span> <span class='ocrx_word' id='word_1_25' title='bbox 1902 593 1997 650; x_wconf 88' lang='lat' dir='ltr'><strong>sed</strong></span> 
     </span>
    </p>
   </div>
   <div class='ocr_carea' id='block_1_7' title="bbox 416 677 1998 751">
    <p class='ocr_par' dir='ltr' id='par_1_7' title="bbox 416 677 1998 751">
     <span class='ocr_line' id='line_1_7' title="bbox 416 677 1998 751; baseline 0.006 -21"><span class='ocrx_word' id='word_1_26' title='bbox 416 683 754 732; x_wconf 84' lang='lat' dir='ltr'><strong>veterascant</strong></span> <span class='ocrx_word' id='word_1_27' title='bbox 798 677 1020 747; x_wconf 82' lang='lat' dir='ltr'><strong>quidem</strong></span> <span class='ocrx_word' id='word_1_28' title='bbox 1076 687 1336 751; x_wconf 88' lang='lat' dir='ltr'><strong>tanquam</strong></span> <span class='ocrx_word' id='word_1_29' title='bbox 1382 684 1606 740; x_wconf 86' lang='lat' dir='ltr'><strong>omnino</strong></span> <span class='ocrx_word' id='word_1_30' title='bbox 1630 694 1850 750; x_wconf 65' lang='lat' dir='ltr'><strong>creatae,</strong></span> <span class='ocrx_word' id='word_1_31' title='bbox 1877 701 1998 740; x_wconf 91' lang='lat' dir='ltr'><strong>mu-</strong></span> 
     </span>
    </p>
   </div>
   <div class='ocr_carea' id='block_1_8' title="bbox 412 775 1998 844">
    <p class='ocr_par' dir='ltr' id='par_1_8' title="bbox 412 775 1998 844">
     <span class='ocr_line' id='line_1_8' title="bbox 412 775 1998 844; baseline 0.008 -23"><span class='ocrx_word' id='word_1_32' title='bbox 412 775 596 822; x_wconf 78' lang='lat' dir='ltr'><strong>tentur</strong></span> <span class='ocrx_word' id='word_1_33' title='bbox 635 785 766 824; x_wconf 83' lang='lat' dir='ltr'><strong>vero</strong></span> <span class='ocrx_word' id='word_1_34' title='bbox 811 779 1065 842; x_wconf 86' lang='lat' dir='ltr'><strong>tanquam</strong></span> <span class='ocrx_word' id='word_1_35' title='bbox 1091 789 1124 828; x_wconf 88' lang='lat' dir='ltr'><strong>a</strong></span> <span class='ocrx_word' id='word_1_36' title='bbox 1157 775 1266 830; x_wconf 85' lang='lat' dir='ltr'><strong>Deo</strong></span> <span class='ocrx_word' id='word_1_37' title='bbox 1304 777 1556 832; x_wconf 58' lang='lat' dir='ltr'><strong>condita}.</strong></span> <span class='ocrx_word' id='word_1_38' title='bbox 1585 776 1870 844; x_wconf 85' lang='lat' dir='ltr'><strong>Quomodo</strong></span> <span class='ocrx_word' id='word_1_39' title='bbox 1900 794 1998 833; x_wconf 85' lang='lat' dir='ltr'><strong>au-</strong></span> 
     </span>
    </p>
   </div>
   <div class='ocr_carea' id='block_1_9' title="bbox 413 866 1998 944">
    <p class='ocr_par' dir='ltr' id='par_1_9' title="bbox 413 866 1998 944">
     <span class='ocr_line' id='line_1_9' title="bbox 413 866 1998 944; baseline 0.009 -30"><span class='ocrx_word' id='word_1_40' title='bbox 413 870 523 915; x_wconf 89' lang='lat' dir='ltr'><strong>tem</strong></span> <span class='ocrx_word' id='word_1_41' title='bbox 543 873 898 924; x_wconf 62' lang='lat' dir='ltr'><strong>~vetcrascunt</strong></span> <span class='ocrx_word' id='word_1_42' title='bbox 923 866 1067 922; x_wconf 85' lang='lat' dir='ltr'><strong>sicut</strong></span> <span class='ocrx_word' id='word_1_43' title='bbox 1098 869 1488 927; x_wconf 77' lang='lat' dir='ltr'><strong>vestimentum</strong></span> <span class='ocrx_word' id='word_1_44' title='bbox 1520 880 1578 926; x_wconf 87' lang='lat' dir='ltr'><strong>et</strong></span> <span class='ocrx_word' id='word_1_45' title='bbox 1610 871 1752 928; x_wconf 85' lang='lat' dir='ltr'><strong>sicut</strong></span> <span class='ocrx_word' id='word_1_46' title='bbox 1777 881 1998 944; x_wconf 88' lang='lat' dir='ltr'><strong>operto-</strong></span> 
     </span>
    </p>
   </div>
   <div class='ocr_carea' id='block_1_10' title="bbox 413 954 1428 1026">
    <p class='ocr_par' dir='ltr' id='par_1_10' title="bbox 413 954 1428 1026">
     <span class='ocr_line' id='line_1_10' title="bbox 413 954 1428 1026; baseline 0.011 -20"><span class='ocrx_word' id='word_1_47' title='bbox 413 954 591 1009; x_wconf 85' lang='lat' dir='ltr'><strong>rium?</strong></span> <span class='ocrx_word' id='word_1_48' title='bbox 613 971 813 1026; x_wconf 76' lang='lat' dir='ltr'><strong>nempe</strong></span> <span class='ocrx_word' id='word_1_49' title='bbox 839 957 910 1013; x_wconf 92' lang='lat' dir='ltr'><strong>ob</strong></span> <span class='ocrx_word' id='word_1_50' title='bbox 933 959 1214 1015; x_wconf 87' lang='lat' dir='ltr'><strong>assiduum</strong></span> <span class='ocrx_word' id='word_1_51' title='bbox 1245 977 1428 1017; x_wconf 89' lang='lat' dir='ltr'><strong>usum.</strong></span> 
     </span>
    </p>
   </div>
   <div class='ocr_carea' id='block_1_11' title="bbox 972 1049 1445 1110">
    <p class='ocr_par' dir='ltr' id='par_1_11' title="bbox 972 1049 1445 1110">
     <span class='ocr_line' id='line_1_11' title="bbox 972 1049 1445 1110; baseline 0.013 -6"><span class='ocrx_word' id='word_1_52' title='bbox 972 1049 1295 1108; x_wconf 75' lang='lat' dir='ltr'><strong>PSALMUS</strong></span> <span class='ocrx_word' id='word_1_53' title='bbox 1331 1055 1445 1110; x_wconf 83' lang='lat' dir='ltr'><strong>Cll.</strong></span> 
     </span>
    </p>
   </div>
   <div class='ocr_carea' id='block_1_12' title="bbox 485 1141 920 1212">
    <p class='ocr_par' dir='ltr' id='par_1_12' title="bbox 485 1141 920 1212">
     <span class='ocr_line' id='line_1_12' title="bbox 485 1141 920 1212; baseline 0.014 -20"><span class='ocrx_word' id='word_1_54' title='bbox 485 1157 505 1192; x_wconf 80' lang='grc' dir='ltr'><strong>ι</strong></span> <span class='ocrx_word' id='word_1_55' title='bbox 539 1141 646 1212; x_wconf 82' lang='grc' dir='ltr'><strong>1ρεί</strong></span> <span class='ocrx_word' id='word_1_56' title='bbox 675 1142 868 1200; x_wconf 82' lang='lat' dir='ltr'><strong>David.</strong></span> <span class='ocrx_word' id='word_1_57' title='bbox 901 1164 920 1198; x_wconf 76' lang='grc' dir='ltr'><strong>ι</strong></span> 
     </span>
    </p>
   </div>
   <div class='ocr_carea' id='block_1_13' title="bbox 483 1232 1996 1316">
    <p class='ocr_par' dir='ltr' id='par_1_13' title="bbox 483 1232 1996 1316">
     <span class='ocr_line' id='line_1_13' title="bbox 483 1232 1996 1316; baseline 0.01 -30"><span class='ocrx_word' id='word_1_58' title='bbox 483 1232 674 1303; x_wconf 82' lang='lat' dir='ltr'><strong>Neque</strong></span> <span class='ocrx_word' id='word_1_59' title='bbox 704 1236 994 1305; x_wconf 82' lang='lat' dir='ltr'><strong>psalmum,</strong></span> <span class='ocrx_word' id='word_1_60' title='bbox 1027 1255 1204 1309; x_wconf 87' lang='lat' dir='ltr'><strong>neque</strong></span> <span class='ocrx_word' id='word_1_61' title='bbox 1233 1241 1528 1308; x_wconf 83' lang='lat' dir='ltr'><strong>canticum,</strong></span> <span class='ocrx_word' id='word_1_62' title='bbox 1558 1259 1736 1314; x_wconf 89' lang='lat' dir='ltr'><strong>neque</strong></span> <span class='ocrx_word' id='word_1_63' title='bbox 1768 1247 1898 1316; x_wconf 88' lang='lat' dir='ltr'><strong>quid</strong></span> <span class='ocrx_word' id='word_1_64' title='bbox 1929 1249 1996 1302; x_wconf 76' lang='lat' dir='ltr'><strong>si-</strong></span> 
     </span>
    </p>
   </div>
   <div class='ocr_carea' id='block_1_14' title="bbox 411 1321 1994 1402">
    <p class='ocr_par' dir='ltr' id='par_1_14' title="bbox 411 1321 1994 1402">
     <span class='ocr_line' id='line_1_14' title="bbox 411 1321 1994 1402; baseline 0.011 -28"><span class='ocrx_word' id='word_1_65' title='bbox 411 1321 541 1376; x_wconf 88' lang='lat' dir='ltr'><strong>mile</strong></span> <span class='ocrx_word' id='word_1_66' title='bbox 570 1327 824 1393; x_wconf 59' lang='lat' dir='ltr'><strong>praesenti</strong></span> <span class='ocrx_word' id='word_1_67' title='bbox 857 1327 1116 1382; x_wconf 84' lang='lat' dir='ltr'><strong>vaticinio</strong></span> <span class='ocrx_word' id='word_1_68' title='bbox 1144 1331 1392 1400; x_wconf 65' lang='lat' dir='ltr'><strong>prmﬁxit,</strong></span> <span class='ocrx_word' id='word_1_69' title='bbox 1423 1333 1546 1402; x_wconf 83' lang='lat' dir='ltr'><strong>quia</strong></span> <span class='ocrx_word' id='word_1_70' title='bbox 1577 1336 1832 1390; x_wconf 87' lang='lat' dir='ltr'><strong>nimirum</strong></span> <span class='ocrx_word' id='word_1_71' title='bbox 1863 1337 1994 1392; x_wconf 87' lang='lat' dir='ltr'><strong>satis</strong></span> 
     </span>
    </p>
   </div>
   <div class='ocr_carea' id='block_1_15' title="bbox 411 1414 1994 1491">
    <p class='ocr_par' dir='ltr' id='par_1_15' title="bbox 411 1414 1994 1491">
     <span class='ocr_line' id='line_1_15' title="bbox 411 1414 1994 1491; baseline 0.01 -24"><span class='ocrx_word' id='word_1_72' title='bbox 411 1427 534 1468; x_wconf 89' lang='lat' dir='ltr'><strong>esse</strong></span> <span class='ocrx_word' id='word_1_73' title='bbox 571 1414 920 1484; x_wconf 77' lang='lat' dir='ltr'><strong>existimavit,</strong></span> <span class='ocrx_word' id='word_1_74' title='bbox 955 1421 1099 1488; x_wconf 82' lang='lat' dir='ltr'><strong>quod</strong></span> <span class='ocrx_word' id='word_1_75' title='bbox 1149 1424 1476 1491; x_wconf 63' lang='lat' dir='ltr'><strong>prooemium</strong></span> <span class='ocrx_word' id='word_1_76' title='bbox 1528 1427 1862 1482; x_wconf 86' lang='lat' dir='ltr'><strong>mentionem</strong></span> <span class='ocrx_word' id='word_1_77' title='bbox 1912 1427 1994 1482; x_wconf 82' lang='lat' dir='ltr'><strong>fa-</strong></span> 
     </span>
    </p>
   </div>
   <div class='ocr_carea' id='block_1_16' title="bbox 411 1505 1992 1584">
    <p class='ocr_par' dir='ltr' id='par_1_16' title="bbox 411 1505 1992 1584">
     <span class='ocr_line' id='line_1_16' title="bbox 411 1505 1992 1584; baseline 0.012 -27"><span class='ocrx_word' id='word_1_78' title='bbox 411 1505 520 1559; x_wconf 89' lang='lat' dir='ltr'><strong>ciat</strong></span> <span class='ocrx_word' id='word_1_79' title='bbox 560 1506 956 1564; x_wconf 84' lang='lat' dir='ltr'><strong>benedictionis</strong></span> <span class='ocrx_word' id='word_1_80' title='bbox 1004 1529 1018 1564; x_wconf 91' lang='lat'>:</span> <span class='ocrx_word' id='word_1_81' title='bbox 1061 1522 1394 1584; x_wconf 84' lang='lat' dir='ltr'><strong>quapropter</strong></span> <span class='ocrx_word' id='word_1_82' title='bbox 1437 1516 1600 1570; x_wconf 88' lang='lat' dir='ltr'><strong>etiam</strong></span> <span class='ocrx_word' id='word_1_83' title='bbox 1653 1520 1992 1576; x_wconf 84' lang='lat' dir='ltr'><strong>tricesimum</strong></span> 
     </span>
    </p>
   </div>
   <div class='ocr_carea' id='block_1_17' title="bbox 331 1597 1993 1681">
    <p class='ocr_par' dir='ltr' id='par_1_17' title="bbox 331 1597 1993 1681">
     <span class='ocr_line' id='line_1_17' title="bbox 331 1597 1993 1681; baseline 0.012 -33"><span class='ocrx_word' id='word_1_84' title='bbox 331 1621 346 1634; x_wconf 70' lang='grc' dir='ltr'><strong>ο</strong></span> <span class='ocrx_word' id='word_1_85' title='bbox 414 1597 630 1652; x_wconf 88' lang='lat' dir='ltr'><strong>tertium</strong></span> <span class='ocrx_word' id='word_1_86' title='bbox 677 1601 940 1668; x_wconf 82' lang='lat' dir='ltr'><strong>psalmum</strong></span> <span class='ocrx_word' id='word_1_87' title='bbox 1001 1618 1174 1674; x_wconf 82' lang='lat' dir='ltr'><strong>neque</strong></span> <span class='ocrx_word' id='word_1_88' title='bbox 1228 1607 1499 1662; x_wconf 88' lang='lat' dir='ltr'><strong>canticum</strong></span> <span class='ocrx_word' id='word_1_89' title='bbox 1549 1626 1726 1681; x_wconf 87' lang='lat' dir='ltr'><strong>neque</strong></span> <span class='ocrx_word' id='word_1_90' title='bbox 1777 1611 1993 1668; x_wconf 88' lang='lat' dir='ltr'><strong>laudem</strong></span> 
     </span>
    </p>
   </div>
   <div class='ocr_carea' id='block_1_18' title="bbox 409 1687 1990 1760">
    <p class='ocr_par' dir='ltr' id='par_1_18' title="bbox 409 1687 1990 1760">
     <span class='ocr_line' id='line_1_18' title="bbox 409 1687 1990 1760; baseline 0.013 -19"><span class='ocrx_word' id='word_1_91' title='bbox 409 1687 706 1758; x_wconf 86' lang='lat' dir='ltr'><strong>inscripsit,</strong></span> <span class='ocrx_word' id='word_1_92' title='bbox 741 1707 864 1746; x_wconf 91' lang='lat' dir='ltr'><strong>cum</strong></span> <span class='ocrx_word' id='word_1_93' title='bbox 901 1693 1051 1750; x_wconf 90' lang='lat' dir='ltr'><strong>illum</strong></span> <span class='ocrx_word' id='word_1_94' title='bbox 1081 1697 1244 1751; x_wconf 87' lang='lat' dir='ltr'><strong>etiam</strong></span> <span class='ocrx_word' id='word_1_95' title='bbox 1271 1714 1300 1751; x_wconf 88' lang='lat' dir='ltr'><strong>a</strong></span> <span class='ocrx_word' id='word_1_96' title='bbox 1336 1699 1718 1758; x_wconf 81' lang='lat' dir='ltr'><strong>benedictione</strong></span> <span class='ocrx_word' id='word_1_97' title='bbox 1749 1705 1990 1760; x_wconf 87' lang='lat' dir='ltr'><strong>inchoet.</strong></span> 
     </span>
    </p>
   </div>
   <div class='ocr_carea' id='block_1_19' title="bbox 408 1871 580 1927">
    <p class='ocr_par' dir='ltr' id='par_1_19' title="bbox 408 1871 580 1927">
     <span class='ocr_line' id='line_1_19' title="bbox 408 1871 580 1927; baseline -0.012 -1"><span class='ocrx_word' id='word_1_98' title='bbox 408 1871 533 1927; x_wconf 88' lang='lat' dir='ltr'><strong>bus.</strong></span> <span class='ocrx_word' id='word_1_99' title='bbox 563 1891 580 1924; x_wconf 72' lang='grc' dir='ltr'><strong>ι</strong></span> 
     </span>
    </p>
   </div>
   <div class='ocr_carea' id='block_1_20' title="bbox 481 1965 1994 2051">
    <p class='ocr_par' dir='ltr' id='par_1_20' title="bbox 481 1965 1994 2051">
     <span class='ocr_line' id='line_1_20' title="bbox 481 1965 1994 2051; baseline 0.012 -33"><span class='ocrx_word' id='word_1_100' title='bbox 481 1965 614 2020; x_wconf 88' lang='lat' dir='ltr'><strong>Tam</strong></span> <span class='ocrx_word' id='word_1_101' title='bbox 642 1982 671 2020; x_wconf 90' lang='lat' dir='ltr'><strong>a</strong></span> <span class='ocrx_word' id='word_1_102' title='bbox 700 1970 954 2037; x_wconf 63' lang='lat' dir='ltr'><strong>praesenti</strong></span> <span class='ocrx_word' id='word_1_103' title='bbox 983 1988 1143 2041; x_wconf 87' lang='lat' dir='ltr'><strong>quam</strong></span> <span class='ocrx_word' id='word_1_104' title='bbox 1171 1990 1202 2029; x_wconf 87' lang='lat' dir='ltr'><strong>a</strong></span> <span class='ocrx_word' id='word_1_105' title='bbox 1231 1974 1412 2030; x_wconf 82' lang='lat' dir='ltr'><strong>futura</strong></span> <span class='ocrx_word' id='word_1_106' title='bbox 1445 1977 1640 2033; x_wconf 85' lang='lat' dir='ltr'><strong>liberat</strong></span> <span class='ocrx_word' id='word_1_107' title='bbox 1688 1980 1994 2051; x_wconf 83' lang='lat' dir='ltr'><strong>corruptio—</strong></span> 
     </span>
    </p>
   </div>
   <div class='ocr_carea' id='block_1_21' title="bbox 407 2059 1994 2142">
    <p class='ocr_par' dir='ltr' id='par_1_21' title="bbox 407 2059 1994 2142">
     <span class='ocr_line' id='line_1_21' title="bbox 407 2059 1994 2142; baseline 0.012 -32"><span class='ocrx_word' id='word_1_108' title='bbox 407 2072 479 2110; x_wconf 89' lang='lat' dir='ltr'><strong>ne</strong></span> <span class='ocrx_word' id='word_1_109' title='bbox 509 2075 522 2110; x_wconf 91' lang='lat'><strong>:</strong></span> <span class='ocrx_word' id='word_1_110' title='bbox 558 2059 718 2112; x_wconf 87' lang='lat' dir='ltr'><strong>modo</strong></span> <span class='ocrx_word' id='word_1_111' title='bbox 759 2061 907 2114; x_wconf 88' lang='lat' dir='ltr'><strong>enim</strong></span> <span class='ocrx_word' id='word_1_112' title='bbox 943 2062 1107 2118; x_wconf 79' lang='lat' dir='ltr'><strong>instat</strong></span> <span class='ocrx_word' id='word_1_113' title='bbox 1137 2069 1414 2136; x_wconf 88' lang='lat' dir='ltr'><strong>corruptio</strong></span> <span class='ocrx_word' id='word_1_114' title='bbox 1449 2069 1817 2139; x_wconf 71' lang='lat' dir='ltr'><strong>voluptatum,</strong></span> <span class='ocrx_word' id='word_1_115' title='bbox 1852 2083 1994 2142; x_wconf 88' lang='lat' dir='ltr'><strong>post-</strong></span> 
     </span>
    </p>
   </div>
   <div class='ocr_carea' id='block_1_22' title="bbox 409 2149 1996 2234">
    <p class='ocr_par' dir='ltr' id='par_1_22' title="bbox 409 2149 1996 2234">
     <span class='ocr_line' id='line_1_22' title="bbox 409 2149 1996 2234; baseline 0.01 -32"><span class='ocrx_word' id='word_1_116' title='bbox 409 2149 633 2203; x_wconf 83' lang='lat' dir='ltr'><strong>modum</strong></span> <span class='ocrx_word' id='word_1_117' title='bbox 667 2166 794 2204; x_wconf 75' lang='lat' dir='ltr'><strong>vero</strong></span> <span class='ocrx_word' id='word_1_118' title='bbox 825 2153 1063 2222; x_wconf 81' lang='lat' dir='ltr'><strong>reposita</strong></span> <span class='ocrx_word' id='word_1_119' title='bbox 1109 2164 1193 2210; x_wconf 87' lang='lat' dir='ltr'><strong>est</strong></span> <span class='ocrx_word' id='word_1_120' title='bbox 1243 2157 1332 2212; x_wconf 92' lang='lat' dir='ltr'><strong>illa</strong></span> <span class='ocrx_word' id='word_1_121' title='bbox 1380 2159 1796 2230; x_wconf 87' lang='lat' dir='ltr'><strong>suppliciorum,</strong></span> <span class='ocrx_word' id='word_1_122' title='bbox 1823 2179 1854 2218; x_wconf 91' lang='lat' dir='ltr'><strong>e</strong></span> <span class='ocrx_word' id='word_1_123' title='bbox 1880 2164 1996 2234; x_wconf 88' lang='lat' dir='ltr'><strong>qui-</strong></span> 
     </span>
    </p>
   </div>
   <div class='ocr_carea' id='block_1_23' title="bbox 407 2239 1369 2302">
    <p class='ocr_par' dir='ltr' id='par_1_23' title="bbox 407 2239 1369 2302">
     <span class='ocr_line' id='line_1_23' title="bbox 407 2239 1369 2302; baseline 0.007 -7"><span class='ocrx_word' id='word_1_124' title='bbox 407 2239 512 2295; x_wconf 84' lang='lat' dir='ltr'><strong>bus</strong></span> <span class='ocrx_word' id='word_1_125' title='bbox 540 2240 606 2294; x_wconf 88' lang='lat' dir='ltr'><strong>ad</strong></span> <span class='ocrx_word' id='word_1_126' title='bbox 644 2256 703 2296; x_wconf 86' lang='lat' dir='ltr'><strong>se</strong></span> <span class='ocrx_word' id='word_1_127' title='bbox 740 2244 1066 2300; x_wconf 87' lang='lat' dir='ltr'><strong>accedentes</strong></span> <span class='ocrx_word' id='word_1_128' title='bbox 1098 2245 1369 2302; x_wconf 87' lang='lat' dir='ltr'><strong>liberabit.</strong></span> 
     </span>
    </p>
   </div>
   <div class='ocr_carea' id='block_1_24' title="bbox 488 2331 1811 2402">
    <p class='ocr_par' dir='ltr' id='par_1_24' title="bbox 488 2331 1811 2402">
     <span class='ocr_line' id='line_1_24' title="bbox 488 2331 1811 2402; baseline 0.01 -18"><span class='ocrx_word' id='word_1_129' title='bbox 488 2331 648 2389; x_wconf 77' lang='lat' dir='ltr'><strong>Vsus.</strong></span> <span class='ocrx_word' id='word_1_130' title='bbox 673 2335 726 2390; x_wconf 68' lang='grc'>4.</span> <span class='ocrx_word' id='word_1_131' title='bbox 775 2354 792 2386; x_wconf 83' lang='grc' dir='ltr'><strong>ι</strong></span> <span class='ocrx_word' id='word_1_132' title='bbox 822 2335 924 2402; x_wconf 88' lang='lat' dir='ltr'><strong>Qui</strong></span> <span class='ocrx_word' id='word_1_133' title='bbox 955 2347 1182 2394; x_wconf 84' lang='lat' dir='ltr'><strong>coronat</strong></span> <span class='ocrx_word' id='word_1_134' title='bbox 1203 2351 1254 2394; x_wconf 90' lang='lat' dir='ltr'><strong>te</strong></span> <span class='ocrx_word' id='word_1_135' title='bbox 1283 2340 1338 2394; x_wconf 89' lang='lat' dir='ltr'><strong>in</strong></span> <span class='ocrx_word' id='word_1_136' title='bbox 1367 2341 1760 2400; x_wconf 87' lang='lat' dir='ltr'><strong>misericordia.</strong></span> <span class='ocrx_word' id='word_1_137' title='bbox 1790 2363 1811 2397; x_wconf 74' lang='grc' dir='ltr'><strong>ι</strong></span> 
     </span>
    </p>
   </div>
   <div class='ocr_carea' id='block_1_25' title="bbox 479 2422 1994 2506">
    <p class='ocr_par' dir='ltr' id='par_1_25' title="bbox 479 2422 1994 2506">
     <span class='ocr_line' id='line_1_25' title="bbox 479 2422 1994 2506; baseline 0.012 -28"><span class='ocrx_word' id='word_1_138' title='bbox 479 2422 534 2479; x_wconf 89' lang='lat' dir='ltr'><strong>Si</strong></span> <span class='ocrx_word' id='word_1_139' title='bbox 570 2426 713 2480; x_wconf 89' lang='lat' dir='ltr'><strong>enim</strong></span> <span class='ocrx_word' id='word_1_140' title='bbox 757 2428 1014 2484; x_wconf 90' lang='lat' dir='ltr'><strong>misertus</strong></span> <span class='ocrx_word' id='word_1_141' title='bbox 1054 2430 1224 2486; x_wconf 79' lang='lat' dir='ltr'><strong>fueris</strong></span> <span class='ocrx_word' id='word_1_142' title='bbox 1253 2433 1480 2502; x_wconf 80' lang='lat' dir='ltr'><strong>proximi</strong></span> <span class='ocrx_word' id='word_1_143' title='bbox 1525 2436 1624 2502; x_wconf 90' lang='lat' dir='ltr'><strong>tui,</strong></span> <span class='ocrx_word' id='word_1_144' title='bbox 1653 2454 1752 2506; x_wconf 86' lang='lat' dir='ltr'><strong>pro</strong></span> <span class='ocrx_word' id='word_1_145' title='bbox 1792 2453 1994 2496; x_wconf 84' lang='lat' dir='ltr'><strong>corona</strong></span> 
     </span>
    </p>
   </div>
   <div class='ocr_carea' id='block_1_26' title="bbox 408 2519 1994 2598">
    <p class='ocr_par' dir='ltr' id='par_1_26' title="bbox 408 2519 1994 2598">
     <span class='ocr_line' id='line_1_26' title="bbox 408 2519 1994 2598; baseline 0.011 -26"><span class='ocrx_word' id='word_1_146' title='bbox 408 2519 503 2573; x_wconf 88' lang='lat' dir='ltr'><strong>tibi</strong></span> <span class='ocrx_word' id='word_1_147' title='bbox 533 2535 758 2590; x_wconf 72' lang='lat' dir='ltr'><strong>regnum</strong></span> <span class='ocrx_word' id='word_1_148' title='bbox 789 2523 1050 2578; x_wconf 67' lang='lat' dir='ltr'><strong>caelorum</strong></span> <span class='ocrx_word' id='word_1_149' title='bbox 1071 2525 1328 2598; x_wconf 80' lang='lat' dir='ltr'><strong>largietur</strong></span> <span class='ocrx_word' id='word_1_150' title='bbox 1357 2528 1548 2586; x_wconf 80' lang='lat' dir='ltr'><strong>dicens</strong></span> <span class='ocrx_word' id='word_1_151' title='bbox 1578 2548 1590 2584; x_wconf 90' lang='lat'>:</span> <span class='ocrx_word' id='word_1_152' title='bbox 1621 2530 1816 2598; x_wconf 82' lang='lat' dir='ltr'><strong>Venite,</strong></span> <span class='ocrx_word' id='word_1_153' title='bbox 1840 2533 1994 2589; x_wconf 81' lang='lat' dir='ltr'><strong>bene-</strong></span> 
     </span>
    </p>
   </div>
   <div class='ocr_carea' id='block_1_27' title="bbox 406 2609 1994 2696">
    <p class='ocr_par' dir='ltr' id='par_1_27' title="bbox 406 2609 1994 2696">
     <span class='ocr_line' id='line_1_27' title="bbox 406 2609 1994 2696; baseline 0.011 -33"><span class='ocrx_word' id='word_1_154' title='bbox 406 2610 534 2664; x_wconf 89' lang='lat' dir='ltr'><strong>dicti</strong></span> <span class='ocrx_word' id='word_1_155' title='bbox 562 2609 740 2666; x_wconf 85' lang='lat' dir='ltr'><strong>Patris</strong></span> <span class='ocrx_word' id='word_1_156' title='bbox 782 2615 900 2679; x_wconf 81' lang='lat' dir='ltr'><strong>mei,</strong></span> <span class='ocrx_word' id='word_1_157' title='bbox 937 2618 1194 2684; x_wconf 75' lang='lat' dir='ltr'><strong>possidete</strong></span> <span class='ocrx_word' id='word_1_158' title='bbox 1230 2631 1479 2689; x_wconf 84' lang='lat' dir='ltr'><strong>paratum</strong></span> <span class='ocrx_word' id='word_1_159' title='bbox 1523 2623 1663 2677; x_wconf 85' lang='lat' dir='ltr'><strong>vobis</strong></span> <span class='ocrx_word' id='word_1_160' title='bbox 1706 2641 1924 2696; x_wconf 81' lang='lat' dir='ltr'><strong>regnum</strong></span> <span class='ocrx_word' id='word_1_161' title='bbox 1959 2644 1994 2681; x_wconf 82' lang='grc' dir='ltr'><strong>α</strong></span> 
     </span>
    </p>
   </div>
   <div class='ocr_carea' id='block_1_28' title="bbox 407 2701 1996 2776">
    <p class='ocr_par' dir='ltr' id='par_1_28' title="bbox 407 2701 1996 2776">
     <span class='ocr_line' id='line_1_28' title="bbox 407 2701 1996 2776; baseline 0.013 -24"><span class='ocrx_word' id='word_1_162' title='bbox 407 2701 776 2756; x_wconf 75' lang='lat' dir='ltr'><strong>constitutione</strong></span> <span class='ocrx_word' id='word_1_163' title='bbox 825 2707 1026 2761; x_wconf 84' lang='lat' dir='ltr'><strong>mundi.</strong></span> <span class='ocrx_word' id='word_1_164' title='bbox 1061 2707 1271 2764; x_wconf 83' lang='lat' dir='ltr'><strong>Esurivi</strong></span> <span class='ocrx_word' id='word_1_165' title='bbox 1309 2713 1468 2776; x_wconf 87' lang='lat' dir='ltr'><strong>enim,</strong></span> <span class='ocrx_word' id='word_1_166' title='bbox 1503 2721 1553 2767; x_wconf 87' lang='lat' dir='ltr'><strong>et</strong></span> <span class='ocrx_word' id='word_1_167' title='bbox 1598 2715 1816 2772; x_wconf 75' lang='lat' dir='ltr'><strong>dedistis</strong></span> <span class='ocrx_word' id='word_1_168' title='bbox 1865 2717 1996 2772; x_wconf 79' lang='lat' dir='ltr'><strong>milii</strong></span> 
     </span>
    </p>
   </div>
   <div class='ocr_carea' id='block_1_29' title="bbox 410 2793 1995 2878">
    <p class='ocr_par' dir='ltr' id='par_1_29' title="bbox 410 2793 1995 2878">
     <span class='ocr_line' id='line_1_29' title="bbox 410 2793 1995 2878; baseline 0.013 -34"><span class='ocrx_word' id='word_1_169' title='bbox 410 2793 762 2858; x_wconf 83' lang='lat' dir='ltr'><strong>manducare;</strong></span> <span class='ocrx_word' id='word_1_170' title='bbox 794 2795 936 2850; x_wconf 82' lang='lat' dir='ltr'><strong>sitivi</strong></span> <span class='ocrx_word' id='word_1_171' title='bbox 955 2839 970 2864; x_wconf 90' lang='lat'><strong>,</strong></span> <span class='ocrx_word' id='word_1_172' title='bbox 999 2807 1048 2851; x_wconf 86' lang='lat' dir='ltr'><strong>et</strong></span> <span class='ocrx_word' id='word_1_173' title='bbox 1079 2799 1294 2856; x_wconf 76' lang='lat' dir='ltr'><strong>dedistis</strong></span> <span class='ocrx_word' id='word_1_174' title='bbox 1322 2803 1448 2856; x_wconf 74' lang='lat' dir='ltr'><strong>milii</strong></span> <span class='ocrx_word' id='word_1_175' title='bbox 1477 2802 1650 2860; x_wconf 82' lang='lat' dir='ltr'><strong>bibere</strong></span> <span class='ocrx_word' id='word_1_176' title='bbox 1666 2803 1736 2868; x_wconf 74' lang='lat'><strong>“.</strong></span> <span class='ocrx_word' id='word_1_177' title='bbox 1781 2817 1834 2863; x_wconf 85' lang='lat' dir='ltr'><strong>et</strong></span> <span class='ocrx_word' id='word_1_178' title='bbox 1873 2823 1995 2878; x_wconf 76' lang='lat' dir='ltr'><strong>qua:</strong></span> 
     </span>
    </p>
   </div>
   <div class='ocr_carea' id='block_1_30' title="bbox 411 2887 1996 2953">
    <p class='ocr_par' dir='ltr' id='par_1_30' title="bbox 411 2887 1996 2953">
     <span class='ocr_line' id='line_1_30' title="bbox 411 2887 1996 2953; baseline 0.01 -16"><span class='ocrx_word' id='word_1_179' title='bbox 411 2894 733 2953; x_wconf 90' lang='lat' dir='ltr'><strong>sequuntur.</strong></span> <span class='ocrx_word' id='word_1_180' title='bbox 765 2887 877 2944; x_wconf 83' lang='lat' dir='ltr'><strong>[Ioc</strong></span> <span class='ocrx_word' id='word_1_181' title='bbox 903 2898 1084 2944; x_wconf 88' lang='lat' dir='ltr'><strong>autem</strong></span> <span class='ocrx_word' id='word_1_182' title='bbox 1106 2891 1238 2947; x_wconf 83' lang='lat' dir='ltr'><strong>dicit</strong></span> <span class='ocrx_word' id='word_1_183' title='bbox 1264 2894 1576 2950; x_wconf 89' lang='lat' dir='ltr'><strong>miserendo</strong></span> <span class='ocrx_word' id='word_1_184' title='bbox 1602 2915 1615 2949; x_wconf 91' lang='lat'><strong>:</strong></span> <span class='ocrx_word' id='word_1_185' title='bbox 1649 2896 1804 2952; x_wconf 88' lang='lat' dir='ltr'><strong>Beati</strong></span> <span class='ocrx_word' id='word_1_186' title='bbox 1839 2900 1996 2953; x_wconf 85' lang='lat' dir='ltr'><strong>mise-</strong></span> 
     </span>
    </p>
   </div>
   <div class='ocr_carea' id='block_1_31' title="bbox 409 2976 1992 3062">
    <p class='ocr_par' dir='ltr' id='par_1_31' title="bbox 409 2976 1992 3062">
     <span class='ocr_line' id='line_1_31' title="bbox 409 2976 1992 3062; baseline 0.011 -31"><span class='ocrx_word' id='word_1_187' title='bbox 409 2976 656 3042; x_wconf 81' lang='lat' dir='ltr'><strong>ricordes,</strong></span> <span class='ocrx_word' id='word_1_188' title='bbox 685 2980 936 3050; x_wconf 83' lang='lat' dir='ltr'><strong>quoniam</strong></span> <span class='ocrx_word' id='word_1_189' title='bbox 965 2981 1066 3050; x_wconf 82' lang='lat' dir='ltr'><strong>ipsi</strong></span> <span class='ocrx_word' id='word_1_190' title='bbox 1091 2984 1508 3042; x_wconf 79' lang='lat' dir='ltr'><strong>misericordiam</strong></span> <span class='ocrx_word' id='word_1_191' title='bbox 1527 2995 1992 3062; x_wconf 79' lang='lat' dir='ltr'><strong>consequentur&quot;.</strong></span> 
     </span>
    </p>
   </div>
   <div class='ocr_carea' id='block_1_32' title="bbox 486 3154 1480 3232">
    <p class='ocr_par' dir='ltr' id='par_1_32' title="bbox 486 3154 1480 3232">
     <span class='ocr_line' id='line_1_32' title="bbox 486 3154 1480 3232; baseline 0.011 -25"><span class='ocrx_word' id='word_1_192' title='bbox 486 3154 646 3212; x_wconf 70' lang='lat' dir='ltr'><strong>Vens.</strong></span> <span class='ocrx_word' id='word_1_193' title='bbox 669 3159 723 3216; x_wconf 81' lang='lat'><strong>5.</strong></span> <span class='ocrx_word' id='word_1_194' title='bbox 773 3179 792 3212; x_wconf 78' lang='grc' dir='ltr'><strong>ι</strong></span> <span class='ocrx_word' id='word_1_195' title='bbox 823 3159 924 3226; x_wconf 87' lang='lat' dir='ltr'><strong>Qui</strong></span> <span class='ocrx_word' id='word_1_196' title='bbox 955 3163 1130 3232; x_wconf 85' lang='lat' dir='ltr'><strong>replet</strong></span> <span class='ocrx_word' id='word_1_197' title='bbox 1160 3161 1215 3220; x_wconf 89' lang='lat' dir='ltr'><strong>in</strong></span> <span class='ocrx_word' id='word_1_198' title='bbox 1253 3166 1430 3222; x_wconf 85' lang='lat' dir='ltr'><strong>bonis.</strong></span> <span class='ocrx_word' id='word_1_199' title='bbox 1461 3185 1480 3218; x_wconf 72' lang='grc' dir='ltr'><strong>ι</strong></span> 
     </span>
    </p>
   </div>
   <div class='ocr_carea' id='block_1_33' title="bbox 484 3248 1996 3322">
    <p class='ocr_par' dir='ltr' id='par_1_33' title="bbox 484 3248 1996 3322">
     <span class='ocr_line' id='line_1_33' title="bbox 484 3248 1996 3322; baseline 0.013 -20"><span class='ocrx_word' id='word_1_200' title='bbox 484 3248 552 3302; x_wconf 88' lang='lat' dir='ltr'><strong>Et</strong></span> <span class='ocrx_word' id='word_1_201' title='bbox 577 3251 721 3318; x_wconf 91' lang='lat' dir='ltr'><strong>quod</strong></span> <span class='ocrx_word' id='word_1_202' title='bbox 745 3261 831 3307; x_wconf 86' lang='lat' dir='ltr'><strong>est</strong></span> <span class='ocrx_word' id='word_1_203' title='bbox 851 3253 1180 3310; x_wconf 83' lang='lat' dir='ltr'><strong>desiderium</strong></span> <span class='ocrx_word' id='word_1_204' title='bbox 1207 3263 1491 3316; x_wconf 77' lang='lat' dir='ltr'><strong>nostrum?</strong></span> <span class='ocrx_word' id='word_1_205' title='bbox 1519 3271 1578 3316; x_wconf 89' lang='lat' dir='ltr'><strong>ut</strong></span> <span class='ocrx_word' id='word_1_206' title='bbox 1596 3278 1856 3320; x_wconf 77' lang='lat' dir='ltr'><strong>vocemur</strong></span> <span class='ocrx_word' id='word_1_207' title='bbox 1877 3265 1953 3321; x_wconf 88' lang='lat' dir='ltr'><strong>dii</strong></span> <span class='ocrx_word' id='word_1_208' title='bbox 1981 3284 1996 3322; x_wconf 86' lang='lat'><strong>:</strong></span> 
     </span>
    </p>
   </div>
   <div class='ocr_carea' id='block_1_34' title="bbox 412 3342 2003 3428">
    <p class='ocr_par' dir='ltr' id='par_1_34' title="bbox 412 3342 2003 3428">
     <span class='ocr_line' id='line_1_34' title="bbox 412 3342 2003 3428; baseline 0.012 -35"><span class='ocrx_word' id='word_1_209' title='bbox 412 3354 538 3394; x_wconf 89' lang='lat' dir='ltr'><strong>cum</strong></span> <span class='ocrx_word' id='word_1_210' title='bbox 561 3342 706 3395; x_wconf 92' lang='lat' dir='ltr'><strong>enim</strong></span> <span class='ocrx_word' id='word_1_211' title='bbox 736 3343 905 3398; x_wconf 78' lang='lat' dir='ltr'><strong>Adam</strong></span> <span class='ocrx_word' id='word_1_212' title='bbox 928 3345 1032 3401; x_wconf 93' lang='lat' dir='ltr'><strong>hoc</strong></span> <span class='ocrx_word' id='word_1_213' title='bbox 1056 3347 1416 3418; x_wconf 86' lang='lat' dir='ltr'><strong>desideraret,</strong></span> <span class='ocrx_word' id='word_1_214' title='bbox 1443 3351 1670 3408; x_wconf 82' lang='lat' dir='ltr'><strong>vetitum</strong></span> <span class='ocrx_word' id='word_1_215' title='bbox 1701 3354 1883 3413; x_wconf 83' lang='lat' dir='ltr'><strong>cibum</strong></span> <span class='ocrx_word' id='word_1_216' title='bbox 1905 3373 2003 3428; x_wconf 76' lang='lat' dir='ltr'><strong>gu-</strong></span> 
     </span>
    </p>
   </div>
   <div class='ocr_carea' id='block_1_35' title="bbox 415 3431 2004 3508">
    <p class='ocr_par' dir='ltr' id='par_1_35' title="bbox 415 3431 2004 3508">
     <span class='ocr_line' id='line_1_35' title="bbox 415 3431 2004 3508; baseline 0.013 -23"><span class='ocrx_word' id='word_1_217' title='bbox 415 3431 600 3486; x_wconf 82' lang='lat' dir='ltr'><strong>stavit.</strong></span> <span class='ocrx_word' id='word_1_218' title='bbox 625 3432 737 3490; x_wconf 89' lang='lat' dir='ltr'><strong>Hoc</strong></span> <span class='ocrx_word' id='word_1_219' title='bbox 768 3435 933 3508; x_wconf 80' lang='lat' dir='ltr'><strong>igitur</strong></span> <span class='ocrx_word' id='word_1_220' title='bbox 963 3438 1298 3497; x_wconf 88' lang='lat' dir='ltr'><strong>desiderium</strong></span> <span class='ocrx_word' id='word_1_221' title='bbox 1335 3451 1587 3500; x_wconf 90' lang='lat' dir='ltr'><strong>nostrum</strong></span> <span class='ocrx_word' id='word_1_222' title='bbox 1608 3447 1874 3504; x_wconf 88' lang='lat' dir='ltr'><strong>Dominus</strong></span> <span class='ocrx_word' id='word_1_223' title='bbox 1909 3453 2004 3504; x_wconf 84' lang='lat' dir='ltr'><strong>im-</strong></span> 
     </span>
    </p>
   </div>
   <div class='ocr_carea' id='block_1_36' title="bbox 414 3523 2001 3610">
    <p class='ocr_par' dir='ltr' id='par_1_36' title="bbox 414 3523 2001 3610">
     <span class='ocr_line' id='line_1_36' title="bbox 414 3523 2001 3610; baseline 0.014 -36"><span class='ocrx_word' id='word_1_224' title='bbox 414 3523 583 3592; x_wconf 83' lang='lat' dir='ltr'><strong>plevit</strong></span> <span class='ocrx_word' id='word_1_225' title='bbox 615 3525 795 3591; x_wconf 88' lang='lat' dir='ltr'><strong>bonis,</strong></span> <span class='ocrx_word' id='word_1_226' title='bbox 819 3529 920 3584; x_wconf 89' lang='lat' dir='ltr'><strong>sibi</strong></span> <span class='ocrx_word' id='word_1_227' title='bbox 946 3547 1046 3585; x_wconf 90' lang='lat' dir='ltr'><strong>nos</strong></span> <span class='ocrx_word' id='word_1_228' title='bbox 1067 3531 1379 3591; x_wconf 82' lang='lat' dir='ltr'><strong>eonformcs</strong></span> <span class='ocrx_word' id='word_1_229' title='bbox 1403 3537 1639 3594; x_wconf 87' lang='lat' dir='ltr'><strong>reddens</strong></span> <span class='ocrx_word' id='word_1_230' title='bbox 1669 3555 1767 3610; x_wconf 87' lang='lat' dir='ltr'><strong>per</strong></span> <span class='ocrx_word' id='word_1_231' title='bbox 1797 3542 2001 3596; x_wconf 91' lang='lat' dir='ltr'><strong>donum</strong></span> 
     </span>
    </p>
   </div>
   <div class='ocr_carea' id='block_1_37' title="bbox 414 3614 2006 3704">
    <p class='ocr_par' dir='ltr' id='par_1_37' title="bbox 414 3614 2006 3704">
     <span class='ocr_line' id='line_1_37' title="bbox 414 3614 2006 3704; baseline 0.014 -37"><span class='ocrx_word' id='word_1_232' title='bbox 414 3614 776 3684; x_wconf 80' lang='lat' dir='ltr'><strong>baptismatis,</strong></span> <span class='ocrx_word' id='word_1_233' title='bbox 805 3621 878 3674; x_wconf 90' lang='lat' dir='ltr'><strong>ita</strong></span> <span class='ocrx_word' id='word_1_234' title='bbox 911 3629 972 3676; x_wconf 87' lang='lat' dir='ltr'><strong>ut</strong></span> <span class='ocrx_word' id='word_1_235' title='bbox 1002 3624 1166 3678; x_wconf 88' lang='lat' dir='ltr'><strong>etiam</strong></span> <span class='ocrx_word' id='word_1_236' title='bbox 1193 3636 1481 3697; x_wconf 88' lang='lat' dir='ltr'><strong>propterea</strong></span> <span class='ocrx_word' id='word_1_237' title='bbox 1505 3630 1575 3685; x_wconf 83' lang='lat' dir='ltr'><strong>(lii</strong></span> <span class='ocrx_word' id='word_1_238' title='bbox 1605 3631 1775 3704; x_wconf 74' lang='lat' dir='ltr'><strong>gratia</strong></span> <span class='ocrx_word' id='word_1_239' title='bbox 1797 3649 2006 3690; x_wconf 88' lang='lat' dir='ltr'><strong>nuncu-</strong></span> 
     </span>
    </p>
   </div>
   <div class='ocr_carea' id='block_1_38' title="bbox 413 3719 630 3774">
    <p class='ocr_par' dir='ltr' id='par_1_38' title="bbox 413 3719 630 3774">
     <span class='ocr_line' id='line_1_38' title="bbox 413 3719 630 3774; baseline 0.009 -14"><span class='ocrx_word' id='word_1_240' title='bbox 413 3719 630 3774; x_wconf 84' lang='lat' dir='ltr'><strong>pcnmr.</strong></span> 
     </span>
    </p>
   </div>
   <div class='ocr_carea' id='block_1_39' title="bbox 490 3801 1283 3880">
    <p class='ocr_par' dir='ltr' id='par_1_39' title="bbox 490 3801 1283 3880">
     <span class='ocr_line' id='line_1_39' title="bbox 490 3801 1283 3880; baseline 0.016 -29"><span class='ocrx_word' id='word_1_241' title='bbox 490 3819 508 3851; x_wconf 82' lang='grc' dir='ltr'><strong>ι</strong></span> <span class='ocrx_word' id='word_1_242' title='bbox 543 3801 917 3862; x_wconf 75' lang='grc' dir='ltr'>Βοηοι·ιιὶ›ἰιιιι·</span> <span class='ocrx_word' id='word_1_243' title='bbox 940 3817 999 3862; x_wconf 90' lang='lat' dir='ltr'><strong>ut</strong></span> <span class='ocrx_word' id='word_1_244' title='bbox 1021 3811 1239 3880; x_wconf 67' lang='lat' dir='ltr'><strong>aquilae.</strong></span> <span class='ocrx_word' id='word_1_245' title='bbox 1264 3833 1283 3864; x_wconf 73' lang='grc' dir='ltr'><strong>ι</strong></span> 
     </span>
    </p>
   </div>
   <div class='ocr_carea' id='block_1_40' title="bbox 485 3890 2005 3978">
    <p class='ocr_par' dir='ltr' id='par_1_40' title="bbox 485 3890 2005 3978">
     <span class='ocr_line' id='line_1_40' title="bbox 485 3890 2005 3978; baseline 0.016 -35"><span class='ocrx_word' id='word_1_246' title='bbox 485 3890 622 3946; x_wconf 81' lang='lat' dir='ltr'><strong>Nam</strong></span> <span class='ocrx_word' id='word_1_247' title='bbox 645 3910 768 3948; x_wconf 91' lang='lat' dir='ltr'><strong>cum</strong></span> <span class='ocrx_word' id='word_1_248' title='bbox 789 3897 906 3953; x_wconf 81' lang='lat' dir='ltr'><strong>haec</strong></span> <span class='ocrx_word' id='word_1_249' title='bbox 936 3901 1051 3956; x_wconf 80' lang='lat' dir='ltr'><strong>avis</strong></span> <span class='ocrx_word' id='word_1_250' title='bbox 1071 3902 1232 3975; x_wconf 80' lang='lat' dir='ltr'><strong>longo</strong></span> <span class='ocrx_word' id='word_1_251' title='bbox 1258 3914 1503 3978; x_wconf 86' lang='lat' dir='ltr'><strong>tempore</strong></span> <span class='ocrx_word' id='word_1_252' title='bbox 1525 3911 1789 3978; x_wconf 90' lang='lat' dir='ltr'><strong>senuerit,</strong></span> <span class='ocrx_word' id='word_1_253' title='bbox 1815 3928 2005 3967; x_wconf 88' lang='lat' dir='ltr'><strong>rursus</strong></span> 
     </span>
    </p>
   </div>
   <div class='ocr_carea' id='block_1_41' title="bbox 417 3980 2007 4074">
    <p class='ocr_par' dir='ltr' id='par_1_41' title="bbox 417 3980 2007 4074">
     <span class='ocr_line' id='line_1_41' title="bbox 417 3980 2007 4074; baseline 0.017 -39"><span class='ocrx_word' id='word_1_254' title='bbox 417 3980 486 4036; x_wconf 87' lang='lat' dir='ltr'><strong>ad</strong></span> <span class='ocrx_word' id='word_1_255' title='bbox 509 3983 746 4050; x_wconf 76' lang='lat' dir='ltr'><strong>vigorem</strong></span> <span class='ocrx_word' id='word_1_256' title='bbox 784 3989 960 4045; x_wconf 90' lang='lat' dir='ltr'><strong>redit:</strong></span> <span class='ocrx_word' id='word_1_257' title='bbox 987 3993 1188 4049; x_wconf 87' lang='lat' dir='ltr'><strong>dicitur</strong></span> <span class='ocrx_word' id='word_1_258' title='bbox 1224 4009 1406 4053; x_wconf 87' lang='lat' dir='ltr'><strong>autem</strong></span> <span class='ocrx_word' id='word_1_259' title='bbox 1432 3999 1587 4065; x_wconf 80' lang='lat' dir='ltr'><strong>fortis</strong></span> <span class='ocrx_word' id='word_1_260' title='bbox 1621 4018 1742 4060; x_wconf 89' lang='lat' dir='ltr'><strong>esse</strong></span> <span class='ocrx_word' id='word_1_261' title='bbox 1776 4013 1902 4074; x_wconf 91' lang='lat' dir='ltr'><strong>post</strong></span> <span class='ocrx_word' id='word_1_262' title='bbox 1927 4022 2007 4061; x_wconf 63' lang='grc' dir='ltr'><strong>εει</strong></span> 
     </span>
    </p>
   </div>
   <div class='ocr_carea' id='block_1_42' title="bbox 417 4075 2009 4159">
    <p class='ocr_par' dir='ltr' id='par_1_42' title="bbox 417 4075 2009 4159">
     <span class='ocr_line' id='line_1_42' title="bbox 417 4075 2009 4159; baseline 0.017 -32"><span class='ocrx_word' id='word_1_263' title='bbox 417 4075 588 4130; x_wconf 90' lang='lat' dir='ltr'><strong>nium.</strong></span> <span class='ocrx_word' id='word_1_264' title='bbox 617 4077 886 4136; x_wconf 66' lang='lat' dir='ltr'><strong>Craterum</strong></span> <span class='ocrx_word' id='word_1_265' title='bbox 924 4091 1053 4140; x_wconf 91' lang='lat' dir='ltr'><strong>tunc</strong></span> <span class='ocrx_word' id='word_1_266' title='bbox 1089 4089 1251 4142; x_wconf 87' lang='lat' dir='ltr'><strong>etiam</strong></span> <span class='ocrx_word' id='word_1_267' title='bbox 1289 4089 1550 4159; x_wconf 82' lang='lat' dir='ltr'><strong>juventus</strong></span> <span class='ocrx_word' id='word_1_268' title='bbox 1570 4104 1756 4150; x_wconf 87' lang='lat' dir='ltr'><strong>nostra</strong></span> <span class='ocrx_word' id='word_1_269' title='bbox 1779 4112 2009 4153; x_wconf 83' lang='lat' dir='ltr'><strong>renova-</strong></span> 
     </span>
    </p>
   </div>
   <div class='ocr_carea' id='block_1_43' title="bbox 419 4172 2006 4254">
    <p class='ocr_par' dir='ltr' id='par_1_43' title="bbox 419 4172 2006 4254">
     <span class='ocr_line' id='line_1_43' title="bbox 419 4172 2006 4254; baseline 0.016 -35"><span class='ocrx_word' id='word_1_270' title='bbox 419 4179 526 4231; x_wconf 86' lang='lat' dir='ltr'><strong>tur,</strong></span> <span class='ocrx_word' id='word_1_271' title='bbox 557 4172 775 4240; x_wconf 87' lang='lat' dir='ltr'><strong>quando</strong></span> <span class='ocrx_word' id='word_1_272' title='bbox 807 4173 980 4230; x_wconf 88' lang='lat' dir='ltr'><strong>instar</strong></span> <span class='ocrx_word' id='word_1_273' title='bbox 1017 4179 1208 4248; x_wconf 66' lang='lat' dir='ltr'><strong>aquilae</strong></span> <span class='ocrx_word' id='word_1_274' title='bbox 1248 4181 1304 4235; x_wconf 91' lang='lat' dir='ltr'><strong>in</strong></span> <span class='ocrx_word' id='word_1_275' title='bbox 1347 4183 1514 4238; x_wconf 90' lang='lat' dir='ltr'><strong>altum</strong></span> <span class='ocrx_word' id='word_1_276' title='bbox 1565 4187 1868 4254; x_wconf 81' lang='lat' dir='ltr'><strong>evolamus,</strong></span> <span class='ocrx_word' id='word_1_277' title='bbox 1899 4207 2006 4245; x_wconf 88' lang='lat' dir='ltr'><strong>non</strong></span> 
     </span>
    </p>
   </div>
   <div class='ocr_carea' id='block_1_44' title="bbox 420 4262 2010 4344">
    <p class='ocr_par' dir='ltr' id='par_1_44' title="bbox 420 4262 2010 4344">
     <span class='ocr_line' id='line_1_44' title="bbox 420 4262 2010 4344; baseline 0.015 -32"><span class='ocrx_word' id='word_1_278' title='bbox 420 4262 652 4331; x_wconf 68' lang='lat' dir='ltr'><strong>amplius</strong></span> <span class='ocrx_word' id='word_1_279' title='bbox 671 4281 789 4333; x_wconf 74' lang='lat' dir='ltr'><strong>que</strong></span> <span class='ocrx_word' id='word_1_280' title='bbox 811 4282 976 4336; x_wconf 87' lang='lat' dir='ltr'><strong>super</strong></span> <span class='ocrx_word' id='word_1_281' title='bbox 1001 4279 1218 4336; x_wconf 86' lang='lat' dir='ltr'><strong>terram,</strong></span> <span class='ocrx_word' id='word_1_282' title='bbox 1246 4273 1338 4326; x_wconf 85' lang='lat' dir='ltr'><strong>sed</strong></span> <span class='ocrx_word' id='word_1_283' title='bbox 1375 4292 1496 4344; x_wconf 67' lang='lat' dir='ltr'><strong>quae</strong></span> <span class='ocrx_word' id='word_1_284' title='bbox 1529 4293 1747 4332; x_wconf 88' lang='lat' dir='ltr'><strong>sursum</strong></span> <span class='ocrx_word' id='word_1_285' title='bbox 1777 4291 1906 4333; x_wconf 86' lang='lat' dir='ltr'><strong>sunt</strong></span> <span class='ocrx_word' id='word_1_286' title='bbox 1929 4297 2010 4336; x_wconf 81' lang='lat' dir='ltr'><strong>sa-</strong></span> 
     </span>
    </p>
   </div>
   <div class='ocr_carea' id='block_1_45' title="bbox 417 4355 2007 4439">
    <p class='ocr_par' dir='ltr' id='par_1_45' title="bbox 417 4355 2007 4439">
     <span class='ocr_line' id='line_1_45' title="bbox 417 4355 2007 4439; baseline 0.013 -33"><span class='ocrx_word' id='word_1_287' title='bbox 417 4355 664 4427; x_wconf 65' lang='lat' dir='ltr'><strong>pientes;</strong></span> <span class='ocrx_word' id='word_1_288' title='bbox 708 4359 1166 4428; x_wconf 88' lang='lat' dir='ltr'><strong>quemadmodum</strong></span> <span class='ocrx_word' id='word_1_289' title='bbox 1195 4365 1350 4419; x_wconf 88' lang='lat' dir='ltr'><strong>nobis</strong></span> <span class='ocrx_word' id='word_1_290' title='bbox 1371 4383 1586 4439; x_wconf 88' lang='lat' dir='ltr'><strong>quoque</strong></span> <span class='ocrx_word' id='word_1_291' title='bbox 1612 4369 1809 4426; x_wconf 87' lang='lat' dir='ltr'><strong>Paulus</strong></span> <span class='ocrx_word' id='word_1_292' title='bbox 1832 4372 2007 4428; x_wconf 82' lang='lat' dir='ltr'><strong>incul-</strong></span> 
     </span>
    </p>
   </div>
   <div class='ocr_carea' id='block_1_46' title="bbox 481 1765 2066 1866">
    <p class='ocr_par' dir='ltr' id='par_1_46' title="bbox 481 1765 2066 1866">
     <span class='ocr_line' id='line_1_46' title="bbox 481 1765 2066 1866; baseline 0.012 -32"><span class='ocrx_word' id='word_1_293' title='bbox 481 1779 642 1838; x_wconf 66' lang='grc' dir='ltr'>νεεδ.</span> <span class='ocrx_word' id='word_1_294' title='bbox 675 1785 727 1838; x_wconf 81' lang='lat'><strong>5.</strong></span> <span class='ocrx_word' id='word_1_295' title='bbox 777 1805 794 1836; x_wconf 81' lang='grc' dir='ltr'><strong>ι</strong></span> <span class='ocrx_word' id='word_1_296' title='bbox 824 1787 927 1853; x_wconf 88' lang='lat' dir='ltr'><strong>Qui</strong></span> <span class='ocrx_word' id='word_1_297' title='bbox 978 1789 1305 1859; x_wconf 86' lang='lat' dir='ltr'><strong>propitiatur</strong></span> <span class='ocrx_word' id='word_1_298' title='bbox 1369 1794 1625 1850; x_wconf 89' lang='lat' dir='ltr'><strong>omnibus</strong></span> <span class='ocrx_word' id='word_1_299' title='bbox 1690 1795 1994 1866; x_wconf 86' lang='lat' dir='ltr'><strong>iniquitati-</strong></span> <span class='ocrx_word' id='word_1_300' title='bbox 2026 1765 2066 1822; x_wconf 66' lang='grc' dir='ltr'><strong>Β</strong></span> 
     </span>
    </p>
   </div>
   <div class='ocr_carea' id='block_1_47' title="bbox 2099 590 3682 664">
    <p class='ocr_par' dir='ltr' id='par_1_47' title="bbox 2099 590 3682 664">
     <span class='ocr_line' id='line_1_47' title="bbox 2099 590 3682 664; baseline 0.001 -16"><span class='ocrx_word' id='word_1_301' title='bbox 2099 594 2319 657; x_wconf 67' lang='grc' dir='ltr'>ἔδωκεν,</span> <span class='ocrx_word' id='word_1_302' title='bbox 2349 591 2492 648; x_wconf 82' lang='grc' dir='ltr'>ὥστε</span> <span class='ocrx_word' id='word_1_303' title='bbox 2527 595 2603 664; x_wconf 84' lang='grc' dir='ltr'>μὴ</span> <span class='ocrx_word' id='word_1_304' title='bbox 2642 590 2926 654; x_wconf 77' lang='grc' dir='ltr'><strong>παντελῶς</strong></span> <span class='ocrx_word' id='word_1_305' title='bbox 2953 590 3290 646; x_wconf 84' lang='grc' dir='ltr'>ἀπολέσθαι·</span> <span class='ocrx_word' id='word_1_306' title='bbox 3322 591 3512 663; x_wconf 79' lang='grc' dir='ltr'>ἐπειδὴ</span> <span class='ocrx_word' id='word_1_307' title='bbox 3541 591 3682 649; x_wconf 86' lang='grc' dir='ltr'>Θεοῦ</span> 
     </span>
    </p>
   </div>
   <div class='ocr_carea' id='block_1_48' title="bbox 2097 683 3684 758">
    <p class='ocr_par' dir='ltr' id='par_1_48' title="bbox 2097 683 3684 758">
     <span class='ocr_line' id='line_1_48' title="bbox 2097 683 3684 758; baseline 0.001 -20"><span class='ocrx_word' id='word_1_308' title='bbox 2097 687 2358 756; x_wconf 77' lang='grc' dir='ltr'><strong>τυγχάνει</strong></span> <span class='ocrx_word' id='word_1_309' title='bbox 2405 687 2706 758; x_wconf 77' lang='grc' dir='ltr'>ποιήματα,</span> <span class='ocrx_word' id='word_1_310' title='bbox 2746 683 2885 738; x_wconf 83' lang='grc' dir='ltr'><strong>ἀλλά</strong></span> <span class='ocrx_word' id='word_1_311' title='bbox 2917 683 3282 741; x_wconf 82' lang='grc' dir='ltr'>παλαιοῦσθαι</span> <span class='ocrx_word' id='word_1_312' title='bbox 3314 683 3416 755; x_wconf 78' lang='grc' dir='ltr'>μὶν</span> <span class='ocrx_word' id='word_1_313' title='bbox 3438 684 3516 750; x_wconf 85' lang='grc' dir='ltr'>ὡς</span> <span class='ocrx_word' id='word_1_314' title='bbox 3543 687 3684 751; x_wconf 83' lang='grc' dir='ltr'>ὅλως</span> 
     </span>
    </p>
   </div>
   <div class='ocr_carea' id='block_1_49' title="bbox 2098 775 3682 847">
    <p class='ocr_par' dir='ltr' id='par_1_49' title="bbox 2098 775 3682 847">
     <span class='ocr_line' id='line_1_49' title="bbox 2098 775 3682 847; baseline 0.001 -16"><span class='ocrx_word' id='word_1_315' title='bbox 2098 777 2408 840; x_wconf 82' lang='grc' dir='ltr'>κτισθέντα,</span> <span class='ocrx_word' id='word_1_316' title='bbox 2439 775 2806 830; x_wconf 75' lang='grc' dir='ltr'><strong>ἀλλάσσεσθαι</strong></span> <span class='ocrx_word' id='word_1_317' title='bbox 2841 775 2897 829; x_wconf 84' lang='grc' dir='ltr'>δὲ</span> <span class='ocrx_word' id='word_1_318' title='bbox 2921 776 2996 840; x_wconf 81' lang='grc' dir='ltr'>ὡς</span> <span class='ocrx_word' id='word_1_319' title='bbox 3023 775 3176 847; x_wconf 84' lang='grc' dir='ltr'>παρὰ</span> <span class='ocrx_word' id='word_1_320' title='bbox 3194 775 3330 829; x_wconf 85' lang='grc' dir='ltr'>Θεοῦ</span> <span class='ocrx_word' id='word_1_321' title='bbox 3361 777 3682 833; x_wconf 81' lang='grc' dir='ltr'><strong>κτισθέντα.</strong></span> 
     </span>
    </p>
   </div>
   <div class='ocr_carea' id='block_1_50' title="bbox 2097 867 3682 941">
    <p class='ocr_par' dir='ltr' id='par_1_50' title="bbox 2097 867 3682 941">
     <span class='ocr_line' id='line_1_50' title="bbox 2097 867 3682 941; baseline 0.001 -18"><span class='ocrx_word' id='word_1_322' title='bbox 2097 869 2224 934; x_wconf 81' lang='grc' dir='ltr'><strong>Πῶς</strong></span> <span class='ocrx_word' id='word_1_323' title='bbox 2250 869 2310 923; x_wconf 79' lang='grc' dir='ltr'>δὲ</span> <span class='ocrx_word' id='word_1_324' title='bbox 2351 868 2710 924; x_wconf 80' lang='grc' dir='ltr'>παλαιοῦνται</span> <span class='ocrx_word' id='word_1_325' title='bbox 2759 867 2836 931; x_wconf 83' lang='grc' dir='ltr'><strong>ὡς</strong></span> <span class='ocrx_word' id='word_1_326' title='bbox 2882 867 3100 939; x_wconf 75' lang='grc' dir='ltr'>ἱμάτιον</span> <span class='ocrx_word' id='word_1_327' title='bbox 3147 868 3242 922; x_wconf 71' lang='grc' dir='ltr'><strong>καὶ</strong></span> <span class='ocrx_word' id='word_1_328' title='bbox 3287 868 3423 922; x_wconf 77' lang='grc' dir='ltr'>ὡσεὶ</span> <span class='ocrx_word' id='word_1_329' title='bbox 3465 871 3682 941; x_wconf 74' lang='grc' dir='ltr'>περιϐό-</span> 
     </span>
    </p>
   </div>
   <div class='ocr_carea' id='block_1_51' title="bbox 2096 960 3536 1034">
    <p class='ocr_par' dir='ltr' id='par_1_51' title="bbox 2096 960 3536 1034">
     <span class='ocr_line' id='line_1_51' title="bbox 2096 960 3536 1034; baseline 0.001 -18"><span class='ocrx_word' id='word_1_330' title='bbox 2096 963 2244 1020; x_wconf 86' lang='grc' dir='ltr'>λαιον</span> <span class='ocrx_word' id='word_1_331' title='bbox 2267 980 2284 1031; x_wconf 88' lang='grc'><strong>;</strong></span> <span class='ocrx_word' id='word_1_332' title='bbox 2311 964 2562 1018; x_wconf 79' lang='grc' dir='ltr'><strong>τουτέστι</strong></span> <span class='ocrx_word' id='word_1_333' title='bbox 2584 961 2674 1016; x_wconf 77' lang='grc' dir='ltr'>διὰ</span> <span class='ocrx_word' id='word_1_334' title='bbox 2699 960 2801 1030; x_wconf 84' lang='grc' dir='ltr'>τῆς</span> <span class='ocrx_word' id='word_1_335' title='bbox 2837 962 3234 1034; x_wconf 81' lang='grc' dir='ltr'>συνεχεστέρας</span> <span class='ocrx_word' id='word_1_336' title='bbox 3261 964 3536 1034; x_wconf 78' lang='grc' dir='ltr'>χρήσεως.</span> 
     </span>
    </p>
   </div>
   <div class='ocr_carea' id='block_1_52' title="bbox 2178 1043 3109 1107">
    <p class='ocr_par' dir='ltr' id='par_1_52' title="bbox 2178 1043 3109 1107">
     <span class='ocr_line' id='line_1_52' title="bbox 2178 1043 3109 1107; baseline 0.005 -5"><span class='ocrx_word' id='word_1_337' title='bbox 2178 1071 2182 1074; x_wconf 66' lang='grc'><strong>’</strong></span> <span class='ocrx_word' id='word_1_338' title='bbox 2564 1043 2571 1049; x_wconf 67' lang='grc'><em>’</em></span> <span class='ocrx_word' id='word_1_339' title='bbox 2635 1049 2932 1105; x_wconf 77' lang='grc' dir='ltr'><strong>ΨΛΛΜΟΣ</strong></span> <span class='ocrx_word' id='word_1_340' title='bbox 2983 1049 3109 1107; x_wconf 50' lang='lat' dir='ltr'><strong>PBQ</strong></span> 
     </span>
    </p>
   </div>
   <div class='ocr_carea' id='block_1_53' title="bbox 2174 1147 2590 1218">
    <p class='ocr_par' dir='ltr' id='par_1_53' title="bbox 2174 1147 2590 1218">
     <span class='ocr_line' id='line_1_53' title="bbox 2174 1147 2590 1218; baseline -0.002 -17"><span class='ocrx_word' id='word_1_341' title='bbox 2174 1169 2192 1201; x_wconf 77' lang='grc' dir='ltr'><strong>ι</strong></span> <span class='ocrx_word' id='word_1_342' title='bbox 2232 1147 2322 1218; x_wconf 85' lang='grc' dir='ltr'><strong>Τῷ</strong></span> <span class='ocrx_word' id='word_1_343' title='bbox 2355 1149 2538 1202; x_wconf 77' lang='grc' dir='ltr'>Δαυΐδ.</span> <span class='ocrx_word' id='word_1_344' title='bbox 2571 1166 2590 1200; x_wconf 72' lang='grc' dir='ltr'><strong>ι</strong></span> 
     </span>
    </p>
   </div>
   <div class='ocr_carea' id='block_1_54' title="bbox 2167 1235 3682 1315">
    <p class='ocr_par' dir='ltr' id='par_1_54' title="bbox 2167 1235 3682 1315">
     <span class='ocr_line' id='line_1_54' title="bbox 2167 1235 3682 1315; baseline -0.003 -21"><span class='ocrx_word' id='word_1_345' title='bbox 2167 1242 2320 1312; x_wconf 86' lang='grc' dir='ltr'>Μήτε</span> <span class='ocrx_word' id='word_1_346' title='bbox 2369 1242 2603 1314; x_wconf 73' lang='grc' dir='ltr'>ψαλμὸν,</span> <span class='ocrx_word' id='word_1_347' title='bbox 2641 1243 2778 1314; x_wconf 80' lang='grc' dir='ltr'>μήτε</span> <span class='ocrx_word' id='word_1_348' title='bbox 2825 1243 2990 1315; x_wconf 79' lang='grc' dir='ltr'>ᾠδὴν,</span> <span class='ocrx_word' id='word_1_349' title='bbox 3039 1241 3176 1313; x_wconf 74' lang='grc' dir='ltr'>μήτε</span> <span class='ocrx_word' id='word_1_350' title='bbox 3222 1258 3278 1294; x_wconf 90' lang='grc' dir='ltr'><strong>τι</strong></span> <span class='ocrx_word' id='word_1_351' title='bbox 3313 1237 3558 1294; x_wconf 88' lang='grc' dir='ltr'>τοιοῦτον</span> <span class='ocrx_word' id='word_1_352' title='bbox 3581 1235 3682 1308; x_wconf 66' lang='grc' dir='ltr'>τὴν</span> 
     </span>
    </p>
   </div>
   <div class='ocr_carea' id='block_1_55' title="bbox 2097 1331 3683 1408">
    <p class='ocr_par' dir='ltr' id='par_1_55' title="bbox 2097 1331 3683 1408">
     <span class='ocr_line' id='line_1_55' title="bbox 2097 1331 3683 1408; baseline -0.002 -21"><span class='ocrx_word' id='word_1_353' title='bbox 2097 1334 2381 1405; x_wconf 87' lang='grc' dir='ltr'>παροῦσαν</span> <span class='ocrx_word' id='word_1_354' title='bbox 2409 1336 2750 1406; x_wconf 80' lang='grc' dir='ltr'>προφητείαν</span> <span class='ocrx_word' id='word_1_355' title='bbox 2800 1334 3136 1408; x_wconf 75' lang='grc' dir='ltr'>ἐπέγραψεν,</span> <span class='ocrx_word' id='word_1_356' title='bbox 3167 1333 3467 1404; x_wconf 73' lang='grc' dir='ltr'><strong>ἐπειδήπερ</strong></span> <span class='ocrx_word' id='word_1_357' title='bbox 3488 1331 3683 1402; x_wconf 86' lang='grc' dir='ltr'>ἀρκεῖν</span> 
     </span>
    </p>
   </div>
   <div class='ocr_carea' id='block_1_56' title="bbox 2095 1423 3683 1501">
    <p class='ocr_par' dir='ltr' id='par_1_56' title="bbox 2095 1423 3683 1501">
     <span class='ocr_line' id='line_1_56' title="bbox 2095 1423 3683 1501; baseline -0.004 -21"><span class='ocrx_word' id='word_1_358' title='bbox 2095 1426 2272 1498; x_wconf 82' lang='grc' dir='ltr'>ᾠήθη,</span> <span class='ocrx_word' id='word_1_359' title='bbox 2308 1428 2389 1482; x_wconf 84' lang='grc' dir='ltr'>ὃτι</span> <span class='ocrx_word' id='word_1_360' title='bbox 2420 1428 2480 1482; x_wconf 76' lang='grc' dir='ltr'>τὸ</span> <span class='ocrx_word' id='word_1_361' title='bbox 2519 1431 2811 1501; x_wconf 87' lang='grc' dir='ltr'>προοίμιον</span> <span class='ocrx_word' id='word_1_362' title='bbox 2839 1427 3095 1498; x_wconf 78' lang='grc' dir='ltr'><strong>εὐλογίας</strong></span> <span class='ocrx_word' id='word_1_363' title='bbox 3133 1426 3410 1498; x_wconf 75' lang='grc' dir='ltr'><strong>μέμνηται</strong></span> <span class='ocrx_word' id='word_1_364' title='bbox 3433 1441 3450 1456; x_wconf 89' lang='grc'><strong>·</strong></span> <span class='ocrx_word' id='word_1_365' title='bbox 3490 1423 3683 1492; x_wconf 85' lang='grc' dir='ltr'>διόπερ</span> 
     </span>
    </p>
   </div>
   <div class='ocr_carea' id='block_1_57' title="bbox 2093 1510 3682 1594">
    <p class='ocr_par' dir='ltr' id='par_1_57' title="bbox 2093 1510 3682 1594">
     <span class='ocr_line' id='line_1_57' title="bbox 2093 1510 3682 1594; baseline -0.001 -23"><span class='ocrx_word' id='word_1_366' title='bbox 2093 1517 2216 1572; x_wconf 78' lang='grc' dir='ltr'>οὔτε</span> <span class='ocrx_word' id='word_1_367' title='bbox 2260 1520 2354 1574; x_wconf 82' lang='grc' dir='ltr'><strong>τὸν</strong></span> <span class='ocrx_word' id='word_1_368' title='bbox 2395 1523 2718 1592; x_wconf 71' lang='grc' dir='ltr'>τριακοστὸν</span> <span class='ocrx_word' id='word_1_369' title='bbox 2761 1523 2946 1594; x_wconf 84' lang='grc' dir='ltr'>τρίτον</span> <span class='ocrx_word' id='word_1_370' title='bbox 2997 1517 3214 1592; x_wconf 76' lang='grc' dir='ltr'>ψαλμὸν</span> <span class='ocrx_word' id='word_1_371' title='bbox 3250 1519 3285 1590; x_wconf 76' lang='grc' dir='ltr'><strong>ἢ</strong></span> <span class='ocrx_word' id='word_1_372' title='bbox 3332 1516 3478 1590; x_wconf 79' lang='grc' dir='ltr'>ᾠδὴν</span> <span class='ocrx_word' id='word_1_373' title='bbox 3523 1517 3557 1586; x_wconf 76' lang='grc' dir='ltr'>ἢ</span> <span class='ocrx_word' id='word_1_374' title='bbox 3595 1510 3682 1570; x_wconf 75' lang='grc' dir='ltr'><strong>αἷ-</strong></span> 
     </span>
    </p>
   </div>
   <div class='ocr_carea' id='block_1_58' title="bbox 2093 1608 3550 1684">
    <p class='ocr_par' dir='ltr' id='par_1_58' title="bbox 2093 1608 3550 1684">
     <span class='ocr_line' id='line_1_58' title="bbox 2093 1608 3550 1684; baseline -0.003 -18"><span class='ocrx_word' id='word_1_375' title='bbox 2093 1629 2184 1666; x_wconf 91' lang='grc' dir='ltr'><strong>νον</strong></span> <span class='ocrx_word' id='word_1_376' title='bbox 2216 1613 2552 1684; x_wconf 72' lang='grc' dir='ltr'>ἐπέγραψεν,</span> <span class='ocrx_word' id='word_1_377' title='bbox 2588 1613 2647 1682; x_wconf 74' lang='grc' dir='ltr'>ἐξ</span> <span class='ocrx_word' id='word_1_378' title='bbox 2668 1613 2922 1684; x_wconf 83' lang='grc' dir='ltr'>εὐλογίας</span> <span class='ocrx_word' id='word_1_379' title='bbox 2943 1608 3196 1668; x_wconf 82' lang='grc' dir='ltr'>κάκεῖνον</span> <span class='ocrx_word' id='word_1_380' title='bbox 3223 1610 3550 1684; x_wconf 85' lang='grc' dir='ltr'>ἀρχόμενος.</span> 
     </span>
    </p>
   </div>
   <div class='ocr_carea' id='block_1_59' title="bbox 2171 1787 3495 1858">
    <p class='ocr_par' dir='ltr' id='par_1_59' title="bbox 2171 1787 3495 1858">
     <span class='ocr_line' id='line_1_59' title="bbox 2171 1787 3495 1858; baseline -0.002 -16"><span class='ocrx_word' id='word_1_381' title='bbox 2171 1809 2189 1842; x_wconf 86' lang='grc' dir='ltr'><strong>ι</strong></span> <span class='ocrx_word' id='word_1_382' title='bbox 2225 1789 2330 1844; x_wconf 73' lang='grc' dir='ltr'>Τὸν</span> <span class='ocrx_word' id='word_1_383' title='bbox 2363 1789 2748 1846; x_wconf 80' lang='grc' dir='ltr'>εὐῖλατεύοντα</span> <span class='ocrx_word' id='word_1_384' title='bbox 2775 1791 2979 1854; x_wconf 78' lang='grc' dir='ltr'>πάσαις</span> <span class='ocrx_word' id='word_1_385' title='bbox 3011 1791 3132 1854; x_wconf 84' lang='grc' dir='ltr'>ταῖς</span> <span class='ocrx_word' id='word_1_386' title='bbox 3155 1787 3432 1858; x_wconf 80' lang='grc' dir='ltr'>ἀνομίαις.</span> <span class='ocrx_word' id='word_1_387' title='bbox 3475 1806 3495 1839; x_wconf 71' lang='grc' dir='ltr'><strong>ι</strong></span> 
     </span>
    </p>
   </div>
   <div class='ocr_carea' id='block_1_60' title="bbox 2169 1967 3674 2041">
    <p class='ocr_par' dir='ltr' id='par_1_60' title="bbox 2169 1967 3674 2041">
     <span class='ocr_line' id='line_1_60' title="bbox 2169 1967 3674 2041; baseline 0 -21"><span class='ocrx_word' id='word_1_388' title='bbox 2169 1968 2280 2021; x_wconf 71' lang='grc' dir='ltr'><strong>Καὶ</strong></span> <span class='ocrx_word' id='word_1_389' title='bbox 2307 1969 2408 2040; x_wconf 86' lang='grc' dir='ltr'>τῆς</span> <span class='ocrx_word' id='word_1_390' title='bbox 2452 1969 2546 2024; x_wconf 89' lang='grc' dir='ltr'><strong>νῦν</strong></span> <span class='ocrx_word' id='word_1_391' title='bbox 2579 1969 2676 2026; x_wconf 69' lang='grc' dir='ltr'><strong>καὶ</strong></span> <span class='ocrx_word' id='word_1_392' title='bbox 2711 1970 2813 2041; x_wconf 86' lang='grc' dir='ltr'>τῆς</span> <span class='ocrx_word' id='word_1_393' title='bbox 2845 1969 3148 2040; x_wconf 83' lang='grc' dir='ltr'><strong>μελλούσης</strong></span> <span class='ocrx_word' id='word_1_394' title='bbox 3177 1967 3513 2022; x_wconf 78' lang='grc' dir='ltr'>ἀπαλλάττει</span> <span class='ocrx_word' id='word_1_395' title='bbox 3545 1967 3674 2036; x_wconf 84' lang='grc' dir='ltr'>φθο-</span> 
     </span>
    </p>
   </div>
   <div class='ocr_carea' id='block_1_61' title="bbox 2099 2049 3678 2132">
    <p class='ocr_par' dir='ltr' id='par_1_61' title="bbox 2099 2049 3678 2132">
     <span class='ocr_line' id='line_1_61' title="bbox 2099 2049 3678 2132; baseline -0.001 -20"><span class='ocrx_word' id='word_1_396' title='bbox 2099 2049 2230 2128; x_wconf 75' lang='grc' dir='ltr'><strong>ρᾶςσ</strong></span> <span class='ocrx_word' id='word_1_397' title='bbox 2258 2059 2354 2113; x_wconf 89' lang='grc' dir='ltr'><strong>νῦν</strong></span> <span class='ocrx_word' id='word_1_398' title='bbox 2399 2061 2498 2131; x_wconf 77' lang='grc' dir='ltr'>μὲν</span> <span class='ocrx_word' id='word_1_399' title='bbox 2542 2061 2651 2132; x_wconf 82' lang='grc' dir='ltr'>γὰρ</span> <span class='ocrx_word' id='word_1_400' title='bbox 2699 2063 2731 2132; x_wconf 84' lang='grc' dir='ltr'>ἡ</span> <span class='ocrx_word' id='word_1_401' title='bbox 2765 2062 2874 2120; x_wconf 85' lang='grc' dir='ltr'>τῶν</span> <span class='ocrx_word' id='word_1_402' title='bbox 2902 2060 3107 2132; x_wconf 81' lang='grc' dir='ltr'>ἡδονῶν</span> <span class='ocrx_word' id='word_1_403' title='bbox 3147 2059 3418 2114; x_wconf 75' lang='grc' dir='ltr'>ἐπίκειται</span> <span class='ocrx_word' id='word_1_404' title='bbox 3461 2057 3678 2128; x_wconf 82' lang='grc' dir='ltr'>φθορά,</span> 
     </span>
    </p>
   </div>
   <div class='ocr_carea' id='block_1_62' title="bbox 2095 2145 3681 2237">
    <p class='ocr_par' dir='ltr' id='par_1_62' title="bbox 2095 2145 3681 2237">
     <span class='ocr_line' id='line_1_62' title="bbox 2095 2145 3681 2237; baseline 0.002 -35"><span class='ocrx_word' id='word_1_405' title='bbox 2095 2147 2324 2221; x_wconf 77' lang='grc' dir='ltr'>ὕστερον</span> <span class='ocrx_word' id='word_1_406' title='bbox 2359 2151 2420 2206; x_wconf 74' lang='grc' dir='ltr'>δὲ</span> <span class='ocrx_word' id='word_1_407' title='bbox 2468 2154 2500 2224; x_wconf 85' lang='grc' dir='ltr'>ή</span> <span class='ocrx_word' id='word_1_408' title='bbox 2550 2153 2660 2206; x_wconf 84' lang='grc' dir='ltr'>τῶν</span> <span class='ocrx_word' id='word_1_409' title='bbox 2688 2154 2976 2224; x_wconf 83' lang='grc' dir='ltr'>τιμωριῶν</span> <span class='ocrx_word' id='word_1_410' title='bbox 2999 2152 3308 2220; x_wconf 81' lang='grc' dir='ltr'>ἀπόκειται,</span> <span class='ocrx_word' id='word_1_411' title='bbox 3355 2151 3416 2237; x_wconf 64' lang='lat' dir='ltr'><strong>eg</strong></span> <span class='ocrx_word' id='word_1_412' title='bbox 3440 2145 3516 2207; x_wconf 80' lang='grc' dir='ltr'>ὧν</span> <span class='ocrx_word' id='word_1_413' title='bbox 3546 2151 3681 2214; x_wconf 69' lang='grc' dir='ltr'>τοὺς</span> 
     </span>
    </p>
   </div>
   <div class='ocr_carea' id='block_1_63' title="bbox 2093 2239 3034 2319">
    <p class='ocr_par' dir='ltr' id='par_1_63' title="bbox 2093 2239 3034 2319">
     <span class='ocr_line' id='line_1_63' title="bbox 2093 2239 3034 2319; baseline 0.005 -26"><span class='ocrx_word' id='word_1_414' title='bbox 2093 2239 2246 2310; x_wconf 85' lang='grc' dir='ltr'>αὐτῷ</span> <span class='ocrx_word' id='word_1_415' title='bbox 2279 2242 2754 2319; x_wconf 73' lang='grc' dir='ltr'>προσερχομένους</span> <span class='ocrx_word' id='word_1_416' title='bbox 2787 2243 3034 2313; x_wconf 80' lang='grc' dir='ltr'>ῥύσεται.</span> 
     </span>
    </p>
   </div>
   <div class='ocr_carea' id='block_1_64' title="bbox 2173 2331 3178 2404">
    <p class='ocr_par' dir='ltr' id='par_1_64' title="bbox 2173 2331 3178 2404">
     <span class='ocr_line' id='line_1_64' title="bbox 2173 2331 3178 2404; baseline 0.002 -21"><span class='ocrx_word' id='word_1_417' title='bbox 2173 2351 2193 2383; x_wconf 77' lang='grc' dir='ltr'><strong>ι</strong></span> <span class='ocrx_word' id='word_1_418' title='bbox 2239 2331 2346 2387; x_wconf 84' lang='grc' dir='ltr'>Τὸν</span> <span class='ocrx_word' id='word_1_419' title='bbox 2383 2332 2755 2404; x_wconf 81' lang='grc' dir='ltr'>στεφανοῦντά</span> <span class='ocrx_word' id='word_1_420' title='bbox 2776 2349 2835 2388; x_wconf 89' lang='grc' dir='ltr'><strong>σε</strong></span> <span class='ocrx_word' id='word_1_421' title='bbox 2863 2335 2922 2389; x_wconf 79' lang='grc' dir='ltr'>ὲν</span> <span class='ocrx_word' id='word_1_422' title='bbox 2949 2333 3114 2388; x_wconf 85' lang='grc' dir='ltr'>ὲλέει.</span> <span class='ocrx_word' id='word_1_423' title='bbox 3157 2351 3178 2385; x_wconf 70' lang='grc' dir='ltr'><strong>ι</strong></span> 
     </span>
    </p>
   </div>
   <div class='ocr_carea' id='block_1_65' title="bbox 2179 2421 3676 2498">
    <p class='ocr_par' dir='ltr' id='par_1_65' title="bbox 2179 2421 3676 2498">
     <span class='ocr_line' id='line_1_65' title="bbox 2179 2421 3676 2498; baseline -0.001 -21"><span class='ocrx_word' id='word_1_424' title='bbox 2179 2425 2308 2480; x_wconf 81' lang='grc' dir='ltr'><strong>Ἐὰν</strong></span> <span class='ocrx_word' id='word_1_425' title='bbox 2334 2425 2443 2498; x_wconf 83' lang='grc' dir='ltr'>γὰρ</span> <span class='ocrx_word' id='word_1_426' title='bbox 2471 2421 2538 2496; x_wconf 78' lang='grc' dir='ltr'>ᾗς</span> <span class='ocrx_word' id='word_1_427' title='bbox 2572 2427 2710 2498; x_wconf 79' lang='grc' dir='ltr'>πρὸς</span> <span class='ocrx_word' id='word_1_428' title='bbox 2740 2427 2834 2480; x_wconf 80' lang='grc' dir='ltr'>τὸν</span> <span class='ocrx_word' id='word_1_429' title='bbox 2859 2425 3089 2498; x_wconf 84' lang='grc' dir='ltr'>πλησίον</span> <span class='ocrx_word' id='word_1_430' title='bbox 3121 2424 3438 2498; x_wconf 82' lang='grc' dir='ltr'>συμπαθὴς,</span> <span class='ocrx_word' id='word_1_431' title='bbox 3468 2421 3676 2492; x_wconf 82' lang='grc' dir='ltr'>στέφα-</span> 
     </span>
    </p>
   </div>
   <div class='ocr_carea' id='block_1_66' title="bbox 2094 2513 3672 2589">
    <p class='ocr_par' dir='ltr' id='par_1_66' title="bbox 2094 2513 3672 2589">
     <span class='ocr_line' id='line_1_66' title="bbox 2094 2513 3672 2589; baseline -0.001 -22"><span class='ocrx_word' id='word_1_432' title='bbox 2094 2514 2185 2568; x_wconf 84' lang='grc' dir='ltr'><strong>νόν</strong></span> <span class='ocrx_word' id='word_1_433' title='bbox 2207 2532 2288 2570; x_wconf 90' lang='grc' dir='ltr'><strong>σοι</strong></span> <span class='ocrx_word' id='word_1_434' title='bbox 2321 2515 2420 2587; x_wconf 83' lang='grc' dir='ltr'>τὴν</span> <span class='ocrx_word' id='word_1_435' title='bbox 2439 2516 2548 2570; x_wconf 82' lang='grc' dir='ltr'>τῶν</span> <span class='ocrx_word' id='word_1_436' title='bbox 2567 2516 2819 2589; x_wconf 75' lang='grc' dir='ltr'>οὐρανῶν</span> <span class='ocrx_word' id='word_1_437' title='bbox 2848 2515 3128 2588; x_wconf 79' lang='grc' dir='ltr'>βασιλείαν</span> <span class='ocrx_word' id='word_1_438' title='bbox 3147 2514 3437 2586; x_wconf 84' lang='grc' dir='ltr'>χαρίσεται</span> <span class='ocrx_word' id='word_1_439' title='bbox 3455 2513 3637 2581; x_wconf 78' lang='grc' dir='ltr'>λέγων</span> <span class='ocrx_word' id='word_1_440' title='bbox 3658 2527 3672 2541; x_wconf 92' lang='grc'><strong>·</strong></span> 
     </span>
    </p>
   </div>
   <div class='ocr_carea' id='block_1_67' title="bbox 2094 2607 3679 2680">
    <p class='ocr_par' dir='ltr' id='par_1_67' title="bbox 2094 2607 3679 2680">
     <span class='ocr_line' id='line_1_67' title="bbox 2094 2607 3679 2680; baseline -0.003 -18"><span class='ocrx_word' id='word_1_441' title='bbox 2094 2608 2274 2663; x_wconf 80' lang='grc' dir='ltr'>Δεῦτε</span> <span class='ocrx_word' id='word_1_442' title='bbox 2311 2611 2366 2663; x_wconf 77' lang='grc' dir='ltr'>οἱ</span> <span class='ocrx_word' id='word_1_443' title='bbox 2394 2611 2794 2680; x_wconf 79' lang='grc' dir='ltr'>εὐλογημένοι</span> <span class='ocrx_word' id='word_1_444' title='bbox 2819 2609 2926 2663; x_wconf 86' lang='grc' dir='ltr'><strong>τοῦ</strong></span> <span class='ocrx_word' id='word_1_445' title='bbox 2963 2607 3198 2677; x_wconf 82' lang='grc' dir='ltr'>Πατρός</span> <span class='ocrx_word' id='word_1_446' title='bbox 3212 2624 3354 2677; x_wconf 86' lang='grc' dir='ltr'>μου,</span> <span class='ocrx_word' id='word_1_447' title='bbox 3383 2609 3679 2672; x_wconf 76' lang='grc' dir='ltr'>κληρονο-</span> 
     </span>
    </p>
   </div>
   <div class='ocr_carea' id='block_1_68' title="bbox 2089 2695 3678 2772">
    <p class='ocr_par' dir='ltr' id='par_1_68' title="bbox 2089 2695 3678 2772">
     <span class='ocr_line' id='line_1_68' title="bbox 2089 2695 3678 2772; baseline -0.012 -4"><span class='ocrx_word' id='word_1_448' title='bbox 2089 2699 2328 2768; x_wconf 73' lang='grc' dir='ltr'>μήσατε</span> <span class='ocrx_word' id='word_1_449' title='bbox 2373 2701 2491 2770; x_wconf 84' lang='grc' dir='ltr'>τὴν</span> <span class='ocrx_word' id='word_1_450' title='bbox 2519 2701 2973 2772; x_wconf 72' lang='grc' dir='ltr'><strong>ἡτοιμασμένην</strong></span> <span class='ocrx_word' id='word_1_451' title='bbox 3012 2701 3154 2771; x_wconf 81' lang='grc' dir='ltr'>ὑμῖν</span> <span class='ocrx_word' id='word_1_452' title='bbox 3191 2700 3524 2766; x_wconf 77' lang='grc' dir='ltr'>,ϐασιλείαν</span> <span class='ocrx_word' id='word_1_453' title='bbox 3555 2695 3678 2752; x_wconf 70' lang='grc' dir='ltr'>ἀπὸ</span> 
     </span>
    </p>
   </div>
   <div class='ocr_carea' id='block_1_69' title="bbox 2094 2788 3680 2864">
    <p class='ocr_par' dir='ltr' id='par_1_69' title="bbox 2094 2788 3680 2864">
     <span class='ocr_line' id='line_1_69' title="bbox 2094 2788 3680 2864; baseline -0.004 -17"><span class='ocrx_word' id='word_1_454' title='bbox 2094 2792 2438 2862; x_wconf 68' lang='grc' dir='ltr'>καταϐολῆς</span> <span class='ocrx_word' id='word_1_455' title='bbox 2465 2794 2722 2864; x_wconf 82' lang='grc' dir='ltr'>κόσμου.</span> <span class='ocrx_word' id='word_1_456' title='bbox 2767 2793 3094 2848; x_wconf 81' lang='grc' dir='ltr'>Ἐπείνασα</span> <span class='ocrx_word' id='word_1_457' title='bbox 3117 2793 3228 2862; x_wconf 81' lang='grc' dir='ltr'><strong>τὰρ</strong></span> <span class='ocrx_word' id='word_1_458' title='bbox 3249 2831 3263 2856; x_wconf 82' lang='grc'><strong>,</strong></span> <span class='ocrx_word' id='word_1_459' title='bbox 3286 2789 3387 2846; x_wconf 71' lang='grc' dir='ltr'>και.</span> <span class='ocrx_word' id='word_1_460' title='bbox 3419 2788 3680 2845; x_wconf 79' lang='grc' dir='ltr'>ἐδώκατέ</span> 
     </span>
    </p>
   </div>
   <div class='ocr_carea' id='block_1_70' title="bbox 2091 2881 3678 2958">
    <p class='ocr_par' dir='ltr' id='par_1_70' title="bbox 2091 2881 3678 2958">
     <span class='ocr_line' id='line_1_70' title="bbox 2091 2881 3678 2958; baseline -0.006 -17"><span class='ocrx_word' id='word_1_461' title='bbox 2091 2903 2194 2958; x_wconf 85' lang='grc' dir='ltr'><strong>μοι</strong></span> <span class='ocrx_word' id='word_1_462' title='bbox 2234 2885 2468 2956; x_wconf 65' lang='grc' dir='ltr'>φαγεῖν</span> <span class='ocrx_word' id='word_1_463' title='bbox 2510 2886 2798 2956; x_wconf 76' lang='grc' dir='ltr'>ἐδίψησα,</span> <span class='ocrx_word' id='word_1_464' title='bbox 2837 2885 2940 2940; x_wconf 76' lang='grc' dir='ltr'><strong>καὶ</strong></span> <span class='ocrx_word' id='word_1_465' title='bbox 2972 2884 3294 2940; x_wconf 77' lang='grc' dir='ltr'>ἐποτίσατέ</span> <span class='ocrx_word' id='word_1_466' title='bbox 3327 2899 3438 2952; x_wconf 81' lang='grc' dir='ltr'><strong>με,</strong></span> <span class='ocrx_word' id='word_1_467' title='bbox 3479 2882 3570 2936; x_wconf 81' lang='grc' dir='ltr'><strong>καὶ</strong></span> <span class='ocrx_word' id='word_1_468' title='bbox 3606 2881 3678 2952; x_wconf 70' lang='grc' dir='ltr'><strong>τά</strong></span> 
     </span>
    </p>
   </div>
   <div class='ocr_carea' id='block_1_71' title="bbox 2092 2971 3676 3046">
    <p class='ocr_par' dir='ltr' id='par_1_71' title="bbox 2092 2971 3676 3046">
     <span class='ocr_line' id='line_1_71' title="bbox 2092 2971 3676 3046; baseline -0.003 -16"><span class='ocrx_word' id='word_1_469' title='bbox 2092 2977 2304 3042; x_wconf 84' lang='grc' dir='ltr'>τούτοις</span> <span class='ocrx_word' id='word_1_470' title='bbox 2334 2975 2595 3046; x_wconf 80' lang='grc' dir='ltr'>ἑπόμενα·</span> <span class='ocrx_word' id='word_1_471' title='bbox 2621 2975 2788 3029; x_wconf 80' lang='grc' dir='ltr'>ἐλεῶν</span> <span class='ocrx_word' id='word_1_472' title='bbox 2812 2975 2868 3030; x_wconf 83' lang='grc' dir='ltr'>δὲ</span> <span class='ocrx_word' id='word_1_473' title='bbox 2896 2977 3056 3031; x_wconf 90' lang='grc' dir='ltr'>τοῦτο</span> <span class='ocrx_word' id='word_1_474' title='bbox 3080 2975 3232 3043; x_wconf 81' lang='grc' dir='ltr'>λέγει</span> <span class='ocrx_word' id='word_1_475' title='bbox 3255 2992 3269 3005; x_wconf 72' lang='grc' dir='ltr'><strong><em>ο</em></strong></span> <span class='ocrx_word' id='word_1_476' title='bbox 3303 2971 3594 3042; x_wconf 61' lang='grc' dir='ltr'>Μακάριοι</span> <span class='ocrx_word' id='word_1_477' title='bbox 3621 2975 3676 3026; x_wconf 79' lang='grc' dir='ltr'>οὶ</span> 
     </span>
    </p>
   </div>
   <div class='ocr_carea' id='block_1_72' title="bbox 2021 3067 3254 3166">
    <p class='ocr_par' dir='ltr' id='par_1_72' title="bbox 2021 3067 3254 3166">
     <span class='ocr_line' id='line_1_72' title="bbox 2021 3067 3254 3166; baseline -0.002 -42"><span class='ocrx_word' id='word_1_478' title='bbox 2021 3107 2066 3166; x_wconf 70' lang='lat' dir='ltr'>C</span> <span class='ocrx_word' id='word_1_479' title='bbox 2096 3069 2445 3138; x_wconf 79' lang='grc' dir='ltr'>ἐλεήμονες,</span> <span class='ocrx_word' id='word_1_480' title='bbox 2488 3068 2576 3124; x_wconf 88' lang='grc' dir='ltr'>ὅτι</span> <span class='ocrx_word' id='word_1_481' title='bbox 2607 3069 2778 3124; x_wconf 78' lang='grc' dir='ltr'>αὐτοὶ</span> <span class='ocrx_word' id='word_1_482' title='bbox 2797 3067 3254 3138; x_wconf 77' lang='grc' dir='ltr'>ἐλεηθήσονται.</span> 
     </span>
    </p>
   </div>
   <div class='ocr_carea' id='block_1_73' title="bbox 2179 3161 3134 3233">
    <p class='ocr_par' dir='ltr' id='par_1_73' title="bbox 2179 3161 3134 3233">
     <span class='ocr_line' id='line_1_73' title="bbox 2179 3161 3134 3233; baseline 0.001 -19"><span class='ocrx_word' id='word_1_483' title='bbox 2179 3179 2200 3214; x_wconf 82' lang='grc' dir='ltr'><strong>ι</strong></span> <span class='ocrx_word' id='word_1_484' title='bbox 2231 3163 2336 3216; x_wconf 82' lang='grc' dir='ltr'>Τὸν</span> <span class='ocrx_word' id='word_1_485' title='bbox 2362 3161 2722 3233; x_wconf 80' lang='grc' dir='ltr'>ὲμπιπλῶντα</span> <span class='ocrx_word' id='word_1_486' title='bbox 2747 3163 2806 3216; x_wconf 78' lang='grc' dir='ltr'>ὲν</span> <span class='ocrx_word' id='word_1_487' title='bbox 2823 3163 3075 3232; x_wconf 83' lang='grc' dir='ltr'>ἀγαθοῖς.</span> <span class='ocrx_word' id='word_1_488' title='bbox 3115 3180 3134 3215; x_wconf 72' lang='grc' dir='ltr'><strong>ι</strong></span> 
     </span>
    </p>
   </div>
   <div class='ocr_carea' id='block_1_74' title="bbox 2172 3250 3678 3326">
    <p class='ocr_par' dir='ltr' id='par_1_74' title="bbox 2172 3250 3678 3326">
     <span class='ocr_line' id='line_1_74' title="bbox 2172 3250 3678 3326; baseline -0.003 -18"><span class='ocrx_word' id='word_1_489' title='bbox 2172 3255 2284 3308; x_wconf 77' lang='grc' dir='ltr'>Καὶ</span> <span class='ocrx_word' id='word_1_490' title='bbox 2315 3253 2398 3318; x_wconf 85' lang='grc' dir='ltr'><strong>τίς</strong></span> <span class='ocrx_word' id='word_1_491' title='bbox 2429 3253 2584 3325; x_wconf 80' lang='grc' dir='ltr'>ἡμῶν</span> <span class='ocrx_word' id='word_1_492' title='bbox 2607 3255 2642 3326; x_wconf 81' lang='grc' dir='ltr'>ἠ</span> <span class='ocrx_word' id='word_1_493' title='bbox 2671 3253 2978 3326; x_wconf 83' lang='grc' dir='ltr'>ὲπιθυμία;</span> <span class='ocrx_word' id='word_1_494' title='bbox 3022 3253 3304 3324; x_wconf 82' lang='grc' dir='ltr'>Κληθῆναι</span> <span class='ocrx_word' id='word_1_495' title='bbox 3342 3252 3521 3316; x_wconf 80' lang='grc' dir='ltr'>θεούς·</span> <span class='ocrx_word' id='word_1_496' title='bbox 3550 3250 3678 3305; x_wconf 79' lang='grc' dir='ltr'>τού-</span> 
     </span>
    </p>
   </div>
   <div class='ocr_carea' id='block_1_75' title="bbox 2101 3341 3684 3417">
    <p class='ocr_par' dir='ltr' id='par_1_75' title="bbox 2101 3341 3684 3417">
     <span class='ocr_line' id='line_1_75' title="bbox 2101 3341 3684 3417; baseline -0.004 -17"><span class='ocrx_word' id='word_1_497' title='bbox 2101 3363 2194 3400; x_wconf 88' lang='grc' dir='ltr'><strong>του</strong></span> <span class='ocrx_word' id='word_1_498' title='bbox 2217 3346 2323 3417; x_wconf 85' lang='grc' dir='ltr'>γὰρ</span> <span class='ocrx_word' id='word_1_499' title='bbox 2348 3345 2703 3416; x_wconf 74' lang='grc' dir='ltr'>ἐπιθυμήσας</span> <span class='ocrx_word' id='word_1_500' title='bbox 2726 3345 2963 3417; x_wconf 78' lang='grc' dir='ltr'>δ’Δδάμ,</span> <span class='ocrx_word' id='word_1_501' title='bbox 2993 3347 3090 3415; x_wconf 84' lang='grc' dir='ltr'>τῆς</span> <span class='ocrx_word' id='word_1_502' title='bbox 3117 3343 3496 3417; x_wconf 85' lang='grc' dir='ltr'>ἀπειρημένης</span> <span class='ocrx_word' id='word_1_503' title='bbox 3525 3341 3684 3412; x_wconf 73' lang='grc' dir='ltr'>ὲγεύ-</span> 
     </span>
    </p>
   </div>
   <div class='ocr_carea' id='block_1_76' title="bbox 2105 3433 3682 3509">
    <p class='ocr_par' dir='ltr' id='par_1_76' title="bbox 2105 3433 3682 3509">
     <span class='ocr_line' id='line_1_76' title="bbox 2105 3433 3682 3509; baseline -0.006 -15"><span class='ocrx_word' id='word_1_504' title='bbox 2105 3457 2238 3494; x_wconf 82' lang='grc' dir='ltr'>σατο</span> <span class='ocrx_word' id='word_1_505' title='bbox 2287 3436 2563 3509; x_wconf 84' lang='grc' dir='ltr'>βρώσεως.</span> <span class='ocrx_word' id='word_1_506' title='bbox 2616 3437 2836 3507; x_wconf 78' lang='grc' dir='ltr'>Ταύτην</span> <span class='ocrx_word' id='word_1_507' title='bbox 2881 3437 3062 3490; x_wconf 80' lang='grc' dir='ltr'>τοίνυν</span> <span class='ocrx_word' id='word_1_508' title='bbox 3087 3435 3245 3508; x_wconf 82' lang='grc' dir='ltr'>ήμῶν</span> <span class='ocrx_word' id='word_1_509' title='bbox 3275 3437 3304 3490; x_wconf 78' lang='grc' dir='ltr'>ὁ</span> <span class='ocrx_word' id='word_1_510' title='bbox 3347 3435 3552 3506; x_wconf 85' lang='grc' dir='ltr'>Κύριος</span> <span class='ocrx_word' id='word_1_511' title='bbox 3581 3433 3682 3504; x_wconf 81' lang='grc' dir='ltr'>τὴν</span> 
     </span>
    </p>
   </div>
   <div class='ocr_carea' id='block_1_77' title="bbox 2104 3525 3682 3602">
    <p class='ocr_par' dir='ltr' id='par_1_77' title="bbox 2104 3525 3682 3602">
     <span class='ocr_line' id='line_1_77' title="bbox 2104 3525 3682 3602; baseline -0.003 -18"><span class='ocrx_word' id='word_1_512' title='bbox 2104 3530 2402 3602; x_wconf 78' lang='grc' dir='ltr'>ἐπιθυμίαν</span> <span class='ocrx_word' id='word_1_513' title='bbox 2458 3528 2685 3598; x_wconf 80' lang='grc' dir='ltr'>ἀγαθοῖς</span> <span class='ocrx_word' id='word_1_514' title='bbox 2745 3529 3054 3600; x_wconf 72' lang='grc' dir='ltr'>ἐπλήρωσε,</span> <span class='ocrx_word' id='word_1_515' title='bbox 3125 3528 3480 3600; x_wconf 82' lang='grc' dir='ltr'>συμμόρφους</span> <span class='ocrx_word' id='word_1_516' title='bbox 3531 3525 3682 3596; x_wconf 63' lang='grc' dir='ltr'>ἡμᾶς</span> 
     </span>
    </p>
   </div>
   <div class='ocr_carea' id='block_1_78' title="bbox 2105 3618 3682 3694">
    <p class='ocr_par' dir='ltr' id='par_1_78' title="bbox 2105 3618 3682 3694">
     <span class='ocr_line' id='line_1_78' title="bbox 2105 3618 3682 3694; baseline -0.006 -14"><span class='ocrx_word' id='word_1_517' title='bbox 2105 3623 2302 3680; x_wconf 81' lang='grc' dir='ltr'>ἑαυτοῦ</span> <span class='ocrx_word' id='word_1_518' title='bbox 2329 3621 2680 3694; x_wconf 73' lang='grc' dir='ltr'>καταστήσας</span> <span class='ocrx_word' id='word_1_519' title='bbox 2699 3622 2767 3691; x_wconf 78' lang='grc' dir='ltr'>τῇ</span> <span class='ocrx_word' id='word_1_520' title='bbox 2787 3621 2966 3692; x_wconf 79' lang='grc' dir='ltr'>δωρεᾷ</span> <span class='ocrx_word' id='word_1_521' title='bbox 2993 3619 3088 3673; x_wconf 83' lang='grc' dir='ltr'><strong>τοῦ</strong></span> <span class='ocrx_word' id='word_1_522' title='bbox 3114 3620 3512 3690; x_wconf 84' lang='grc' dir='ltr'>βαπτίσματος,</span> <span class='ocrx_word' id='word_1_523' title='bbox 3540 3618 3682 3671; x_wconf 81' lang='grc' dir='ltr'>ὥστε</span> 
     </span>
    </p>
   </div>
   <div class='ocr_carea' id='block_1_79' title="bbox 2107 3711 3450 3784">
    <p class='ocr_par' dir='ltr' id='par_1_79' title="bbox 2107 3711 3450 3784">
     <span class='ocr_line' id='line_1_79' title="bbox 2107 3711 3450 3784; baseline -0.005 -13"><span class='ocrx_word' id='word_1_524' title='bbox 2107 3717 2202 3771; x_wconf 73' lang='grc' dir='ltr'><strong>καὶ</strong></span> <span class='ocrx_word' id='word_1_525' title='bbox 2229 3713 2385 3778; x_wconf 80' lang='grc' dir='ltr'>θεοὺς</span> <span class='ocrx_word' id='word_1_526' title='bbox 2409 3713 2498 3767; x_wconf 72' lang='grc' dir='ltr'><strong>διὰ</strong></span> <span class='ocrx_word' id='word_1_527' title='bbox 2525 3713 2684 3766; x_wconf 88' lang='grc' dir='ltr'>τοῦτο</span> <span class='ocrx_word' id='word_1_528' title='bbox 2711 3711 3219 3784; x_wconf 86' lang='grc' dir='ltr'>προσαγορεύεσθαι</span> <span class='ocrx_word' id='word_1_529' title='bbox 3243 3712 3450 3784; x_wconf 76' lang='grc' dir='ltr'>χάριτι.</span> 
     </span>
    </p>
   </div>
   <div class='ocr_carea' id='block_1_80' title="bbox 2184 3801 3188 3874">
    <p class='ocr_par' dir='ltr' id='par_1_80' title="bbox 2184 3801 3188 3874">
     <span class='ocr_line' id='line_1_80' title="bbox 2184 3801 3188 3874; baseline -0.002 -16"><span class='ocrx_word' id='word_1_530' title='bbox 2184 3825 2204 3858; x_wconf 82' lang='grc' dir='ltr'><strong>ι</strong></span> <span class='ocrx_word' id='word_1_531' title='bbox 2262 3802 2806 3874; x_wconf 82' lang='grc' dir='ltr'>Ἀνακαινισθήσεται</span> <span class='ocrx_word' id='word_1_532' title='bbox 2835 3801 2909 3866; x_wconf 85' lang='grc' dir='ltr'>ὡς</span> <span class='ocrx_word' id='word_1_533' title='bbox 2943 3801 3126 3858; x_wconf 83' lang='grc' dir='ltr'>ἀετοῦ.</span> <span class='ocrx_word' id='word_1_534' title='bbox 3167 3821 3188 3856; x_wconf 70' lang='grc' dir='ltr'><strong>ι</strong></span> 
     </span>
    </p>
   </div>
   <div class='ocr_carea' id='block_1_81' title="bbox 2179 3885 3686 3966">
    <p class='ocr_par' dir='ltr' id='par_1_81' title="bbox 2179 3885 3686 3966">
     <span class='ocr_line' id='line_1_81' title="bbox 2179 3885 3686 3966; baseline 0.001 -20"><span class='ocrx_word' id='word_1_535' title='bbox 2179 3894 2372 3966; x_wconf 73' lang='grc' dir='ltr'>Χρόνῳ</span> <span class='ocrx_word' id='word_1_536' title='bbox 2401 3892 2510 3964; x_wconf 85' lang='grc' dir='ltr'><strong>γάρ</strong></span> <span class='ocrx_word' id='word_1_537' title='bbox 2557 3891 2737 3963; x_wconf 86' lang='grc' dir='ltr'>πολλῷ</span> <span class='ocrx_word' id='word_1_538' title='bbox 2767 3891 2928 3945; x_wconf 88' lang='grc' dir='ltr'>τοῦτο</span> <span class='ocrx_word' id='word_1_539' title='bbox 2961 3892 3210 3963; x_wconf 81' lang='grc' dir='ltr'>γηράσαν</span> <span class='ocrx_word' id='word_1_540' title='bbox 3248 3893 3306 3946; x_wconf 83' lang='grc' dir='ltr'>τὸ</span> <span class='ocrx_word' id='word_1_541' title='bbox 3335 3885 3494 3958; x_wconf 77' lang='grc' dir='ltr'>ζῶον,</span> <span class='ocrx_word' id='word_1_542' title='bbox 3519 3895 3686 3947; x_wconf 79' lang='grc' dir='ltr'>επαν-</span> 
     </span>
    </p>
   </div>
   <div class='ocr_carea' id='block_1_82' title="bbox 2111 3979 3682 4058">
    <p class='ocr_par' dir='ltr' id='par_1_82' title="bbox 2111 3979 3682 4058">
     <span class='ocr_line' id='line_1_82' title="bbox 2111 3979 3682 4058; baseline -0.004 -16"><span class='ocrx_word' id='word_1_543' title='bbox 2111 3991 2332 4058; x_wconf 79' lang='grc' dir='ltr'>ἑρχεται</span> <span class='ocrx_word' id='word_1_544' title='bbox 2374 3987 2454 4048; x_wconf 87' lang='grc' dir='ltr'><strong>είς</strong></span> <span class='ocrx_word' id='word_1_545' title='bbox 2493 3985 2712 4054; x_wconf 84' lang='grc' dir='ltr'>ἀκμήν·</span> <span class='ocrx_word' id='word_1_546' title='bbox 2761 3979 2904 4037; x_wconf 81' lang='grc' dir='ltr'>εἶναι</span> <span class='ocrx_word' id='word_1_547' title='bbox 2953 3983 3009 4036; x_wconf 79' lang='grc' dir='ltr'>δὲ</span> <span class='ocrx_word' id='word_1_548' title='bbox 3043 3983 3136 4038; x_wconf 77' lang='grc' dir='ltr'>καὶ</span> <span class='ocrx_word' id='word_1_549' title='bbox 3164 3983 3384 4056; x_wconf 72' lang='grc' dir='ltr'>ἰσχυρὸν</span> <span class='ocrx_word' id='word_1_550' title='bbox 3419 3984 3558 4055; x_wconf 87' lang='grc' dir='ltr'><strong>μετά</strong></span> <span class='ocrx_word' id='word_1_551' title='bbox 3586 3983 3682 4052; x_wconf 86' lang='grc' dir='ltr'><strong>γῆ-</strong></span> 
     </span>
    </p>
   </div>
   <div class='ocr_carea' id='block_1_83' title="bbox 2110 4073 3684 4150">
    <p class='ocr_par' dir='ltr' id='par_1_83' title="bbox 2110 4073 3684 4150">
     <span class='ocr_line' id='line_1_83' title="bbox 2110 4073 3684 4150; baseline -0.004 -19"><span class='ocrx_word' id='word_1_552' title='bbox 2110 4078 2208 4150; x_wconf 83' lang='grc' dir='ltr'><strong>ρας</strong></span> <span class='ocrx_word' id='word_1_553' title='bbox 2256 4075 2491 4144; x_wconf 81' lang='grc' dir='ltr'>λέγεται.</span> <span class='ocrx_word' id='word_1_554' title='bbox 2546 4073 2693 4143; x_wconf 78' lang='grc' dir='ltr'>Πλὴν</span> <span class='ocrx_word' id='word_1_555' title='bbox 2731 4073 2852 4126; x_wconf 85' lang='grc' dir='ltr'>τότε</span> <span class='ocrx_word' id='word_1_556' title='bbox 2883 4075 2916 4144; x_wconf 80' lang='grc' dir='ltr'><strong>ἡ</strong></span> <span class='ocrx_word' id='word_1_557' title='bbox 2944 4073 3132 4144; x_wconf 82' lang='grc' dir='ltr'>νεότης</span> <span class='ocrx_word' id='word_1_558' title='bbox 3159 4074 3316 4145; x_wconf 82' lang='grc' dir='ltr'>ἡμῶν</span> <span class='ocrx_word' id='word_1_559' title='bbox 3350 4074 3430 4138; x_wconf 84' lang='grc' dir='ltr'><strong>εἰς</strong></span> <span class='ocrx_word' id='word_1_560' title='bbox 3457 4075 3684 4128; x_wconf 83' lang='grc' dir='ltr'>ἀνακαι-</span> 
     </span>
    </p>
   </div>
   <div class='ocr_carea' id='block_1_84' title="bbox 2109 4164 3686 4246">
    <p class='ocr_par' dir='ltr' id='par_1_84' title="bbox 2109 4164 3686 4246">
     <span class='ocr_line' id='line_1_84' title="bbox 2109 4164 3686 4246; baseline -0.01 -15"><span class='ocrx_word' id='word_1_561' title='bbox 2109 4179 2302 4246; x_wconf 84' lang='grc' dir='ltr'>νισμὸν</span> <span class='ocrx_word' id='word_1_562' title='bbox 2323 4175 2561 4246; x_wconf 78' lang='grc' dir='ltr'>ἔρχεται,</span> <span class='ocrx_word' id='word_1_563' title='bbox 2597 4174 2726 4228; x_wconf 83' lang='grc' dir='ltr'>ὅταν</span> <span class='ocrx_word' id='word_1_564' title='bbox 2752 4170 3052 4242; x_wconf 75' lang='grc' dir='ltr'>ὐψιπετοῦς</span> <span class='ocrx_word' id='word_1_565' title='bbox 3083 4169 3241 4222; x_wconf 84' lang='grc' dir='ltr'>ἀετοῦ</span> <span class='ocrx_word' id='word_1_566' title='bbox 3271 4168 3428 4238; x_wconf 87' lang='grc' dir='ltr'>δίκην</span> <span class='ocrx_word' id='word_1_567' title='bbox 3449 4164 3686 4235; x_wconf 85' lang='grc' dir='ltr'>γενώμε-</span> 
     </span>
    </p>
   </div>
   <div class='ocr_carea' id='block_1_85' title="bbox 2110 4259 3683 4342">
    <p class='ocr_par' dir='ltr' id='par_1_85' title="bbox 2110 4259 3683 4342">
     <span class='ocr_line' id='line_1_85' title="bbox 2110 4259 3683 4342; baseline -0.008 -21"><span class='ocrx_word' id='word_1_568' title='bbox 2110 4269 2200 4333; x_wconf 90' lang='grc' dir='ltr'><strong>θα,</strong></span> <span class='ocrx_word' id='word_1_569' title='bbox 2231 4268 2428 4340; x_wconf 81' lang='grc' dir='ltr'>μηκέτι</span> <span class='ocrx_word' id='word_1_570' title='bbox 2473 4267 2542 4320; x_wconf 64' lang='grc' dir='ltr'>τὰ</span> <span class='ocrx_word' id='word_1_571' title='bbox 2584 4265 2684 4335; x_wconf 80' lang='grc' dir='ltr'>τῆς</span> <span class='ocrx_word' id='word_1_572' title='bbox 2727 4265 2849 4335; x_wconf 83' lang='grc' dir='ltr'>γῆς,</span> <span class='ocrx_word' id='word_1_573' title='bbox 2891 4262 3030 4342; x_wconf 81' lang='grc' dir='ltr'><strong>ἀλλά</strong></span> <span class='ocrx_word' id='word_1_574' title='bbox 3073 4262 3142 4316; x_wconf 85' lang='grc' dir='ltr'><strong>τά</strong></span> <span class='ocrx_word' id='word_1_575' title='bbox 3172 4261 3284 4315; x_wconf 80' lang='grc' dir='ltr'>ἀνω</span> <span class='ocrx_word' id='word_1_576' title='bbox 3316 4259 3644 4330; x_wconf 80' lang='grc' dir='ltr'>φρονοῦντες</span> <span class='ocrx_word' id='word_1_577' title='bbox 3669 4273 3683 4286; x_wconf 78' lang='grc'><strong><em>⁸</em></strong></span> 
     </span>
    </p>
   </div>
   <div class='ocr_carea' id='block_1_86' title="bbox 2109 4347 3685 4430">
    <p class='ocr_par' dir='ltr' id='par_1_86' title="bbox 2109 4347 3685 4430">
     <span class='ocr_line' id='line_1_86' title="bbox 2109 4347 3685 4430; baseline -0.008 -15"><span class='ocrx_word' id='word_1_578' title='bbox 2109 4361 2302 4430; x_wconf 78' lang='grc' dir='ltr'>ὥσπερ</span> <span class='ocrx_word' id='word_1_579' title='bbox 2325 4361 2458 4430; x_wconf 81' lang='grc' dir='ltr'>ἡμῖν</span> <span class='ocrx_word' id='word_1_580' title='bbox 2492 4359 2585 4412; x_wconf 71' lang='grc' dir='ltr'>καὶ</span> <span class='ocrx_word' id='word_1_581' title='bbox 2616 4356 2830 4420; x_wconf 86' lang='grc' dir='ltr'>Παῦλος</span> <span class='ocrx_word' id='word_1_582' title='bbox 2861 4355 3116 4409; x_wconf 81' lang='grc' dir='ltr'>ὑπέθετο.</span> <span class='ocrx_word' id='word_1_583' title='bbox 3164 4352 3349 4407; x_wconf 80' lang='grc' dir='ltr'>Ἀετοῦ</span> <span class='ocrx_word' id='word_1_584' title='bbox 3391 4349 3446 4404; x_wconf 85' lang='grc' dir='ltr'>δὲ</span> <span class='ocrx_word' id='word_1_585' title='bbox 3498 4347 3685 4408; x_wconf 71' lang='grc' dir='ltr'>ποίου,</span> 
     </span>
    </p>
   </div>
   <div class='ocr_carea' id='block_1_87' title="bbox 417 4441 2000 4534">
    <p class='ocr_par' dir='ltr' id='par_1_87' title="bbox 417 4447 2000 4534">
     <span class='ocr_line' id='line_1_87' title="bbox 417 4447 2000 4534; baseline 0.013 -35"><span class='ocrx_word' id='word_1_586' title='bbox 417 4447 578 4500; x_wconf 76' lang='lat' dir='ltr'><strong>cavit.</strong></span> <span class='ocrx_word' id='word_1_587' title='bbox 605 4449 792 4514; x_wconf 87' lang='lat' dir='ltr'><strong>Qualis</strong></span> <span class='ocrx_word' id='word_1_588' title='bbox 814 4461 996 4508; x_wconf 87' lang='lat' dir='ltr'><strong>autem</strong></span> <span class='ocrx_word' id='word_1_589' title='bbox 1021 4455 1253 4528; x_wconf 61' lang='lat' dir='ltr'><strong>aquilis?</strong></span> <span class='ocrx_word' id='word_1_590' title='bbox 1301 4457 1486 4530; x_wconf 89' lang='lat' dir='ltr'><strong>utique</strong></span> <span class='ocrx_word' id='word_1_591' title='bbox 1510 4460 1746 4528; x_wconf 88' lang='lat' dir='ltr'><strong>Christi;</strong></span> <span class='ocrx_word' id='word_1_592' title='bbox 1789 4463 1857 4518; x_wconf 90' lang='lat' dir='ltr'><strong>de</strong></span> <span class='ocrx_word' id='word_1_593' title='bbox 1892 4483 2000 4534; x_wconf 89' lang='lat' dir='ltr'><strong>quo</strong></span> 
     </span>
    </p>
   </div>
   <div class='ocr_carea' id='block_1_88' title="bbox 2101 4441 3687 4534">
    <p class='ocr_par' dir='ltr' id='par_1_88' title="bbox 2107 4441 3687 4523">
     <span class='ocr_line' id='line_1_88' title="bbox 2107 4441 3687 4523; baseline -0.009 -15"><span class='ocrx_word' id='word_1_594' title='bbox 2107 4454 2224 4508; x_wconf 87' lang='grc' dir='ltr'>ἀλλ’</span> <span class='ocrx_word' id='word_1_595' title='bbox 2253 4453 2286 4523; x_wconf 76' lang='grc' dir='ltr'>ἢ</span> <span class='ocrx_word' id='word_1_596' title='bbox 2325 4451 2545 4514; x_wconf 76' lang='grc' dir='ltr'>πάντως</span> <span class='ocrx_word' id='word_1_597' title='bbox 2585 4441 2676 4503; x_wconf 85' lang='grc' dir='ltr'><strong>τοῦ</strong></span> <span class='ocrx_word' id='word_1_598' title='bbox 2715 4447 2950 4520; x_wconf 83' lang='grc' dir='ltr'>Χριστοῦ</span> <span class='ocrx_word' id='word_1_599' title='bbox 2971 4489 2985 4514; x_wconf 87' lang='grc'><strong>,</strong></span> <span class='ocrx_word' id='word_1_600' title='bbox 3021 4446 3150 4519; x_wconf 70' lang='grc' dir='ltr'>περὶ</span> <span class='ocrx_word' id='word_1_601' title='bbox 3179 4441 3242 4500; x_wconf 79' lang='grc' dir='ltr'>οὗ</span> <span class='ocrx_word' id='word_1_602' title='bbox 3273 4443 3476 4514; x_wconf 80' lang='grc' dir='ltr'>Μωσῆς</span> <span class='ocrx_word' id='word_1_603' title='bbox 3509 4441 3687 4504; x_wconf 81' lang='grc' dir='ltr'>οὓτως</span> 
     </span>
    </p>
   </div>
   <div class='ocr_carea' id='block_1_89' title="bbox 419 4539 2000 4626">
    <p class='ocr_par' dir='ltr' id='par_1_89' title="bbox 419 4539 2000 4626">
     <span class='ocr_line' id='line_1_89' title="bbox 419 4539 2000 4626; baseline 0.011 -33"><span class='ocrx_word' id='word_1_604' title='bbox 419 4539 630 4610; x_wconf 79' lang='lat' dir='ltr'><strong>Moyses</strong></span> <span class='ocrx_word' id='word_1_605' title='bbox 667 4541 738 4599; x_wconf 86' lang='lat' dir='ltr'><strong>ita</strong></span> <span class='ocrx_word' id='word_1_606' title='bbox 767 4560 970 4602; x_wconf 86' lang='lat' dir='ltr'><strong>canens</strong></span> <span class='ocrx_word' id='word_1_607' title='bbox 1007 4547 1340 4605; x_wconf 82' lang='lat' dir='ltr'><strong>insinuavit:</strong></span> <span class='ocrx_word' id='word_1_608' title='bbox 1368 4549 1515 4607; x_wconf 82' lang='lat' dir='ltr'><strong>Sicut</strong></span> <span class='ocrx_word' id='word_1_609' title='bbox 1545 4555 1726 4626; x_wconf 82' lang='lat' dir='ltr'><strong>aquila</strong></span> <span class='ocrx_word' id='word_1_610' title='bbox 1760 4559 1883 4626; x_wconf 86' lang='lat' dir='ltr'><strong>tegit</strong></span> <span class='ocrx_word' id='word_1_611' title='bbox 1917 4559 2000 4610; x_wconf 86' lang='lat' dir='ltr'><strong>ni-</strong></span> 
     </span>
    </p>
   </div>
   <div class='ocr_carea' id='block_1_90' title="bbox 417 4634 2000 4718">
    <p class='ocr_par' dir='ltr' id='par_1_90' title="bbox 417 4634 2000 4718">
     <span class='ocr_line' id='line_1_90' title="bbox 417 4634 2000 4718; baseline 0.011 -32"><span class='ocrx_word' id='word_1_612' title='bbox 417 4634 543 4686; x_wconf 81' lang='lat' dir='ltr'><strong>dum</strong></span> <span class='ocrx_word' id='word_1_613' title='bbox 570 4651 742 4702; x_wconf 82' lang='lat' dir='ltr'><strong>suum,</strong></span> <span class='ocrx_word' id='word_1_614' title='bbox 768 4647 816 4690; x_wconf 85' lang='lat' dir='ltr'><strong>et</strong></span> <span class='ocrx_word' id='word_1_615' title='bbox 858 4656 1014 4708; x_wconf 82' lang='lat' dir='ltr'><strong>super</strong></span> <span class='ocrx_word' id='word_1_616' title='bbox 1052 4642 1224 4710; x_wconf 79' lang='lat' dir='ltr'><strong>pullos</strong></span> <span class='ocrx_word' id='word_1_617' title='bbox 1250 4659 1370 4698; x_wconf 82' lang='lat' dir='ltr'><strong>suos</strong></span> <span class='ocrx_word' id='word_1_618' title='bbox 1399 4645 1717 4700; x_wconf 82' lang='lat' dir='ltr'><strong>desideravit</strong></span> <span class='ocrx_word' id='word_1_619' title='bbox 1748 4646 2000 4718; x_wconf 77' lang='lat' dir='ltr'><strong>[Vulgata</strong></span> 
     </span>
    </p>
   </div>
   <div class='ocr_carea' id='block_1_91' title="bbox 419 4723 2002 4804">
    <p class='ocr_par' dir='ltr' id='par_1_91' title="bbox 419 4723 2002 4804">
     <span class='ocr_line' id='line_1_91' title="bbox 419 4723 2002 4804; baseline 0.012 -29"><span class='ocrx_word' id='word_1_620' title='bbox 419 4723 722 4798; x_wconf 76' lang='lat' dir='ltr'><strong>volavit”.]</strong></span> <span class='ocrx_word' id='word_1_621' title='bbox 767 4727 832 4782; x_wconf 80' lang='lat' dir='ltr'><strong>Et</strong></span> <span class='ocrx_word' id='word_1_622' title='bbox 865 4730 988 4801; x_wconf 89' lang='lat' dir='ltr'><strong>quis</strong></span> <span class='ocrx_word' id='word_1_623' title='bbox 1019 4733 1108 4786; x_wconf 91' lang='lat' dir='ltr'><strong>hic</strong></span> <span class='ocrx_word' id='word_1_624' title='bbox 1148 4733 1313 4788; x_wconf 81' lang='lat' dir='ltr'><strong>fuerit</strong></span> <span class='ocrx_word' id='word_1_625' title='bbox 1357 4735 1643 4804; x_wconf 40' lang='lat' dir='ltr'><strong>sub-iunxit</strong></span> <span class='ocrx_word' id='word_1_626' title='bbox 1683 4754 1696 4790; x_wconf 90' lang='lat'><strong>:</strong></span> <span class='ocrx_word' id='word_1_627' title='bbox 1749 4735 2002 4794; x_wconf 83' lang='lat' dir='ltr'><strong>Dominus</strong></span> 
     </span>
    </p>
   </div>
   <div class='ocr_carea' id='block_1_92' title="bbox 417 4813 1962 4886">
    <p class='ocr_par' dir='ltr' id='par_1_92' title="bbox 417 4813 1962 4886">
     <span class='ocr_line' id='line_1_92' title="bbox 417 4813 1962 4886; baseline 0.012 -19"><span class='ocrx_word' id='word_1_628' title='bbox 417 4813 561 4868; x_wconf 83' lang='lat' dir='ltr'><strong>solus</strong></span> <span class='ocrx_word' id='word_1_629' title='bbox 593 4817 741 4870; x_wconf 67' lang='lat' dir='ltr'><strong>duxit</strong></span> <span class='ocrx_word' id='word_1_630' title='bbox 769 4837 852 4874; x_wconf 85' lang='lat' dir='ltr'><strong>eos</strong></span> <span class='ocrx_word' id='word_1_631' title='bbox 875 4835 894 4872; x_wconf 89' lang='lat'><strong><em>:</em></strong></span> <span class='ocrx_word' id='word_1_632' title='bbox 918 4830 968 4874; x_wconf 88' lang='lat' dir='ltr'><strong>et</strong></span> <span class='ocrx_word' id='word_1_633' title='bbox 997 4839 1098 4876; x_wconf 85' lang='lat' dir='ltr'><strong>non</strong></span> <span class='ocrx_word' id='word_1_634' title='bbox 1129 4835 1242 4878; x_wconf 81' lang='lat' dir='ltr'><strong>erat</strong></span> <span class='ocrx_word' id='word_1_635' title='bbox 1269 4844 1382 4880; x_wconf 85' lang='lat' dir='ltr'><strong>cum</strong></span> <span class='ocrx_word' id='word_1_636' title='bbox 1410 4829 1482 4881; x_wconf 84' lang='lat' dir='ltr'><strong>eis</strong></span> <span class='ocrx_word' id='word_1_637' title='bbox 1513 4827 1647 4883; x_wconf 81' lang='lat' dir='ltr'><strong>Dens</strong></span> <span class='ocrx_word' id='word_1_638' title='bbox 1677 4830 1962 4886; x_wconf 66' lang='lat' dir='ltr'><strong>alienus“.</strong></span> 
     </span>
    </p>
   </div>
   <div class='ocr_carea' id='block_1_93' title="bbox 493 4905 1709 4993">
    <p class='ocr_par' dir='ltr' id='par_1_93' title="bbox 493 4905 1709 4993">
     <span class='ocr_line' id='line_1_93' title="bbox 493 4905 1709 4993; baseline 0.012 -33"><span class='ocrx_word' id='word_1_639' title='bbox 493 4905 654 4963; x_wconf 73' lang='lat' dir='ltr'><strong>Vnus.</strong></span> <span class='ocrx_word' id='word_1_640' title='bbox 681 4909 734 4965; x_wconf 90' lang='lat'><strong>7.</strong></span> <span class='ocrx_word' id='word_1_641' title='bbox 779 4931 797 4962; x_wconf 82' lang='grc' dir='ltr'><strong>ι</strong></span> <span class='ocrx_word' id='word_1_642' title='bbox 829 4911 996 4969; x_wconf 85' lang='lat' dir='ltr'><strong>Notas</strong></span> <span class='ocrx_word' id='word_1_643' title='bbox 1017 4915 1148 4970; x_wconf 76' lang='lat' dir='ltr'><strong>fecit</strong></span> <span class='ocrx_word' id='word_1_644' title='bbox 1175 4918 1294 4974; x_wconf 88' lang='lat' dir='ltr'><strong>vias</strong></span> <span class='ocrx_word' id='word_1_645' title='bbox 1317 4935 1443 4974; x_wconf 89' lang='lat' dir='ltr'><strong>suas</strong></span> <span class='ocrx_word' id='word_1_646' title='bbox 1468 4921 1653 4993; x_wconf 78' lang='lat' dir='ltr'><strong>Moysi.</strong></span> <span class='ocrx_word' id='word_1_647' title='bbox 1690 4943 1709 4974; x_wconf 75' lang='grc' dir='ltr'><strong>ι</strong></span> 
     </span>
    </p>
   </div>
   <div class='ocr_carea' id='block_1_94' title="bbox 487 4997 2003 5084">
    <p class='ocr_par' dir='ltr' id='par_1_94' title="bbox 487 4997 2003 5084">
     <span class='ocr_line' id='line_1_94' title="bbox 487 4997 2003 5084; baseline 0.009 -29"><span class='ocrx_word' id='word_1_648' title='bbox 487 4997 651 5068; x_wconf 90' lang='lat' dir='ltr'><strong>Olim,</strong></span> <span class='ocrx_word' id='word_1_649' title='bbox 680 5001 1162 5074; x_wconf 86' lang='lat' dir='ltr'><strong>inquit,judicium</strong></span> <span class='ocrx_word' id='word_1_650' title='bbox 1188 5007 1350 5064; x_wconf 79' lang='lat' dir='ltr'><strong>faciet</strong></span> <span class='ocrx_word' id='word_1_651' title='bbox 1386 5010 1641 5081; x_wconf 85' lang='lat' dir='ltr'><strong>injuriam</strong></span> <span class='ocrx_word' id='word_1_652' title='bbox 1683 5014 1876 5084; x_wconf 88' lang='lat' dir='ltr'><strong>passis.</strong></span> <span class='ocrx_word' id='word_1_653' title='bbox 1901 5013 2003 5068; x_wconf 84' lang='lat' dir='ltr'><strong>De—</strong></span> 
     </span>
    </p>
   </div>
   <div class='ocr_carea' id='block_1_95' title="bbox 417 5094 2006 5171">
    <p class='ocr_par' dir='ltr' id='par_1_95' title="bbox 417 5094 2006 5171">
     <span class='ocr_line' id='line_1_95' title="bbox 417 5094 2006 5171; baseline 0.009 -25"><span class='ocrx_word' id='word_1_654' title='bbox 417 5094 662 5165; x_wconf 79' lang='lat' dir='ltr'><strong>signatur</strong></span> <span class='ocrx_word' id='word_1_655' title='bbox 697 5106 879 5151; x_wconf 89' lang='lat' dir='ltr'><strong>autem</strong></span> <span class='ocrx_word' id='word_1_656' title='bbox 920 5097 1024 5162; x_wconf 81' lang='lat' dir='ltr'><strong>lex,</strong></span> <span class='ocrx_word' id='word_1_657' title='bbox 1049 5099 1104 5152; x_wconf 89' lang='lat' dir='ltr'><strong>in</strong></span> <span class='ocrx_word' id='word_1_658' title='bbox 1147 5117 1254 5171; x_wconf 88' lang='lat' dir='ltr'><strong>qua</strong></span> <span class='ocrx_word' id='word_1_659' title='bbox 1294 5101 1409 5157; x_wconf 81' lang='lat' dir='ltr'><strong>vias</strong></span> <span class='ocrx_word' id='word_1_660' title='bbox 1449 5119 1595 5169; x_wconf 90' lang='lat' dir='ltr'><strong>suas,</strong></span> <span class='ocrx_word' id='word_1_661' title='bbox 1623 5105 1832 5161; x_wconf 90' lang='lat' dir='ltr'><strong>scilicet</strong></span> <span class='ocrx_word' id='word_1_662' title='bbox 1855 5122 2006 5160; x_wconf 88' lang='lat' dir='ltr'><strong>man-</strong></span> 
     </span>
    </p>
   </div>
   <div class='ocr_carea' id='block_1_96' title="bbox 417 5186 2009 5264">
    <p class='ocr_par' dir='ltr' id='par_1_96' title="bbox 417 5186 2009 5264">
     <span class='ocr_line' id='line_1_96' title="bbox 417 5186 2009 5264; baseline 0.009 -28"><span class='ocrx_word' id='word_1_663' title='bbox 417 5186 562 5248; x_wconf 83' lang='lat' dir='ltr'><strong>data,</strong></span> <span class='ocrx_word' id='word_1_664' title='bbox 594 5186 762 5260; x_wconf 78' lang='lat' dir='ltr'><strong>Moysi</strong></span> <span class='ocrx_word' id='word_1_665' title='bbox 799 5189 1122 5256; x_wconf 83' lang='lat' dir='ltr'><strong>notiﬁcavit,</strong></span> <span class='ocrx_word' id='word_1_666' title='bbox 1147 5201 1200 5246; x_wconf 84' lang='lat' dir='ltr'><strong>et</strong></span> <span class='ocrx_word' id='word_1_667' title='bbox 1237 5207 1332 5262; x_wconf 89' lang='lat' dir='ltr'><strong>per</strong></span> <span class='ocrx_word' id='word_1_668' title='bbox 1371 5194 1550 5264; x_wconf 90' lang='lat' dir='ltr'><strong>ipsum</strong></span> <span class='ocrx_word' id='word_1_669' title='bbox 1573 5195 1695 5252; x_wconf 82' lang='lat' dir='ltr'><strong>[iliis</strong></span> <span class='ocrx_word' id='word_1_670' title='bbox 1728 5197 1892 5252; x_wconf 87' lang='lat' dir='ltr'><strong>Israel</strong></span> <span class='ocrx_word' id='word_1_671' title='bbox 1917 5213 2009 5250; x_wconf 64' lang='grc' dir='ltr'>νου·</span> 
     </span>
    </p>
   </div>
   <div class='ocr_carea' id='block_1_97' title="bbox 417 5277 2006 5350">
    <p class='ocr_par' dir='ltr' id='par_1_97' title="bbox 417 5277 2006 5350">
     <span class='ocr_line' id='line_1_97' title="bbox 417 5277 2006 5350; baseline 0.009 -20"><span class='ocrx_word' id='word_1_672' title='bbox 417 5277 654 5334; x_wconf 82' lang='lat' dir='ltr'><strong>luntates</strong></span> <span class='ocrx_word' id='word_1_673' title='bbox 693 5281 1128 5338; x_wconf 81' lang='lat' dir='ltr'><strong>suas.Voiuntas</strong></span> <span class='ocrx_word' id='word_1_674' title='bbox 1171 5285 1318 5339; x_wconf 90' lang='lat' dir='ltr'><strong>enim</strong></span> <span class='ocrx_word' id='word_1_675' title='bbox 1359 5285 1456 5340; x_wconf 87' lang='lat' dir='ltr'><strong>Dei</strong></span> <span class='ocrx_word' id='word_1_676' title='bbox 1502 5296 1606 5350; x_wconf 87' lang='lat' dir='ltr'><strong>cst,</strong></span> <span class='ocrx_word' id='word_1_677' title='bbox 1651 5299 1710 5342; x_wconf 91' lang='lat' dir='ltr'><strong>ut</strong></span> <span class='ocrx_word' id='word_1_678' title='bbox 1759 5304 1868 5342; x_wconf 91' lang='lat' dir='ltr'><strong>non</strong></span> <span class='ocrx_word' id='word_1_679' title='bbox 1915 5289 2006 5343; x_wconf 84' lang='lat' dir='ltr'><strong>liat</strong></span> 
     </span>
    </p>
   </div>
   <div class='ocr_carea' id='block_1_98' title="bbox 419 5369 2009 5449">
    <p class='ocr_par' dir='ltr' id='par_1_98' title="bbox 419 5369 2009 5449">
     <span class='ocr_line' id='line_1_98' title="bbox 419 5369 2009 5449; baseline 0.006 -25"><span class='ocrx_word' id='word_1_680' title='bbox 419 5369 768 5436; x_wconf 85' lang='lat' dir='ltr'><strong>adulterium,</strong></span> <span class='ocrx_word' id='word_1_681' title='bbox 792 5389 970 5444; x_wconf 78' lang='lat' dir='ltr'><strong>neque</strong></span> <span class='ocrx_word' id='word_1_682' title='bbox 1015 5375 1394 5438; x_wconf 86' lang='lat' dir='ltr'><strong>homicidium,</strong></span> <span class='ocrx_word' id='word_1_683' title='bbox 1429 5393 1610 5449; x_wconf 83' lang='lat' dir='ltr'><strong>neque</strong></span> <span class='ocrx_word' id='word_1_684' title='bbox 1656 5378 1882 5444; x_wconf 76' lang='lat' dir='ltr'><strong>furtum,</strong></span> <span class='ocrx_word' id='word_1_685' title='bbox 1908 5395 2009 5433; x_wconf 80' lang='lat' dir='ltr'><strong>ne-</strong></span> 
     </span>
    </p>
   </div>
   <div class='ocr_carea' id='block_1_99' title="bbox 419 5460 2004 5536">
    <p class='ocr_par' dir='ltr' id='par_1_99' title="bbox 419 5460 2004 5536">
     <span class='ocr_line' id='line_1_99' title="bbox 419 5460 2004 5536; baseline 0.006 -21"><span class='ocrx_word' id='word_1_686' title='bbox 419 5476 526 5528; x_wconf 88' lang='lat' dir='ltr'><strong>que</strong></span> <span class='ocrx_word' id='word_1_687' title='bbox 557 5460 748 5516; x_wconf 76' lang='lat' dir='ltr'><strong>falsum</strong></span> <span class='ocrx_word' id='word_1_688' title='bbox 773 5464 1178 5531; x_wconf 86' lang='lat' dir='ltr'><strong>testimonium;</strong></span> <span class='ocrx_word' id='word_1_689' title='bbox 1203 5467 1460 5536; x_wconf 85' lang='lat' dir='ltr'><strong>quoniam</strong></span> <span class='ocrx_word' id='word_1_690' title='bbox 1495 5469 1594 5524; x_wconf 89' lang='lat' dir='ltr'><strong>hoc</strong></span> <span class='ocrx_word' id='word_1_691' title='bbox 1628 5471 1790 5526; x_wconf 88' lang='lat' dir='ltr'><strong>modo</strong></span> <span class='ocrx_word' id='word_1_692' title='bbox 1829 5471 2004 5525; x_wconf 78' lang='lat' dir='ltr'><strong>salva-</strong></span> 
     </span>
    </p>
   </div>
   <div class='ocr_carea' id='block_1_100' title="bbox 423 5569 565 5608">
    <p class='ocr_par' dir='ltr' id='par_1_100' title="bbox 423 5569 565 5608">
     <span class='ocr_line' id='line_1_100' title="bbox 423 5569 565 5608; baseline -0.028 0"><span class='ocrx_word' id='word_1_693' title='bbox 423 5569 474 5608; x_wconf 63' lang='grc' dir='ltr'><strong>ιιι</strong></span> <span class='ocrx_word' id='word_1_694' title='bbox 482 5571 514 5608; x_wconf 76' lang='lat' dir='ltr'><strong>ll</strong></span> <span class='ocrx_word' id='word_1_695' title='bbox 523 5571 565 5608; x_wconf 86' lang='lat' dir='ltr'><strong>l&#39;.</strong></span> 
     </span>
    </p>
   </div>
   <div class='ocr_carea' id='block_1_101' title="bbox 495 5647 1822 5712">
    <p class='ocr_par' dir='ltr' id='par_1_101' title="bbox 495 5647 1822 5712">
     <span class='ocr_line' id='line_1_101' title="bbox 495 5647 1822 5712; baseline 0.005 -13"><span class='ocrx_word' id='word_1_696' title='bbox 495 5647 657 5702; x_wconf 70' lang='lat' dir='ltr'><strong>Vens.</strong></span> <span class='ocrx_word' id='word_1_697' title='bbox 687 5650 740 5704; x_wconf 86' lang='lat'><strong>8.</strong></span> <span class='ocrx_word' id='word_1_698' title='bbox 783 5651 1061 5708; x_wconf 79' lang='lat' dir='ltr'><strong>Miscrator</strong></span> <span class='ocrx_word' id='word_1_699' title='bbox 1083 5662 1136 5710; x_wconf 86' lang='lat' dir='ltr'><strong>et</strong></span> <span class='ocrx_word' id='word_1_700' title='bbox 1163 5654 1472 5711; x_wconf 82' lang='lat' dir='ltr'><strong>misericors</strong></span> <span class='ocrx_word' id='word_1_701' title='bbox 1495 5655 1775 5712; x_wconf 85' lang='lat' dir='ltr'><strong>Dominus.</strong></span> <span class='ocrx_word' id='word_1_702' title='bbox 1806 5676 1822 5706; x_wconf 69' lang='grc' dir='ltr'><strong>ι</strong></span> 
     </span>
    </p>
   </div>
   <div class='ocr_carea' id='block_1_102' title="bbox 2105 4536 3686 4617">
    <p class='ocr_par' dir='ltr' id='par_1_102' title="bbox 2105 4536 3686 4617">
     <span class='ocr_line' id='line_1_102' title="bbox 2105 4536 3686 4617; baseline -0.007 -19"><span class='ocrx_word' id='word_1_703' title='bbox 2105 4547 2246 4617; x_wconf 72' lang='grc' dir='ltr'>ᾅδων</span> <span class='ocrx_word' id='word_1_704' title='bbox 2274 4545 2541 4615; x_wconf 76' lang='grc' dir='ltr'>ἡνίττετο,</span> <span class='ocrx_word' id='word_1_705' title='bbox 2587 4541 2683 4608; x_wconf 82' lang='grc' dir='ltr'>Ὠς</span> <span class='ocrx_word' id='word_1_706' title='bbox 2717 4540 2892 4606; x_wconf 80' lang='grc' dir='ltr'>ἀετὸς</span> <span class='ocrx_word' id='word_1_707' title='bbox 2918 4539 3199 4600; x_wconf 78' lang='grc' dir='ltr'>σκεπάζει</span> <span class='ocrx_word' id='word_1_708' title='bbox 3240 4536 3501 4592; x_wconf 78' lang='grc' dir='ltr'>νοσσιὰν</span> <span class='ocrx_word' id='word_1_709' title='bbox 3545 4536 3686 4589; x_wconf 82' lang='grc' dir='ltr'><strong>ἐαυ-</strong></span> 
     </span>
    </p>
   </div>
   <div class='ocr_carea' id='block_1_103' title="bbox 2105 4628 3688 4700">
    <p class='ocr_par' dir='ltr' id='par_1_103' title="bbox 2105 4628 3688 4700">
     <span class='ocr_line' id='line_1_103' title="bbox 2105 4628 3688 4700; baseline -0.008 -8"><span class='ocrx_word' id='word_1_710' title='bbox 2105 4639 2231 4698; x_wconf 85' lang='grc' dir='ltr'>τοῦ,</span> <span class='ocrx_word' id='word_1_711' title='bbox 2261 4635 2360 4691; x_wconf 76' lang='grc' dir='ltr'>καί</span> <span class='ocrx_word' id='word_1_712' title='bbox 2386 4634 2484 4688; x_wconf 73' lang='grc' dir='ltr'><strong>ἐπὶ</strong></span> <span class='ocrx_word' id='word_1_713' title='bbox 2505 4633 2630 4700; x_wconf 81' lang='grc' dir='ltr'>τοῖς</span> <span class='ocrx_word' id='word_1_714' title='bbox 2649 4632 2935 4698; x_wconf 83' lang='grc' dir='ltr'>νεοσσοῖς</span> <span class='ocrx_word' id='word_1_715' title='bbox 2956 4631 3142 4686; x_wconf 77' lang='grc' dir='ltr'>αὐτοῦ</span> <span class='ocrx_word' id='word_1_716' title='bbox 3172 4630 3514 4696; x_wconf 80' lang='grc' dir='ltr'>ἐπεπόθησε</span> <span class='ocrx_word' id='word_1_717' title='bbox 3525 4645 3542 4692; x_wconf 86' lang='grc'><em>;</em></span> <span class='ocrx_word' id='word_1_718' title='bbox 3578 4628 3688 4680; x_wconf 74' lang='grc' dir='ltr'>Καὶ</span> 
     </span>
    </p>
   </div>
   <div class='ocr_carea' id='block_1_104' title="bbox 2104 4717 3682 4794">
    <p class='ocr_par' dir='ltr' id='par_1_104' title="bbox 2104 4717 3682 4794">
     <span class='ocr_line' id='line_1_104' title="bbox 2104 4717 3682 4794; baseline -0.006 -13"><span class='ocrx_word' id='word_1_719' title='bbox 2104 4727 2188 4791; x_wconf 80' lang='grc' dir='ltr'><strong>τίς</strong></span> <span class='ocrx_word' id='word_1_720' title='bbox 2225 4720 2380 4790; x_wconf 73' lang='grc' dir='ltr'>οὗτος</span> <span class='ocrx_word' id='word_1_721' title='bbox 2417 4727 2666 4794; x_wconf 77' lang='grc' dir='ltr'>ἐπήγαγε</span> <span class='ocrx_word' id='word_1_722' title='bbox 2694 4741 2708 4756; x_wconf 75' lang='grc' dir='ltr'><strong><em>ο</em></strong></span> <span class='ocrx_word' id='word_1_723' title='bbox 2767 4725 2980 4791; x_wconf 81' lang='grc' dir='ltr'>Κύριος</span> <span class='ocrx_word' id='word_1_724' title='bbox 3003 4723 3192 4792; x_wconf 85' lang='grc' dir='ltr'>μόνος</span> <span class='ocrx_word' id='word_1_725' title='bbox 3223 4717 3368 4792; x_wconf 77' lang='grc' dir='ltr'>ἦγεν</span> <span class='ocrx_word' id='word_1_726' title='bbox 3410 4720 3634 4786; x_wconf 83' lang='grc' dir='ltr'>αὐτούς</span> <span class='ocrx_word' id='word_1_727' title='bbox 3668 4734 3682 4748; x_wconf 87' lang='grc'><strong>·</strong></span> 
     </span>
    </p>
   </div>
   <div class='ocr_carea' id='block_1_105' title="bbox 2107 4811 3370 4886">
    <p class='ocr_par' dir='ltr' id='par_1_105' title="bbox 2107 4811 3370 4886">
     <span class='ocr_line' id='line_1_105' title="bbox 2107 4811 3370 4886; baseline -0.007 -14"><span class='ocrx_word' id='word_1_728' title='bbox 2107 4817 2204 4872; x_wconf 79' lang='grc' dir='ltr'><strong>καὶ</strong></span> <span class='ocrx_word' id='word_1_729' title='bbox 2235 4820 2347 4872; x_wconf 82' lang='grc' dir='ltr'>οὐκ</span> <span class='ocrx_word' id='word_1_730' title='bbox 2382 4813 2462 4886; x_wconf 78' lang='grc' dir='ltr'>ἦν</span> <span class='ocrx_word' id='word_1_731' title='bbox 2487 4815 2614 4885; x_wconf 85' lang='grc' dir='ltr'>μετ’</span> <span class='ocrx_word' id='word_1_732' title='bbox 2637 4811 2837 4869; x_wconf 80' lang='grc' dir='ltr'>αὐτῶν</span> <span class='ocrx_word' id='word_1_733' title='bbox 2859 4813 3005 4879; x_wconf 85' lang='grc' dir='ltr'>Θεὸς</span> <span class='ocrx_word' id='word_1_734' title='bbox 3029 4813 3370 4880; x_wconf 72' lang='grc' dir='ltr'>ἀλλότριος.</span> 
     </span>
    </p>
   </div>
   <div class='ocr_carea' id='block_1_106' title="bbox 2181 4905 3450 4981">
    <p class='ocr_par' dir='ltr' id='par_1_106' title="bbox 2181 4905 3450 4981">
     <span class='ocr_line' id='line_1_106' title="bbox 2181 4905 3450 4981; baseline -0.006 -18"><span class='ocrx_word' id='word_1_735' title='bbox 2181 4931 2199 4963; x_wconf 81' lang='grc' dir='ltr'><strong>ι</strong></span> <span class='ocrx_word' id='word_1_736' title='bbox 2260 4908 2556 4981; x_wconf 83' lang='grc' dir='ltr'>Ἐγνώρισε</span> <span class='ocrx_word' id='word_1_737' title='bbox 2590 4907 2690 4972; x_wconf 86' lang='grc' dir='ltr'><strong>τάς</strong></span> <span class='ocrx_word' id='word_1_738' title='bbox 2713 4908 2865 4970; x_wconf 75' lang='grc' dir='ltr'>ὁδοὺς</span> <span class='ocrx_word' id='word_1_739' title='bbox 2897 4905 3062 4960; x_wconf 86' lang='grc' dir='ltr'>αὐτοῦ</span> <span class='ocrx_word' id='word_1_740' title='bbox 3089 4905 3166 4976; x_wconf 79' lang='grc' dir='ltr'><strong>τῷ</strong></span> <span class='ocrx_word' id='word_1_741' title='bbox 3198 4905 3392 4975; x_wconf 61' lang='lat' dir='ltr'><strong>Monii.</strong></span> <span class='ocrx_word' id='word_1_742' title='bbox 3431 4924 3450 4955; x_wconf 72' lang='grc' dir='ltr'><strong>ι</strong></span> 
     </span>
    </p>
   </div>
   <div class='ocr_carea' id='block_1_107' title="bbox 2179 4993 3693 5074">
    <p class='ocr_par' dir='ltr' id='par_1_107' title="bbox 2179 4993 3693 5074">
     <span class='ocr_line' id='line_1_107' title="bbox 2179 4993 3693 5074; baseline -0.007 -16"><span class='ocrx_word' id='word_1_743' title='bbox 2179 5005 2375 5070; x_wconf 85' lang='grc' dir='ltr'>Πάλαι,</span> <span class='ocrx_word' id='word_1_744' title='bbox 2400 5004 2556 5074; x_wconf 70' lang='grc' dir='ltr'>φησι,</span> <span class='ocrx_word' id='word_1_745' title='bbox 2587 5005 2761 5074; x_wconf 84' lang='grc' dir='ltr'>κρῖμα</span> <span class='ocrx_word' id='word_1_746' title='bbox 2793 5003 2938 5057; x_wconf 85' lang='grc' dir='ltr'>ποιεῖ</span> <span class='ocrx_word' id='word_1_747' title='bbox 2956 5004 3066 5064; x_wconf 85' lang='grc' dir='ltr'>τοῖς</span> <span class='ocrx_word' id='word_1_748' title='bbox 3096 4997 3497 5068; x_wconf 78' lang='grc' dir='ltr'>ἀδικουμένοις.</span> <span class='ocrx_word' id='word_1_749' title='bbox 3528 4993 3693 5065; x_wconf 82' lang='grc' dir='ltr'>Δηλοῖ</span> 
     </span>
    </p>
   </div>
   <div class='ocr_carea' id='block_1_108' title="bbox 2107 5087 3690 5166">
    <p class='ocr_par' dir='ltr' id='par_1_108' title="bbox 2107 5087 3690 5166">
     <span class='ocr_line' id='line_1_108' title="bbox 2107 5087 3690 5166; baseline -0.005 -14"><span class='ocrx_word' id='word_1_750' title='bbox 2107 5097 2270 5153; x_wconf 80' lang='grc' dir='ltr'>τάσδε</span> <span class='ocrx_word' id='word_1_751' title='bbox 2305 5101 2333 5150; x_wconf 86' lang='grc' dir='ltr'>ὁ</span> <span class='ocrx_word' id='word_1_752' title='bbox 2362 5097 2527 5166; x_wconf 87' lang='grc' dir='ltr'>νόμος</span> <span class='ocrx_word' id='word_1_753' title='bbox 2551 5137 2566 5160; x_wconf 88' lang='grc'><strong>,</strong></span> <span class='ocrx_word' id='word_1_754' title='bbox 2602 5096 2658 5146; x_wconf 79' lang='grc' dir='ltr'>ὲν</span> <span class='ocrx_word' id='word_1_755' title='bbox 2693 5087 2736 5162; x_wconf 82' lang='grc' dir='ltr'>ᾧ</span> <span class='ocrx_word' id='word_1_756' title='bbox 2765 5093 2864 5157; x_wconf 71' lang='grc' dir='ltr'><strong>τὰς</strong></span> <span class='ocrx_word' id='word_1_757' title='bbox 2918 5093 3072 5155; x_wconf 75' lang='grc' dir='ltr'>ὁδοὺς</span> <span class='ocrx_word' id='word_1_758' title='bbox 3103 5090 3268 5144; x_wconf 89' lang='grc' dir='ltr'>αὐτοῦ</span> <span class='ocrx_word' id='word_1_759' title='bbox 3298 5131 3312 5154; x_wconf 90' lang='grc'><strong>,</strong></span> <span class='ocrx_word' id='word_1_760' title='bbox 3345 5089 3544 5160; x_wconf 74' lang='grc' dir='ltr'>δηλαδὴ</span> <span class='ocrx_word' id='word_1_761' title='bbox 3589 5089 3690 5144; x_wconf 71' lang='grc' dir='ltr'>τὰς</span> 
     </span>
    </p>
   </div>
   <div class='ocr_carea' id='block_1_109' title="bbox 2110 5181 3689 5259">
    <p class='ocr_par' dir='ltr' id='par_1_109' title="bbox 2110 5181 3689 5259">
     <span class='ocr_line' id='line_1_109' title="bbox 2110 5181 3689 5259; baseline -0.006 -17"><span class='ocrx_word' id='word_1_762' title='bbox 2110 5189 2352 5255; x_wconf 77' lang='grc' dir='ltr'>ἐντολὰς,</span> <span class='ocrx_word' id='word_1_763' title='bbox 2382 5187 2462 5259; x_wconf 82' lang='grc' dir='ltr'>τῷ</span> <span class='ocrx_word' id='word_1_764' title='bbox 2489 5188 2662 5257; x_wconf 76' lang='grc' dir='ltr'><strong>Μωσῇ</strong></span> <span class='ocrx_word' id='word_1_765' title='bbox 2687 5184 2975 5254; x_wconf 81' lang='grc' dir='ltr'>ἐγνώρισε,</span> <span class='ocrx_word' id='word_1_766' title='bbox 3007 5184 3101 5238; x_wconf 70' lang='grc' dir='ltr'>καὶ</span> <span class='ocrx_word' id='word_1_767' title='bbox 3121 5182 3190 5234; x_wconf 80' lang='grc' dir='ltr'>δι’</span> <span class='ocrx_word' id='word_1_768' title='bbox 3218 5181 3383 5234; x_wconf 87' lang='grc' dir='ltr'>αὐτοῦ</span> <span class='ocrx_word' id='word_1_769' title='bbox 3411 5184 3522 5242; x_wconf 84' lang='grc' dir='ltr'>τοῖς</span> <span class='ocrx_word' id='word_1_770' title='bbox 3553 5183 3689 5242; x_wconf 70' lang='grc' dir='ltr'>υἱοῖς</span> 
     </span>
    </p>
   </div>
   <div class='ocr_carea' id='block_1_110' title="bbox 2125 5271 3688 5350">
    <p class='ocr_par' dir='ltr' id='par_1_110' title="bbox 2125 5271 3688 5350">
     <span class='ocr_line' id='line_1_110' title="bbox 2125 5271 3688 5350; baseline -0.007 -15"><span class='ocrx_word' id='word_1_771' title='bbox 2125 5280 2344 5350; x_wconf 78' lang='grc' dir='ltr'>Ἰσραὴλ</span> <span class='ocrx_word' id='word_1_772' title='bbox 2377 5280 2445 5332; x_wconf 79' lang='grc' dir='ltr'><strong>τὰ</strong></span> <span class='ocrx_word' id='word_1_773' title='bbox 2476 5277 2762 5350; x_wconf 79' lang='grc' dir='ltr'>θελήματα</span> <span class='ocrx_word' id='word_1_774' title='bbox 2788 5277 2977 5330; x_wconf 81' lang='grc' dir='ltr'>αὐτοῦ.</span> <span class='ocrx_word' id='word_1_775' title='bbox 3008 5275 3232 5346; x_wconf 80' lang='grc' dir='ltr'>Θὲλημα</span> <span class='ocrx_word' id='word_1_776' title='bbox 3265 5275 3374 5344; x_wconf 75' lang='grc' dir='ltr'>γὰρ</span> <span class='ocrx_word' id='word_1_777' title='bbox 3407 5274 3500 5327; x_wconf 86' lang='grc' dir='ltr'><strong>τοῦ</strong></span> <span class='ocrx_word' id='word_1_778' title='bbox 3529 5271 3688 5336; x_wconf 82' lang='grc' dir='ltr'>Θεοῦ,</span> 
     </span>
    </p>
   </div>
   <div class='ocr_carea' id='block_1_111' title="bbox 2111 5364 3694 5444">
    <p class='ocr_par' dir='ltr' id='par_1_111' title="bbox 2111 5364 3694 5444">
     <span class='ocr_line' id='line_1_111' title="bbox 2111 5364 3694 5444; baseline -0.005 -16"><span class='ocrx_word' id='word_1_779' title='bbox 2111 5375 2171 5428; x_wconf 82' lang='grc' dir='ltr'><strong>τὸ</strong></span> <span class='ocrx_word' id='word_1_780' title='bbox 2196 5373 2270 5444; x_wconf 81' lang='grc' dir='ltr'>μὴ</span> <span class='ocrx_word' id='word_1_781' title='bbox 2303 5371 2601 5443; x_wconf 76' lang='grc' dir='ltr'>μοιχεύειν,</span> <span class='ocrx_word' id='word_1_782' title='bbox 2637 5369 2710 5440; x_wconf 86' lang='grc' dir='ltr'>μὴ</span> <span class='ocrx_word' id='word_1_783' title='bbox 2745 5370 3015 5437; x_wconf 80' lang='grc' dir='ltr'>φονεύειν,</span> <span class='ocrx_word' id='word_1_784' title='bbox 3051 5369 3125 5439; x_wconf 81' lang='grc' dir='ltr'>μὴ</span> <span class='ocrx_word' id='word_1_785' title='bbox 3155 5365 3429 5430; x_wconf 80' lang='grc' dir='ltr'>κλέπτειν,</span> <span class='ocrx_word' id='word_1_786' title='bbox 3463 5365 3537 5436; x_wconf 83' lang='grc' dir='ltr'><strong>μὴ</strong></span> <span class='ocrx_word' id='word_1_787' title='bbox 3559 5364 3694 5435; x_wconf 60' lang='lat' dir='ltr'><strong>dven-</strong></span> 
     </span>
    </p>
   </div>
   <div class='ocr_carea' id='block_1_112' title="bbox 2111 5459 3418 5540">
    <p class='ocr_par' dir='ltr' id='par_1_112' title="bbox 2111 5459 3418 5540">
     <span class='ocr_line' id='line_1_112' title="bbox 2111 5459 3418 5540; baseline -0.008 -18"><span class='ocrx_word' id='word_1_788' title='bbox 2111 5469 2472 5540; x_wconf 85' lang='grc' dir='ltr'>δομαρτυρεῖν</span> <span class='ocrx_word' id='word_1_789' title='bbox 2503 5481 2514 5494; x_wconf 87' lang='grc'><strong>·</strong></span> <span class='ocrx_word' id='word_1_790' title='bbox 2555 5463 2740 5534; x_wconf 75' lang='grc' dir='ltr'>ἐπειδὴ</span> <span class='ocrx_word' id='word_1_791' title='bbox 2767 5461 2856 5516; x_wconf 84' lang='grc' dir='ltr'><strong>διά</strong></span> <span class='ocrx_word' id='word_1_792' title='bbox 2878 5461 3084 5516; x_wconf 88' lang='grc' dir='ltr'>τούτων</span> <span class='ocrx_word' id='word_1_793' title='bbox 3107 5459 3418 5530; x_wconf 79' lang='grc' dir='ltr'>σωζόμεθα.</span> 
     </span>
    </p>
   </div>
   <div class='ocr_carea' id='block_1_113' title="bbox 2192 5647 3330 5722">
    <p class='ocr_par' dir='ltr' id='par_1_113' title="bbox 2192 5647 3330 5722">
     <span class='ocr_line' id='line_1_113' title="bbox 2192 5647 3330 5722; baseline -0.006 -17"><span class='ocrx_word' id='word_1_794' title='bbox 2192 5673 2209 5705; x_wconf 84' lang='grc' dir='ltr'><strong>ι</strong></span> <span class='ocrx_word' id='word_1_795' title='bbox 2243 5651 2555 5722; x_wconf 77' lang='grc' dir='ltr'>Οἱκτῑρμων</span> <span class='ocrx_word' id='word_1_796' title='bbox 2583 5650 2678 5704; x_wconf 71' lang='grc' dir='ltr'><strong>καὶ</strong></span> <span class='ocrx_word' id='word_1_797' title='bbox 2711 5649 2954 5722; x_wconf 74' lang='grc' dir='ltr'>ἐλεήμων</span> <span class='ocrx_word' id='word_1_798' title='bbox 2991 5649 3018 5702; x_wconf 77' lang='grc' dir='ltr'>ὁ</span> <span class='ocrx_word' id='word_1_799' title='bbox 3045 5647 3269 5717; x_wconf 81' lang='grc' dir='ltr'>Κύριος.</span> <span class='ocrx_word' id='word_1_800' title='bbox 3311 5663 3330 5698; x_wconf 75' lang='grc' dir='ltr'><strong>ι</strong></span> 
     </span>
    </p>
   </div>
   <div class='ocr_carea' id='block_1_114' title="bbox 499 5817 2624 5895">
    <p class='ocr_par' dir='ltr' id='par_1_114' title="bbox 499 5817 2624 5895">
     <span class='ocr_line' id='line_1_114' title="bbox 499 5817 2624 5895; baseline 0.002 -21"><span class='ocrx_word' id='word_1_801' title='bbox 499 5817 546 5852; x_wconf 74' lang='grc'><strong>⁸⁸</strong></span> <span class='ocrx_word' id='word_1_802' title='bbox 581 5819 774 5878; x_wconf 80' lang='lat' dir='ltr'><strong>Matth.</strong></span> <span class='ocrx_word' id='word_1_803' title='bbox 811 5839 938 5891; x_wconf 78' lang='lat' dir='ltr'><strong>xxv,</strong></span> <span class='ocrx_word' id='word_1_804' title='bbox 977 5827 1065 5880; x_wconf 76' lang='lat' dir='ltr'><strong>5i.</strong></span> <span class='ocrx_word' id='word_1_805' title='bbox 1133 5828 1175 5860; x_wconf 68' lang='grc'><strong>³²</strong></span> <span class='ocrx_word' id='word_1_806' title='bbox 1213 5828 1405 5883; x_wconf 80' lang='lat' dir='ltr'><strong>Matth.</strong></span> <span class='ocrx_word' id='word_1_807' title='bbox 1441 5847 1494 5895; x_wconf 80' lang='grc' dir='ltr'><strong>ν,</strong></span> <span class='ocrx_word' id='word_1_808' title='bbox 1527 5833 1576 5886; x_wconf 85' lang='lat'><strong>7.</strong></span> <span class='ocrx_word' id='word_1_809' title='bbox 1652 5831 1695 5862; x_wconf 73' lang='lat'><strong>&quot;’</strong></span> <span class='ocrx_word' id='word_1_810' title='bbox 1735 5831 1892 5884; x_wconf 87' lang='lat' dir='ltr'><strong>Deut.</strong></span> <span class='ocrx_word' id='word_1_811' title='bbox 1925 5843 2098 5886; x_wconf 68' lang='lat' dir='ltr'><strong>usu.</strong></span> <span class='ocrx_word' id='word_1_812' title='bbox 2133 5827 2213 5882; x_wconf 85' lang='lat' dir='ltr'><strong>il.</strong></span> <span class='ocrx_word' id='word_1_813' title='bbox 2291 5826 2334 5858; x_wconf 68' lang='lat'><em>“</em></span> <span class='ocrx_word' id='word_1_814' title='bbox 2366 5825 2496 5881; x_wconf 88' lang='lat' dir='ltr'><strong>ibid.</strong></span> <span class='ocrx_word' id='word_1_815' title='bbox 2540 5823 2624 5878; x_wconf 62' lang='lat'><strong>19.</strong></span> 
     </span>
    </p>
   </div>
  </div>
