4044 6228
408 320 542 387 19.37

1588 319 1954 381 nssvcmr
2013 300 2482 381 mmmam

3534 318 3670 382 1233

404 436 577 490 tione.
600 434 750 504 ipsos
767 447 962 503 nempe
982 433 1128 504 ligna
1150 431 1362 486 Domini
1382 430 1983 502 appellavit?quoniam

2088 430 2284 492 αὐτοὺς
2320 431 2416 485 καὶ
2459 430 2593 498 ξύλα
2640 429 2734 483 τοῦ
2780 430 2990 503 Κυρίου
3034 430 3296 485 ἐκάλεσεν
3326 447 3339 459 '
3368 430 3575 501 ’ἐπειδὴ
3617 434 3666 486 ei

405 529 497 597 qui
517 525 854 580 meditantur
874 523 928 577 in
949 525 1067 594 lege
1088 522 1304 579 Domini
1327 524 1416 579 die
1436 538 1499 579 ac
1515 533 1700 587 nocte,
1724 523 1985 578 dicuntur

403 620 611 689 lignum
654 617 801 687 quod
848 617 1151 686 plantatum
1190 625 1275 671 est
1314 632 1475 671 secus
1512 616 1780 672 decursus
1819 631 1986 685 aqua-

404 724 527 763 rum
568 711 635 765 “3.
689 709 802 764 Etsi
861 709 1010 763 enim
1074 726 1139 764 ex
1227 711 1481 781 gentibus
1553 710 1685 773 sint,
1752 724 1983 779 quarum

406 802 649 857 Libanus
681 811 764 856 est
807 802 1114 873 synibolum
1150 819 1165 869 ;
1211 803 1437 872 plantati
1471 812 1653 858 tamen
1683 819 1712 857 a
1749 804 1863 857 Deo
1888 816 1988 872 per

406 893 660 962 baptismi
687 893 1057 963 adeptionem,
1085 903 1139 947 et
1165 893 1335 964 legem
1360 893 1706 957 meditantes,
1730 893 1833 962 ipsi
1859 907 1989 961 quo-

405 1004 513 1057 que
539 988 632 1042 Dei
676 986 990 1057 cognitione
1025 993 1365 1040 saturantur.
1393 983 1654 1040 Passeres
1676 999 1808 1039 vero
1829 990 1987 1038 vocat

405 1080 615 1134 animas
653 1094 682 1132 a
713 1078 930 1135 diabolo
966 1087 1021 1133 et
1063 1077 1234 1148 ipsius
1267 1077 1495 1132 asseclis
1538 1075 1985 1145 persecutionem

406 1186 594 1241 passas
621 1186 637 1236 ;
670 1186 790 1240 quae
815 1179 995 1224 tamen
1020 1169 1140 1238 ejus
1161 1169 1386 1236 laqueos
1412 1166 1645 1221 evadere
1671 1165 1983 1231 valuerunt,

407 1263 477 1316 de
533 1262 734 1332 quibus
786 1260 956 1314 David
1003 1260 1112 1315 ait:
1157 1257 1351 1312 Anima
1395 1266 1577 1311 nostra
1616 1258 1752 1310 sicut
1799 1272 1986 1323 passer

409 1364 587 1425 erepta
615 1363 687 1408 cst
720 1354 785 1408 de
824 1352 1012 1424 laqueo
1033 1353 1339 1433 venantium
1366 1352 1433 1404 ⁸⁸.

482 1551 647 1608 Vens.
673 1552 759 1607 Π.
791 1571 809 1603 ι
846 1550 1065 1606 llcrodii
1094 1550 1291 1605 demus
1316 1549 1426 1605 dux
1457 1558 1543 1605 est
1570 1563 1784 1605 eorum.
1817 1568 1837 1602 ι

488 1641 606 1696 Νοη
645 1642 1010 1706 aberrat-eris,
1056 1642 1103 1696 si
1146 1640 1370 1697 Petrum
1422 1640 1628 1697 dixeris
1673 1640 1985 1706 heredium,

2089 520 2424 593 μελετῶντες
2470 522 2560 576 τὸν
2614 521 2781 593 νόμον
2819 523 3034 595 ἡμέρας
3090 523 3185 576 καὶ
3233 523 3449 586 νυκτὸς,
3511 521 3670 588 ξύλον

2087 614 2237 683 παρὰ
2261 615 2361 679 τὰς
2396 616 2673 682 διεξόδους
2722 617 2832 670 τῶν
2881 616 3090 671 ὑδάτων
3137 616 3549 686 πεψυτευμὲνον
3580 616 3670 669 λέ-

2087 722 2293 774 γονται.
2309 707 2565 780 Κᾶνιγὰρ
2585 707 2645 771 ἐξ
2662 707 2832 762 ἐθνῶν
2851 702 3005 771 ὦσιν,
3022 701 3096 764 ὧν
3118 708 3348 772 Λίϐανος
3372 708 3436 761 σύ
3446 709 3666 778 μὸολον,

2087 797 2448 866 φυτευθέντες
2485 799 2547 853 δὲ
2599 800 2749 869 παρὰ
2780 795 2928 868 ,Θεοῦ
2961 803 3028 871 τῇ
3074 800 3320 872 υἱοθεσία
3341 799 3437 853 τοῦ
3473 799 3670 870 βαπτί-

2091 908 2297 961 σματος
2323 892 2743 963 μελετήσαντες,
2763 894 2858 947 καὶ
2874 892 3032 946 αὐτοὶ
3049 893 3142 946 τὸν
3157 894 3320 962 νόμον
3335 892 3671 961 θεογνωσίας

2088 982 2466 1054 χορτάζονται.
2497 985 2765 1056 Στρουθία
2793 985 2850 1038 δὲ
2879 984 3036 1039 καλεῖ
3056 985 3156 1049 τὰς
3195 986 3350 1057 παρὰ
3373 984 3466 1039 τοῦ
3489 984 3672 1039 διαϐό-

2088 1074 2179 1127 λου
2198 1076 2294 1128 καὶ
2315 1075 2427 1129 τῶν
2447 1075 2598 1148 αὐτῷ
2620 1077 3083 1148 συμπραττόντων
3109 1076 3449 1145 διωκομένας
3467 1076 3669 1147 ψυχάς,

2086 1165 2155 1218 δι’
2180 1166 2462 1222 εὐσέϐειαν
2504 1167 2828 1240 δυνηθείσας
2857 1185 2916 1221 τε
2946 1167 3113 1222 αὐτοῦ
3142 1168 3243 1232 τὰς
3263 1227 3268 1233 ,
3288 1168 3524 1237 παγίδας
3548 1168 3672 1221 δια-

2058 1261 2304 1328 κρυγεῖν,
2333 1260 2463 1331 περὶ
2498 1238 2642 1315 diva)
2685 1260 2849 1315 Δαϐὶδ
2892 1261 3116 1332 εἴρηκεν
3141 1277 3155 1290 ·
3199 1262 3258 1318 Ἡ
3289 1260 3463 1330 ψυχὴ
3495 1260 3673 1331 ἡμῶν

2086 1353 2169 1419 ὡς
2198 1354 2527 1420 στρουθίον
2557 1351 2823 1420 meum;
2853 1353 2922 1406 ἐκ
2960 1351 3071 1421 τῆς
3115 1351 3374 1423 παγίδος
3404 1352 3524 1406 τῶν
3559 1354 3673 1421 θη-

2081 1444 2409 1512 ρευόντων.

2164 1554 2185 1587 ι
2219 1535 2327 1589 Τοῦ
2358 1533 2642 1606 ἐρωδιοῦἡ
2675 1534 2933 1588 κατοικία
2961 1536 3178 1605 ἡγεῖται
3207 1532 3410 1588 αὐτῶν.
3449 1551 3468 1586 ι

2159 1625 2417 1696 Ἐρωδιὸν
2463 1626 2566 1681 οὐκ
2620 1627 2686 1680 ἂν
2743 1625 3012 1698 ἁμάρτοις
3058 1627 3150 1679 τὸν
3204 1626 3413 1696 Πέτρον
3472 1623 3668 1686 εἰπὼν.

408 1733 847 1804 quandoquidem
864 1732 1146 1787 Christum
1166 1741 1436 1803 perpetuo
1463 1741 1690 1790 secutus
1708 1733 1802 1787 sit.
1834 1731 1988 1787 Sicut

2089 1717 2275 1789 ἐπειδὴ
2301 1716 2379 1788 τῷ
2411 1717 2636 1789 Χριστῷ
2673 1717 2940 1789 διηνεκῶς
2971 1715 3278 1787 ἠκολούθει.
3322 1717 3534 1786 ’Ὠσπερ
3558 1714 3672 1787 γὰρ

406 1825 554 1879 enim
599 1825 861 1881 herodius
907 1824 1107 1880 dicitur
1151 1824 1225 1880 iis
1275 1841 1394 1894 qua:
1454 1824 1697 1895 possidet
1745 1823 1985 1894 separari

2091 1813 2119 1864 ὁ
2147 1786 2374 1881 ἐρωδιὺς
2413 1786 2514 1864 ούκ
2551 1786 2761 1863 ἐθέλειν
2788 1809 3122 1883 χωρίζεσθαι
3161 1809 3273 1862 τῶν
3308 1786 3670 1879 κεκτημένων

407 1915 634 1970 minime
676 1916 838 1983 velle,
887 1915 969 1970 sic
998 1916 1164 1971 etiam
1205 1930 1490 1986 passerum
1538 1915 1648 1971 dux
1695 1917 1985 1971 exsistere.

406 2005 660 2063 Ostendit
690 2007 837 2062 enim
861 2007 961 2073 eis,
994 2006 1273 2077 quomodo
1306 2014 1627 2062 venatorum
1666 2006 1843 2076 laquei
1879 2007 1989 2062 sint

407 2097 791 2161 transiliendi;
831 2097 1276 2167 quandoquidem
1322 2097 1490 2152 etiam
1535 2098 1654 2167 ipse
1697 2097 1989 2169 negatione

408 2185 734 2256 iilaqueatus
778 2187 1275 2257 perpoenitenliam
1326 2187 1586 2256 laqueum
1628 2187 1905 2258 effugerit.

476 2359 642 2416 Vsus.
667 2344 755 2415 15.
786 2378 807 2412 ι
835 2359 992 2415 Petra
1025 2357 1296 2429 refugium
1319 2357 1641 2413 herinaciis.
1685 2377 1704 2411 ι

452 2451 816 2523 Symmachus
835 2449 1161 2521 chirogryllis
1182 2448 1453 2520 exposuit.
1475 2448 1713 2505 Erinacii
1730 2457 1788 2503 et
1808 2448 1988 2505 chiro-

407 2544 564 2615 grylli
589 2544 734 2598 inter
762 2543 1041 2598 immunda
1063 2551 1119 2597 et
1145 2542 1359 2596 inﬁrma
1386 2541 1640 2596 animalia
1669 2550 1985 2598 censentur.

410 2634 623 2689 Etenim
657 2633 912 2688 Salomon
949 2632 1030 2687 ait
1062 2650 1076 2685 :
1119 2630 1437 2702 Chirogrylli
1478 2648 1604 2702 gens
1649 2631 1884 2686 invalida
1908 2633 1986 2702 fe-

408 2736 590 2779 cerunt
624 2726 681 2779 in
708 2725 870 2795 petris
913 2725 1107 2778 .domos
1144 2739 1270 2777 suas
1291 2723 1358 2776 ⁸⁷.
1394 2721 1606 2794 Moyses
1646 2734 1829 2778 autem
1859 2724 1937 2778 ait
1970 2740 1985 2778 :

409 2816 705 2880 Camelum,
723 2823 777 2869 et
796 2830 967 2878 suem,
987 2825 1035 2867 et
1054 2813 1391 2883 dasypedem,
1416 2813 1470 2869 id
1499 2823 1582 2869 est
1605 2814 1867 2884 leporem,
1886 2830 1991 2868 non

308 2948 317 2955 .
407 2908 688 2963 comedetis
704 2907 770 2962 ⁵⁸.
793 2906 1023 2960 Perhaac
1040 2905 1303 2960 nimirum
1331 2904 1497 2959 David
1520 2914 1710 2977 gentes
1725 2905 1988 2972 insinuat;

411 3000 497 3055 ira;
520 3013 759 3068 namque
801 2996 1077 3069 refugium
1109 2996 1394 3067 spirituale
1425 2997 1631 3052 habent
1660 3006 1892 3066 petram,
1934 2997 1988 3051 id

408 3100 495 3149 est
513 3093 812 3148 Ecclesiam
835 3108 850 3145 :
878 3106 976 3161 per
1006 3091 1149 3146 hanc
1165 3090 1316 3145 enim
1334 3090 1660 3146 roborantur
1682 3097 1739 3144 et
1760 3089 1985 3158 expian—
2010 3130 2055 3187 ϐ

413 3193 523 3238 tur.
577 3181 737 3237 Cervi
807 3188 1013 3246 autem,
1081 3194 1204 3235 eum
1277 3178 1484 3235 munda
1552 3178 1663 3234 sint
1711 3178 1986 3247 animalia,

409 3272 722 3328 necessarie
751 3280 879 3328 sunt
904 3271 1103 3326 animae
1122 3270 1420 3341 juStorum,
1456 3284 1579 3339 quae
1599 3267 1775 3341 legem
1804 3283 1986 3325 serva-

410 3372 634 3421 verunt.

479 3539 643 3595 Vens.
683 3539 773 3596 l9.
808 3560 827 3592 ι
859 3537 1014 3596 Fecit
1035 3539 1219 3596 lunam
1238 3541 1293 3594 in
1320 3547 1582 3611 tempora.
1615 3558 1634 3593 ι

490 3630 764 3686 Craterum
792 3647 896 3686 non
945 3630 1117 3686 solam
1160 3633 1364 3699 lunam,
1404 3633 1497 3688 sed
1531 3632 1695 3687 etiam
1724 3633 1896 3687 solem
1933 3643 1989 3689 et

408 3722 616 3786 stellas,
641 3730 695 3778 et
710 3723 826 3779 dies
845 3739 913 3793 ac,
936 3739 1173 3788 menses,
1210 3736 1264 3779 et
1295 3732 1536 3795 tempora
1569 3733 1624 3779 et
1655 3739 1830 3781 annos
1854 3741 1988 3781 cen-

409 3814 607 3871 stituit.
648 3815 856 3872 Lunam
889 3825 1074 3872 autem
1101 3817 1208 3872 hoc
1238 3816 1358 3871 loco
1391 3817 1645 3888 intelligit
1671 3817 2011 3873 Judaeorum-

410 3907 769 3980 Synagegam,
803 3925 967 3979 quam
1008 3924 1179 3980 usque
1208 3910 1276 3965 ad
1321 3919 1569 3979 tempora
1592 3910 1728 3981 legis
1770 3925 1833 3965 ac
1861 3926 1988 3980 pro-

408 4004 699 4074 phetarum
724 4004 964 4058 instituit
990 4020 1006 4070 ;
1039 4003 1227 4058 Solam
1250 4019 1382 4059 vero
1404 4003 1701 4057 Christum.
1729 4002 1820 4059 Sic
1839 4003 1986 4058 enim

408 4094 576 4149 etiam
622 4093 918 4149 Malaehias
974 4095 1153 4164 ipsum
1208 4093 1499 4164 appellavit
1536 4111 1549 4148 :
1590 4093 1806 4148 Orielur
1846 4095 1988 4149 vobis

407 4184 712 4239 timentibus
728 4185 1013 4239 Dominum
1044 4181 1137 4237 Sol
1154 4182 1387 4252 justitiaz
1404 4198 1423 4235 :
1443 4192 1491 4236 et
1507 4183 1710 4236 sanitas
1734 4183 1789 4235 in
1805 4185 1987 4253 pennis

408 4274 544 4345 ejus.
565 4273 667 4340 Qui
691 4276 925 4346 cognovit
956 4290 1198 4328 occasum
1218 4291 1372 4328 suum
1388 4275 1453 4328 ⁵⁹ε
1480 4274 1747 4344 siquidem
1773 4283 1987 4346 tempus

407 4367 789 4439 cognoscebat,
828 4379 939 4435 quo
982 4364 1160 4435 passio
1193 4374 1311 4419 erat
1352 4365 1715 4435 dispensanda
1747 4366 1770 4420 ?
1815 4367 1889 4422 ita
1928 4375 1987 4422 ut

2089 1903 2324 1972 λέγεται,
2373 1904 2519 1957 οὕτω
2569 1905 2662 1957 καὶ
2708 1903 2821 1958 τῶν
2875 1904 3176 1974 στρουθίων
3218 1901 3492 1975 ἡγεῖσθαι.
3543 1898 3668 1954 Δεί-

2088 2013 2249 2050 κνυσι
2274 1997 2386 2066 γὰρ
2411 1996 2617 2060 αὐτοῖς,
2648 1996 2764 2060 πῶς
2796 1997 2902 2067 χρὴ
2924 1994 3023 2058 ’τὰς
3055 1994 3164 2048 τῶν
3188 1992 3469 2064 θηρευτῶν
3500 1992 3673 2061 παγί⁴

2087 2089 2183 2152 δας
2241 2089 2640 2159 ὑπεράλλεσθαι
2667 2104 2682 2120 ο
2736 2089 2926 2159 ἐπειδὴ
2987 2089 3084 2142 καὶ
3135 2087 3296 2150 αὐτὸς
3363 2089 3429 2156 τῇ
3495 2085 3672 2156 ἀρνήιι⁵

2089 2197 2176 2234 σει
2245 2180 2596 2248 παγιδευθεὶς
2660 2180 2749 2234 διὰ
2812 2180 3107 2251 μετάνοιαν
3153 2180 3253 2249 τὴν
3308 2176 3512 2247 παγίδα
3575 2173 3671 2240 ἐξ·

2096 2272 2290 2340 ἐφυγε.

2163 2378 2184 2413 ι
2220 2359 2407 2432 Πέτρα
2432 2360 2726 2433 καταφυγὴ
2751 2362 2865 2424 τοῖς
2894 2360 3151 2429 λαγωοῖς.
3184 2379 3203 2412 ι

2158 2450 2478 2523 Σύμμαχος,
2502 2452 2627 2518 τοῖς
2645 2453 3151 2522 χοιροῃουλλίοις,
3180 2451 3465 2518 ἐξέδωκεν.
3483 2454 3547 2507 Οἱ
3572 2451 3671 2505 λα-

2088 2545 2221 2614 γωοὶ
2242 2545 2342 2621 καὶ
2367 2546 2418 2598 ei.
2440 2543 2834 2616 χοιρογρύλλιοι
2864 2545 2923 2598 ἐν
2949 2547 3064 2608 τοῖς
3089 2542 3252 2609 ζώοις
3274 2547 3388 2608 τοῖς
3422 2543 3669 2611 ἀκαθάρο

2090 2652 2204 2699 τοις
2231 2634 2328 2688 καὶ
2376 2635 2637 2689 ἀσθενέσι
2683 2636 2994 2690 τάττονται.
3030 2633 3331 2707 Τοιγαροῦν
3362 2637 3391 2689 ὁ
3418 2633 3671 2705 Σολομῶν

2090 2743 2257 2798 φησι*
2311 2727 2763 2797 Χοιρογτρύλλιοι
2815 2727 2993 2793 ἔθνος
3036 2729 3149 2780 οὐκ
3183 2725 3440 2796 ἰσχυρὸν
3471 2724 3673 2795 ἐποιή-

2090 2832 2280 2871 σαντο
2304 2817 2377 2872 ἐν
2403 2817 2647 2886 πέτραις
2674 2817 2817 2884 τοὺς
2839 2816 3072 2872 ἑαυτῶν
3096 2816 3322 2887 οἴκους.
3351 2816 3556 2887 Μωσῆς
3575 2816 3633 2869 δέ
3652 2834 3667 2849 ο

2095 2909 2208 2961 Τὸν
2232 2908 2543 2978 κάμηλον,
2586 2908 2685 2962 καὶ
2726 2907 2836 2962 τὸν
2890 2904 2991 2975 ὗν,
3035 2908 3137 2963 καί
3175 2908 3284 2963 τὸν
3325 2907 3672 2972 δασύποδα,

2090 3000 2229 3068 ὅπερ
2268 2999 2385 3071 ἔστι
2413 2999 2626 3068 λαγωδς
2650 3039 2666 3063 ,
2701 3001 2814 3053 οὐκ
2835 2999 3067 3055 ἔδεσθε.
3100 3000 3203 3055 Διὰ
3239 3000 3448 3054 τούτων
3485 2998 3671 3053 τοίνυν

2089 3091 2118 3144 ὁ
2143 3090 2310 3145 Δαϐὶδ
2346 3091 2418 3145 τὰ
2458 3090 2590 3162 ἔθνη
2632 3090 2931 3146 αἰνίττεται
2955 3107 2971 3123 ·
3013 3083 3306 3163 οὗτοι,γάρ
3346 3090 3669 3163 καταφυγὴν

2088 3182 2188 3254 τὴν
2220 3182 2419 3253 νοητὴν
2456 3183 2664 3255 πέτραν
2692 3183 2794 3251 τὴν
2833 3182 3163 3254 Ἐκκλησίαν
3212 3184 3397 3255 ἔχουσι
3421 3201 3438 3218 ο
3471 3187 3567 3239 καὶ
3597 3185 3668 3240 δι’

2088 3273 2255 3344 αὐτῆς
2302 3272 2670 3344 δυναμοῦνται
2731 3273 2826 3328 καὶ⁵
2864 3274 3243 3346 καθαίρονται.
3310 3276 3536 3346 Ἐλαφοι
3584 3277 3666 3343 δέ,

2088 3362 2279 3435 ἐπειδὴ
2297 3363 2512 3434 καθαρὰ
2537 3363 2654 3429 ζῶα
2674 3366 3060 3437 τυγχάνουσιν,
3081 3367 3392 3436 ἀναγκαίως
3416 3369 3473 3421 αἱ
3496 3368 3671 3440 ψυχαὶ

2012 3439 2021 3455 ’
2087 3453 2195 3508 τῶν
2219 3453 2445 3510 δικαίων
2476 3455 2616 3510 εἰσιν
2634 3495 2651 3523 ,
2681 3456 2803 3511 ὅσαι
2839 3456 2932 3511 τὸν
2962 3458 3127 3528 νόμον
3153 3458 3453 3528 ἐφύλαξαν.

2163 3564 2181 3597 ι
2214 3546 2471 3617 Ἐποίησε
2500 3547 2734 3620 σελήνην
2759 3550 2840 3612 είς
2865 3548 3110 3621 καιρούς.
3146 3567 3166 3602 ι

2147 3638 2259 3691 Καὶ
2278 3638 2384 3709 μὴν
2396 3638 2456 3691 οὺ
2478 3639 2648 3710 μόνην
2661 3639 2761 3711 τὴν
2779 3640 3029 3712 σελήνην,
3042 3641 3180 3697 ἀλλὰ
3192 3642 3286 3696 καὶ
3300 3643 3393 3697 τὸν
3407 3644 3560 3714 ἥλιον
3573 3646 3671 3699 καὶ

2087 3728 2214 3790 τοὺς
2240 3729 2493 3801 ἀστέρας,
2517 3730 2613 3784 καὶ
2637 3731 2717 3794 εἰς
2737 3731 2969 3801 ἡμέρας,
3002 3734 3098 3786 καὶ
3124 3737 3297 3805 μῆνας
3323 3737 3418 3789 καὶ
3440 3736 3669 3808 καιροὺς

2088 3820 2183 3874 καὶ¹
2213 3820 2492 3884 ἐνιαυτοὺς
2519 3820 2696 3877 ἔθετο.
2719 3821 2880 3877 Ἀλλὰ
2905 3823 3135 3895 σελήνην
3164 3825 3406 3880 ἐνταῦθα
3433 3826 3531 3896 τὴν
3557 3826 3667 3881 τῶν

2088 3910 2360 3965 Ἰουδαίων
2402 3911 2551 3980 λέγει
2594 3908 2930 3984 Συναγωγὴν
2953 3952 2967 3977 ,
3014 3914 3210 3984 ἥντινα
3251 3914 3417 3985 μέχρι
3455 3915 3668 3986 καιρῶν

2087 4003 2181 4057 τοῦ
2209 4003 2377 4075 νόμου
2421 4005 2517 4060 καὶ
2554 4006 2663 4060 τῶν
2698 4008 2997 4079 προφητῶν
3033 4008 3184 4063 ἔθετο
3210 4027 3223 4040 ο
3259 4008 3415 4080 ἥλιον
3448 4008 3528 4076 δὲ,
3554 4008 3667 4063 τὸν

2096 4097 2355 4168 Χριστόν.
2396 4097 2553 4152 Οὕτω
2597 4100 2707 4171 γὰρ
2761 4100 2923 4155 αὑτὸν
2980 4101 3076 4155 καὶ
3106 4102 3395 4172 Μαλαχίας
3433 4101 3619 4170 ἔλεγεν
3644 4116 3661 4131 ⁸

2089 4188 2398 4244 Ἀνατελεῖ
2447 4190 2589 4260 ὑμῖν
2647 4194 2774 4259 τοῖς
2835 4192 3230 4263 φοϐουμένοις
3284 4193 3395 4248 τὸν
3445 4194 3666 4263 Κύριον

2090 4279 2298 4345 Ἥλιος
2325 4278 2721 4349 δικαιοσύνης
2740 4296 2754 4312 °
2791 4284 2891 4339 καὶ
2925 4283 3089 4350 ἴασις
3109 4284 3180 4338 ἐν
3213 4283 3345 4350 ταῖς
3376 4283 3667 4354 πτέρυξιν

2086 4369 2524 4438 αὑτοῦ.”οστις
2570 4371 2727 4442 ἔγνω
2767 4372 2884 4441 τὴν
2935 4374 3123 4429 αὐτοῦ
3163 4374 3376 4429 δύσινο
3422 4375 3514 4429 τὸν
3555 4375 3666 4443 γὰρ

408 4459 560 4527 prius
586 4455 808 4527 quidem
837 4470 1003 4525 quam
1029 4454 1162 4509 illud
1199 4454 1513 4510 advenisset
1544 4455 1753 4511 diceret
1785 4475 1800 4512 :
1830 4443 1981 4511 Non-

2088 4460 2276 4532 καιρὸν
2327 4461 2448 4515 καθ’
2495 4462 2553 4517 ὃν
2623 4466 2893 4536 προσήκει
2953 4466 3014 4518 τὸ
3074 4466 3248 4531 πάθος
3305 4468 3664 4536 οἰκονομῆσαι

406 4550 532 4603 dum
572 4548 710 4601 venit
747 4548 878 4602 hora
907 4548 951 4579 ⁶⁰
981 4564 995 4601 :
1030 4546 1255 4616 quando
1303 4555 1483 4602 autem
1529 4556 1748 4617 tempus
1785 4564 1984 4619 oppor-

410 4646 604 4693 tunum
628 4646 747 4692 erat
776 4637 920 4691 illam
950 4636 1224 4692 subeundi
1256 4657 1268 4692 :
1314 4636 1484 4701 Venit,
1519 4636 1718 4706 inquit,
1763 4638 1895 4693 liora
1927 4649 1984 4694 ut

408 4727 733 4796 rlarilicetur
762 4725 938 4781 Filius
971 4728 1221 4783 hominis.

493 4924 657 4980 Vsus.
712 4920 805 4978 20.
865 4939 884 4972 ι
945 4918 1182 4974 Posuisti
1240 4921 1519 4986 tenebras,
1575 4930 1631 4975 et
1689 4922 1832 4978 facta
1891 4933 1977 4980 est

407 5030 535 5070 ΠΟΧ.
578 5032 597 5064 ι

479 5103 763 5161 Manifeste
791 5102 970 5159 crucis
995 5111 1213 5173 tempus
1243 5101 1510 5171 designat,
1542 5118 1653 5171 quo
1677 5104 1758 5159 sel
1790 5112 1979 5160 noster

405 5198 625 5254 occidit.
658 5197 814 5252 Tunc
842 5197 987 5251 enim
1015 5194 1083 5249 ab
1111 5193 1245 5249 hera
1278 5202 1429 5248 sexta
1465 5209 1639 5264 usque
1683 5195 1752 5250 ad
1786 5196 1975 5252 horam

405 5305 607 5345 nonam
641 5291 882 5344 tenebras
911 5287 1069 5343 facta
1107 5294 1255 5350 sunt,
1285 5300 1405 5355 qua:
1433 5301 1534 5356 pro
1564 5287 1775 5358 integra
1813 5296 1977 5344 nocte

320 5384 323 5387 “
406 5391 644 5452 acceptae
673 5380 918 5448 fuerunt,
969 5388 1193 5450 propter
1234 5378 1553 5448 mysterium
1598 5379 1864 5435 triduana:
1889 5395 1978 5433 re-

407 5470 785 5525 surrectienis.

483 5578 502 5611 ι
538 5558 598 5613 In
620 5559 735 5628 ipsa
764 5556 1173 5628 pertransibunt
1214 5555 1646 5613 omnesbestiae.
1688 5576 1706 5607 ι

2083 4551 2416 4619 ἐγίνωσκεν·
2469 4552 2611 4608 ὥστε
2649 4555 2780 4625 πρὶν
2829 4556 2929 4625 μὲν
2976 4555 3154 4610 ἐλθεῖν
3202 4556 3395 4611 τοῦτον
3441 4557 3660 4626 λέγειν’
3734 4610 3745 4619 ε

2086 4644 2259 4698 Οὔπω
2282 4643 2415 4710 ἣκει
2446 4645 2485 4712 ἠ
2509 4645 2660 4714 ὥρα·
2700 4646 2792 4699 ὅτε
2828 4646 2887 4700 δὲ
2914 4649 2972 4700 ἐν
3001 4647 3079 4719 τῷ
3108 4649 3442 4720 προσήκοντι
3489 4664 3663 4701 κατα-

2080 4735 2261 4792 λαϐὼν
2283 4731 2356 4809 ἦν
2379 4754 2395 4771 ο
2424 4737 2766 4806 Ἐλήλυθεν
2793 4740 2832 4808 ἠ
2856 4738 3001 4808 ὥρα,
3039 4741 3225 4811 φησιν,
3258 4740 3360 4795 ἵνα
3385 4737 3670 4810 δοξασθῇ

2082 4831 2115 4882 ό
2155 4832 2292 4897 Υἱὸς
2313 4831 2421 4886 τοῦ
2445 4831 2786 4900 ἀνθρώπου.

2158 4939 2178 4974 ι
2213 4921 2379 4977 Ἕθου
2405 4924 2615 4990 σκότος,
2650 4924 2746 4978 καὶ
2776 4924 2997 4993 ἐγένετο
3026 4923 3143 4989 νύξ.
3176 4942 3197 4978 ι

2158 5098 2352 5168 Σαφῶς
2370 5098 2462 5152 τὸν
2487 5098 2582 5153 τοῦ
2610 5101 2846 5172 σταυροῦ
2864 5101 3013 5170 λέγει
3044 5100 3260 5173 καιρὸν,
3283 5093 3400 5168 ἐνῷ
3420 5099 3603 5155 ἔδυνεν
3631 5101 3664 5154 ὁ

2089 5189 2355 5258 ἡμέτερος
2372 5190 2544 5260 ἥλιος.
2569 5191 2704 5245 Τότε
2724 5191 2836 5263 γὰρ
2859 5192 3048 5255 σκότος
3064 5192 3172 5247 άπὸ
3197 5190 3348 5262 ὥρας
3364 5191 3528 5258 ἕκτης
3553 5190 3662 5255 ἕως

2081 5278 2232 5350 ὥρας
2289 5280 2487 5354 ἐνάτης
2525 5283 2762 5351 ἐγένετο,
2823 5286 2961 5355 ὅπερ
3002 5286 3083 5348 είς
3129 5284 3422 5356 ὀλόκληρον
3460 5281 3660 5349 νύκτα,

2081 5371 2248 5426 ἓνεκα
2291 5371 2389 5425 τοῦ
2443 5375 2746 5451 τριημέρου
2795 5375 2897 5447 τῆς
2940 5376 3294 5440 ἀναστάσεως
3352 5374 3659 5446 μυστηρίου

2083 5464 2474 5536 παρείληπται.

2162 5574 2179 5604 ι
2222 5557 2312 5609 Ἐν
2346 5557 2484 5626 αὐτῇ
2508 5557 2876 5613 διελεύσονται
2912 5560 3092 5614 πάντα
3118 5560 3189 5614 τὰ
3220 5560 3405 5634 θηρία.
3438 5579 3459 5613 ι

471 5752 516 5782 ⁸⁵
552 5749 694 5807 Psal.
720 5765 760 5815 ι,
789 5755 843 5807 ‘5.
915 5758 962 5790 ⁸⁸
988 5756 1128 5811 Psal.
1161 5772 1353 5823 cxxm,
1382 5757 1437 5813 7.
1515 5759 1560 5790 ⁸⁷
1588 5753 1750 5812 Prov.
1787 5771 1914 5823 xxx,
1940 5756 1988 5810 2t

2104 5760 2150 5792 ⁸⁸
2188 5761 2346 5815 Deut.
2377 5777 2487 5827 xxv,
2529 5761 2580 5815 7.
2662 5762 2707 5796 "
2740 5761 2932 5818 Matth.
2972 5779 3049 5829 ιν,
3090 5764 3144 5818 ‘2.
3224 5764 3268 5795 ‘°
3300 5761 3457 5817 Jean.
3497 5774 3559 5824 ιι,
3596 5760 3657 5836 4.
