4044 6228
393 248 527 316 1289

1516 244 1980 311 FRAGMENTA
2047 248 2125 310 [Ν
2181 250 2538 313 PSAIMOS.

3502 249 3661 316 ’1290

444 366 623 439 Θηρία
640 365 733 419 τοῦ
746 362 955 438 δρυμοῦ
971 365 1066 420 καὶ
1086 362 1361 437 σκύμνους
1380 365 1503 429 τοὶις
1515 365 1774 436 δαίμονάς
1789 380 1974 435 φησιν,

2154 363 2362 421 Bestias
2383 366 2533 422 silva:
2554 376 2608 422 et
2629 365 2840 421 catulos
2859 365 3081 420 leonum
3104 364 3342 437 appellat
3358 363 3661 431 daemones.

385 457 581 521 οἵτινες
595 460 655 511 ὲν
676 456 753 529 τῷ
773 456 953 528 καιρῷ
976 456 1068 511 τοῦ
1087 455 1423 511 Δεσποτικοῦ
1438 456 1644 520 πάθους
1663 455 1979 524 ἀναγκαίως

338 566 346 573 ”
384 550 648 617 ὠρύοντο,
666 551 986 623 νομίζοντες
1014 550 1138 604 τότε
1169 546 1348 623 θήρας
1378 549 1524 620 ἔχειν
1552 548 1765 619 καιρόν.
1788 546 1981 629 Ἐσλε-

387 658 487 695 πον
512 641 623 712 γὰρ
647 640 851 695 Ἰούδαν
893 640 1297 713 προδεδωκότα,
1327 640 1421 694 τὸν
1467 640 1675 713 Πέτρον
1711 638 1980 709 ἀρνούμε-

386 751 497 801 νον,
527 734 652 801 τοὺς
668 732 896 799 λοιποὺς
922 734 1261 799 ἀποστόλους
1284 731 1735 803 σκορπισθέντας.
1756 730 1980 804 Ὠρύον-

384 843 445 879 το
485 827 673 879 τοίιυν
712 868 726 893 ,
794 826 1045 898 ἁρπάσαι
1087 825 1186 880 καὶ
1236 826 1478 897 ζητῆσαι
1516 824 1671 895 παρά
1713 822 1809 878 τοῦ
1842 821 1979 877 Θεοῦ

386 918 514 983 τοὺς
542 917 785 982 δικαίους
823 917 1056 986 ἐξαιτεῖν
1103 919 1185 982 εἰς
1230 918 1594 990 πειρατήρια.
1630 917 1700 970 Ἦ
1726 915 1850 987 οὐχὶ
1889 913 1981 969 τὸν

367 988 514 1065 ”Ιὼ6
554 1008 823 1083 ἐξῄτησεν
871 1013 901 1065 ὁ
941 1009 1230 1077 διάὅολοςς
1302 988 1569 1081 Ἐξῄτήσε
1623 1009 1680 1063 δὲ
1713 1010 1808 1062 καὶ
1855 1008 1982 1070 τοὺς

387 1103 721 1168 ἀποστόλους
772 1103 926 1175 παρά
971 1102 1066 1157 τοῦ
1109 1101 1389 1174 Χριστοῦ,
1430 1102 1573 1155 ὥστε
1627 1102 1721 1156 τὸν
1766 1100 1979 1173 Κύριον

387 1197 568 1266 λέγειν
587 1213 602 1228 ο
627 1197 844 1268 Σίμων,
884 1197 1081 1266 Σίμων
1104 1239 1119 1264 ,
1150 1194 1415 1263 ποσάκις
1462 1194 1769 1265 ἐξῄτησεν
1810 1196 1844 1248 ό
1871 1196 1984 1248 Σα-

393 1289 575 1357 τανᾶς
595 1288 868 1345 σινιᾶσαι
888 1288 1046 1360 ὑμᾶς
1064 1291 1146 1357 ὡς
1170 1289 1277 1344 τὸν
1291 1288 1482 1345 σῖτον·
1504 1288 1621 1359 ἐγὼ
1643 1287 1712 1341 δὲ
1726 1285 1983 1355 ἐδεήθην

389 1376 522 1445 περὶ
549 1377 667 1431 σοῦ
697 1377 800 1431 ἵνα
825 1377 911 1448 μὴ
938 1377 1156 1445 ἐκλίπῃ
1183 1378 1222 1446 ἠ
1252 1376 1459 1443 πίστις
1476 1390 1615 1432 σου.

465 1489 484 1522 ι
510 1469 811 1524 Ἀνέτειλεν
843 1469 872 1523 ὁ
908 1469 1083 1543 ἥλιος,
1113 1469 1209 1524 καὶ
1236 1468 1609 1541 συνήχθησαν.
1663 1488 1681 1521 ι

461 1562 819 1627 Ἀναστάντος
847 1563 954 1634 γὰρ
982 1561 1223 1634 Χριστοῦ
1261 1560 1650 1633 ὑπεχώρησαν.
1696 1560 1790 1614 Διὸ
1832 1559 1974 1631 Σύμ-

392 1672 567 1725 μαχος
620 1655 741 1710 ἀντὶ
792 1653 886 1708 τοῦ
948 1653 1360 1724 συνήχθησαν
1385 1695 1401 1720 ,
1459 1651 1981 1722 ὑποχωρήσουσιν

392 1745 619 1816 ἔγραψε.
657 1745 769 1827 Πιξι
810 1745 867 1801 δὲ
921 1745 1321 1818 ὑπεχώρησανς
1358 1746 1439 1810 είς
1473 1744 1574 1810 τὰς
1602 1743 1815 1798 ἑαυτῶν
1842 1744 1979 1814 μάν-

386 1835 543 1909 δρας·
569 1836 700 1890 ἔνθα
732 1836 1225 1902 καταοιτάζονται
1248 1836 1498 1905 ἑρπετῶν
1523 1835 1680 1907 δίκην
1701 1833 1975 1904 φωλεύον-

318 1966 325 1969 -
388 1944 499 1992 τες.
544 1928 654 1983 Καὶ
684 1927 830 1998 μάλα
866 1926 1116 1993 εἰκότως,
1144 1926 1337 1996 ἐπειδὴ
1382 1925 1444 1980 τδ
1492 1924 1719 1998 θαρρεῖν
1747 1926 1861 1987 τοῖς
1891 1922 1977 1976 ὅν-

389 2038 497 2083 τως
514 2019 824 2091 ἀνθρώποις
846 2019 1078 2073 δέδωκεν
1098 2020 1131 2090 ἡ
1158 2017 1252 2072 τοῦ
1273 2016 1511 2088 Χριστοῦ
1534 2019 1855 2081 ἀνάστασις,
1881 2015 1977 2069 καὶ

390 2110 716 2184 προέτρεψε,
727 2111 921 2182 μέχρις
936 2108 1067 2162 ὲσπέ
1073 2126 1194 2182 ρας,
1212 2107 1415 2180 δηλαδὴ
1432 2107 1531 2179 τῆς
1545 2105 1639 2159 τοῦ
1659 2105 1775 2177 βίου
1791 2121 1978 2158 συντεο

389 2202 562 2267 λείας,
618 2201 680 2256 τὸ
736 2200 898 2273 ἔργον
951 2200 1014 2255 τὺ
1065 2200 1266 2254 οἰκεῖον
1315 2196 1670 2270 ἐργάζεσθαι,
1728 2195 1979 2249 τουτέστι

388 2292 491 2365 τὴν
512 2292 714 2365 ἀρετήν
737 2307 752 2323 ’
800 2288 1007 2345 ταύτην
1046 2290 1156 2361 γὰρ
1189 2289 1325 2361 ἡμῖν
1370 2288 1400 2341 ὁ
1436 2286 1571 2350 Θεὸς
1598 2286 1679 2350 είς
1704 2284 1979 2354 ἐργασίαν

394 2383 622 2438 ἔδωκεν.

465 2493 485 2528 t
532 2474 619 2539 Ὠς
648 2473 994 2545 ὲμεγαλύνθη
1029 2473 1099 2530 τὰ
1126 2472 1267 2544 ἔργα
1298 2490 1417 2540 σου,
1458 2473 1654 2545 Κύριε.
1680 2491 1711 2524 γι

472 2648 869 2722 Ἐκπλήττεται
896 2645 989 2703 τοῦ
1023 2645 1161 2703 Θεοῦ
1193 2648 1264 2702 τὰ
1311 2647 1579 2721 εἰρημένα
1616 2648 1894 2720 μυστήρια
1921 2649 1979 2702 δν

392 2743 555 2815 σοφίᾳ
584 2741 753 2814 πολλῇ
783 2742 877 2797 καί⁵
914 2741 1130 2813 μεγάλῃ
1159 2730 1432 2812 γενόμενα
1461 2757 1474 2771 ·
1508 2742 1574 2813 ἢν
1595 2742 1671 2806 ὡς
1699 2740 1977 2813 ὑπερϐάλ-

386 2834 588 2889 λουσαν
617 2835 713 2888 καὶ
750 2833 874 2888 λίαν
906 2833 1229 2905 ἀπόκρυφον
1278 2832 1482 2901 οὐδεὶς
1512 2832 1635 2887 τῶν
1663 2834 1980 2903 ἀρχόντων

389 2927 497 2983 τοῦ
526 2926 741 2993 αἰῶνος
765 2928 982 2982 τούτου
999 2925 1281 2998 ἔγνωκεν.
1301 2927 1369 2980 El
1392 2926 1505 2996 γὰρ
1531 2926 1836 2997 ἔγνωσαν,
1866 2929 1979 2983 οὐκ

2080 455 2173 525 qui
2214 466 2459 529 tempore
2492 458 2787 515 Dominicm
2827 458 3101 530 passionis
3140 459 3456 517 necessario
3489 460 3665 534 rugie-

2080 548 2235 611 bant.
2287 550 2664 608 existimantes
2724 560 2855 608 tunc
2908 552 3116 609 bestias
3162 552 3369 611 habere
3422 563 3662 625 tempus.

2085 637 2356 695 Vide-bant
2397 640 2543 696 enim
2583 641 2779 698 Ju‘dam
2804 642 3155 714 prodentem,
3186 642 3410 700 Petrum
3457 660 3667 717 negan-

2082 739 2216 798 tem,
2236 733 2475 804 reliquos
2493 735 2770 804 apostolos
2795 736 3112 807 dissipatos.
3139 736 3453 810 Rugiebant
3476 739 3664 811 igitur,

2083 831 2144 878 ut
2173 834 2505 895 raperentet
2533 836 2889 896 quaerere‘nta
2909 826 3022 884 Deo
3036 829 3216 899 justos
3241 831 3309 885 ad
3341 831 3664 889 tentandum

2083 917 2461 987 expostulare.
2494 918 2752 989 Nunquid
2780 920 2942 975 etiam
2970 920 3167 978 Jobum
3196 924 3448 980 diabolus
3476 923 3667 995 exqui-

2084 1006 2265 1064 sivit?
2304 1009 2543 1082 Expetiit
2585 1020 2768 1067 autem
2809 1014 3089 1083 apostolos
3129 1030 3159 1071 a
3186 1015 3426 1083 Christo,
3480 1016 3553 1072 ita
3604 1024 3666 1071 ut

2084 1098 2249 1155 etiam
2300 1099 2566 1159 Dominus
2626 1103 2837 1159 diceret
2877 1121 2891 1157 :
2947 1102 3152 1171 Simon,
3200 1105 3405 1172 Simon,
3458 1110 3665 1178 quoties

2083 1189 2317 1247 Satanas
2336 1194 2583 1263 expetivit
2613 1211 2702 1253 vos
2724 1205 2780 1249 ut
2812 1196 3073 1251 cribraret
3103 1200 3238 1252 sicut
3268 1200 3502 1254 triticum
3522 1201 3548 1254 ἲ
3574 1217 3668 1271 ego

2085 1292 2264 1337 autem
2298 1286 2478 1353 rogavi
2515 1301 2611 1354 pro
2642 1295 2708 1351 te,
2741 1296 2799 1342 ut
2832 1303 2936 1342 non
2971 1288 3187 1357 deﬁciat
3218 1288 3349 1357 ﬁdes
3378 1298 3472 1344 tua
3494 1291 3561 1344 “.

2158 1463 2320 1522 Vens.
2355 1466 2448 1522 29.
2483 1485 2501 1518 ι
2533 1467 2700 1523 Ortus
2722 1478 2808 1525 est
2835 1469 2939 1533 sol,
2975 1479 3032 1525 et
3056 1469 3367 1542 congregati
3396 1479 3547 1526 sunt.

2158 1556 2383 1614 Christo
2408 1559 2555 1614 enim
2587 1568 2908 1632 resurgente
2930 1570 3300 1617 recesserunt.
3325 1561 3671 1634 Quaproer

2086 1649 2447 1721 Symmachus
2463 1666 2564 1723 pro
2580 1654 2885 1724 congregati
2895 1663 3016 1707 sunt
3034 1653 3255 1724 scripsit
3271 1656 3531 1710 reredent.
3549 1655 3671 1720 Quo

2082 1754 2267 1798 autem
2291 1743 2680 1799 recesserunt?
2698 1744 2753 1799 in
2772 1744 2942 1800 lustra
2967 1760 3066 1801 sua
3087 1762 3101 1800 :
3122 1744 3196 1801 ibi
3215 1744 3419 1801 cubant
3438 1761 3669 1816 serpen-

2084 1833 2219 1888 tium
2258 1832 2430 1889 instar
2467 1834 2769 1892 latitantes.
2808 1834 2877 1891 Et
2909 1836 3037 1908 jure
3073 1837 3448 1904 meritissimo,
3490 1852 3667 1909 quan-

2081 1923 2376 1995 doquidem
2435 1925 2503 1982 iis
2556 1927 2649 1997 qui
2710 1942 2900 1984 revera
2962 1927 3218 1984 homines
3279 1938 3409 1985 sunt
3459 1929 3666 1986 Christi

2082 2018 2416 2073 resurrectio
2436 2018 2690 2075 ﬁduciam
2718 2020 2890 2086 dedit,
2913 2030 2970 2077 et
2990 2021 3280 2078 adhortata
3300 2031 3384 2078 est
3404 2031 3465 2077 ut
3493 2038 3669 2094 usque

2082 2112 2150 2168 ad
2180 2128 2488 2184 vesperam,
2521 2116 2731 2173 scilicet
2757 2116 2885 2173 vitae
2922 2118 3089 2189 hujus
3112 2120 3666 2188 consummationem,

2082 2206 2369 2278 proprium
2412 2223 2554 2280 opus
2606 2217 2856 2281 agerent,
2922 2225 3125 2283 nempe
3171 2212 3479 2270 virtutem:
3526 2213 3669 2270 hanc

2081 2299 2229 2356 enim
2256 2302 2418 2358 nobis
2451 2302 2595 2360 Deus
2623 2303 2694 2358 ad
2722 2307 3067 2375 operandum
3097 2307 3273 2364 dedit.

2134 2478 2298 2538 Vens.
2335 2482 2427 2537 24.
2453 2502 2469 2534 ι
2492 2481 2663 2550 Quam
2681 2483 3027 2557 magniﬁcata
3054 2492 3186 2541 sunt
3213 2497 3379 2557 Opera
3404 2494 3528 2552 tua,
3563 2484 3668 2542 Do-

2082 2572 2251 2629 mine.
2283 2593 2303 2626 s
2342 2607 2349 2615 -

2157 2665 2515 2739 Obstupescit
2544 2669 2692 2727 dicta
2729 2670 2827 2726 Dei
2857 2671 3117 2744 mysteria
3149 2672 3206 2727 in
3236 2672 3407 2728 multa
3440 2688 3667 2746 magna-

2088 2768 2196 2822 que
2223 2755 2494 2826 sapientia
2532 2756 2675 2813 l'octa
2701 2775 2714 2812 :
2743 2774 2909 2828 quam
2939 2770 3129 2832 utpote
3153 2762 3410 2818 eximiam
3436 2773 3491 2818 et
3510 2763 3667 2819 valde

2082 2860 2336 2901 arcanam
2378 2863 2530 2903 nemo
2566 2850 2864 2920 principum
2886 2852 3044 2922 hujus
3082 2853 3264 2909 siccati
3306 2857 3561 2926 cognouit.
3604 2856 3667 2912 Si

2081 2939 2222 3019 enim
2248 2941 2628 3010 cognouissent,
2659 2958 2931 3013 nunquam
2964 2944 3253 3001 Dominum
3281 2947 3473 3019 gloriav
3492 2952 3664 3004 cruci-

388 3019 468 3074 ἂν
494 3020 602 3073 τὸν
643 3018 866 3088 Κύριον
899 3016 1011 3087 τῆς
1036 3016 1223 3086 δόξης
1243 3017 1660 3089 ἐσταύρωσαν,
1695 3018 1840 3074 καθά
1872 3036 1977 3092 φη-

2082 3016 2317 3099 Ῑὶαὶεεεηι
2345 3032 2414 3098 ⁸³,
2447 3032 2526 3088 uti
2560 3033 2763 3090 Paulus
2786 3034 2883 3090 ait.

389 3122 475 3163 σιν
501 3108 529 3162 ό
558 3106 795 3172 Παῦλος.

464 3216 483 3249 ι
529 3196 856 3270 Ἑπληρὼθη
879 3197 916 3270 ἡ
945 3197 1018 3270 γῆ
1045 3197 1147 3270 τῆς
1165 3196 1400 3262 κτίσεὼς
1424 3209 1545 3253 σου.
1582 3217 1600 3249 ι

455 3289 719 3344 Τουτέστι
764 3289 860 3343 τοῦ
905 3289 1267 3361 ὶγκαινισμοῦ
1305 3290 1404 3344 καὶ
1444 3288 1546 3359 τῆς
1583 3289 1976 3361 τάνανεώσεως.

382 3381 456 3436 El
476 3399 567 3450 τις
594 3382 707 3453 γὰρ
752 3383 823 3437 ἐν
862 3381 1117 3452 Χριστῷ.
1153 3380 1332 3452 καινή
1373 3378 1573 3449 κτίσις
1598 3398 1614 3417 ο
1645 3381 1719 3437 τὰ
1760 3381 1981 3453 ἀρχαῖα

385 3474 719 3545 παρῆλθεν,
756 3474 888 3530 ἰδοὺ
916 3475 1127 3546 γέγονε
1153 3475 1227 3528 τὰ
1260 3473 1459 3529 πάντα
1486 3474 1686 3529 καινά.
1712 3475 1815 3529 Διὰ
1840 3474 1893 3528 τι
1921 3473 1979 3527 δὲ

386 3568 544 3640 ήγῆ;
586 3568 776 3641 ἒπειδή
801 3569 883 3632 είς
922 3569 1095 3643 αὐτὴν
1122 3571 1152 3621 ὁ
1190 3568 1384 3631 κλίνας
1430 3567 1698 3639 οὐρανοὺς
1736 3567 1978 3621 κατασι-

387 3661 548 3731 σηκε.
575 3660 701 3724 Πῶς
752 3660 812 3713 δὲ
876 3659 1048 3731 αὐτὴν
1097 3659 1338 3726 ἔκτισεν,
1388 3658 1508 3713 ἀλλ’
1554 3658 1591 3731 ἢ
1626 3658 1696 3713 δι’
1742 3658 1975 3723 ὑδάτων,

385 3750 578 3823 ὥσπερ
609 3747 782 3823 αὐτὴν
810 3751 904 3805 καὶ¹
944 3752 1040 3805 ἀπ’
1072 3750 1252 3822 ἀρχῆς
1290 3746 1622 3821 παρήγαγε;
1666 3748 1735 3802 δι’
1766 3748 1977 3803 ὑδάτων

384 3843 443 3899 δὲ
490 3837 585 3897 τοῦ
618 3842 1018 3915 βαπτίσματος,
1048 3838 1272 3912 εὔδηλον
1300 3858 1315 3874 ο
1350 3841 1547 3913 μηνύει
1591 3841 1701 3912 γὰρ
1734 3840 1794 3895 τὸ
1844 3840 1976 3895 ἑπό-

389 3951 576 4009 μενον.

462 4048 481 4082 ι
511 4027 662 4099 Δῦτη
700 4026 736 4101 ἡ
767 4026 1017 4083 θάλασσα
1047 4029 1082 4101 ἠ
1118 4027 1357 4101 μεγάλη.
1406 4047 1425 4078 ι

453 4118 686 4189 Μεγάλη
735 4120 771 4191 ἡ
824 4119 984 4190 χάρις
1032 4118 1127 4173 τοῦ
1180 4117 1582 4189 βαπτίσματος,
1632 4116 1709 4181 ὡς
1746 4115 1967 4189 μεγάλα

387 4212 720 4283 περιέχουσα
768 4210 1068 4282 μυστήρια.
1104 4207 1434 4282 Εὐρύχωρος
1462 4208 1542 4273 δὲ,
1568 4208 1645 4273 ὡς
1673 4208 1804 4280 ὅλην
1860 4226 1973 4281 χω-

2162 3234 2180 3266 ι
2214 3214 2443 3285 lmpleta
2467 3225 2552 3272 est
2583 3224 2730 3273 terra
2760 3224 3012 3274 creatura
3044 3226 3157 3274 tua.
3199 3237 3222 3272 ι

2153 3307 2211 3364 Id
2238 3318 2324 3364 est
2362 3308 2759 3371 instauratione
2791 3319 2848 3366 et
2887 3311 3268 3369 innovatione.
3313 3311 3377 3369 Si
3408 3330 3514 3385 qua
3534 3329 3667 3386 ergo

2080 3401 2137 3453 in
2179 3398 2387 3456 Christo
2434 3418 2568 3458 nova
2625 3412 2871 3459 creatura
2900 3421 2920 3470 ,°
2946 3413 3123 3461 uetera
3166 3406 3510 3473 transierunt,
3553 3423 3668 3461 ecce

2080 3490 2225 3561 facta
2279 3503 2401 3549 sunt
2457 3496 2640 3553 omnia
2679 3512 2816 3552 noua
2839 3496 2906 3553 ⁸³.
2936 3497 3020 3553 Ad
3058 3497 3193 3570 quid
3241 3506 3424 3554 autem
3477 3507 3619 3553 terra
3643 3498 3669 3551 ἲ

2078 3585 2526 3656 quandoquidem
2557 3588 2625 3644 ad
2655 3589 2802 3644 illam
2847 3589 3017 3646 caelos
3065 3589 3339 3647 inclinans
3361 3589 3663 3645 descendit.

2080 3676 2367 3742 Quomodo
2416 3689 2599 3736 autem
2640 3681 2787 3736 illam
2834 3680 3062 3747 creavit,
3091 3681 3199 3735 nisi
3257 3695 3425 3751 super
3473 3696 3662 3750 aquas,

2078 3767 2540 3837 quemadmodum
2572 3769 2643 3824 ab
2686 3768 2841 3825 initio
2873 3783 2996 3825 eam
3040 3768 3424 3839 produxerat?
3443 3768 3662 3825 Clarum

2079 3865 2264 3913 autem
2314 3858 2459 3928 quod
2500 3874 2597 3930 per
2640 3873 2812 3929 aquas
2854 3859 3227 3930 baptismatis.
3276 3857 3392 3916 Hoc
3436 3860 3584 3917 enim
3609 3861 3663 3916 id

2077 3946 2223 4016 quod
2251 3947 2500 4017 sequitur
2529 3947 2791 4005 insinuat.

2154 4037 2314 4094 Vens.
2344 4038 2436 4095 9.5.
2473 4059 2492 4093 ι
2538 4039 2654 4097 [loc
2682 4056 2832 4098 mare
2855 4057 3137 4115 magnum.
3175 4062 3194 4098 ι

2147 4132 2335 4207 Magna
2364 4144 2450 4191 est
2485 4134 2830 4207 baptismatis
2863 4136 3058 4209 gratia,
3086 4145 3280 4208 utpote
3309 4151 3504 4209 magna
3526 4151 3662 4191 con~

2076 4226 2259 4283 tinens
2307 4227 2587 4298 mysteria.
2627 4226 2761 4283 Lata
2802 4236 3007 4294 autem,
3039 4227 3167 4298 quia
3220 4235 3391 4284 totam
3434 4228 3662 4299 spiritus

390 4301 559 4377 ροῦσα
605 4302 706 4375 τὴν
760 4303 1048 4376 ἐνέργειαν
1096 4300 1191 4356 τοῦ
1251 4300 1584 4372 πνεύματος.
1645 4300 1971 4373 Ἐρπετάτε

2082 4319 2463 4391 complectitur
2527 4320 2986 4391 inoperationem.
3046 4320 3281 4392 Reptilia
3335 4329 3519 4377 autem
3578 4321 3666 4374 in-

385 4397 514 4459 τοὺς
534 4395 916 4467 ἁμαρτωλοὺς,
938 4394 1028 4450 διά
1045 4394 1107 4449 τὸ
1137 4393 1333 4467 ἕρπειν
1360 4393 1558 4457 αὐτοὺς
1586 4393 1681 4447 ἐπὶ
1708 4391 1779 4445 τὰ
1803 4392 1971 4463 γήϊνα

2082 4387 2257 4485 tellige
2292 4387 2640 4484 peccatores,
2657 4429 2725 4470 eo
2760 4414 2907 4485 quod
2946 4413 3015 4470 ad
3044 4387 3259 4469 terrena
3294 4422 3487 4484 repant
3521 4431 3535 4469 :
3570 4413 3662 4483 qui

386 4486 600 4559 νόησον*
623 4485 783 4559 οἵπερ
816 4485 905 4540 διὰ
950 4485 1012 4541 τὸ
1056 4484 1264 4557 πλῆθος
1309 4484 1535 4548 είκότως
1568 4484 1711 4554 ὑπὲρ
1739 4481 1973 4556 ἀριθμὸν

362 4574 657 4662 ⁸λέγονται,
718 4576 751 4648 ἢ
808 4577 892 4629 ὅτι
946 4577 1131 4647 μόνοις
1170 4578 1286 4640 τοῖς
1331 4572 1562 4640 δικαίοις
1619 4574 1974 4647 ἀριθμεῖσθαι

386 4665 609 4736 πρέπει.
647 4666 947 4739 11>ησὶγάρ·
998 4667 1161 4738 Ἐμοὶ
1208 4667 1278 4721 δὲ
1321 4668 1469 4722 λίαν
1509 4666 1891 4738 ἐτιμήθησαν
1918 4669 1972 4721 οὶ

384 4760 551 4829 φίλοι
582 4773 721 4827 σου,
757 4762 791 4815 d
837 4761 1005 4827 Θεός.
1045 4759 1547 4831 Ἐξαριθμήσομαι
1594 4759 1835 4827 αὐτοὺς,
1872 4762 1971 4816 καὶ

384 4851 539 4921 ὑπὲρ
567 4850 765 4923 ἄμμον
806 4851 1365 4922 παηθυνθιξσονται.
1607 4839 1631 4860 ’

463 4963 482 4996 ι
522 4942 646 4997 Ζῶα
677 4943 848 5015 μικρὰ
877 4943 1018 5014 μετά
1052 4944 1324 5015 μεγάλων.
1365 4965 1383 4998 ι

456 5036 522 5091 Οί
549 5037 787 5108 μετρίως
816 5036 1015 5092 δίκαιοι
1042 5039 1137 5091 καὶ
1163 5038 1326 5109 ἄγαν.
1362 5040 1578 5107 Πάντας
1610 5041 1720 5112 γὰρ
1742 5040 1970 5105 τούτους

383 5123 446 5176 τὸ
487 5125 771 5198 βάπτισμα
813 5127 1051 5200 δέχεται,
1082 5131 1178 5184 καὶ
1219 5130 1281 5184 οὑ
1309 5131 1469 5203 μόνον
1503 5131 1818 5204 ἁμαρτωλοὶ
1871 5130 1967 5186 τοῦ

384 5214 613 5287 λουτροῦ
642 5221 740 5290 τῆς
770 5220 1215 5292 παλιγγενεσίας,
1244 5224 1382 5279 ἀλλὰ
1406 5226 1504 5279 καὶ⁸
1530 5226 1581 5280 oi
1606 5226 1807 5280 δίκαιοι
1826 5224 1967 5299 χρῄ-

385 5300 590 5366 ζουσιν.
628 5307 850 5380 Ἐπειδὴ
869 5310 980 5364 ἐὰν
1005 5312 1092 5382 μή
1118 5331 1208 5380 τις
1234 5315 1622 5386 ἀναγεννηθῆ
1650 5317 1720 5382 ἐξ
1749 5300 1971 5382 ὕδατός

384 5394 481 5447 καί
502 5397 861 5467 πνεύματος,
895 5404 967 5457 οὐ
999 5404 1088 5473 μὴ
1114 5406 1359 5476 εἰσέλθῃ
1388 5409 1476 5476 είς
1511 5408 1624 5475 τὴν
1638 5410 1973 5474 ,ϐασιλείαν

385 5484 491 5542 τοῦ
517 5487 687 5541 Θεοῦ.

2075 4504 2149 4561 ob
2198 4504 2608 4562 multitudinem
2667 4506 2864 4562 merito
2903 4506 3166 4561 dicuntur
3205 4520 3327 4562 esse
3356 4521 3522 4577 supra
3554 4520 3663 4561 nu-

2077 4610 2312 4664 merum,
2353 4596 2439 4653 vel
2461 4596 2588 4668 quia
2622 4596 2753 4651 solis
2776 4597 2942 4668 justis
2967 4596 3244 4663 convenit,
3274 4606 3336 4654 ut
3365 4612 3663 4654 numeren-

2079 4696 2186 4743 tur.
2222 4688 2314 4743 Ait
2346 4688 2528 4743 enim:
2574 4685 2711 4742 lli/ti
2741 4700 2919 4743 autem
2977 4688 3132 4744 ualde
3159 4689 3493 4761 honori/icati
3540 4702 3661 4746 sunt

2076 4778 2237 4831 amici
2265 4779 2362 4843 tui,
2405 4777 2565 4833 Deus.
2604 4779 2961 4835 Dinumerabo
3014 4797 3121 4848 eos,
3160 4791 3207 4836 et
3245 4797 3405 4852 super
3438 4799 3660 4838 arenam

2082 4864 2578 4933 multiplicabuntur
2599 4867 2667 4920 ".

2158 4974 2177 5006 ι
2215 4955 2483 5012 Animalia
2518 4957 2713 5029 pusilla
2754 4974 2879 5016 cum
2912 4961 3144 5033 magnis.
3177 4980 3199 5015 ι

2149 5043 2496 5103 Mediocriter
2537 5057 2594 5105 et
2629 5050 2787 5108 valde
2834 5052 2991 5122 justi.
3025 5053 3135 5109 Hos
3155 5054 3303 5109 enim
3338 5066 3532 5108 omnes
3565 5051 3660 5106 ha-

2077 5136 2278 5209 ptisma
2306 5138 2556 5210 suscipit,
2590 5150 2778 5199 etnon
2801 5145 2977 5200 solum
3004 5155 3343 5215 peccatores,
3377 5143 3471 5200 sed
3495 5143 3660 5198 etiam

2072 5229 2207 5303 justi
2234 5229 2450 5289 lavacro
2481 5236 2912 5305 regenerationis
2940 5251 3082 5307 opus
3128 5237 3351 5291 habent.
3383 5234 3519 5291 Nam
3556 5235 3659 5291 nisi

2074 5325 2192 5395 quis
2249 5335 2464 5379 renatus
2495 5328 2653 5399 fuerit
2704 5346 2770 5384 ea:
2817 5346 2960 5401 aqua
3005 5338 3053 5384 et
3088 5329 3301 5398 spiritu,
3349 5343 3453 5384 non
3489 5336 3659 5400 potest

2074 5418 2292 5471 introire
2308 5418 2363 5471 in
2392 5435 2604 5491 regnum
2640 5420 2739 5477 Dei
2770 5422 2835 5477 “.

443 5644 484 5681 ⁸³
531 5645 659 5701 Luc.
696 5661 829 5712 x-xu,
871 5648 958 5704 5|.
1036 5650 1081 5682 θ’
1117 5652 1137 5705 l
1174 5652 1303 5709 Cor.
1337 5670 1395 5720 ιι,
1436 5654 1490 5709 8.
1569 5655 1615 5689 ⁸³
1637 5658 1680 5713 ιι
1705 5659 1833 5715 Cor.
1866 5661 1975 5728 v.1

2115 5664 2162 5697 “
2192 5664 2335 5720 Psal.
2367 5680 2607 5731 csum,
2646 5666 2729 5723 is.
2807 5670 2850 5700 "
2880 5667 3039 5724 Joan.
3076 5685 3157 5735 ut,
3181 5668 3236 5725 5.

759 5764 1030 5829 ΡΑτιιοι.
1073 5767 1191 5832 Gn.
1241 5770 1465 5834 XCIII.

3210 5781 3280 5847 41
