4032 6222
466 273 609 342 1291

547 392 712 448 Vens.
743 388 845 446 27.
870 408 888 443 ι
929 387 1124 446 Omnia
1153 404 1182 443 a
1210 397 1263 444 te
1289 397 1629 460 exspectant.
1671 409 1687 441 ι

544 484 750 542 Omnia
769 485 917 540 enim
943 484 1085 539 bona
1121 497 1285 538 manu
1319 482 1413 537 Dei
1440 481 1817 547 continentur,
1846 494 1906 539 ut
1933 499 2056 540 cum

478 591 596 632 eam
643 574 937 646 aperuerit,
975 572 1160 629 omnia
1204 573 1432 644 repleat,
1465 589 1529 629 ac
1557 582 1769 629 saturet
1790 574 2055 632 bonitate.

458 667 645 722 :Porro
688 681 948 721 manuum
1005 665 1133 736 ejus
1176 663 1518 736 apertionem
1577 664 1749 721 etiam
1793 665 1848 721 in
1896 681 2058 723 cruce

475 755 868 827 expansionem
890 754 1194 827 intelligere
1218 764 1461 826 oportet;
1488 755 1636 812 unde
1670 756 1853 812 omnia
1875 756 2057 828 imple

462 851 527 899 ita
558 852 686 900 sunt
719 843 990 911 bonitate,
1012 845 1068 901 id
1098 852 1183 901 est
1206 845 1581 918 benignitate;
1615 848 2060 919 quandoquidem

452 952 638 994 omne
663 947 950 1009 peccatum
979 954 1078 1011 per
1102 953 1321 995 crucem
1349 939 1636 996 remissum
1670 949 1774 997 est.

432 1142 450 1191 ξ
546 1122 817 1178 Vens.30.
842 1140 863 1174 ι
907 1119 1137 1176 Emittes
1162 1119 1413 1191 spiritum
1447 1126 1623 1176 tuum.
1649 1139 1669 1172 ι

438 1208 449 1249 ί
545 1211 687 1268 illud
712 1210 784 1267 de
835 1219 1178 1266 mortuorum
1208 1210 1612 1266 resurrectione
1652 1208 1763 1265 dici
1788 1208 2063 1281 potuisset

459 1314 735 1373 :tanquam
761 1302 831 1358 de
861 1302 1102 1359 humano
1145 1302 1345 1373 spiritu
1391 1301 1447 1356 in
1495 1309 1695 1357 terram
1720 1302 1944 1368 emisso,
2002 1310 2065 1357 ut

477 1397 719 1451 humana
749 1404 940 1450 natura
974 1402 1354 1461 renovaretur,
1383 1394 1493 1449 nisi
1530 1393 1809 1466 Propheta
1836 1394 2064 1451 dixisset

478 1485 739 1555 Spiritum
791 1493 962 1549 tuum,
1000 1485 1295 1540 manifeste
1356 1485 1454 1539 Dei
1500 1483 1764 1556 Spiritum
1810 1494 2063 1540 sanctum

476 1577 794 1643 declarans;
815 1576 973 1647 cujus
1002 1574 1266 1632 missione
1285 1577 1465 1632 omnis
1495 1573 1661 1643 terra,
1688 1576 1743 1632 id
1765 1586 1853 1633 est
1870 1591 2063 1633 omnes

477 1676 670 1739 gentes
698 1675 896 1723 creatae
929 1674 1080 1735 sunt,
1133 1675 1192 1722 et
1219 1675 1528 1734 renovatae;
1563 1666 1777 1723 scilicet
1799 1681 1899 1739 per
1919 1682 2062 1738 prae-

476 1759 809 1816 dicationem
862 1759 1257 1830 apostolorum.
1312 1757 1451 1814 Nam
1503 1760 1562 1813 in
1615 1775 1821 1815 omnem
1859 1768 2058 1814 terram

2165 1777 2340 1853 statin,
2379 1747 2475 1832 »ἑὰι
2508 1747 2814 1848 suctu-iebat
2848 1778 2938 1835 διὰ
2959 1777 3053 1833 τοῦ
3082 1780 3444 1852 κηρύγματος
3475 1747 3751 1837 τῶν-ἀποο.

478 1851 639 1906 exivit
679 1865 838 1907 sonus
879 1867 1085 1918 eorum,
1147 1859 1196 1906 et
1257 1850 1315 1905 in
1374 1850 1505 1921 ﬁnes
1560 1859 1716 1906 terra
1763 1850 1918 1906 verba
1967 1865 2056 1905 eo-

480 1956 598 1996 rum
636 1940 701 1992 “.

548 2137 711 2195 Vtilis.
743 2139 835 2195 '52.
871 2157 892 2192 ‹
928 2138 1033 2206 Qui
1053 2138 1279 2209 respicit
1307 2151 1475 2208 super
1499 2145 1724 2191 terram.
1764 2154 1783 2187 ι

551 2229 725 2288 Ta‘nta
777 2231 924 2288 enim
962 2233 1144 2288 virtus
1193 2229 1506 2288 Conditoris
1540 2238 1646 2293 est,
1689 2236 1752 2283 ut
1783 2227 1869 2283 vel
1908 2226 2058 2283 solus

480 2322 601 2392 ejus
630 2330 887 2393 aspectus
938 2323 1074 2379 satis
1101 2321 1173 2378 sit
1221 2321 1292 2378 ad
1322 2328 1546 2388 terram,
1581 2333 1704 2390 quae
1733 2318 2057 2374 inconcussa

483 2414 714 2480 videtur,
731 2414 1174 2471 concutiendam.

540 2505 713 2562 Vsus.
745 2506 837 2562 53.
874 2526 894 2559 ε
923 2506 1171 2563 Cantabo
1194 2505 1426 2562 Domino
1460 2503 1516 2559 in
1542 2502 1655 2559 vita
1675 2518 1819 2559 mea.
1859 2521 1878 2555 ο

547 2595 881 2652 Promissum
928 2597 1134 2652 bonum
1196 2605 1254 2652 et
1309 2595 1478 2650 vitam
1511 2602 1773 2650 aeternam
1810 2593 2059 2664 impieuti

481 2685 748 2751 tribuens,
770 2686 978 2742 scilicet
1001 2702 1103 2757 pro
1127 2687 1362 2757 quadam
1387 2685 1513 2743 vitae
1541 2694 1689 2742 meta
1715 2683 1811 2740 Dei
1841 2684 2058 2740 laudem

480 2790 706 2846 ponere.
765 2775 913 2833 Talis
960 2778 1111 2833 enim
1150 2778 1223 2834 ad
1276 2779 1595 2850 angelorum
1638 2776 1893 2834 ordinem
1926 2790 2060 2832 con-

479 2870 713 2927 scendit.

550 2963 712 3019 Vsus.
743 2963 832 3019 54.
868 2982 887 3016 ι
919 2962 1231 3020 Iucundum
1279 2962 1352 3019 sit
1392 2961 1442 3018 ei
1471 2961 1751 3032 eloquium
1783 2978 1992 3018 meum.
2033 2981 2053 3016 ι

547 3055 685 3110 Cum
724 3054 870 3110 enim
902 3054 1013 3109 Deo
1040 3053 1320 3111 orationes
1346 3060 1550 3109 nostrae
1574 3054 1899 3124 placuerint,
1928 3061 2061 3109 tunc

1685 274 2038 336 nasrcnn
2075 230 2539 340 passurum

3599 284 3734 351 1292

2086 400 2129 455 Α
2238 415 2255 447 ι
2304 396 2491 451 Πάντα
2515 397 2652 468 πρὸς
2682 398 2737 451 σὲ
2776 399 3140 471 προσδοκῶσι.
3185 416 3205 452 ι

2229 489 2414 544 Πάντα
2441 488 2551 560 γὰρ
2576 496 2646 544 τὰ
2662 490 2841 560 ἀγαθὰ
2868 493 2935 564 τῇ
2968 492 3111 564 χειρὶ
3137 490 3231 546 τοῦ
3254 490 3390 545 Θεοῦ
3423 495 3734 565 περιέσφιγ-

2159 599 2285 637 κται
2312 623 2327 648 ,
2368 583 2436 637 ἵν’
2471 583 2598 638 ὅταν
2631 583 2816 656 ἀνοίξῃ
2841 625 2856 651 ,
2908 585 3086 642 πάντα
3118 585 3319 656 πληροῖ
3366 586 3464 640 καὶ
3503 588 3732 659 χορτάζῃ

2159 675 2551 747 χρηστότητος.
2584 676 2827 742 Ἀνοιξιν
2855 677 2913 730 δὲ
2942 676 3106 731 αὐτοῦ
3143 676 3342 749 χειρῶν
3387 679 3481 731 καὶ
3520 679 3618 749 τὴν
3652 679 3736 734 ἐκ.

2158 782 2315 820 τασιν
2344 766 2442 838 τὴν
2469 766 2562 821 ἐπὶ
2591 766 2688 822 τοῦ
2723 767 2956 840 σταυροῦ
2989 769 3255 841 προσήκει
3283 768 3616 838 λογίζεσθαι·
3647 773 3733 842 ἀφ’

2158 850 2226 929 ἦς
2252 859 2431 915 πάντα
2459 859 2707 933 ἐπλήσθη
2728 862 3123 933 χρηστότητος,
3153 862 3411 941 τουτέστι
3441 861 3736 932 φιλανθρω-

2161 950 2312 1018 πίαςο
2341 953 2533 1025 ἐπειδὴ
2574 954 2724 1008 πᾶσα
2770 953 3019 1026 ἁμαρτία
3056 954 3146 1009 διὰ
3183 953 3421 1026 σταυροῦ
3461 954 3738 1037 συγκεχώ-

2163 1062 2349 1117 ρηται.

2234 1157 2257 1191 ‹
2306 1137 2718 1204 Ἐξαποστελεῖς
2746 1141 2807 1192 τὸ
2849 1138 3070 1210 πνεῦμά
3096 1157 3213 1195 σου.
3255 1159 3274 1191 ι

2235 1225 2344 1284 Ἦν
2376 1230 2443 1286 ἂν
2475 1231 2634 1286 τοῦτο
2676 1231 2807 1303 περ)⁸
2847 1231 2947 1303 τῆς
2989 1231 3099 1286 τῶν
3150 1231 3360 1302 νεκρῶν
3391 1232 3736 1294 ἀναστάσεως

2159 1322 2440 1392 λέγεσθαι,
2467 1322 2543 1387 ὡς
2590 1314 2685 1377 ιπι
2727 1323 2826 1397 τὴν
2858 1325 2965 1395 γῆν
3011 1323 3480 1394 ἀποστελλομένου
3519 1323 3617 1378 τοῦ
3653 1327 3737 1379 ἀν-

2162 1413 2439 1484 θρωπίνου
2474 1414 2809 1486 πνεύματος,
2845 1415 2989 1469 ὥστε
3027 1414 3480 1486 ἀνακαινισϐἧναι
3518 1415 3622 1486 τὴν
3645 1416 3735 1468 ἀν-

2161 1502 2508 1576 Θρωπότητα,
2531 1506 2580 1559 εί
2612 1504 2770 1577 μὴτὸ
2799 1505 3045 1575 Πνεῦμά
3077 1521 3194 1560 σου
3218 1505 3247 1558 6
3270 1507 3568 1578 Προφήτης
3593 1502 3731 1572 εἷπε,

2163 1592 2349 1663 σαφῶς
2385 1594 2441 1647 τὸ
2480 1593 2575 1647 τοῦ
2623 1593 2760 1648 Θεοῦ
2790 1594 3018 1665 Πνεῦμα
3041 1595 3102 1649 τὸ
3131 1595 3288 1665 ἅγιον
3331 1594 3527 1669 δηλῶν·
3556 1588 3623 1651 οὗ
3674 1600 3751 1668 τῇ-

2160 1683 2432 1758 ἀποστολῇ
2466 1686 2677 1758 πᾶσαή
2714 1685 2807 1756 γῆ,
2845 1686 3094 1740 τουτέστι
3128 1688 3308 1742 πάντα
3350 1688 3422 1742 τὰ
3471 1688 3600 1759 ἔθνη
3654 1690 3736 1742 ὲκ-

2162 1868 2388 1936 στόλων,
2413 1867 2661 1940 εὔδηλον.
2686 1871 2788 1935 Εἰς
2818 1866 3026 1924 πᾶσαν
3053 1868 3163 1940 γὰρ
3192 1869 3308 1939 τὴν
3336 1870 3456 1940 γῆν
3486 1869 3737 1938 ἐξῆλθεν

2160 1960 2194 2012 ὀ
2220 1959 2482 2028 φθόγγος
2508 1958 2729 2025 αὐτῶν,
2774 1957 2875 2013 καὶ
2914 1959 3002 2025 εις
3034 1959 3107 2014 τὰ
3138 1960 3364 2030 πέρατα
3400 1960 3511 2030 τῆς
3541 1964 3736 2016 οἰκου-

2156 2049 2345 2119 μένης
2365 2048 2436 2103 τὰ
2448 2048 2687 2120 ῥήματα
2711 2050 2928 2106 αὐτῶν.

2236 2158 2255 2192 ‹
2304 2140 2363 2194 '0
2394 2141 2708 2197 ἐπιϐλέπων
2734 2143 2827 2196 ἐπὶ
2852 2144 2973 2213 γῆν.
3014 2162 3033 2195 ι

2229 2229 2479 2303 Τοσαύτη
2544 2231 2654 2302 γὰρ
2682 2233 2716 2304 η
2747 2232 2841 2286 τοῦ
2878 2232 3230 2305 Δημιουργοῦ
3275 2233 3527 2304 δύναμις,
3556 2234 3737 2288 ἱκανὸν

2159 2321 2324 2376 αὑτοῦ
2348 2323 2441 2377 καὶ
2472 2323 2533 2377 τὸ
2576 2322 2796 2396 βλέμμα
2831 2317 2997 2392 εἶναι,
3038 2324 3304 2380 σαλεῦσαι
3345 2325 3446 2398 τὴν
3477 2325 3735 2380 δοκοῦσαν

2159 2414 2480 2469 ἀσάλευτον.

2236 2526 2253 2556 ι
2290 2506 2439 2577 ’ᾼσω
2465 2504 2544 2576 τῷ
2574 2506 2762 2578 Κυρίῳ
2788 2506 2847 2560 ὲν
2880 2510 2946 2579 τῇ
2990 2507 3101 2580 ζωῇ
3126 2525 3251 2579 μου.
3289 2527 3309 2560 ι

2239 2596 2566 2669 Ὕπόσχεσις
2596 2598 2774 2670 ἀγαθὴ
2799 2600 2894 2654 καὶ
2925 2599 3072 2673 ζωὴν
3098 2600 3316 2655 αἰώνιον
3336 2601 3413 2672 τῷ
3445 2599 3733 2675 πληροῦντι

2160 2690 2493 2763 παρέχουσα,
2523 2691 2648 2763 ὅρον
2679 2691 2774 2745 τοῦ
2808 2692 2926 2761 βίου
2965 2693 3088 2748 τινὰ
3116 2694 3215 2766 τὴν
3244 2694 3339 2749 τοῦ
3370 2694 3503 2749 Θεοῦ
3529 2694 3735 2761 5050.0-

2160 2784 2288 2854 γίαν
2334 2785 2600 2843 τίθεσθαι.
2653 2787 2746 2850 Εἰς
2777 2788 3027 2858 ἀγγέλων
3083 2788 3381 2864 γὰρτάξιν
3422 2790 3451 2843 6
3500 2788 3734 2853 τοιοῦτος

2162 2877 2470 2950 ἀνέρχεται.

2238 2989 2256 3022 r
2303 2970 2589 3042 Ἦδυνθείη
2617 2971 2827 3045 αύτῷή
2862 2971 3087 3045 διαλογὴ
3126 2991 3251 3046 μου.
3296 2993 3315 3026 ›

2245 3062 2372 3116 Ἐὰν
2403 3063 2510 3135 γὰρ
2552 3066 2580 3119 6
2627 3064 2760 3129 Θεὸς
2808 3065 2904 3120 ἐπὶ
2955 3067 3395 3138 ταίςήμετέραις
3423 3066 3632 3139 ἀρεσθῇ
3654 3066 3734 3120 λέ·

480 3148 643 3203 ctiam
693 3162 795 3202 nos
842 3147 1037 3202 merito
1086 3146 1143 3202 in
1190 3147 1311 3218 ipso
1356 3147 1641 3215 laetamur;
1688 3148 1817 3219 quia
1860 3147 2058 3219 partim

2165 3147 2300 3217 ξεσι,
2334 3146 2453 3206 τότε
2487 3152 2582 3207 καὶ
2598 3154 2760 3231 ἡμεῖς
2788 3153 3016 3219 εἰκότως
3038 3154 3125 3209 ἐπ’
3141 3137 3296 3227 αὐτῷ
3314 3137 3735 3227 εὐιξραινόμεθα,

478 3241 698 3310 quidem
735 3239 880 3294 bona
906 3239 976 3294 ab
1005 3239 1126 3308 ipso
1166 3238 1500 3310 accepimus,
1544 3239 1741 3310 partim
1780 3238 1946 3294 etiam
1969 3255 2061 3294 ex-

480 3339 819 3401 spectamus;
838 3338 999 3400 atque
1020 3330 1176 3397 illud,
1197 3330 1433 3387 Gaudete
1451 3331 1508 3385 in
1533 3329 1759 3385 Domino
1773 3346 1977 3402 semper
1990 3331 2057 3397 ⁸⁷,

479 3422 706 3493 implere
726 3435 1041 3493 possumus.

549 3511 717 3569 Vsus.
757 3513 848 3568 55.
886 3532 904 3566 ι
940 3512 1208 3569 Deﬁciunt
1236 3521 1558 3583 peccatores
1583 3529 1614 3569 a
1655 3522 1822 3570 terra.
1856 3531 1876 3565 ι

550 3606 827 3665 Prommio
848 3605 1012 3663 ﬁnem
1043 3605 1461 3662 convenientem
1498 3605 1776 3677 imposuit.
1824 3605 2061 3663 Decebat

479 3702 627 3758 enim
666 3710 728 3757 ut
746 3700 843 3772 qui
870 3700 939 3757 de
962 3700 1129 3756 tantis
1154 3699 1427 3771 mysteriis
1449 3701 1617 3757 verba
1642 3700 1886 3756 facturus
1918 3707 2059 3766 erat,

480 3795 809 3869 principium
849 3803 907 3851 et
944 3792 1107 3849 linem
1155 3793 1426 3849 sermonis
1449 3801 1719 3850 statueret
1768 3793 1864 3849 Dei
1892 3793 2059 3849 bene-

479 3886 796 3954 dictionem,
828 3885 915 3942 cui
977 3886 1142 3941 etiam
1165 3900 1269 3942 nos
1331 3885 1624 3958 diligenter
1682 3884 2055 3941 attendamus.

452 3978 713 4035 .Assidua
752 3977 898 4033 enim
948 3977 1042 4032 Dei
1080 3977 1392 4034 benedictio
1422 3978 1588 4035 vitam
1623 3986 1865 4033 nostram
1907 3986 2058 4034 recte

478 4070 737 4142 disponit.

1005 4159 1331 4217 PSALMUS
1360 4160 1496 4217 CIV.

551 4253 712 4310 Vsus.
740 4254 796 4308 1.
825 4273 843 4305 ι
869 4252 1221 4310 Conﬁtemini
1248 4253 1505 4311 Domino.
1538 4273 1559 4307 ι

549 4345 668 4399 Non
700 4344 901 4400 frustra
930 4345 1167 4416 primum
1191 4345 1440 4401 conﬁteri
1487 4360 1550 4401 ac
1581 4345 1780 4401 deinde
1800 4344 2057 4402 invocare

2162 3242 2345 3311 ἀγαθὰ
2394 3244 2525 3315 παρ’
2560 3244 2727 3298 αὐτοῦ
2754 3243 2825 3300 τὰ
2865 3245 2966 3318 μὲν
2991 3246 3093 3318 ἤδη
3122 3245 3515 3317 λαμϐάνοντες,
3570 3248 3641 3300 τὰ
3684 3247 3739 3300 δὲ

2162 3333 2608 3404 προσδεχόμενον
2638 3335 2738 3393 καὶ
2754 3334 2837 3403 τὸ,
2857 3336 3102 3407 Χαίρετε
3136 3338 3207 3393 ἐν
3233 3339 3430 3408 Κυρίῳ
3459 3336 3734 3404 πάντοτε,

2163 3425 2558 3498 ἀποπληρῶσαι
2590 3425 2889 3502 δυνάμεθα.

2238 3535 2258 3569 ‹
2298 3516 2636 3573 Ἐκλείποιεν
2661 3520 2977 3593 ἁμαρτωλοὶ
3009 3521 3118 3577 ἀπὸ
3137 3521 3236 3594 τῆς
3270 3522 3392 3593 γῆς.
3435 3541 3454 3574 ι

2245 3608 2449 3675 Ἐοικὸς
2472 3611 2551 3683 τῷ
2568 3613 2842 3684 προοιμίῳ
2861 3614 3031 3669 καὶτὸ
3059 3613 3210 3679 τέλος
3234 3615 3527 3687 ἐπέθηκεν.
3545 3615 3736 3686 Ἐχρῆν

2162 3698 2270 3773 γὰρ
2309 3703 2442 3773 περὶ
2486 3702 2827 3774 τηλικούτων
2863 3707 3181 3779 μυστηρίων
3223 3707 3533 3778 ἐνθέμενον,
3568 3707 3737 3779 ἀρχὴν

2162 3792 2256 3846 καὶ
2293 3791 2447 3858 τέλος
2475 3792 2570 3848 τοῦ
2605 3795 2764 3866 λόγου
2811 3798 2912 3870 τὴν
2953 3799 3034 3863 εἰς
3063 3799 3197 3853 Θεὸν
3235 3799 3486 3867 εὐλογίαν
3513 3800 3739 3869 ποιήσα-

2162 3883 2306 3950 σθαι,
2336 3878 2404 3956 ἧς
2447 3886 2544 3941 καὶ
2564 3887 2724 3958 ἡμεῖς
2758 3888 2899 3960 μετά
2923 3890 3165 3959 σπουδῆς
3202 3889 3481 3960 ἐχώμεθα.
3505 3889 3739 3954 Εὑλογία

2160 3978 2268 4050 γὰρ
2305 3978 2439 4034 Θεοῦ
2464 3981 2716 4054 διηνεκὴς
2750 3984 2831 4048 εἰς
2853 3983 3088 4049 εὐζωῖαν
3114 3984 3370 4056 ῥυθμίζει
3391 3985 3483 4038 τὸν
3509 3980 3628 4055 βίον
3653 3984 3738 4036 τὸν

2158 4071 2328 4143 ήμέτε
2336 4088 2447 4144 ρον.
2466 4128 2473 4134 ,

2722 4165 3017 4222 ΨΑΛΜΟΣ
3049 4167 3172 4222 ΡΔ’.

2237 4275 2259 4309 ‹
2299 4258 2742 4329 Ἑξομολογεῖσθε
2772 4259 2852 4331 τῷ
2892 4260 3106 4333 Κυρίῳ.
3145 4280 3165 4312 ι

2229 4349 2305 4403 Οὐ
2356 4348 2534 4422 μάτην
2583 4350 3027 4423 ἐξομολογεῖσθαι
3060 4352 3349 4425 πρότερον,
3378 4353 3472 4407 καὶ
3490 4351 3743 4425 δεύτερον

475 4438 664 4509 jubet;
698 4437 794 4494 sed
843 4447 902 4493 ut
930 4452 1026 4509 per
1062 4437 1467 4494 confessionem
1503 4453 1535 4494 a
1562 4438 1800 4509 peccatis
1853 4437 2058 4495 nostris

2165 4440 2535 4497 ἐπικαλεῖσθαι
2596 4443 2871 4513 βούλεται’
2931 4444 3052 4499 ἀλλ’
3103 4445 3190 4498 ἵνα
3246 4446 3479 4518 καθαροὶ
3515 4446 3609 4501 διὰ
3643 4449 3742 4516 τῆς

478 4528 780 4596 emundati,
853 4544 921 4583 ex
999 4537 1189 4584 sancto
1268 4528 1471 4600 templo
1539 4543 1786 4598 puroque
1850 4541 2056 4600 organo

2165 4534 2602 4607 ὲξομολογήσεως
2645 4534 2756 4590 τῶν
2802 4536 3092 4607 ἡμετέρων
3136 4536 3560 4616 ἁμαρτημᾲτων
3589 4538 3744 4608 γενό·

480 4620 739 4691 hymnum
763 4619 1077 4675 aderamus.

553 4816 574 4851 ι
603 4799 939 4855 Annuntiate
965 4801 1110 4856 inter
1148 4808 1354 4871 gentes.
1395 4817 1415 4850 ι

430 4864 468 4931 ἶ
547 4892 720 4959 Quam
750 4893 820 4948 ob
848 4892 1109 4948 causam?
1146 4864 1273 4962 quia
1317 4890 1574 4947 nimirum
1611 4892 1813 4963 populo
1839 4890 2054 4948 Judaeu-

475 4999 597 5038 rum
664 4983 1015 5056 immorigero
1065 4993 1121 5039 et
1175 4982 1513 5039 inobedienti
1580 4985 1925 5052 annuntiatio
1965 4986 2054 5041 illa

475 5074 734 5152 prodesse
770 5089 881 5130 non
918 5082 1154 5146 poterat.
1196 5073 1383 5145 itaque
1431 5074 1703 5146 Propheta
1748 5076 1839 5132 hic
1879 5077 2054 5132 mani--

477 5166 614 5223 teste
647 5166 895 5238 praedicit
943 5165 1079 5238 legis
1111 5179 1176 5220 ac
1227 5166 1622 5236 prophetarum
1650 5168 1941 5224 transitum
1988 5168 2054 5225 ad

475 5268 685 5331 gentes.

547 5346 712 5405 Vens.
744 5348 799 5404 5.
833 5367 853 5400 ι
909 5345 1149 5403 Laetetur
1175 5360 1269 5401 cor
1296 5349 1659 5417 quaerentium
1703 5352 2045 5409 Dominum»

546 5436 674 5503 Vult
711 5451 835 5492 eum
860 5435 952 5506 qui
992 5434 1282 5494 Dominum
1309 5439 1503 5508 quaerit
1538 5440 1910 5500 fortitudinem
1933 5447 2050 5501 ani-

476 5527 548 5582 mi
580 5542 860 5584 assumerc
888 5542 986 5598 per
1012 5530 1404 5586 continentiam
1434 5532 1798 5604 voluptatum.
1831 5536 2046 5594 Faciem

552 5737 598 5770 “
620 5737 760 5793 Psal.
800 5755 950 5809 arm,
980 5739 1029 5797 5.
1111 5743 1153 5776 ⁸⁷
1187 5741 1326 5797 Phil.
1366 5745 1513 5809 ms.

2166 4643 2339 4698 μενοι,
2359 4625 2418 4694 ἐξ
2450 4627 2610 4697 ἁγίου
2639 4626 2769 4682 ναοῦ
2801 4628 2895 4682 καὶ
2926 4627 3162 4700 ὀργάνου
3187 4628 3430 4696 καθαροῦ
3451 4630 3542 4684 τὸν
3574 4629 3745 4701 ὕμνον

2165 4719 2643 4792 προσενέγκωμεν.

2242 4828 2261 4861 r
2317 4810 2719 4880 Ἀπαγγείλατε
2745 4813 2804 4865 ἐν
2837 4814 2951 4876 τοῖς
2981 4812 3180 4868 ἔθνεσι.
3218 4832 3237 4865 ›

2231 4902 2389 4966 Τίνος
2435 4904 2633 4975 χάρινς
2676 4904 2866 4977 ἐπειδὴ
2900 4906 2991 4960 τὸν
3047 4905 3318 4960 Ἰουδαίων
3348 4904 3476 4959 λαὸν
3509 4907 3746 4976 ἀνήκοον

2160 4992 2291 5047 ὄντα
2318 4994 2417 5048 καὶ
2458 4995 2661 5066 ἀπειθῆ
2714 4996 2748 5067 ὴ
2799 4996 3107 5066 ἐπαγγελία
3163 4995 3395 5067 ὠφελεῖν
3447 4998 3548 5049 οὐκ
3613 4997 3746 5068 ἠδύ-

2162 5101 2311 5140 νατο.
2366 5086 2529 5141 Ὥστε
2585 5088 2770 5159 σαφῶς
2817 5090 2846 5142 6
2907 5090 3202 5162 Προφήτης
3248 5089 3619 5162 προαγορεύει
3646 5090 3746 5162 τὴν

2161 5176 2256 5231 τοῦ
2288 5177 2455 5249 νόμου
2505 5179 2605 5235 καὶ
2648 5179 2757 5234 τῶν
2811 5181 3106 5254 προφητῶν
3162 5183 3242 5246 εἰς
3294 5183 3361 5237 τὰ
3411 5180 3542 5252 ἔθνη
3573 5181 3747 5253 μετά-

2161 5266 2336 5322 ϐασιν.

2238 5379 2253 5411 ι
2285 5360 2653 5434 Εὑφρανθήτω
2682 5364 2877 5435 καρδία
2899 5363 3202 5435 ζητούντων
3232 5366 3323 5418 τὸν
3351 5364 3576 5437 Κύριον.
3615 5384 3635 5418 ι

2245 5455 2420 5525 ’ἰσχὺν
2449 5457 2742 5511 ἀναλαϐεῖν
2791 5461 2855 5530 τῇ
2891 5458 3132 5532 ψυχῇτῇ
3159 5460 3266 5514 τῶν
3298 5461 3500 5532 ἡδονῶν
3532 5461 3746 5531 ἐγκρα-

2157 5544 2280 5614 τείᾳ
2306 5543 2557 5614 βούλεται
2594 5546 2787 5602 τοῦτον
2822 5549 2970 5611 ὅστις
3008 5547 3165 5619 ζητεί
3192 5548 3281 5602 τὸν
3305 5546 3530 5619 Κύριον.
3563 5545 3745 5616 Πρόσ-

3765 4781 3783 4821 ι
