4044 6228
535 289 672 355 ἳῖἓθῦ

603 398 765 455 Vsus.
807 399 885 454 l9.
929 416 949 450 ι
992 397 1176 453 Donec
1218 397 1430 453 veniret
1467 397 1695 452 verbum
1730 396 1871 467 ejus.
1915 413 1932 448 ι

529 587 673 642 Deus
713 587 1095 641 constituerat.
1124 585 1261 641 Cum
1299 587 1445 641 enim
1488 587 1656 643 verbo
1684 585 1864 641 cmnia
1894 583 2115 656 dispen-

529 690 631 746 set,
684 678 853 744 verbo
905 693 1123 749 quoque
1165 678 1352 750 aliquo
1387 677 1752 734 tentationum
1802 688 2112 734 nostrarum

527 772 694 828 tinem
739 788 804 827 ac
859 772 1238 828 liberationem
1294 771 1576 827 deﬁnivit:
1636 771 1779 841 quod
1833 785 1958 826 cum
2012 784 2113 824 nos

528 864 680 934 prius
729 865 1070 935 ignoremus,
1119 864 1470 933 postmodum
1519 874 1722 918 eventu
1777 861 1898 931 ipso
1944 859 2112 916 disci-

528 971 670 1012 mus.
708 956 922 1011 Etenim
962 956 1049 1012 lex
1113 956 1243 1011 data
1301 955 1545 1011 nondum
1600 962 1718 1010 erat
1777 952 2106 1023 conscripta,

527 1052 623 1105 scd
681 1049 977 1118 unicuique
1031 1049 1241 1104 ratione
1296 1049 1472 1105 utenti
1536 1049 1622 1104 lex
1665 1047 1930 1104 naturalis
1986 1062 2110 1101 ora-

519 1144 711 1198 culum
747 1150 925 1198 erata
957 1140 1090 1207 Deo,
1141 1158 1242 1212 per
1291 1143 1439 1212 quod
1473 1143 1637 1198 etiam
1691 1141 1986 1197 rationales
2017 1154 2112 1194 ex-

528 1235 792 1289 sistimus.
1669 1234 1682 1244 '

601 1327 762 1382 Vens.
794 1327 884 1382 25.
926 1345 944 1378 ι
976 1325 1259 1382 Convertit
1285 1342 1378 1381 cor
1409 1342 1620 1382 eorum.
1661 1347 1680 1379 ι

596 1417 886 1482 Convertit,
947 1418 1006 1472 id
1055 1427 1159 1482 est,
1221 1421 1450 1472 converti
1511 1421 1769 1487 permisit.
1822 1419 1912 1475 Sic
1962 1420 2108 1474 enim

527 1509 810 1580 Scriptura
836 1511 984 1580 loqui
1024 1511 1180 1576 solet,
1220 1526 1345 1566 cum
1392 1512 1663 1582 permittit
1697 1512 1787 1567 illa
1812 1529 1934 1584 quae
1956 1525 2107 1584 pote-

525 1612 609 1656 rat
645 1602 931 1672 i-mpedire,
964 1615 1075 1656 non
1103 1603 1222 1658 sine
1253 1603 1463 1659 ratione
1499 1613 1703 1671 tamen,
1735 1606 1832 1660 sed
1857 1607 2104 1675 quaedam

521 1693 626 1747 alia
649 1693 1040 1762 dispensando.

591 1783 752 1839 Vens.
803 1783 894 1839 28.
950 1802 968 1834 ι
1008 1783 1072 1839 Et
1129 1802 1241 1842 non
1295 1788 1768 1844 exacerbaverunt
1823 1802 2107 1848 sermones

519 1883 658 1952 ejus.
673 1901 692 1936 ι

590 1976 650 2031 Id
711 1985 829 2043 est,
884 1974 1282 2047 promissiones
1332 1989 1461 2031 suas
1517 1975 1749 2033 minime
1809 1980 2102 2046 violarunt,

519 2085 698 2141 neque
729 2069 875 2125 dicta
933 2069 1088 2139 signa
1144 2067 1483 2123 fefellerunt.
1525 2067 1668 2134 Quid
1699 2071 1844 2126 enim
1874 2072 2106 2128 falsitate

521 2159 808 2216 acerbius?
833 2157 1098 2224 Quocirca
1122 2173 1235 2214 non
1264 2156 1470 2225 fallere,
1506 2158 1601 2213 sed
1623 2161 1806 2215 omnia
1836 2161 2104 2232 prte'eepta

520 2253 795 2308 mirabilia
827 2251 1079 2322 implere,
1122 2266 1235 2306 non
1267 2251 1597 2306 exacerbare
1628 2253 1826 2307 merito
1863 2255 2104 2324 appella-

524 2362 636 2404 tum
663 2358 764 2406 est.
799 2347 942 2404 Dicit
970 2355 1156 2402 autem
1185 2346 1254 2403 de
1303 2345 1485 2419 Moyse
1523 2357 1578 2403 et
1606 2347 1843 2414 Aarone,
1874 2349 1951 2402 uti
1983 2365 2103 2402 ma-

519 2443 780 2498 nifestum
813 2453 917 2499 est.

587 2536 752 2592 Vens.
780 2538 870 2592 29.
903 2556 920 2589 ι
958 2535 1243 2592 Convertit
1271 2549 1439 2605 aquas
1518 2550 1727 2591 eorum.
1767 2553 1787 2588 ι

591 2629 711 2685 Non
774 2629 915 2685 dixit
965 2642 1184 2700 aquam,
1235 2627 1329 2682 sed
1386 2644 1597 2699 aquas;
1653 2629 2095 2699 quandoquidem

518 2737 738 2779 omnem
816 2736 972 2792 aquae
1045 2720 1530 2792 congregationem
1608 2736 1717 2774 non
1801 2722 1974 2776 solum
2044 2722 2100 2775 in

518 2814 840 2870 fluminibus
893 2821 950 2868 et
1017 2811 1262 2882 stagnis,
1327 2826 1517 2866 verum
1579 2811 1746 2866 etiam
1812 2813 1866 2866 in
1938 2813 2101 2883 lignis

516 2918 573 2963 et
652 2905 926 2978 lapidibus
1007 2904 1068 2959 in
1150 2902 1475 2974 sanguinem
1529 2904 1803 2958 convertit
1870 2921 1883 2957 :
1953 2905 2100 2960 unde

516 3001 682 3056 etiam
735 2999 918 3070 pisces
966 3010 1237 3068 aquarum
1291 3005 1487 3050 natura
1558 2995 1840 3050 immutata
1893 2990 2100 3050 merie-

517 3094 738 3148 bantur.
2121 3119 2166 3178 ρ

585 3184 752 3240 Vens.
789 3184 878 3240 '50.
913 3203 932 3238 ι
975 3183 1162 3240 Edidit
1197 3193 1342 3240 terra
1377 3199 1565 3239 eorum
1602 3198 1780 3239 ranas.
1825 3203 1842 3236 ι

586 3276 802 3330 Etenim
855 3290 1001 3330 ranae
1067 3275 1272 3344 ubique
1333 3274 1661 3343 adrepeutes
1713 3273 2096 3328 decurrebant.

517 3363 907 3418 Verumtamen
953 3362 1227 3434 regiorum
1279 3363 1644 3432 penetralium
1702 3362 1974 3427 meminit,
2041 3371 2102 3418 ut

517 3455 764 3510 miraculi
817 3453 1252 3526 magnitudinem
1313 3453 1649 3520 declararet;
1685 3453 1862 3524 quod
1926 3470 2101 3524 neque

518 3548 844 3603 famulorum
922 3548 1228 3602 militumvc
1323 3547 1521 3612 turba,
1596 3563 1718 3618 quae
1799 3547 1853 3603 in
1937 3548 2101 3618 regiis

516 3639 714 3710 degere
755 3638 913 3705 solet,
969 3653 1130 3692 ranas
1174 3653 1364 3693 arcere
1415 3637 1646 3694 minime
1681 3639 1935 3695 valuerit.
1980 3640 2098 3695 Non

517 3733 715 3798 solum,
748 3732 944 3804 inquit,
982 3747 1179 3802 aquam
1227 3731 1285 3786 in
1335 3732 1657 3803 grandinem
1715 3737 2100 3792 commutando

514 3826 891 3891 condensavit,
925 3839 1115 3880 verum
1146 3824 1312 3879 etiam
1352 3840 1420 3880 ex
1458 3841 1522 3881 ea
1557 3826 1740 3898 ignem
1775 3827 1983 3894 eduxit,
2015 3829 2100 3883 vel

514 3935 638 3976 cum
698 3935 762 3975 ea
826 3919 1146 3975 connexuit.
1200 3917 1505 3988 Utrumque
1561 3919 1707 3975 enim
1763 3920 2103 3976 demonstrat

515 4028 766 4086 magnam
829 4011 1218 4067 miraculorum
1290 4011 1504 4084 opiﬁcis
1562 4012 1618 4067 in
1682 4013 1953 4070 elementa
2001 4032 2100 4087 po-

517 4113 792 4160 testatem.
1957 4118 1967 4125 '

585 4195 860 4252 Vnas.‘56.
897 4213 915 4248 ι
968 4196 1032 4251 Et
1081 4197 1356 4268 percussit
1387 4213 1552 4254 omne
1588 4199 2033 4272 primogenitum.
2075 4221 2092 4253 ι

565 4288 702 4344 Cum
717 4288 1592 4358 dixitomneprimogenitum,duas
1604 4290 1792 4361 plagas
1810 4291 2100 4361 pecoribus

509 4387 566 4432 et
589 4374 900 4431 hominﬁms
930 4376 1193 4448 irrogatas
1215 4378 1632 4435 demonstravit.
1654 4379 1883 4437 Pulchre
1915 4392 2095 4438 autem

1723 283 2086 343 HESYCHII
2142 282 2615 348 PRESBYTER}

2145 398 2192 454 Α

603 494 660 550 ld
691 501 794 560 est,
822 492 1050 548 verbum
1079 492 1225 563 quod
1259 492 1404 548 circa
1443 493 1615 564 ipsius
1644 490 2113 563 dispensationem
2178 547 2180 549 .

3667 297 3792 363 1296

2297 417 2315 451 ι
2346 399 2529 471 Μέχρι
2559 400 2653 454 τοῦ
2686 403 2862 458 ἐλθεῖν
2893 403 2981 458 τὸν
3015 406 3174 473 λόγον
3197 405 3383 464 αὐτοῦ.
3425 425 3442 460 ι

2291 493 2574 559 Τουτέστι,
2605 496 2696 549 τὸν
2730 496 2858 568 περὶ
2895 498 3062 552 αὑτοῦ
3095 498 3255 569 λόγον
3290 501 3459 574 ὅνπερ
3494 503 3522 556 ὁ
3549 503 3677 570 Θεὸς
3707 507 3794 559 ἐπὶ

2215 586 2313 656 τῆς
2347 587 2470 641 κατ’
2501 589 2666 643 αὑτὸν
2699 591 3014 662 οἰκονομίας
3052 593 3223 650 ἔθετο.
3280 595 3438 667 Λόγῳ
3467 597 3577 670 γάρ
3625 602 3793 654 πάντα

2214 679 2539 749 οἰκονομῶν,
2587 682 2734 754 λόγῳ
2783 684 2892 737 τινὶ
2919 685 3013 739 καὶ
3058 686 3168 739 τῶν
3201 689 3286 758 ἐφ’
3313 690 3445 760 ἡμῖν
3479 695 3792 764 πειρασμῶν

2213 770 2313 842 τὴν
2336 773 2661 847 ἀπαλλαγὴν
2710 777 2802 830 καὶ
2857 776 2918 830 τὸ
2965 779 3118 844 τέλος
3172 781 3460 852 ἀπένειμε·
3505 787 3600 838 καὶ
3639 789 3790 858 ἡμεῖς

2213 864 2539 931 ἀγνοοῦντες
2571 869 2862 941 πρότερον,
2892 870 3123 944 ὕστερον
3173 879 3236 947 τῇ
3267 877 3492 933 ἐκϐάσει
3526 882 3790 950 μανθάνο-

2217 974 2337 1026 μεν.
2372 958 2483 1012 Καὶ¹
2517 960 2626 1030 μὴν
2649 961 2802 1017 οῦπω
2825 965 2989 1036 νόμος
3025 968 3202 1033 δοθεὶς
3223 972 3468 1044 ὑπῆρχεν
3498 973 3789 1044 ἔγγραφος,

2213 1049 2332 1102 ἀλλ’
2355 1049 2573 1123 ἑκάστῳ
2593 1053 2798 1126 λογικῷ
2823 1057 3005 1126 λόγιον
3047 1061 3197 1131 παρὰ
3225 1062 3364 1117 Θεοῦ
3397 1067 3425 1119 ὁ
3450 1067 3676 1136 φυσικδς
3707 1068 3792 1123 νό-

2213 1157 2335 1210 μος,
2369 1141 2434 1196 δι’
2468 1143 2528 1197 ὃν
2550 1145 2645 1199 καὶ
2675 1146 2884 1216 λογικοὶ
2912 1152 3200 1222 γινόμεθα.

2289 1345 2306 1376 ι
2335 1325 2692 1398 Μετέστρεψε
2726 1329 2824 1400 τὴν
2847 1332 3077 1402 καρδίαν
3106 1333 3308 1388 αὐτῶν.
3349 1355 3368 1387 ι

2279 1416 2681 1488 Μετέστρεψε,
2711 1422 2982 1490 τουτέστι,
3009 1428 3503 1497 μεταστραφῆναι
3528 1432 3787 1502 συνεχώ-

2203 1522 2419 1574 ρησεν.
2456 1507 2613 1561 Οὕτω
2645 1509 2754 1582 γὰρ
2786 1510 2906 1576 ἔθος
2961 1517 3028 1585 τῇ
3058 1514 3178 1587 θεία
3229 1517 3419 1590 Γραφῇ
3464 1522 3663 1589 λέγειν,
3692 1525 3788 1576 ὅσα

2209 1600 2329 1667 ἐξὸν
2396 1601 2641 1656 κωλῦσαι
2701 1608 2999 1676 συγχωρεῖ,
3049 1607 3110 1660 ού
3145 1608 3267 1679 δίχα
3307 1610 3365 1664 δὲ
3409 1611 3568 1680 λόγου
3623 1617 3782 1680 τινὸς,

2170 1693 2179 1768 μ
2209 1693 2324 1746 ἀλλ’
2355 1695 2659 1766 οἰκονομῶν
2687 1696 2869 1768 ἕτερα.

2290 1803 2308 1838 ι
2340 1785 2452 1839 Καὶ
2481 1787 2542 1840 οὐ
2579 1789 3002 1861 παρεπίκραναν
3021 1793 3147 1857 τοὺς
3172 1792 3362 1863 λόγους
3397 1796 3583 1852 αὐτοῦ.
3630 1817 3650 1849 ι

2282 1965 2599 2033 Τουτέστιν,
2635 1969 2695 2022 οὐ
2748 1970 3027 2042 παρῆλθον
3071 1972 3170 2036 τὰς
3205 1974 3416 2029 ἑαυτῶν
3447 1977 3788 2049 ὑποσχέσεις,

2211 2057 2331 2110 οὐδὲ
2373 2057 2440 2112 τὰ
2483 2059 2896 2129 ἐπαγγελθέντα
2954 2066 3157 2134 σημεῖα
3203 2065 3521 2136 ἐψεύσαντο.
3572 2071 3637 2124 Τί
3685 2074 3791 2143 γὰρ

2209 2150 2305 2204 τοῦ
2342 2151 2573 2220 ψεύδους
2605 2154 2970 2226 πικρότερον;
3018 2156 3154 2212 διότι
3189 2159 3264 2230 μὴ
3296 2157 3629 2230 ψεύσασθαι,
3656 2165 3790 2218 ἀλλὰ

2212 2243 2394 2297 πάντα
2451 2245 2770 2301 ἐπιτελέσαι
2819 2249 2887 2302 τά
2939 2253 3352 2323 προσταχθέντα
3383 2255 3662 2327 θαύματα,
3717 2259 3790 2330 μὴ

2212 2340 2636 2409 παραπικρᾶναι
2657 2340 2885 2405 δικαίως
2912 2345 3374 2417 προσηγόρευται.
3397 2349 3565 2418 Λέγει
3589 2351 3646 2405 δὲ
3665 2353 3790 2424 περὶ

2208 2427 2457 2494 Μωσέως
2483 2430 2578 2484 καὶ
2626 2431 2860 2500 ’Δαρὼν,
2903 2434 3153 2502 εύδηλον.

2290 2542 2307 2574 ι
2349 2524 2705 2597 Μετέστρεψε
2737 2527 2804 2580 τὰ
2835 2526 3004 2581 ὕδατα
3027 2528 3227 2584 αὐτῶν.
3269 2552 3287 2584 ι

2299 2617 2416 2670 Οὐκ
2449 2611 2570 2670 εἶπε
2600 2605 2660 2671 τὸ
2703 2618 2869 2690 ὕδωρ,
2904 2619 3042 2674 ἀλλὰ
3069 2621 3139 2675 τὰ
3164 2622 3352 2677 ὕδατα·
3383 2625 3571 2695 ἐπειδὴ
3608 2629 3788 2681 πᾶσαν

2207 2708 2399 2773 ὓδατος
2450 2711 2779 2782 συναγωγὴν
2810 2713 2868 2765 ού
2916 2713 3078 2784 μόνον
3134 2715 3232 2786 τὴν
3277 2718 3334 2769 ἐν
3384 2724 3652 2790 ποταμοῖς
3691 2722 3790 2774 καὶ

2206 2802 2446 2872 λίμναις,
2476 2801 2612 2856 ἀλλὰ
2640 2805 2734 2857 καὶ
2759 2803 2858 2875 τὴν
2914 2807 2970 2859 ἐν
3001 2806 3180 2872 ξύλοις
3224 2809 3319 2862 καὶ
3349 2809 3515 2875 λίθοις
3545 2813 3623 2876 είς
3649 2806 3790 2882 αἷμα

2209 2895 2636 2964 μεταόέϐληκεν·
2666 2897 2758 2964 ἀφ’
2777 2889 2852 2951 ὧν
2892 2899 2986 2952 καὶ
3005 2900 3056 2952 οἱ
3090 2899 3272 2970 ἰχθύες
3302 2903 3402 2973 τῆς
3437 2903 3652 2974 φύσεως
3677 2906 3790 2960 τῶν

2205 2986 2413 3041 ὑδάτων
2445 2986 2833 3060 ἁλλοιωθείσης
2863 2989 3226 3063 ἀπέθνησκον.

2279 3184 2298 3218 ι
2347 3168 2626 3240 Ἐξεῖρψεν
2654 3173 2685 3242 ἠ
2721 3171 2794 3242 γῆ
2825 3171 3004 3226 αὐτῶν
3034 3172 3358 3245 βατράχους.
3408 3197 3426 3229 ι

2277 3261 2387 3314 Καὶ
2422 3261 2530 3332 μὴν
2560 3264 2839 3333 πανταχοῦ
2880 3265 3160 3336 διέτρεχον
3189 3269 3236 3320 οἱ
3281 3267 3546 3340 βάτραχοι
3586 3271 3792 3342 ἕρπον-

2203 3369 2316 3416 τες.
2366 3354 2527 3407 ’Δλλά
2577 3354 2684 3408 τῶν
2738 3355 3032 3425 βασιλικῶν
3063 3360 3306 3430 ταμεὶων
3353 3362 3790 3434 ἐμνημόνευσεν,

2134 3464 2146 3474 ο
2203 3443 2346 3499 ὥστε
2381 3445 2622 3516 δηλῶσαι
2674 3447 2735 3500 τὸ
2787 3448 2882 3502 τοῦ
2923 3449 3204 3520 θαύματος
3251 3453 3502 3520 μέγεθος·
3538 3457 3618 3510 ὅτι
3650 3456 3795 3527 μηδὲ

2203 3536 2407 3606 πλῆθος
2436 3537 2664 3592 οἰκετῶν
2690 3539 2724 3610 ἢ
2769 3542 3138 3612 στρατιωτῶν,
3179 3542 3385 3614 οὕσπερ
3410 3546 3557 3608 είκδς
3590 3549 3649 3600 ἐν
3675 3550 3795 3611 τοῖς

2205 3629 2499 3700 βασιλείοις
2527 3631 2754 3701 διάγειν,
2805 3633 3148 3704 ἀποσοϐῆσαι
3184 3635 3312 3698 τοὺς·
3339 3635 3642 3706 βατράχους
3669 3637 3798 3690 ἐδύ-

2203 3738 2352 3775 νατο.
2382 3723 2458 3776 Οὐ
2497 3723 2681 3793 μόνον,
2710 3725 2867 3793 φησὶ,
2893 3723 2953 3776 τὸ
2981 3723 3127 3796 ὕδωρ
3158 3726 3238 3788 είς
3271 3725 3518 3796 χάλαζαν
3549 3727 3797 3796 μεταϐα-

2203 3813 2312 3868 λὼν
2347 3812 2670 3886 συνέπηξεν,
2705 3815 2841 3869 ἀλλὰ
2866 3817 2958 3870 καὶ
3008 3816 3120 3887 πῦρ
3168 3818 3442 3889 ἐξήγαγεν
3480 3819 3540 3885 ἐξ
3597 3820 3793 3887 αὑτοῦ,

2201 3909 2235 3978 ἢ
2269 3908 2604 3977 συνέπληξεν
2630 3907 2784 3962 αὐτό.
2830 3907 3125 3979 Ἑκάτερον
3154 3910 3264 3981 γὰρ
3290 3911 3492 3983 πολλὴν
3517 3911 3617 3983 τὴν
3641 3913 3795 3966 κατὰ

2201 4000 2311 4054 τῶν
2343 4000 2622 4072 στοιχείων
2647 3999 2897 4065 ἐξουσίαν
2926 4002 3020 4056 τοῦ
3059 4002 3614 4075 θαυματουργοῦντος
3652 4023 3789 4058 συν-

2203 4095 2434 4165 ίστησιν.

2276 4208 2294 4238 ς
2337 4187 2447 4242 Καὶ
2470 4187 2709 4252 ἐπάταξε
2744 4189 2854 4242 πᾶν
2901 4189 3263 4258 πρωτότοκον.
3301 4209 3320 4241 ι

2273 4283 2388 4334 Πᾶν
2427 4283 2808 4349 πρωτότοκον
2837 4281 3032 4349 εἰπὼν,
3063 4284 3163 4348 τὰς
3197 4284 3290 4338 δύο
3327 4287 3542 4357 πληγὰς
3563 4275 3660 4352 τὰς
3693 4290 3795 4341 ἐπὶ

2200 4372 2308 4426 τῶν
2355 4374 2572 4444 κτηνῶν
2631 4375 2726 4428 καὶ
2777 4375 2887 4430 τῶν
2930 4377 3238 4448 ἀνθρώπων
3285 4380 3587 4449 γενομένας
3641 4399 3796 4449 παρ-

512 4468 873 4540 primogenita
899 4469 1079 4525 omnis
1109 4469 1314 4526 laboris
1344 4471 1614 4542 primitias
1635 4474 1948 4543 appellavit.
1976 4475 2090 4530 Etsi

2206 4467 2420 4537 έστησε.
2463 4467 2662 4531 Καλῶς
2705 4467 2762 4520 δὲ
2809 4469 2974 4522 πόνου
3008 4470 3208 4533 παντὸς
3237 4471 3495 4525 ἐκάλεσεν
3527 4474 3800 4543 ἀπαρχὴν

509 4562 656 4615 enim
690 4562 805 4618 haec
831 4562 982 4634 plaga
1009 4561 1173 4618 fuerit
1195 4564 1490 4635 posterior,
1526 4565 1616 4620 illa
1649 4574 1829 4622 tamen
1861 4568 2094 4623 maxime

511 4653 746 4723 perculsi
787 4653 1052 4720 luerunt;
1103 4665 1160 4711 et
1188 4657 1343 4726 quasi
1390 4669 1716 4714 caeterorum
1760 4659 2094 4732 ﬂagellorum

509 4745 896 4814 compendium
923 4747 1196 4816 quoddam
1220 4747 1288 4803 iis
1312 4749 1546 4805 exstitit.
1582 4750 1728 4817 Quin
1750 4751 1910 4806 simul
1931 4751 2092 4807 etiam

509 4837 840 4903 insinuatur,
892 4839 1165 4909 quomodo
1235 4841 1355 4897 luce
1409 4842 1564 4913 plaga
1615 4841 1781 4898 fuerit
1845 4843 2091 4914 quaedam

508 4927 798 4982 retributio
843 4928 997 4984 necis
1049 4929 1416 4986 Israelitarum
1468 4933 1655 5002 pueris
1695 4932 1874 4999 illatae,
1930 4950 2124 5024 quam‘

508 5019 721 5074 Pharao
766 5020 936 5076 veluti
981 5021 1252 5092 primitias
1291 5024 1616 5080 insidiarum
1656 5037 1845 5081 contra
1877 5026 2094 5084 Judteos

506 5113 772 5170 exhibuit.

575 5205 741 5261 Vens.
772 5207 859 5262 57.
898 5226 915 5258 ι
943 5206 1010 5262 Ει
1037 5207 1226 5263 eduxit
1254 5224 1349 5264 eos
1378 5209 1432 5263 in
1458 5222 1707 5283 argento.
1749 5231 1769 5265 ι

575 5291 691 5350 Non
720 5293 963 5350 inferens
984 5295 1236 5365 injuriam
1266 5295 1532 5367 Egyptiis
1600 5298 1901 5371 (indignum
1944 5302 2090 5358 enim

503 5383 615 5440 Deo
652 5401 776 5439 cum
805 5386 1006 5456 injuria
1038 5387 1274 5442 aliorum
1311 5389 1434 5444 aliis
1464 5389 1733 5468 beneﬁcia
1770 5393 2044 5466 conferre)
2073 5413 2088 5451 :

503 5479 596 5534 sed
640 5480 768 5534 dum
820 5481 942 5536 illos
991 5497 1021 5535 a
1083 5481 1290 5536 Iudaeis
1351 5462 1571 5553 spoliari
1623 5484 1892 5555 praecipit,
1946 5462 2091 5542 mer-

501 5571 690 5625 cedem
719 5572 853 5640 ipsis
904 5589 1003 5643 pro
1025 5574 1258 5628 laterum
1296 5574 1658 5631 fabricatione
1709 5576 1954 5634 debitum
1993 5595 2086 5635 re-

509 5661 720 5714 tribuit.

586 5766 603 5797 ι
640 5747 700 5800 Et
732 5764 838 5802 non
863 5753 1058 5807 eratin
1094 5753 1344 5810 tribubus
1373 5771 1564 5811 eorum
1598 5757 1867 5813 inﬁrmus.
1914 5779 1933 5812 ι

2199 4559 2265 4612 τὰ
2315 4561 2660 4632 πρωτότοκα.
2701 4562 2763 4614 Εἰ
2793 4560 2900 4632 γὰρ
2926 4561 3021 4615 καὶ
3063 4563 3268 4632 ὑστέρα
3319 4563 3501 4634 πληγὴ
3547 4564 3795 4632 ἐγένετο,

2197 4653 2312 4706 ἀλλ’
2355 4653 2505 4723 ὅμως
2552 4653 2639 4706 ἐπ’
2683 4653 2820 4726 αὐτῇ
2875 4655 3039 4708 πλέον
3076 4655 3415 4727 ἐπλήγησαν’
3448 4657 3542 4710 καὶ
3593 4656 3799 4728 ῶσπερ

2196 4741 2676 4809 ἀνακεφαλαίωσις
2715 4743 2899 4806 αὐτοῖς
2924 4743 3032 4796 τῶν
3066 4743 3243 4798 ἄλλων
3277 4746 3559 4814 μαστίγων
3589 4746 3790 4815 ἐγένεο

2195 4850 2276 4885 το.
2317 4833 2486 4901 Ὀμοῦ
2528 4833 2584 4886 δὲ
2611 4836 2706 4887 καὶ
2744 4835 3062 4901 αἰνίττεται,
3103 4836 3178 4899 ὡς
3206 4839 3238 4908 ή
3271 4836 3454 4906 πληγὴ
3487 4836 3624 4908 αῦτη
3651 4839 3798 4890 ἀντ-

2195 4927 2451 4990 απόδοσις
2483 4922 2551 4997 ἦν
2596 4927 2695 4998 τῆς
2724 4927 2833 4982 τῶν
2882 4928 3298 5001 ’Ῑσραηλιτικῶν
3349 4929 3567 5002 βρεφῶν
3625 4931 3804 4984 ἀναι-

2197 5021 2424 5093 ρέσεως,
2465 5021 2658 5091 ἥντινα
2688 5022 2948 5094 ἀπαρχὴν
2983 5022 3283 5093 ἐπιϐουλῆς
3324 5017 3467 5078 κατὰ
3500 5022 3611 5076 τῶν
3652 5024 3811 5078 Ἰου-

2193 5112 2358 5167 δαίων
2384 5115 2412 5167 ὁ
2443 5112 2645 5184 Φαραὼ
2673 5113 2997 5181 ἐνεδείξατο.

2273 5225 2291 5258 ι
2331 5204 2444 5259 Καὶ
2475 5204 2749 5276 ἐξήγαγεν
2781 5205 2981 5268 αὐτοὺς
3007 5207 3064 5258 ἐν
3089 5207 3362 5277 ἀργυρῗῳ.
3398 5225 3417 5259 ι

2267 5299 2380 5351 Οὐκ
2427 5297 2629 5352 ἀδικῶν
2659 5298 2786 5363 τοὺς
2827 5298 3164 5367 Αἰγυπτίους
3224 5299 3380 5370 (Θεοῦ
3415 5299 3522 5372 γὰρ
3563 5301 3818 5373 ἐτέρους

2193 5392 2508 5462 εὐεργετεῖν
2539 5391 2745 5462 ἐτέρων
2786 5391 3164 5462 ἀδικουμένων
3210 5392 3473 5462 ἁνάξιον)·
3503 5395 3620 5448 ἀλλ’
3661 5396 3820 5452 ὅταν

2193 5483 2492 5537 σκυλεῦσαι
2539 5483 2738 5546 αὐτοὺς
2800 5486 2913 5547 τοῖς
2976 5483 3253 5548 Ἰουδαίοις
3309 5485 3632 5552 ἐντέλλεται,
3703 5489 3821 5542 τὸν

2194 5577 2390 5650 μισθὸν
2443 5578 2613 5648 ὅνπερ
2657 5579 2846 5643 αὐτοῖς
2898 5579 3001 5649 τῆς
3053 5579 3429 5644 πλινθοποιίας
3476 5579 3823 5649 ἐπώφειλον

2191 5671 2605 5742 εἰσεπράττετο.
2621 5737 2632 5742 ,
3602 5728 3605 5731 .

2269 5782 2285 5815 ι
2312 5753 2422 5817 Κάί
2451 5763 2553 5817 οὐκ
2577 5759 2646 5834 ἦν
2669 5764 2728 5820 ἐν
2762 5765 2884 5830 ταῖς
2910 5765 3105 5834 φυλαῖς
3129 5765 3312 5822 αὐτῶν
3341 5767 3368 5821 ό
3389 5765 3667 5825 ἀσθενῶν.
3695 5787 3721 5824 ι
