4032 6222
294 468 431 533 1297

1432 454 1901 530 FRAGMENTA
1938 465 2020 528 IN
2061 463 2421 525 PSALMOS.

3415 453 3550 519 l298

372 576 677 644 Ἀπόδειξις
733 579 909 652 σαφὴς
949 580 1032 635 ὅτι
1067 580 1189 652 χεὶρ
1245 578 1384 635 Θεοῦ
1426 576 1664 651 ὑπῆρχεν
1690 580 1748 647 ἐξ
1774 580 1870 634 Λί-

2046 575 2162 631 Hoc
2212 575 2401 643 utique
2446 570 2799 626 manilestum
2852 576 2937 624 est
2990 574 3395 639 argumentum.
3454 563 3552 619 Dei

291 671 501 742 γύπτου
553 672 646 726 τὸν
700 672 919 745 Ἰσραὴλ
947 673 1246 745 ἐξάγουσα.
1292 673 1418 738 Πῶς
1449 674 1558 745 γὰρ
1589 675 1649 727 ἐν
1675 672 1869 728 τοσαύ-

288 782 416 829 -ταις
455 766 715 837 μυριάσιν
769 766 948 833 οὐδεὶς
1000 768 1249 824 ἀσθενεῖν
1279 768 1496 841 ἔμελλε,
1548 770 1644 824 καὶ
1694 768 1870 822 ταῦτα

296 858 484 922 κακῶς
545 859 726 915 αὐτῶν
779 863 1120 934 πασχόντων,
1186 863 1279 918 καὶ
1332 861 1870 934 ταλαιπωρουμένων

293 956 407 1018 τοῖς
431 953 614 1025 ἔργοις
643 957 943 1028 ὀσημέραι;

375 1060 393 1092 ι
428 1044 723 1117 Εὑιρράνθη
750 1046 1023 1115 Αἴγυπτος
1057 1049 1115 1101 ἐν
1146 1050 1215 1120 τῇ
1245 1047 1433 1119 ἐξόδῳ.
1474 1067 1492 1099 ι

370 1222 654 1295 Τοσαύτην
715 1225 812 1281 τοῦ
865 1228 1000 1283 Θεοῦ
1051 1230 1357 1301 μεταϐολὴν
1413 1231 1708 1295 δεδωκότος
1760 1231 1873 1295 τοῖς

299 1313 643 1382 πράγμασιν,
673 1315 817 1371 ὥστε
845 1321 972 1384 τοῦς
1003 1322 1269 1394 πρότερον
1297 1323 1434 1395 πρὸς
1460 1323 1582 1394 βίαν
1615 1322 1875 1394 κατέχον-

296 1423 396 1472 τας
447 1411 668 1476 αὐτοὺς.
717 1416 1060 1485 παρακαλεῖν
1092 1418 1309 1489 ἀπᾶραι
1352 1420 1446 1473 καὶ
1500 1419 1870 1488 κατεπείγειν.

298 1496 497 1572 Διόπερ
539 1501 695 1558 οὐδὲν
738 1503 839 1573 τῆς
885 1505 1166 1578 δυνάμεως
1192 1508 1301 1562 τῶν
1331 1508 1544 1580 ἐχθρῶν
1571 1510 1701 1562 ὅταν
1734 1508 1875 1580 ἔχω-

299 1616 405 1745 μεν
472 1601 924 1674 ὑπερμαχοῦντα,
986 1605 1084 1660 τδν
1136 1605 1271 1660 Θεὸν
1337 1605 1645 1678 φροντίζειν
1718 1604 1874 1675 ὀφεί-

331 1709 495 1745 οιιεν.
710 1698 713 1701 “

331 1709 495 1763 ομεν.
1464 1738 1465 1741 η

377 1803 395 1836 ι
433 1787 703 1858 ’ῌτησαν,
743 1790 838 1842 καὶ
868 1783 1038 1861 ἦλθεν
1061 1791 1462 1864 ὀρτυγομήτρα.
1498 1812 1517 1845 ι

373 1875 446 1930 Τὸ
473 1878 650 1947 μάννα
682 1880 833 1949 λέγει
878 1884 978 1954 οὐχ
1024 1883 1103 1948 ὡς
1139 1884 1200 1951 ἐξ
1255 1884 1423 1939 αὑτοῦ
1470 1883 1567 1938 τοῦ
1617 1884 1874 1955 οὒρανοῦ,

1977 680 2203 720 manum
2256 664 2426 719 fuisse
2472 677 2593 732 quae
2651 660 2907 716 lsraelem
2948 675 3014 714 ex
3050 657 3280 729 Egypto
3340 656 3549 710 eduxit.

1978 756 2262 824 Quomodo
2300 754 2449 810 enim
2478 754 2623 807 inter
2654 760 2734 807 tot
2765 751 2934 805 millia
2987 763 3151 803 nemo
3197 751 3551 818 aegrotassem

1981 849 2143 918 idque
2171 863 2294 903 cum
2344 845 2584 917 pessime
2620 844 2980 917 haberentur,
3033 847 3090 895 et
3118 834 3454 908 quotidianis
3483 835 3557 889 la-

1979 940 2205 996 boribus
2230 939 2620 1010 atiligerentur.
3544 932 3545 935 “

2049 1032 2210 1088 Vens.
2266 1032 2357 1087 58.
2421 1049 2440 1082 ι
2501 1028 2705 1085 Laetam
2761 1035 2846 1083 est
2907 1023 3176 1097 Egyptus
3245 1023 3315 1077 in
3371 1018 3559 1091 profe-

1980 1130 2181 1187 ctione.
2216 1149 2249 1181 ι-
2602 1146 2605 1147 ν
3458 1140 3465 1145 ·

2051 1224 2164 1278 Deo
2182 1216 2664 1277 nimirumtantam
2680 1232 2865 1273 rerum
2891 1211 3252 1270 mulationem
3274 1210 3554 1283 largiente,

1982 1324 2044 1372 ut
2076 1315 2170 1388 qui
2221 1315 2375 1386 prius
2421 1314 2569 1385 ipsos
2613 1312 2668 1367 vi
2714 1309 3056 1370 detinebant,
3107 1304 3459 1360 hortarentur
3504 1310 3568 1354 et

1983 1417 2247 1480 urgerent
2271 1406 2595 1462 discessum.
2621 1404 2965 1472 Quapropter
3001 1397 3345 1453 inimicorum
3373 1394 3455 1448 vis
3484 1393 3565 1447 nil

1982 1500 2143 1556 nobis
2162 1498 2402 1555 curanda
2432 1502 2537 1565 est,
2571 1495 2791 1568 quando
2829 1493 3002 1549 Deum
3055 1492 3321 1547 habemus
3367 1484 3558 1542 defen-
3602 1558 3607 1561 ‘

1984 1604 2165 1647 sorem
2173 1628 2188 1644 .

2057 1770 2222 1825 Vzns.
2258 1767 2348 1823 40.
2390 1785 2408 1818 ι
2442 1766 2754 1831 Petierunt,
2779 1771 2833 1820 et
2861 1762 3016 1818 venit
3044 1755 3321 1815 coturnix.
3353 1772 3374 1806 ι

2056 1863 2254 1918 Manna
2293 1860 2426 1916 dicit
2455 1858 2603 1930 quod
2635 1872 2744 1912 non
2783 1870 2848 1910 ex
2895 1855 3131 1924 ipsomet
3171 1848 3330 1913 etclo,
3362 1845 3459 1900 sed
3496 1859 3562 1899 ex

308 1970 425 2026 ἀλλ’
458 1973 524 2024 ἐκ
562 1973 657 2027 τοῦ
686 1934 830 2048 ιτὲιρ
876 1934 1123 2047 κεξοαλῖγς
1160 1934 1562 2049 demetam—e9

1999 1968 2109 2009 iere
2153 1967 2319 2022 supra
2357 1958 2523 2021 caput
2559 1957 2811 2003 nostrum
2853 1945 3150 2000 exsistente
3191 1941 3372 2011 (quem
3412 1934 3562 1991 Scri-

303 2062 425 2118 θεία
448 2066 640 2139 Γραφὴ
659 2068 929 2134 πολλάκις
960 2071 1384 2143 προσαγορεύει)
1412 2071 1735 2143 φερόμενον,
1764 2068 1883 2140 ἅμα

307 2154 367 2208 δὲ
389 2156 485 2211 καὶ
511 2157 587 2221 ὼς
610 2159 799 2214 εἰκόνα
819 2160 915 2214 τοῦ
944 2162 1202 2232 οὐρανίου
1226 2163 1395 2234 ἄρτου
1429 2161 1525 2216 τοῦ
1558 2161 1805 2226 δοθέντος
1823 2161 1883 2216 ἐν

307 2246 595 2318 μυστηρίῳ
623 2250 690 2319 τῇ
706 2248 1008 2323 Ἐκκλησία
1032 2250 1293 2322 φέροντα.

380 2353 403 2389 ι
436 2336 704 2411 Διέρῥηξε
729 2340 975 2413 πέτραν,
1006 2342 1102 2397 καὶ
1122 2341 1399 2415 ἐρρύησαν
1427 2341 1617 2398 ὕδατα.
1662 2361 1682 2395 ι

384 2518 497 2572 Οὐκ
522 2518 634 2590 ἄρα
660 2519 722 2574 τὸ
750 2520 997 2592 ὑπάρχον
1041 2517 1190 2592 ὕδωρ
1232 2520 1292 2574 ἐν
1323 2523 1393 2593 τῇ
1425 2521 1604 2594 πέτρᾳ
1630 2521 1666 2589 ἠ
1700 2519 1885 2590 πληγὴ

310 2605 413 2676 τῆς
434 2605 631 2678 ῥάϐδου
661 2610 757 2660 καὶ
785 2610 818 2678 ἡ
846 2608 1002 2679 ῥῆξις
1023 2610 1309 2679 ἐπήγαγεν
1331 2623 1347 2638 ⁶
1376 2608 1514 2663 ἀλλὰ
1538 2610 1610 2664 τὰ
1632 2608 1727 2662 τοῦ
1748 2607 1886 2662 Θεοῦ

311 2697 750 2767 προστάγματα,
793 2699 892 2752 καὶ
940 2701 1176 2771 ῥαγῆναι
1226 2700 1330 2772 τὴν
1379 2698 1589 2771 πέτραν
1615 2698 1746 2753 ’ὑπὸ
1789 2702 1889 2771 τῆς

312 2788 510 2859 ῥάϐδου
527 2830 543 2856 ,
563 2789 661 2844 καὶ
679 2788 826 2861 ὕδωρ
848 2790 1038 2861 ῥεῦσαι
1066 2791 1094 2844 ὃ
1119 2791 1385 2863 πρότερον
1414 2792 1516 2846 οὐκ
1544 2787 1614 2864 ἦν
1639 2792 1697 2845 ἐν
1724 2791 1885 2864 αὐτῇ,

312 2880 718 2952 παρεσκεύασε.
743 2883 914 2938 Τοῦτο
927 2883 1035 2956 γὰρ
1054 2884 1395 2957 ὁΠροφήτης
1421 2882 1887 2956 μαρτυρούμενος,

326 2972 780 3042 Ἑπορεύθησαν
822 2973 894 3029 ἐν
942 2974 1230 3046 ἀνύδροις
1280 2975 1557 3047 ποταμοὶ,
1603 2974 1892 3045 ἐξεϐόησεν

313 3063 496 3135 χάρινο
510 3065 601 3119 ῖνα
614 3064 714 3134 τῆς
736 3068 840 3136 γῆς
854 3066 1068 3136 ἐκείνης
1088 3069 1150 3120 τὸ
1167 3065 1328 3138 ξηρὸν
1346 3068 1470 3122 ᾶνικ
1478 3085 1576 3138 μον
1591 3066 1688 3121 καὶ
1702 3067 1893 3135 ἄγονον

312 3156 422 3211 τῶν
436 3156 646 3212 ὑδάτων
659 3157 1144 3230 αίνίξηται.’1¹αῦτα
1157 3159 1219 3213 δὲ
1232 3160 1378 3225 τίνος
1394 3160 1525 3215 ἐθαυ
1532 3160 1893 3230 ματουργεῖτο

1984 2054 2143 2116 ptura
2173 2044 2355 2098 divina
2393 2055 2540 2111 saepe
2573 2041 2773 2096 coelum
2808 2034 3066 2108 appellat)
3102 2031 3478 2095 deferebatur,
3508 2034 3563 2080 et

1984 2138 2147 2195 simul
2182 2138 2350 2194 etiam
2398 2135 2692 2205 imaginem
2740 2129 3014 2186 referebat
3052 2126 3213 2198 panis
3259 2124 3408 2179 illius
3448 2135 3569 2178 eae-

1986 2228 2259 2299 lestiS'qui
2292 2225 2551 2282 Ecclesiae
2588 2223 2748 2278 datus
2778 2225 2864 2275 est
2893 2218 2948 2272 in
2986 2220 3351 2299 sacramento.

2059 2298 2224 2375 Vens.
2297 2318 2388 2372 41.
2465 2333 2487 2369 ι
2542 2313 2787 2387 Dirupit-
2828 2298 3214 2382 petram,¥-et
3288 2302 3567 2358 tinxerunt

1988 2427 2161 2486 aquae.
2211 2431 2232 2465 ι
2673 2444 2684 2454 .
3103 2407 3107 2412 ’

2060 2504 2215 2560 Haud
2260 2502 2450 2572 utique
2490 2513 2684 2570 aquam
2731 2497 2785 2551 in
2830 2502 2987 2567 petra
3018 2493 3372 2549 exsistentcm
3402 2489 3567 2559 virga:

1989 2595 2273 2668 percussio
2311 2601 2363 2649 et
2396 2600 2564 2663 petrae
2609 2587 2803 2644 scissio
2850 2582 3133 2656 produxit;
3168 2580 3266 2636 sed
3309 2579 3567 2634 mandata

1990 2689 2087 2746 Dei
2132 2694 2489 2756 tamapetram
2528 2683 2701 2752 ipsam
2731 2694 2761 2734 a
2795 2678 2941 2749 virga
2988 2674 3142 2740 findi,
3174 2687 3336 2743 quam
3371 2684 3567 2739 aquam

1991 2783 2047 2837 in
2101 2781 2218 2850 ipsa
2268 2778 2443 2848 prius‘
2477 2774 2701 2829 minime
2752 2771 3106 2826 exsistentem
3153 2765 3376 2820 ellluere
3416 2763 3566 2818 fecit.

1993 2873 2107 2928 Hoc
2132 2871 2277 2926 enim
2305 2868 2580 2940 Propheta
2604 2874 2835 2920 testatus
2860 2859 3203 2922 exclamavit,
3225 2858 3571 2912 Transierunt

1991 2969 2049 3021 in
2075 2966 2222 3020 siccis
2257 2962 2482 3032 ﬂumina
2514 2976 2532 3014 :
2563 2968 2623 3014 ut
2651 2969 2808 3013 terrae
2840 2955 2986 3010 illius
3025 2952 3253 3007 ariditas
3274 2958 3328 3006 et
3354 2948 3571 3005 siccitas

1994 3056 2363 3125 sterilitasque
2405 3066 2667 3123 aquarum
2702 3050 3044 3104 innueretur.
3082 3041 3209 3098 [hec
3242 3051 3424 3097 autem
3468 3040 3571 3095 mi—

1994 3150 2175 3206 racula
2210 3164 2307 3204 cur
2340 3146 2725 3218 contigerunt?
2763 3141 3024 3209 Quoniam
3065 3153 3263 3194 memor
3298 3135 3397 3208 (ui!
3431 3131 3571 3187 verbi

316 3247 510 3320 χάριν;
554 3248 689 3304 Ὀτι
712 3250 985 3320 ἐμνήσθη
1006 3251 1111 3306 τοῦ
1135 3252 1327 3322 λόγου
1351 3251 1458 3307 τοῦ
1479 3249 1654 3321 ἁγίου
1680 3249 1888 3305 αὐτοῦ.
1918 3280 1962 3340 c
1993 3241 2164 3295 δαηειί
2194 3240 2315 3294 δείδι’

392 3360 413 3394 ι
451 3341 520 3396 ’Ὀ
533 3360 650 3408 πως
680 3342 747 3398 ἂν
776 3342 1055 3414 φυλάξωσι
1083 3343 1153 3398 τὰ
1170 3342 1541 3414 δικαιώματα.
1580 3361 1600 3395 ι

393 3433 502 3489 Kal
533 3436 640 3490 τὸν
665 3435 858 3505 νόμον
888 3435 1080 3491 αὑτοῦ
1119 3435 1515 3506 ἐκζητήσωσι,
1545 3435 1795 3508 δηλονότι
1833 3435 1896 3489 τὸ

318 3526 674 3597 Εὐαγγέλιον.
738 3527 805 3582 Τί
861 3528 971 3601 γὰρ
1028 3528 1260 3599 ’ἔμελλον
1312 3531 1497 3600 ζητεῖν
1548 3529 1686 3599 ὅπερ
1743 3528 1895 3593 ἅπαξ

316 3617 498 3690 εῖχονς
547 3618 760 3675 Οὐκοῦν
794 3620 895 3692 τὴν
931 3620 1200 3691 διαθήκην
1224 3620 1444 3683 πάντως
1494 3621 1592 3692 τήν
1635 3620 1894 3690 δευτέραν

318 3712 640 3767 αἰνίττεται.

848 3858 853 3863 .
890 3803 1182 3857 ΨΑΛΜΟΣ
1206 3803 1329 3857 PE'.

329 3886 337 3890 ”
397 3914 416 3947 ι
455 3894 568 3948 Καὶ
590 3894 876 3966 ὡδήγησεν
906 3895 1108 3958 αὐτοὺς
1134 3896 1193 3948 ἐν
1214 3893 1459 3963 ἀύύσσῳ.
1493 3911 1513 3944 ι

391 3983 528 4037 Οὐδὲ
565 3983 676 4055 γὰρ
723 3981 836 4054 ἁφὴ
874 3984 976 4055 τῆς
1010 3983 1209 4055 ῥάϐδου
1231 4023 1247 4047 ,
1292 3983 1429 4038 ἀλλὰ
1457 3982 1520 4036 τδ
1566 3981 1898 4053 πρόσταγμα

320 4073 418 4127 τοῦ
451 4072 588 4127 Θεοῦ
608 4073 806 4144 χέρσον
830 4074 1006 4128 ἐποίει
1035 4076 1097 4128 τὸ
1118 4073 1376 4144 πέλαγος.

400 4183 420 4218 ι
448 4165 561 4221 Καὶ
588 4165 794 4220 ἔσωσεν
822 4165 1024 4231 αὐτοὺς
1053 4166 1119 4220 ἐκ
1152 4166 1337 4239 χειρὸς
1363 4161 1688 4239 μισούντων.
1729 4182 1750 4217 ι

2073 3331 2234 3387 Vens.
2266 3330 2356 3387 45.
2393 3348 2420 3383 ι
2465 3329 2537 3385 Ut
2564 3327 2878 3384 custodiant
2904 3324 3344 3399 justiticationes.
3378 3336 3400 3370 ι

2068 3425 2138 3479 Et
2183 3424 2347 3495 legem
2396 3422 2510 3493 ejus
2560 3422 2873 3489 exquirant,
2933 3419 3141 3475 scilicet
3193 3409 3569 3484 Evangelium.

1994 3518 2266 3583 Quorsum
2307 3515 2452 3570 enim
2491 3523 2804 3586 quazrerent
2837 3514 2890 3569 id
2920 3512 3066 3583 quod
3109 3508 3356 3565 absolute
3403 3502 3574 3559 babe-

1995 3607 2165 3662 bant?
2216 3606 2403 3677 itaque
2447 3606 2676 3661 alterum
2724 3605 2950 3661 omnino
2996 3606 3385 3658 testamentum
3436 3591 3573 3647 insi-

1994 3705 2149 3752 nuat.

2546 3783 2865 3841 PSALMUS
2901 3783 3010 3838 CV.

2069 3878 2235 3935 Vens.
2277 3880 2332 3934 9.
2378 3898 2396 3932 ι
2438 3879 2507 3933 Ει
2534 3878 2759 3933 deduxit
2786 3890 2882 3931 eos
2911 3875 2966 3929 in
2997 3873 3214 3945 abysso.
3251 3889 3269 3922 ι

2067 3969 2189 4026 Non
2246 3971 2395 4024 enim
2448 3976 2685 4024 attactus
2737 3967 2925 4037 virgae,
2966 3965 3062 4019 sed
3113 3960 3431 4017 mandatum
3481 3956 3577 4013 Dei

1964 4140 1981 4152 f
1999 4062 2226 4133 pelagus
2253 4060 2457 4116 fecerat
2483 4071 2683 4115 terram
2718 4057 2998 4112 incultam.

2070 4124 2235 4211 νέως.
2291 4154 2378 4209 lo.
2436 4171 2455 4206 ι
2511 4152 2575 4207 Et
2624 4150 2854 4207 salvavit
2906 4164 3001 4205 eos
3054 4149 3122 4204 de
3164 4124 3345 4203 manu~
3386 4144 3578 4201 odien-

1896 4284 1903 4289 υ
2001 4247 2159 4303 tium.
2200 4266 2220 4300 ι

395 4345 470 4399 Οὐ
515 4346 694 4417 μάτην
747 4345 923 4401 ταῦτα
960 4345 1134 4416 λέγει,
1188 4345 1288 4418 τὴν
1330 4345 1390 4400 δέ
1437 4345 1548 4401 τῶν
1625 4344 1899 4399 Ἰουδαίων

323 4439 650 4510 ἀχαριστίαν
694 4440 1047 4511 τραγῳδῆσαι
1090 4439 1447 4511 βουλόμενος,
1505 4441 1587 4493 ὅτι
1638 4439 1898 4511 τοιαύτης

321 4530 647 4601 εὐεργεσίας
681 4531 1071 4596 ἀπολαύοντες,
1109 4530 1425 4603 ἀγνώμονες
1467 4532 1620 4602 ὅμως
1649 4533 1779 4603 περὶ
1804 4531 1929 4585 τδν.

2071 4339 2193 4395 Νοη
2236 4349 2444 4394 temere
2483 4338 2600 4392 haec
2643 4335 2796 4401 dicit,
2829 4334 2924 4390 sed
2960 4342 3017 4389 ut
3053 4331 3365 4389 Judaeorum
3400 4325 3585 4398 ingra-

2003 4432 2292 4490 titudinem
2343 4439 2719 4503 exaggeraret,
2750 4428 2898 4499 quod
2947 4434 3096 4482 tanta
3142 4422 3405 4481 beneﬁcia
3448 4435 3583 4476 con-

2003 4526 2211 4592 secuti,
2268 4532 2449 4580 tamen
2509 4538 2638 4594 erga
2697 4520 3104 4577 benefactorem
3169 4530 3327 4571 suum
3384 4510 3584 4583 ingrati

323 4621 624 4692 εὐεργέτην
653 4622 746 4675 τὸν
772 4623 977 4677 οἰκεῖον
999 4624 1281 4692 γεγόνασι,
1313 4625 1409 4677 τὸν
1437 4621 1589 4677 ὕδατι
1622 4624 1753 4688 τοὺς
1786 4624 1891 4677 θλί-

2006 4614 2347 4681 exstiterint,
2400 4614 2492 4685 qui
2554 4612 2711 4684 aquis
2763 4610 3092 4682 sepeliverat
3141 4623 3237 4663 eos
3284 4605 3375 4676 qui
3438 4604 3586 4674 ipsos

324 4712 523 4776 δοντας
567 4712 768 4776 αὐτοὺς
810 4714 907 4767 καὶ
959 4714 1089 4779 τοὺς
1151 4713 1560 4788 ἐπηρεάζοντας
1605 4716 1904 4771 θάπτοντα.

327 4807 542 4872 Ὠσπερ
574 4806 826 4877 ἐπιφέρει
851 4823 867 4838 ·

403 4910 428 4947 ι
479 4894 798 4964 Ἐτάχυναν,
831 4895 1183 4954 ἐπελάθοντο.
1223 4916 1243 4951 ι

412 4985 684 5040 Ἀπίστων
710 4985 870 5040 τοῦτο
913 4987 1009 5041 καὶ
1044 4988 1327 5059 ὁλιγώρων
1369 4989 1535 5057 ίδιον,
1573 4989 1649 5060 μὴ
1697 4990 1905 5062 ἀναμέ-

326 5092 444 5129 νειν
478 5075 577 5146 τὴν
606 5074 700 5129 τοῦ
740 5075 875 5129 Θεοῦ
908 5075 1105 5147 βουλὴν
1129 5114 1144 5141 ,
1178 5077 1308 5131 ὅταν
1344 5078 1483 5147 μετὰ
1520 5078 1908 5150 μακροθυμίας

328 5166 684 5235 οἰκονομῆσαι
725 5168 932 5230 ἐκεῖνος
966 5167 1224 5239 βούληται
1256 5168 1495 5236 ἅπαντα,
1544 5170 1674 5224 ἀλλ’
1710 5172 1908 5240 ἀπογι-

330 5251 583 5320 νώσκειν,
613 5256 785 5327 λήθην
831 5258 1107 5324 παθόντας
1151 5259 1260 5314 τῶν
1307 5260 1604 5331 θαυμάτων
1651 5261 1760 5316 τῶν
1806 5262 1906 5335 ἔμ-

330 5347 592 5418 προσθεν.

410 5456 432 5491 ι
464 5439 577 5493 Καὶ
604 5440 958 5512 ἐπεθύμησαν
977 5443 1270 5520 ἐπιθυμίαν
1293 5443 1352 5500 ἐν
1372 5447 1439 5517 τῇ
1471 5445 1685 5518 ἐρήμῳ.
1719 5465 1736 5498 ι

404 5612 509 5666 Δύο
535 5613 645 5667 τῶν
684 5613 955 5669 Ἰουδαίων
985 5616 1224 5687 συνῆψεν
1244 5620 1623 5692 ἁμαρτήματα
1646 5637 1659 5652 ο
1687 5620 1746 5675 ἒν
1785 5625 1908 5691 μὲν,

328 5708 416 5762 ὅτι
450 5706 721 5778 σαρκικὴν
765 5706 1062 5778 ἐπιθυμίαν
1106 5709 1419 5779 ἐπεθύμουν
1464 5712 1522 5765 ἐν
1554 5713 1622 5784 τῇ
1674 5714 1866 5786 ἐρήμῳ
1894 5756 1906 5780 ,

332 5801 393 5852 ἐν
417 5790 451 5871 ᾖ
478 5798 788 5868 φιλοσοφεῖν
821 5798 953 5866 ἔδει,
977 5800 1075 5854 καὶ
1102 5800 1210 5854 ἀπὸ
1233 5800 1414 5870 πάσης
1448 5802 1703 5872 τοιαύτης
1722 5805 1911 5858 ἐπιθυ-

339 5892 471 5962 μίας
515 5892 980 5965 ἐγκρατεύεσθαι·
1025 5893 1272 5966 δεύτερον
1320 5895 1420 5963 δὲ,
1483 5896 1565 5949 ὅτι
1629 5896 1911 5957 δεηθέντες

2007 4705 2319 4777 allligebant
2371 4720 2437 4761 ac
2488 4704 2837 4760 divexabant.
2885 4700 3041 4759 Unde
3087 4698 3271 4756 subdit
3309 4715 3325 4752 :
3364 4695 3584 4769 Operuit

2007 4813 2148 4867 aqua
2173 4794 2483 4849 tribulantcs
2508 4809 2619 4858 eos.

2076 4901 2240 4958 Vens.
2275 4901 2364 4957 l3.
2402 4920 2420 4953 ι
2458 4896 2902 4963 Festinaverunt,
2944 4895 3097 4955 obliti
3136 4901 3282 4951 sunt.
3322 4910 3341 4946 ι

2075 4993 2491 5050 lneredulorum
2523 4999 2578 5050 et
2605 4990 2998 5064 negligentium
3032 4990 3136 5044 hoc
3163 4994 3247 5042 est
3281 4984 3613 5061 propriumg

2006 5096 2067 5143 ut
2093 5086 2320 5141 minime
2352 5092 2671 5156 eitspectent
2707 5082 2803 5138 Dei
2833 5082 3185 5141 sententiam.
3215 5076 3435 5149 quando
3464 5089 3590 5129 cum

2005 5177 2424 5250 longanimitate
2481 5183 2680 5236 cuncta
2728 5175 3052 5245 dispensare
3099 5167 3438 5230 decreverit,
3494 5162 3591 5220 sed

2011 5272 2324 5343 desperent,
2356 5269 2636 5340 praeterita
2678 5268 2942 5323 miracula
2986 5260 3249 5321 oblivioni
3290 5258 3587 5315 tradentes.

2083 5443 2245 5500 Vens.
2279 5443 2364 5499 14.
2402 5461 2422 5497 ι
2464 5443 2532 5497 Et
2570 5440 2966 5511 concupierunt
2997 5431 3499 5506 concupiscentiam
3529 5432 3586 5486 in

2013 5536 2251 5591 deserto.
2287 5554 2306 5585 ι

2084 5628 2203 5682 Duo
2226 5624 2543 5681 Iudaeorum
2572 5632 2792 5693 peccata
2820 5621 3104 5693 conjunxit
3131 5638 3144 5675 :
3171 5634 3341 5677 unum
3371 5614 3591 5690 quidem

2013 5719 2158 5790 quod
2197 5717 2471 5773 carnalem
2519 5715 3021 5786 concupiscentiam
3064 5710 3483 5782 concupiverint
3531 5707 3591 5764 in

2016 5816 2253 5875 deserto,
2294 5810 2388 5864 ubi
2429 5808 2802 5877 philosophari
2848 5815 3202 5877 oportuerat,
3247 5813 3304 5860 et
3337 5803 3406 5858 ab
3440 5797 3589 5857 omni

2017 5902 2176 5957 simili
2200 5898 2648 5969 concupisu-ntia
2678 5898 2781 5954 sibi
2809 5907 3116 5954 temperare
3146 5916 3157 5954 :
3183 5896 3413 5952 alterum
3436 5905 3590 5961 vero,
