4032 6222
395 429 528 496 1301
1543 432 2005 494 FRAGMENTA

2119 434 2123 443 ’
2164 434 2522 496 PSALMOS.
3523 424 3662 491 1302

470 564 488 595 ι
527 543 834 615 Εὐλογητὸς
870 543 1074 617 Κύριος
1097 545 1125 598 6
1149 542 1282 608 Θεὸς
1318 541 1557 614 Ἰσραήλ.
1595 563 1614 595 ι
2005 554 2022 608 Α

2148 547 2310 602 Vens.
2353 547 2444 602 48.
2483 565 2501 599 ι
2539 545 2872 602 Benedictus
2913 543 3178 600 Dominus
3221 540 3363 596 Deus
3406 540 3593 595 Israel.
3636 559 3656 591 ι

469 634 650 704 Μέχρι
675 634 782 688 τῶν
807 634 1048 689 ἐνταῦθα
1071 633 1172 704 τὴν
1196 633 1468 704 τετάρτην
1501 633 1681 703 βίϐλον
1702 633 1810 687 τῶν
1833 633 1978 687 Ψαλο

2151 639 2270 692 Huc
2308 653 2481 706 usque
2512 650 2766 707 quartum
2800 637 3138 692 Psalmorum
3169 635 3369 689 librum
3396 633 3663 688 deﬁniunt

401 724 520 796 μῶν
565 723 836 795 Ἑϐραίων
863 724 1054 789 παῖδες
1086 725 1358 795 ὁρίζονται
1381 741 1394 754 ·
1433 725 1511 788 εἰς
1551 724 1712 780 πέντε
1751 726 1855 796 γὰρ
1880 725 1978 796 τὴν

2119 731 2295 788 Iebraei
2332 750 2344 786 :
2379 733 2432 786 in
2461 732 2705 802 quinque
2749 731 2895 786 enim
2941 729 3111 784 libros
3150 729 3460 783 universam
3504 725 3663 781 Davi-

404 818 494 872 τοῦ
528 819 692 872 Δαίῖιδ
723 820 1066 891 προφητείαν
1091 819 1360 883 διελόντες
1397 818 1560 889 (καθὰ
1594 819 1687 872 καὶ
1713 819 1981 890 πρότερον

2121 822 2168 878 is
2215 823 2561 893 prophetiam
2610 821 2916 877 dividentes
2966 820 3067 890 (uti
3122 821 3277 890 prius
3324 817 3662 886 dicebamus)

405 909 660 981 ἔφαμεν),
711 911 942 965 ἕκαστον
973 909 1210 982 ψαλμὸν,
1257 903 1301 978 ᾧ
1327 910 1488 964 τοῦτο
1534 911 1686 974 τέλος
1719 911 1983 982 πρόσκει-

2085 915 2381 986 quemlibet
2425 915 2732 985 psalmum,
2784 915 2872 969 cui
2923 913 3047 968 finis
3096 922 3198 979 est,
3251 913 3441 980 Amen,
3487 927 3664 975 amen,

405 1019 494 1052 ται
543 1002 751 1070 Ἀμὴν,
803 1001 987 1071 ἀμὴν,
1018 1002 1412 1073 συμπλήρωσιν
1445 998 1586 1058 εἶναι
1627 1004 1755 1073 μιᾶς
1785 1000 1974 1074 βίϐλου

2119 1008 2250 1063 iuius
2274 1007 2400 1063 libri
2429 1006 2893 1077 complementum
2922 1020 3046 1061 esse
3076 1005 3434 1060 arbitrantur.

408 1091 737 1161 νομίζουσιν.

956 1185 1252 1240 ΨΑΔΜΟΣ
1294 1186 1435 1252 PG'.

489 1294 507 1326 ι
555 1275 896 1344 Ἀλληλούῖα.
939 1297 957 1328 ι

484 1365 896 1436 Παραπλησίως
916 1369 1029 1432 τοῖς
1057 1368 1342 1439 προτέροις
1389 1368 1481 1421 καὶ
1509 1362 1664 1430 οὗτος
1693 1369 1992 1441 ἐπιγέγρα-

2621 1181 2938 1238 PSALMUS
2975 1181 3112 1236 CVI.

2169 1293 2189 1326 ι
2227 1273 2477 1329 Alleluia.
2520 1291 2544 1324 ι

2169 1365 2374 1420 Eodem
2415 1365 2575 1420 modo
2600 1380 2709 1434 quo
2743 1364 3117 1434 praecedentes
3149 1363 3241 1419 hic
3278 1361 3442 1417 etiam
3474 1362 3670 1416 inscri-

414 1471 580 1509 πται·
639 1456 737 1526 τῆς
785 1457 894 1529 γὰρ
927 1458 1100 1529 αὐτῆς
1151 1458 1462 1523 ὑποθέσεως
1504 1459 1708 1529 ἔχεται,
1762 1460 1993 1530 ἱστορῶν

2119 1465 2221 1514 itus
2248 1465 2333 1513 est
2367 1475 2380 1510 :
2409 1454 2654 1526 ejusdem
2687 1455 2838 1510 enim
2876 1463 2961 1510 est
2987 1454 3320 1525 argumenti,
3355 1468 3480 1508 cum
3515 1467 3676 1507 enar-

413 1550 471 1600 ἐν
519 1547 682 1620 μέρει
713 1549 782 1602 τά
820 1551 1089 1620 γενόμενα.
1116 1553 1231 1615 τοῖς
1261 1550 1541 1614 Ἰουδαίοις
1563 1551 1843 1623 θαύματα.

490 1657 509 1688 ι
543 1637 849 1704 Πεινῶντες
879 1641 974 1693 καὶ
1001 1639 1285 1710 διψῶντες.
1323 1659 1340 1692 ι

489 1728 664 1783 Ὅταν
698 1731 808 1802 γάρ
837 1731 984 1802 ψυχὴ
1024 1730 1238 1804 λιμώξῃ
1269 1732 1364 1809 καὶ
1396 1730 1601 1806 διψήσῃ
1643 1731 1812 1804 ἀκοὴν
1838 1733 1997 1802 λόγου

419 1821 511 1873 τοῦ
539 1821 699 1888 Θεοῦ,
720 1823 1070 1888 διδασκαλίας
1093 1824 1192 1878 οὐκ
1224 1824 1446 1894 ἔχουσα,
1480 1826 1798 1894 ἀναγκαίως
1826 1825 2001 1880 ἐκλεί-

2097 1560 2181 1604 ret
2205 1548 2468 1604 miracula
2499 1563 2621 1618 quae
2647 1548 2701 1601 in
2730 1554 2885 1618 parte
2910 1546 3112 1601 Judaeis
3139 1547 3478 1602 acciderunt.

2163 1641 2328 1697 Vens.
2371 1641 2424 1696 5.
2460 1660 2478 1692 ι
2516 1640 2833 1696 Esurientes
2857 1649 2914 1694 et
2937 1639 3205 1696 sitientes.
3241 1659 3260 1692 ι

2173 1733 2402 1800 Quando
2441 1732 2589 1788 enim
2631 1732 2808 1787 anima
2854 1746 3114 1802 perpessa
3161 1733 3329 1787 fuerit
3366 1732 3564 1786 famem
3605 1731 3676 1784 si-

2103 1826 2308 1896 timque
2346 1825 2604 1880 audiendi
2650 1825 2876 1880 verbum
2916 1825 3034 1888 Dei,
3067 1839 3192 1880 cum
3228 1824 3530 1878 doctrinam
3566 1837 3677 1876 non

422 1931 512 1966 πει
535 1915 626 1967 καὶ
649 1915 968 1970 ἐλαττοῦται
993 1933 1006 1945 ·
1033 1917 1223 1988 ἐπειδὴ
1253 1919 1429 1990 τροφὴ
1471 1919 1650 1991 ψυχῆς
1690 1923 1719 1974 6
1751 1919 1850 1990 τῆς
1880 1920 1999 1974 θεο-

2119 1918 2323 1982 Jabeat,
2361 1917 2672 1972 necessario
2712 1916 2894 1972 deﬁcit
2936 1926 2991 1971 et
3029 1924 3390 1978 extenuatur;
3433 1911 3677 1982 quando-

426 2007 663 2072 γνωσίας
692 2007 877 2077 ἄρτος.

501 2203 521 2236 ι
569 2184 1192 2256 Ἐξομολογησάσθωσαν
1227 2189 1302 2261 τῷ
1327 2191 1534 2262 Κυρίῳ.
1576 2210 1596 2243 ι

509 2277 670 2347 Ἐλέη
704 2279 798 2331 καὶ
824 2278 1104 2350 θαυμάσια
1150 2281 1244 2336 τοῦ
1267 2283 1402 2336 Θεοῦ
1433 2283 1500 2337 τὰ
1533 2285 1700 2338 αὑτοῦ
1733 2287 2006 2356 προσηγό-

431 2371 805 2435 ρευσεν.⁹Ὀσα
851 2371 960 2442 γὰρ
990 2375 1537 2446 ἐθαυματούργησεν,
1585 2377 1686 2430 οὐκ
1727 2377 2006 2442 ἐνδείξεώς

428 2460 629 2531 τινοςῆ
661 2462 970 2533 φιλοτιμίας
999 2466 1320 2537 παρήγαγεν
1366 2467 1548 2533 ἕνεκα,
1583 2468 1763 2532 ἐλέους
1799 2470 1855 2523 δὲ
1874 2470 2008 2524 πάν·

429 2552 1090 2645 τωςκαὶλφιλανθρωπίας
1127 2557 1290 2628 χάριν
1319 2559 1415 2628 τὴν
1438 2559 1574 2628 πρὸς
1593 2561 1835 2624 ἐκείνους
1870 2561 2008 2632 ὑπὲρ

431 2639 505 2695 ῶν
538 2643 790 2716 ἐπράχθη
829 2648 924 2700 καὶ
953 2647 1023 2700 τά
1049 2647 1324 2718 θαύματα.

507 2755 525 2787 ι
558 2737 680 2790 ’Ότι
706 2737 966 2810 ἐχόρτασε
997 2740 1175 2812 ψυχὴν
1201 2742 1385 2814 κενήν.
1419 2761 1436 2792 ι

501 2825 610 2877 Καὶ
642 2827 752 2897 μὴν
793 2827 892 2898 τὴν
920 2829 1090 2901 αὐτὴν
1125 2831 1220 2885 καὶ
1259 2833 1534 2888 πεινῶσαν
1578 2833 1769 2898 εἰπὼν,
1813 2832 2012 2897 ἔδειξεν

433 2916 508 2979 ὼς
549 2917 864 2990 ἁμαρτωλοί
905 2938 1048 2985 τινες
1081 2917 1225 2993 ἦσαν
1289 2925 1338 2976 οί
1377 2923 1757 2996 λιμώττοντες.
1789 2925 1862 2978 Τὸ
1902 2925 2011 2995 γὰρ

435 3009 588 3061 κενὸν
620 3009 741 3063 ἀντὶ
769 3009 864 3064 τοῦ
901 3013 1134 3080 ματαίου
1165 3014 1562 3086 παρείληπται.

515 3119 533 3152 ι
578 3101 930 3158 Ἀντελάὸετο
963 3105 1145 3158 αὐτῶν
1167 3104 1228 3171 ἐξ
1251 3105 1372 3160 ὁδοῦ
1413 3107 1664 3178 ἀνομίας.
1706 3128 1726 3160 ι

518 3194 672 3249 ὐδὺν
693 3195 920 3266 ἀνομίας
949 3197 1266 3266 ἀναγκαίως
1300 3200 1698 3271 προσαγορεύει
1727 3201 1818 3255 τὸν
1843 3203 2011 3258 Θάνα-

437 3302 566 3353 τον..
610 3257 919 3359 Αἰτίαι-γὰρ
966 3257 1356 3361 τῷίὶανάτιρίί
1401 3257 1656 3362 παραδιοὴ
1709 3293 1803 3347 τοῦ
1850 3295 2015 3366 νόμου
2043 3257 2087 3315 C

435 3380 528 3434 τοῦ
570 3379 811 3445 δοθέντος
851 3381 909 3434 ὲν
945 3381 1259 3452 παραδείσῳ
1299 3383 1614 3453 γεγένηται.
1667 3383 1809 3438 Ἀλλ’
1868 3388 2018 3457 ὅμως

438 3471 671 3542 Χριστὸς
693 3473 840 3543 ἡμᾶς
873 3473 937 3526 ἐκ
965 3472 1062 3526 τοῦ
1087 3472 1317 3528 θανάτου
1351 3474 1700 3542 ἀντελάϐετο,
1726 3476 1892 3545 μέσον
1910 3477 2019 3531 τῶν

439 3562 649 3635 νεκρῶν
688 3565 722 3634 ἡ
757 3563 895 3635 ζωὴ,
919 3563 1010 3619 ἴνα
1034 3564 1172 3635 λύσῃ
1202 3564 1298 3618 τοῦ
1336 3565 1566 3622 Θανάτου
1598 3567 1698 3638 τὴν
1727 3569 2020 3640 τυραννίδα

441 3656 746 3724 γενομένος.

520 3763 538 3796 ς
572 3744 688 3797 Πᾶν
712 3743 910 3814 βρῶμα
932 3741 1254 3807 ἐϐδελύξατο
1279 3744 1313 3814 ἡ
1347 3743 1516 3815 ψυχή.
1549 3763 1568 3795 ι

515 3919 721 3992 Βρῶμα
757 3921 857 3992 τὴν
887 3920 1094 3992 τροφὴν
1132 3919 1369 3974 ἐνταῦθα
1423 3921 1523 3990 τὴν
1559 3920 1785 3993 λογικὴν
1829 3924 2022 3994 νοήσο-

450 4029 567 4082 μέν’
599 4013 730 4082 περὶ
762 4007 830 4084 ἦς
859 4013 887 4063 ὁ
914 4012 1119 4085 Κύριος
1145 4015 1258 4078 τοῖς
1287 4013 1610 4077 ἀποστόλοις
1634 4013 1820 4080 ἔλεγεν
1842 4031 1854 4043 ·
1901 4017 2027 4083 Ἐρ-

447 4103 692 4174 γὰζεσθε
713 4105 801 4176 μὴ
839 4105 955 4174 τὴν
973 4105 1211 4176 βρῶσιν
1236 4105 1349 4174 τὴν
1377 4104 1838 4175 ἀπολλυμένην,
1867 4105 2028 4160 ἀλλὰ

448 4198 561 4265 τὴν
576 4197 891 4267 μένουσαν
912 4200 999 4263 εις
1032 4196 1186 4265 ζωὴν
1206 4197 1470 4252 αἰώνιον.
1503 4196 1720 4268 Ταύτης
1755 4199 1862 4251 πᾶν
1891 4195 2028 4262 εἶδος

447 4292 476 4341 6
526 4287 816 4359 ἄνθρωπος
861 4286 1200 4353 ἐϐδελύξατο.
1254 4287 1391 4342 Οὔτε
1441 4287 1550 4362 γὰρ
1593 4295 1822 4358 φυσικὸν
1865 4291 2030 4361 νόμον

446 4378 572 4434 οὔτε
600 4381 850 4448 γραπτὸν
897 4379 1194 4449 ἐφύλαξαν,
1225 4381 1317 4434 καὶ
1339 4381 1429 4435 διὰ
1467 4379 1628 4434 τοῦτο
1654 4381 1894 4452 ἤγγισαν
1924 4382 2030 4448 ἓως

447 4472 557 4526 τῶν
586 4473 772 4528 πυλῶν
796 4473 889 4527 τοῦ
913 4472 1168 4528 θανάτου.
1200 4473 1375 4528 Πύλαι
1410 4474 1466 4528 δὲ
1494 4474 1725 4531 θανάτου
1757 4478 1826 4533 τά
1852 4479 2033 4552 ἀμαρ-

2101 2011 2324 2080 quidem
2389 2010 2543 2065 cibus
2613 2009 2828 2066 animle
2869 2010 2942 2064 sit
3005 2008 3162 2078 panis
3225 2007 3424 2064 divina:
3492 2004 3681 2076 cogni-

2104 2101 2290 2165 tionis.

2177 2192 2335 2246 Vens.
2371 2190 2424 2244 8.
2471 2210 2490 2243 ι
2531 2189 2909 2246 Confitcantur
2946 2189 3192 2245 Domino.
3230 2208 3250 2240 ι

2179 2283 2576 2340 Misericordias
2619 2291 2674 2338 et
2703 2283 2972 2339 mirabilia
3017 2281 3397 2352 appellavitea
3426 2293 3547 2349 quae
3589 2275 3682 2330 Dei

2107 2386 2252 2434 sunt.
2297 2378 2651 2447 Quaecunque
2693 2374 2841 2429 enim
2877 2373 3139 2427 miracula
3182 2370 3437 2441 patravit,
3471 2383 3581 2423 non
3615 2366 3685 2421 ad

2109 2469 2530 2526 ostentationem
2556 2475 2651 2522 aut
2671 2466 2855 2538 gloriae
2878 2465 3060 2520 studio
3087 2463 3319 2535 peregit,
3341 2461 3438 2517 sed
3462 2459 3686 2515 omnino

2111 2571 2330 2636 propter
2385 2558 2818 2617 misericordiam
2872 2567 2925 2612 et
2980 2555 3376 2626 benignitatem
3424 2568 3580 2609 suam
3631 2552 3685 2605 in

2111 2673 2207 2714 eos
2236 2673 2335 2728 pro
2364 2656 2562 2726 quibus
2593 2655 2710 2708 haec
2736 2652 2998 2707 miracula
3028 2657 3240 2720 patrata
3269 2657 3416 2703 sunt.

2182 2744 2348 2800 Vens.
2379 2745 2434 2798 9.
2472 2761 2490 2793 ι
2524 2741 2661 2808 Quia
2691 2739 2909 2795 satiavit
2938 2738 3175 2793 animam
3212 2737 3454 2790 inanem.
3486 2753 3506 2785 ι

2183 2831 2395 2886 Etenim
2431 2845 2556 2887 cum
2577 2828 2826 2884 eamdem
2859 2841 3077 2898 quoque
3107 2825 3439 2882 esurientem
3467 2823 3686 2888 dixerit,

2115 2924 2355 2980 ostendit
2401 2923 2677 2993 quomodo
2715 2930 3032 2993 peccatores
3070 2919 3238 2988 aliqui
3286 2918 3397 2972 sint
3435 2915 3689 2970 famelici.

2041 3029 2046 3032 ·
2115 3011 2337 3068 lnanem
2367 3013 2513 3068 enim
2544 3027 2643 3082 pro
2672 3027 2812 3067 vano
2837 3009 3067 3080 accepit.

2187 3106 2349 3161 Vens.
2390 3106 2476 3161 l7.
2518 3124 2536 3157 ι
2569 3103 2822 3175 Suscepit
2850 3119 2945 3159 eos
2975 3101 3042 3158 de
3070 3102 3160 3156 via
3192 3099 3512 3170 iniquitatis.
3548 3118 3566 3150 ι

2189 3197 2348 3254 Viam
2403 3196 2708 3269 iniquitatis
2774 3193 3085 3250 necessario
3141 3193 3375 3263 appellat
3439 3198 3691 3245 mortem.

2120 3291 2296 3348 Causa
2331 3292 2477 3347 enim
2515 3289 2708 3345 mortis
2748 3288 2852 3343 fuit
2889 3285 3266 3358 praevaricatio
3297 3284 3429 3355 legis
3463 3283 3604 3337 datae
3640 3281 3693 3334 in

2121 3383 2394 3455 paradiso.
2419 3382 2802 3437 Verumtamen
2825 3379 3078 3434 Christus
3100 3392 3200 3432 nos
3223 3377 3290 3431 de
3315 3384 3490 3430 morte
3515 3388 3697 3428 susce-

2121 3477 2221 3552 pit,
2259 3477 2433 3532 factus
2461 3476 2567 3530 vita
2603 3474 2658 3528 in
2691 3472 2871 3528 medio
2909 3481 3273 3536 mortuorum,
3304 3477 3363 3524 ut
3388 3467 3582 3523 mortis
3617 3474 3698 3537 ty-

2125 3569 2409 3625 rannidem
2443 3567 2783 3623 dissolveret.

2196 3749 2360 3804 Vens.
2431 3749 2514 3803 18.
2598 3765 2615 3797 ι
2677 3745 2908 3799 Omnem
2983 3755 3165 3805 escam
3233 3737 3544 3793 abominata
3616 3742 3702 3789 est

2127 3840 2326 3894 anima.
2364 3856 2382 3889 ι

2201 3930 2395 3984 Escam
2433 3927 2536 3981 hoc
2571 3926 2693 3979 loco
2733 3922 3086 3992 intelligimus
3122 3920 3302 3974 cibum
3349 3918 3699 3981 rationalem;

2129 4024 2197 4078 de
2241 4037 2348 4092 qua
2390 4017 2655 4072 Dominus
2708 4014 2967 4084 apostolis
3013 4012 3150 4066 dixit
3191 4029 3204 4066 :
3243 4010 3549 4080 Operam'ini
3603 4023 3703 4060 non

2130 4114 2302 4167 cibum
2346 4112 2434 4181 qui
2479 4109 2644 4178 perit,
2693 4107 2782 4160 sed
2821 4105 2910 4175 qui
2957 4111 3226 4172 permanet
3270 4103 3322 4155 in
3354 4103 3518 4154 vitam
3547 4109 3706 4153 wter-

2133 4219 2256 4258 nam
2288 4204 2360 4256 τ’.
2396 4203 2626 4256 Omnem
2667 4197 2833 4268 hujus
2873 4198 3111 4266 speciem
3147 4193 3312 4247 homo
3351 4189 3706 4245 abominaba-

2133 4306 2244 4352 tur.
2283 4295 2417 4349 Nam
2461 4306 2636 4362 neque
2675 4291 2847 4361 legem
2887 4285 3192 4342 naturalem
3233 4297 3409 4352 neque
3447 4282 3706 4350 scriptam

2133 4387 2580 4450 observaverant,
2610 4392 2666 4438 et
2694 4381 2900 4438 idcirco
2937 4376 3508 4450 appropinquaverant
3538 4386 3709 4443 usque

2135 4481 2201 4536 ad
2232 4487 2418 4551 portas
2445 4475 2659 4533 mortis.
2693 4475 2867 4530 Portm
2898 4481 3082 4529 autem
3112 4470 3304 4525 mortis
3331 4475 3460 4522 sunt
3487 4475 3707 4536 peccata

449 4566 671 4635 τήματα
691 4561 772 4632 οἷς
794 4566 912 4620 δέον
934 4568 1128 4632 αὐτοὺς
1154 4566 1549 4638 μακρύνεσθαι.
1571 4569 1738 4624 Ὅσον
1765 4571 1876 4644 γάρ
1896 4572 2022 4627 ταύ-

2137 4589 2168 4628 a
2207 4571 2406 4642 quibus
2446 4571 2766 4638 oportuerat
2811 4577 2906 4618 eos
2942 4559 3204 4632 elongari.
3241 4557 3517 4624 Quantum
3561 4554 3709 4610 enim

451 4671 572 4718 ταις
603 4655 858 4725 ήγγισαν,
889 4657 1144 4710 τοσοῦτον
1189 4657 1380 4727 πόρῤω
1412 4657 1522 4710 τῶν
1553 4658 1735 4714 πυλῶν
1760 4661 1859 4732 τῆς
1886 4660 2022 4734 ζωῆς

2139 4664 2227 4720 his
2283 4661 2885 4733 appropinquaverunt,
2923 4649 3263 4710 tantumdem
3311 4649 3627 4705 necessario
3681 4663 3710 4702 a

359 4756 362 4760 '
452 4747 766 4813 ἀναγκαίως
813 4747 1083 4815 ἐγένοντο.
1121 4746 1258 4800 Ἀλλ’
1308 4749 1336 4800 6
1386 4748 1626 4819 Χριστὸς
1682 4751 1878 4816 αὐτοὺς
1937 4755 2022 4807 καὶ

2139 4757 2313 4831 portis
2344 4757 2470 4812 vitae
2497 4752 2657 4823 longe
2691 4750 2819 4806 facti
2853 4757 3000 4806 sunt.
3043 4745 3245 4801 Verum
3277 4745 3527 4802 Christus
3567 4742 3714 4813 ipsos

457 4838 675 4909 μακρὰν
720 4836 880 4902 ὄντας
939 4837 1110 4909 ἐγγὺς
1151 4837 1240 4893 διὰ
1275 4837 1369 4892 τοῦ
1416 4839 1648 4909 αἵματος
1686 4842 1782 4896 τοῦ
1825 4843 2022 4898 οἰκείου

2139 4853 2305 4908 etiam
2337 4851 2619 4920 elongatos
2658 4861 2756 4917 per
2805 4841 3130 4914 sanguinem
3178 4853 3336 4894 suum
3378 4837 3714 4909 propinquos

454 4928 772 5000 πεποίηκεν.

2143 4943 2396 5002 reddidit.

532 5041 550 5074 ι
587 5021 698 5075 Καὶ
729 5018 1038 5091 ἐκέκραξαν
1061 5017 1200 5092 πρὸς
1233 5020 1458 5094 Κύριον.
1498 5042 1517 5074 ›

2215 5035 2380 5092 Vens.
2416 5035 2503 5091 l9.
2543 5053 2562 5087 ι
2596 5033 2664 5090 Ει
2691 5033 3067 5090 clamaverunt
3091 5029 3160 5086 ad
3185 5027 3500 5084 Dominum.
3532 5043 3550 5074 ι

527 5111 791 5182 Κραυγὴν
825 5111 855 5165 6
901 5110 1035 5176 Θεδς
1085 5111 1147 5166 οὕ
1191 5110 1288 5182 τὴν
1332 5112 1421 5166 διά
1475 5111 1660 5181 φωνῆς
1707 5116 2022 5186 γενομένην1

2216 5129 2361 5184 Deus
2405 5127 2638 5184 aestimat
2677 5127 2975 5181 clamorem
3007 5137 3120 5178 non
3157 5119 3249 5190 qui
3281 5133 3381 5189 per
3411 5114 3580 5178 vocis,
3621 5110 3716 5167 sed

458 5202 593 5256 ἀλλά
648 5203 747 5273 τὴν
797 5202 1036 5256 διάθεσιν
1085 5201 1188 5272 τῆς
1237 5203 1474 5267 διανοίας
1538 5202 1848 5273 λογίζεται·
1911 5208 2022 5259 ἐπε]

2145 5235 2244 5290 per
2266 5219 2464 5273 mentis
2480 5218 2734 5273 affectum
2757 5215 3049 5280 emittitur;
3075 5207 3511 5282 quandoquidem
3539 5204 3716 5274 Moyse

462 5294 554 5346 καὶ
604 5293 884 5358 Μωῦσὲως
931 5293 1246 5358 σιωπῶντος
1310 5295 1496 5364 ἔλεγε,
1559 5297 1620 5351 Τί
1666 5295 1825 5365 βοᾷς
1882 5302 2022 5368 πρός

458 5397 571 5452 με;

2142 5311 2307 5368 etiam
2332 5309 2524 5365 silente
2553 5308 2784 5363 dixerit:
2817 5306 2954 5371 Quid
2980 5304 3182 5358 clamas
3209 5303 3277 5354 ad
3303 5317 3383 5354 me
3405 5298 3491 5351 7’?

538 5492 560 5528 ι
604 5475 918 5530 Ἀπέστειλε
944 5475 1037 5530 τὸν
1068 5475 1244 5547 Λόγον
1267 5476 1457 5531 αὐτοῦ.
1499 5497 1518 5529 ι

531 5567 598 5621 Τί
635 5565 828 5621 τούτου
874 5567 1209 5640 σαφέστερον
1242 5571 1378 5640 πρὸς
1410 5568 1635 5635 ἔνδειξιν
1665 5571 1764 5640 τῆς
1801 5571 1898 5627 τοῦ
1931 5574 2040 5628 Σω-

462 5663 629 5734 τῆρος
683 5659 1052 5732 σαρκώσεως;
1126 5663 1500 5716 ἀποσταλέντα
1551 5664 1659 5734 γὰρ
1718 5665 1890 5735 Λόγον
1921 5650 2038 5721 ⁵’τὸν

537 5874 582 5906 ’³
608 5872 770 5930 Joan.
803 5895 871 5939 γι,
914 5873 1000 5928 27.
1080 5872 1124 5904 "
1164 5873 1334 5928 Exod.
1361 5889 1468 5940 λιν,
1503 5874 1586 5927 15.

2213 5485 2373 5540 Vens.
2408 5484 2498 5539 20.
2537 5502 2555 5535 ι
2593 5481 2740 5536 Misit
2770 5479 3010 5536 Verbum
3041 5489 3225 5532 suum.
3262 5492 3281 5525 ι

2211 5576 2352 5643 Quid
2391 5576 2498 5631 hoc
2531 5572 2877 5629 manifestius
2906 5571 2973 5625 ad
3008 5563 3488 5626 demonstrandam
3531 5559 3719 5616 Salva-

2143 5668 2274 5724 toris
2318 5665 2790 5723 incarnationem?
2839 5662 3063 5718 Mlssum
3103 5657 3248 5716 enim
3290 5651 3542 5726 intelligit
3586 5651 3720 5706 Ver-
