4032 6222
399 382 539 461 1303

1599 401 1961 464 HESYCHII
1997 405 2471 471 PRESBYTER!

3536 418 3692 503 ms,

398 508 528 566 bum
558 506 928 573 iocur-natum.
954 510 1103 580 quod
1130 512 1209 568 ait
1239 535 1251 569 ;
1289 513 1393 580 Qui
1429 532 1509 571 me
1541 519 1780 589 suscipit,
1816 523 1952 576 διιεεὶ

2054 570 2061 586 ,
2092 526 2443 597 σαρκωθέντα
2465 526 2636 596 λέγει,
2660 527 2752 583 τὸν
2783 529 3010 599 λέγοντα
3030 549 3042 562 ·
3091 532 3154 587 '0
3180 534 3287 603 ἐμὲ
3321 534 3665 608 δεχόμενος,

392 597 473 665 pit
499 615 621 653 eum
662 601 755 671 qui
798 617 883 657 nte
929 604 1072 659 misit
1106 606 1173 660 ⁷⁸.
1211 605 1311 662 llic
1353 607 1486 664 dum
1528 627 1702 681 genus
1728 624 1976 669 nostrum

391 701 636 759 curaret,
667 693 739 749 de
776 693 1196 754 interitionibus
1235 698 1446 755 scilicet
1488 711 1837 772 peccatorum
1876 717 1977 758 nos

394 783 672 841 iiberavit.
724 784 988 844 Interitus
1042 790 1189 845 enim
1250 791 1493 847 universi
1545 792 1796 848 hominis
1847 804 1977 850 sunt

393 881 635 945 peccata.
681 875 952 942 Quoniam
992 878 1041 934 si
1079 879 1201 950 quis
1245 881 1507 952 templum
1545 882 1642 939 Dei
1670 883 1971 953 violaverit,

391 965 586 1033 perdet
615 981 741 1024 eum
770 967 943 1036 Deus.

461 1074 626 1133 Vsus.
653 1078 744 1135 23.
781 1099 801 1133 ι
831 1080 937 1147 Qui
964 1083 1303 1140 descendunt
1334 1087 1386 1140 in
1422 1103 1589 1143 mare.
1622 1109 1640 1140 ι

459 1166 577 1224 Hoc
605 1168 725 1224 loco
754 1185 905 1226 mare
933 1172 1237 1245 intelligere
1261 1187 1480 1246 oportet
1510 1179 1676 1234 vitam
1702 1190 1966 1249 nostram,

388 1275 560 1317 naves
593 1260 864 1317 Ecclesias
893 1282 906 1317 :
939 1264 1007 1320 de
1038 1267 1240 1336 quibus
1271 1268 1415 1324 Deus
1454 1271 1578 1325 talia
1616 1273 1685 1328 ad
1720 1273 1822 1330 Job
1850 1277 1965 1332 ait:

387 1351 555 1407 Omne
583 1364 764 1409 autem
800 1360 1055 1429 navigans
1089 1362 1396 1416 conveniens
1429 1378 1532 1416 non
1574 1366 1740 1436 ferent
1781 1368 1968 1435 pellem

2078 612 2315 687 δέχεται
2359 617 2469 671 τὸν
2488 616 2940 674 ἀποστείλαντά
2984 637 3084 689 με.
3142 621 3361 696 Ὅσπερ
3401 626 3559 698 ήμῶν
3602 628 3668 681 τὸ

2076 706 2236 778 γένος
2296 711 2613 783 ίασάμενος,
2670 714 2735 766 ἐκ
2754 713 2865 768 τῶν
2919 714 3229 788 διαφθορῶν
3267 719 3418 789 ἡμᾶς
3462 719 3665 796 δηλαδὴ

2075 799 2187 854 τῶν
2214 801 2630 875 ἁμαρτημάτων
2653 805 2944 877 ἐρρύσατο.
2983 807 3163 880 Φθορά
3195 808 3307 882 γὰρ
3336 812 3539 877 παντὸς
3565 814 3663 868 ἀν-

2077 897 2298 972 θρώπου
2327 901 2396 955 τά
2427 900 2823 974 ἁμαρτήματα.
2872 904 3094 975 Ἐπειδὴ
3119 905 3280 970 εἴτις
3305 903 3398 960 τὸν
3422 906 3549 961 ναὸν
3565 906 3660 961 τοῦ

2074 989 2211 1045 Θεοῦ
2234 990 2469 1064 φθείρει,
2488 992 2681 1064 φθερεῖ
2705 993 2895 1050 τοῦτον
2917 995 2947 1049 ὀ
2980 995 3134 1062 Θεός.

2148 1120 2166 1154 ι
2196 1103 2259 1157 Oi
2288 1104 2708 1172 καταϐαίνοντες
2727 1108 2809 1172 είς
2833 1108 3133 1167 θάλασσαν.
3174 1132 3195 1165 ι

2156 1192 2420 1248 Ἐνταῦθα
2440 1193 2718 1252 θάλασσαν
2729 1199 2922 1268 νοῆσαι
2953 1200 3065 1271 χρὴ
3088 1201 3179 1256 τὸν
3204 1200 3319 1274 βίον
3339 1203 3432 1258 τὸν
3457 1203 3656 1277 ἡμέτε-

2072 1300 2187 1355 ρον,
2201 1284 2361 1339 πλοῖα
2375 1286 2474 1351 τάς
2487 1286 2836 1361 Ἐκκλησίας·
2863 1308 2930 1344 πε
2937 1293 2993 1362 pi.
3003 1286 3078 1347 ὧν
3093 1293 3121 1346 ό
3140 1294 3501 1358 Θεδςτοιαῦτα
3518 1297 3662 1375 πρὸς

2069 1372 2161 1428 τὸν
2187 1374 2310 1428 Ἰὼϐ
2335 1376 2645 1444 διαλέγεται
2671 1395 2684 1410 ⁸
2717 1377 2850 1435 Πᾶν
2878 1380 2948 1435 δὲ
2970 1384 3212 1439 πλωτὸν
3239 1387 3547 1443 συνελθὸν
3581 1391 3655 1444 οὐ

385 1459 551 1499 1.1mm
582 1449 769 1503 οαηάιε
801 1450 916 1520 ejus
948 1467 967 1504 :
999 1461 1049 1506 et
1084 1454 1143 1506 in
1189 1455 1414 1526 navigiis
1452 1459 1777 1523 piscatorum
1810 1479 1952 1532 caput

2062 1468 2150 1538 μὴ
2181 1467 2470 1539 ἐνέγκωσι
2493 1470 2740 1539 βύρσαν
2764 1475 2913 1544 μίαν
2965 1475 3156 1545 οὐρᾶς
3188 1479 3381 1535 αὑτοῦ
3406 1497 3422 1512 ·
3454 1481 3555 1536 καί
3584 1482 3656 1535 ἐν

383 1533 500 1602 ejus
523 1536 587 1590 ⁷⁵.
631 1536 892 1612 intelligit
929 1553 1114 1598 autem
1153 1544 1449 1615 diabolum,
1483 1548 1761 1618 quomodo
1801 1554 1966 1609 nimi-

385 1641 505 1680 rutu
538 1630 721 1684 omnis
756 1631 1040 1689 hominum
1071 1635 1340 1694 industria
1378 1639 1523 1697 circa
1561 1642 1742 1713 ipsum
1777 1646 1967 1701 eluda—

382 1728 488 1782 tur,
518 1719 592 1773 ita
625 1729 686 1776 ut
712 1736 893 1795 neque
923 1726 1115 1795 pellem
1141 1731 1331 1786 caudae
1358 1733 1479 1803 eius
1511 1735 1655 1791 ferre
1683 1737 1770 1790 vel
1796 1738 1964 1793 susti-

379 1824 513 1866 nere
541 1812 759 1870 valeant
787 1832 803 1869 :
837 1830 1217 1877 verumtamen
1253 1823 1435 1893 ipsum
1479 1837 1644 1897 caput
1681 1829 1826 1899 ejus,
1857 1831 1963 1885 sci-
1992 1873 2036 1929 Β

379 1900 501 1929 κη..
532 1902 891 1929 :A-I..|-._:-__
952 1925 1059 1929 μ---
1102 1924 1123 1929 ,Α
1235 1914 1247 1927 ο
1459 1917 1515 1929 μ.
1603 1920 1614 1929 .
1689 1921 1699 1929 .

376 1900 506 1958 licet
532 1902 918 1978 idololatriam,
945 1925 1067 1981 quae
1098 1914 1280 1970 omnis
1309 1917 1566 1987 nequitiae
1601 1920 1771 1991 ipsius
1795 1937 1960 1993 caput

375 1992 607 2063 exstitit,
636 1996 695 2052 in
733 2000 966 2058 navibus
997 2003 1364 2062 Ecclesiarum
1395 2011 1627 2079 apostoli
1664 1992 1957 2070 interiece-

375 2092 528 2141 runt.
576 2085 643 2142 Hi
695 2091 1069 2161 operationem
1118 2098 1175 2152 in
1219 2099 1375 2169 aquis
1415 2102 1624 2168 multis,
1676 2105 1729 2161 id
1769 2116 1856 2163 est
1896 2108 1953 2163 in

373 2175 728 2237 multitudine
764 2182 1049 2241 hominum
1086 2187 1319 2246 salutem
1356 2194 1750 2263 praestiterunt.
1780 2199 1954 2256 Caete-

372 2276 495 2318 rum
538 2263 636 2322 Dei
676 2283 896 2339 quoque
938 2286 1105 2343 opera
1143 2275 1417 2346 viderunt,
1458 2280 1511 2336 id
1552 2293 1637 2339 est
1675 2296 1954 2344 creaturas

370 2360 431 2408 et
479 2357 774 2425 mirabilia,
811 2361 869 2418 id
916 2374 1003 2420 est.
1049 2367 1225 2438 signa,
1259 2385 1381 2440 quae
1428 2373 1657 2430 salutem
1713 2387 1952 2435 nostram

369 2445 700 2517 dispensans
742 2455 929 2523 posuit
961 2456 1016 2511 in
1048 2458 1343 2529 profundo,
1379 2464 1483 2522 hoc
1523 2476 1610 2523 est
1646 2469 1703 2523 in
1739 2470 1953 2541 sapien-

369 2538 446 2593 tia
478 2554 493 2594 :
526 2555 653 2596 cum
686 2559 794 2613 qua
822 2546 966 2604 Deus
1009 2565 1098 2607 res
1144 2565 1362 2612 nostras
1403 2558 1772 2617 administrat.
1799 2538 1985 2624 —Pro-.

366 2628 598 2686 fundum
642 2635 789 2690 enim
831 2647 917 2693 est
954 2640 1052 2697 Dei
1092 2646 1380 2715 sapientia,
1410 2661 1638 2720 propter
1674 2670 1832 2710 suam
1865 2656 1951 2711 in-

367 2725 1024 2792 comprehensibilitatem
1079 2745 1137 2791 et
1190 2738 1636 2801 immensitatem.
1696 2744 1950 2820 intelligit

367 2813 698 2872 tentationes
722 2818 811 2889 (iis
832 2821 978 2876 enim
997 2833 1169 2880 scatet
1185 2828 1292 2883 vita
1311 2829 1572 2905 humana)
1593 2854 1606 2889 :
1627 2835 1747 2894 illas
1763 2813 1945 2895 autem

365 2911 598 2969 suscitat
647 2916 874 2987 spiritus
917 2924 1189 2992 procellae,
1224 2928 1436 2985 scilicet
1480 2934 1708 3004 spiritus
1748 2914 1947 2993 adver-

363 3001 577 3069 sarius;
623 3021 731 3062 non
775 3019 958 3068 tamen
987 3030 1054 3069 ex
1085 3017 1294 3087 privata
1328 3036 1425 3077 sua
1461 3001 1806 3093 auctoritate,
1850 3031 1947 3087 sed

364 3092 477 3150 Deo
504 3095 607 3152 hoc
636 3101 704 3155 ad
728 3101 1004 3171 iustorum
1045 3111 1494 3170 exercitationem
1528 3133 1592 3173 ac
1627 3121 1944 3192 manifesta-

2067 1559 2305 1627 πλοίοις
2332 1559 2552 1616 ἀλιέων
2579 1564 2818 1634 κεφαλὴ
2861 1568 3071 1622 αὐτοῦ.
3107 1570 3273 1639 Λέγει
3318 1570 3376 1625 δέ
3405 1572 3497 1626 τδν
3535 1573 3654 1628 διά·

2066 1651 2247 1715 σολον,
2294 1651 2370 1717 ὡς
2399 1654 2535 1725 πρὸς
2566 1655 2731 1710 αὑτὸν
2768 1659 2917 1712 πᾶσα
2954 1658 3054 1729 μὲν
3087 1660 3395 1734 ἀνθρώπων
3423 1665 3654 1736 ἡττᾶται

2070 1745 2311 1815 μηχανὴ,
2347 1744 2490 1819 ὥστε
2518 1746 2657 1817 μηδέ
2697 1746 2903 1820 βύρσαν
2935 1752 3103 1821 οὐρᾶς
3143 1751 3308 1807 αὑτοῦ
3357 1753 3652 1826 βαστάζειν

2065 1838 2098 1909 ἢ
2129 1837 2495 1908 ὑφίστασθαι·
2541 1839 2659 1895 ἀλλ’
2688 1842 2838 1911 ὅμως
2873 1842 3037 1897 αὐτοῦ
3062 1844 3160 1916 τὴν
3181 1846 3649 1922 κεφαλὴν,δηλαδὴ

2067 1927 2167 1999 τὴν
2202 1928 2614 2001 είδωλολατρίαν
2639 1971 2653 1998 ,
2684 1932 2807 2002 ἥτις
2839 1933 3020 2004 πάσης
3052 1934 3218 1989 αὑτοῦ
3250 1938 3349 2007 τῆς
3381 1938 3648 2010 πονηρίας

2066 2019 2282 2092 ὑπῆρχε
2321 2021 2650 2091 κεφάλαιον,
2683 2024 2741 2077 ἐν
2778 2026 2893 2086 τοῖς
2936 2024 3143 2090 πλοίοις
3177 2026 3285 2080 τῶν
3301 2027 3646 2098 Ἐκκλησιῶν

2063 2113 2378 2184 ἐνέκρωσαν
2418 2115 2469 2169 ot
2518 2114 2828 2170 ἀπόστολοι.
2862 2110 3024 2171 Οὗτοι
3072 2118 3337 2192 ἐργασίαν
3376 2123 3436 2175 ἐν
3472 2120 3644 2190 ⁸ὕδασι

2065 2203 2300 2268 πολλοῖς,
2337 2204 2396 2257 ἐν
2431 2203 2513 2275 τῷ
2552 2204 2751 2277 πλήθει
2794 2205 2993 2277 δηλαδὴ
3038 2208 3137 2280 τὴν
3177 2209 3289 2263 τῶν
3338 2210 3644 2282 ἀνθρώπων

2064 2295 2343 2369 σωτηρίαν
2369 2298 2718 2369 πεποίηνται.
2745 2298 2958 2354 Ἴδοσαν
2983 2290 3155 2354 δὲκαὶ
3195 2301 3291 2355 τοῦ
3313 2302 3445 2356 Θεοῦ
3463 2302 3531 2356 τά
3553 2304 3643 2381 ἕρ-

2058 2406 2152 2459 γα,
2192 2388 2443 2443 τουτέστι
2477 2387 2547 2444 τά
2591 2389 3055 2462 δημιουργήματα
3092 2393 3188 2445 καὶ
3212 2392 3282 2446 τά
3335 2391 3638 2475 θαυμάσια,

2057 2480 2257 2553 δηλαδὴ
2290 2481 2357 2535 τὰ
2388 2482 2612 2552 σημεῖα,
2646 2481 2746 2534 ὅσα
2772 2481 2870 2550 τὴν
2896 2482 3172 2554 σωτηρίαν
3212 2483 3514 2555 οἰκονομῶν
3537 2484 3641 2556 τὴν

2056 2571 2331 2644 ἡμετέραν
2361 2570 2513 2626 ἔθετο
2543 2573 2601 2626 ἐν
2620 2570 2699 2644 τῷ
2728 2570 2898 2643 βυθῷ,
2931 2574 3211 2628 τουτέστιν
3242 2577 3302 2629 ἐν
3340 2579 3408 2648 τῇ
3434 2576 3597 2649 σοφίᾳ
3619 2594 3636 2610 ο

2060 2664 2179 2736 μεθ’
2216 2657 2283 2736 ἧς
2313 2665 2343 2717 ό
2376 2663 2511 2728 Θεὸς
2547 2665 2822 2735 οἰκονομεῖ
2854 2664 2922 2719 τὰ
2954 2664 3220 2737 ἡμέτερα.
3252 2665 3427 2731 Βάθος
3460 2667 3567 2740 γὰρ
3600 2669 3637 2737 ἡ

2054 2754 2149 2809 τοῦ
2178 2754 2315 2809 Θεοῦ
2359 2755 2545 2826 σοφία,
2586 2754 2677 2809 διά
2696 2754 2758 2808 τὸ
2799 2754 3120 2811 ἀνείκαστον
3167 2759 3337 2828 αὐτῆς
3366 2761 3462 2813 καὶ
3493 2760 3638 2832 ἀμέ-

2054 2861 2272 2918 τρητον.
2303 2844 2442 2909 Τοὺς
2464 2845 2807 2916 πειρασμοὺς
2851 2846 3001 2915 λέγει
3043 2846 3227 2920 (γέμει
3256 2850 3363 2920 γὰρ
3394 2850 3572 2905 αὐτῶν
3605 2851 3637 2905 ὀ

2055 2937 2171 3008 βίος
2198 2938 2227 2990 ὁ
2249 2936 2616 3007 ἀνθρώπινος)
2643 2952 2658 2967 ο
2702 2936 2908 3008 ἐγείρει
2936 2936 2993 2991 δὲ
3026 2939 3224 3006 αὐτοὺς
3258 2941 3436 2996 καὶτὸ
3465 2942 3635 2995 πνεῦ-

2016 3010 2017 3013 Ὶ
2056 3046 2134 3100 μα
2150 3030 2253 3099 τῆς
2284 3028 2617 3099 καταιγίδος,
2649 3030 2850 3102 δηλαδὴ
2885 3029 2959 3084 re
2984 3031 3204 3103 πνεῦμα
3238 3034 3297 3087 τὸ
3319 3035 3633 3106 ἀντικείμε.

2051 3137 2142 3175 νον
2162 3136 2176 3150 ⁸
2210 3122 2270 3175 οὐ
2301 3122 2410 3193 μὴν
2438 3120 2549 3176 ἀπὸ
2577 3122 2675 3191 τῆς
2700 3122 2911 3177 οἴκοθεν
2933 3122 3206 3190 ἐξουσίας,
3239 3126 3633 3198 ἐπιτρέψαντος

363 3183 572 3243 tionem
622 3194 997 3261 permittente.
1037 3199 1309 3258 Caeterum
1360 3204 1505 3263 Deus
1552 3209 1786 3279 ipsemet
1838 3184 1943 3270 hoc

2054 3212 2108 3268 δέ·
2140 3211 2231 3268 τοῦ
2265 3183 2401 3267 Θεοῦ
2431 3216 2512 3279 είς
2532 3183 2643 3286 τὴν.
2660 3213 2771 3268 τῶν
2800 3183 3024 3270 δικαίων
3066 3183 3380 3287 γυμνασίαν
3406 3183 3498 3272 καὶ
3524 3235 3631 3288 φα-

362 3274 627 3347 declarat,
658 3286 881 3351 quando
924 3292 1176 3359 permisit
1226 3295 1444 3353 diabolo
1488 3311 1550 3354 ut
1577 3274 1781 3367 iobum
1825 3312 1944 3360 ten-

361 3375 523 3423 taret.
566 3368 1027 3435 Pulcitreautem
1078 3386 1409 3444 tentationes
1454 3393 1671 3448 vocavit
1710 3394 1942 3464 ﬂuctus;

361 3461 808 3533 quandoquidem
848 3468 992 3525 sicut
1040 3477 1404 3545 tranquillitas
1451 3490 1574 3555 post
1608 3482 1827 3559 ﬂuctus,
1868 3461 1942 3543 ita

360 3559 486 3621 post
521 3555 852 3615 tentationes
886 3576 992 3632 pax
1021 3567 1284 3624 succedit.

369 3789 381 3800 '
430 3773 599 3835 Vsus.
632 3779 724 3837 26.
767 3801 788 3835 ι
821 3783 1142 3845 Ascendunt
1168 3804 1340 3861 usque
1367 3793 1435 3849 ad
1463 3795 1652 3851 caelos.
1685 3813 1705 3856 ι

430 3867 570 3926 Mala
610 3881 794 3930 autem
843 3876 947 3934 hoc
986 3879 1107 3936 loco
1145 3898 1259 3937 non
1296 3884 1446 3952 vitia,
1478 3887 1577 3943 sed
1620 3887 1941 3947 aliiictiones

357 3957 635 4032 intelligit.
667 3961 825 4021 Unde
849 3967 1020 4024 Amos
1049 3969 1127 4033 ait
1156 3989 1168 4024 :
1195 3970 1255 4027 Si
1284 3975 1383 4033 erit
1407 3975 1616 4031 malitia
1644 3978 1698 4032 in
1729 3979 1940 4034 civitate

357 4065 519 4120 quam
547 4051 802 4125 Dominus
832 4073 936 4127 non
961 4059 1082 4132 fecit
1103 4060 1189 4114 "?
1212 4061 1525 4135 intelligens
1551 4067 1938 4138 castigationes

355 4155 493 4206 quas
521 4142 786 4202 Dominus
817 4147 883 4219 ad
922 4151 1322 4215 correctionem
1368 4154 1684 4212 hominibus
1707 4158 1933 4232 inﬂigit.

355 4233 413 4289 In
443 4236 531 4291 his
560 4238 742 4294 anima
771 4242 1086 4299 necessario
1120 4245 1452 4314 tabescebat.
1479 4248 1638 4316 Quod
1676 4253 1821 4307 enim
1851 4263 1937 4310 est

352 4341 491 4395 auro
534 4328 696 4401 ignis,
741 4331 847 4387 hoc
891 4334 1182 4405 animabus
1228 4347 1359 4410 sunt
1408 4342 1768 4409 tentationes,
1811 4360 1935 4417 qum

350 4418 498 4488 ipsas
524 4420 811 4478 tabescere
841 4421 1074 4492 iaciunt,
1113 4443 1225 4501 non
1266 4439 1324 4485 ut
1365 4445 1809 4505 corrumpantur,
1836 4439 1931 4494 sed

348 4521 412 4571 ut
456 4524 717 4585 appareat
761 4528 1026 4589 quantum
1076 4520 1384 4592 splendoris
1430 4525 1697 4587 habeant.
1727 4529 1931 4585 Tenta-

2055 3303 2318 3376 νέρωσιν·
2346 3303 2500 3377 δηλοῖ
2527 3305 2582 3360 δὲ
2632 3305 2794 3372 αὐτὸς
2832 3310 2861 3362 ό
2889 3307 3020 3372 Θεὸς
3059 3307 3269 3383 [ἡνίκα]
3295 3309 3375 3381 τῷ
3403 3309 3633 3382 διαϐόλῳ

2052 3392 2313 3462 πειρᾶσαι
2352 3392 2449 3446 τὸν
2512 3391 2635 3447 Ἰὼϐ
2692 3394 3016 3467 ἐπιτρέψας.
3064 3398 3262 3464 Καλῶς
3304 3401 3363 3454 δὲ
3410 3400 3631 3473 κύματα

2049 3483 2177 3546 τοὺς
2227 3484 2567 3555 πειρασμοῦς
2635 3485 2933 3542 ἐκάλεσεν·
2972 3489 3162 3562 ἐπειδὴ
3222 3491 3474 3565 καθάπερ
3526 3509 3628 3561 γα-

2048 3573 2184 3646 λήνη
2218 3574 2287 3630 τὰ
2316 3574 2558 3647 κύματα,
2581 3575 2753 3643 οῦτως
2785 3581 2879 3634 καὶ
2918 3580 3048 3646 τοὺς
3073 3586 3417 3655 πειρασμοὺς
3435 3585 3625 3657 εἰρήνη

2049 3667 2371 3739 διαδέχεται.

2126 3801 2145 3833 ‹
2177 3783 2581 3840 Ἀναϐαίνουσιν
2608 3786 2713 3851 ἕως
2732 3787 2841 3841 τῶν
2867 3789 3132 3862 οὐρανῶν.
3173 3810 3192 3843 ι

2119 3875 2199 3943 Td;
2240 3876 2387 3945 κακά
2408 3877 2465 3931 δέ
2492 3877 2731 3939 ἐνταῦθα
2759 3880 2820 3934 οὐ
2855 3880 3058 3951 φαῦλα,
3089 3883 3224 3937 ἀλλά
3251 3884 3322 3938 τὰ
3341 3884 3624 3940 κακωτικά

2047 3968 2215 4038 λέγει.
2247 3968 2410 4023 Ὅθεν
2438 3969 2623 4042 Ἀμώς
2659 3988 2859 4043 φησιν’
2900 3975 2971 4028 Εἰ
3005 3974 3178 4033 ἔσται
3216 3978 3396 4032 κακία
3418 3978 3487 4032 ἐν
3513 3979 3622 4031 πό-

2044 4062 2142 4121 λει
2181 4056 2262 4127 ἣν
2293 4060 2509 4129 Κύριος
2542 4063 2655 4116 οὐκ
2685 4062 2937 4133 ἐποίησε
2949 4082 2970 4131 ;
3017 4067 3116 4131 τὰς
3157 4070 3411 4133 παιδείας
3450 4071 3621 4140 λέγων

2044 4152 2112 4223 ἀς
2141 4151 2393 4224 ἐπιφέρει
2421 4156 2535 4217 τοῖς
2577 4154 2887 4226 ἀνθρώποις
2929 4159 3010 4223 είς
3046 4159 3354 4231 διόρθωσιν.
3382 4163 3472 4217 Ἐν
3500 4163 3620 4217 τοῦ-

2043 4260 2159 4309 τοις
2207 4247 2241 4316 ή
2280 4244 2428 4316 ψυχὴ
2466 4245 2781 4318 ἀναγκαίως
2822 4249 3086 4320 ἐτήκετοά
3115 4251 3293 4323 Ὅπερ
3346 4255 3454 4327 γάρ
3504 4256 3619 4310 ἐστι

2041 4334 2120 4406 τῷ
2151 4335 2360 4407 χρυσίῳ
2384 4337 2444 4389 τὸ
2483 4336 2616 4413 πῦρ,
2657 4338 2818 4395 τοῦτο
2851 4343 2973 4406 ταῖς
3013 4341 3213 4413 ψυχαῖς
3233 4345 3282 4399 οἱ
3323 4346 3618 4418 πειρασμοὶ

2039 4426 2392 4498 τυγχάνουσι,
2418 4427 2677 4499 τήκοντες
2705 4429 2895 4503 αὐτὰς,
2923 4431 3023 4502 οὐχ
3067 4431 3206 4486 ὥστε
3231 4433 3614 4508 διαφθαρῆναι,

2040 4517 2154 4572 ἀλλ’
2176 4508 2338 4577 ὥστε
2379 4521 2759 4593 φανερωθῆναι
2801 4522 2920 4587 πῶς
2977 4523 3364 4598 λαμπρότητος
3409 4527 3613 4600 έχουσι.

352 4582 700 4673 tiones—enim
728 4621 969 4682 arguunt
989 4612 1222 4670 virtutes
1250 4616 1558 4674 hominum.
1585 4618 1931 4691 Quapropter

2054 4610 2352 4682 Ελέγχουσι
2384 4582 2494 4683 γὰρ
2519 4582 2575 4666 οἱ
2629 4582 2923 4685 πειρασμοέ
2969 4582 3069 4681 τὰς
3113 4582 3417 4689 ἀνθρίῦπίον
3436 4582 3636 4712 ἑδυνάλξ

349 4694 615 4765 Dominus
659 4701 798 4757 dixit
832 4721 845 4757 :
876 4704 1041 4762 Orate
1086 4718 1144 4762 ut
1192 4727 1299 4779 non.
1341 4711 1548 4766 intretis
1588 4712 1644 4767 in
1678 4715 1930 4785 tentatio-

246 4820 253 4829 ο
348 4806 468 4856 nent
504 4786 573 4848 ".
597 4790 740 4868 Quin
771 4804 828 4858 et
852 4795 1049 4859 Petrus
1081 4800 1136 4856 in
1176 4811 1387 4870 tantum
1426 4806 1679 4871 turbatus
1709 4815 1765 4862 et
1796 4824 1929 4882 con.-

346 4890 640 4949 quassatus
669 4884 773 4940 fuit
799 4889 1100 4944 tentatione
1138 4892 1468 4962 negationis,
1509 4907 1569 4952 ut
1597 4898 1666 4952 de
1697 4898 1929 4957 Domino

346 4974 555 5031 diceret
591 4994 605 5043 ;
640 4976 762 5035 Non
808 4981 928 5055 naui
971 4983 1238 5051 hominem
1275 4985 1413 5040 hunc
1441 4988 1509 5042 ⁷³.
1552 4988 1700 5047 Ebrii
1743 5001 1927 5054 autem

346 5067 627 5138 prOprium
665 5081 751 5127 est
799 5087 912 5141 non
958 5073 1199 5140 novisse,
1251 5076 1419 5131 etiam
1463 5079 1666 5150 alioqui
1710 5090 1926 5149 notum.

345 5155 499 5219 Tunc
526 5159 699 5226 etiam
721 5159 905 5219 omnis
935 5162 1055 5235 ejus
1084 5163 1351 5243 sapientia
1380 5166 1633 5253 absorpta
1663 5171 1781 5231 fuit.

417 5373 439 5408 ι
481 5354 645 5413 Vnus.
675 5357 766 5414 28.
797 5358 865 5413 Et
894 5358 1268 5419 clamaverunt
1294 5363 1360 5419 ad
1403 5363 1713 5422 Dominum.
1751 5388 1769 5420 ι

412 5443 584 5517 igitur
607 5448 1069 5516 quemadmodum
1104 5462 1314 5511 natura:
1351 5455 1408 5510 in
1440 5466 1765 5528 tempestate
1803 5474 1923 5516 om-

2039 4720 2182 4773 μεις.
2210 4703 2412 4774 Διόπερ
2441 4705 2470 4757 ὸ
2495 4706 2696 4776 Κύριος
2718 4705 2899 4776 ἔλεγεο
2929 4710 3353 4780 Προσεύχεσθε
3373 4710 3461 4781 μὴ
3491 4703 3629 4781 εἰσ-ξ

2035 4752 2248 4849 ἓᾶὸὲἒιῖ
2259 4752 2372 4861 ii;
2382 4752 2765 4865 inagna};
2798 4752 2961 4852 ’λλλά
2973 4752 3119 4869 ’μὴν
3155 4752 3258 4853 {at
3299 4752 3503 4872 Πέξρῖλς
3533 4752 3637 4887 είςέ

2034 4887 2287 4941 τοσοῦτον
2314 4887 2589 4958 ἐταράχθη
2622 4888 2719 4942 καὶ
2759 4889 3022 4961 ἐσαλεύθη
3073 4889 3152 4961 τῷ
3191 4891 3483 4964 πειρασμῷ
3513 4893 3615 4961 τῆς

2037 4979 2342 5051 ἀρνήσεως,
2381 4978 2523 5033 ὥστε
2555 4979 2801 5048 περὶτοῦ
2832 4981 3042 5059 Κυρίου
3083 4982 3263 5052 λέγειν
3282 4999 3297 5014 ο
3331 4985 3453 5037 Οὐκ
3478 4980 3613 5038 οἴδα

2034 5071 2144 5131 τὸν
2180 5073 2495 5142 ἄνθρωπον
2516 5073 2752 5128 τοῦτον.
2789 5074 3098 5141 Μεθῦοντος
3119 5075 3174 5130 δὲ
3192 5076 3321 5131 ἴδιον
3348 5078 3451 5132 οὐκ
3477 5074 3613 5131 είδέ-

2033 5182 2121 5223 ναι
2151 5166 2245 5219 καὶ
2271 5165 2365 5219 τὸν
2398 5165 2630 5241 τυχόντα
2649 5152 2946 5238 γνώριμον.
2979 5167 3114 5231 Τότε
3147 5168 3242 5224 καὶ
3269 5169 3416 5225 πᾶσα
3445 5166 3608 5226 αὑτοῦ

2036 5258 2198 5331 σοφία
2223 5258 2523 5329 κατεπόθη.

2107 5392 2126 5426 ι
2160 5374 2270 5428 Καὶ
2294 5373 2599 5446 ἐκέκραξαν
2632 5374 2768 5445 πρὸς
2800 5374 3027 5448 Κύριον.
3065 5394 3084 5428 ›

2101 5464 2311 5518 Οὐκοῦν
2347 5464 2604 5538 καθάπερ
2647 5466 2698 5519 οί
2725 5465 2921 5521 ναῦται
2952 5467 3058 5522 ὑπὸ
3101 5467 3372 5539 χειμῶνος
3401 5468 3610 5539 ἀπολη-

342 5552 471 5592 uem
515 5537 762 5608 ipsorum
800 5539 1125 5599 industriam
1168 5555 1226 5602 et
1268 5555 1443 5604 artem
1488 5560 1785 5620 superante
1827 5567 1925 5623 per

2054 5555 2250 5620 ›θέντες
2266 5556 2450 5628 πάσης
2471 5537 2667 5628 τέχνης
2688 5556 2785 5628 καὶ
2804 5558 3049 5623 ἐπινοίας
3072 5537 3379 5630 κρείττονος
3396 5557 3487 5613 διὰ
3507 5537 3611 5630 τῆς

338 5627 744 5685 invocationem
795 5631 890 5690 Dei
939 5634 1250 5708 salvantur;
1303 5641 1378 5698 ita
1428 5649 1648 5713 oportet
1691 5657 1787 5699 eos
1829 5644 1921 5714 qui

2058 5636 2127 5711 ίς’
2149 5646 2240 5701 τὸν
2283 5627 2416 5700 Θεὸν
2460 5627 2804 5720 ἐπικλήσεως
2841 5627 3135 5714 σώζονται-⁸
3175 5647 3322 5710 οὕτω
3354 5647 3465 5723 χρὴ
3508 5627 3608 5719 καὶ

412 5806 457 5853 ti
492 5806 682 5876 “sub.
719 5828 795 5883 lx,
827 5815 915 5874 57.
995 5818 1038 5852 ⁷⁸
1062 5817 1163 5875 Job
1190 5837 1276 5892 τι,
1305 5823 1394 5879 26.
1475 5825 1519 5858 "
1556 5823 1722 5885 Amos
1751 5844 1829 5897 tu,
1854 5824 1906 5884 6.

2054 5826 2239 5884 Matth.
2264 5845 2412 5897 sxw,
2443 5828 2532 5895 il.
2577 5831 2654 5920 ’⁷⁸
2674 5830 2864 5901 Matth.
2895 5848 3043 5902 xxvr,
3075 5830 3163 5905 Z2.
