4032 6222
315 418 463 486 1305

1472 419 1935 483 FRAGMENTA
1978 418 2060 481 IN
2102 421 2234 482 PSA
2244 425 2459 486 LMOS.

3464 424 3603 491 1306
3642 397 3644 399 ’

311 536 440 599 τοὺς
487 533 920 608 πειραζομένους
967 535 1146 605 οἰκεία
1200 535 1301 607 μὲν
1357 535 1588 607 δυνάμει
1636 536 1711 607 μὴ
1758 535 1893 606 θαρ-

2031 543 2283 593 entantur
2334 538 2573 610 propriae
2621 540 2845 611 quidem
2894 541 3082 599 virtuti
3128 541 3358 600 minime
3408 542 3601 611 fidere,

190 699 199 710 ἱ
317 627 467 698 ῥεῖν,
500 623 640 698 μόνη
679 624 739 680 δὲ
782 628 852 698 τῇ
893 625 1032 699 πρὸς
1079 626 1173 683 τὸν
1206 626 1341 682 Θεὸν
1392 626 1724 697 πεποιθήσει
1767 627 1901 699 χρῆ-

316 717 462 774 σθαι.
1044 758 1065 773 χ
1450 760 1455 763 ι

392 831 412 865 ι
440 812 552 867 Καὶ
576 811 988 886 εὐφράνθησαν,
1017 813 1102 868 ὃτι
1130 812 1432 884 ἡσύχασαν.
1473 833 1492 867 ι

399 901 628 975 Ἐπειδὴ
674 902 737 958 τὸ
784 902 1171 973 εὐαγγελικὸν,
1202 902 1461 975 καθάπερ
1507 901 1739 973 ἔφημεν,
1787 901 1906 974 ῂνίο

321 995 451 1060 ξατο
477 995 769 1069 κήρυγμα,
826 994 1146 1065 ἀναγκαίως
1198 992 1528 1065 Ἐκκλησίας
1563 993 1808 1067 ᾐνίξατο,
1841 993 1905 1048 οὐ

318 1087 495 1153 λαοῦ,
524 1089 735 1159 μήποτε
785 1087 945 1163 δόξῃς
964 1089 1063 1159 τὴν
1087 1086 1420 1160 Συναγωγὴν
1440 1087 1721 1157 λέγεσθαι,
1742 1085 1909 1143 λαῶν

318 1177 377 1230 δὲ
417 1178 527 1231 τῶν
577 1176 751 1232 ἐθνῶν
805 1177 1216 1250 ἐμνημόνευσεν
1237 1194 1252 1208 ·
1298 1177 1359 1231 ὲν
1394 1172 1479 1241 οἷς
1523 1179 1619 1232 καὶ
1668 1175 1907 1246 καθέδρα

323 1269 734 1342 πρεσϐυτέρων,
759 1270 1059 1328 αἰνούντων
1082 1271 1175 1325 τὸν
1200 1270 1333 1326 Θεὸν
1354 1271 1473 1333 ταῖς
1501 1267 1910 1333 διδασκαλικαῖς

322 1362 597 1430 γλώσσαις
615 1377 631 1391 ο
669 1362 800 1432 περὶ
827 1355 902 1416 ὧν
931 1360 1148 1425 Παῦλος
1172 1361 1387 1430 ἔλεγεν·
1412 1364 1475 1416 Ol
1515 1361 1910 1428 πρεσϐύτεροι

322 1449 545 1521 διπλῆς
569 1451 749 1523 τιμῆς
776 1452 1205 1509 ἀέιούσθωσαν
1225 1468 1239 1482 ο
1272 1452 1546 1523 μάλιστα
1571 1454 1627 1506 ol
1657 1449 1911 1507 κοπιῶν-

323 1561 424 1611 τες
453 1545 708 1616 ὲνηλόγφ
736 1545 836 1601 καί
869 1544 1256 1613 διδασκαλίᾳ.

401 1654 421 1689 ι
458 1635 655 1691 Ἐθετο
683 1638 966 1709 ποταμοὺς
988 1640 1067 1699 εἰς
1098 1636 1329 1709 ἔρημον.
1375 1656 1395 1689 ι

395 1730 508 1801 Τὴν
538 1729 671 1801 παρ’
698 1729 957 1799 Ἕλλησιν
985 1729 1221 1784 ἐνταῦθα
1254 1727 1448 1798 σοφίαν
1477 1727 1718 1801 ᾐνίξατο.
1754 1726 1914 1798 Ἐζή-

327 1819 457 1876 λουν
491 1822 599 1894 γὰρ
638 1823 918 1893 ποταμοὺς
961 1821 1050 1875 διὰ
1085 1821 1184 1891 τὴν
1217 1821 1449 1893 ῥέουσαν
1477 1820 1726 1890 γλῶτταν
1760 1820 1912 1890 φιλό-

2001 630 2097 686 sed
2127 630 2243 686 sola
2271 630 2369 686 Dei
2403 629 2603 686 ﬁducia
2633 631 2759 687 niti.

2073 807 2236 865 Vens.
2267 809 2358 865 30.
2392 828 2410 863 ι
2447 812 2515 866 Ει
2537 812 2706 868 laetati
2734 821 2884 878 sunt,
2911 812 3038 883 quia
3069 813 3368 870 siluerunt.
3405 833 3425 866 ι

2073 901 2553 975 Quandoquidem,
2590 906 2676 959 uti
2716 906 3057 969 dicebamus,
3102 907 3421 978 evangelica
3461 922 3604 977 prae-

2006 996 2206 1075 dicatio
2235 997 2414 1053 fuerat
2444 997 2745 1064 insinuata,
2775 999 3092 1054 necessario
3131 999 3294 1054 etiam
3332 999 3606 1055 Ecclesias

2007 1090 2210 1155 innuit,
2254 1106 2367 1146 non
2413 1090 2619 1161 populi,
2657 1107 2729 1147 ne
2767 1092 2912 1147 forte
2947 1100 3107 1162 putes
3149 1091 3487 1163 Synagogam
3519 1092 3607 1146 in-

2009 1179 2203 1252 telligi,
2237 1180 2334 1235 sed
2374 1181 2713 1251 populorum,
2745 1181 2799 1236 id
2839 1190 2924 1237 est
2963 1182 3232 1251 gentium,
3268 1182 3603 1236 mentionem

2011 1270 2182 1326 fecit:
2218 1270 2274 1326 in
2309 1272 2513 1341 quibus
2548 1272 2713 1327 etiam
2751 1281 2836 1327 est
2870 1274 3131 1328 cathedra
3171 1273 3473 1337 seniorum,
3506 1272 3610 1326 lin-

2011 1362 2132 1435 guis
2184 1363 2582 1420 doctrinalibus
2629 1366 2970 1421 laudantium
3020 1368 3190 1421 Deum
3235 1384 3248 1419 :
3291 1366 3359 1421 de
3406 1364 3605 1435 quibus

2010 1456 2214 1513 Paulus
2240 1457 2318 1512 ait
2345 1474 2361 1512 :
2390 1457 2693 1528 Presbyteri
2720 1458 2917 1527 duplici
2957 1459 3152 1513 honore
3198 1458 3346 1530 digni
3382 1457 3610 1511 habean-

2013 1556 2132 1616 tur;
2166 1549 2401 1604 maxime
2423 1550 2515 1621 qui
2538 1548 2788 1603 laborant
2818 1550 2872 1602 in
2900 1549 3053 1603 verbo
3078 1558 3129 1603 et
3156 1549 3399 1603 doctrina
3428 1550 3496 1615 τέ.

2086 1637 2247 1694 Vens.
2272 1639 2363 1694 53.
2395 1663 2413 1690 ι
2444 1637 2637 1693 Posuit
2665 1637 2891 1692 ﬂumina
2923 1638 2980 1692 in
3012 1638 3315 1693 desertum.
3352 1657 3371 1689 ι

2072 1726 2396 1804 ﬂaucorum
2464 1728 2557 1783 hic
2619 1727 2804 1782 innuit
2869 1726 3218 1798 sapientiam.
3280 1727 3603 1798 Philos0phi

2012 1816 2162 1872 enim
2185 1817 2558 1888 sophistmque
2582 1831 2646 1872 ac
2671 1816 2923 1871 rhetores
2950 1816 3021 1871 ob
3044 1816 3243 1887 linguae
3270 1815 3604 1872 aliluentiam

328 1882 515 1984 cogam;
534 1882 630 1968 καὶ
658 1882 931 1983 σοφισταί,
965 1913 1061 1967 καὶ
1107 1882 1336 1985 ῥητορες
1355 1929 1370 1944 ⁸
1407 1882 1523 1968 ἀλλ’
1548 1913 1756 1986 ἔρημον
1772 1882 1908 1967 τού-

2031 1907 2209 1965 luvios
2245 1908 2648 1964 aemulabantur
2681 1927 2695 1963 :
2734 1908 2832 1964 sed
2874 1910 3120 1980 ipsorum
3160 1908 3510 1965 mendacium
3543 1925 3606 1965 ac

325 2022 439 2070 τοις
482 2005 710 2074 ἐλέγξας
762 2004 944 2058 αὐτῶν
996 2003 1058 2058 τὸ
1080 2004 1277 2074 ψεῦδος
1327 2005 1424 2060 καὶ
1486 2005 1905 2076 πεπλασμένον,

324 2098 479 2152 ἔθετο
501 2099 596 2152 καὶ
618 2097 719 2160 τὰς
746 2095 1013 2164 διεξόδους
1039 2097 1149 2151 τῶν
1183 2096 1359 2166 λόγων
1404 2096 1652 2169 (τούτους
1678 2097 1788 2168 γὰρ
1820 2096 1912 2151 διὰ

324 2188 425 2260 τὴν
476 2186 660 2259 βιαίαν
706 2188 886 2259 ὁρμὴν
950 2186 1399 2259 προσηγόρευσεν
1459 2186 1654 2256 ὕδατα)
1715 2188 1797 2251 είς
1834 2187 1914 2241 δίο

326 2281 455 2351 ψαν.
527 2277 850 2350 ’Δκυρὼσας
916 2277 1027 2350 γὰρ
1095 2277 1275 2332 αὐτῶν
1327 2276 1430 2349 τὴν
1478 2277 1677 2349 χρῆσιν
1739 2292 1912 2348 μετα-

327 2373 617 2442 ϐέϐληκεν.

404 2483 423 2517 ι
453 2465 565 2535 Τῆν
591 2464 941 2535 καρποφόρον
972 2463 1052 2526 είς
1083 2462 1283 2534 ἅλμην.
1311 2480 1331 2514 ι

399 2554 572 2609 Τοῦτο
611 2553 801 2624 σαφῶς
840 2555 922 2618 είς
947 2553 1047 2626 τὴν
1104 2554 1370 2610 Ἰουδαίαν
1419 2555 1524 2627 γῆν
1562 2555 1916 2629 καρποφόρον

334 2647 620 2719 γινομένην
643 2646 733 2700 διὰ
756 2648 883 2711 τοὺς
913 2644 973 2712 ἐξ
1020 2647 1191 2718 αὐτῆς
1232 2647 1519 2720 προφήτας
1551 2649 1648 2702 καὶ
1672 2648 1801 2712 τοὺς
1837 2649 1917 2702 δι-

332 2739 523 2802 καίους
554 2737 795 2810 εἴρηται,
836 2738 959 2809 ἥτις
998 2738 1081 2802 είς
1113 2737 1297 2809 ἅλμην
1337 2739 1447 2793 ἀπὸ
1487 2739 1686 2804 κακίας
1711 2738 1822 2793 τῶν
1856 2740 1917 2794 ἐν

327 2832 467 2904 αὐτῇ
491 2829 892 2885 κατοικούντων
913 2830 1302 2902 Γραμματὲων
1335 2832 1429 2884 καὶ
1457 2832 1790 2903 Φαρισαίων,
1819 2832 1919 2886 καὶ

331 2924 550 2978 πάντων
610 2922 721 2977 τῶν
789 2920 1176 2992 ἀσεϐησάντων
1231 2922 1315 2985 είς
1376 2923 1614 2993 Χριστὸν
1677 2923 1918 2993 μεταϐέ-

330 3015 544 3087 ϐληται.
589 3012 790 3069 Οὐκέτι
833 3013 944 3086 γὰρ
991 3015 1053 3069 ὲν
1106 3013 1293 3078 αὐτοῖς
1339 3014 1542 3086 ίερεὺς,
1592 3014 1656 3068 οὐ
1701 3016 1919 3086 προφή-

327 3122 430 3176 της
448 3121 464 3136 ’
500 3104 619 3159 ἀλλ’
643 3104 768 3159 οὐδὲ
792 3103 1005 3175 καρπὸς
1035 3103 1225 3176 ἔτερος
1247 3104 1350 3176 τῆς
1378 3104 1614 3177 ἀρχαίας
1637 3102 1917 3169 πολιτείας

329 3196 669 3268 εὑρίσκεται.
1550 3198 1571 3207 ”

405 3305 426 3341 ι
464 3285 662 3343 Ἔθετο
698 3285 910 3360 ἔρημον
937 3287 1017 3353 είς
1043 3286 1242 3357 λίμνας
1280 3288 1514 3346 ὑδάτων.
1549 3306 1571 3343 ι

398 3467 583 3525 Εἰπὼν
615 3469 716 3525 ὅσα
732 3470 847 3535 τοῖς
866 3468 1116 3534 ἀπίστοις
1138 3468 1417 3541 Ἕλλησιν,
1443 3471 1525 3524 ἔτι
1557 3469 1625 3543 δὴ
1654 3469 1748 3524 καὶ
1789 3468 1917 3524 Ἰου-

328 3560 497 3625 δαίοις
523 3560 716 3632 ἔμελλε
742 3562 1064 3633 ωμὸαίνειν
1099 3561 1322 3631 (ἐϐλεπε
1352 3564 1465 3633 γὰρ
1503 3561 1644 3616 αὐτὰ
1670 3564 1784 3625 τοῖς
1815 3562 1915 3631 ὀφ-

332 3649 555 3720 θαλμοῖς
575 3651 671 3705 τοῦ
712 3651 1070 3723 πνεύματος),
1127 3653 1238 3707 ίδοὺ
1263 3653 1359 3706 νῦν
1390 3654 1458 3708 τὰ
1498 3654 1630 3724 περὶ
1660 3654 1761 3723 τῆς
1795 3654 1919 3707 Ἐκ-

332 3741 560 3812 nimia;
596 3740 904 3812 συμφώνως
941 3743 1020 3814 τῷ
1059 3743 1260 3817 Ἡσαΐᾳ
1293 3742 1570 3798 ἐκτίθεται
1597 3762 1613 3777 ο
1647 3748 1782 3815 φησι
1807 3745 1917 3817 γὰρ

334 3832 603 3896 κάκεῖνοςο
623 3831 803 3899 Θήσω
830 3833 946 3901 τὴν
966 3832 1195 3904 ἔρημον
1221 3832 1460 3901 claui],
1488 3833 1588 3887 καί
1604 3833 1718 3902 τὴν
1731 3832 1918 3902 διψῶ-

331 3941 456 3981 σαν
494 3923 615 3995 γῆν
640 3927 728 3992 εις
754 3924 1160 3996 ὑδραγωγούς.
1187 3919 1362 3990 Οὗτος
1391 3925 1452 3980 δὲ
1478 3925 1677 3997 λίμνην
1712 3925 1920 3980 ὑδάτων

330 4015 433 4081 τάς
460 4016 852 4089 κλυμῦήθρας
898 4017 1092 4090 ἐνόησε
1125 4018 1221 4073 τοῦ
1269 4018 1650 4091 βαπτίσματος
1674 4035 1691 4052 ο
1730 4018 1921 4089 ὥσπερ

332 4106 502 4172 αὐτὰς
542 4109 639 4165 καὶ
685 4107 940 4179 Σολομῶν
991 4109 1050 4162 ὲν
1077 4109 1191 4173 τοῖς
1250 4110 1551 4182 ’ᾼσμασιν,
1606 4109 1773 4180 ηνίκα
1829 4108 1921 4161 τὸν

330 4202 567 4273 Χριστὸν
594 4200 731 4273 πρὸς
760 4201 860 4273 τὴν
894 4201 1092 4256 ἑαυτοῦ
1123 4201 1344 4273 νύμφην
1372 4203 1637 4274 εἰσήγαγε
1658 4202 1758 4274 τὴν
1795 4201 1921 4254 Ἐκ-

331 4294 564 4365 κλησίαν
591 4295 857 4364 λέγοντα·
886 4299 952 4351 οι
975 4296 1275 4366 ὀφθαλμοί
1309 4313 1429 4353 σου
1471 4298 1555 4364 ὡς
1600 4298 1811 4368 λίμναι
1850 4298 1922 4352 ἐν

343 4388 609 4445 Ἐσεϐῶν
628 4388 700 4443 ἐν
726 4388 954 4455 πύλαις
992 4388 1288 4458 θυγατρὸς
1322 4388 1573 4443 πολλῶν
1592 4407 1606 4424 ·
1645 4389 1923 4461 θυγατέρα

331 4479 544 4534 πολλῶν
570 4481 672 4552 τὴν
718 4480 1050 4552 Ἐκκλησίαν
1070 4479 1365 4553 νενοηκὼς·
1388 4482 1451 4535 οὐ
1476 4481 1584 4554 7&9
1605 4482 1784 4552 μόνων
1807 4480 1920 4535 τῶν

2012 2001 2292 2057 fictionem
2337 2015 2573 2073 arguens
2618 2000 2901 2057 desertum
2954 1999 3062 2055 illis
3107 2000 3294 2071 posuit
3336 2008 3393 2055 et
3428 2000 3608 2055 exitus

2013 2107 2328 2149 sermonum
2370 2093 2498 2165 (hos
2540 2093 2691 2149 enim
2741 2101 2969 2164 propter
3010 2093 3396 2148 vehementem
3430 2092 3607 2163 impe—

2017 2193 2131 2239 tum
2159 2198 2333 2254 aquas
2369 2183 2689 2255 appellavit)
2720 2183 2777 2238 in
2813 2184 2983 2239 sitim.
3015 2182 3241 2239 Illorum
3273 2182 3421 2239 enim
3444 2199 3605 2239 usum

2014 2276 2286 2350 abrogans
2314 2276 2645 2334 immutavit.

2086 2456 2252 2514 Vens.
2281 2457 2374 2514 54.
2409 2476 2429 2510 ι
2460 2457 2689 2513 Terram
2728 2455 3065 2514 fructiferam
3100 2456 3158 2512 in
3191 2455 3547 2527 salsuginem.
3581 2474 3601 2507 ι

2084 2546 2203 2604 Hoc
2254 2548 2549 2620 perspicue
2602 2547 2812 2603 dictum
2861 2556 2947 2603 est
3004 2546 3061 2601 in
3114 2554 3315 2603 terram
3366 2546 3607 2602 Judaeum

2014 2640 2359 2696 fructiferam
2422 2650 2651 2711 propter
2701 2640 3003 2711 prophetas
3054 2647 3112 2694 et
3154 2639 3337 2708 juslos
3388 2654 3455 2692 cx
3518 2637 3609 2690 illa

2015 2731 2301 2799 oriundos,
2329 2747 2455 2801 quae
2481 2731 2538 2786 in
2558 2730 2894 2802 salsuginem
2924 2735 3260 2785 commutata
3289 2735 3374 2782 est
3405 2743 3434 2780 a
3453 2725 3610 2780 mali-

2015 2823 2091 2879 tia
2139 2822 2572 2880 inhabitantium
2622 2821 2680 2876 in
2718 2834 2783 2876 ea
2827 2819 3145 2876 Scribarum
3189 2834 3256 2874 ac
3299 2817 3612 2873 Pharisaeo-

2017 2929 2163 2982 rum,
2199 2922 2256 2969 et
2294 2914 2544 2970 omnium
2593 2927 2723 2984 erga
2776 2912 3056 2969 Christum
3108 2910 3428 2981 impiorum.
3482 2908 3605 2963 Non

2016 3006 2254 3077 amplius
2285 3005 2437 3062 enim
2483 3005 2537 3060 in
2576 3004 2684 3061 illis
2718 3004 2998 3068 sacerdos,
3030 3018 3141 3058 non
3173 3002 3478 3073 propheta;
3513 3002 3611 3056 sed

2016 3112 2199 3169 neque
2224 3097 2442 3154 fructus
2471 3097 2613 3152 alius
2634 3097 2876 3166 antiquae
2905 3093 3222 3166 reipublicae
3244 3092 3540 3163 reperitur.

2088 3282 2256 3340 Vsus.
2314 3282 2404 3339 35.
2446 3300 2466 3335 ι
2504 3281 2696 3338 Posuit
2760 3281 3039 3337 desertum
3091 3278 3148 3333 in
3210 3289 3404 3350 stagna
3441 3291 3612 3348 aqua-

2018 3394 2164 3435 rum.
2200 3396 2219 3430 ι

2086 3469 2226 3526 Cum
2254 3468 2486 3525 dixisset
2512 3467 2603 3524 illa
2629 3481 2751 3538 quae
2782 3463 3081 3521 incredulis
3107 3464 3363 3536 gentibus
3392 3474 3449 3521 et
3485 3479 3609 3535 quae

2018 3560 2245 3631 insuper
2279 3559 2484 3616 Judasis
2525 3567 2793 3615 eventura
2826 3566 2985 3613 erant
3017 3556 3131 3626 (illa
3162 3557 3310 3611 enim
3347 3555 3614 3626 spiritali-

2017 3653 2121 3708 bus
2141 3653 2314 3710 oculis
2357 3652 2676 3721 cernebat),
2711 3664 2843 3705 ecce
2881 3663 3033 3703 nunc
3065 3663 3130 3703 ea
3159 3664 3281 3718 qua:
3324 3648 3391 3701 ad
3428 3647 3616 3701 Eccle-

2019 3744 2159 3799 siam
2214 3743 2497 3815 pertinent
2554 3741 2915 3797 conformiter
2973 3756 3100 3795 cum
3161 3740 3301 3795 lsaia
3353 3738 3613 3810 exponit;

2021 3852 2150 3892 nam
2177 3845 2234 3891 et
2259 3836 2349 3890 ille
2379 3836 2460 3889 ait
2496 3852 2511 3894 :
2553 3834 2761 3888 Ponant
2798 3839 3063 3887 desertum
3102 3831 3157 3886 in
3192 3832 3432 3902 paludes,
3458 3839 3507 3885 et
3540 3832 3615 3885 si—

2022 3928 2236 3982 tientem
2260 3935 2460 3980 terram
2484 3927 2542 3979 in
2565 3925 2908 3997 aquwductus
2926 3924 2995 3978 ".
3024 3922 3126 3978 Hic
3148 3932 3333 3977 autem
3364 3933 3615 3994 stagnum

2022 4034 2291 4090 aquarum
2332 4018 2516 4072 fontes
2550 4015 2909 4089 baptismatis.
2936 4015 3055 4071 sive
3091 4014 3411 4085 baptisteria
3454 4013 3618 4068 intel-

2022 4112 2188 4180 lexit;
2240 4119 2406 4182 prout
2450 4113 2619 4167 etiam
2669 4109 2929 4165 Salomon
2978 4109 3034 4165 in
3080 4108 3357 4175 Canticis,
3400 4098 3619 4179 quando

2023 4205 2304 4261 Christum
2352 4205 2421 4260 ad
2473 4219 2732 4275 sponsam
2776 4217 2931 4258 suam
2969 4201 3269 4258 Ecclesiam
3313 4201 3620 4257 introduxit

2023 4298 2296 4355 dicentem
2332 4315 2347 4353 :
2387 4296 2541 4353 Oculi
2580 4297 2659 4350 tui
2703 4305 2960 4366 tanquam
2992 4304 3183 4366 stagna
3222 4295 3278 4348 in
3309 4294 3515 4349 Eseban
3563 4294 3620 4346 in
3666 4356 3672 4362 ι

2023 4391 2190 4462 portis
2214 4388 2344 4459 ﬁliae
2367 4388 2661 4443 multorum
2684 4387 2767 4454 In;
2800 4385 2966 4441 ﬁliam
2997 4386 3295 4441 multorum
3317 4385 3618 4440 Ecclesiam

2025 4483 2338 4555 intelligens
2382 4498 2398 4537 :
2449 4481 2720 4551 siquidem
2771 4495 2882 4534 non
2930 4478 3170 4534 solorum
3224 4476 3618 4547 apostolorum,

333 4572 671 4638 ἀποστόλων,
715 4570 850 4627 ἀλλὰ
887 4573 981 4626 καὶ
1030 4572 1332 4644 προφητῶν
1363 4572 1615 4645 θυγάτηρ
1675 4574 1916 4643 ἐγένετο.

2031 4577 2124 4633 sed
2168 4554 2334 4631 etiam
2387 4575 2782 4646 prophetarum
2830 4571 2938 4625 ﬁlia
2993 4569 3222 4625 exstitit.
3262 4567 3461 4623 Verum
3509 4583 3618 4621 non

336 4666 451 4721 Οὐκ
488 4663 558 4738 ἦν
597 4667 655 4721 δὲ
689 4667 750 4722 ἒν
793 4668 933 4739 αὐτῇ
989 4669 1260 4741 πρότερον
1298 4670 1475 4739 Λόγος
1521 4669 1682 4737 Θεοῦ,
1730 4669 1827 4725 νῦν
1863 4671 1921 4726 δὲ

335 4759 586 4814 τοσοῦτον
631 4760 886 4815 πλουτεῖ·
918 4759 1060 4816 ὥστε
1093 4763 1169 4826 είς
1194 4763 1374 4817 πᾶσαν
1399 4762 1571 4833 αὐτῆς
1606 4762 1708 4833 τὴν
1740 4762 1924 4816 οίκου-

302 4832 319 4866 ⁷
342 4852 511 4925 μένην
530 4851 830 4908 διαϐαίνειν
853 4851 922 4906 τὰ
944 4852 1207 4925 δόγματω
1239 4857 1299 4910 ἐν
1330 4848 1413 4918 οἷς
1444 4832 1780 4925 φυτευθῆναι
1817 4871 1923 4925 μα-

340 4946 550 5018 κάριον.
585 4944 754 4999 Ξύλον
774 4945 882 5017 γάρ
909 4963 963 5001 τι
998 4946 1316 5018 εὑρίσκεται
1349 4947 1409 5001 ἐν
1451 4947 1631 5018 καιρῷ
1663 4946 1755 5001 τὸν
1789 4964 1925 5019 καρ-

341 5037 442 5092 πὸν
477 5037 688 5104 ποιοῦν,
714 5038 808 5092 καὶ
832 5040 1045 5110 μήποτε
1080 5039 1144 5092 τὸ
1167 5039 1365 5108 φύλλον
1393 5038 1728 5103 ἀποϐάλλον,
1756 5039 1833 5104 ὡς
1862 5041 1921 5093 ὲν

339 5129 449 5191 τοῖς
470 5129 777 5200 προοιμίοις
797 5128 909 5184 τῶν
934 5128 1186 5201 Ψαλμῶν
1215 5129 1658 5202 ἀναγέγραπται.

421 5237 441 5272 ι
473 5220 585 5274 Καὶ
611 5221 1019 5293 συνεστήσαντο
1049 5220 1236 5286 πόλεις
1270 5221 1650 5286 κατοικεσίας.
1684 5242 1704 5273 ι

413 5395 489 5450 Οὐ
523 5395 701 5462 πόλιν,
735 5397 872 5451 ἀλλά
906 5398 1116 5464 πόλεις.
1160 5399 1466 5469 Διαφόρους
1504 5398 1614 5470 γὰρ
1642 5399 1922 5464 πολιτείας

341 5487 371 5541 ὖ
391 5485 455 5554 ἐξ
486 5485 658 5541 ὲθνῶν
681 5485 811 5551 λαὸς
836 5486 971 5558 ἔχει,
1012 5490 1072 5544 ὲν
1103 5487 1194 5555 αἶς
1221 5489 1500 5545 κατοικίαι
1542 5490 1655 5545 τῶν
1686 5490 1921 5577 ἀρετῶν,

344 5579 554 5644 αἵτινες
598 5578 692 5634 τὸν
740 5578 944 5637 ἔσωθεν
986 5581 1144 5653 ἡμῶν
1175 5582 1467 5655 ἄνθρωπον
1514 5582 1801 5651 σκέπουσι,
1829 5582 1927 5636 κέ·-

342 5689 567 5745 κτηται.

414 5852 506 5922 τοι
541 5852 684 5910 Ἰὶω,
708 5870 762 5920 γ,
795 5851 882 5908 Π.
958 5852 1003 5886 ³⁰
1034 5852 1135 5909 lsa.
1165 5869 1274 5923 xm,
1300 5853 1383 5910 l8.
1456 5853 1499 5886 ⁸³
1526 5852 1682 5909 Cant.
1718 5868 1815 5916 vn.
1848 5854 1907 5923 xl.

2029 4677 2148 4726 erat
2175 4670 2231 4725 in
2259 4684 2322 4724 ea
2348 4667 2504 4738 prius
2533 4665 2772 4721 Verbum
2803 4662 2920 4729 Dei,
2955 4663 3050 4718 sed
3089 4676 3237 4716 nunc
3278 4660 3410 4715 illud
3445 4659 3620 4730 possi-

2030 4763 2159 4828 det;
2196 4761 2268 4816 ita
2305 4769 2365 4815 ut
2395 4773 2615 4815 omnem
2661 4767 2928 4812 terrarum
2975 4755 3164 4811 orbem
3213 4752 3332 4822 ejus
3368 4752 3619 4822 dogmata

2030 4861 2356 4924 penetrem;
2406 4850 2460 4904 in
2502 4849 2703 4919 quibus
2748 4847 3059 4903 institutum
3095 4858 3216 4900 esse
3254 4844 3476 4899 beatum
3513 4850 3619 4895 est.

2031 4923 2183 5014 Talis,
2214 4943 2363 4999 enim
2400 4942 2673 5013 reperitur
2710 4939 2916 5011 lignum
2950 4923 3097 5008 quod
3127 4936 3183 4990 in
3217 4942 3463 5005 tempore
3505 4932 3622 4986 fru-

2029 5046 2178 5094 ctum
2225 5036 2375 5101 facit,
2411 5043 2468 5090 et
2499 5033 2587 5089 cui
2623 5047 2904 5103 nunquam
2952 5030 3144 5086 folium
3190 5027 3417 5094 decidit,
3461 5034 3523 5079 ut
3564 5025 3622 5078 in

2030 5128 2314 5203 principiis
2344 5127 2685 5183 Psalmorum
2718 5124 2985 5194 scriptum
3017 5130 3122 5179 est.

2100 5222 2266 5278 Vens.
2316 5220 2405 5277 36.
2457 5239 2479 5274 ι
2527 5221 2596 5276 Et
2647 5218 3056 5275 constituerunt
3100 5214 3352 5270 civitates
3403 5209 3619 5267 habita-

2031 5313 2218 5369 tionis.
2258 5330 2277 5364 ι

2098 5401 2219 5458 Non
2251 5401 2552 5466 civitatem,
2588 5401 2684 5457 sed
2719 5400 2989 5456 civitates.
3019 5397 3273 5452 Diversas
3310 5393 3457 5447 enim
3500 5406 3616 5446 res-,-

2030 5494 2277 5566 publicas
2304 5493 2470 5549 habet
2490 5493 2726 5563 populus
2746 5506 2811 5546 ex
2838 5490 3111 5562 gentibus,
3136 5487 3193 5541 in
3214 5484 3412 5555 quibus
3438 5482 3616 5553 possi-

2035 5587 2129 5642 det
2157 5586 2420 5641 virtutum
2455 5583 2841 5650 habitationes,
2872 5597 2991 5654 quae
3023 5577 3337 5636 interiorem
3368 5582 3618 5631 nostrum
3679 5583 3689 5592 ·

2036 5679 2314 5736 hominem
2348 5684 2657 5751 protegunt.
