4032 6222
465 353 607 421 1307
1664 350 2029 412 HESYCHII
2066 350 2543 412 PRESBYTER!

531 476 694 531 Vsus.
729 470 819 526 57.
857 488 876 523 ι
910 469 978 525 Ει
1004 467 1416 525 seminaverunt
1449 483 1630 539 agros.
1672 486 1692 521 ι

532 567 676 636 Ager
694 561 963 632 siquidem
987 569 1073 617 est
1092 560 1437 632 philoSOphia
1460 559 1552 614 illa
1575 573 1696 629 qum
1722 557 1789 614 ad
1818 574 2050 629 regnum

462 657 730 713 etelorum
772 654 1015 710 adducit.
1068 652 1161 708 Sic
1204 653 1352 708 enim
1395 653 1472 706 ait
1515 651 1780 707 Dominus
1820 651 2050 707 :Simile

3606 346 3752 415 1308

2077 470 2125 528 A
2227 489 2248 523 ι
2281 469 2392 523 Καὶ
2426 468 2693 541 ἐσπειραν
2715 468 2939 538 ἀγρούς.
2977 484 2998 517 ι

2231 558 2428 629 Ἀγρὸς
2465 560 2563 630 μὲν
2585 554 2679 614 οὖν
2696 561 2846 613 ἐστιν
2871 559 2904 628 ἡ
2925 554 3218 627 φιλοσοφία
3237 556 3271 627 ἡ
3299 553 3441 627 πρὸς
3466 554 3567 627 τὴν
3586 556 3750 627 βασι·

2151 651 2298 707 λείαν
2343 652 2454 707 τῶν
2497 652 2742 723 οὐρανῶν
2788 650 3003 719 ἀπάγου
3018 666 3109 703 σα.
3155 649 3300 719 Φησὶ
3340 647 3452 719 γὰρ
3492 648 3677 712 οὕτως
3716 651 3746 704 ό

465 760 538 802 est
583 763 800 818 regnum
843 744 1093 800 caelorum
1146 743 1393 797 thesauro
1438 743 1745 798 abscondito
1779 742 1838 797 in
1872 757 2047 813 agro:

466 856 618 910 quem
649 839 739 909 qui
764 838 960 893 invenit
987 836 1141 890 homo
1167 835 1460 897 abscondit,
1493 844 1540 888 cl
1563 851 1672 905 pra'
1694 836 1891 907 gaudio
1906 834 2050 889 illius

465 930 611 983 vadit
643 938 691 982 et
716 928 887 981 vendit
912 927 1159 981 universa
1189 938 1306 995 qua:
1333 923 1508 987 habet,
1532 934 1579 978 et
1609 925 1734 978 emit
1766 940 1957 994 agrum
1986 922 2052 976 it-

467 1020 577 1073 lum
606 1020 672 1072 ⁸¹.
710 1019 856 1073 Idem
890 1033 989 1088 per
1033 1015 1347 1087 parabolam
1390 1016 1767 1086 operariorum
1800 1015 2051 1071 mercede

436 1111 862 1166 \conductorum
889 1109 1129 1164 ostendit
1152 1123 1274 1163 esse
1299 1108 1516 1164 vineam
1540 1106 1621 1173 ⁸³;
1652 1107 1891 1163 fructum
1919 1123 2051 1165 vero

467 1202 763 1273 geniminis
807 1210 918 1255 tam
966 1198 1306 1255 tricesimum
1350 1216 1513 1270 quam
1556 1200 1951 1271 sexagesimum
1996 1210 2053 1254 et

468 1291 831 1347 centesimum
865 1290 911 1321 δ’·
949 1305 1045 1345 eos
1092 1290 1297 1345 referre
1342 1292 1549 1347 clarum
1593 1303 1676 1347 est
1718 1292 1811 1362 qui
1845 1293 2050 1348 Christi

468 1383 870 1455 philosophiam
930 1382 1223 1451 excolunt,
1276 1393 1331 1439 et
1384 1385 1617 1440 virtutes
1674 1386 1731 1439 in
1779 1401 1844 1440 ea
1893 1385 2053 1456 plan-

473 1483 608 1530 tam.
1034 1489 1037 1492 ’

540 1659 703 1714 Vsus.
751 1660 839 1715 58.
891 1678 910 1711 ι
952 1659 1019 1714 ΕΙ.
1072 1659 1353 1715 benedixit
1409 1674 1542 1726 eos,
1596 1668 1654 1714 et
1710 1659 2052 1730 multiplicati

471 1761 619 1806 sunt.
667 1770 683 1802 ι

541 1842 762 1897 Scilicet
789 1858 855 1897 ex
882 1842 1173 1905 duodecim
1199 1843 1284 1897 vel
1314 1842 1457 1899 forte
1486 1841 1832 1913 septuaginta
1864 1842 1920 1897 in
1950 1842 2053 1898 tria
2083 1813 2129 1873 Β

472 1935 664 2002 millia,
694 1936 893 1991 deinde
917 1939 1182 2007 quinque,
1207 1936 1405 1993 deinde
1430 1936 1486 1990 in
1516 1944 1596 1992 tot
1622 1943 1856 1991 centena
1885 1937 2055 1993 millia

471 2035 606 2098 quot
663 2029 913 2085 videmus
969 2030 1354 2101 profecerunt;
1403 2046 1526 2100 quae
1572 2029 1651 2084 uti
1699 2045 1800 2100 par
1842 2040 1926 2085 est
1964 2031 2057 2101 ju-

471 2102 659 2175 menta
699 2121 1072 2191 apostolorum
1114 2120 1427 2191 appellavit,
1462 2127 1652 2191 utpote
1692 2120 1761 2175 ab
1798 2120 1934 2191 ipsis
1970 2121 2054 2177 in-

472 2209 681 2265 stituta.

540 2303 703 2359 Vsus.
744 2303 832 2358 40.
877 2323 896 2356 ι
945 2304 1131 2359 Effusa
1181 2314 1265 2361 est
1308 2304 1650 2376 contemptio
1693 2320 1860 2375 super
1899 2306 2054 2376 prin-

471 2396 624 2467 cipes
652 2412 864 2452 eorum.
895 2417 914 2449 ι

542 2491 646 2559 Qui
680 2508 877 2564 nempe
907 2500 1177 2566 martyres
1214 2493 1282 2550 ad
1324 2494 1660 2566 impietatem
1699 2494 2053 2567 instigabant.

471 2584 585 2638 lllis
620 2578 765 2639 enim
806 2583 1140 2641 instantibus
1184 2586 1512 2667 zelo‘ﬁdci,
1560 2586 1871 2658 principum
1919 2602 2053 2644 con—

2151 744 2391 815 Κύριος·
2441 746 2651 815 Ὁμοία
2682 744 2858 798 ἐστίν
2900 743 2940 811 ἡ
2987 741 3281 808 ,βασιλεία
3310 740 3430 794 τῶν
3465 739 3748 810 οὐρανῶν

2152 834 2435 905 θησαυρῷ
2453 837 2526 892 ἐν
2551 834 2714 907 ἀγρῷ
2743 833 3162 904 κεκρυμμένῳ·
3198 832 3274 887 δν
3300 832 3496 901 εὑρὼν
3524 832 3747 901 ἀνθρω-

2151 938 2267 993 πος
2302 927 2551 996 ἔκρυψε,
2580 927 2680 981 καί
2722 925 2844 982 ἀπὸ
2893 923 3004 994 τῆς
3046 921 3240 995 χαρᾶς
3293 922 3483 978 αὑτοῦ
3518 921 3747 993 ὑπάγει

2151 1018 2264 1073 καί
2294 1017 2485 1073 πωλεῖ
2526 1016 2728 1073 πάντα
2784 1016 2903 1072 ὅσα
2952 1015 3080 1086 ἔχει
3100 1055 3117 1083 ,
3165 1013 3268 1070 καί
3313 1011 3589 1084 ἀγοράζει
3637 1013 3745 1068 τὸν

2152 1111 2339 1183 άῃοόν
2381 1111 2637 1169 ἐκεῖνον.
2669 1111 2994 1184 Τὴνιαὺτὴν
3033 1110 3130 1163 καὶ
3175 1105 3477 1180 ἀμπελῶνα
3518 1105 3615 1160 διὰ
3636 1107 3736 1177 τῆς

2153 1205 2471 1276 παραϐολῆς
2502 1205 2613 1260 τῶν
2647 1205 2896 1277 ἐργατῶν
2935 1203 3046 1259 τῶν
3098 1201 3486 1275 μισθωθέντων
3527 1197 3737 1264 ἔδειξε.

2152 1298 2365 1368 καρπὸν
2387 1298 2444 1350 δὲ
2466 1299 2804 1369 γεννήματος
2834 1295 2925 1351 τὸν
2943 1299 3003 1350 ἐν
3035 1294 3333 1368 τριάκοντα
3364 1293 3460 1348 καὶ
3486 1294 3551 1347 ὲν
3584 1292 3715 1363 ἐξή-

2154 1410 2320 1447 κοντα
2371 1394 2465 1446 καὶ
2498 1392 2694 1446 ἑκατὸν
2719 1389 2941 1461 εὔδηλον
2970 1388 3047 1454 ὡς
3079 1384 3421 1459 γεωργοῦσιν
3449 1386 3501 1438 οἱ
3534 1384 3642 1456 τὴν
3670 1385 3726 1439 ἐν

2152 1483 2373 1555 Χριστῷ
2404 1481 2726 1552 φιλοσοφίαν
2751 1481 3167 1551 μελετήσαντες,
3191 1475 3286 1530 καὶ
3313 1474 3521 1548 ἀρετὰς
3552 1475 3614 1527 ἐν
3641 1473 3734 1527 αὖ·

2152 1577 2219 1645 τῇ
2252 1591 2468 1643 καταφυ
2476 1572 2562 1626 1:5'."
2571 1589 2785 1636 σαντες.

2229 1684 2249 1718 ι
2291 1665 2403 1718 Καὶ
2435 1664 2729 1736 εὐλόγησεν
2763 1663 2986 1729 αὐτοὺς,
3026 1661 3122 1716 καὶ
3149 1658 3605 1734 ἐπληθύνθησαν.
3645 1677 3665 1711 ι

2239 1847 2372 1900 Ἀπὸ
2400 1844 2510 1915 γὰρ
2538 1841 2746 1897 δώδεκα
2779 1841 2813 1911 ἢ
2852 1840 3013 1912 τυχὸν
3044 1838 3419 1910 ἐϐδομήκοντα
3454 1837 3542 1902 εἰς
3567 1837 3736 1907 χιλιά-

2155 1938 2252 2002 δας
2298 1939 2450 2008 τρεῖς
2474 1976 2487 2002 ,
2527 1932 2647 1989 εἶτα
2698 1934 2885 1999 πέντε,
2926 1930 3048 1986 εἶτα
3089 1930 3288 2003 μυρίας
3347 1931 3479 1994 ὅσας
3520 1929 3732 2001 δρῶμεν

2160 2028 2505 2101 προέκοψαν·
2535 2026 2793 2089 οὕστινας
2830 2025 3004 2096 κτήνη
3049 2022 3160 2078 τῶν
3227 2023 3553 2083 ἀποστόλων
3597 2020 3733 2075 sind-

2155 2139 2285 2189 τως,
2313 2121 2388 2185 ὡς
2416 2119 2508 2175 ὑπ’
2530 2119 2711 2173 αὐτῶν
2739 2115 3206 2190 μαθητευθέντας,
3239 2115 3525 2170 ἐκάλεσεν.

2234 2320 2253 2353 ι
2305 2299 2564 2372 Ἐξεχύθη
2587 2298 2937 2367 ἐξουδένωσις
2973 2296 3061 2350 ἐπ’
3082 2296 3351 2368 ἄρχοντας
3382 2291 3589 2349 αὐτῶν.
3627 2310 3648 2353 ι

2228 2482 2366 2544 Τοὺς
2425 2477 2644 2534 ἀσεϐεῖν
2704 2475 3191 2548 προτρεπομένους
3245 2472 3375 2536 τοὺς
3427 2470 3729 2543 μάρτυρας.

2168 2571 2569 2642 Ἐνισταμένων
2607 2568 2718 2639 γὰρ
2779 2565 2960 2622 αὐτῶν
2994 2564 3073 2635 τῷ
3104 2564 3254 2636 ζήλῳ
3281 2564 3382 2633 τῆς
3404 2561 3728 2629 ζπξστεωςιή

476 2673 723 2743 temptio,
760 2673 815 2729 id
859 2682 945 2729 est
977 2674 1256 2744 despectio
1299 2660 1365 2731 ac
1400 2653 1600 2742 vilitas,
1639 2653 1816 2734 causa
1861 2687 1965 2746 est,
2000 2687 2056 2733 et

2163 2665 2266 2720 τῶν
2292 2664 2574 2737 ἀρχόντων
2591 2659 2961 2728 ἐξουδένωσις,
2974 2658 3252 2712 τουτέστιν
3279 2655 3628 2747 ὁφαυλισμὺς
3649 2653 3734 2706 καὶ

474 2742 787 2821 exundavit.
841 2742 1141 2836 lmpioruﬁm
1191 2766 1506 2839 principum
1554 2771 1897 2841 propositum
1942 2742 2052 2826 non

2163 2757 2396 2830 ήεὺτέλε
2407 2773 2484 2821 ια,
2521 2746 2781 2825 ἐξεχεῖτο,
2804 2752 2900 2806 καὶ
2926 2747 3278 2814 ὲπλεόναζεν.
3311 2748 3426 2802 Οὐκ
3462 2742 3535 2817 ῆν
3558 2745 3728 2841 ὀδδςλή

474 2866 596 2911 erat
611 2856 696 2910 via
716 2873 732 2913 :
761 2871 943 2927 neque
964 2857 1110 2913 enim
1136 2873 1236 2930 per
1254 2838 1535 2916 Christum
1555 2838 1938 2929 ambulabant,
1962 2863 2057 2933 qui

2163 2854 2268 2910 τῶν
2307 2850 2526 2907 ἀσεϐῶν
2559 2849 2841 2922 ἀρχόντων
2878 2845 3171 2919 πρόθεσις·
3214 2843 3335 2898 οὐδὲ
3362 2841 3473 2914 γάρ
3507 2838 3734 2913 Χριστὸν

475 2957 595 3005 erat
642 2963 834 3005 revera
882 2950 1001 3018 via,
1046 2956 1104 3007 et
1148 2951 1383 3020 veritas,
1435 2961 1493 3008 et
1537 2952 1669 3009 vita.
1714 2953 2059 3024 Quapropter

2163 2950 2257 3020 τὴν
2285 2940 2463 3009 δντωξ
2499 2944 2642 3013 ὁδὸν,
2681 2942 2779 2998 καὶ
2828 2940 2998 3012 ζωὴν,
3046 2940 3143 2994 καὶ¹
3184 2936 3478 3007 ἀλήθειαν,
3520 2933 3728 2988 ὥδευον.

476 3058 678 3113 scopas
716 3059 910 3099 eorum
940 3053 1061 3101 erat
1093 3045 1277 3102 invius
1316 3063 1332 3099 :
1365 3045 1635 3116 siquidem
1664 3047 1838 3117 spinis
1862 3047 2061 3120 impie-

2163 3041 2366 3113 Διόπερ
2399 3038 2603 3103 ἄϐατος
2627 3038 2810 3092 αὐτῶν
2850 3034 2880 3089 δ
2924 3032 3130 3096 σκοπὸς
3172 3030 3460 3102 ὑπῆρχεν·
3490 3025 3733 3120 ἀκανθῶν

477 3134 606 3189 tatis
651 3150 716 3190 ac
755 3135 971 3191 tribulis
1022 3137 1352 3208 opplebatur
1393 3155 1407 3193 :
1450 3138 1508 3193 in
1560 3154 1670 3209 quo
1717 3139 1863 3195 Deus
1911 3117 2058 3211 ipsos

2163 3134 2272 3204 γὰρ
2290 3133 2402 3186 τῶν
2440 3131 2500 3198 ἐξ
2544 3128 2804 3192 ἀσεϐείας
2836 3127 2933 3181 καὶ
2968 3124 3234 3198 τριϐόλων
3280 3120 3646 3231 πεπλήρωτο·
3681 3117 3733 3168 ἐν

442 3276 445 3277 ν
478 3227 714 3297 decepit.
757 3227 1142 3286 Existimantes
1189 3231 1336 3286 enim
1378 3244 1438 3287 se
1474 3247 1574 3302 per
1610 3241 1908 3304 martyrum
1948 3247 2056 3290 ea:—

2164 3221 2247 3301 ᾖὸ
2268 3226 2400 3289 Θεὸς
2429 3224 2629 3287 αὐτοὺς
2663 3221 2994 3291 ἐπλάνησεν.
3035 3217 3290 3288 Οίόμενοι
3331 3213 3443 3285 γὰρ
3477 3212 3731 3304 πλατυνο-

476 3319 603 3373 dem
635 3320 747 3389 jam
794 3320 1075 3376 dilatatam
1118 3337 1182 3378 ac
1220 3333 1535 3379 currentem
1575 3303 2057 3393 iidemiineisuros,

2165 3321 2331 3391 μένην
2362 3318 2461 3389 τὴν
2484 3317 2683 3370 πίστιν
2730 3313 2826 3368 καὶ
2854 3313 3155 3383 τρέχουσαν
3180 3307 3509 3363 ἀνακόπτειν
3537 3304 3625 3358 διὰ
3645 3303 3733 3370 τῆς

478 3412 836 3480 aberrarunt;
866 3415 1310 3484 quandoquidem
1336 3416 1440 3487 ipsi
1460 3418 1528 3472 ad
1551 3417 1775 3489 gloriam
1800 3428 1854 3474 et
1879 3420 2060 3476 incre-

480 3508 729 3556 mentum
756 3502 1003 3573 mysterii
1031 3504 1183 3560 zelus
1212 3515 1509 3577 martyrum
1539 3507 1831 3564 exstiterit.

549 3677 714 3733 Vsus.
739 3678 831 3734 ιι.
861 3698 880 3732 ι
913 3679 981 3734 Ει
1003 3680 1213 3752 adjuvit
1239 3697 1535 3753 pauperem
1563 3684 1633 3739 de
1655 3685 1858 3756 inopia.
1897 3707 1914 3740 ι

554 3767 878 3839 Pauperem,
922 3770 976 3824 id
1025 3781 1132 3839 est,
1178 3773 1441 3843 populum
1486 3773 1579 3844 qui
1627 3777 2063 3845 persecutionem

484 3862 813 3930 patiebatur.
858 3861 1076 3933 Pauper
1115 3864 1264 3918 enim
1304 3874 1422 3919 erat
1455 3866 1549 3935 qui
1590 3867 1801 3921 nullum
1833 3869 2067 3925 habebat

488 3954 541 4006 in
587 3953 904 4009 hominibus
951 3955 1265 4024 praesidium
1303 3975 1318 4013 :
1358 3958 1546 4011 verum
1590 3973 1659 4013 ex
1694 3959 1797 4015 hac
1829 3976 2067 4032 pauper-

486 4056 598 4101 tate
625 4047 728 4117 ipsi
749 4062 911 4118 opem
935 4048 1078 4103 tulit.
1104 4049 1239 4103 Cum
1265 4050 1553 4106 hominum
1576 4051 1818 4108 favorem
1841 4055 2068 4112 minime

489 4139 748 4205 haberet,
790 4140 888 4195 sed
930 4155 1151 4207 omnes,
1198 4150 1309 4196 tam
1358 4143 1545 4212 populi
1592 4161 1757 4214 quam
1810 4164 1967 4220 reges
2013 4161 2068 4206 et

488 4227 788 4297 principes,
820 4228 998 4298 ipsum
1036 4241 1439 4301 oppugnarent,
1470 4231 1614 4290 Deus
1654 4244 1775 4292 erat
1812 4238 1866 4294 ei
1914 4239 2070 4312 adju-

493 4336 578 4379 tor
605 4342 619 4379 :
645 4325 702 4379 in
743 4340 851 4395 quo
873 4324 1039 4380 etiam
1072 4340 1267 4381 omnes
1305 4324 1557 4384 inimicos
1593 4331 1892 4401 superavit.

567 4434 587 4470 ι
623 4415 690 4471 Et
712 4417 897 4486 posuit
925 4416 1069 4472 sicut
1090 4432 1223 4472 oves
1249 4416 1505 4475 familias.
1538 4439 1558 4474 ι

2159 3411 2269 3464 τῶν
2298 3408 2599 3482 μαρτύρων
2627 3405 2987 3478 ἀναιρέσεως,
3011 3400 3326 3456 ἐπλανῶντο
3348 3415 3364 3431 '
3399 3397 3592 3467 ἐπειδὴ
3612 3394 3732 3467 πρὸς

2162 3502 2318 3573 δόξης
2344 3502 2480 3573 αὐτῇ
2515 3499 2610 3554 καί⁵
2632 3496 2919 3569 προκοπῆς
2944 3494 3040 3549 τοῦ
3079 3492 3383 3566 μυστηρίου
3412 3491 3441 3543 ό
3458 3490 3619 3560 ζῆλος
3638 3484 3731 3540 τῶν

2167 3596 2463 3668 μαρτύρων
2493 3593 2732 3662 ἐγένετο.

2241 3704 2260 3737 ι
2290 3686 2402 3740 Kal.
2433 3683 2735 3755 ἐϐοήθησεν
2768 3681 2968 3751 πένητι
2990 3682 3056 3734 ἐκ
3094 3676 3395 3749 πτωχείας.
3437 3694 3456 3730 ι

2236 3777 2459 3848 Πένητι,
2496 3776 2765 3838 τουτέστι,
2805 3771 2885 3843 τῷ
2920 3770 3238 3842 διωκομένῳ
3271 3766 3406 3840 λαῷ.
3431 3767 3610 3837 Πένης
3640 3762 3735 3832 γὰρ

2165 3867 2234 3942 ἦν
2254 3868 2512 3940 οὐδεμίαν
2541 3867 2682 3938 ἔχων
2707 3867 2766 3921 ἐν
2796 3863 3106 3936 ἀνθρώποις
3132 3860 3456 3933 ἐπικουρίας
3478 3858 3730 3928 ὓπαρξιν·

2166 3962 2282 4018 ἀλλ’
2302 3964 2368 4015 ἐκ
2384 3959 2588 4029 ταύτης
2602 3956 2748 4029 αὐτῷ
2766 3960 2865 4029 τῆς
2890 3955 3164 4026 πτωχείας
3189 3951 3514 4023 ἐϐοήθησεν.
3531 3944 3734 4013 Ἐπειδῆ

2167 4055 2278 4128 γὰρ
2322 4052 2627 4124 ἀνθρώπων
2670 4051 2772 4105 οὐκ
2819 4045 2935 4120 εἶχε
2986 4048 3179 4121 ῥοπήν,
3231 4046 3434 4108 πάντες
3481 4043 3540 4096 δὲ
3593 4039 3735 4096 αὐτὸν

2169 4146 2490 4219 ἐπολέμουν,
2519 4143 2681 4216 δῆμοι
2711 4142 2808 4196 καὶ
2848 4140 3091 4212 βασιλεῖς
3140 4137 3235 4193 καὶ⁵
3252 4137 3535 4209 ἄρχοντες,
3565 4136 3594 4187 δ
3620 4129 3736 4191 Θεὸς

2169 4237 2237 4314 ἦν
2287 4238 2482 4313 βοηθός
2500 4254 2514 4269 ·
2555 4237 2641 4307 ἐφ’
2682 4228 2729 4303 ᾧ
2771 4234 2869 4288 καὶ
2918 4233 3129 4298 πάντας
3180 4231 3308 4295 τοὺς
3367 4228 3638 4299 πολέμους
3663 4239 3738 4279 νε·

2171 4335 2414 4405 νίκηκεν,
3274 4401 3283 4409 _

2249 4446 2269 4480 ι
2312 4425 2420 4480 Καὶ
2442 4423 2595 4478 ἔθετο
2626 4421 2702 4487 ὡς
2728 4420 2981 4494 πρόϐατα
3009 4417 3264 4490 πατριᾶς.
3302 4433 3322 4468 ι

559 4508 1025 4581 Cong-regationes
1080 4518 1381 4579 martyrum
1439 4510 1762 4581 appellavit;
1819 4515 2061 4584 quando-

2247 4516 2329 4572 'ra
2359 4516 2682 4587 συστήματα
2723 4512 2831 4567 τῶν
2874 4509 3171 4582 μαρτύρων
3210 4508 3471 4563 ἐκάλεσεν
3497 4523 3511 4540 ·
3544 4502 3738 4571 ἐπειδήο

492 4599 715 4667 quidem
746 4616 813 4655 ex
848 4599 1020 4655 variis
1059 4598 1402 4655 facinoribus
1432 4604 1712 4673 generosis
1744 4605 1828 4660 vel
1862 4608 2061 4665 meritis

2174 4627 2282 4682 περ
2302 4610 2367 4662 ἐκ
2386 4606 2660 4678 διαφόρων
2694 4603 3147 4674 ἐπιτηδευμάτων
3171 4600 3206 4672 ἦ
3236 4599 3565 4672 ἀξιωμάτων
3593 4594 3739 4664 ἐτύγ-

492 4691 828 4747 cxstiterint.
879 4692 992 4749 llos
1052 4702 1315 4765 tanquam
1374 4710 1508 4750 oves
1567 4696 1784 4766 posuit,
1837 4707 2061 4755 mortem

2174 4721 2358 4777 χανον,
2394 4700 2629 4764 Τούτους
2657 4697 2734 4762 ὡς
2776 4692 3030 4769 πρόϐατα
3060 4692 3241 4759 ἔθετο,
3274 4691 3367 4747 τὸν
3394 4691 3624 4746 θάνατον
3650 4684 3739 4741 ab.

496 4782 744 4855 ipsorum
778 4799 877 4853 pro
909 4785 1181 4842 sacriﬁcio
1209 4786 1539 4857 suscipiens.

569 4870 732 4928 Vens.
768 4872 858 4928 45.
897 4893 916 4927 ι
952 4873 1087 4941 Quis
1103 4875 1338 4945 "sapiens
1366 4883 1422 4930 et
1445 4876 1717 4934 custodiet
1739 4879 1890 4936 haec?
1923 4899 1943 4933 ι

566 4966 695 5023 Uno
731 4967 983 5038 sapiente
1024 4968 1129 5024 ista
1173 4969 1522 5027 custodiente
1556 4973 1727 5027 multa
1765 4989 1866 5043 per
1895 4975 2075 5046 ipsum

2176 4802 2286 4857 τῶν
2314 4799 2435 4853 ἀντὶ
2463 4796 2660 4860 θυσίας
2688 4792 3003 4863 δεξάμενος.

2144 4946 2148 4951 ,
2254 4911 2275 4946 ι
2300 4893 2397 4956 Τίς
2426 4889 2609 4960 σοφὸς,
2643 4888 2739 4942 καὶ
2762 4883 2990 4954 φυλάξει
3017 4880 3192 4937 ταῦτα
3224 4898 3239 4949 ;
3274 4899 3295 4935 ι

2267 4984 2417 5047 Ἐνὸς
2454 4979 2616 5050 σοφοῦ
2635 4976 2806 5033 ταῦτα
2840 4974 3203 5046 φυλάττοντος
3242 4971 3413 5042 πολλὴ
3446 4968 3658 5031 σύνεσις
3682 4962 3743 5019 δι’

493 5061 729 5117 scientia
766 5061 1120 5131 cognitioque
1153 5060 1392 5116 exsistit.
1432 5060 1515 5117 Tu
1558 5064 1725 5135 igitur
1765 5081 1892 5123 cum
1936 5069 2061 5125 sciat

2184 5072 2349 5130 αὖτοῦ
2381 5071 2478 5126 καὶ
2519 5070 2814 5139 ἐπίγνωσις
2841 5066 3079 5135 γίνεται.
3114 5064 3188 5118 Σὺ
3224 5063 3407 5116 τοίνυν
3454 5059 3641 5132 μαθὼν
3670 5056 3741 5109 ὅτι

496 5152 680 5223 ipsum
716 5153 858 5226 legis
897 5152 1182 5208 custodem
1214 5153 1518 5223 appellasse
1547 5157 1874 5227 sapientem,
1910 5162 1956 5217 si
1989 5176 2078 5218 sa-

2187 5166 2348 5235 σοφὸν
2367 5163 2457 5217 τὸν
2492 5162 2713 5231 φύλακα
2762 5157 2857 5212 τοῦ
2886 5157 3053 5229 νόμου
3101 5154 3563 5227 προσηγόρευσεν,
3603 5151 3651 5203 εί
3675 5162 3742 5200 σο-

495 5242 766 5318 pientiam
814 5243 1132 5306 desideres,
1185 5242 1360 5312 legem
1410 5258 1641 5314 operare
1679 5260 1694 5300 :
1731 5249 1877 5305 actio
1926 5251 2061 5307 enin

2187 5257 2315 5328 φίας
2352 5252 2663 5324 ἐπιθυμεῖς,
2702 5247 2937 5321 ἐργάζου
2988 5247 3079 5302 τὸν
3125 5246 3320 5318 νόμον·
3372 5242 3620 5315 προκοπὴ
3648 5238 3741 5328 γὰρ

498 5331 749 5404 proﬁcua
786 5342 876 5388 est
919 5331 1369 5402 intelligentibus.
1419 5332 1577 5390 Haud
1622 5352 1854 5407 parvum
1896 5349 2061 5396 auten

2183 5326 2297 5412 τοῖς
2344 5345 2586 5408 συνετοῐς
2625 5343 2660 5414 ή
2708 5338 2928 5411 πρᾶξις.
2977 5337 3052 5391 Τὸ
3101 5336 3289 5409 κέρδος
3329 5336 3389 5390 δὲ
3431 5335 3495 5388 οὐ
3543 5326 3740 5402 μικρὸν,

500 5424 637 5480 hinc
668 5435 889 5479 emanat
924 5423 1378 5490 emolumentum,
1415 5426 1858 5499 quandoquidem
1904 5439 1959 5486 te
2000 5432 2082 5488 le-

504 5531 630 5588 gem
666 5515 1013 5571 custodiente
1056 5514 1246 5586 reliqui
1297 5516 1704 5577 misericordias
1737 5520 1951 5578 Domini
1994 5525 2081 5579 in-

505 5607 782 5670 tellecturi
818 5607 947 5664 sint.

2187 5437 2374 5509 ἐπειδὴ
2430 5435 2524 5489 σοῦ
2554 5434 2645 5489 τὸν
2682 5432 2845 5504 νόμον
2882 5429 3244 5503 φυλάττοντος
3303 5428 3475 5501 ἕτεροι
3522 5424 3589 5479 τά
3629 5417 3741 5488 ἐλιη

2190 5529 2289 5583 τοῦ
2319 5526 2457 5582 Θεοῦ
2487 5526 2830 5598 συνήσουσιν.

580 5814 628 5849 ἰ
658 5809 849 5870 Matth.
890 5832 1008 5887 mi,
1034 5813 1122 5874 Μ.
1202 5815 1247 5851 ⁸³
1275 5815 1472 5875 Matth.
1503 5833 1596 5886 xx,
1634 5816 1688 5873 l.
1764 5814 1814 5848 “
1838 5813 2032 5871 Matth.
2056 5831 2173 5889 xm,
2208 5817 2263 5874 8.
