4032 6222
381 420 517 486 1309

459 647 479 680 ι
527 627 651 700 ᾨδὴ
676 626 897 699 ψαλμοῦ
914 626 992 697 τῷ
1020 627 1208 681 Δαυῖδ.
1260 644 1278 678 ι

469 717 626 791 ᾮδήν
638 719 856 792 ψαλμοῦ
871 719 970 791 τήν
989 721 1048 774 ὲν
1066 718 1280 773 συνέσει
1299 716 1610 786 δοξολογίαν
1629 717 1794 785 λέγει·
1815 716 1974 774 τοῦτο

385 812 494 886 γὰρ
520 813 616 866 καὶ
642 815 756 878 τοίς
786 813 916 884 ἑξῆς
943 811 1316 883 δειχθήσεται.

467 1009 490 1042 ι
535 989 762 1063 Ἐτοίμη
795 990 1046 1062 ήκαρδία
1089 1007 1218 1062 μου,
1254 990 1283 1042 6
1317 989 1469 1053 Θεός.
1497 1009 1517 1041 ι

462 1082 755 1156 Μακάρων
780 1083 1090 1154 ἑτοιμάζειν
1117 1080 1240 1154 Θεῷ
1266 1083 1366 1153 τὴν
1407 1081 1639 1153 καρδίαν
1665 1099 1676 1108 ·
1723 1081 1839 1148 ἕξει
1873 1082 1981 1155 γάρ

396 1175 560 1228 αὑτὸν
588 1178 616 1230 ό
640 1175 946 1247 ἑτοιμάζων
989 1176 1227 1230 ἕνοικον.
1268 1175 1496 1246 Ἐπειδὴ
1529 1175 1588 1228 δὲ
1619 1175 1712 1228 τὸν
1749 1175 1926 1243 Λόγον
1955 1177 1983 1228 ό

396 1265 692 1336 Προφήτης
725 1265 1003 1331 δίεσωσὲν,
1055 1266 1165 1338 ἄρα
1197 1265 1395 1336 διπλῆν
1422 1265 1571 1336 αὐτῷ
1616 1265 1717 1332 τὴν
1760 1258 1983 1335 ἑτοιμα-

400 1356 521 1410 σέαν
545 1357 878 1428 προσφέρειν
907 1357 1220 1428 ὀφείλομεν.
1252 1357 1361 1409 Καὶ
1399 1355 1652 1425 καθάπερ
1686 1355 1736 1408 οἰ
1763 1354 1986 1426 βασιλέα

404 1447 698 1516 μέλλοντες
729 1447 1091 1519 ὑποδέχεσθαι
1119 1447 1475 1518 ἑτοιμάζουσι
1502 1447 1595 1499 τὸν
1627 1442 1800 1511 οἰκον,
1830 1445 1985 1516 ττρῶ-

336 1545 350 1566 ’
401 1555 495 1592 τον
533 1538 634 1608 μὲν
662 1539 1108 1611 ἐκκαθαίροντες,
1147 1537 1399 1608 δεύτερον
1432 1538 1487 1590 δὲ
1541 1536 1714 1607 σκεύη
1745 1537 1802 1589 ὲν
1837 1534 1989 1606 αὐτῷ

403 1630 472 1683 τὰ
512 1631 651 1701 πρὸς
680 1631 778 1702 τὴν
820 1632 1009 1702 χρείαν
1053 1629 1476 1700 ἀποτιθέμενον
1522 1628 1662 1683 οὕτω
1703 1627 1801 1682 καὶ
1829 1629 1989 1697 ἡμεῖς

403 1721 597 1792 διπλῆν
631 1723 950 1792 ἑτοιμασίαν
973 1721 1050 1790 τῷ
1073 1721 1191 1792 Θεῷ
1216 1719 1661 1792 παρασκευάζειν
1687 1717 1986 1790 χρῄζομεν·

411 1815 540 1884 μίαν
577 1815 699 1883 μὲν,
729 1813 1087 1886 καθαίροντες
1117 1814 1206 1866 τὸν
1228 1813 1326 1882 τῆς
1364 1810 1592 1882 καρδίας
1621 1810 1750 1862 ναόν
1769 1825 1782 1838 ’
1815 1807 1991 1862 δεῦτε·

1522 421 1982 484 FRAGMENTA
2021 423 2100 482 ΙΝ
2140 423 2499 483 PSALMOS.

935 535 1232 590 ΨΑΛΜΟΣ
1269 534 1390 591 η’.
1999 548 2047 599 Α

3527 413 3661 476 1310

2609 534 2931 591 PSALMUS
2969 531 3103 589 CVII
3116 573 3129 586 .

2143 626 2310 685 Vens.
2347 629 2395 682 1.
2438 647 2457 681 ι
2495 629 2780 684 Canticum
2814 628 3009 699 psalmi
3044 625 3146 698 ipsi
3183 624 3373 681 David.
3408 643 3428 678 ι

2143 721 2436 779 Canticum
2468 720 2662 791 psalmi
2697 728 2864 776 vocat
2891 719 3352 776 conanda-tionem
3389 717 3445 770 in
3479 716 3662 772 scicn-

2077 817 2200 871 tia:
2241 816 2347 870 hoc
2399 815 2546 870 enim
2598 816 2766 870 etiam
2823 830 2926 884 per
2976 811 3264 884 sequentia
3318 811 3663 865 demonstra-

2081 909 2250 964 bitur.

2154 995 2312 1050 Vens.
2336 997 2390 1050 2.
2432 1014 2452 1048 ι
2495 994 2752 1049 Paratum
2782 1009 2878 1048 cor
2910 1008 3116 1058 meum,
3155 991 3318 1046 Deus.
3355 1009 3374 1042 ι

2157 1087 2381 1142 Beatum
2425 1096 2508 1142 est
2555 1101 2868 1156 przrparare
2912 1101 3010 1139 cor
3058 1085 3169 1138 Deo
3205 1101 3220 1136 :
3253 1098 3382 1137 nam
3427 1081 3520 1151 qui
3562 1082 3668 1136 hoc

2085 1189 2241 1250 parat
2292 1179 2516 1234 habebit
2567 1179 2743 1248 ipsum
2804 1177 3062 1230 incolam.
3116 1175 3254 1231 Cum
3301 1183 3482 1228 autem
3531 1173 3667 1226 Pro-

2087 1275 2252 1345 pheta
2291 1272 2529 1328 Verbum
2572 1272 2676 1326 hoc
2713 1269 3035 1332 servaverit,
3069 1268 3261 1338 utique
3305 1265 3578 1336 duplicem
3617 1264 3667 1319 ei

2088 1365 2540 1437 praeparationem
2595 1361 2796 1416 aﬂerre
2850 1360 3140 1415 debemus.
3197 1357 3264 1412 Et
3310 1356 3671 1427 quemadmo-

2089 1460 2218 1514 dum
2280 1457 2358 1512 illi
2401 1455 2496 1525 qui
2548 1469 2737 1522 regem
2787 1451 3029 1521 hospitio
3073 1448 3357 1519 excepturi
3396 1455 3529 1502 sunt
3569 1448 3669 1502 do-

2090 1567 2239 1606 mum
2292 1557 2522 1620 parant,
2566 1546 2804 1617 primum
2849 1544 3069 1614 quidem
3113 1557 3234 1595 eam
3281 1547 3670 1609 expurgantes,

2090 1642 2290 1700 deinde
2333 1655 2466 1697 vero
2514 1654 2644 1694 vasa
2696 1637 2763 1692 ad
2810 1651 2968 1689 usum
3020 1630 3334 1687 necessaria
3380 1630 3436 1683 in
3480 1629 3672 1682 eadem

2091 1739 2460 1800 collocantes;
2512 1733 2593 1788 sic
2636 1730 2806 1785 etiam
2855 1742 2960 1783 nos
3001 1725 3274 1794 duplicem
3318 1714 3674 1792 praeparatio-

2095 1849 2222 1888 nem
2265 1831 2378 1886 Deo
2417 1826 2683 1884 exhibere
2714 1823 2982 1878 debemus
3015 1837 3028 1873 :
3062 1832 3226 1872 unam
3273 1814 3498 1886 quidem
3539 1822 3677 1866 tem-

412 1923 506 1978 ρον
548 1905 628 1974 δὲ,
662 1907 867 1978 ἀρετὰς
904 1907 1043 1976 αὐτῇ
1088 1904 1184 1958 καὶ
1218 1904 1446 1974 πράξεις
1493 1901 1703 1972 ἀγαθὰς
1735 1898 1996 1970 ἐπεισφέ-

2116 1927 2248 1981 ilum
2281 1923 2464 1980 cordis
2498 1917 2884 1982 emundando;
2927 1914 3158 1968 alteram
3190 1925 3322 1966 vero
3353 1908 3584 1963 virtutes
3616 1921 3680 1959 ac

411 2015 616 2070 ροντες.
655 1997 814 2051 Οὕτω
853 1996 963 2067 γὰρ
993 1997 1124 2067 ἡμῖν
1164 1997 1192 2048 6
1225 1994 1360 2057 Θεὸς
1401 1993 1508 2046 οὐκ
1557 1991 1852 2061 ὲνδημήσει
1897 1987 1994 2059 μό-

413 2106 523 2152 νον,
553 2087 690 2142 ἀλλὰ
715 2089 809 2141 καί
835 2088 1162 2158 ὲγχρονίσει.
1185 2085 1354 2152 Δόξαν
1389 2083 1584 2138 ἑαυτοῦ
1630 2086 1660 2137 ὁ
1702 2083 1996 2154 Προφήτης

413 2179 508 2233 τὸν
586 2179 822 2250 Χριστὸν
861 2179 1340 2251 προσηγόρευσεν·
1388 2176 1579 2247 ἐπειδὴ
1641 2173 1998 2246 συμμόρφους

411 2271 561 2342 ἡμᾶς
590 2271 689 2341 τῆς
721 2269 880 2339 δόξης
906 2271 1006 2339 τῆς
1035 2270 1270 2334 οἰκείας,
1297 2267 1581 2323 ἀναλαϐὼν
1606 2267 1674 2320 τὰ
1718 2265 1994 2338 ἡμέτερα,

414 2361 736 2433 πεποίηκεν.
763 2363 856 2416 Ἐν
887 2362 1063 2433 τούτῳ
1085 2359 1264 2415 τοίνυν
1294 2361 1440 2432 ᾄδειν
1467 2361 1566 2413 καὶ
1588 2358 1813 2429 ψάλλειν
1842 2357 1997 2426 φησὶ,

414 2454 684 2520 τουτέστι,
717 2455 816 2508 σὺν
860 2455 1066 2508 αἰνέσει
1107 2455 1433 2522 δοξολογεῖν.
1483 2453 1548 2507 Τί
1573 2452 1628 2504 δὲ
1659 2449 1840 2520 ἐντῷ
1877 2451 2002 2520 Χρι-

419 2543 530 2615 στῷ
563 2544 866 2616 δοξολογεῖν
894 2546 994 2598 καὶ
1011 2544 1234 2615 ψάλλειν
1259 2561 1274 2611 ;
1304 2544 1374 2598 τά
1403 2544 1531 2614 περὶ
1559 2542 1724 2596 αὑτοῦ
1759 2540 2002 2612 δηλονότι

422 2637 716 2708 μυστήρια.
1369 2635 1376 2638 ’

496 2851 518 2886 α
556 2833 932 2906 Ἐξεγέρθήτι,
963 2835 1001 2906 ή
1029 2834 1158 2899 δόξα
1193 2851 1318 2904 μου.
1359 2853 1378 2884 ι

496 2925 708 2992 Πόθεν;
757 2928 824 2979 ἐκ
852 2924 968 2979 τῶν
1000 2920 1276 2980 ταπεινῶν
1317 2925 1418 2995 τῆς
1451 2922 1868 2993 ἀνθρωπότητος
1901 2939 2004 2990 μυ-

425 3017 684 3089 στηρίων,
721 3020 789 3072 ἐκ
834 3016 948 3071 τῶν
990 3017 1203 3088 νεκρῶν
1249 3015 1344 3080 οὒς
1397 3014 1677 3070 κατελθὼν
1715 3017 1742 3067 ὁ
1772 3013 2008 3084 Χριστὸς

425 3107 767 3177 ἐπεσκέψατο
791 3124 806 3139 ⁸
853 3107 1063 3163 ἐκεῖθεν
1110 3108 1275 3162 αὐτὸν
1319 3107 1706 3177 ἐξαναστῆσαι,
1759 3106 1846 3159 ἵνα
1919 3105 2010 3158 καὶ

427 3197 708 3270 ἁναληφθῇ
730 3240 748 3266 ,
777 3197 854 3262 ὡς
887 3199 1190 3269 μελλόντων
1228 3200 1391 3268 ήμῶν
1421 3200 1694 3252 κοινωνεῖν
1728 3196 1873 3266 αὑτῷ
1907 3193 2009 3265 τῆς

427 3291 584 3362 δόξης
621 3291 720 3361 τῆς
760 3291 838 3355 εἰς
881 3291 1144 3362 οὐρανοὺς
1193 3290 1464 3361 βούλεται.
1516 3289 1650 3342 Οὐδὲ
1685 3290 1794 3360 γὰρ
1842 3288 2003 3358 μόνον

431 3387 755 3456 συνήγειρεν
801 3385 978 3454 ἡμᾶς,
1029 3383 1166 3438 ἀλλὰ
1209 3385 1306 3438 καὶ
1355 3383 1716 3438 συνεκάθισεν
1758 3383 1817 3434 ὲν
1860 3380 2016 3450 δεξιᾷ

430 3475 627 3532 ἑαυτοῦ
677 3479 734 3530 ἐν
774 3479 888 3539 τοῖς
935 3475 1303 3546 ἐπουρανίοις.
1357 3473 1604 3526 Παλαιὰν
1646 3471 1880 3526 ἐνταῦθα
1923 3472 2017 3524 καὶ

436 3567 646 3639 Καινὴν
672 3568 948 3640 Διαθήκην
995 3566 1374 3637 ἐξεγερθῆναι,
1429 3567 1508 3626 εἰς
1557 3564 1655 3626 τὰς
1707 3565 1834 3633 περὶ
1883 3561 2020 3615 Θεοῦ

440 3657 746 3727 μαρτυρίας
780 3656 1120 3726 παρακαλεῖ,
1153 3655 1295 3707 ὥστε
1326 3655 1393 3707 δι’
1437 3654 1622 3707 αὐτῶν
1661 3655 2020 3723 πιστευθῆναι

436 3741 530 3794 τοῦ
561 3741 799 3810 Χριστοῦ
842 3743 940 3811 τήν
990 3741 1309 3796 ἀνάστασιν.
1349 3741 1413 3794 Ἦ
1464 3743 1565 3811 μὲν
1617 3742 1726 3813 γὰρ
1767 3742 2022 3810 προλέγει

441 3833 566 3894 τοὺς
591 3830 818 3900 καιροὺς
840 3831 936 3883 καί⁸
965 3831 1092 3893 τοὺς
1119 3831 1320 3892 τόπους
1339 3846 1353 3862 ο
1380 3833 1413 3900 ή
1442 3831 1497 3883 δὲ
1519 3831 1610 3884 ἐπὶ
1645 3832 1743 3896 τῆς
1775 3832 2017 3900 ἱστορίας

441 3921 512 3974 τὰ
547 3919 916 3990 προλεχθέντα
948 3919 1238 3973 δείκνυσιν.

520 4029 539 4063 ι
589 4009 1058 4080 Ἐξεγερθήσομαι
1091 4007 1312 4080 ὄρθρου.
1353 4027 1373 4060 ι

523 4102 838 4173 Ἀπόκρισιν
875 4103 1134 4172 εἰσήγαγε
1169 4097 1261 4166 τοῦ
1299 4099 1539 4171 Χριστοῦ
1584 4103 1652 4173 τῇ
1705 4103 1886 4174 δεήσει
1933 4103 2028 4157 τοῦ

444 4194 731 4265 Προφήτου
785 4191 1219 4264 συμϐαίνουσαν
1264 4194 1291 4245 ό
1334 4191 1433 4263 μὲν
1464 4193 1573 4264 γὰρ
1613 4193 1773 4247 αὐτὸν
1799 4194 2029 4265 ἐξεγερ-

446 4285 602 4352 θῆναι
639 4283 912 4338 ἱκέτευσεν
948 4283 1153 4350 εἰπὼν,
1199 4284 1562 4356 Ἐξεγέρθητι
1583 4325 1602 4354 ,
1634 4285 1672 4354 ἠ
1702 4285 1853 4350 δόξα
1889 4304 2032 4356 μου.

455 4379 515 4432 ’0
579 4378 636 4432 δὲ
683 4378 777 4433 καὶ
817 4377 906 4431 τὸν
943 4377 1135 4447 καιρὸν
1159 4375 1302 4441 ,καθ’
1373 4375 1433 4429 ὂν
1488 4377 1794 4447 οἰκονομεῖν
1849 4378 2033 4447 μέλλει

446 4471 637 4534 τοῦτο,
684 4469 1078 4541 κατήγγειλεν*
1135 4468 1637 4539 Ἐξεγ-εροήσομαι
1677 4469 1808 4540 γὰρ,
1845 4470 2030 4540 φησὶν,

2097 1995 2299 2088 probas
2329 2013 2581 2071 actiones
2613 2009 2691 2062 illi
2729 2002 3042 2062 inferendo.
3079 1999 3171 2054 Sic
3203 1997 3349 2052 enim
3391 1995 3536 2049 Deus
3569 2007 3676 2047 non

2097 2104 2273 2158 solum
2313 2103 2379 2155 ad
2423 2115 2527 2154 nos
2563 2095 2952 2156 diversabitur,
2995 2105 3189 2146 verum
3228 2086 3394 2141 etiam
3429 2085 3484 2138 in
3521 2082 3682 2136 nobis

2097 2191 2550 2251 commorabitur.
2591 2189 2835 2244 Gloriam
2875 2199 3031 2240 suam
3075 2181 3165 2236 hic
3204 2177 3478 2248 Propheta
3515 2173 3680 2229 Chri-

2101 2298 2244 2342 stum
2293 2283 2624 2356 appellavit;
2677 2276 3122 2350 quandoquidem
3173 2287 3301 2328 cum
3351 2280 3538 2326 nostra
3595 2284 3685 2322 as-

2100 2379 2363 2449 sumpsit,
2414 2375 2732 2431 conformes
2782 2387 2886 2426 nos
2933 2369 3120 2440 gloria:
3162 2381 3274 2420 sua:
3317 2362 3575 2419 reddidit.
3625 2361 3684 2414 ln

2102 2485 2170 2526 eo
2217 2469 2382 2540 igitur
2429 2465 2768 2522 cantandum
2820 2469 2877 2516 et
2926 2457 3272 2532 psallendum
3321 2455 3428 2522 ait,
3478 2453 3533 2508 id
3579 2460 3684 2515 est,

2104 2577 2230 2618 cum
2279 2559 2441 2614 laude
2489 2555 2904 2613 celebrandum.
2957 2551 3101 2618 Quid
3153 2563 3320 2620 porro
3369 2546 3425 2600 in
3471 2543 3690 2600 Christo

2105 2655 2498 2712 celebrandum
2575 2661 2631 2707 et
2711 2633 3097 2720 psallendum?
3169 2643 3357 2714 utique
3434 2637 3690 2712 mysteria

2107 2749 2297 2820 ipsius.

2184 2839 2342 2895 Vsus.
2375 2838 2427 2892 '5.
2463 2853 2482 2888 σ
2515 2837 2782 2905 Exsurge,
2815 2830 2984 2904 gloria
3015 2843 3158 2884 mea.
3192 2845 3210 2879 ι

2179 2931 2377 2988 Unde?
2411 2929 2489 2983 Ex
2534 2927 2837 2983 humilibus
2883 2921 3243 2978 humanitatis
3284 2913 3579 2988 mysteriis,
3626 2925 3692 2966 ex

2112 3025 2246 3095 ipsis
2286 3021 2519 3078 mortuis
2567 3033 2708 3089 quos
2752 3014 3098 3072 descendens
3140 3010 3392 3066 Christus
3436 3006 3696 3061 visitare-

2113 3129 2196 3174 rat
2224 3136 2236 3172 :
2269 3117 2396 3172 inde
2425 3114 2544 3170 vult
2574 3113 2755 3183 ipsum
2786 3121 3102 3177 exsurgere,
3130 3113 3190 3159 ut
3218 3103 3380 3158 etiam
3412 3097 3694 3163 ascendat,

2114 3225 2225 3279 quo
2251 3218 2306 3262 et
2343 3221 2446 3261 nos
2481 3218 2703 3274 quoque
2743 3199 2984 3256 caelestis
3018 3196 3138 3266 ejus
3177 3194 3361 3266 gloriae
3403 3189 3698 3262 participes

2117 3300 2437 3356 evadamus.
2479 3296 2600 3350 Non
2631 3294 2809 3349 solum
2841 3291 2990 3346 enim
3025 3303 3131 3344 nos
3160 3281 3572 3342 consuscitavit,
3603 3280 3698 3334 sed

2118 3393 2280 3447 etiam
2312 3387 2617 3445 consedere
2646 3385 2776 3440 fecit
2803 3382 2858 3438 in
2889 3382 3113 3437 dextera
3143 3392 3240 3433 sua
3274 3377 3330 3430 in
3359 3371 3700 3430 coelestibus.

2119 3483 2385 3538 Provocat
2430 3481 2533 3534 hoc
2576 3478 2700 3532 loco
2729 3477 2900 3532 Vetus
2928 3487 2994 3529 ac
3019 3469 3231 3527 Novum
3263 3468 3697 3523 Testamentum,

2122 3585 2180 3630 ut
2221 3580 2478 3643 exsurgat
2520 3570 2587 3624 ad
2628 3567 2941 3624 testimonia
2987 3565 3054 3619 de
3102 3563 3212 3616 Deo
3259 3556 3604 3628 proferenda,
3645 3561 3703 3606 ut

2121 3681 2220 3736 per
2258 3681 2321 3718 ea
2353 3661 2561 3717 Christi
2605 3657 2940 3714 resurrectio
2973 3654 3346 3708 conﬁrmetur.
3383 3646 3522 3700 Illud
3554 3643 3700 3697 enim

2123 3735 2368 3827 praedicit
2401 3763 2647 3822 tempora
2678 3759 2736 3804 et
2764 3750 2913 3813 loca;
2950 3747 3054 3800 hoc
3081 3755 3214 3797 vero
3244 3739 3297 3792 in
3334 3735 3558 3791 historia
3582 3747 3704 3802 quze

2126 3847 2384 3918 praedicta
2409 3843 2630 3898 fuerant
2657 3839 2915 3896 ostendit.

2207 4040 2225 4074 ι
2262 4019 2562 4088 Exsurgam
2593 4015 2854 4071 diluculo.
2895 4031 2913 4064 ι

2203 4110 2640 4180 Rcsponsionem
2681 4104 2889 4160 Christi
2941 4099 3241 4157 introduxit
3283 4096 3567 4166 Propheta:
3611 4108 3706 4162 pe-

2136 4201 2312 4258 titioni
2347 4206 2744 4270 congruentem
2773 4214 2786 4251 :
2819 4195 2909 4249 hic
2937 4193 3085 4248 enim
3125 4189 3274 4244 illum
3305 4195 3612 4257 rogaverat,
3653 4194 3711 4236 ut

2133 4297 2453 4360 exsurgeret
2482 4288 2692 4352 dicens,
2727 4285 2988 4354 Exsurge,
3013 4281 3184 4353 gloria
3212 4295 3350 4332 mea.
3381 4276 3502 4346 ipse
3530 4284 3711 4328 autem

2135 4385 2300 4439 etiam
2338 4393 2554 4453 tempus
2583 4378 2954 4443 annuutiavit,
3001 4390 3110 4444 quo
3151 4371 3295 4427 istud
3333 4377 3451 4424 erat
3488 4367 3712 4436 dispen-

2137 4487 2356 4533 saturus
2386 4495 2398 4531 :
2431 4475 2730 4545 Exsurgens
2759 4471 2928 4536 enim,
2992 4465 3197 4537 inquit,
3226 4461 3478 4517 diluculo.
3517 4457 3714 4545 iisdem

452 4563 684 4630 ὄρθρου.
746 4539 838 4625 ἐξ
869 4539 1037 4632 αὐτῆς
1081 4559 1278 4626 λέξεως
1312 4559 1373 4612 τὸ
1415 4557 1494 4632 τῷ
1531 4560 1714 4628 Λουκᾷ
1759 4539 2013 4632 περιθετῇ.

2142 4568 2258 4625 fere
2295 4566 2476 4622 verbis
2521 4564 2722 4635 quibus
2762 4561 2936 4616 Lucas
2975 4556 3260 4614 historiam
3295 4539 3715 4608 resurrectionis

453 4650 796 4714 ἀναστάσεως
829 4650 1182 4722 ἱστορημένον
1211 4648 1583 4720 φθεγξάμενος
1601 4666 1616 4681 ⁸
1645 4651 1899 4719 Ὄρθρου
1921 4651 2038 4716 ,βα-

2136 4667 2530 4716 commemorat
2569 4657 2760 4712 dicens
2792 4673 2806 4709 :
2845 4652 3004 4708 Valde
3046 4648 3278 4706 diluculo
3315 4652 3566 4726 venerunt
3601 4657 3718 4696 mu-

455 4743 588 4808 θέος
619 4737 810 4813 ἦλθον
847 4741 1128 4810 γυναῖκες
1154 4740 1253 4794 ἐπὶ
1295 4740 1364 4793 τὸ
1399 4739 1627 4810 μνῆμα,
1667 4741 1958 4811 φέρουσαι
2003 4763 2013 4796 ι

2138 4753 2292 4807 lieres
2339 4750 2409 4804 ad
2458 4755 2874 4810 monumentum,
2915 4749 3185 4813 portantes
3231 4753 3350 4810 qua:
3396 4739 3719 4807 paraverant

453 4833 791 4903 ἡτοίμασαν
812 4830 1088 4901 ἀρώματα
1111 4848 1125 4861 °
1157 4827 1238 4895 οἷς
1285 4831 1379 4885 καὶ
1432 4831 1502 4884 τὰ
1555 4829 1689 4886 ἄλλα
1748 4832 1847 4902 τῆς
1910 4833 2040 4887 ἀνα-

457 4925 700 4987 στάσεως
753 4923 847 4976 τοῦ
905 4923 1158 4992 Σωτῆρος
1187 4923 1490 4993 ἐπήγαγεν.

530 5035 550 5070 ι
589 5016 712 5068 Ὀτι
746 5014 890 5085 μέγα
923 5013 1110 5067 ἐπάνω
1142 5013 1248 5065 τῶν
1278 5012 1548 5081 οὐρανῶν.
1594 5033 1613 5064 ο

529 5107 718 5171 Ἔλεος
752 5107 844 5160 καὶ
893 5104 1121 5177 ἀλήθεια
1163 5106 1260 5176 τῆς
1297 5103 1614 5176 οἰκονομίας
1655 5105 1753 5159 τοῦ
1796 5105 2035 5176 Χριστοῦ

458 5198 518 5249 τό
543 5199 836 5268 μυστήριον
861 5214 874 5227 ·
912 5195 1055 5250 ὥστε
1091 5197 1181 5251 τὸν
1216 5197 1508 5268 Προφήτην
1539 5196 1731 5251 τοῦτον
1763 5197 2036 5269 ἀλλαχόσε
2091 5185 2096 5198 ’

460 5291 641 5360 λέγει’
688 5294 895 5360 Ἔλεος
933 5292 1034 5347 καί
1081 5292 1334 5362 ἀλήθεια
1377 5292 1803 5362 συνήντησαν.
1842 5295 1934 5358 Εἰς
1978 5293 2040 5347 ἓν

462 5385 572 5455 γὰρ
609 5387 642 5454 ή
673 5385 766 5439 τοῦ
798 5387 1036 5456 Χριστοῦ
1077 5385 1269 5457 θεότής
1313 5387 1409 5440 καὶ
1456 5385 1815 5457 άνθρωπότης
1842 5390 1908 5459 τῇ
1941 5387 2040 5442 τοῦ

462 5476 624 5545 λόγου
655 5476 929 5548 σαρκώσει
969 5481 1335 5549 κατήντησαν.
1354 5477 1517 5532 Ἀλλὰ
1540 5480 1600 5532 τὸ
1635 5480 1732 5550 μὲν
1764 5481 1911 5542 ἕλεος
1938 5483 2042 5551 ἁρ-

467 5571 654 5642 μόττει
677 5573 744 5641 τῇ
775 5571 869 5624 τοῦ
905 5573 1279 5642 σαρκαθέντος
1321 5572 1485 5640 λόγου
1513 5571 1724 5644 θεότητι
1748 5575 1908 5646 (αὐτή
1932 5575 2040 5648 γὰρ

464 5665 524 5719 τὸ
553 5664 779 5736 πλάσμα
801 5669 861 5717 τὸ
883 5666 1083 5720 οἰκεῖον
1105 5665 1372 5737 ἐλέησεν),
1409 5669 1443 5737 ή
1469 5667 1696 5738 ἀλήθεια
1723 5668 1781 5721 δὲ
1809 5672 1871 5741 τῇ
1907 5687 2039 5741 σαρ-

541 5844 589 5878 ⁶⁸
623 5842 752 5910 Luc.
777 5859 925 5910 xxiv,
962 5843 1010 5897 i.
1084 5842 1128 5874 ⁸⁸
1159 5841 1632 5908 Psal.Lxxxiv,li.

2137 4851 2382 4896 aromata
2412 4842 2458 4875 ⁸³
2486 4859 2499 4895 :
2532 4841 2734 4910 quibus
2772 4837 2936 4893 etiam
2969 4834 3180 4904 reliqua
3213 4831 3282 4886 de
3315 4824 3721 4886 resurrectione.

2140 4933 2444 4989 Salvatoris
2475 4930 2778 5001 subiunxit.
3527 4939 3532 4942 '

2217 5025 2358 5081 Vens
2380 5024 2432 5079 5.
2470 5043 2487 5076 ι
2517 5023 2654 5089 Quia
2687 5036 2878 5092 magna
2907 5028 2992 5074 est
3021 5031 3184 5087 super
3213 5014 3400 5070 caelos.
3450 5030 3468 5062 δ

2217 5116 2587 5173 Misericordia
2613 5124 2670 5170 et
2695 5114 2898 5169 veritas
2923 5120 3054 5167 sunt
3073 5103 3496 5178 dispensationis
3517 5097 3724 5158 Christi

2146 5210 2491 5283 mysterium;
2551 5209 2623 5262 ita
2681 5216 2741 5261 ut
2791 5205 3062 5274 Propheta
3118 5200 3284 5255 etiam
3336 5195 3462 5250 alibi
3513 5193 3657 5248 dicat
3703 5210 3718 5245 ;

2146 5302 2504 5357 Misericordia
2559 5311 2608 5354 et
2657 5300 2852 5354 veritas
2905 5296 3244 5351 obviaueruut
3282 5291 3350 5343 ⁸⁸.
3399 5287 3505 5341 Per
3559 5284 3724 5340 Verbi

2146 5393 2292 5448 enim
2337 5389 2770 5445 incarnationem
2815 5385 3020 5442 Christi
3075 5381 3333 5438 divinitas
3370 5387 3426 5433 et
3468 5373 3725 5431 humani-

2147 5494 2228 5540 tas
2260 5483 2314 5537 in
2349 5499 2516 5537 unum
2551 5488 2950 5536 convenerunt.
2989 5475 3378 5530 Verumtamen
3409 5468 3724 5524 misericor-

2147 5574 2234 5628 dia
2290 5573 2511 5643 quidem
2575 5570 2846 5626 incarnati
2913 5567 3073 5623 Verbi
3135 5562 3410 5620 divinitati
3475 5559 3725 5630 congruit

2151 5667 2289 5739 (ipsa
2313 5668 2460 5724 enim
2496 5665 2735 5738 ﬁgmenti
2771 5664 2857 5721 sui
2899 5661 3119 5719 miserta
3163 5655 3313 5729 fuit),
3348 5655 3551 5713 veritas
3597 5667 3726 5708 vero
