4032 6222
357 396 490 463 1311

1557 411 1890 471 HESYCHI
1897 413 1923 471 Ι
1955 412 2432 474 PRESBYTER!

3488 413 3623 478 131‘2

350 515 523 572 carui.
559 515 861 586 (Siquidem
891 532 1001 572 non
1032 519 1337 574 secundum
1365 521 1838 595 imaginationem,
1876 533 1924 580 ul

2042 527 2116 581 κί.
2147 528 2305 597 (Οὐδὲ
2338 528 2448 600 γὰρ
2504 527 2649 583 κατὰ
2705 530 3027 599 φαντασίαν,
3061 528 3135 592 ὥς
3168 545 3310 592 τινες
3347 526 3455 581 τῶν
3484 535 3629 598 αἱρε-

351 607 569 675 quidam
619 608 864 664 haeretici
908 612 1188 678 sentiunt,
1240 614 1338 669 sed
1385 617 1686 671 secundum
1732 618 1936 673 verita-

354 707 461 752 tem
502 698 647 755 Deus
694 701 930 758 Verbum
974 719 1200 762 carnem
1249 709 1590 779 assumpsit.)
1630 709 1746 766 lloe
1786 711 1936 766 enim

350 792 417 844 ad
447 792 870 863 explicationem
910 806 967 853 et
1004 799 1486 855 conﬁrmationem
1533 800 1700 858 David
1737 803 1936 860 iterum

348 884 507 950 dixit,
533 886 740 944 Veritas
771 891 835 944 de
869 899 1010 944 terra
1047 901 1164 947 orta
1203 901 1278 947 est
1300 893 1368 959 ⁸⁷,
1400 893 1794 950 humanitatem
1827 897 1936 951 Do-

351 978 486 1032 mini
527 978 878 1053 intelligens;
915 1000 1038 1053 quae
1069 985 1136 1040 de
1170 992 1310 1041 terra
1343 994 1552 1054 nostra,
1583 987 1794 1043 scilicet
1831 989 1937 1043 ltu-

352 1084 527 1124 manae
558 1079 790 1139 naturae,
823 1082 942 1128 orta
973 1081 1078 1129 est.
1123 1075 1313 1147 Magna
1355 1075 1521 1148 igitur
1553 1093 1721 1147 supra
1766 1079 1937 1136 caelos

322 1153 435 1233 :est
457 1160 662 1219 Christi
691 1165 953 1221 divinitas
985 1176 1209 1238 propter
1239 1169 1487 1238 gloriam,
1516 1184 1624 1238 qua
1647 1187 1677 1224 a
1700 1173 1936 1241 propriis

349 1255 648 1312 virtutibus
679 1259 1012 1329 gloriﬁcatus
1050 1263 1155 1317 l‘uit
1187 1281 1199 1317 :
1233 1264 1290 1318 in
1324 1274 1470 1320 terra
1505 1267 1658 1322 enim
1707 1269 1934 1324 minime

350 1349 706 1413 noscebatur,
741 1359 797 1404 et
824 1367 990 1406 carne
1016 1353 1467 1410 obumbrabatur.

421 1436 581 1492 Vsus.
606 1437 659 1492 6.
695 1457 714 1490 ι
747 1439 1002 1496 Exaltare
1032 1458 1198 1512 super
1225 1445 1416 1510 cmlos,
1457 1445 1624 1502 Deus.
1658 1466 1678 1499 ο

423 1525 610 1582 Viden’
674 1539 735 1584 ut
794 1529 962 1587 David
1023 1534 1227 1590 Christi
1292 1537 1673 1591 ascensionem
1733 1539 1933 1607 praedi-

349 1633 500 1685 cens,
529 1620 681 1690 prius
711 1623 940 1678 nubium
979 1625 1172 1681 fecerit
1207 1627 1582 1682 mentionem?
1611 1629 1753 1683 Ecce
1786 1630 1931 1684 enim

347 1711 509 1764 etiam
564 1727 711 1767 nunc
768 1715 899 1784 quid
964 1717 1141 1772 simile
1197 1719 1546 1788 proponitur,
1617 1736 1816 1790 nempe
1871 1730 1934 1776 ut

345 1803 617 1858 exaltetur
646 1803 792 1860 Deus
823 1823 990 1877 super
1020 1809 1190 1864 coelos
1219 1809 1566 1875 celebratus;
1611 1813 1737 1866 licet
1779 1828 1925 1868 sem-

2041 619 2210 672 τικῶν
2255 620 2530 685 δοκοῦσιν,
2563 621 2700 676 ἀλλά
2746 622 2868 675 κατ’
2912 621 3172 690 ἀλήθειαν
3213 622 3240 673 6
3285 618 3416 682 Θεὸς
3461 620 3628 687 Λόγος

2041 708 2410 780 σεσάρκωται.
2437 712 2454 778 )
2481 711 2656 765 Ἰοῦτο
2695 712 2803 784 γὰρ
2859 714 2938 776 είς
2965 712 3261 782 ἑρμηνείαν
3302 711 3396 764 καὶ
3423 709 3623 764 σύστα-

2053 817 2138 854 σιν
2166 803 2194 854 6
2223 801 2386 855 Δαδὶδ
2425 802 2590 855 πάλιν
2633 803 2844 872 ἔλεγεν,
2883 802 2955 856 Ἡ
2995 799 3247 868 ἀλήθεια
3273 801 3342 853 ἐκ
3375 799 3486 867 τῆς
3514 796 3623 868 τῆς

2040 891 2349 960 ἀνέτειλε,
2397 894 2495 966 τὴν
2546 895 2943 966 ἀνθρωπότητα
2985 893 3076 946 τοῦ
3135 893 3344 962 Κυρίου
3407 892 3620 960 λέγων·

2037 986 2137 1058 τὴν
2183 988 2292 1040 ἀπὸ
2332 988 2432 1058 τῆς
2465 989 2745 1060 ἡμετέρας
2776 989 2899 1058 γῆς,
2944 985 3150 1058 δηλαδὴ
3197 985 3296 1057 τῆς
3343 981 3618 1057 ἀνθρωπί-

2039 1098 2136 1150 νης
2174 1080 2410 1150 φύσεως,
2449 1081 2832 1135 ἀνατείλασαν.
2874 1079 3032 1147 Μέγα
3071 1078 3254 1131 τοίνυν
3292 1077 3480 1131 ἐπάνω
3515 1076 3620 1130 τῶν

2039 1170 2289 1240 οὐρανῶν
2319 1173 2352 1241 ἡ
2402 1171 2496 1224 τοῦ
2541 1170 2785 1241 Χριστοῦ
2825 1170 3016 1239 θεότης
3063 1171 3150 1258 διέ
3203 1170 3302 1238 τὴν
3351 1169 3530 1234 δόξαν,
3554 1168 3618 1240 ῆν

2042 1265 2197 1329 παρὰ
2222 1261 2330 1314 τῶν
2361 1262 2582 1314 οἰκείων
2603 1262 2886 1330 δυνάμεων
2915 1259 3196 1325 ἐδοξάζετο
3215 1277 3230 1290 ·
3259 1260 3354 1313 ἐπὶ
3387 1263 3488 1330 γῆς
3512 1261 3618 1329 γὰρ

2037 1353 2309 1420 ἠγνοεῖτο,
2347 1353 2444 1404 καὶ
2477 1355 2538 1422 τῇ
2580 1354 2744 1423 σαρκὶ
2773 1353 3178 1415 συνεσκιάζετο.

2113 1461 2131 1492 ι
2175 1443 2448 1514 ’Υψὼθητι
2474 1444 2564 1496 ἐπὶ
2593 1445 2718 1508 τοὺς
2742 1444 3023 1516 οὐρανοὺς,
3045 1445 3072 1496 6
3089 1443 3241 1505 Θεός.
3279 1461 3298 1493 ι

2106 1535 2344 1606 Θεωρεῖς
2385 1536 2468 1588 ὅτι
2511 1533 2607 1588 τοῦ
2657 1533 2895 1606 Χριστοῦ
2944 1536 3043 1604 τὴν
3084 1534 3354 1605 ἀνάληψιν
3409 1533 3617 1588 όΔαῦὶδ

2034 1626 2397 1698 προφητεύων
2421 1667 2436 1693 ,
2476 1627 2586 1681 τῶν
2621 1626 2864 1696 νεφελῶν
2914 1626 3226 1699 ἔμπροσθεν
3276 1626 3615 1698 ἐμνημόνευ-

2035 1735 2165 1788 σεν;
2204 1718 2332 1771 Ἰδοὺ
2381 1718 2492 1788 γὰρ
2525 1718 2622 1771 καὶ
2655 1717 2750 1772 νῦν
2795 1719 2979 1789 ὅμοιον
3012 1718 3366 1783 ὑποτίθεται,
3403 1716 3616 1787 ὑψωθῆ-

2032 1827 2122 1864 ναι
2149 1811 2240 1862 τὸν
2261 1810 2393 1864 Θεὸν
2419 1810 2512 1863 ἐπὶ
2542 1810 2671 1873 τοὺς
2695 1809 2958 1882 οὐρανοὺς
2994 1809 3435 1880 πρεσῦευόμενος
3455 1823 3468 1836 ·
3499 1809 3609 1860 καίι

344 1911 443 1964 per
481 1895 534 1949 in
576 1898 906 1954 sublimibus
943 1901 1190 1967 exsistat,
1231 1903 1306 1956 uti
1342 1903 1419 1958 ait
1453 1904 1661 1959 Isaias:
1694 1904 1920 1960 Sanctus

2026 1918 2106 1954 τοι
2129 1901 2422 1966 διαπαντὸς
2452 1904 2510 1956 ἐν
2531 1901 2756 1972 ὑψηλοῖς
2783 1901 2934 1965 ὄντα,
2959 1901 3104 1954 καθά
3132 1917 3297 1971 φησιν
3317 1899 3606 1961 ὁἮσαῒας·

342 1986 600 2042 Dominus
636 1990 726 2059 qui
758 1991 815 2044 in
848 1991 971 2046 altis
1006 1993 1212 2047 habitat
1236 1995 1304 2048 ⁸⁸.
1338 1994 1507 2050 David
1537 2011 1668 2051 vero
1696 1997 1776 2052 sic
1807 2015 1818 2051 :
1846 1997 1921 2052 Tu

341 2078 483 2133 solus
531 2080 832 2136 Altissimus
877 2099 1036 2153 super
1079 2100 1285 2139 omnem
1335 2094 1534 2140 terram
1573 2087 1638 2141 ⁸⁸.
1689 2087 1921 2143 Verum-

321 2177 526 2226 ‘tamen
561 2174 944 2236 exultationem
975 2189 1136 2232 vocat
1173 2177 1450 2250 Unigeniti
1491 2196 1618 2236 cum
1657 2195 1824 2236 carne
1866 2182 1919 2237 in

343 2263 513 2318 caelos
541 2279 852 2322 ascensum.

412 2354 576 2411 Vitas.
611 2356 666 2412 7.
714 2376 732 2410 ‹
763 2358 838 2414 Ut
869 2359 1174 2416 liberentur
1201 2362 1385 2420 dilecti
1411 2364 1509 2419 tui.
1547 2383 1566 2417 ι

410 2444 604 2502 Dilecti
634 2448 730 2503 Dei
768 2459 898 2504 sunt
935 2450 1011 2505 illi
1054 2453 1304 2510 homines
1337 2456 1430 2524 qui
1464 2471 1562 2526 per
1590 2456 1710 2528 ejus
1741 2457 1796 2511 in
1827 2474 1922 2529 ge-

340 2549 448 2591 nus
493 2547 739 2594 nostrum
785 2541 1136 2598 dilectionem
1174 2546 1371 2600 servati
1413 2557 1562 2613 sunt,
1590 2565 1726 2618 quos
1760 2550 1923 2604 etiam

341 2626 402 2682 in
439 2629 639 2684 caelum
684 2631 953 2688 exaltatus
997 2635 1063 2689 ab
1105 2637 1327 2706 antiqua
1373 2639 1687 2708 captivitate
1732 2640 1925 2694 libera-

339 2718 448 2785 vit;
475 2722 932 2788 quemadmodum
965 2723 1161 2780 Paulus
1200 2728 1275 2780 ait
1301 2745 1313 2780 :
1347 2728 1638 2784 Ascemlens
1669 2731 1722 2784 iu
1753 2731 1923 2784 altum

341 2811 610 2878 captivam
657 2815 807 2867 duxit
861 2816 1252 2884 captivitatem,
1305 2819 1448 2872 dedit
1500 2821 1641 2874 dona
1695 2823 1923 2876 homini-

341 2897 437 2953 bus
475 2901 541 2954 ⁸ο.
601 2901 884 2958 Dexteram
937 2912 1068 2960 vero
1122 2906 1216 2961 Dei
1269 2922 1377 2990 non
1419 2909 1542 2978 quis
1588 2911 1925 2967 aberraverit

340 2989 605 3061 Spiritum
657 3006 906 3052 sanctum
955 2989 1308 3070 intelligens;
1345 3003 1785 3073 quandoquidem
1835 3005 1926 3060 hic

338 3098 555 3154 quoque
607 3085 704 3141 Dei
757 3089 958 3161 digitus
1009 3091 1342 3160 nominatur,
1401 3093 1605 3165 quippe
1658 3094 1924 3150 Trinitate

342 3190 506 3229 unam
535 3177 897 3235 substantiam
941 3191 996 3236 et
1024 3183 1285 3238 virtutem
1324 3192 1380 3240 et
1411 3187 1784 3256 operationem
1820 3190 1919 3244 lta-
1948 3212 1989 3269 ο

342 3266 524 3321 liente.
554 3266 728 3339 Rogat
762 3271 925 3342 igitur
959 3275 1224 3343 propheta
1259 3285 1319 3330 ut
1348 3291 1448 3332 nos
1480 3277 1755 3332 salvemur
1791 3287 1846 3333 et
1888 3296 1919 3335 a

340 3352 549 3423 Spiritu
587 3358 962 3424 exaudiamur,
1007 3377 1116 3431 quo
1150 3364 1419 3432 Spiritales
1452 3367 1746 3437 gratiaeque
1792 3369 1920 3425 inde

340 3445 717 3510 promanautis
764 3448 1059 3518 participes
1105 3451 1416 3508 evadamus.
1466 3453 1726 3512 Praedicta
1771 3459 1918 3514 enim

342 3541 494 3607 rogat
516 3550 584 3590 ex
611 3540 888 3594 communi
923 3541 1206 3597 hominum
1235 3559 1492 3614 persona.

413 3731 573 3792 Vens.
609 3736 660 3792 8.
701 3757 720 3791 ι
752 3739 892 3797 Deus
927 3743 1141 3800 locutus
1173 3757 1258 3802 est
1288 3748 1344 3803 in
1379 3759 1566 3806 sancto
1601 3767 1719 3808 suo.
1751 3773 1769 3806 ι

405 3823 654 3884 Christus
686 3846 884 3903 nempe
916 3835 971 3889 in
1005 3837 1174 3893 choro
1215 3841 1608 3910 apostolorum.
1644 3845 1758 3902 Hoc
1788 3863 1917 3903 vero

335 3917 618 3983 sequentia
647 3919 945 3990 declarant,
977 3926 1031 3980 in
1069 3928 1270 3998 quibus
1298 3932 1591 4004 descripsit
1625 3935 1915 3992 Dominum

335 4021 403 4059 ex
428 4014 672 4078 tempore
697 4015 946 4083 petitioni
973 4017 1726 4093 Propheta:respondentem.
1756 4027 1916 4084 llisce

337 4099 651 4157 nominibus
681 4103 929 4177 designat
969 4109 1171 4165 donum
1204 4113 1441 4183 Spiritus
1468 4133 1488 4170 :
1518 4119 1662 4187 quod
1696 4119 1915 4188 quidem

337 4191 492 4245 vallis
550 4205 633 4248 est
683 4197 1193 4270 tabernaculorum,
1252 4204 1460 4260 scilicet
1515 4206 1912 4276 Ecclesiarum;

335 4283 772 4354 quandoquidem
832 4291 1156 4358 spiritalium
1213 4309 1476 4364 aquarum
1537 4302 1914 4372 congregatio-

335 4387 482 4439 nem,
525 4376 887 4447 baptismatis,
915 4381 1158 4451 inquam,
1183 4385 1240 4440 in
1258 4387 1396 4442 valle
1427 4390 1529 4444 hac
1559 4391 1752 4461 spiritu
1781 4407 1913 4462 sup-

2027 1992 2220 2062 Ἀγιος
2238 1993 2452 2062 Κύριος
2473 1996 2506 2047 ὀ
2543 1993 2612 2047 ἐν
2642 1994 2906 2062 ὑψηλοῖς
2947 1992 3256 2048 κατοικῶν.
3312 1994 3422 2046 Καὶ
3452 1991 3615 2044 Δασὶδ

2023 2085 2079 2138 δὲ
2110 2085 2283 2150 οὕτως
2309 2103 2322 2116 ·
2362 2086 2445 2140 Σὺ
2467 2086 2655 2156 μόνος
2713 2086 2814 2140 ἐπὶ
2851 2086 3061 2141 πᾶσαν
3118 2085 3235 2155 τὴν
3262 2084 3422 2155 ογῆν.
3475 2085 3613 2140 Ἀλλ’

2025 2177 2234 2248 ῦψωσιν
2275 2179 2368 2232 ἐπὶ
2396 2180 2524 2242 τοῦς
2551 2179 2822 2252 οὐρανοὺς
2849 2179 2945 2233 τοῦ
2983 2180 3118 2235 Θεοῦ
3143 2223 3158 2247 ,
3203 2180 3361 2234 καλεῖ
3402 2179 3500 2250 τὴν
3531 2178 3610 2240 είς

2023 2269 2249 2340 οὐρανὸν
2279 2269 2371 2323 τοῦ
2404 2269 2740 2340 Μονογενοῦς
2772 2271 2910 2341 μετὰ
2939 2272 3138 2342 σαρκὸς
3158 2269 3362 2325 ἄνοδον.

2101 2380 2118 2412 ι
2155 2360 2343 2419 Ὅπως
2376 2362 2444 2415 ἂν
2478 2361 2754 2431 ρυσθῶσιν
2793 2364 2842 2416 oi
2871 2355 3150 2434 ἀγαπητοῖ
3180 2379 3296 2418 σου.
3323 2379 3343 2414 ι

2109 2450 2412 2520 Ἀγαπητοί
2470 2449 2565 2504 τοῦ
2601 2450 2739 2503 Θεοῦ
2776 2451 2826 2502 οἱ
2883 2449 3149 2515 σωθέντες
3180 2449 3346 2504 αὑτοῦ
3386 2449 3475 2504 διὰ
3511 2450 3613 2522 τῆς

2025 2542 2248 2612 ἀγάπης
2275 2543 2374 2612 τῆς
2430 2542 2568 2613 πρὸς
2585 2543 2648 2596 τὸ
2680 2542 2840 2612 γένος
2882 2543 2944 2597 τὸ
2980 2543 3251 2616 ἡμέτερον
3293 2543 3568 2614 ἄνθρωποι
3591 2562 3607 2576 ·

2025 2633 2234 2705 οῦσπερ
2265 2636 2360 2688 καὶ
2393 2634 2700 2705 άνυψωθεὶς
2728 2637 2807 2699 είς
2843 2636 3076 2707 οὐρανὸν
3099 2636 3207 2689 ἀπὸ
3243 2637 3342 2706 τῆς
3382 2637 3611 2706 ἀρχαίας

2026 2725 2405 2796 αἰχμαλωσίας
2424 2727 2696 2798 ἐρρύσατο
2715 2744 2728 2758 ·
2759 2727 2905 2781 καθά
2936 2745 3102 2797 φησιν
3128 2730 3156 2780 6
3190 2728 3424 2793 Παῦλος,
3451 2729 3610 2781 Ἀνα-

2027 2819 2133 2882 6ὰς
2169 2818 2258 2884 εἰς
2287 2816 2447 2886 ὕψος
2467 2817 2943 2886 ᾐχμαλώτευσεν
2959 2821 3402 2888 αἰχμαλωσίαν,
3427 2819 3612 2872 ἔδωκε

2026 2906 2253 2974 δόματα
2287 2907 2358 2961 ἐν
2385 2906 2739 2974 ἀνθρώποις.
2782 2907 2974 2974 Δεξιάν
3003 2908 3060 2961 δὲ
3087 2907 3183 2962 τοῦ
3223 2909 3358 2961 Θεοῦ
3395 2910 3498 2961 οὑκ
3542 2909 3608 2962 ἄν

2025 3009 2110 3055 τις
2167 2994 2408 3064 ἁμάρτοι
2452 2993 2514 3046 τὸ
2547 2993 2776 3064 Πνεῦμα
2826 2987 3252 3068 προσαγορεύων
3291 2997 3353 3050 τὸ
3411 2998 3563 3066 ἅγιον
3589 3013 3604 3026 ·

2027 3083 2214 3155 ἐπειδὴ
2241 3084 2336 3137 καὶ
2358 3084 2495 3138 Θεοῦ
2518 3085 2777 3150 δάκτυλος
2817 3086 3168 3157 ὀνομάζεται,
3210 3088 3283 3152 ὡς
3316 3088 3416 3158 τῆς
3442 3089 3608 3157 Τριά-

2027 3175 2114 3240 δος
2145 3177 2277 3246 μίαν
2314 3177 2547 3248 ἐχούσης
2587 3178 2776 3231 οὐσίαν
2810 3178 3046 3250 δύναμίν
3080 3197 3141 3233 τε
3173 3181 3270 3235 καὶ
3301 3182 3604 3251 ἐνέργειαν.

2023 3266 2270 3336 Σωθῆναι
2300 3268 2483 3320 τοίνυν
2509 3268 2659 3338 ἡμᾶς
2693 3269 2721 3320 6
2752 3269 3046 3340 Προφήτης
3073 3271 3168 3323 καὶ
3198 3273 3604 3341 ὲπακουσϐἧναι

2021 3357 2338 3428 παρακαλεί
2371 3357 2450 3426 τῷ
2484 3356 2786 3428 Πνεύματι,
2817 3359 2902 3413 ἵνα
2923 3364 3294 3430 πνευματικοὶ
3320 3362 3603 3432 γενώμεθα

2022 3450 2116 3503 καὶ
2143 3451 2241 3520 τῆς
2267 3450 2492 3520 χάριτος
2529 3451 2629 3522 τῆς
2676 3451 2892 3504 ἐκεῖθεν
2922 3453 3332 3524 κατερχομένης
3367 3456 3598 3523 μέτοχοι.

2034 3539 2167 3593 Ἀπὸ
2205 3541 2315 3610 γὰρ
2355 3540 2536 3594 κοινοῦ
2585 3541 2696 3595 τῶν
2743 3540 3054 3613 ἀνθρώπων
3095 3544 3392 3615 προσώπου
3430 3545 3496 3598 τὰ
3527 3547 3602 3598 εἰ·

2025 3633 2236 3704 ρημένα
2266 3631 2652 3703 πρεσϐεύεται.

2097 3765 2115 3798 ι
2162 3747 2222 3799 '0
2249 3747 2381 3810 Θεὸς
2402 3746 2665 3818 ἐλάλησεν
2695 3747 2752 3799 ἐν
2785 3746 2864 3818 τῷ
2897 3746 3039 3816 άγίῳ
3069 3746 3258 3801 αὐτοῦ.
3303 3766 3321 3798 ι

2111 3838 2170 3890 '0
2197 3837 2434 3908 Χριστὸς
2479 3839 2536 3892 ὲν
2558 3838 2636 3910 τῷ
2665 3837 2811 3910 χορῷ
2833 3839 2943 3892 τῶν
2973 3837 3291 3891 ἀποστόλων
3317 3879 3331 3901 ,
3356 3837 3597 3909 εὔδηλον.

2018 3928 2179 3998 Δηλοῖ
2206 3928 2262 3980 δὲ
2293 3928 2361 3981 τὰ
2393 3929 2660 3998 ἑπόμενα,
2693 3932 2752 3983 ὲν
2780 3925 2861 3992 οἷς
2895 3929 2987 3982 τὸν
3029 3929 3238 4001 Κύριον
3284 3930 3416 4000 περὶ
3467 3931 3599 3984 πόδα

2016 4020 2116 4090 τῆς
2139 4019 2233 4073 τοῦ
2270 4020 2560 4090 Προφήτου
2594 4019 2836 4092 δεήσεως
2867 4021 3308 4092 ἀποκρινόμενον
3337 4020 3595 4090 ἔγραψεν.

2017 4111 2240 4173 Τούτοις
2268 4114 2381 4175 τοῖς
2414 4111 2645 4182 ὀνόμασι
2688 4112 2788 4183 τὴν
2826 4112 3038 4183 δωρεὰν
3069 4113 3470 4185 χαρακτηρίζει
3506 4112 3598 4166 τοῦ

2016 4201 2370 4272 Πνεύματος·
2412 4201 2635 4255 κοιλάδα
2668 4201 2768 4272 μὲν
2799 4201 2909 4255 τῶν
2950 4203 3189 4270 σκηνῶν,
3215 4204 3324 4256 τῶν
3372 4202 3597 4272 Ἐκκλη-

2018 4293 2150 4346 σιῶν
2179 4293 2442 4364 δηλονότι,
2473 4294 2860 4365 τυγχάνουσαν
2887 4310 2899 4322 ’
2929 4294 3119 4366 ἐπειδὴ
3142 4295 3240 4366 τὴν
3265 4295 3372 4348 τῶν
3395 4295 3599 4367 νοητῶν

2016 4386 2224 4440 ὑδάτων
2263 4373 2607 4457 συναγωγὴν,
2664 4387 2812 4456 φημὶ
2847 4385 2912 4457 δὴ
2959 4385 3054 4440 τοῦ
3102 4386 3500 4458 βαπτίσματος,
3541 4388 3596 4440 ἐν

334 4466 612 4546 peditante
666 4469 998 4538 possideant.
1052 4473 1128 4530 De
1175 4492 1285 4547 quo
1325 4479 1453 4534 alibi
1495 4480 1665 4536 David
1711 4483 1807 4549 ait,
1840 4482 1910 4536 Et

2026 4478 2080 4547 τῇ
2101 4475 2310 4530 κοιλάδι
2335 4475 2508 4546 ταύτῃ
2546 4477 2612 4546 τῇ
2646 4477 2883 4548 χορηγίᾳ
2909 4480 2976 4547 τῇ
3017 4477 3110 4530 τοῦ
3155 4477 3477 4548 Πνεύματος
3505 4477 3596 4531 κέ·

341 4657 556 4721 nostra
581 4649 809 4708 fructus.
849 4654 1117 4713 Caeterum
1149 4658 1350 4718 Sicima
1384 4663 1778 4734 interpretatur
1819 4665 1921 4719 lm-

335 4742 579 4808 meratio,
620 4743 676 4797 id
714 4755 798 4799 est
827 4751 1162 4808 excellentia
1197 4773 1208 4808 :
1243 4756 1348 4810 hoc
1381 4757 1530 4811 enim
1570 4758 1830 4813 humerus
1861 4759 1917 4812 in

333 4829 516 4885 divina
557 4829 835 4904 Scriptura
877 4839 1177 4911 signiﬁcat;
1224 4846 1372 4900 unde
1412 4847 1481 4902 de
1519 4846 1681 4904 Saule
1716 4847 1812 4913 ait,
1841 4847 1917 4902 Ab

333 4920 550 4976 humero
597 4935 647 4979 et
695 4943 858 4997 supra
911 4933 1144 4987 excelsus
1177 4936 1244 4989 ".
1296 4935 1436 5000 Quid
1485 4947 1665 4993 autem
1709 4938 1914 5008 Spiritu

333 5013 659 5072 sublimius?
686 5022 770 5074 vel
806 5022 984 5091 qualis
1027 5025 1294 5080 celsitudo
1321 5043 1418 5097 par
1445 5038 1539 5083 aut
1575 5029 1796 5098 aequalis
1825 5045 1914 5084 re-

334 5103 498 5172 periri
547 5110 722 5177 possit
759 5112 975 5168 muneri
1019 5113 1131 5178 isti,
1177 5117 1320 5184 quod
1359 5117 1608 5174 Christus
1645 5120 1914 5174 exaltatus

333 5195 647 5254 distribuit?
689 5201 794 5258 Sed
845 5215 901 5259 et
943 5206 1190 5270 metitur,
1236 5207 1291 5262 id
1333 5219 1433 5272 est,
1479 5211 1547 5266 ad
1598 5227 1910 5267 mensuram

333 5285 546 5344 dividit.
599 5289 728 5347 Nam
776 5295 1069 5366 unicuique
1119 5299 1486 5355 manifestatio
1535 5301 1770 5373 Spiritus
1818 5303 1911 5358 tri-

335 5376 521 5435 buitur
559 5393 722 5452 prout
751 5387 1025 5443 conducit.

412 5558 572 5616 Vens.
613 5559 696 5616 10.
735 5582 753 5616 ι
791 5564 948 5622 Moab
978 5568 1124 5628 lcbes
1152 5573 1266 5644 spei
1301 5589 1452 5630 mete.
1489 5595 1507 5626 ι

339 4555 498 4611 valles
530 4559 872 4615 abundabunt
911 4566 1175 4634 frumento
1205 4569 1284 4635 ⁹¹;
1322 4585 1446 4625 cum
1487 4571 1576 4628 hic
1611 4573 1682 4627 sit
1721 4547 1910 4628 salutis

2026 4589 2244 4641 κτηνται
2275 4586 2290 4600 ο
2321 4571 2446 4642 περὶ
2482 4563 2544 4622 οῦ
2591 4569 2827 4641 ἀλλαχοῦ
2859 4587 3025 4641 φησιν
3074 4573 3103 4624 6
3149 4547 3336 4637 Δαϐὶδ,
3382 4570 3492 4625 Καὶ
3540 4567 3596 4624 αι

2017 4662 2298 4727 κοιλάδες
2323 4663 2713 4730 πληθυνοῦσι
2737 4663 2913 4718 σῖτον
2934 4679 2950 4694 ο
2975 4663 3165 4733 ἐπειδὴ
3195 4663 3296 4732 τῆς
3321 4663 3596 4733 ἡμετέρας

2019 4753 2295 4824 σωτηρίας
2321 4753 2348 4804 6
2370 4752 2601 4823 καρπός.
2623 4753 2835 4822 Σίκιμα
2855 4753 2913 4806 δὲ
2934 4751 3191 4819 ὠμίασις
3207 4749 3594 4823 ἑρμηνεύεται,

2017 4842 2299 4896 τουτέστιν
2332 4842 2490 4912 ἐξοχή
2518 4857 2532 4869 ·
2564 4841 2722 4894 τοῦτο
2761 4843 2870 4913 γὰρ
2913 4843 2942 4895 6
2992 4835 3144 4912 ὦμος
3187 4842 3337 4913 παρὰ
3371 4843 3437 4912 τῇ
3480 4840 3598 4909 Θείᾳ

2023 4935 2214 5006 Γραφῇ
2249 4934 2402 5005 δηλοί
2423 4951 2437 4966 ο
2472 4933 2594 4988 ὅθεν
2621 4934 2868 5004 περὶτοῦ
2902 4934 3076 4988 Σαούλ
3109 4950 3298 5004 φησιν,
3343 4933 3598 5001 Tui-11.169

2022 5027 2371 5098 ῥπερωμίαν
2411 5025 2508 5078 καί
2539 5025 2764 5079 ἐπάνω.
2795 5026 2862 5079 Τί
2889 5026 2946 5078 δὲ
2981 5026 3075 5079 τοῦ
3101 5026 3425 5093 Πνεύματος
3457 5025 3598 5096 ύψηα

2022 5116 2274 5186 λότερον;
2310 5116 2342 5187 ἢ
2383 5116 2516 5172 ποία
2544 5135 2627 5180 τις
2678 5118 2922 5188 ὑπεροχὴ
2966 5117 3108 5171 κατά
3131 5116 3231 5187 τὴν
3271 5117 3598 5187 δωρεάντὴν

2022 5208 2232 5262 ἐκεῖθεν
2260 5209 2594 5279 εὑρίσκεται,
2619 5210 2688 5280 ἢν
2712 5210 3013 5280 ὑψούμενος
3037 5212 3066 5262 6
3088 5209 3323 5278 Χριστὸς
3351 5209 3599 5278 διαμερί-

2019 5299 2134 5366 Cat;
2172 5300 2331 5353 Ἀλλὰ
2355 5300 2460 5370 μὴν
2491 5302 2586 5355 καὶ
2610 5301 2912 5372 διαμετρεῖ,
2936 5300 3202 5364 τουτέστι,
3231 5300 3368 5370 πρὸς
3398 5303 3598 5369 μέτρον

2021 5392 2239 5464 διαιρεῖ.
2275 5387 2522 5466 Ἐκάστῳ
2565 5393 2676 5466 γὰρ
2716 5397 2749 5465 ἡ
2795 5395 3102 5465 φανέρωσις
3147 5391 3244 5446 τοῦ
3281 5392 3598 5462 Πνεύματος

2024 5485 2162 5554 πρὸς
2191 5483 2252 5536 τὸ
2286 5485 2566 5556 συμφέρον
2604 5485 2827 5539 δίδοται.

2099 5592 2117 5625 ι
2147 5575 2321 5628 Μωάὁ
2357 5575 2520 5646 λέϐης
2546 5575 2649 5646 τῆς
2670 5575 2885 5640 ἐλπίδος
2912 5592 3036 5648 μου.
3073 5594 3094 5630 ι

409 5749 633 5846 2:353};
659 5769 874 5846 Latium,
909 5766 991 5822 l2.
1069 5771 1114 5802 ⁸⁸
1142 5772 1291 5828 Isaia:
1326 5789 1514 5841 xvxnt,
1546 5776 1598 5831 5.
1675 5775 1880 5833 EH’Psal.
1909 5792 1924 5832 ι

2026 5791 2107 5844 ιω,
2138 5775 2222 5830 l9.
2299 5775 2344 5808 9°
2379 5773 2580 5845 Ephcs.
2613 5792 2686 5844 ιγ,
2715 5775 2767 5832 8.
2845 5777 2885 5810 "
2921 5776 3060 5833 Psal.
3109 5791 3255 5846 Lstv,
3293 5775 3370 5834 lt.

339 5822 381 5851 ⁹²
414 5821 542 5894 llcg.
585 5839 657 5891 Ix,
680 5826 734 5881 2.
