4044 6228
500 211 634 276 1313

1667 211 2133 276 FRAGMENTA
2165 213 2251 276 ΙΝ
2282 216 2641 280 PSALMOS.

3622 221 3769 327 11314

571 328 671 382 Διά
697 326 791 381 τοῦ
824 328 1000 384 Μωάϐ
1038 328 1108 384 τὰ
1131 328 1262 401 ἔθνη
1293 329 1589 385 αἰνίττεται
1616 346 1631 362 υ
1659 329 1863 403 λέϐητα
1900 330 1960 385 δὲ
1992 331 2078 386 ὲλ-

2258 332 2362 388 Per
2400 333 2558 391 Moab
2605 343 2797 407 gentes
2846 335 3088 391 insinuat
3137 355 3150 392 :
3195 338 3430 396 lebetem
3480 356 3610 397 vero
3651 326 3768 416 Spei

498 421 649 484 πίδος
679 420 821 475 αὑτά
860 420 1040 488 καλεῖ,
1082 423 1330 475 τουτέστι
1373 420 1768 494 θερμαίνοντας
1808 422 1906 476 καὶ
1941 425 2078 476 ἀνα-

495 513 884 587 ξωπυροῦντας
912 515 1024 587 τὴν
1050 516 1130 581 et;
1157 515 1321 570 αὐτὸν
1356 514 1568 568 ἐλπίδα.
1598 514 1725 579 Πῶς
1758 514 1816 568 δὲ
1856 513 2081 584 θερμαί·

494 625 682 671 νοντας
708 624 723 674 ;
754 607 835 678 τῷ
863 607 1040 679 νοητῷ
1065 608 1201 679 πυρὶ
1238 607 1339 677 τῆς
1374 605 1658 677 ἐνεργείας
1698 605 1794 659 τοῦ
1823 606 2077 677 Πνεύμα-

495 717 607 763 τος.
646 699 787 769 1]υῷ⁸
817 699 927 772 γὰρ
955 700 1087 770 ὁρᾷς
1115 699 1206 753 τὸν
1236 698 1441 770 λέϐητα
1468 697 1921 768 θερμαινόμενον.

570 812 589 843 ι
632 792 757 845 Ἐπὶ
793 791 891 860 τὴν
936 792 1242 862 Ἰδουμαίαν
1273 791 1480 845 ἐκτενῶ
1508 784 1570 844 τὸ
1605 791 1878 862 ὑπόδημα.
1919 809 1937 842 ι

564 884 842 938 Δείκνυσιν
878 886 905 937 ὁ
934 884 1171 954 Χριστὸς
1193 884 1340 946 ὅπως
1374 885 1473 954 τὴν
1500 882 1611 937 τῶν
1642 883 1815 937 ἐθνῶν
1850 880 2077 953 Ἐκκλη-

497 976 618 1030 σίαν
648 975 959 1047 ἔμπροσθεν
1001 975 1062 1042 ἐξ
1119 977 1338 1047 Ἰσραὴλ
1383 977 1752 1045 ὑποταγεῖσαν
1798 976 2075 1045 ἐποίησεν,

496 1052 744 1130 ἐκτείνας
789 1069 885 1121 καὶ
930 1069 1129 1140 μέχρις
1159 1067 1341 1121 αὐτῶν
1371 1068 1434 1123 τὸ
1476 1069 1751 1139 ὑπόδημα,
1774 1062 1988 1139 δηλαδὴ
2018 1069 2079 1121 τὸ

496 1160 867 1229 Εὑαγγέλιον·
916 1161 1053 1232 ὅπερ
1113 1163 1335 1232 μηνύων
1386 1162 1643 1233 Ἰωάννης
1690 1163 1719 1215 ὁ
1768 1162 2078 1229 Βαπτιστὴς

495 1251 679 1320 ἔλεγεν
700 1293 713 1316 ,
740 1252 1023 1320 ⁸Ερχεται
1049 1254 1174 1321 μετ’
1202 1252 1326 1321 ἐμὲ,
1358 1248 1430 1309 οὗ
1458 1254 1568 1307 οὐκ
1595 1252 1712 1322 εἰμὶ
1735 1253 1942 1319 ἱκανὸς
1972 1252 2080 1306 λῦ-

493 1359 598 1397 σαι
643 1342 750 1396 τὸν
800 1343 1017 1413 ἱμάντα
1065 1344 1169 1398 τοῦ
1219 1344 1604 1415 ὑποδήματος
1654 1344 1861 1399 αὐτοῦ.
1911 1343 2079 1397 Οὔπω

495 1435 603 1507 γὰρ
629 1430 746 1505 εἶχε
785 1436 977 1506 καιρὸν
1005 1438 1387 1507 ἐκφρασθῆναι
1432 1439 1492 1490 τὸ
1536 1437 1891 1506 Εὑαγγέλιον.
1918 1435 2079 1489 Οὕτω

493 1527 549 1581 δὲ
591 1527 726 1581 αὐτὸ
756 1527 916 1581 καλεῖ
947 1528 1043 1581 καὶ
1076 1528 1316 1592 Παῦλοςο
1367 1530 1503 1599 φησι
1545 1530 1655 1599 γάρ
1677 1544 1690 1559 ⁸
1751 1527 2078 1596 Ὑποδησά-

489 1638 663 1692 μενοι
692 1620 834 1688 τοὺς
882 1621 1075 1688 πόδας
1116 1622 1189 1675 ἐν
1225 1622 1540 1692 ἑτοιμασίᾳ
1567 1622 1673 1676 τοῦ
1709 1622 2079 1693 Εὐαγγελίου

2184 426 2331 497 ipsas
2382 436 2562 493 vocat,
2618 428 2671 483 id
2718 439 2803 484 est
2830 428 3217 487 calefacientes
3270 442 3326 487 et
3374 436 3770 492 resuscitantes

2184 532 2337 587 spem
2396 518 2450 572 in
2506 518 2706 588 ipsum.
2764 519 3054 586 Quomodo
3106 531 3287 579 autem
3348 516 3769 583 calefacientes?

2184 606 2373 677 utique
2417 606 2645 677 spiritali
2684 608 2806 679 igne
2843 609 3235 681 inoperationis
3275 612 3512 686 Spiritus
3566 618 3764 672 sancti.

2183 697 2444 755 Lebctem
2476 700 2622 753 enim
2654 700 2806 756 vides
2837 702 2960 772 igne
2989 703 3244 758 caleﬁeri.

2263 808 2280 841 ι
2313 789 2373 843 In
2400 789 2676 844 ldumcam
2697 793 2985 846 extendam
3014 795 3462 852 ealceamentum.
3499 816 3517 847 ι

2253 880 2507 937 Christus
2555 882 2796 946 ostendit
2850 885 3121 953 quomodo
3179 888 3419 957 gentium
3466 888 3765 945 Ecclesiam

2183 990 2366 1030 coram
2415 976 2582 1030 Israel
2624 976 2730 1031 sibi
2772 976 3070 1048 subjectam
3105 977 3317 1045 fecerit,
3345 997 3515 1051 usque
3546 983 3614 1037 ad
3647 982 3767 1037 illas

2184 1084 2403 1139 quoque
2429 1069 2859 1124 calceamentum
2886 1086 3042 1125 suum
3070 1074 3393 1138 extendens,
3419 1075 3469 1129 id
3493 1086 3573 1130 cst
3593 1077 3768 1131 Evan-

2184 1161 2384 1231 gelium
2432 1178 2445 1214 :
2489 1161 2633 1231 quod
2693 1156 2980 1217 insinuans
3029 1162 3270 1219 Joannes
3325 1165 3563 1236 Baptista
3612 1168 3765 1233 dixit,

2193 1251 2347 1307 Venit
2369 1261 2484 1323 post
2509 1270 2609 1316 me,
2647 1254 2800 1323 cujus
2836 1270 2937 1308 non
2967 1271 3083 1309 sum
3108 1256 3297 1326 dignus
3335 1266 3391 1311 ut
3420 1257 3618 1311 solvam
3653 1259 3768 1327 ejus

2185 1347 2467 1417 corrigiam
2537 1346 2880 1400 calceamenli
2931 1347 2997 1401 ⁸³.
3050 1346 3305 1403 Nondum
3371 1349 3521 1404 enim
3580 1349 3771 1405 aderat

2188 1444 2403 1505 tempus
2456 1435 2781 1490 enuntiandi
2831 1436 3209 1509 Evangelium.
3268 1439 3361 1493 Sic
3416 1455 3546 1495 vero
3605 1439 3769 1494 etiam

2185 1525 2387 1581 Paulus
2429 1526 2560 1581 illud
2611 1526 2867 1597 appellat,
2901 1528 2976 1583 ait
3021 1530 3166 1583 cnim
3202 1548 3214 1583 :
3250 1529 3490 1585 Calceati
3527 1533 3683 1602 pedes
3715 1533 3770 1586 in

2185 1621 2632 1691 prazparationcm
2685 1618 2967 1690 Evangelii
3019 1622 3168 1690 pacis
3212 1622 3280 1675 9‘.
3342 1623 3551 1679 Idcirco
3605 1623 3771 1694 igitur

493 1713 602 1782 τῆς
621 1713 886 1783 εἰρήνης.
914 1713 1014 1767 Διά
1033 1714 1190 1769 τοῦτο
1209 1714 1390 1768 τοίνυν
1408 1715 1556 1786 αὐτῷ
1576 1715 1703 1777 τοὺς
1724 1714 2077 1785 ἀλλοφύλους,

2188 1709 2538 1780 alienigenas,
2571 1709 2782 1764 scilicet
2810 1725 2907 1765 cos
2936 1711 3026 1781 qui
3059 1718 3188 1767 sunt
3215 1726 3279 1766 ex
3306 1713 3579 1783 gentibus,
3609 1711 3769 1768 Iesus

492 1802 694 1874 δηλαδὴ
745 1805 875 1868 τοὺς
931 1804 989 1871 ἐξ
1040 1804 1232 1870 ὲθνῶν,
1291 1807 1320 1859 ὁ
1378 1806 1586 1876 Ἰησοῦς
1654 1805 1919 1873 ὑπέταξε,
1982 1806 2079 1860 καὶ

492 1895 567 1960 ώς
607 1896 981 1965 ὑποταγέντας
1031 1897 1112 1962 εἰς
1160 1896 1260 1969 τὴν
1305 1897 1403 1952 τοῦ
1446 1888 1665 1971 Ἰσραὴλ
1709 1898 2079 1970 κληρονομίαν

496 1989 819 2059 συνήγαγεν.

575 2097 594 2130 ι
629 2078 724 2142 Τίς
744 2078 944 2143 ἀπάξει
975 2095 1044 2151 με
1074 2078 1155 2142 είς
1191 2076 1346 2132 πόλιν
1377 2078 1673 2150 περιοχῆς
1704 2098 1723 2132 ι

568 2256 729 2309 Πόλιν
766 2256 1028 2327 περιτηρἠς
1066 2254 1166 2327 τὴν
1218 2255 1552 2327 Ἐκκλησίαν
1581 2257 1741 2311 καλεῖ
1764 2274 1779 2290 ο
1810 2258 1868 2310 έν
1905 2259 2081 2331 ταύτῃ

498 2345 607 2417 γὰρ
632 2347 729 2401 ὅλα
760 2346 1081 2419 περιέχεται
1129 2345 1227 2400 τοῦ
1260 2346 1500 2415 Χριστοῦ
1531 2348 1599 2401 τὰ
1632 2350 1908 2420 μυστήρια
1930 2364 1944 2379 ⁸
1989 2351 2083 2405 καὶ

500 2437 663 2505 νόμος
710 2437 805 2492 καὶ
833 2437 1110 2509 προφῆται
1159 2437 1247 2491 διὰ
1285 2437 1387 2508 τῆς
1426 2438 1600 2509 αὐτῆς
1653 2440 1932 2505 πολιτείας
1986 2459 2083 2494 πε-

502 2528 797 2600 ριέχονται.
851 2528 962 2599 Τὴν
1016 2528 1187 2601 αὐτὴν
1245 2530 1302 2584 δὲ
1360 2531 1460 2584 καὶ
1532 2532 1838 2602 Ἰδουμαίαν
1902 2532 2078 2587 καλεῖ.

500 2621 678 2675 Μόνου
722 2619 815 2675 τοῦ
864 2620 1103 2693 Χριστοῦ
1131 2622 1224 2676 τὸν
1261 2622 1477 2696 Ἰσραὴλ
1532 2625 1679 2695 πρὸς
1728 2627 1828 2695 τὴν
1856 2620 2083 2697 Ἐκκλη-

502 2712 625 2765 σίαν
661 2712 933 2782 ὁδηγῆσαι
983 2713 1343 2785 καθέστηκεν,
1387 2715 1446 2778 ὃς
1497 2714 1757 2768 ἀπώσατο
1783 2716 1911 2779 τοὺς
1954 2717 2083 2770 Ἰου-

498 2804 680 2866 δαίους
706 2804 784 2867 ὡς
802 2804 883 2867 είς
902 2804 1068 2859 αὐτὸν
1104 2805 1181 2877 μὴ
1219 2805 1620 2871 πιστεύσαντας
1640 2824 1654 2838 ο
1700 2807 1817 2860 ἀλλ’
1845 2807 1907 2861 οὐ
1948 2808 2084 2866 πάν-

499 2911 631 2957 ταςο
668 2894 788 2947 οὐδὲ
827 2894 1051 2965 ἐξῆλθεν
1091 2896 1270 2950 αὐτῶν
1313 2898 1371 2951 ἐν
1413 2899 1536 2959 ταῖς
1567 2898 1891 2968 δυνάμεσιν·
1922 2916 2084 2952 τουτ-

499 2989 641 3051 ἐστι,
680 2984 806 3049 τοὺς
838 2988 896 3039 ὲν
933 2987 1118 3052 αὐτοῖς
1160 2989 1439 3055 δυνατοὺς,
1467 2989 1673 3061 δηλαδὴ
1706 2990 1833 3054 τοὺς
1867 2990 1945 3061 μὴ
1991 3007 2083 3044 πι-

502 3080 857 3145 στεύσαντας,
888 3081 990 3134 οὐκ
1026 3081 1269 3135 ἀπέϐαλε
1297 3081 1387 3135 διὰ
1423 3082 1552 3146 τοὺς
1583 3082 2013 3148 πιστεύσαντας.

576 3189 596 3225 ι
641 3173 741 3237 Δὸς
769 3175 900 3245 ἡμῖν
923 3172 1178 3244 βοήθειαν
1206 3174 1270 3227 ὲκ
1293 3173 1549 3244 θλίψεως.
1583 3193 1602 3227 ι

573 3349 836 3420 Βοήθειαν
861 3349 927 3404 ἐκ
960 3348 1191 3419 θλίψεως
1213 3348 1291 3421 τῷ
1311 3347 1428 3420 λαῷ
1460 3349 1569 3404 τῶν
1602 3350 1877 3405 Ἰουδαίων
1904 3351 2087 3405 πίστιν

501 3442 562 3507 ἐξ
590 3442 850 3505 ἀπιστίας
903 3442 1294 3513 πρεσϐεύεται.
1360 3442 1644 3514 Σωτηρίαν
1695 3442 1752 3496 δὲ
1793 3442 2085 3514 ἀνθρώπου

498 3532 598 3601 τὴν
631 3530 690 3595 ἐξ
710 3532 1059 3603 ἀνθρωπίνης
1085 3532 1437 3594 διδασκαλίας
1470 3533 1934 3603 προσδοκωμένην
1962 3533 2087 3604 νόη-

504 3641 596 3677 σον
618 3640 629 3653 ·
675 3623 764 3676 οἶα
794 3639 877 3685 τις
906 3619 975 3692 ἦν
1003 3625 1036 3693 ἠ
1081 3622 1190 3680 τῶν
1220 3622 1494 3675 Ἰουδαίων
1527 3623 1849 3677 διδασκαλία
1869 3664 1884 3679 .
1942 3625 2088 3696 Πρὸς

500 3715 609 3787 γὰρ
643 3716 705 3768 τὸ
723 3715 907 3777 αὐτοῖς
932 3712 1130 3768 δοκοῦν
1154 3713 1391 3781 ἐγίνετο.

1064 3804 1361 3858 ΨᾹΛΜΟΣ
1386 3803 1514 3857 Pil'.

577 3917 596 3951 ι
631 3898 723 3961 Εἰς
752 3895 813 3951 τὸ
840 3896 995 3960 τέλος
1022 3895 1239 3966 ψαλμδς
1267 3893 1346 3964 τῷ
1377 3894 1565 3949 Δαυῒδ.
1612 3912 1632 3947 ι

582 3988 924 4059 Ἀναγκαίως
953 3988 1045 4042 τὸν
1062 3987 1278 4058 ψαλμὸν
1298 3988 1404 4052 Εἰς
1421 3985 1488 4040 τὸ
1512 3986 1689 4053 τέλος
1718 3986 1808 4039 τὸν
1839 3985 2085 4058 παρόντα

488 4078 739 4153 ἔγραψεν
761 4095 776 4109 ο
825 4078 939 4149 ἔχει
969 4077 1079 4148 γὰρ
1118 4078 1219 4131 ὅσα
1254 4076 1333 4147 τῷ
1370 4075 1517 4130 τέλει
1554 4079 1656 4148 τῆς
1696 4076 1792 4129 τοῦ
1830 4077 2086 4147 Σωτῆρος

501 4170 659 4242 ἡμῶν
692 4168 1184 4241 ὲνανθρωπὴσεως,
1236 4167 1441 4239 δηλαδὴ
1470 4169 1609 4240 πρὸς
1635 4167 1786 4239 αὐτῷ
1813 4166 1890 4239 τῷ
1921 4168 2085 4222 πάθει

502 4265 581 4336 τῷ
626 4265 963 4336 Δεσποτικῷ,
1022 4267 1362 4335 πέπρακται·
1394 4263 1586 4336 διόπερ
1628 4263 1722 4316 καὶ
1752 4263 1844 4316 τὸν
1872 4262 2086 4334 ψαλμὸν

2187 1801 2289 1856 sibi
2310 1800 2559 1871 subjecit,
2590 1809 2645 1856 et
2673 1809 2929 1872 tanquam
2965 1801 3219 1858 subditos
3257 1802 3311 1858 in
3344 1801 3557 1859 lsraelis
3590 1804 3766 1863 haere-

2187 1892 2412 1948 ditatcm
2443 1882 2764 1948 introduxit.

2258 2075 2421 2131 Vens.
2456 2075 2544 2131 ll.
2593 2096 2611 2129 ι
2642 2075 2777 2143 Quis
2822 2075 3056 2131 adducet
3104 2090 3193 2131 me
3236 2075 3290 2131 in
3334 2075 3611 2131 civitatem
3657 2075 3767 2132 cir-

2187 2165 2570 2222 cumstantia?
2606 2185 2624 2217 ι

2260 2255 2550 2310 Civitatem
2582 2254 3004 2311 circumstantiae
3038 2263 3196 2310 vocat
3221 2254 3515 2310 Ecclesiam
3547 2271 3560 2308 :
3597 2253 3651 2308 in
3679 2254 3768 2309 illa

2189 2344 2333 2400 enim
2393 2344 2748 2399 continentur
2798 2344 3054 2399 universa
3106 2342 3319 2399 Christi
3366 2342 3652 2414 mysteria;
3714 2351 3771 2398 ct

2188 2439 2275 2493 lex
2302 2447 2357 2492 et
2387 2437 2666 2508 propheta:
2710 2436 2763 2491 in
2803 2436 2996 2492 eadem
3043 2451 3261 2506 quoque
3296 2435 3481 2506 politia
3519 2449 3772 2505 compre-

2189 2530 2521 2586 henduntur.
2601 2530 2863 2584 Eamdem
2941 2544 3075 2584 vero
3137 2529 3301 2584 etiam
3357 2527 3591 2599 appellat
3641 2526 3769 2582 ldu-

2188 2638 2402 2677 mmam.
2433 2620 2728 2677 Constituit
2766 2620 2936 2676 solius
2958 2620 3164 2675 Christi
3213 2635 3334 2676 esse
3357 2619 3617 2675 Israelem
3668 2619 3768 2673 ad-

2189 2714 2391 2769 ducere
2431 2713 2498 2768 ad
2542 2712 2866 2778 Ecclesiam,
2894 2712 2987 2782 qui
3024 2711 3242 2767 Iudaeos
3271 2711 3473 2782 repulit
3512 2720 3771 2780 tauquam
3834 2726 3837 2727 '

2187 2821 2300 2861 non
2340 2806 2629 2860 credentes
2669 2802 2722 2857 in
2753 2818 2909 2870 eum;
2952 2818 3295 2861 verum’non
3332 2818 3561 2859 omnes:
3589 2818 3771 2873 neque

2190 2882 2442 2966 egressus
2489 2893 2588 2948 fuit
2632 2896 2687 2947 in
2729 2892 3028 2948 virtutibus
3080 2908 3289 2957 eorum,
3325 2893 3376 2947 id
3408 2899 3511 2958 est,
3550 2907 3647 2947 eos
3676 2892 3769 2962 qui

2193 2986 2334 3042 inter
2378 2988 2526 3057 ipsos
2569 2994 2824 3056 potentes
2875 2993 3052 3049 erant,
3093 2984 3306 3039 scilicet
3350 2984 3615 3050 inﬁdeles,
3658 3000 3769 3039 non

2111 3059 2153 3117 ε
2189 3077 2389 3147 repulit
2425 3085 2648 3146 propter
2686 3075 2892 3130 ﬁdeles.

2259 3168 2425 3224 Vens.
2480 3168 2567 3224 15.
2628 3185 2648 3220 ι
2706 3167 2782 3221 Da
2834 3165 2999 3222 nobis
3068 3166 3336 3221 auxilium
3408 3165 3476 3222 de
3547 3165 3771 3221 tribula-

2190 3259 2359 3313 tione.
2390 3277 2409 3310 ι

2257 3351 2534 3405 Auxilium
2560 3349 2628 3406 de
2660 3349 3010 3405 tribulatione
3040 3350 3241 3420 populo
3266 3348 3578 3405 Iudaeorum
3609 3350 3771 3406 ﬁdem

2187 3459 2257 3498 ex
2309 3441 2633 3497 inﬁdelitate
2684 3441 2998 3496 annuntiat.
3053 3441 3298 3497 Salutem
3349 3456 3481 3498 vero
3529 3442 3768 3497 hominis

2187 3532 2425 3605 intelligo
2450 3534 2598 3588 illam
2617 3548 2738 3603 qua:
2764 3548 2827 3587 ex
2849 3532 3088 3587 humana
3115 3531 3359 3587 doctrina
3380 3540 3761 3601 exspectatur:

2185 3627 2363 3696 qualis
2402 3634 2522 3681 erat
2566 3626 2655 3680 illa
2700 3627 2952 3681 doctrina
2987 3623 3301 3679 Judzeorum
3335 3641 3348 3677 :
3395 3623 3463 3677 ad
3503 3622 3764 3692 placitum

2186 3718 2333 3772 enim
2364 3718 2609 3787 ipsorum
2637 3719 2821 3773 ﬁebat.

2550 3878 2553 3879 ί
2715 3806 3033 3862 PSALMUS
3061 3806 3239 3863 cvm.

2255 3897 2421 3955 Vens.
2465 3901 2518 3955 i.
2554 3917 2574 3952 ι
2606 3901 2666 3954 In
2690 3899 2854 3955 ﬁnem
2890 3900 3129 3971 psalmus
3161 3900 3350 3955 David.
3383 3917 3400 3951 ι

2258 3990 2578 4049 Necessario
2597 4000 2922 4063 prmserttem
2961 3993 3228 4062 psalmum
3285 3992 3563 4063 inscripsit
3595 3993 3659 4049 In
3704 3994 3772 4063 ﬁ-

2186 4100 2344 4139 nem:
2375 4085 2620 4141 continet
2650 4084 2797 4140 enim
2854 4096 3197 4155 quaecunque
3236 4083 3535 4139 Salvatoris
3594 4086 3771 4140 nostri

2186 4173 2576 4230 incarnationis
2600 4174 2693 4229 ﬁni
2724 4173 3064 4237 acciderunt,
3089 4173 3299 4229 scilicet
3328 4187 3392 4227 ea
3419 4187 3540 4243 quae
3566 4172 3621 4226 in
3656 4173 3773 4243 ipsa

2188 4263 2471 4320 Dominica
2500 4265 2753 4335 passione
2789 4273 2938 4335 gesta
2968 4274 3134 4320 sunt:
3163 4270 3388 4335 propter
3413 4278 3578 4333 quam
3602 4263 3771 4318 etiam

503 4358 865 4429 ὲμελῴδησεν.
931 4356 1129 4410 Είκόνα
1174 4356 1281 4427 γὰρ
1334 4355 1524 4426 φέρειν
1570 4357 1665 4408 τοῦ
1712 4354 1952 4425 Χριστοῦ
1994 4354 2082 4408 τὸν

2193 4359 2339 4413 hunc
2367 4359 2635 4429 psalmum
2668 4359 2890 4414 cecinit.
2925 4357 3182 4412 Davidem
3212 4357 3361 4411 enim
3389 4354 3592 4409 Christi
3636 4354 3775 4409 ima-

502 4450 668 4504 Δαϐὶδ
700 4450 1006 4521 εἰρήκαμεν
1038 4448 1368 4518 φθάσαντες.

578 4562 598 4594 ι
645 4541 705 4595 Ὀ
734 4541 866 4606 Θεὸς
904 4541 1003 4610 τὴν
1035 4540 1242 4594 αἶνεσίν
1282 4557 1384 4610 μου
1446 4539 1522 4610 μὴ
1555 4537 2023 4609 παρασιωπήσῃς.
2062 4557 2080 4590 ι

581 4632 686 4686 Τὸν
711 4632 917 4685 Ἰούδαν
939 4632 1258 4685 αἰνίττεται·
1287 4631 1545 4701 περὶγὰρ
1575 4628 1742 4683 αὐτοῦ
1787 4631 1883 4701 τῆς
1903 4630 2087 4701 ψαλμ-

503 4725 666 4796 ῳδίας
692 4725 753 4777 τὸ
783 4725 1032 4779 πλεῖστον
1070 4726 1168 4795 τῆς
1200 4723 1619 4795 προκειμμένης
1643 4723 1951 4794 γέγραπται
1978 4738 1992 4751 °
2024 4716 2085 4775 οὗ

502 4820 563 4874 τὸ
593 4821 770 4890 στόμα
812 4819 1077 4889 πρότερον
1118 4817 1194 4881 ὠς
1227 4816 1575 4890 ἀμαρτωλοῦ,
1619 4816 1873 4887 δεύτερον
1910 4815 1966 4867 δὲ
2010 4813 2086 4879 ὡς

502 4912 680 4966 δολίου
722 4910 861 4965 κατὰ
886 4909 980 4963 τοῦ
1035 4910 1242 4980 Κυρίου
1297 4909 1582 4980 ἀνοιγῆναι
1616 4909 1965 4979 εὑρήσομεν
2009 4907 2087 4970 ὡς

501 5002 611 5074 γὰρ
642 5002 965 5075 ἁμαρτωλὸς
989 5003 1081 5054 καὶ
1105 5001 1429 5073 παράνομος
1450 5003 1564 5064 τοῖς
1600 4998 1874 5065 Ἰουδαίοις
1907 5000 2085 5067 ἔλεγε·

511 5094 574 5147 Τί
597 5093 803 5149 θέλετέ
842 5111 945 5164 μοι
985 5092 1218 5159 δοῦναι,
1261 5093 1421 5162 κάγὼ
1454 5093 1597 5163 ὑμῖν
1622 5091 1956 5159 παραδώσω
1984 5093 2089 5147 αὐ-

505 5186 614 5236 τόν
638 5200 669 5245 ;ν
693 5184 770 5247 ὡς
797 5184 970 5247 δόλιος
1010 5183 1206 5254 Χαῖρε,
1250 5184 1470 5252 Ῥαϐϐὶ,
1499 5183 1635 5255 πρδς
1676 5182 1884 5254 Ἰησοῦν
1918 5173 2039 5235 εἷπε
2069 5222 2084 5249 ,

509 5273 606 5326 καὶ
659 5275 1067 5342 κατεφίλησεν
1122 5275 1311 5328 αὐτόν
1340 5290 1355 5304 ·
1422 5273 1721 5346 ἀρραϐῶνα
1777 5275 1891 5338 τοῖς
1946 5273 2088 5344 λαμ-

509 5366 732 5422 ϐάνουσι
755 5365 1003 5431 δεδωκὼς
1031 5368 1132 5437 τῆς
1167 5367 1462 5438 προδοσίας
1492 5366 1555 5421 τὸ
1580 5366 1816 5438 φίλημα.

583 5475 605 5512 ς
653 5457 948 5528 Ἐλάλησαν
971 5460 1092 5512 κατ’
1122 5460 1258 5530 ἐμοῦ
1284 5458 1539 5532 γλώσσῃ.
1574 5480 1593 5513 ι

2193 4452 2372 4523 ginem
2404 4449 2609 4505 referre
2635 4450 2885 4519 superius
2914 4449 3174 4504 diximus.

2263 4541 2425 4597 Vens.
2452 4541 2507 4595 2.
2539 4562 2557 4594 ‹
2586 4543 2744 4603 Deus,
2769 4540 2981 4595 laudem
3013 4555 3188 4594 meam
3217 4555 3286 4595 ne
3320 4538 3574 4596 tacueris.
3606 4555 3625 4592 ι

2265 4635 2458 4690 Judam
2490 4634 2769 4698 insinuat;
2802 4633 2870 4687 de
2899 4632 3017 4703 ipso
3049 4632 3196 4687 enim
3231 4632 3459 4687 maxima
3491 4647 3617 4703 pars
3672 4630 3774 4685 hu-

2189 4725 2281 4795 jus
2340 4725 2533 4795 psalmi
2591 4724 2791 4794 scripta
2846 4732 2970 4790 est;
3009 4724 3166 4795 cujus
3218 4738 3280 4779 os
3318 4723 3469 4793 prius
3520 4731 3774 4791 tanquam

2194 4815 2516 4886 peccatoris,
2541 4815 2738 4870 deinde
2765 4830 2895 4870 vero
2941 4825 3197 4887 tanquam
3228 4816 3398 4872 dolosi
3442 4825 3630 4871 contra
3670 4814 3775 4869 Do-

2196 4907 2405 4962 minum
2440 4916 2687 4978 apertum
2737 4908 2905 4963 fuisse
2944 4909 3284 4979 reperiemus
3313 4928 3327 4964 :
3358 4923 3484 4963 nam
3518 4916 3771 4976 tanquam

2194 5010 2450 5069 peccator
2471 5009 2527 5055 et
2558 5000 2776 5070 iniquus
2803 5000 3008 5057 Judaais
3029 5001 3237 5056 dixerat
3262 5017 3276 5055 :
3309 4999 3445 5065 Quid
3465 4998 3622 5053 vultis
3671 4998 3774 5052 mi-

2193 5089 2248 5142 hi
2274 5095 2424 5158 dare,
2448 5099 2496 5145 et
2526 5106 2618 5160 ego
2643 5092 2786 5145 vobis
2814 5108 2934 5145 eum
2960 5092 3173 5145 tradam
3207 5091 3293 5142 '5?
3324 5098 3577 5158 tanquam
3623 5086 3777 5143 dolo-

2195 5195 2289 5236 sus
2319 5180 2423 5235 Are
2440 5180 2605 5237 Βαιθὺὶ
2625 5181 2689 5237 ad
2709 5183 2896 5238 Jesum
2919 5182 3079 5249 dixit,
3104 5190 3156 5236 et
3174 5181 3441 5235 osculatus
3466 5188 3543 5234 est
3572 5195 3691 5233 eum
3706 5179 3775 5244 “,

2192 5274 2438 5329 osculum
2466 5274 2525 5328 in
2560 5275 2773 5347 signum
2813 5273 3141 5346 proditionis
3173 5273 3387 5330 donans
3434 5270 3778 5343 capientibus

2191 5381 2340 5421 eum.

2263 5460 2423 5518 Vens.
2450 5463 2505 5518 5.
2538 5483 2555 5514 ι
2594 5461 2779 5519 Locnti
2806 5472 2932 5519 sunt
2959 5460 3243 5518 adversum
3266 5474 3355 5517 me
3383 5459 3584 5533 lingua.
3621 5475 3643 5512 ι

576 5628 794 5690 “Joan.
828 5649 867 5703 ι,
897 5632 985 5690 27.
1062 5634 1109 5668 ’³
1139 5634 1342 5706 Ephes.
1375 5649 1447 5699 τι,
1479 5633 1566 5689 15.
1643 5635 1690 5669 "
1723 5632 1912 5690 Matth.
1947 5650 2082 5702 xxvr,

2188 5634 2213 5689 ἰ.
2289 5635 2335 5667 ³⁸
2375 5633 2509 5689 ibid.
2535 5633 2623 5689 49.
