4044 6228
376 283 518 351 1315

1572 290 1941 352 HESYCHII
1972 293 2450 360 PRESBYTERI

3505 311 3644 377 1316

427 399 565 458 Cum
594 402 993 459 enim'nullum
1052 402 1318 459 haberem
1379 402 1676 461 inimicitiae
1724 406 1805 461 vel
1844 406 1910 461 od

2129 412 2260 466 Οὑδε
2270 414 2399 484 μίαν
2434 416 2539 486 γὰρ
2570 416 2785 489 ἔχοντες
2828 419 3032 492 ἔχθρας
3062 421 3095 493 ἢ
3129 421 3318 493 μίσους
3346 423 3605 480 ὑπόθεσιν
3625 460 3641 486 .

360 501 757 562 argumentum,
785 494 1019 549 oderunt
1074 504 1253 550 tamen
1291 495 1472 566 ipsum
1518 498 1678 552 morti
1735 498 1915 553 trader

2053 504 2285 574 ἐμίσουν
2331 507 2482 577 ὅμως
2514 510 2679 579 αὑτὸν
2710 509 3027 567 θανατῶσαι
3051 513 3401 585 βουλόμενοι’
3432 518 3531 572 καί⁵
3549 519 3643 574 λό-

359 586 601 641 volentes
620 603 635 641 :
656 595 711 640 et
731 587 1075 642 sermonibus
1095 588 1201 643 odii
1221 587 1715 657 circumdederunt,
1733 594 1917 663 quandi

2052 615 2170 665 γοις
2215 599 2410 671 μίσους
2448 601 2775 658 ἐκύκλωσαν
2797 645 2812 669 ,
2843 605 3009 675 ἡνίκα
3043 608 3100 660 ὲν
3131 607 3212 680 τῷ
3253 610 3520 682 συνεδρίῳ
3543 612 3643 684 τῆς

361 680 411 732 in
435 675 687 746 synedrio
710 674 851 731 aulae
877 676 1131 748 Caiaphze
1157 686 1403 736 astantes
1428 680 1594 737 falsos
1618 691 1784 738 testes
1815 698 1945 739 con-

353 765 609 822 citarunt.
653 767 846 824 Locuti
889 778 1018 824 sunt
1046 780 1228 826 autem
1258 770 1523 827 adversus
1546 772 1724 842 ipsum
1762 774 1943 845 lingua

351 855 557 921 dolosa,
610 858 831 928 quando
866 875 1116 916 summus
1166 863 1424 919 sacerdos
1455 880 1684 935 surgens
1718 866 1853 921 dixit
1876 870 1941 922 ad

350 962 474 1001 eum
510 966 524 1002 :
551 949 757 1019 Adjuro
784 960 834 1004 te
854 967 947 1019 per
989 951 1152 1006 Deum
1183 954 1379 1022 vivum,
1408 963 1463 1008 ut
1491 956 1638 1010 dicas
1689 957 1856 1021 nobis,
1891 959 1939 1013 si

348 1045 479 1092 mea
511 1036 742 1093 Christus
767 1040 937 1094 Filius
969 1040 1062 1095 Dei
1091 1042 1156 1096 ’7.
1197 1044 1318 1098 Non
1364 1044 1512 1099 enim
1555 1055 1614 1099 ut
1661 1045 1938 1102 discerent

346 1129 439 1183 sed
474 1137 533 1183 ut
559 1128 912 1201 blasphemiae
940 1133 1147 1188 crimen
1179 1133 1283 1205 ipsi
1325 1135 1705 1207 impcngerent
1756 1138 1940 1194 istius-

346 1220 491 1275 modi
518 1220 958 1277 sciscitabantur.

421 1310 582 1366 \-'eas.
614 1312 670 1369 4.
710 1330 729 1364 ι
762 1311 871 1369 Pro
919 1329 985 1370 eo
1028 1325 1088 1370 ut
1118 1315 1406 1388 diligerent
1457 1335 1542 1374 me
1577 1321 1941 1377 detrahebant

346 1402 505 1457 mihi.
549 1421 568 1454 ι

413 1494 654 1567 Equum
669 1501 813 1552 enim
828 1506 945 1553 erat
960 1508 1020 1553 ut
1037 1498 1216 1569 ipsum
1232 1500 1618 1572 diligerent,eo
1632 1506 1778 1574 quod
1794 1520 1940 1560 mor-

341 1589 441 1645 bos
470 1605 660 1645 eorum
691 1601 956 1656 curasset,
986 1591 1292 1647 esurientes
1337 1608 1714 1663 saepenumero
1757 1596 1939 1653 cibas~

338 1688 455 1746 set;
514 1688 888 1734 verumtamen
929 1666 1045 1735 'illa
1109 1681 1225 1751 ipsa
1268 1681 1646 1739 beneﬁcentiae
1708 1685 1935 1757 pignora

336 1786 457 1840 quae
519 1770 841 1826 exhibuerat
893 1771 1112 1842 ipsimet
1181 1773 1328 1844 apud
1382 1773 1615 1830 Pilatum
1671 1751 1930 1834 traduxe-
1968 1751 2009 1807 Β

339 1870 486 1917 runt.

404 1952 564 2009 Vens.
589 1953 642 2009 6.
682 1973 702 2006 ι
737 1952 1022 2011 Constitue
1069 1971 1234 2027 super
1254 1973 1379 2013 eum
1410 1969 1772 2029 peccatorem.
1808 1981 1827 2015 ι

401 2044 869 2111 Quemadmodum
905 2048 1046 2103 Deus
1068 2049 1373 2117 appellatus
1396 2058 1480 2105 est
1502 2052 1710 2120 justus,
1762 2062 1819 2108 et
1838 2056 1928 2123 ju—

330 2136 476 2192 stitia
503 2136 737 2206 gaudere
764 2137 1083 2207 perhibetur
1106 2138 1393 2208 (Quoniam
1421 2140 1599 2210 justus
1649 2142 1922 2207 Dominus,

331 2239 379 2284 et
407 2230 643 2299 justitias
683 2231 968 2299 dilexit”;
1010 2232 1080 2287 ita
1132 2232 1380 2287 diabolus
1409 2242 1663 2301 peccator
1709 2243 1813 2299 est,
1838 2245 1925 2290 ut-

330 2333 456 2392 pote
479 2338 668 2381 amans
699 2333 980 2395 peccatum
1008 2340 1022 2390 ;
1055 2332 1110 2379 et
1142 2340 1249 2378 non
1292 2324 1465 2379 solum
1501 2325 1618 2395 ipse
1671 2340 1921 2400 peccans,

302 2416 427 2471 “sed
457 2417 617 2472 etiam
674 2426 956 2488 peccatum
1007 2418 1419 2474 admittentibus
1467 2419 1726 2476 ducatum
1777 2437 1922 2492 pra:-

329 2505 485 2562 bens.
518 2507 673 2564 llunc
701 2510 817 2563 vult
840 2508 996 2565 Iudae
1021 2510 1318 2580 praeﬁcere,
1344 2523 1406 2566 ut
1445 2511 1546 2581 ipsi
1595 2528 1706 2568 non
1762 2529 1920 2569 secus

330 2607 491 2668 atque
519 2599 858 2654 daemonibus
908 2600 1141 2669 imperet
1168 2619 1183 2668 ;
1216 2601 1654 2673 quandoquidem
1681 2604 1924 2674 proditor

328 2688 504 2760 ipsius
532 2704 684 2758 aeque
710 2704 776 2743 ac
805 2689 1020 2773 illorum
1057 2693 1233 2759 partis
1262 2692 1449 2747 fuerit.

403 2884 423 2920 ι
465 2868 527 2923 Et
568 2839 815 2924 diabolus
837 2878 945 2926 stet
969 2886 999 2923 a
1032 2870 1239 2926 dextris
1270 2872 1407 2941 ejus.
1447 2891 1466 2923 ι

394 2957 514 3015 Νοη
569 2960 743 3015 solum
788 2975 913 3016 cum
962 2961 1264 3033 discipulus
1328 2973 1475 3019 esset
1527 2975 1918 3037 praeceptorem

2050 688 2221 760 αὐλῆς
2257 691 2352 745 τοῦ
2385 693 2614 763 Καῖάφα
2660 697 3020 767 περιστάντες
3070 700 3304 771 ἤγειραν
3330 700 3642 774 ψευδομαρ-

2047 783 2259 851 τυρίας.
2306 785 2608 857 Ἐλάλησαν
2647 786 2707 840 δὲ
2743 787 2866 842 κατ’
2901 790 3068 843 αὐτοῦ
3091 789 3319 866 γλώσσῃ
3350 794 3520 868 δολία,
3546 797 3637 851 ὅτε

2045 875 2074 927 ὁ
2102 874 2392 945 ἀρχιερεὺς
2420 877 2661 942 ἀναστὰς
2695 879 2849 948 ἔλεγε
2881 882 3019 951 πρὸς
3069 884 3232 938 αὐτόν
3262 901 3278 915 ·
3324 886 3637 956 Ἐξορκίζω

2044 980 2119 1020 σε
2144 969 2295 1020 κατὰ
2316 968 2424 1022 τοῦ
2459 970 2609 1025 Θεοῦ
2634 971 2744 1026 τοῦ
2767 971 2986 1040 ζῶντος
3010 1016 3024 1042 ,
3052 976 3154 1029 ἵνα
3184 976 3329 1048 ἡμῖν
3356 978 3552 1048 stunc,
3581 984 3634 1037 εὶ

2043 1058 2125 1111 σὺ
2155 1060 2215 1114 εἴ
2257 1064 2290 1115 ὁ
2327 1063 2588 1130 Χριστὸς
2617 1067 2649 1119 ὁ
2690 1064 2822 1132 Υἱὸς
2845 1067 2952 1121 τοῦ
2987 1068 3156 1122 Θεοῦ.
3189 1069 3326 1124 Οὐδὲ
3364 1071 3476 1143 γὰρ
3502 1073 3632 1143 βου-

2042 1150 2261 1221 λόμενοι
2288 1152 2497 1224 μαθεῖν,
2516 1154 2656 1209 ἀλλὰ
2673 1155 3054 1228 βλασφημίας,
3076 1160 3152 1224 ὡς
3170 1160 3412 1231 ἐδόκουν,
3433 1163 3624 1237 ἐγκλη-

2042 1260 2124 1313 μα
2158 1244 2376 1312 πλέξαι,
2407 1246 2630 1301 τοιαῦτα
2669 1251 2995 1306 ὲπύνϐανον.
3368 1309 3415 1329 ρ,

2116 1355 2135 1388 ι
2183 1335 2327 1391 Ἀντὶ
2357 1338 2454 1392 τοῦ
2485 1341 2708 1413 ἀγαπᾷν
2745 1360 2815 1413 με
2868 1342 3213 1399 ἐνδιέὁαλλόν
3238 1362 3327 1416 με.
3375 1364 3394 1398 ι

2104 1516 2327 1570 Δίκαιον
2349 1518 2458 1589 γὰρ
2487 1518 2650 1572 αὐτὸν
2673 1521 2920 1592 ἀγαπᾷν,
2940 1522 3083 1595 ὑπὲρ
3105 1517 3179 1577 ὧν
3206 1523 3391 1577 αὐτῶν
3414 1523 3515 1589 τὰς
3537 1525 3624 1578 νό-

2039 1625 2166 1671 σους
2212 1611 2437 1672 ἰάσατο,
2493 1610 2801 1677 πεινῶντας
2862 1613 3133 1681 πολλάκις
3186 1615 3456 1686 ἔθρεψενο
3505 1616 3623 1672 ἀλλ’

2038 1700 2200 1755 ἀτινα
2250 1704 2528 1773 παρέσχεν
2555 1704 2881 1776 εὐεργεσίας
2912 1705 3149 1779 ινέχυρα
3168 1710 3326 1764 αὐτοὶ
3357 1710 3495 1782 πρὸς
3528 1711 3621 1765 τὸν

2037 1794 2270 1848 Πιλᾶτον
2293 1794 2561 1849 διέϐαλον.

2107 1989 2127 2021 ‹
2167 1971 2523 2040 Κατάστησον
2552 1974 2641 2025 ἐπ’
2670 1973 2834 2048 αὑτδν
2869 1976 3216 2046 ἁμαρτωλόν.
3255 1999 3275 2031 ι

2101 2064 2313 2134 ’Ὠσπερ
2329 2066 2356 2117 ό
2382 2064 2514 2127 Θεὸς
2537 2065 2748 2130 δίκαιος
2780 2050 3252 2139 προσηγόρευται,
3284 2071 3381 2125 καὶ
3401 2072 3614 2143 χαίρειν

2029 2155 2346 2227 δικαιοσύνῃ
2394 2156 2614 2224 λέγεται
2660 2160 2918 2229 (Δίκαιος
2961 2161 3073 2231 γὰρ
3113 2165 3351 2231 Κύριος,
3382 2166 3481 2218 καὶ
3522 2166 3614 2219 δι-

2028 2250 2359 2314 καιοσύνας
2399 2248 2724 2318 ἠγάπησεν
2743 2254 2786 2319 )·
2824 2248 3000 2317 οὕτως
3027 2255 3356 2325 ἁμαρτωλὸς
3379 2260 3408 2311 ὁ
3435 2258 3615 2311 διάϐο-

2031 2340 2143 2406 λος,
2175 2342 2250 2404 ὼς
2278 2342 2720 2416 φιλαμαρτήμων
2754 2363 2767 2376 ο
2804 2348 2901 2401 καὶ
2940 2348 3004 2400 οὑ
3047 2348 3210 2417 μόνον
3236 2350 3401 2414 αὐτὸς
3430 2353 3613 2422 ἀμαρ-

2028 2429 2243 2495 τάνων,
2300 2431 2435 2483 ἀλλὰ
2486 2434 2580 2486 καὶ
2624 2437 2736 2497 τοῖς
2790 2435 3144 2506 ἀνεχομένοις
3190 2438 3607 2508 εἰσηγούμενος.

2026 2521 2230 2575 Τοῦτον
2260 2524 2355 2576 ἐπὶ
2392 2524 2483 2577 τὸν
2531 2524 2737 2580 Ἰούδαν
2779 2529 3119 2599 καταστῆναι
3165 2529 3436 2600 βούλεται,
3468 2532 3610 2586 ὥστε

2024 2614 2215 2686 ἄρχειν
2268 2605 2432 2668 αὐτοῦ
2487 2616 2742 2687 καθάπερ
2788 2618 2887 2671 καὶ
2928 2616 3038 2670 τῶν
3078 2618 3351 2690 δαιμόνων
3375 2637 3390 2651 ·
3421 2621 3610 2690 ἐπειδὴ

2023 2705 2123 2775 τῆς
2151 2704 2319 2787 αὐτοῦ
2356 2706 2574 2777 μερίδος
2622 2707 2874 2781 καθάπερ
2901 2708 3128 2763 ἐκείνων
3151 2711 3179 2762 ὁ
3203 2710 3468 2783 προδότης
3493 2712 3611 2781 ἐγί-

2024 2814 2165 2852 νετο.

2101 2907 2120 2940 ι
2154 2890 2265 2944 Καὶ
2286 2889 2535 2953 διάϐολος
2560 2890 2744 2960 στήτω
2773 2882 2840 2943 ὲκ
2869 2888 3060 2955 δεξιῶν
3089 2889 3278 2944 αὐτοῦ.
3311 2908 3330 2942 ι

2090 2983 2165 3036 Οὔ
2206 2983 2369 3054 μόνον
2417 2983 2666 3054 μαθητὴς
2698 2981 2775 3036 ὢν
2822 2982 3102 3053 προέδωκε
3128 2982 3221 3036 τὸν
3257 2981 3604 3047 διδάσκαλον,

324 3051 580 3122 prodidit,
637 3052 733 3107 sed
782 3068 961 3123 neque
1008 3051 1270 3108 allectum
1320 3054 1570 3125 pecunia:
1613 3065 1917 3126 praetexere

2031 3074 2136 3128 ἀλλ’
2182 3051 2305 3130 οὐδὲ
2345 3051 2443 3147 τῆς
2488 3051 3276 3148 φιλαργυρίαςνπροδαλέσοαι
3323 3074 3387 3130 τδ
3432 3075 3608 3139 πάθος

324 3143 501 3213 potuit
532 3161 546 3196 :
571 3159 698 3199 nam
724 3143 978 3200 Christus
1000 3145 1302 3201 inﬁrmitati
1325 3148 1443 3218 ejus
1469 3149 1920 3209 condescendens

326 3235 661 3304 marsupium
684 3236 788 3305 ipsi
847 3238 1284 3302 concrediderat,
1324 3239 1397 3294 ita
1431 3251 1489 3295 ut
1531 3243 1777 3312 proditor
1824 3260 1920 3301 ne-

318 3337 594 3392 quaquam
626 3324 873 3393 pecunite
901 3327 1132 3395 penuria
1161 3328 1451 3384 laboraret.

389 3497 558 3554 Vens.
580 3497 634 3555 8.
673 3518 692 3551 ι
725 3498 883 3554 Fiant
906 3499 1024 3555 dies
1045 3501 1168 3571 ejus
1199 3502 1376 3571 pauci.
1418 3523 1436 3554 ι

391 3591 527 3645 Cum
552 3591 698 3646 enim
732 3591 1088 3664 inauguratus
1117 3600 1265 3648 esset
1294 3600 1355 3648 ut
1383 3593 1437 3648 in
1474 3594 1733 3649 saecuium
1765 3595 1908 3667 Apo-

315 3681 493 3737 stolus
530 3681 670 3739 foret
695 3683 838 3739 sicut
866 3692 921 3739 et
975 3685 1159 3739 caeteri
1190 3685 1442 3755 apostoli,
1484 3685 1672 3755 paucis
1720 3688 1914 3745 diebus

318 3786 494 3842 usque
523 3773 590 3827 ad
615 3774 978 3844 proditionem
1008 3776 1249 3832 servavit
1278 3776 1623 3847 dignitatem.

389 3864 551 3920 Vens.
583 3866 670 3922 10.
701 3885 720 3919 ι
754 3865 1021 3925 Nutantes
1052 3869 1473 3925 transferantur.
1513 3889 1532 3922 ›

387 3956 434 4010 Α
483 3957 667 4013 divina
713 3959 859 4014 enim
912 3960 1219 4032 cognitione
1251 3970 1530 4028 nutantes,
1555 3962 1624 4018 ab
1685 3964 1910 4035 antiqua

317 4061 414 4101 sua
441 4049 611 4118 patria
637 4047 1025 4122 Hierosolymis
1052 4053 1270 4108 exsules
1301 4053 1426 4109 facti
1450 4062 1607 4121 sunt;
1635 4063 1690 4110 et
1708 4055 1909 4127 ubique

316 4146 584 4194 terrarum
657 4141 991 4208 mendicant,
1036 4143 1219 4198 locum
1276 4145 1629 4202 habitationis
1681 4147 1908 4204 minimc

206 4215 213 4222 ’
315 4233 653 4304 reperientes
683 4252 697 4289 :
729 4237 874 4306 quod
904 4237 1183 4307 proprium
1223 4246 1308 4292 est
1338 4240 1736 4301 mendicorum.

382 4426 546 4484 Vens.
578 4430 664 4482 1’2.
702 4448 722 4481 ι
753 4427 861 4484 Nec
884 4430 954 4485 sit
980 4430 1071 4501 qui
1094 4432 1439 4488 misereatur.
1481 4456 1500 4487 ι

383 4520 495 4576 Deo
523 4521 670 4578 enim
699 4522 1017 4580 miseratore
1049 4524 1196 4595 ipsos
1234 4539 1524 4584 aversante
1553 4540 1608 4586 et
1640 4531 1892 4588 dicente:

310 4608 523 4677 Quoties
579 4612 718 4667 volui
758 4630 1076 4686 congregare
1100 4615 1399 4686 ﬁliostuos,
1451 4623 1894 4691 quemadmodum

2021 3166 2256 3238 ἠδύνατο
2298 3184 2312 3198 ·
2392 3167 2542 3238 αὐτῷ
2614 3169 2726 3239 γὰρ
2798 3168 2861 3222 τδ
2938 3165 3328 3237 γλωσσόκομον
3382 3169 3412 3221 ό
3471 3169 3609 3239 Xpt-

2022 3259 2147 3322 στὸς
2201 3258 2659 3327 συγκαταϐαίνων
2701 3259 2869 3314 αὐτοῦ
2919 3260 2986 3330 τῇ
3048 3257 3304 3331 ἀσθενείᾳ
3354 3259 3606 3315 ἐπίστευ-

2021 3367 2144 3416 σεν,
2193 3349 2338 3406 ὥστε
2367 3350 2490 3406 οὔτε
2518 3351 2706 3424 ἐνδεὴς
2750 3352 3053 3425 χρημάτων
3080 3351 3111 3406 δ
3148 3353 3419 3425 προδότης
3445 3352 3607 3423 ἐτύγ-

2017 3460 2171 3514 χανε.

2094 3555 2112 3586 ι
2152 3534 2554 3607 Γενηθήτωσαν
2593 3536 2648 3588 αἱ
2673 3535 2884 3608 ἡμέραι
2905 3534 3072 3591 αὐτοῦ
3095 3534 3295 3605 ὀλίγαι.
3331 3552 3352 3587 ι

2087 3627 2506 3698 Χειροτονηίεὶς
2545 3627 2654 3698 γὰρ
2703 3627 2770 3682 δι’
2823 3626 3021 3691 αἰῶνος
3066 3627 3369 3690 ἀπόστολος
3413 3625 3605 3698 ὥσπερ

2015 3720 2110 3771 καὶ
2161 3718 2213 3772 οἱ
2254 3718 2435 3774 λοιποὶ
2480 3719 2794 3783 ἀπόστολοι,
2840 3719 3057 3791 ἡμέρας
3082 3718 3275 3789 ὀλίγας
3298 3719 3399 3783 τὰς
3437 3719 3604 3791 μέχρι

2012 3809 2115 3879 τῆς
2146 3809 2443 3881 προδοσίας
2466 3811 2707 3882 ἐφύλαξε
2747 3811 2808 3864 τδ
2839 3810 3080 3883 ἀξίωμα.

2094 3922 2112 3955 ι
2148 3904 2510 3974 Σαλευόμενοι
2550 3905 3072 3975 μεταναστήτωσαν.
3115 3921 3137 3955 θ

2076 3993 2435 4060 Σαλευθέντες
2455 3996 2565 4066 γὰρ
2594 3995 2702 4049 ἀπὸ
2728 3996 2829 4067 τῆς
2866 3995 2961 4049 τοῦ
2989 3994 3126 4048 Θεοῦ
3150 3993 3429 4063 γνώσεως,
3460 4012 3598 4065 μετ-

2010 4089 2239 4143 ανάσται
2316 4090 2416 4157 τῆς
2483 4088 2724 4158 ἀρχαίας
2787 4086 3153 4159 Ἰερουσαλὴμ
3226 4085 3327 4157 τῆς
3384 4086 3597 4139 ἑαυτῶν

2010 4181 2271 4251 πατρίδος
2321 4182 2576 4250 ἐγένοντο
2603 4197 2617 4211 ο
2665 4181 2763 4234 καὶ
2800 4180 3077 4250 πανταχοῦ
3124 4182 3230 4252 γῆς
3284 4178 3592 4242 ἑπαιτοῦσι,

2008 4273 2171 4326 τόπον
2215 4273 2454 4344 οὐδαμοῦ
2498 4271 2784 4335 κατοικίας
2820 4271 3172 4345 εὑρίσκοντες
3197 4287 3211 4301 ·
3265 4272 3405 4343 ὅπερ
3433 4271 3593 4323 ἐπαι-

2006 4363 2113 4416 τῶν
2140 4364 2291 4420 ἴδιον.

2081 4475 2099 4508 ι
2141 4458 2293 4525 Μηδὲ
2316 4456 2600 4528 γενηθήτω
2630 4455 2949 4526 οἰκτίρμων.
2983 4473 3001 4506 ι

2072 4547 2210 4601 Θεοῦ
2247 4549 2354 4619 γὰρ
2383 4548 2586 4612 αὐτοὺς
2623 4547 3075 4616 ἀποστραφέντος
3118 4545 3214 4599 τοῦ
3239 4547 3584 4616 οίκτίρμονος

2003 4640 2097 4693 καὶ
2118 4640 2364 4704 εἰπόντος
2388 4656 2405 4671 ⁸
2422 4637 2689 4706 Ποσὰκις
2711 4638 2991 4706 ἠθέλησα
3020 4636 3491 4707 ἐπισυναγαγεῖν
3511 4637 3582 4691 τὰ

308 4703 509 4773 gallina
541 4716 821 4779 congregat
866 4707 1039 4777 pullos
1081 4727 1202 4765 suos
1229 4712 1323 4766 sub
1354 4712 1494 4776 alas,
1534 4724 1583 4768 et
1626 4715 1843 4771 noluisti
1873 4719 1900 4772 ?

2035 4731 2182 4786 ἐκνα
2198 4745 2336 4796 σου,
2352 4703 2429 4785 ίὸν
2447 4703 2677 4800 τρόποῆ
2698 4703 2861 4799 ὅρνις
2887 4703 3242 4800 ἐπισυνάγει
3267 4729 3340 4784 τὰ
3358 4703 3583 4783 rodata

309 4795 443 4851 Ecce
508 4795 834 4867 relinquetur
893 4799 1034 4853 rabie
1081 4801 1266 4856 domus
1323 4814 1497 4858 vestra
1557 4805 1761 4860 deserta
1822 4809 1890 4864 ’⁸.

305 4886 443 4954 Quis
491 4886 734 4958 ipsorum
784 4891 1017 4962 amplius
1068 4893 1339 4963 misereri,
1376 4897 1501 4966 quis
1552 4896 1618 4952 iis
1654 4901 1893 4970 compati

303 4982 508 5053 poterit
524 4981 549 5037 ?
1242 4994 1245 4997 ‘

376 5074 537 5131 Vens.
575 5075 664 5132 15.
697 5076 811 5149 «_Et
836 5078 1113 5150 diSpercat
1141 5081 1209 5135 de
1238 5088 1403 5134 terra.
1445 5100 1463 5132 ι

372 5166 532 5234 Quali
562 5170 746 5224 terra?
772 5171 964 5241 utique
987 5171 1287 5226 viventium
1316 5190 1329 5227 :
1357 5171 1424 5227 de
1450 5187 1554 5241 qua
1581 5164 1888 5243 Davidipse

302 5259 443 5316 dixit
464 5279 477 5316 :
501 5260 669 5317 Credo
700 5265 872 5319 videre
901 5265 1036 5318 bona
1055 5261 1271 5319 Domini
1288 5265 1342 5318 in
1364 5273 1507 5320 terra
1535 5267 1816 5321 viventium
1845 5268 1883 5319 ¹.

370 5437 533 5495 Vens.
568 5440 654 5495 16.
685 5461 702 5492 ι
733 5441 837 5499 Pro
860 5458 926 5499 eo
951 5443 1095 5513 quod
1127 5459 1236 5498 non
1259 5452 1343 5499 est
1363 5444 1681 5505 recordatus
1706 5444 1887 5499 facere

302 5526 754 5585 misericordiam.
801 5550 818 5581 ›

1999 4822 2223 4892 ἑαυτῆς
2266 4823 2384 4877 ὑπὸ
2413 4823 2522 4889 τὰς
2571 4822 2892 4892 πτέρυγας,
2920 4820 3021 4876 καὶ
3053 4821 3165 4874 οὐκ
3197 4818 3538 4887 ἠθελήσατε
3561 4835 3577 4848 ο

2014 4909 2158 4962 Ἰδοὺ
2182 4909 2419 4978 ἀφίεται
2449 4913 2483 4964 ὁ
2501 4905 2667 4976 οἷιιος
2687 4909 2856 4979 ὑμῶν
2875 4908 3118 4979 ἕρημος.
3148 4907 3244 4973 Τίς
3274 4908 3470 4973 αὐτοὺς
3498 4908 3580 4962 οἰ-

2006 5001 2237 5072 κτείρειν
2269 5001 2371 5063 ἔτι,
2404 5001 2489 5067 τίς
2521 5001 2872 5072 συμπάσχειν
2910 5000 3139 5072 ἔμελλεν
3173 5017 3188 5066 ;

2071 5110 2089 5142 ι
2130 5092 2240 5145 Καὶ
2269 5092 2686 5164 ὲξολοθρευοείη
2719 5093 2783 5145 ὲκ
2811 5092 2934 5162 γῆς.
2980 5111 3000 5144 ι
3480 5160 3493 5169 η

2037 5220 2047 5229 .
2070 5182 2239 5247 Ποίας
2273 5184 2378 5254 γῆς
2412 5200 2426 5250 ;
2453 5186 2553 5255 τῆς
2578 5183 2688 5238 τῶν
2717 5183 2959 5247 ζώντων
2988 5185 3117 5256 περὶ
3140 5178 3210 5257 ἧς
3240 5184 3400 5249 αὐτὸς
3424 5185 3577 5238 ὁΔα-

1995 5273 2083 5328 διδ
2113 5275 2265 5344 ἔλεγε
2287 5293 2299 5304 ·
2352 5278 2621 5330 Πιστεύω
2661 5277 2768 5331 τοῦ
2802 5277 2956 5331 ἱὸεῒν
3007 5277 3077 5331 τὰ
3123 5275 3316 5347 ἀγαθὰ
3351 5278 3575 5345 Κυρίου

1994 5368 2066 5424 ἐν
2090 5367 2169 5439 γῇ
2192 5367 2443 5429 ζώντων.

2073 5481 2092 5513 ι
2147 5460 2288 5515 Ἀνθ’
2326 5455 2402 5514 ὧν
2430 5460 2531 5528 οὐκ
2554 5462 2803 5534 ἐμνήσθη
2832 5461 3060 5533 ποιῆσαι
3089 5460 3261 5525 ἔλεος.
3301 5480 3321 5514 ι)

374 5729 413 5758 ⁸³
445 5727 639 5781 Matth.
676 5744 821 5794 xxvu,
858 5729 926 5784 65
1026 5734 1071 5765 "
1102 5734 1243 5789 Psal.
1271 5752 1324 5803 Χ,
1355 5737 1411 5792 8.
1487 5739 1532 5771 9°
1559 5737 1750 5793 Matth.
1782 5755 1941 5808 χχιιι,
1974 5720 2065 5799 57.
2149 5745 2163 5775 ¹
2203 5745 2344 5802 Psal.
2380 5750 2598 5817 nm,”
