4032 6222
357 288 487 361 131⁸1

1511 280 1977 344 FRAGMENTA
2015 278 2098 342 IN
2138 280 2497 342 PSALMOS.

3510 278 3644 345 1318

421 402 578 469 Tiw;
632 400 788 471 δῆλον
817 397 891 463 ὡς
949 395 1158 467 ἑαυτῷε
1192 391 1315 449 οὐδὲ
1368 390 1475 463 γὰρ
1519 392 1601 455 είς
1652 392 1942 463 μετάνοιαν

2117 385 2263 441 Cui?
2317 387 2504 458 utique
2564 386 2914 444 manifestum
2963 391 3107 461 quod
3143 390 3244 445 sibi
3293 390 3394 463 ipsi
3424 409 3437 447 :
3466 401 3644 462 neque

358 490 518 559 εἶδεν,
544 494 669 548 ὅθεν
697 493 884 556 ἐλέους
911 492 1093 561 τυχεῖν
1118 487 1215 542 καὶ
1240 482 1658 557 φιλανθρωπίας
1694 482 1942 537 ἀπολαῦ-

361 605 451 642 σαι
472 583 726 657 ἠδύνατο.
744 588 804 641 ’0
830 585 887 639 δὲ
918 583 1111 638 ἑαυτὸν
1135 581 1211 654 μὴ
1239 580 1492 652 ἐλεήσας,
1531 578 1649 645 πῶς
1678 578 1828 651 παρὰ
1849 576 1942 632 τοῦ

361 679 564 751 Κριτοῦ
590 679 883 752 ἐλεηθῆναι
910 677 1137 731 δύναται
1164 693 1179 744 ;

437 876 456 911 ι
497 859 606 913 Καὶ
636 856 961 922 κατεδίωξεν
992 854 1281 927 ἄνθρωπον
1320 853 1550 920 πένητα.
1581 869 1600 900 ι

429 952 604 1022 [Ιένης
633 951 727 1004 καὶ
755 950 971 1019 πτωχὸς
998 950 1026 1003 ὁ
1059 948 1268 1017 Κύριος
1291 963 1303 977 ⁶
1341 943 1532 1015 ἐπειδὴ
1560 941 1816 1006 πλούσιος
1844 939 1942 1009 ὣν,

361 1044 501 1115 ὑπὲρ
541 1043 698 1113 ἡμῶν
736 1042 1085 1112 ἐπτώχευσεν
1110 1057 1124 1071 ’
1170 1041 1230 1093 οὐ
1267 1039 1427 1110 μόνον
1471 1036 1530 1090 δὲ
1566 1035 1944 1106 ἐπτώχευσεν,

364 1132 501 1186 ἀλλὰ
546 1133 643 1186 καὶ
692 1135 769 1196 εἰς
806 1130 1065 1185 τοσοῦτον
1110 1130 1199 1183 διὰ
1250 1130 1348 1200 τὴν
1385 1129 1498 1181 τῶν
1543 1127 1809 1181 Ἰουδαίων
1849 1125 1944 1177 ἁν-

367 1223 560 1292 ηκοῖαν
612 1222 779 1294 πένης
838 1221 1081 1291 ἐγένετο,
1134 1221 1275 1274 ὥστε
1316 1220 1604 1288 λέγειν·Αἱ
1637 1216 1945 1281 ἀλώπεκες

359 1312 630 1381 φωλεοὺς
682 1312 920 1381 ἔχουσι,
983 1312 1081 1366 καὶ
1125 1310 1199 1365 τὰ
1248 1309 1491 1364 πετεινὰ
1526 1307 1635 1363 τοῦ
1679 1306 1944 1376 οἱφανοῦ

360 1403 880 1471 κατασκηνώσεις·
947 1406 980 1457 ό
1026 1402 1095 1456 δὲ
1151 1404 1278 1468 Υἱὸς
1327 1402 1432 1456 τοῦ
1481 1401 1796 1472 ἀνθρώπου
1830 1401 1943 1453 οὐκ

359 1498 486 1567 ἔχει
529 1495 646 1550 ποῦ
678 1495 794 1564 τὴν
817 1494 1099 1565 κεφαλὴν
1147 1494 1355 1565 κλίνῃ.
1395 1494 1577 1564 Ὅπερ
1601 1492 1721 1547 ἐστὶ
1753 1492 1946 1555 πενίας

360 1586 806 1660 ὑπερὸαλλούσης
830 1586 1127 1651 ἀπόδειξις.

431 1700 451 1733 ε
488 1684 599 1737 Κτὶ
629 1683 1108 1753 κατανενυγμένον
1138 1684 1204 1753 τῇ
1226 1681 1447 1752 καρδία.
1493 1699 1513 1732 ι

2046 483 2199 539 enim
2230 483 2296 538 ad
2320 484 2703 555 pmnitentiam
2730 484 2993 555 respexit,
3041 487 3186 541 unde
3216 487 3642 543 misericordiam

2048 587 2214 648 atque
2240 578 2589 633 clementiam
2612 580 2877 649 consequi
2909 579 3206 649 patuisset.
3233 579 3408 645 Quem
3459 588 3632 634 autem

2048 669 2133 724 sui
2175 668 2346 739 ipsius
2372 684 2485 723 non
2516 670 2765 735 miseret,
2802 671 3077 739 quomodo
3116 685 3147 725 a
3193 669 3388 726 Judice
3422 670 3647 725 miscri-

2049 760 2295 836 cprdiam
2337 761 2601 831 consequi
2632 762 2851 832 possit?

2120 850 2282 907 Vens.
2319 853 2402 907 17.
2434 869 2451 902 ι
2481 854 2549 908 Et
2578 864 2903 923 persecutus
2931 864 3016 909 est
3042 854 3322 910 hominem
3360 854 3636 926 inopem»

2120 945 2340 1017 Egenns
2379 954 2436 1000 et
2470 946 2630 1016 inops
2669 946 2931 1001 Dominus
2956 963 2970 1013 ;
3001 946 3126 1017 quia
3148 963 3271 1001 cum
3292 957 3438 1002 esset
3467 947 3639 1012 dives,

2048 1052 2148 1107 pro
2179 1036 2340 1093 nobis
2380 1052 2585 1109 egenus
2617 1037 2795 1093 factus
2820 1047 2905 1093 est
2935 1057 2946 1092 :
2978 1047 3033 1094 et
3069 1054 3178 1093 non
3215 1040 3391 1094 solum
3432 1055 3642 1109 pauper

2047 1126 2171 1192 fuit,
2205 1142 2395 1181 verum
2436 1127 2602 1182 etiam
2634 1138 2859 1199 propter
2878 1127 3194 1184 Judmorum
3235 1131 3638 1185 contumaciam

2047 1220 2115 1275 ad
2147 1229 2354 1275 tantam
2393 1221 2646 1277 redactus
2674 1231 2757 1276 est
2776 1230 3096 1293 egestatem,
3129 1230 3188 1275 ut
3217 1221 3427 1277 diceret
3459 1239 3473 1276 :
3513 1222 3641 1276 Vul-

2047 1327 2135 1380 pes
2166 1312 2339 1380 foveas
2360 1311 2550 1366 habent
2575 1320 2625 1365 et
2660 1311 2892 1366 volucres
2925 1311 3041 1365 ctuti
3074 1312 3260 1373 nidos;
3289 1311 3470 1365 Filius
3520 1328 3641 1365 vero

2047 1402 2271 1457 hominis
2293 1419 2396 1457 non
2425 1404 2578 1458 habet
2608 1405 2697 1456 ubi
2725 1413 2883 1474 caput
2919 1404 3134 1457 reclinet
3156 1405 3216 1456 -².
3251 1404 3408 1469 Quod
3424 1403 3639 1475 signum

2047 1499 2131 1545 est
2155 1500 2413 1547 extrema:
2438 1494 2715 1563 egestatis.

2124 1687 2144 1720 ε
2174 1667 2241 1722 Et
2275 1680 2665 1740 compunctum
2691 1668 2879 1725 corde.
2918 1688 2936 1721 ι

443 1772 502 1827 '0
530 1776 586 1829 δὲ
610 1775 778 1839 αὐτὸς
808 1740 994 1846 καὶ
1023 1740 1228 1846 καρδίᾷ
1254 1740 1322 1827 δέ
1363 1740 1515 1846 ἡμᾶς
1540 1776 1944 1848 κατανενυγμέ-

2121 1759 2270 1815 Idem
2306 1772 2489 1816 autem
2528 1770 2754 1832 propter
2786 1776 2888 1816 nos
2919 1774 3140 1831 quoque
3168 1761 3334 1817 corde
3371 1776 3643 1832 compun-

360 1881 449 1928 νος
484 1881 496 1894 ·
531 1865 722 1936 διόπερ
759 1865 915 1934 ἔλεγε
943 1881 959 1897 ο
991 1864 1331 1934 Περίλυπός
1353 1864 1524 1920 ἐστιν
1557 1866 1596 1935 ἠ
1622 1868 1794 1937 ψυχή
1823 1885 1943 1937 μου

359 1955 471 2023 ἕως
500 1956 788 2011 θανάτου.
1840 1941 1854 1951 ’

438 2070 457 2103 ι
492 2052 599 2104 Καὶ
620 2050 875 2120 ἠγάπησε
903 2047 1171 2120 κατάραν.
1213 2066 1232 2099 ι

433 2141 600 2195 Ποίαν
653 2140 751 2209 τὴν
794 2138 890 2192 τοῦ
939 2137 1279 2206 Μονογενοῦς
1327 2137 1580 2208 ἤκουσεν,
1636 2136 1799 2208 ἡνίκα
1842 2138 1944 2208 τὴν

361 2232 653 2302 προδοσίαν
706 2229 1004 2300 ἐμελέτησε
1052 2227 1340 2298 λέγοντος·
1386 2228 1451 2281 '0
1489 2226 1608 2296 μὲν
1654 2228 1797 2295 Υἱὸς,
1834 2229 1942 2282 τοῦ

360 2324 676 2391 ἀνθρώπου
713 2322 1102 2390 παραδίδοται
1128 2336 1141 2349 ·
1181 2316 1377 2373 καλὸν
1414 2314 1493 2389 ἦν
1524 2318 1706 2385 αὐτῷ,
1747 2322 1801 2374 εὶ
1831 2325 1943 2376 οὐκ

360 2415 652 2484 ἐγεννήθη
682 2418 715 2469 ό
741 2414 1055 2481 ἄνθρωπος
1083 2412 1336 2477 ἐκεῖνος.

441 2526 459 2557 ι
494 2506 603 2560 Καὶ
636 2507 737 2559 οὐκ
763 2506 1027 2575 ἠθέλησεν
1057 2502 1334 2573 εὐλογίαν.
1364 2523 1383 2557 ι

435 2597 700 2665 Εὑλογίαν
735 2597 836 2665 τὴν
881 2597 992 2651 τῶν
1034 2595 1355 2651 ἀποστόλων
1387 2596 1560 2665 λέγει,
1601 2598 1669 2668 ἢν
1706 2599 1889 2662 αὐτοῖς
1915 2601 1944 2653 ὁ

363 2687 594 2757 Χριστὸς
627 2686 972 2757 ἐξεφώνησεν
1004 2703 1020 2718 ο
1064 2684 1248 2756 Ἆμὴν
1292 2686 1451 2755 λέγω
1498 2686 1661 2756 ὑμῖν,
1695 2688 1863 2756 ὑμεῖς
1888 2693 1943 2743 οἱ

362 2775 899 2844 ἀκολουθήσαντές
920 2793 1040 2846 μοι,
1073 2776 1400 2832 καθίσεσθε
1426 2776 1526 2831 ἐπὶ
1557 2776 1786 2833 δώδεκα
1809 2782 1944 2849 θρό-

362 2885 507 2934 νους
525 2910 540 2933 ,
580 2868 888 2936 κρίνοντες
917 2868 1023 2934 τὰς
1049 2866 1277 2921 δώδεκα
1308 2866 1510 2936 φυλὰς
1536 2867 1644 2922 τοῦ
1682 2868 1940 2937 Ἰσραήλ.

443 2982 460 3011 ι
505 2961 613 3013 Καὶ
639 2960 929 3014 ἐνεδύσατο
964 2960 1227 3029 κατάραν.
1265 2978 1284 3012 ι

438 3051 629 3106 Ταῦτα
664 3050 773 3122 γὰρ
812 3050 906 3104 τοῦ
941 3049 1234 3122 ἀνθρώπου
1274 3051 1534 3121 τυγχάνει
1562 3051 1630 3105 τὰ
1653 3051 1899 3106 ὲνδὸσοια
1925 3069 1939 3082 ·

364 3141 506 3195 ὥστε
552 3141 650 3194 καὶ
694 3140 954 3210 δυνάμεις
986 3138 1088 3208 τῆς
1123 3139 1302 3211 ψυχῆς
1337 3134 1477 3194 εἶναι
1508 3140 1578 3195 τὰ
1607 3141 1706 3210 μὲν
1738 3141 1945 3209 ἔγκατα

364 3232 461 3297 τὰς
498 3232 741 3301 λογικάς,
776 3232 963 3303 ἐπειδὴ
985 3231 1055 3286 τά
1073 3231 1281 3300 ἔγκατα
1304 3232 1365 3286 οὐ
1397 3232 1497 3304 τὴν
1521 3233 1695 3305 αὐτὴν
1724 3233 1945 3304 κατέχει

362 3324 594 3395 τροφὴν,
631 3323 770 3377 ἀλλὰ
798 3324 892 3377 καὶ
924 3322 1018 3378 νῦν
1047 3325 1148 3395 μὲν
1174 3323 1411 3395 δέχεται,
1446 3323 1539 3377 νῦν
1568 3324 1624 3377 δὲ
1648 3324 1903 3379 ὲκσάλλει
1929 3342 1943 3357 ·

362 3413 552 3486 ὥσπερ
576 3414 672 3468 καὶ
705 3416 754 3468 οἱ
771 3414 1025 3484 λογισμοὶ
1046 3417 1148 3470 οὐκ
1177 3416 1273 3468 ἐπὶ
1295 3413 1413 3469 τῶν
1427 3415 1608 3469 αὐτῶν
1641 3416 1940 3485 ἑστήκασι·

364 3507 605 3578 συνεχῶς
642 3506 750 3580 γὰρ
789 3507 1241 3578 μεταϐάλλονται.
1273 3508 1355 3562 Τὰ
1385 3508 1443 3562 δὲ
1471 3509 1642 3573 ὀστᾶ,
1675 3508 1776 3572 τὰς
1803 3527 1945 3580 πρα-

364 3599 583 3665 κτικὰς,
626 3601 702 3662 ώς
750 3600 967 3669 ισχυρὰ,
1016 3600 1324 3670 νοήσωμεν.
1370 3599 1590 3670 Ἐπειδὴ
1636 3599 1694 3653 δὲ
1742 3600 1805 3653 τὸ
1846 3601 1945 3670 μὲν

367 3690 513 3762 ὕδωρ
558 3693 670 3754 τοῖς
719 3692 974 3759 ἔγκάτοις
1017 3690 1111 3761 (ὡς
1152 3692 1212 3749 ὲν
1256 3691 1516 3762 ὑγρότητι
1563 3692 1945 3763 τρεφομένοις)

366 3778 725 3848 κατάλληλον,
764 3778 827 3831 τὸ
859 3778 919 3831 δὲ
960 3778 1139 3832 ἔλαιον
1175 3780 1290 3842 τοῖς
1323 3779 1535 3843 ὀστέοις
1573 3781 1803 3853 (σφόδρα
1835 3782 1947 3855 γὰρ

364 3871 548 3943 χαίρει
580 3873 646 3942 τῇ
677 3870 746 3924 δι’
781 3869 962 3924 ἐλαίου
1012 3864 1234 3940 ἀλοιφῇ)
1259 3887 1274 3902 ο
1308 3870 1536 3936 εἰκότως
1556 3872 1618 3926 τὺ
1657 3872 1804 3946 ὕδωρ
1830 3877 1946 3939 τοῖς

366 3963 643 4031 ὲγκάτοις,
674 3962 735 4014 τὸ
764 3961 942 4015 ἔλαιον
964 3965 1079 4027 τοῖς
1107 3961 1313 4026 ὀστέοις
1335 3962 1698 4029 ἀποδέδωκεν,
1728 3965 1806 4031 ὡς
1835 3966 1946 4020 δεῖ-

367 4050 456 4118 ξαι
475 4052 665 4123 ὅτιπερ
688 4050 838 4123 αὐτῷ
862 4051 929 4105 τὰ
955 4053 1055 4124 τῆς
1078 4054 1326 4125 κατάρας
1354 4054 1620 4126 ἥρμοσεν,
1646 4058 1722 4120 ώς
1744 4058 1946 4113 κατάλ-

368 4141 527 4212 ληλον
558 4141 695 4213 αὐτῇ
733 4141 999 4213 πονηρίαν
1032 4142 1448 4213 μεταδιώξαντι.

442 4249 462 4287 t
510 4233 624 4288 Καὶ
654 4233 959 4304 σὺ,Κύριε,
996 4232 1222 4304 ποίησον
1255 4236 1374 4305 μετ’
1402 4234 1561 4306 ἐμοῦ.
1603 4255 1622 4289 ι

439 4325 668 4397 Εἴρηται
703 4323 987 4392 πολλάκις,
1017 4325 1101 4380 ὅτι
1139 4326 1219 4398 τῷ
1249 4327 1530 4399 προσώπῳ
1576 4328 1673 4384 τοῦ
1703 4330 1943 4402 Χριστοῦ

2050 1863 2171 1905 ctus
2194 1850 2329 1919 fuit;
2366 1863 2703 1923 quapropter
2736 1853 2910 1908 dixit:
2948 1852 3134 1913 Tristis
3188 1862 3264 1908 est
3298 1854 3481 1907 anima
3524 1870 3639 1907 mea

2051 1958 2215 2013 usque
2240 1945 2312 1997 ad
2335 1945 2620 2000 mortem’.

2123 2034 2288 2090 Vsus.
2313 2036 2399 2089 18.
2448 2055 2467 2087 ι
2499 2035 2567 2091 Ει
2598 2035 2788 2091 dilexit
2822 2035 3284 2092 maledictionem.
3322 2055 3341 2090 ι

2122 2125 2351 2193 Qualem
2383 2142 2581 2197 nempe
2606 2127 2838 2193 audivit,
2868 2128 3089 2198 quando
3119 2128 3224 2198 ipsi
3272 2127 3638 2199 proditionem

2051 2220 2333 2275 meditanti
2364 2220 2693 2292 Unigeuitus
2740 2220 2899 2288 dixit,
2942 2221 3113 2276 Filius
3161 2223 3372 2293 quidem
3416 2223 3639 2276 hominis

2051 2312 2320 2366 traditur:
2345 2311 2534 2365 bonum
2552 2321 2731 2364 autent
2749 2320 2863 2364 erat
2878 2312 2945 2376 ei,
2963 2312 3010 2365 si
3027 2318 3184 2366 natus
3214 2327 3317 2365 non
3340 2310 3523 2383 fuisset
3545 2309 3641 2365 Ito-

2052 2420 2138 2458 mo
2162 2403 2253 2458 ille
2277 2403 2319 2456 ⁵.

2129 2514 2146 2547 ι
2179 2496 2243 2549 Et
2270 2495 2441 2549 noluit
2462 2494 2928 2551 benedictionem.
2980 2514 2998 2547 ι

2123 2587 2564 2643 Bcnedictionem
2586 2587 2840 2660 intelligit
2868 2588 3266 2657 apostolorum,
3288 2601 3451 2657 quam
3478 2585 3641 2642 Chri-

2051 2686 2168 2732 stus
2192 2676 2323 2747 ipsis
2349 2677 2637 2747 promisit:
2678 2677 2843 2731 Amen
2876 2677 2992 2730 dico
3024 2677 3184 2742 vobis,
3214 2678 3352 2747 quod
3412 2693 3518 2743 vos,
3549 2678 3640 2747 qui

2050 2771 2211 2824 secuti
2231 2771 2355 2824 estis
2390 2786 2491 2833 me,
2514 2770 2760 2824 sedebitis
2780 2786 2937 2839 super
2975 2770 3120 2824 sedes
3166 2770 3462 2837 duodecim,
3486 2770 3640 2841 judi-

2051 2870 2228 2914 cantes
2254 2860 2526 2915 duodecim
2554 2861 2720 2915 tribus
2753 2859 2931 2915 Israel
2959 2861 3002 2917 '.

2128 2972 2146 3005 ‹
2187 2954 2253 3007 Ει
2280 2953 2458 3008 induit
2486 2953 2951 3009 maledictionem.
2987 2972 3006 3006 ι

2123 3045 2250 3102 Haec
2276 3046 2421 3100 enim
2450 3046 2688 3101 hominis
2718 3046 2976 3102 interiora
3013 3052 3183 3113 sunt;
3221 3047 3295 3103 ita
3321 3059 3382 3102 ut
3415 3047 3638 3103 intesti-

2048 3155 2116 3194 na
2147 3139 2368 3210 quidem
2397 3139 2507 3194 sint
2531 3138 2824 3194 rationales
2869 3140 3069 3195 anima:
3112 3140 3364 3206 virtutes,
3395 3140 3644 3211 quando-

2047 3232 2267 3302 quidem
2289 3232 2550 3288 intestina
2581 3247 2691 3286 non
2724 3232 2978 3288 eumdem
3019 3233 3203 3289 cibum
3254 3232 3514 3295 retinent,
3545 3232 3640 3288 sed

2047 3324 2210 3379 modo
2241 3323 2463 3394 quidem
2486 3323 2638 3378 illum
2665 3323 2992 3393 suscipiunt,
3025 3323 3190 3379 modo
3218 3338 3348 3379 vero
3377 3324 3637 3395 ejiciunt;

2047 3416 2189 3471 sicut
2215 3418 2381 3471 etiam
2410 3416 2771 3488 cogitationes
2802 3415 2996 3471 iisdem
3028 3415 3195 3472 rebus
3238 3416 3467 3471 minime
3500 3415 3640 3471 insi-

2046 3514 2220 3573 stunt,
2247 3506 2343 3562 sed
2383 3506 2601 3563 assidue
2624 3512 2928 3562 mutantur.
2956 3504 3092 3563 Ossa
3119 3522 3271 3572 vero,
3303 3515 3490 3577 utpote
3518 3522 3641 3577 quae

2049 3597 2202 3654 ﬁrma
2232 3600 2364 3665 sint,
2396 3600 2624 3655 virtutes
2643 3600 2913 3669 practicas
2948 3598 3336 3670 intelligemus.
3367 3597 3640 3663 Quoniam

2047 3705 2186 3759 aqua
2212 3690 2435 3760 quidem
2460 3689 2737 3745 intestinis
2760 3691 2842 3760 (ut
2871 3704 2992 3759 quae
3040 3682 3270 3743 humore
3299 3688 3640 3757 nutriantur)

2048 3781 2229 3835 oleum
2280 3795 2411 3836 vero
2447 3780 2662 3835 ossibus
2695 3780 2927 3850 quadrat
2978 3780 3118 3850 (haec
3161 3779 3311 3834 enim
3365 3779 3471 3835 olei
3528 3794 3639 3834 un-

2048 3873 2230 3927 ctione
2258 3871 2555 3941 plurimum
2583 3870 2885 3941 gaudent);
2927 3871 3126 3926 merito
3168 3886 3363 3942 aquam
3414 3872 3638 3927 intestio

2047 3963 2154 4029 nis,
2188 3962 2370 4019 oleum
2398 3977 2528 4018 vero
2557 3962 2774 4018 ossibus
2808 3961 3077 4028 attribuit,
3110 3964 3178 4018 ad
3228 3963 3631 4019 ostendendum

2047 4055 2149 4124 ipsi
2185 4063 2496 4125 competere
2543 4053 2970 4118 exsecrationes,
3002 4063 3191 4124 utpote
3222 4055 3373 4113 hisce
3429 4071 3629 4112 conve-

2046 4147 2293 4203 nientem
2319 4148 2587 4203 malitiam
2608 4147 2970 4203 consectanti.

2117 4239 2280 4295 Vens.
2314 4240 2404 4296 2|.
2445 4256 2465 4292 ι
2496 4240 2564 4295 Ει
2591 4249 2671 4306 ιυ,
2707 4238 2952 4303 Domine,
2979 4238 3064 4294 tae
3092 4253 3331 4298 mecum.
3362 4259 3381 4293 ι

2117 4330 2503 4403 Smpenumero
2529 4332 2735 4387 dictum
2767 4339 2871 4397 est,
2903 4346 3153 4402 persona:
3177 4330 3385 4386 Christi
3407 4330 3633 4388 humilia

366 4419 628 4490 ἁρμόττει
661 4418 729 4472 τὰ
772 4420 1007 4474 ταπεινὰ
1056 4420 1143 4473 διὰ
1180 4421 1281 4491 τὴν
1318 4419 1717 4494 άνθρωπότητα
1753 4439 1768 4453 ο
1807 4423 1944 4478 ἀλλὰ

2059 4439 2348 4496 congruere
2394 4431 2618 4495 propter
2666 4421 3104 4489 humanitatem;
3137 4430 3517 4477 verumtamen
3573 4430 3634 4474 ut

368 4512 465 4565 καὶ
490 4511 633 4566 οὕτω
656 4511 725 4566 τὰ
755 4512 938 4583 ὑψηλὰ
978 4515 1092 4578 τοῖς
1120 4516 1403 4580 ταπεινοῖς
1429 4513 1809 4579 συνέζευκται.
1850 4516 1943 4569 El-

2047 4516 2127 4571 sic
2163 4517 2328 4571 etiam
2354 4515 2610 4571 sublimia
2638 4531 2763 4570 cum
2811 4514 3112 4569 humilibus
3142 4513 3437 4582 conjuncta
3481 4522 3628 4569 sunt.

369 4601 486 4656 πὼν
528 4603 658 4675 γὰρ,
714 4605 986 4672 Ποίησον
1019 4604 1340 4675 μετἰὲμοῦ,
1372 4605 1716 4678 προσέθηκεν
1738 4607 1944 4662 ἕνεκεν

2059 4606 2178 4664 Nam
2204 4622 2330 4665 cum
2352 4607 2577 4663 dixisset
2613 4606 2724 4662 Fac
2749 4623 2976 4671 mecum,
3005 4605 3255 4676 adjunxit
3280 4615 3495 4675 propter
3533 4621 3630 4659 no-

367 4693 473 4748 τοῦ
505 4695 796 4764 ὀνόματός
826 4708 944 4751 σου
970 4733 989 4761 ,
1019 4696 1209 4750 ἕνεκεν
1232 4698 1337 4768 τῆς
1361 4696 1503 4768 ἐμῆς
1523 4696 1703 4763 ἀξίας.
1737 4698 1948 4770 Ὀνομα

367 4784 478 4859 γὰρ
506 4786 599 4841 τοῦ
632 4787 845 4859 Πατρδς
879 4789 907 4841 ὁ
930 4788 1058 4853 Υἱός
1081 4803 1095 4818 ·
1128 4788 1318 4859 διόπερ
1362 4790 1476 4854 καὶ,
1518 4790 1945 4861 Εὐλογημένος

366 4882 403 4934 ὁ
429 4879 750 4950 ἐρχόμενος
786 4881 857 4935 ἐν
884 4881 1130 4952 ὀνόματι
1155 4882 1379 4951 Κυρίου
1409 4882 1663 4952 λέγεται,
1713 4883 1790 4948 ώς
1833 4885 1946 4949 leo;

364 4970 518 5043 αὐτῷ
565 4972 852 5044 τυγχάνων
907 4972 1001 5029 καὶ
1051 4973 1493 5045 ἀπαράλλακτος,
1541 4976 1635 5029 καὶ⁸
1668 4976 1755 5030 διὰ
1783 4976 1944 5031 τοῦτο

365 5061 460 5115 τοῦ
504 5063 720 5135 Πατρδς
749 5063 1157 5136 ἀναλαμϐάνων
1203 5064 1267 5119 τὸ
1301 5065 1494 5136 ὄνομα.
1535 5067 1648 5121 Καὶ
1687 5069 1736 5122 εί
1766 5067 1945 5133 οὕτως

300 5150 317 5163 ⁸
368 5152 522 5218 ἀξίας
542 5154 749 5225 ἔχεται,
764 5156 912 5221 τινος
940 5158 1100 5229 χάριν
1118 5156 1479 5229 προσεύχεται
1495 5159 1639 5224 ςὈτι
1654 5159 1944 5228 χρηστὸν,

354 5246 527 5317 φησὶ,
562 5247 628 5300 τὸ
653 5248 823 5314 ἔλεός
856 5265 974 5304 σου
1007 5266 1021 5281 '
1062 5249 1213 5313 ἔλεος
1243 5250 1408 5304 ⁴πάλιν
1437 5250 1532 5303 τοῦ
1563 5251 1778 5322 Πατρὸς
1817 5252 1944 5304 ἑαυ-

368 5334 462 5389 τὸν
508 5335 689 5392 καλῶν
721 5354 734 5369 ⁸
769 5339 915 5403 ἔλεος
950 5340 1050 5410 μὲν
1085 5339 1274 5411 ἐπειδὴ
1306 5339 1396 5393 διὰ
1424 5340 1523 5411 τῆς
1551 5339 1714 5393 αὐτοῦ
1738 5356 1973 5413 παρονο-

373 5428 491 5492 alae,
521 5428 835 5501 ἠλεήθημεν
856 5447 869 5461 ο
906 5432 1051 5495 ἔλεος
1072 5432 1129 5485 δὲ
1152 5431 1247 5485 τοῦ
1274 5432 1486 5503 Πατρδς
1522 5433 1768 5496 εἰκότως·
1795 5432 1942 5501 γνώο-

372 5538 447 5593 μῃ
474 5520 583 5592 γὰρ
614 5521 780 5576 αὐτοῦ
810 5525 843 5594 ἡ
875 5526 1124 5597 σωτηρία
1154 5525 1312 5596 ἡμῶν
1341 5526 1680 5598 πέπρακται.
1723 5526 1941 5597 Ἐπειδὴ

437 5660 458 5691 ⁸
492 5656 684 5732 Matth.
717 5674 835 5726 vui,
860 5658 932 5713 20
964 5667 1017 5715 et
1040 5657 1198 5716 Luca:
1230 5674 1304 5726 Ix,
1340 5659 1428 5715 58.
1506 5662 1526 5693 ³
1550 5660 1746 5715 Matth.
1779 5660 1944 5726 “1,3

2106 5660 2128 5692 ι
2156 5661 2348 5722 Matth.
2380 5679 2532 5732 XXVI,
2570 5664 2662 5719 at.

369 5744 520 5794 um,
552 5729 639 5784 54.

2043 4716 2163 4756 men
2192 4709 2362 4767 tuum,
2396 4707 2618 4771 propter
2646 4713 2825 4754 meam
2849 4697 3191 4770 dignitatem.
3229 4695 3440 4753 Nomen
3470 4696 3619 4752 enim

2051 4791 2233 4849 Patris
2257 4803 2342 4848 est
2365 4791 2535 4848 Filius
2564 4810 2579 4857 ;
2605 4800 2939 4862 quapropter
2972 4790 3136 4846 etiam
3177 4789 3409 4858 dicitur,
3457 4790 3630 4845 Bene-

2051 4885 2221 4940 dictus
2284 4885 2374 4956 qui
2407 4885 2547 4938 venit
2604 4884 2664 4937 in
2690 4883 2899 4937 nomine
2941 4881 3158 4937 Domini
3189 4883 3247 4951 ⁶;
3281 4891 3467 4953 utpote
3524 4882 3632 4953 ipsi

2049 4976 2275 5049 aequalis
2302 4985 2358 5032 et
2396 4974 2855 5032 incommutabilis
2885 4975 3178 5041 exsistens,
3214 4985 3379 5046 atque
3423 4975 3630 5031 idcirco

2051 5068 2228 5126 Patris
2258 5084 2461 5125 nomen
2491 5084 2796 5126 assumens.
2835 5070 2997 5140 Atqui
3057 5070 3100 5124 si
3130 5077 3295 5123 tanta:
3349 5068 3634 5139 dignitatis

2054 5159 2147 5227 sit,
2178 5176 2280 5215 cur
2310 5161 2472 5215 orat?
2515 5159 2678 5227 Quia,
2719 5161 2917 5231 inquit,
2943 5161 3117 5215 suavis
3141 5168 3216 5214 est
3270 5159 3630 5214 misericordia

2052 5258 2142 5303 tua
2173 5265 2191 5304 :
2222 5265 2415 5305 rursus
2452 5252 2810 5321 semetipsum
2844 5251 3020 5305 Patris
3050 5247 3491 5304 misericordiam
3528 5263 3631 5318 ap-

2048 5342 2293 5411 pellans;
2316 5342 2750 5401 misericordiam
2784 5343 3026 5412 quidem,
3059 5341 3189 5410 quia
3210 5354 3308 5410 per
3341 5339 3465 5408 ejus
3484 5353 3632 5409 prae-

2049 5434 2278 5489 sentiam
2305 5436 2587 5490 consecuti
2617 5450 2807 5490 sumus
2827 5433 3255 5488 misericordiam
3280 5449 3296 5496 ;
3329 5430 3505 5487 Patris
3530 5446 3630 5486 au-

2053 5536 2158 5583 tem
2216 5527 2664 5593 miscricordiam,
2702 5529 2832 5599 quia
2886 5527 3146 5581 nimirum
3206 5525 3325 5597 ejus
3350 5524 3632 5582 voluntate

2766 5666 2784 5696 ⁸
2815 5662 3004 5719 Matth.
3045 5678 3157 5728 xix,
3186 5660 3279 5717 28.
3380 5664 3400 5696 ⁸
3439 5661 3626 5720 Matth.
