4044 6228
421 212 563 319 1319
986 269 995 277 -
1619 239 1987 305 ussvcuu

2137 236 2505 301 ESBYTERI
2568 198 2573 203 ’
3584 224 3734 291 13-20

416 367 569 425 salus
595 374 781 422 nostra
813 370 1031 434 peracta
1062 369 1161 421 est.
1195 358 1333 417 Cum
1379 357 1545 430 igitur
1575 367 1683 412 tam
1748 355 2018 425 benignus

2137 353 2305 406 τοίνυν
2350 352 2498 408 οὕτω
2547 353 2786 425 χρηστός
2828 354 2964 423 εἰμι,
3008 353 3151 408 ὥστε
3180 349 3276 404 καὶ
3301 350 3588 423 ἄνθρωαπ
3624 349 3720 403 διὰ

420 459 549 521 sim,
578 467 639 512 ut
667 456 830 510 etiam
860 461 1087 524 propter
1118 451 1409 506 hominum
1474 449 2015 506 commiserationem

2137 444 2219 517 ςὴν
2246 445 2384 518 πρὸς
2409 446 2732 519 ἀνθρώπους
2758 447 3059 518 γενομένην
3090 444 3458 517 συμπάθειαν,
3484 445 3717 514 ποίησον

424 549 588 600 homo
628 543 804 598 factus
825 542 1044 607 fuerim,
1074 541 1159 596 fac
1188 556 1426 596 mecum.
1460 539 1629 597 Decet
1648 540 1797 595 enim
1831 539 2017 594 incar-

420 644 611 688 natum
637 631 1042 704 quodammodo
1074 646 1252 692 orare,
1288 640 1343 685 et
1394 629 1657 685 auxilium
1689 645 1723 685 a
1761 629 1875 683 Deo
1920 645 2019 699 po-

422 727 649 791 stulare,
695 735 859 795 atque
912 725 1143 780 humilia
1182 738 1487 785 assumere,
1519 737 1643 793 quae
1696 730 2020 793 competunt

425 820 778 875 humanitati.

498 912 665 967 Vens.
701 912 792 966 θεὲ.
866 929 888 963 ‹
928 911 1122 966 Libera
1149 923 1258 975 me,
1306 907 1434 978 quia
1478 922 1687 979 egenus
1724 916 1782 961 et
1814 922 2021 977 pauper

426 1020 572 1059 sum.
611 1024 631 1057 1

500 1096 809 1165 Egestatem
858 1106 1013 1145 suam
1064 1088 1429 1145 voluntariam
1486 1087 1765 1157 appellat,
1815 1087 2024 1143 scilico-t

428 1186 907 1250 humiliationem;
948 1190 1327 1254 paupertatem
1356 1195 1550 1236 rursus
1597 1180 1899 1250 propriam,
1926 1179 2023 1234 Ju—

429 1279 673 1333 darorum
728 1276 1178 1332 inobedientiam.
1212 1274 1349 1329 Cum
1383 1273 1531 1327 enim
1572 1272 1744 1343 ipsius
1790 1270 2023 1343 ﬁgmen-

434 1380 551 1422 tum
580 1376 764 1423 essent
794 1381 1018 1437 propter
1043 1381 1263 1421 carnem
1294 1380 1361 1420 ex
1416 1364 1483 1419 iis
1512 1371 1876 1432 assumptum,
1926 1378 2021 1416 nc-

434 1460 673 1516 cessario
717 1460 932 1515 illorum
990 1472 1231 1514 errorem
1263 1471 1417 1511 suam
1457 1463 1678 1526 reputat
1728 1464 2024 1525 pauperta-

437 1560 567 1606 tem.

507 1641 668 1696 Vens.
702 1640 791 1694 23.
831 1658 849 1693 ι
885 1639 1039 1695 Sicut
1071 1639 1262 1694 umbra
1290 1641 1417 1693 cum
1447 1637 1704 1693 declinat.
1747 1655 1766 1689 ι

507 1731 634 1786 Sole
664 1731 731 1786 ad
767 1745 1020 1788 occasum
1051 1739 1332 1801 vergente,
1357 1730 1551 1784 umbra
1581 1728 1702 1798 eius
1723 1726 2021 1798 plurimum

433 1825 702 1890 declinat;
733 1825 852 1895 ipso
903 1834 1087 1879 autem
1150 1824 1533 1890 occumbente,
1577 1821 1694 1876 haec
1725 1821 1890 1875 etiam
1943 1820 2021 1873 si-

435 1918 548 1972 mul
578 1917 709 1972 abit.
737 1916 970 1982 Quando
1014 1917 1179 1985 igitur
1216 1916 1423 1970 malitia
1456 1913 1807 1977 redundavit,
1838 1912 1911 1967 ita
1968 1921 2027 1966 ut

435 2026 607 2081 genus
637 2011 937 2065 humanum
972 2009 1135 2067 ctiam
1167 2009 1433 2063 adversus
1458 2007 1639 2076 ipsum
1692 2005 1886 2069 Deum,
1924 2005 2028 2059 sci-

436 2102 563 2157 licet
602 2102 903 2164 Christum,
970 2116 1167 2157 manus
1197 2102 1460 2165 elevarel,
1494 2108 1627 2153 tune
1680 2096 1931 2151 Christus
1994 2111 2027 2150 e

435 2194 617 2249 medio
667 2194 895 2259 tollitur,
921 2203 978 2249 et
1032 2202 1263 2248 mortem
1326 2191 1585 2256 sustinet,
1617 2198 1680 2244 ut
1726 2188 1931 2243 malitia
1973 2196 2029 2242 et

437 2295 718 2356 peccatum
752 2284 1194 2349 mortiﬁcarctur,
1232 2292 1293 2337 ut
1319 2282 1522 2336 Paulus
1548 2281 1666 2346 ait;
1703 2278 1841 2346 Quia
1882 2288 2028 2333 vetus

436 2380 587 2433 homo
608 2391 780 2434 noster
807 2376 968 2434 simul
988 2378 1269 2447 cruciﬁxus
1303 2376 1439 2441 est",
1474 2383 1579 2430 etc.

509 2469 669 2525 Vens.
694 2472 781 2527 24.
822 2490 840 2522 ‹
864 2469 1052 2525 Genua
1085 2484 1200 2523 mea
1228 2468 1503 2521 infirmata
1526 2472 1677 2520 sunt.
1709 2481 1728 2515 ι

506 2562 645 2617 Citra
670 2561 928 2632 fatigatus
960 2576 1025 2616 cx
1052 2561 1249 2615 itinere
1281 2560 1324 2625 ⁸,
1356 2568 1416 2614 ut
1438 2557 1617 2627 inquit
1639 2555 1903 2620 Joannes,
1939 2568 2028 2609 se-

437 2654 581 2710 derit
602 2654 876 2720 Christus,
906 2654 986 2707 nil
1005 2653 1225 2718 mirum,
1261 2652 1305 2706 si
1331 2651 1493 2706 etiam
1524 2666 1591 2707 ex
1615 2648 1828 2719 jejunio
1852 2660 2029 2718 genua

440 2749 560 2816 eius
620 2746 1013 2801 inlirmcntur:
1073 2746 1140 2799 ad
1193 2744 1378 2799 carnis
1442 2744 1589 2798 enim
1613 2756 1778 2811 quam
1815 2754 2031 2796 assum—

441 2849 626 2910 pserat
658 2837 1039 2909 probationem
1068 2837 1309 2891 humana
1339 2834 1602 2890 sustinuit
1640 2832 1846 2902 absque
1900 2846 2029 2902 pec-

440 2940 563 2987 cato
597 2931 641 2986 ’.

510 3023 676 3079 Vens.
702 3023 795 3079 25.
859 3039 880 3076 ι
907 3021 978 3078 Et
1020 3035 1120 3095 ego
1172 3018 1350 3076 factus
1401 3031 1525 3074 sum
1570 3015 1929 3088 opprobrium
1961 3014 2027 3068 il-

441 3114 531 3171 lis.
569 3133 589 3167 ι

515 3206 641 3261 Hac
686 3205 756 3260 ad
802 3204 1040 3259 litteram
1097 3200 1366 3258 accidisse
1416 3199 1708 3255 Mattheus
1761 3197 2027 3253 tradidit:

445 3296 824 3351 Prwtereuntes
855 3304 1035 3348 autem
1087 3292 1527 3361 blasphcmabant
1574 3307 1715 3356 eum,
1768 3298 2029 3344 moventes

442 3388 621 3456 capita
650 3402 771 3452 sua,
799 3394 848 3440 et
875 3386 1146 3438 dicentes:
1195 3382 1301 3438 Vah
1357 3382 1448 3452 qui
1498 3382 1726 3435 destrui:
1781 3379 2031 3446 templum

442 3477 564 3541 Dei,
588 3478 714 3531 etin
741 3476 917 3529 triduo
937 3473 1073 3528 illud
1093 3472 1407 3540 reazdiﬁcas,
1457 3470 1607 3525 salva
1647 3470 1977 3538 temetipsum
2010 3485 2029 3524 :

440 3568 502 3625 Si
536 3567 710 3623 Filius
735 3567 831 3621 Dei
865 3581 940 3632 es,
983 3562 1236 3618 descende
1283 3561 1348 3615 de
1372 3576 1544 3625 cruce,
1580 3569 1637 3613 ut
1666 3559 1960 3626 videamus,
1981 3567 2030 3613 et

441 3662 716 3717 credamus
752 3659 816 3713 ¹⁰.

510 3753 676 3813 Vsus.
705 3753 796 3808 26.
837 3771 858 3805 ι
880 3752 1090 3823 Adjuva
1122 3763 1231 3815 me,
1257 3746 1510 3812 Domine,
1545 3744 1691 3800 Deus
1718 3757 1893 3798 meus.
1934 3761 1953 3794 ι

510 3847 763 3902 Nostram
784 3859 946 3916 opem
974 3858 1039 3898 ac
1079 3842 1315 3899 salutem
1367 3854 1522 3896 suam
1558 3844 1797 3908 reputat,
1838 3843 2030 3906 utpote

440 3940 709 3995 mediator
761 3946 818 3993 et
875 3936 1121 4008 pontifex
1171 3943 1363 3990 noster
1411 3932 1481 3987 ad
1532 3929 1748 3985 Patrem
1805 3928 2029 3983 factus:

439 4022 773 4104 quapropter
802 4031 1018 4086 Patrem
1044 4036 1206 4086 vocat
1237 4026 1406 4082 etiam
1441 4024 1732 4078 Dominum
1761 4036 1827 4076 ac
1860 4019 2030 4075 Deum

440 4141 600 4181 suum
628 4141 647 4178 :
674 4123 822 4194 quod
851 4121 1054 4177 nostris
1101 4121 1268 4175 etiam
1326 4115 1585 4188 personis
1610 4111 1884 4184 congruit.
1917 4110 2033 4166 Hoc

438 4225 621 4271 autem
652 4214 967 4270 mediatoris
1009 4219 1172 4282 atque
1194 4207 1473 4281 pontificis
1499 4205 1782 4277 proprium
1821 4212 1927 4268 est,
1973 4211 2031 4257 ut

438 4315 679 4363 assumat
701 4320 960 4378 personas
985 4318 1177 4360 eorum
1205 4317 1307 4373 pro
1332 4299 1533 4371 quibus
1562 4296 1834 4356 sacriﬁcat
1854 4305 1910 4352 ct
1941 4294 2029 4349 in-

440 4401 625 4456 terdit.

505 4489 671 4546 Vens.
706 4489 796 4545 27.
836 4509 853 4542 ι
890 4488 956 4543 Ει
984 4487 1160 4544 sciant
1185 4485 1311 4556 quia
1341 4497 1544 4539 munus
1566 4490 1657 4538 tua
1686 4480 1825 4537 haec.
1861 4499 1878 4532 ι

500 4584 729 4649 Qualem
758 4598 887 4638 vero
914 4595 1137 4637 manum
1165 4577 1340 4634 dicit?
1404 4574 1606 4646 Utique
1645 4573 2025 4644 dispensatio-

434 4687 561 4727 nem
600 4673 781 4728 crucis
809 4688 873 4727 ac
902 4668 1324 4726 resurrectionis
1355 4682 1455 4738 per
1510 4679 1737 4720 manum
1771 4663 1875 4718 hoc
1904 4662 2025 4717 loco

434 4761 722 4833 signiﬁcat.
749 4763 886 4817 Cum
916 4762 1063 4816 enim
1092 4776 1286 4831 magna
1336 4757 1604 4813 miracula
1639 4756 1815 4810 soleat
1834 4752 2024 4825 appel-

432 4854 547 4909 lare
572 4853 802 4922 digitum
832 4853 950 4916 Dei,
988 4861 1044 4907 et
1088 4850 1502 4921 comparatione
1557 4862 1751 4903 eorum
1786 4861 1909 4916 qua:
1937 4843 2024 4901 di-

431 4957 520 5003 cta
542 4956 690 5013 sunt,
713 4962 837 5002 cum
893 4944 1191 5000 maximum
1262 4944 1335 4999 sit
1382 4942 1708 4998 miraculum
1736 4939 1913 4995 crucis
1961 4952 2026 4993 ac

432 5039 875 5104 resurrectionis,
902 5037 1218 5095 necessario
1245 5035 1383 5106 illud
1404 5050 1631 5090 manum
1649 5034 1826 5104 ipsam
1843 5040 2022 5087 vocat.

433 5129 551 5187 Hoc
577 5131 767 5201 utique
796 5129 913 5186 vult
934 5129 1099 5185 etiam
1129 5128 1381 5185 homines
1406 5140 1727 5198 agnoscere.
1765 5129 1825 5177 ut
1844 5121 2025 5183 sciant

428 5222 691 5295 quoniam
724 5222 841 5294 ipse
875 5223 1003 5279 fecit
1025 5238 1145 5279 eam
1180 5224 1271 5279 :id
1327 5232 1434 5288 est,
1461 5223 1606 5294 quod
1650 5221 1937 5275 voluntate
1968 5227 2025 5273 et

431 5316 778 5387 neneplacito
807 5317 927 5387 ejus
958 5315 1096 5373 facta
1117 5316 1209 5382 sit,
1232 5313 1489 5370 utPatris
1522 5312 1756 5383 Filiique
1785 5327 2022 5367 consen—

434 5406 640 5463 tionem
698 5407 996 5474 discentes,
1055 5406 1256 5463 divina:
1292 5405 1626 5478 cognitionis
1696 5402 2021 5475 mysterium

432 5494 758 5570 percipiant.

2123 540 2243 612 μετ’
2269 540 2428 611 ἐμοῦ.
2461 540 2672 614 Πρέπει
2704 540 2812 611 γάρ
2839 558 2954 604 πως
2977 538 3316 611 σαρκωθέντι
3345 537 3443 592 καὶ
3474 537 3719 608 προσεύο

2121 632 2334 705 χεσθαι,
2365 632 2465 687 καὶ
2503 633 2767 704 βοήθειαν
2796 636 2969 688 αίτεῖν
2995 633 3149 705 παρὰ
3175 630 3311 684 Θεοῦ
3333 670 3348 697 ,
3376 630 3472 684 καὶ
3502 630 3573 685 τά
3613 647 3721 685 τα-

2122 725 2285 779 πεινά
2344 725 2790 797 ἁναλαμὸἀνειν,
2861 726 2966 781 ὅσα
3012 727 3080 798 τῇ
3139 722 3531 795 ἀνθρωπότητι
3578 722 3722 794 πρέ-

2122 834 2319 871 ποντα.

2197 926 2217 959 ι
2266 906 2459 962 Ῥὖσαί
2496 924 2586 979 με,
2617 908 2700 962 ὅτι
2725 907 2942 979 πτωχὸς
2972 907 3068 961 καὶ
3096 909 3268 980 πένης
3290 906 3429 979 εἰμί.
3475 925 3498 959 s

2194 999 2481 1070 Πτωχείαν
2513 999 2682 1054 αὐτοῦ
2709 1001 2808 1070 τὴν
2840 1001 3089 1054 ἑκούσιον
3142 998 3584 1072 προσαγορεύει,

2123 1090 2301 1144 λονότι
2345 1090 2679 1145 ταπείνωσιν
2712 1107 2726 1121 ⁸
2779 1091 2974 1146 πενίαν
3018 1090 3181 1146 πάλιν
3233 1091 3409 1157 ἰδίαν,
3460 1089 3561 1161 τὴν
3603 1064 3732 1161 tam:

2120 1181 2409 1243 Ἰουδαίων
2458 1183 2768 1253 παρακοήν.
2827 1183 2890 1236 Εἰ
2934 1183 3043 1255 γὰρ
3061 1136 3252 1236 *αὑτοῦ

2123 1272 2215 1327 διὰ
2255 1272 2355 1343 τὴν
2407 1271 2466 1338 ἐξ
2517 1272 2698 1328 αὐτῶν
2752 1272 3055 1343 ληφθεῖσαν
3115 1274 3337 1345 σάρκα,
3398 1269 3719 1341 ἀναγκαίως

2124 1362 2292 1417 αὑτοῦ
2325 1366 2518 1418 πενίαν
2545 1366 2645 1437 τὴν
2679 1365 2907 1421 ἐκείνων
2936 1365 3145 1432 πλάνην
3166 1365 3467 1435 λογίζεται.

2203 1476 2222 1508 ι
2271 1457 2417 1510 Ὠσεὶ
2457 1457 2586 1510 σκιὰ
2616 1459 2674 1511 ὲν
2703 1456 2782 1529 τῷ
2806 1457 3059 1512 ἐκκλῖναι
3087 1458 3282 1531 αὑτήν.
3318 1475 3339 1510 ι

2213 1548 2277 1601 Ἦ
2308 1547 2404 1602 τοῦ
2437 1548 2587 1619 ἡλίου
2621 1550 2750 1604 σκιά
2780 1548 2916 1622 πρὺς
2943 1550 3176 1617 δυσμαῖς
3208 1549 3374 1604 αὐτοῦ
3404 1549 3716 1619 γεγονότος,

2126 1642 2219 1695 ἐπὶ
2252 1642 2387 1697 πολὺ
2416 1642 2677 1697 κλίνεται·
2705 1642 2966 1708 δύνοντος
2991 1643 3049 1698 δὲ
3085 1642 3279 1709 αὐτοῦ,
3306 1644 3402 1698 καὶ
3428 1642 3566 1714 αὑτὴ
3591 1659 3715 1696 συν⁹

2113 1735 2457 1807 ἀπέρχεται.
2512 1736 2644 1791 Ὅτε
2686 1737 2930 1807 τοίνυνζή
2964 1735 3135 1792 κακία
3169 1736 3534 1801 ἐπλεόνασεν,
3571 1734 3714 1788 ὥστε

2131 1828 2226 1882 καὶ
2253 1828 2375 1881 κατ’
2403 1826 2568 1882 αὐτοῦ
2606 1827 2701 1882 τοῦ
2724 1827 2885 1895 Θεοῦ,
2912 1827 3117 1900 δηλαδὴ
3147 1828 3242 1883 τοῦ
3302 1826 3566 1899 Χριστοῦ,
3596 1828 3719 1897 χεῖ-

2136 1935 2236 1991 ρας
2283 1919 2489 1991 ἐπᾶραι
2529 1920 2590 1973 τὸ
2627 1919 2784 1988 γένος
2811 1918 2872 1973 τὸ
2895 1919 3262 1991 ἀνθρώπινον,
3296 1919 3421 1973 τότε
3449 1919 3711 1973 ἀνταναι-

2132 2012 2308 2080 ρεῖται
2341 2011 2369 2063 ὁ
2398 2009 2656 2080 Χριστὸς.
2686 2010 2781 2064 καὶ
2827 2010 3091 2081 ὑπομένει
3121 2009 3389 2076 θάνατον,
3431 2009 3523 2064 ἵνα
3553 2011 3587 2080 ή
3616 2026 3714 2061 κα-

2134 2102 2228 2156 κία
2250 2102 2344 2157 καὶ
2365 2104 2399 2173 ἡ
2424 2101 2672 2173 ἁμαρτία
2700 2101 2975 2173 νεκρωθῇ,
2999 2101 3255 2174 καθάπερ
3284 2100 3500 2165 Παῦλος
3528 2116 3718 2171 φησιν⁸

2134 2195 2271 2249 Ὅτι
2293 2196 2326 2249 ό
2363 2194 2621 2260 παλαιὸς
2651 2192 2822 2264 ἡμῶν
2865 2193 3179 2264 ἄνθρωπος
3223 2193 3716 2262 συνεσταυρώθη,

2134 2287 2231 2341 καὶ
2257 2287 2327 2353 τά
2355 2286 2507 2357 ὲχῆς.

2213 2398 2231 2432 ι
2268 2381 2350 2434 Τά
2383 2380 2587 2450 γόνατά
2619 2398 2720 2452 μου
2761 2380 3093 2452 ἡσθένησαν.
3132 2400 3152 2435 ι

2210 2473 2274 2527 Εἰ
2301 2471 2657 2537 κεκοπιακὼς
2686 2475 2752 2527 ὲκ
2778 2474 2881 2544 τῆς
2910 2474 3249 2546 ὁδοιπορίας,
3273 2473 3350 2539 ὥς
3367 2491 3503 2546 φησι
3535 2473 3720 2528 Ἰωάν-

2134 2582 2255 2636 νης,
2295 2565 2534 2636 κάθηται
2571 2568 2599 2619 ὁ
2628 2567 2888 2638 Χριστὸς,
2930 2566 3085 2620 οὐδὲν
3110 2567 3451 2638 θαυμαστὸν,
3483 2568 3576 2622 καὶ
3612 2563 3729 2621 ὑπὸ

2134 2659 2390 2728 νηστείας
2424 2660 2590 2712 αὐτοῦ
2624 2659 2922 2732 ἀσθενῆσαι
2947 2658 3017 2714 τὰ
3048 2659 3286 2728 γόνατα·
3322 2661 3402 2725 είς
3428 2660 3727 2731 βεϐαίωσιν

2136 2748 2244 2818 γὰρ
2272 2750 2370 2820 τῆς
2398 2749 2606 2820 σαρκὸς
2631 2750 2700 2820 ἢν
2724 2744 3015 2822 ἐσαρκώθη
3048 2749 3313 2821 ὑπέμεινε
3337 2750 3509 2822 χωρὶς
3534 2750 3725 2820 ἀμαρ-

2135 2841 2260 2904 τίας
2291 2840 2364 2895 τά
2393 2840 2492 2895 ἀνθ
2501 2842 2733 2912 ρὼπινα.

2214 2950 2233 2983 ι
2268 2931 2440 3002 Κάγὼ
2466 2933 2741 3005 ἐγενήθην
2769 2933 2973 3000 ὄνειδος
3007 2935 3211 3000 αὐτοῖς.
3250 2953 3272 2989 ι

2208 3024 2400 3080 Ταῦτα
2430 3027 2497 3097 τῇ
2523 3025 2668 3092 λέξει
2694 3028 2957 3095 γεγονότα
2982 3027 3266 3092 Mat-(latio;
3288 3027 3685 3100 παραδέδωκεν
3707 3044 3725 3060 ο

2126 3119 2192 3171 Οἱ
2225 3115 2294 3169 δὲ
2338 3119 2894 3188 παραπορευόμενοι
2932 3118 3375 3190 ἐϐλασφήμουν
3403 3119 3611 3183 αὐτὸν,
3638 3138 3732 3174 κι-

2128 3207 2382 3273 νοῦντες
2413 3208 2521 3274 τὰς
2549 3210 2818 3278 κεφαλὰς
2847 3210 3050 3265 αὐτῶν
3070 3248 3087 3274 ,
3115 3211 3215 3265 καί
3243 3211 3548 3280 λέγοντες
3569 3212 3723 3265 Οὐαὶ

2137 3301 2169 3352 ὁ
2195 3299 2517 3353 καταλύων
2560 3299 2668 3353 τὸν
2706 3302 2860 3353 ναὸν
2903 3301 3009 3355 τοῦ
3043 3300 3194 3355 Θεοῦ
3217 3341 3235 3368 ,
3282 3300 3381 3355 καὶ
3417 3301 3490 3356 ἐν
3524 3302 3731 3371 τρισίν

2131 3388 2383 3458 ἡμέραις
2423 3388 2756 3458 οίκοδομῶν
2795 3392 3021 3459 αὐτὸν,
3060 3391 3271 3449 σῶσον
3306 3396 3605 3449 σεαυτόν·
3654 3397 3727 3449 ει

2141 3480 2277 3551 Υἱὸς
2302 3475 2361 3534 εἷ
2386 3480 2493 3534 τοῦ
2519 3480 2688 3544 Θεοῦ,
2713 3473 3003 3552 κατᾶϐηθι
3026 3484 3149 3540 ἀπὸ
3172 3484 3279 3540 τοῦ
3308 3486 3597 3556 σταυροῦ,
3620 3487 3729 3541 ἵνα

2132 3570 2355 3641 ἴδωμεν
2376 3571 2476 3626 καὶ
2505 3573 2948 3644 πιστεύσωμεν.

2211 3766 2230 3800 ι
2278 3747 2555 3818 Βοήθησόν
2586 3764 2698 3819 μοι,
2721 3749 2916 3821 Κύριε,
2945 3751 2974 3803 ὁ
2997 3749 3131 3815 Θεός
3167 3767 3290 3822 μου.
3339 3769 3359 3804 ι

2221 3840 2451 3895 Ἑαυτοῦ
2517 3840 2773 3913 βοήθειαν
2820 3843 2915 3897 καὶ
2975 3844 3254 3915 σωτηρίαν
3298 3844 3396 3918 τὴν
3440 3844 3726 3916 ἡμετέραν

2131 3932 2360 3998 τίθεται,
2413 3933 2490 3996 ὡς
2518 3933 2748 4006 μεσίτης
2785 3934 2944 4004 ἡμῶν
2983 3935 3079 3990 καὶ
3115 3937 3410 4007 ἀρχιερεὺς
3456 3936 3594 4008 πρὸς
3623 3939 3727 3991 τὸν

2133 4023 2355 4095 Πατέρα
2381 4022 2672 4095 γενόμενος
2696 4041 2711 4055 ·
2736 4024 2931 4106 διόπερ
2956 4026 3124 4097 φησὶν
3151 4028 3350 4082 ἑαυτοῦ
3387 4016 3483 4083 καί
3512 4029 3726 4101 Κύριον

2133 4116 2230 4171 καὶ
2267 4115 2401 4169 Θεὸν
2449 4116 2543 4170 τὸν
2586 4116 2808 4187 Πατέρα
2839 4134 2855 4150 ο
2884 4118 2912 4172 ὃ
2957 4121 3070 4182 τοῖς
3095 4119 3415 4191 προσώποις
3455 4122 3726 4193 ἁρμόττει

2132 4210 2245 4273 τοῖς
2271 4209 2584 4281 ἡμετέροις.
2625 4208 2800 4263 Τοῦτο
2836 4210 2895 4264 δὲ
2928 4211 3155 4282 μεσίτου
3185 4212 3282 4277 καὶ
3312 4215 3612 4285 ἀρχιερέως
3635 4219 3726 4270 οξ-

2133 4304 2280 4355 κείον
2308 4302 2736 4372 ἀναλαμϐάνειν,
2769 4302 2982 4358 τούτων
3015 4305 3159 4378 ὑπὲρ
3194 4298 3271 4361 ὧν
3321 4307 3596 4381 ίερουργεϊ
3624 4311 3725 4365 καὶ

2064 4412 2106 4467 ι)
2139 4395 2419 4464 μεσιτεύει
2442 4395 2512 4449 τὰ
2534 4395 2828 4467 πρόσωπα.

2207 4504 2228 4535 ‹
2262 4484 2374 4540 Καὶ
2405 4485 2701 4553 γνώτωσαν
2727 4486 2871 4559 ὁτιή
2903 4488 3029 4559 χείρ
3057 4506 3152 4543 σου
3172 4489 3336 4563 αὕτη.
3378 4511 3398 4546 ι

2204 4576 2372 4630 Ποίαν
2404 4575 2462 4628 δὲ
2492 4577 2653 4648 χεῖρα
2686 4576 2875 4647 λέγει;
2913 4579 3085 4649 Δῆλον
3140 4581 3223 4636 ὄτι
3265 4582 3366 4654 τὴν
3399 4584 3722 4656 οἰκονομίαν

2129 4666 2224 4721 τοῦ
2257 4667 2497 4739 σταυροῦ
2528 4669 2623 4721 καὶ
2654 4669 2755 4740 τῆς
2788 4670 3143 4736 ἀναστάσεως
3165 4673 3256 4728 διά
3281 4677 3382 4746 τῆς
3418 4677 3602 4749 χειρὸς
3627 4679 3721 4730 ὲν-

2126 4757 2306 4813 ταῦθα
2336 4759 2617 4828 σημαίνει.
2661 4759 2882 4832 Ἐπειδὴ
2923 4763 3034 4836 γὰρ
3073 4763 3145 4818 τά
3191 4766 3407 4835 μεγάλα
3439 4768 3549 4822 τῶν
3581 4768 3719 4823 θαν-

2134 4851 2320 4924 μάτων
2351 4850 2471 4915 ἔθος
2508 4850 2772 4905 δάκτυλον
2810 4852 2950 4907 Θεοῦ
2981 4856 3509 4928 προσαγορεύεσθαι,
3547 4859 3724 4932 ἀναγ-

2130 4943 2303 5006 καίως
2362 4939 2500 5013 πρὸς
2532 4941 2822 5014 σύγκρισιν
2841 4943 2951 4997 τῶν
2978 4945 3310 5017 εἰρημένων,
3336 4947 3522 5019 ἐπειδὴ
3557 4950 3690 5018 μέγι
3710 4980 3723 4991 -

2134 5052 2259 5088 στον
2291 5034 2507 5106 ὑπῆρχε
2534 5032 2596 5087 τὸ
2622 5032 2811 5106 θαῦμα
2838 5036 2934 5089 τοῦ
2963 5037 3202 5108 σταυροῦ
3237 5039 3331 5092 καὶ
3364 5041 3463 5113 τῆς
3483 5041 3722 5097 ἀναστά-

2131 5143 2293 5191 σεως,
2349 5128 2510 5199 χεῖρα
2558 5126 2731 5199 αὐτὴν
2760 5128 2938 5183 καλεῖ.
2991 5131 3057 5184 Ὃ
3088 5130 3155 5202 δὴ
3213 5134 3309 5186 καὶ
3341 5133 3547 5202 γνῶναι
3588 5136 3721 5200 τοὺς

2131 5216 2456 5289 ἀνθρώπους
2481 5216 2755 5288 βούλεται,
2791 5219 2889 5274 καὶ
2921 5221 3003 5274 ὃτι
3064 5222 3237 5293 αὐτὴν
3272 5224 3527 5296 ἐποίησε·
3562 5243 3723 5280 τουτ-

2133 5307 2472 5373 έστιν,αὐτοῦ
2493 5307 2687 5383 γνώμῃ
2715 5310 2811 5363 καὶ
2835 5309 3055 5384 εὐδοκία
3085 5312 3428 5386 πέπρακται,
3461 5314 3549 5369 ἵνα
3573 5332 3721 5386 συμ-

2133 5398 2339 5469 φωνίαν
2373 5398 2587 5469 Πατρδς
2623 5401 2717 5453 καὶ
2753 5400 2886 5455 Υίοῦ
2940 5400 3228 5471 μαθόντες,
3254 5402 3316 5459 τὸ
3353 5405 3450 5477 τῆς
3482 5403 3720 5472 0307m-

2136 5492 2259 5556 σίας
2290 5490 2631 5547 παιδευθῶσι
2665 5493 2988 5565 μυστήριον.

500 5669 523 5702 '
548 5668 705 5725 Rom.
756 5687 829 5735 Vl,
856 5674 908 5729 6.
984 5675 1184 5732 'Joan.
1228 5693 1302 5739 tv,
1342 5679 1393 5732 6.
1470 5677 1490 5710 ⁹
1524 5676 1692 5731 Hebr.
1718 5692 1792 5746 tr,
1825 5677 1910 5735 l5.
1992 5677 2034 5707 "
2058 5672 2252 5729 Matth.
2283 5692 2454 5744 xxvii,
2480 5677 2569 5734 '59.
