  <div class='ocr_page' id='page_1' title='image "/cluster/home/n/w/nwhite01/storage/ocr_20150623/93/mdp.39015078384313/672.png"; bbox 0 0 4032 6222; ppageno 0'>
   <div class='ocr_carea' id='block_1_1' title="bbox 379 339 512 402">
    <p class='ocr_par' dir='ltr' id='par_1_1' title="bbox 379 339 512 402">
     <span class='ocr_line' id='line_1_1' title="bbox 379 339 512 402; baseline -0.008 0"><span class='ocrx_word' id='word_1_1' title='bbox 379 339 512 402; x_wconf 78' lang='grc'><strong>1329</strong></span> 
     </span>
    </p>
   </div>
   <div class='ocr_carea' id='block_1_2' title="bbox 1525 343 2500 405">
    <p class='ocr_par' dir='ltr' id='par_1_2' title="bbox 1525 343 2500 405">
     <span class='ocr_line' id='line_1_2' title="bbox 1525 343 2500 405; baseline 0.001 -5"><span class='ocrx_word' id='word_1_2' title='bbox 1525 344 1988 405; x_wconf 77' lang='lat' dir='ltr'><strong>FRAGMENTA</strong></span> <span class='ocrx_word' id='word_1_3' title='bbox 2027 344 2105 404; x_wconf 84' lang='lat' dir='ltr'><strong>IN</strong></span> <span class='ocrx_word' id='word_1_4' title='bbox 2145 343 2500 404; x_wconf 80' lang='lat' dir='ltr'><strong>PSALMOS.</strong></span> 
     </span>
    </p>
   </div>
   <div class='ocr_carea' id='block_1_3' title="bbox 3514 338 3671 403">
    <p class='ocr_par' dir='ltr' id='par_1_3' title="bbox 3514 338 3671 403">
     <span class='ocr_line' id='line_1_3' title="bbox 3514 338 3671 403; baseline 0.006 -2"><span class='ocrx_word' id='word_1_5' title='bbox 3514 338 3671 403; x_wconf 77' lang='lat'><strong>1330~</strong></span> 
     </span>
    </p>
   </div>
   <div class='ocr_carea' id='block_1_4' title="bbox 377 453 1969 528">
    <p class='ocr_par' dir='ltr' id='par_1_4' title="bbox 377 453 1952 528">
     <span class='ocr_line' id='line_1_4' title="bbox 377 453 1952 528; baseline 0.001 -20"><span class='ocrx_word' id='word_1_6' title='bbox 377 453 698 525; x_wconf 74' lang='grc' dir='ltr'>σκορπίζειν</span> <span class='ocrx_word' id='word_1_7' title='bbox 739 453 964 518; x_wconf 71' lang='grc' dir='ltr'>εἰκότως</span> <span class='ocrx_word' id='word_1_8' title='bbox 1006 454 1248 524; x_wconf 75' lang='grc' dir='ltr'>λέγεται,</span> <span class='ocrx_word' id='word_1_9' title='bbox 1291 456 1388 526; x_wconf 81' lang='grc' dir='ltr'>τῆς</span> <span class='ocrx_word' id='word_1_10' title='bbox 1432 455 1614 522; x_wconf 81' lang='grc' dir='ltr'>δεξιᾶς</span> <span class='ocrx_word' id='word_1_11' title='bbox 1653 456 1952 528; x_wconf 74' lang='grc' dir='ltr'><strong>φιλοτίμως</strong></span> 
     </span>
    </p>
   </div>
   <div class='ocr_carea' id='block_1_5' title="bbox 2069 453 3664 528">
    <p class='ocr_par' dir='ltr' id='par_1_5' title="bbox 2069 453 3664 526">
     <span class='ocr_line' id='line_1_5' title="bbox 2069 453 3664 526; baseline 0 -17"><span class='ocrx_word' id='word_1_12' title='bbox 2069 466 2211 510; x_wconf 81' lang='lat' dir='ltr'><strong>metet</strong></span> <span class='ocrx_word' id='word_1_13' title='bbox 2254 459 2322 510; x_wconf 71' lang='grc'><strong>’³.</strong></span> <span class='ocrx_word' id='word_1_14' title='bbox 2365 456 2469 523; x_wconf 85' lang='lat' dir='ltr'><strong>Qui</strong></span> <span class='ocrx_word' id='word_1_15' title='bbox 2501 455 2666 509; x_wconf 86' lang='lat' dir='ltr'><strong>etiam</strong></span> <span class='ocrx_word' id='word_1_16' title='bbox 2709 453 2906 508; x_wconf 89' lang='lat' dir='ltr'><strong>merito</strong></span> <span class='ocrx_word' id='word_1_17' title='bbox 2941 453 3138 509; x_wconf 88' lang='lat' dir='ltr'><strong>dicitur</strong></span> <span class='ocrx_word' id='word_1_18' title='bbox 3161 453 3494 526; x_wconf 78' lang='lat' dir='ltr'><strong>dispergere,</strong></span> <span class='ocrx_word' id='word_1_19' title='bbox 3520 470 3664 509; x_wconf 85' lang='lat' dir='ltr'><strong>cum-</strong></span> 
     </span>
    </p>
   </div>
   <div class='ocr_carea' id='block_1_6' title="bbox 376 542 1957 616">
    <p class='ocr_par' dir='ltr' id='par_1_6' title="bbox 376 542 1957 616">
     <span class='ocr_line' id='line_1_6' title="bbox 376 542 1957 616; baseline 0.001 -20"><span class='ocrx_word' id='word_1_20' title='bbox 376 542 714 614; x_wconf 77' lang='grc' dir='ltr'><strong>προϊεμένης</strong></span> <span class='ocrx_word' id='word_1_21' title='bbox 756 543 853 598; x_wconf 83' lang='grc' dir='ltr'><strong>τὸν</strong></span> <span class='ocrx_word' id='word_1_22' title='bbox 905 543 1076 599; x_wconf 78' lang='grc' dir='ltr'>ἔλεον.</span> <span class='ocrx_word' id='word_1_23' title='bbox 1135 545 1319 616; x_wconf 81' lang='grc' dir='ltr'>Κέρας</span> <span class='ocrx_word' id='word_1_24' title='bbox 1369 547 1477 598; x_wconf 84' lang='grc' dir='ltr'><strong>τῶν</strong></span> <span class='ocrx_word' id='word_1_25' title='bbox 1529 546 1755 602; x_wconf 87' lang='grc' dir='ltr'>δικαίων</span> <span class='ocrx_word' id='word_1_26' title='bbox 1796 547 1830 616; x_wconf 76' lang='grc' dir='ltr'><strong>ἡ</strong></span> <span class='ocrx_word' id='word_1_27' title='bbox 1877 548 1957 609; x_wconf 83' lang='grc' dir='ltr'>εἰς</span> 
     </span>
    </p>
   </div>
   <div class='ocr_carea' id='block_1_7' title="bbox 373 633 1958 710">
    <p class='ocr_par' dir='ltr' id='par_1_7' title="bbox 373 633 1958 710">
     <span class='ocr_line' id='line_1_7' title="bbox 373 633 1958 710; baseline 0.003 -24"><span class='ocrx_word' id='word_1_28' title='bbox 373 634 509 687; x_wconf 86' lang='grc' dir='ltr'><strong>Θεὸν</strong></span> <span class='ocrx_word' id='word_1_29' title='bbox 539 633 868 707; x_wconf 84' lang='grc' dir='ltr'>πεποίθησις</span> <span class='ocrx_word' id='word_1_30' title='bbox 887 651 900 664; x_wconf 88' lang='grc'><strong>·</strong></span> <span class='ocrx_word' id='word_1_31' title='bbox 945 635 1117 709; x_wconf 80' lang='grc' dir='ltr'>ταύτῃ</span> <span class='ocrx_word' id='word_1_32' title='bbox 1156 637 1268 708; x_wconf 78' lang='grc' dir='ltr'>γὰρ</span> <span class='ocrx_word' id='word_1_33' title='bbox 1292 637 1549 702; x_wconf 79' lang='grc' dir='ltr'><strong>ἐπιόντας</strong></span> <span class='ocrx_word' id='word_1_34' title='bbox 1577 639 1702 702; x_wconf 83' lang='grc' dir='ltr'>τοὺς</span> <span class='ocrx_word' id='word_1_35' title='bbox 1729 637 1958 710; x_wconf 72' lang='grc' dir='ltr'>ἐχθροὺς</span> 
     </span>
    </p>
   </div>
   <div class='ocr_carea' id='block_1_8' title="bbox 377 726 1958 802">
    <p class='ocr_par' dir='ltr' id='par_1_8' title="bbox 377 726 1958 802">
     <span class='ocr_line' id='line_1_8' title="bbox 377 726 1958 802; baseline 0.001 -23"><span class='ocrx_word' id='word_1_36' title='bbox 377 726 757 798; x_wconf 81' lang='grc' dir='ltr'>κερατίζομεν.</span> <span class='ocrx_word' id='word_1_37' title='bbox 791 728 963 782; x_wconf 76' lang='grc' dir='ltr'>Τοῦτο</span> <span class='ocrx_word' id='word_1_38' title='bbox 992 731 1088 784; x_wconf 77' lang='grc' dir='ltr'><strong>καὶ</strong></span> <span class='ocrx_word' id='word_1_39' title='bbox 1133 728 1226 782; x_wconf 78' lang='grc' dir='ltr'>νῦν</span> <span class='ocrx_word' id='word_1_40' title='bbox 1254 731 1355 799; x_wconf 85' lang='grc' dir='ltr'>μέν</span> <span class='ocrx_word' id='word_1_41' title='bbox 1382 730 1532 785; x_wconf 78' lang='grc' dir='ltr'>ἐστιν</span> <span class='ocrx_word' id='word_1_42' title='bbox 1558 730 1784 802; x_wconf 77' lang='grc' dir='ltr'>ὑψηλὸν,</span> <span class='ocrx_word' id='word_1_43' title='bbox 1821 729 1958 784; x_wconf 78' lang='grc' dir='ltr'>ἀλλὰ</span> 
     </span>
    </p>
   </div>
   <div class='ocr_carea' id='block_1_9' title="bbox 376 818 1958 896">
    <p class='ocr_par' dir='ltr' id='par_1_9' title="bbox 376 818 1958 896">
     <span class='ocr_line' id='line_1_9' title="bbox 376 818 1958 896; baseline 0.004 -26"><span class='ocrx_word' id='word_1_44' title='bbox 376 819 504 883; x_wconf 83' lang='grc' dir='ltr'>τοὺς</span> <span class='ocrx_word' id='word_1_45' title='bbox 542 818 773 883; x_wconf 82' lang='grc' dir='ltr'>πολλοὺς</span> <span class='ocrx_word' id='word_1_46' title='bbox 800 819 1046 892; x_wconf 85' lang='grc' dir='ltr'><strong>λέληθεν.</strong></span> <span class='ocrx_word' id='word_1_47' title='bbox 1066 821 1326 892; x_wconf 78' lang='grc' dir='ltr'>Ὑψοῢται</span> <span class='ocrx_word' id='word_1_48' title='bbox 1348 823 1525 876; x_wconf 84' lang='grc' dir='ltr'>τοίνυν</span> <span class='ocrx_word' id='word_1_49' title='bbox 1555 824 1614 876; x_wconf 85' lang='grc' dir='ltr'>ὲν</span> <span class='ocrx_word' id='word_1_50' title='bbox 1639 824 1788 896; x_wconf 73' lang='grc' dir='ltr'>δόξῃ,</span> <span class='ocrx_word' id='word_1_51' title='bbox 1813 823 1958 878; x_wconf 73' lang='grc' dir='ltr'>κατὰ</span> 
     </span>
    </p>
   </div>
   <div class='ocr_carea' id='block_1_10' title="bbox 375 909 1960 986">
    <p class='ocr_par' dir='ltr' id='par_1_10' title="bbox 375 909 1960 986">
     <span class='ocr_line' id='line_1_10' title="bbox 375 909 1960 986; baseline 0.003 -24"><span class='ocrx_word' id='word_1_52' title='bbox 375 910 468 965; x_wconf 83' lang='grc' dir='ltr'><strong>τὸν</strong></span> <span class='ocrx_word' id='word_1_53' title='bbox 491 909 663 965; x_wconf 84' lang='grc' dir='ltr'>αίῶνα</span> <span class='ocrx_word' id='word_1_54' title='bbox 695 911 941 981; x_wconf 84' lang='grc' dir='ltr'>δηλονότι</span> <span class='ocrx_word' id='word_1_55' title='bbox 978 912 1070 966; x_wconf 81' lang='grc' dir='ltr'><strong>τὸν</strong></span> <span class='ocrx_word' id='word_1_56' title='bbox 1108 913 1374 983; x_wconf 84' lang='grc' dir='ltr'>μέλλοντα</span> <span class='ocrx_word' id='word_1_57' title='bbox 1413 914 1529 978; x_wconf 81' lang='grc' dir='ltr'><strong>πῶς</strong></span> <span class='ocrx_word' id='word_1_58' title='bbox 1549 914 1662 986; x_wconf 75' lang='grc' dir='ltr'>ἔχει</span> <span class='ocrx_word' id='word_1_59' title='bbox 1696 914 1960 985; x_wconf 82' lang='grc' dir='ltr'>μεγέθους</span> 
     </span>
    </p>
   </div>
   <div class='ocr_carea' id='block_1_11' title="bbox 379 1001 1128 1078">
    <p class='ocr_par' dir='ltr' id='par_1_11' title="bbox 379 1001 1128 1078">
     <span class='ocr_line' id='line_1_11' title="bbox 379 1001 1128 1078; baseline 0.005 -23"><span class='ocrx_word' id='word_1_60' title='bbox 379 1002 474 1056; x_wconf 75' lang='grc' dir='ltr'>καὶ</span> <span class='ocrx_word' id='word_1_61' title='bbox 511 1001 671 1074; x_wconf 79' lang='grc' dir='ltr'>δόξης</span> <span class='ocrx_word' id='word_1_62' title='bbox 700 1003 1128 1078; x_wconf 78' lang='grc' dir='ltr'>φανερούμενον.</span> 
     </span>
    </p>
   </div>
   <div class='ocr_carea' id='block_1_12' title="bbox 462 1181 1744 1257">
    <p class='ocr_par' dir='ltr' id='par_1_12' title="bbox 462 1181 1744 1257">
     <span class='ocr_line' id='line_1_12' title="bbox 462 1181 1744 1257; baseline 0.005 -25"><span class='ocrx_word' id='word_1_63' title='bbox 462 1200 480 1232; x_wconf 78' lang='grc' dir='ltr'><strong>ι</strong></span> <span class='ocrx_word' id='word_1_64' title='bbox 533 1181 880 1253; x_wconf 81' lang='grc' dir='ltr'>Ἀμαρτωλδς</span> <span class='ocrx_word' id='word_1_65' title='bbox 913 1183 1123 1252; x_wconf 71' lang='grc' dir='ltr'>ὄψεται,</span> <span class='ocrx_word' id='word_1_66' title='bbox 1151 1183 1250 1238; x_wconf 73' lang='grc' dir='ltr'>καὶ</span> <span class='ocrx_word' id='word_1_67' title='bbox 1277 1184 1689 1257; x_wconf 86' lang='grc' dir='ltr'>όργισθήσεται.</span> <span class='ocrx_word' id='word_1_68' title='bbox 1723 1208 1744 1238; x_wconf 74' lang='grc' dir='ltr'><strong>ι</strong></span> 
     </span>
    </p>
   </div>
   <div class='ocr_carea' id='block_1_13' title="bbox 454 1273 1964 1352">
    <p class='ocr_par' dir='ltr' id='par_1_13' title="bbox 454 1273 1964 1352">
     <span class='ocr_line' id='line_1_13' title="bbox 454 1273 1964 1352; baseline 0.006 -27"><span class='ocrx_word' id='word_1_69' title='bbox 454 1273 654 1344; x_wconf 86' lang='grc' dir='ltr'>Βρύχει</span> <span class='ocrx_word' id='word_1_70' title='bbox 706 1276 833 1340; x_wconf 84' lang='grc' dir='ltr'>τοὺς</span> <span class='ocrx_word' id='word_1_71' title='bbox 885 1277 1098 1341; x_wconf 84' lang='grc' dir='ltr'><strong>ὀδόντας</strong></span> <span class='ocrx_word' id='word_1_72' title='bbox 1146 1279 1176 1330; x_wconf 86' lang='grc' dir='ltr'><strong>ό</strong></span> <span class='ocrx_word' id='word_1_73' title='bbox 1224 1278 1502 1341; x_wconf 76' lang='grc' dir='ltr'>διάϐολοςο</span> <span class='ocrx_word' id='word_1_74' title='bbox 1548 1280 1715 1334; x_wconf 83' lang='grc' dir='ltr'>αὑτοῦ</span> <span class='ocrx_word' id='word_1_75' title='bbox 1755 1279 1865 1352; x_wconf 80' lang='grc' dir='ltr'>γὰρ</span> <span class='ocrx_word' id='word_1_76' title='bbox 1903 1281 1964 1334; x_wconf 80' lang='grc' dir='ltr'>τὸ</span> 
     </span>
    </p>
   </div>
   <div class='ocr_carea' id='block_1_14' title="bbox 386 1362 1966 1441">
    <p class='ocr_par' dir='ltr' id='par_1_14' title="bbox 386 1362 1966 1441">
     <span class='ocr_line' id='line_1_14' title="bbox 386 1362 1966 1441; baseline 0.005 -24"><span class='ocrx_word' id='word_1_77' title='bbox 386 1363 682 1435; x_wconf 83' lang='grc' dir='ltr'>βρόχεσθαι</span> <span class='ocrx_word' id='word_1_78' title='bbox 722 1367 887 1435; x_wconf 76' lang='grc' dir='ltr'>ἴδιον,</span> <span class='ocrx_word' id='word_1_79' title='bbox 929 1369 1008 1433; x_wconf 81' lang='grc' dir='ltr'>ὡς</span> <span class='ocrx_word' id='word_1_80' title='bbox 1051 1362 1342 1441; x_wconf 78' lang='grc' dir='ltr'>ἀνημέρου</span> <span class='ocrx_word' id='word_1_81' title='bbox 1371 1370 1582 1438; x_wconf 80' lang='grc' dir='ltr'>λέοντος</span> <span class='ocrx_word' id='word_1_82' title='bbox 1612 1389 1625 1401; x_wconf 92' lang='grc'><strong>·</strong></span> <span class='ocrx_word' id='word_1_83' title='bbox 1678 1371 1816 1426; x_wconf 80' lang='grc' dir='ltr'>ἀλλὰ</span> <span class='ocrx_word' id='word_1_84' title='bbox 1872 1374 1966 1426; x_wconf 78' lang='grc' dir='ltr'><strong>καὶ</strong></span> 
     </span>
    </p>
   </div>
   <div class='ocr_carea' id='block_1_15' title="bbox 382 1451 1964 1535">
    <p class='ocr_par' dir='ltr' id='par_1_15' title="bbox 382 1451 1964 1535">
     <span class='ocr_line' id='line_1_15' title="bbox 382 1451 1964 1535; baseline 0.006 -26"><span class='ocrx_word' id='word_1_85' title='bbox 382 1451 537 1521; x_wconf 79' lang='grc' dir='ltr'>οὗτος</span> <span class='ocrx_word' id='word_1_86' title='bbox 578 1460 877 1528; x_wconf 82' lang='grc' dir='ltr'>τακήσεται</span> <span class='ocrx_word' id='word_1_87' title='bbox 922 1460 1003 1532; x_wconf 79' lang='grc' dir='ltr'>τῷ</span> <span class='ocrx_word' id='word_1_88' title='bbox 1032 1465 1169 1535; x_wconf 77' lang='grc' dir='ltr'>πυρὶ</span> <span class='ocrx_word' id='word_1_89' title='bbox 1213 1463 1316 1532; x_wconf 74' lang='grc' dir='ltr'><strong>τῆς</strong></span> <span class='ocrx_word' id='word_1_90' title='bbox 1358 1462 1606 1532; x_wconf 80' lang='grc' dir='ltr'><strong>γεέννης,</strong></span> <span class='ocrx_word' id='word_1_91' title='bbox 1665 1457 1819 1535; x_wconf 83' lang='grc' dir='ltr'>ᾧπερ</span> <span class='ocrx_word' id='word_1_92' title='bbox 1861 1464 1964 1518; x_wconf 79' lang='grc' dir='ltr'><strong>ἀπο</strong></span> 
     </span>
    </p>
   </div>
   <div class='ocr_carea' id='block_1_16' title="bbox 381 1546 1961 1622">
    <p class='ocr_par' dir='ltr' id='par_1_16' title="bbox 381 1546 1961 1622">
     <span class='ocr_line' id='line_1_16' title="bbox 381 1546 1961 1622; baseline 0.007 -24"><span class='ocrx_word' id='word_1_93' title='bbox 381 1546 670 1619; x_wconf 82' lang='grc' dir='ltr'>εχληρώθη</span> <span class='ocrx_word' id='word_1_94' title='bbox 703 1551 1022 1620; x_wconf 82' lang='grc' dir='ltr'><strong>τηκόμενος.</strong></span> <span class='ocrx_word' id='word_1_95' title='bbox 1058 1553 1245 1607; x_wconf 84' lang='grc' dir='ltr'>Ἔνθα</span> <span class='ocrx_word' id='word_1_96' title='bbox 1279 1553 1312 1606; x_wconf 84' lang='grc' dir='ltr'><em>ὀ</em></span> <span class='ocrx_word' id='word_1_97' title='bbox 1345 1551 1618 1622; x_wconf 77' lang='grc' dir='ltr'><strong>βρυγμὸς</strong></span> <span class='ocrx_word' id='word_1_98' title='bbox 1640 1553 1756 1608; x_wconf 86' lang='grc' dir='ltr'><strong>τῶν</strong></span> <span class='ocrx_word' id='word_1_99' title='bbox 1788 1554 1961 1610; x_wconf 78' lang='grc' dir='ltr'>ὀδόν-</span> 
     </span>
    </p>
   </div>
   <div class='ocr_carea' id='block_1_17' title="bbox 382 1641 1128 1714">
    <p class='ocr_par' dir='ltr' id='par_1_17' title="bbox 382 1641 1128 1714">
     <span class='ocr_line' id='line_1_17' title="bbox 382 1641 1128 1714; baseline 0.008 -22"><span class='ocrx_word' id='word_1_100' title='bbox 382 1656 523 1707; x_wconf 79' lang='grc' dir='ltr'>των,</span> <span class='ocrx_word' id='word_1_101' title='bbox 555 1641 631 1704; x_wconf 85' lang='grc' dir='ltr'>ὡς</span> <span class='ocrx_word' id='word_1_102' title='bbox 665 1643 694 1695; x_wconf 86' lang='grc' dir='ltr'>ὁ</span> <span class='ocrx_word' id='word_1_103' title='bbox 723 1645 927 1714; x_wconf 78' lang='grc' dir='ltr'>Κύριος</span> <span class='ocrx_word' id='word_1_104' title='bbox 949 1643 1128 1712; x_wconf 72' lang='grc' dir='ltr'>ἔλεγε.</span> 
     </span>
    </p>
   </div>
   <div class='ocr_carea' id='block_1_18' title="bbox 931 1760 1425 1820">
    <p class='ocr_par' dir='ltr' id='par_1_18' title="bbox 931 1760 1425 1820">
     <span class='ocr_line' id='line_1_18' title="bbox 931 1760 1425 1820; baseline 0.016 -8"><span class='ocrx_word' id='word_1_105' title='bbox 931 1760 1076 1813; x_wconf 75' lang='grc' dir='ltr'><strong>ΨΑΑ</strong></span> <span class='ocrx_word' id='word_1_106' title='bbox 1085 1762 1226 1815; x_wconf 88' lang='grc' dir='ltr'><strong>ΜοΣ</strong></span> <span class='ocrx_word' id='word_1_107' title='bbox 1273 1765 1425 1820; x_wconf 90' lang='lat' dir='ltr'><strong>PIB&#39;.</strong></span> 
     </span>
    </p>
   </div>
   <div class='ocr_carea' id='block_1_19' title="bbox 464 1867 1684 1950">
    <p class='ocr_par' dir='ltr' id='par_1_19' title="bbox 464 1867 1684 1950">
     <span class='ocr_line' id='line_1_19' title="bbox 464 1867 1684 1950; baseline 0.01 -30"><span class='ocrx_word' id='word_1_108' title='bbox 464 1887 482 1919; x_wconf 79' lang='grc' dir='ltr'><strong>ι</strong></span> <span class='ocrx_word' id='word_1_109' title='bbox 506 1867 736 1938; x_wconf 78' lang='grc' dir='ltr'>’Υψηλδς</span> <span class='ocrx_word' id='word_1_110' title='bbox 759 1869 852 1924; x_wconf 79' lang='grc' dir='ltr'><strong>ἐπὶ</strong></span> <span class='ocrx_word' id='word_1_111' title='bbox 881 1871 1057 1927; x_wconf 85' lang='grc' dir='ltr'>πάντα</span> <span class='ocrx_word' id='word_1_112' title='bbox 1083 1873 1152 1927; x_wconf 82' lang='grc' dir='ltr'>τὰ</span> <span class='ocrx_word' id='word_1_113' title='bbox 1175 1873 1324 1946; x_wconf 80' lang='grc' dir='ltr'>ἔθνη,</span> <span class='ocrx_word' id='word_1_114' title='bbox 1353 1879 1381 1930; x_wconf 89' lang='grc' dir='ltr'><strong>ό</strong></span> <span class='ocrx_word' id='word_1_115' title='bbox 1405 1876 1629 1950; x_wconf 80' lang='grc' dir='ltr'>Κύριος.</span> <span class='ocrx_word' id='word_1_116' title='bbox 1659 1898 1684 1932; x_wconf 64' lang='grc' dir='ltr'><strong>ι</strong></span> 
     </span>
    </p>
   </div>
   <div class='ocr_carea' id='block_1_20' title="bbox 455 2044 1968 2128">
    <p class='ocr_par' dir='ltr' id='par_1_20' title="bbox 455 2044 1968 2128">
     <span class='ocr_line' id='line_1_20' title="bbox 455 2044 1968 2128; baseline 0.01 -32"><span class='ocrx_word' id='word_1_117' title='bbox 455 2044 575 2098; x_wconf 83' lang='grc' dir='ltr'><strong>Κᾶν</strong></span> <span class='ocrx_word' id='word_1_118' title='bbox 603 2046 709 2117; x_wconf 81' lang='grc' dir='ltr'><strong>γὰρ</strong></span> <span class='ocrx_word' id='word_1_119' title='bbox 742 2047 976 2103; x_wconf 81' lang='grc' dir='ltr'>ἐνταῦθα</span> <span class='ocrx_word' id='word_1_120' title='bbox 1004 2049 1319 2122; x_wconf 79' lang='grc' dir='ltr'><strong>δοξάζηται,</strong></span> <span class='ocrx_word' id='word_1_121' title='bbox 1358 2055 1476 2109; x_wconf 81' lang='grc' dir='ltr'>ἀλλ’</span> <span class='ocrx_word' id='word_1_122' title='bbox 1507 2055 1586 2118; x_wconf 76' lang='grc' dir='ltr'><strong>είς</strong></span> <span class='ocrx_word' id='word_1_123' title='bbox 1628 2056 1718 2110; x_wconf 81' lang='grc' dir='ltr'><strong>τὸν</strong></span> <span class='ocrx_word' id='word_1_124' title='bbox 1739 2057 1968 2128; x_wconf 75' lang='grc' dir='ltr'>οὐρανὸν</span> 
     </span>
    </p>
   </div>
   <div class='ocr_carea' id='block_1_21' title="bbox 386 2132 1956 2218">
    <p class='ocr_par' dir='ltr' id='par_1_21' title="bbox 386 2132 1956 2218">
     <span class='ocr_line' id='line_1_21' title="bbox 386 2132 1956 2218; baseline 0.011 -34"><span class='ocrx_word' id='word_1_125' title='bbox 386 2132 418 2200; x_wconf 77' lang='grc' dir='ltr'>ἡ</span> <span class='ocrx_word' id='word_1_126' title='bbox 451 2133 575 2196; x_wconf 83' lang='grc' dir='ltr'>δόξα</span> <span class='ocrx_word' id='word_1_127' title='bbox 602 2136 784 2206; x_wconf 76' lang='grc' dir='ltr'>τρέχει</span> <span class='ocrx_word' id='word_1_128' title='bbox 804 2177 818 2200; x_wconf 92' lang='grc'><strong>,</strong></span> <span class='ocrx_word' id='word_1_129' title='bbox 852 2136 981 2191; x_wconf 82' lang='grc' dir='ltr'>ἔνθα</span> <span class='ocrx_word' id='word_1_130' title='bbox 1011 2139 1072 2192; x_wconf 86' lang='grc' dir='ltr'><strong>τὸ</strong></span> <span class='ocrx_word' id='word_1_131' title='bbox 1105 2141 1522 2214; x_wconf 81' lang='grc' dir='ltr'>ἀχειροποίητον</span> <span class='ocrx_word' id='word_1_132' title='bbox 1566 2147 1956 2218; x_wconf 84' lang='grc' dir='ltr'>Θυσιαστήριον</span> 
     </span>
    </p>
   </div>
   <div class='ocr_carea' id='block_1_22' title="bbox 387 2221 1966 2308">
    <p class='ocr_par' dir='ltr' id='par_1_22' title="bbox 387 2221 1966 2308">
     <span class='ocr_line' id='line_1_22' title="bbox 387 2221 1966 2308; baseline 0.013 -34"><span class='ocrx_word' id='word_1_133' title='bbox 387 2221 670 2294; x_wconf 82' lang='grc' dir='ltr'>κέκτηται,</span> <span class='ocrx_word' id='word_1_134' title='bbox 700 2227 830 2281; x_wconf 79' lang='grc' dir='ltr'>ἔνθα</span> <span class='ocrx_word' id='word_1_135' title='bbox 858 2229 1123 2301; x_wconf 82' lang='grc' dir='ltr'>διηνεκῶς</span> <span class='ocrx_word' id='word_1_136' title='bbox 1157 2235 1322 2290; x_wconf 79' lang='grc' dir='ltr'>αὐτὸν</span> <span class='ocrx_word' id='word_1_137' title='bbox 1359 2237 1415 2290; x_wconf 86' lang='grc' dir='ltr'>αι</span> <span class='ocrx_word' id='word_1_138' title='bbox 1445 2238 1696 2308; x_wconf 76' lang='grc' dir='ltr'><strong>στρατιαὶ</strong></span> <span class='ocrx_word' id='word_1_139' title='bbox 1725 2239 1834 2292; x_wconf 87' lang='grc' dir='ltr'><strong>τῶν</strong></span> <span class='ocrx_word' id='word_1_140' title='bbox 1863 2241 1966 2306; x_wconf 85' lang='grc' dir='ltr'><strong>ἀγ-</strong></span> 
     </span>
    </p>
   </div>
   <div class='ocr_carea' id='block_1_23' title="bbox 385 2311 1967 2398">
    <p class='ocr_par' dir='ltr' id='par_1_23' title="bbox 385 2311 1967 2398">
     <span class='ocr_line' id='line_1_23' title="bbox 385 2311 1967 2398; baseline 0.011 -32"><span class='ocrx_word' id='word_1_141' title='bbox 385 2311 566 2379; x_wconf 81' lang='grc' dir='ltr'>γέλων</span> <span class='ocrx_word' id='word_1_142' title='bbox 593 2315 910 2382; x_wconf 77' lang='grc' dir='ltr'>δοξάζουσιν</span> <span class='ocrx_word' id='word_1_143' title='bbox 935 2335 949 2350; x_wconf 84' lang='lat'><strong><em>°</em></strong></span> <span class='ocrx_word' id='word_1_144' title='bbox 1001 2314 1075 2375; x_wconf 81' lang='grc' dir='ltr'>ὧν</span> <span class='ocrx_word' id='word_1_145' title='bbox 1097 2323 1177 2386; x_wconf 88' lang='grc' dir='ltr'><strong>είς</strong></span> <span class='ocrx_word' id='word_1_146' title='bbox 1208 2325 1446 2398; x_wconf 79' lang='grc' dir='ltr'>μίμησιν</span> <span class='ocrx_word' id='word_1_147' title='bbox 1469 2329 1632 2398; x_wconf 77' lang='grc' dir='ltr'>ἡμεῖς</span> <span class='ocrx_word' id='word_1_148' title='bbox 1657 2328 1967 2398; x_wconf 79' lang='grc' dir='ltr'>δοξολογίαν</span> 
     </span>
    </p>
   </div>
   <div class='ocr_carea' id='block_1_24' title="bbox 387 2403 693 2474">
    <p class='ocr_par' dir='ltr' id='par_1_24' title="bbox 387 2403 693 2474">
     <span class='ocr_line' id='line_1_24' title="bbox 387 2403 693 2474; baseline 0.023 -21"><span class='ocrx_word' id='word_1_149' title='bbox 387 2403 410 2452; x_wconf 77' lang='grc' dir='ltr'>ὲ</span> <span class='ocrx_word' id='word_1_150' title='bbox 419 2403 559 2471; x_wconf 72' lang='grc' dir='ltr'>μάθο</span> <span class='ocrx_word' id='word_1_151' title='bbox 567 2422 693 2474; x_wconf 87' lang='grc' dir='ltr'>μεν.</span> 
     </span>
    </p>
   </div>
   <div class='ocr_carea' id='block_1_25' title="bbox 461 2494 1446 2580">
    <p class='ocr_par' dir='ltr' id='par_1_25' title="bbox 461 2494 1446 2580">
     <span class='ocr_line' id='line_1_25' title="bbox 461 2494 1446 2580; baseline 0.02 -36"><span class='ocrx_word' id='word_1_152' title='bbox 461 2513 480 2544; x_wconf 69' lang='grc' dir='ltr'><strong>ε</strong></span> <span class='ocrx_word' id='word_1_153' title='bbox 513 2494 609 2559; x_wconf 86' lang='grc' dir='ltr'>Τίς</span> <span class='ocrx_word' id='word_1_154' title='bbox 635 2496 711 2560; x_wconf 86' lang='grc' dir='ltr'><strong>ῶς</strong></span> <span class='ocrx_word' id='word_1_155' title='bbox 731 2499 936 2570; x_wconf 83' lang='grc' dir='ltr'>Κύριος</span> <span class='ocrx_word' id='word_1_156' title='bbox 967 2506 996 2558; x_wconf 91' lang='grc' dir='ltr'><strong>ό</strong></span> <span class='ocrx_word' id='word_1_157' title='bbox 1034 2505 1167 2572; x_wconf 77' lang='grc' dir='ltr'>Θεὸς</span> <span class='ocrx_word' id='word_1_158' title='bbox 1197 2509 1392 2580; x_wconf 74' lang='grc' dir='ltr'>ἡμῶνς</span> <span class='ocrx_word' id='word_1_159' title='bbox 1426 2530 1446 2562; x_wconf 68' lang='grc' dir='ltr'><em>ι</em></span> 
     </span>
    </p>
   </div>
   <div class='ocr_carea' id='block_1_26' title="bbox 470 2586 1968 2674">
    <p class='ocr_par' dir='ltr' id='par_1_26' title="bbox 470 2586 1968 2674">
     <span class='ocr_line' id='line_1_26' title="bbox 470 2586 1968 2674; baseline 0.017 -37"><span class='ocrx_word' id='word_1_160' title='bbox 470 2586 558 2639; x_wconf 87' lang='grc' dir='ltr'>Ἐν</span> <span class='ocrx_word' id='word_1_161' title='bbox 594 2588 818 2659; x_wconf 70' lang='grc' dir='ltr'>ὑψηλοῖς</span> <span class='ocrx_word' id='word_1_162' title='bbox 844 2594 873 2644; x_wconf 86' lang='grc' dir='ltr'><strong>ό</strong></span> <span class='ocrx_word' id='word_1_163' title='bbox 893 2595 1024 2660; x_wconf 80' lang='grc' dir='ltr'>Θεὸς</span> <span class='ocrx_word' id='word_1_164' title='bbox 1057 2603 1326 2664; x_wconf 80' lang='grc' dir='ltr'>κατοικεῖ,</span> <span class='ocrx_word' id='word_1_165' title='bbox 1359 2603 1420 2656; x_wconf 79' lang='grc' dir='ltr'><strong>οὐ</strong></span> <span class='ocrx_word' id='word_1_166' title='bbox 1451 2603 1614 2674; x_wconf 90' lang='grc' dir='ltr'>μόνον</span> <span class='ocrx_word' id='word_1_167' title='bbox 1635 2605 1724 2659; x_wconf 82' lang='grc' dir='ltr'>διὰ</span> <span class='ocrx_word' id='word_1_168' title='bbox 1756 2607 1846 2661; x_wconf 83' lang='grc' dir='ltr'>τὸν</span> <span class='ocrx_word' id='word_1_169' title='bbox 1873 2610 1968 2662; x_wconf 84' lang='grc' dir='ltr'>οὑ-</span> 
     </span>
    </p>
   </div>
   <div class='ocr_carea' id='block_1_27' title="bbox 389 2679 1972 2771">
    <p class='ocr_par' dir='ltr' id='par_1_27' title="bbox 389 2679 1972 2771">
     <span class='ocr_line' id='line_1_27' title="bbox 389 2679 1972 2771; baseline 0.018 -43"><span class='ocrx_word' id='word_1_170' title='bbox 389 2679 553 2746; x_wconf 75' lang='grc' dir='ltr'>ρανδν</span> <span class='ocrx_word' id='word_1_171' title='bbox 594 2679 669 2745; x_wconf 86' lang='grc' dir='ltr'>ὡς</span> <span class='ocrx_word' id='word_1_172' title='bbox 698 2682 902 2755; x_wconf 75' lang='grc' dir='ltr'>ὑψηλὸν</span> <span class='ocrx_word' id='word_1_173' title='bbox 931 2687 1063 2744; x_wconf 80' lang='grc' dir='ltr'>ὄντα</span> <span class='ocrx_word' id='word_1_174' title='bbox 1087 2730 1101 2755; x_wconf 93' lang='grc'><strong>,</strong></span> <span class='ocrx_word' id='word_1_175' title='bbox 1132 2693 1228 2747; x_wconf 74' lang='grc' dir='ltr'>καὶ</span> <span class='ocrx_word' id='word_1_176' title='bbox 1272 2694 1437 2749; x_wconf 81' lang='grc' dir='ltr'>αὑτοῦ</span> <span class='ocrx_word' id='word_1_177' title='bbox 1469 2699 1784 2770; x_wconf 73' lang='grc' dir='ltr'>οἰκητήριον</span> <span class='ocrx_word' id='word_1_178' title='bbox 1818 2701 1972 2771; x_wconf 84' lang='grc' dir='ltr'>λεγό-</span> 
     </span>
    </p>
   </div>
   <div class='ocr_carea' id='block_1_28' title="bbox 393 2772 1970 2858">
    <p class='ocr_par' dir='ltr' id='par_1_28' title="bbox 393 2772 1970 2858">
     <span class='ocr_line' id='line_1_28' title="bbox 393 2772 1970 2858; baseline 0.014 -38"><span class='ocrx_word' id='word_1_179' title='bbox 393 2785 554 2858; x_wconf 74' lang='grc' dir='ltr'>μενον</span> <span class='ocrx_word' id='word_1_180' title='bbox 581 2813 596 2835; x_wconf 83' lang='grc'><strong>,</strong></span> <span class='ocrx_word' id='word_1_181' title='bbox 638 2772 754 2824; x_wconf 87' lang='grc' dir='ltr'>ἀλλ’</span> <span class='ocrx_word' id='word_1_182' title='bbox 787 2776 978 2848; x_wconf 80' lang='grc' dir='ltr'>ἐπειδὴ</span> <span class='ocrx_word' id='word_1_183' title='bbox 1019 2783 1130 2844; x_wconf 85' lang='grc' dir='ltr'>τοῖς</span> <span class='ocrx_word' id='word_1_184' title='bbox 1160 2781 1340 2850; x_wconf 81' lang='grc' dir='ltr'>ἁγίοις</span> <span class='ocrx_word' id='word_1_185' title='bbox 1391 2784 1611 2839; x_wconf 78' lang='grc' dir='ltr'>ἐνοικεῖ.</span> <span class='ocrx_word' id='word_1_186' title='bbox 1661 2786 1885 2858; x_wconf 76' lang='grc' dir='ltr'>’Υψηλοὶ</span> <span class='ocrx_word' id='word_1_187' title='bbox 1912 2789 1970 2842; x_wconf 84' lang='grc' dir='ltr'>δὲ</span> 
     </span>
    </p>
   </div>
   <div class='ocr_carea' id='block_1_29' title="bbox 388 2853 1968 2950">
    <p class='ocr_par' dir='ltr' id='par_1_29' title="bbox 388 2853 1968 2950">
     <span class='ocr_line' id='line_1_29' title="bbox 388 2853 1968 2950; baseline 0.013 -38"><span class='ocrx_word' id='word_1_188' title='bbox 388 2853 674 2950; x_wconf 38' lang='grc' dir='ltr'>οὗτοιζδιὰ</span> <span class='ocrx_word' id='word_1_189' title='bbox 695 2865 754 2918; x_wconf 84' lang='grc' dir='ltr'><strong>τὸ</strong></span> <span class='ocrx_word' id='word_1_190' title='bbox 791 2868 957 2937; x_wconf 82' lang='grc' dir='ltr'>μηδὲν</span> <span class='ocrx_word' id='word_1_191' title='bbox 989 2872 1177 2942; x_wconf 74' lang='grc' dir='ltr'>γήϊνον</span> <span class='ocrx_word' id='word_1_192' title='bbox 1207 2875 1562 2945; x_wconf 80' lang='grc' dir='ltr'>μεταδιώκειν</span> <span class='ocrx_word' id='word_1_193' title='bbox 1585 2853 1917 2950; x_wconf 79' lang='grc' dir='ltr'>τυγχάνουσι</span> <span class='ocrx_word' id='word_1_194' title='bbox 1953 2897 1968 2912; x_wconf 66' lang='grc' dir='ltr'><strong>ν</strong></span> 
     </span>
    </p>
   </div>
   <div class='ocr_carea' id='block_1_30' title="bbox 390 2948 1971 3040">
    <p class='ocr_par' dir='ltr' id='par_1_30' title="bbox 390 2948 1971 3040">
     <span class='ocr_line' id='line_1_30' title="bbox 390 2948 1971 3040; baseline 0.015 -36"><span class='ocrx_word' id='word_1_195' title='bbox 390 2951 516 3022; x_wconf 74' lang='grc' dir='ltr'>περὶ</span> <span class='ocrx_word' id='word_1_196' title='bbox 544 2948 619 3008; x_wconf 83' lang='grc' dir='ltr'>ὧν</span> <span class='ocrx_word' id='word_1_197' title='bbox 660 2955 886 3022; x_wconf 77' lang='grc' dir='ltr'>Ἡσαΐας</span> <span class='ocrx_word' id='word_1_198' title='bbox 921 2961 1084 3031; x_wconf 86' lang='grc' dir='ltr'>φησίν</span> <span class='ocrx_word' id='word_1_199' title='bbox 1109 2979 1122 2994; x_wconf 90' lang='grc'><strong>·</strong></span> <span class='ocrx_word' id='word_1_200' title='bbox 1155 2964 1347 3034; x_wconf 76' lang='grc' dir='ltr'>Ἄγιος</span> <span class='ocrx_word' id='word_1_201' title='bbox 1397 2969 1610 3037; x_wconf 82' lang='grc' dir='ltr'>Κύριος</span> <span class='ocrx_word' id='word_1_202' title='bbox 1641 2948 1779 3024; x_wconf 53' lang='lat' dir='ltr'><strong>der</strong></span> <span class='ocrx_word' id='word_1_203' title='bbox 1808 2974 1971 3040; x_wconf 70' lang='grc' dir='ltr'><strong>ὑψη-</strong></span> 
     </span>
    </p>
   </div>
   <div class='ocr_carea' id='block_1_31' title="bbox 391 3042 1794 3126">
    <p class='ocr_par' dir='ltr' id='par_1_31' title="bbox 391 3042 1794 3126">
     <span class='ocr_line' id='line_1_31' title="bbox 391 3042 1794 3126; baseline 0.014 -33"><span class='ocrx_word' id='word_1_204' title='bbox 391 3042 524 3110; x_wconf 74' lang='grc' dir='ltr'>λοῖς</span> <span class='ocrx_word' id='word_1_205' title='bbox 553 3046 851 3101; x_wconf 73' lang='grc' dir='ltr'>κατοικῶν</span> <span class='ocrx_word' id='word_1_206' title='bbox 885 3067 897 3078; x_wconf 93' lang='grc'>·</span> <span class='ocrx_word' id='word_1_207' title='bbox 946 3052 1185 3124; x_wconf 74' lang='grc' dir='ltr'>ὑψηλοὺς</span> <span class='ocrx_word' id='word_1_208' title='bbox 1213 3057 1340 3120; x_wconf 80' lang='grc' dir='ltr'>τοὺς</span> <span class='ocrx_word' id='word_1_209' title='bbox 1372 3057 1561 3126; x_wconf 81' lang='grc' dir='ltr'>ἁγίους</span> <span class='ocrx_word' id='word_1_210' title='bbox 1601 3059 1794 3114; x_wconf 86' lang='grc' dir='ltr'>είπών.</span> 
     </span>
    </p>
   </div>
   <div class='ocr_carea' id='block_1_32' title="bbox 466 3135 1550 3220">
    <p class='ocr_par' dir='ltr' id='par_1_32' title="bbox 466 3135 1550 3220">
     <span class='ocr_line' id='line_1_32' title="bbox 466 3135 1550 3220; baseline 0.014 -33"><span class='ocrx_word' id='word_1_211' title='bbox 466 3153 485 3186; x_wconf 78' lang='grc' dir='ltr'><strong>ι</strong></span> <span class='ocrx_word' id='word_1_212' title='bbox 535 3135 597 3189; x_wconf 87' lang='grc' dir='ltr'>Ὀ</span> <span class='ocrx_word' id='word_1_213' title='bbox 627 3139 960 3206; x_wconf 82' lang='grc' dir='ltr'>κατοικίζων</span> <span class='ocrx_word' id='word_1_214' title='bbox 991 3146 1215 3216; x_wconf 88' lang='grc' dir='ltr'>στείραν</span> <span class='ocrx_word' id='word_1_215' title='bbox 1245 3148 1303 3200; x_wconf 83' lang='grc' dir='ltr'>ὲν</span> <span class='ocrx_word' id='word_1_216' title='bbox 1333 3147 1488 3220; x_wconf 76' lang='grc' dir='ltr'>οἴκῳ.</span> <span class='ocrx_word' id='word_1_217' title='bbox 1531 3169 1550 3202; x_wconf 73' lang='grc' dir='ltr'><strong>ι</strong></span> 
     </span>
    </p>
   </div>
   <div class='ocr_carea' id='block_1_33' title="bbox 463 3226 1975 3314">
    <p class='ocr_par' dir='ltr' id='par_1_33' title="bbox 463 3226 1975 3314">
     <span class='ocr_line' id='line_1_33' title="bbox 463 3226 1975 3314; baseline 0.014 -37"><span class='ocrx_word' id='word_1_218' title='bbox 463 3226 690 3297; x_wconf 88' lang='grc' dir='ltr'>Στείραν</span> <span class='ocrx_word' id='word_1_219' title='bbox 728 3231 840 3285; x_wconf 71' lang='grc' dir='ltr'>εἴτε</span> <span class='ocrx_word' id='word_1_220' title='bbox 880 3233 980 3306; x_wconf 76' lang='grc' dir='ltr'>τὴν</span> <span class='ocrx_word' id='word_1_221' title='bbox 1027 3235 1189 3306; x_wconf 79' lang='grc' dir='ltr'>φύσιν</span> <span class='ocrx_word' id='word_1_222' title='bbox 1225 3239 1389 3309; x_wconf 81' lang='grc' dir='ltr'>ὅλην,</span> <span class='ocrx_word' id='word_1_223' title='bbox 1421 3241 1530 3294; x_wconf 77' lang='grc' dir='ltr'>εἴτε</span> <span class='ocrx_word' id='word_1_224' title='bbox 1571 3243 1671 3314; x_wconf 78' lang='grc' dir='ltr'><strong>τὴν</strong></span> <span class='ocrx_word' id='word_1_225' title='bbox 1702 3243 1762 3307; x_wconf 80' lang='grc' dir='ltr'>ἐξ</span> <span class='ocrx_word' id='word_1_226' title='bbox 1803 3244 1975 3298; x_wconf 84' lang='grc' dir='ltr'>ὲθνῶν</span> 
     </span>
    </p>
   </div>
   <div class='ocr_carea' id='block_1_34' title="bbox 407 3318 1977 3407">
    <p class='ocr_par' dir='ltr' id='par_1_34' title="bbox 407 3318 1977 3407">
     <span class='ocr_line' id='line_1_34' title="bbox 407 3318 1977 3407; baseline 0.014 -40"><span class='ocrx_word' id='word_1_227' title='bbox 407 3318 732 3389; x_wconf 86' lang='grc' dir='ltr'>Ἐκκλησίαν</span> <span class='ocrx_word' id='word_1_228' title='bbox 759 3323 968 3393; x_wconf 80' lang='grc' dir='ltr'>λέγοις,</span> <span class='ocrx_word' id='word_1_229' title='bbox 997 3327 1084 3397; x_wconf 77' lang='grc' dir='ltr'><strong>ἐφ’</strong></span> <span class='ocrx_word' id='word_1_230' title='bbox 1103 3329 1370 3401; x_wconf 78' lang='grc' dir='ltr'>ἑκατέρας</span> <span class='ocrx_word' id='word_1_231' title='bbox 1400 3333 1633 3404; x_wconf 81' lang='grc' dir='ltr'>ἁρμόσει</span> <span class='ocrx_word' id='word_1_232' title='bbox 1653 3335 1715 3387; x_wconf 89' lang='grc' dir='ltr'><strong>τὸ</strong></span> <span class='ocrx_word' id='word_1_233' title='bbox 1747 3335 1977 3407; x_wconf 83' lang='grc' dir='ltr'>λεγόμε-</span> 
     </span>
    </p>
   </div>
   <div class='ocr_carea' id='block_1_35' title="bbox 393 3410 1975 3498">
    <p class='ocr_par' dir='ltr' id='par_1_35' title="bbox 393 3410 1975 3498">
     <span class='ocr_line' id='line_1_35' title="bbox 393 3410 1975 3498; baseline 0.014 -38"><span class='ocrx_word' id='word_1_234' title='bbox 393 3425 482 3461; x_wconf 91' lang='grc' dir='ltr'><strong>νον</strong></span> <span class='ocrx_word' id='word_1_235' title='bbox 509 3426 521 3438; x_wconf 71' lang='grc' dir='ltr'><strong>ο</strong></span> <span class='ocrx_word' id='word_1_236' title='bbox 551 3410 639 3465; x_wconf 84' lang='grc' dir='ltr'>διὰ</span> <span class='ocrx_word' id='word_1_237' title='bbox 669 3412 780 3485; x_wconf 83' lang='grc' dir='ltr'><strong>γὰρ</strong></span> <span class='ocrx_word' id='word_1_238' title='bbox 807 3415 907 3486; x_wconf 75' lang='grc' dir='ltr'>τὴν</span> <span class='ocrx_word' id='word_1_239' title='bbox 937 3418 1354 3493; x_wconf 88' lang='grc' dir='ltr'>είδωλολατρίαν</span> <span class='ocrx_word' id='word_1_240' title='bbox 1374 3425 1721 3495; x_wconf 79' lang='grc' dir='ltr'>ὲστείρωντο.</span> <span class='ocrx_word' id='word_1_241' title='bbox 1756 3427 1975 3498; x_wconf 82' lang='grc' dir='ltr'>Ταύτην</span> 
     </span>
    </p>
   </div>
   <div class='ocr_carea' id='block_1_36' title="bbox 391 3500 1975 3579">
    <p class='ocr_par' dir='ltr' id='par_1_36' title="bbox 391 3500 1975 3579">
     <span class='ocr_line' id='line_1_36' title="bbox 391 3500 1975 3579; baseline 0.014 -30"><span class='ocrx_word' id='word_1_242' title='bbox 391 3500 574 3552; x_wconf 82' lang='grc' dir='ltr'>τοίνυν</span> <span class='ocrx_word' id='word_1_243' title='bbox 618 3501 723 3568; x_wconf 77' lang='grc' dir='ltr'><strong>ἔξω</strong></span> <span class='ocrx_word' id='word_1_244' title='bbox 755 3506 1105 3579; x_wconf 78' lang='grc' dir='ltr'>ρεμϐομὲνην</span> <span class='ocrx_word' id='word_1_245' title='bbox 1128 3511 1208 3574; x_wconf 81' lang='grc' dir='ltr'><strong>είς</strong></span> <span class='ocrx_word' id='word_1_246' title='bbox 1236 3512 1326 3565; x_wconf 84' lang='grc' dir='ltr'><strong>τὸν</strong></span> <span class='ocrx_word' id='word_1_247' title='bbox 1352 3508 1502 3567; x_wconf 80' lang='grc' dir='ltr'>οἶκον</span> <span class='ocrx_word' id='word_1_248' title='bbox 1532 3515 1624 3568; x_wconf 79' lang='grc' dir='ltr'><strong>τὸν</strong></span> <span class='ocrx_word' id='word_1_249' title='bbox 1655 3516 1852 3570; x_wconf 79' lang='grc' dir='ltr'>ἑαυτοῦ</span> <span class='ocrx_word' id='word_1_250' title='bbox 1885 3518 1975 3571; x_wconf 85' lang='grc' dir='ltr'><strong>τὸν</strong></span> 
     </span>
    </p>
   </div>
   <div class='ocr_carea' id='block_1_37' title="bbox 394 3592 1978 3680">
    <p class='ocr_par' dir='ltr' id='par_1_37' title="bbox 394 3592 1978 3680">
     <span class='ocr_line' id='line_1_37' title="bbox 394 3592 1978 3680; baseline 0.014 -37"><span class='ocrx_word' id='word_1_251' title='bbox 394 3592 556 3659; x_wconf 83' lang='grc' dir='ltr'>νόμον</span> <span class='ocrx_word' id='word_1_252' title='bbox 570 3595 826 3666; x_wconf 77' lang='grc' dir='ltr'>ἐξήγαγε,</span> <span class='ocrx_word' id='word_1_253' title='bbox 849 3601 942 3653; x_wconf 79' lang='grc' dir='ltr'>καὶ</span> <span class='ocrx_word' id='word_1_254' title='bbox 970 3602 1181 3673; x_wconf 82' lang='grc' dir='ltr'>μητέρα</span> <span class='ocrx_word' id='word_1_255' title='bbox 1203 3604 1410 3658; x_wconf 80' lang='grc' dir='ltr'>τέκνων</span> <span class='ocrx_word' id='word_1_256' title='bbox 1425 3606 1534 3659; x_wconf 89' lang='grc' dir='ltr'><strong>τῶν</strong></span> <span class='ocrx_word' id='word_1_257' title='bbox 1556 3607 1978 3680; x_wconf 83' lang='grc' dir='ltr'>υίοθετηθέντων</span> 
     </span>
    </p>
   </div>
   <div class='ocr_carea' id='block_1_38' title="bbox 395 3681 1976 3770">
    <p class='ocr_par' dir='ltr' id='par_1_38' title="bbox 395 3681 1976 3770">
     <span class='ocr_line' id='line_1_38' title="bbox 395 3681 1976 3770; baseline 0.016 -38"><span class='ocrx_word' id='word_1_258' title='bbox 395 3681 470 3750; x_wconf 77' lang='grc' dir='ltr'>τῷ</span> <span class='ocrx_word' id='word_1_259' title='bbox 501 3683 618 3752; x_wconf 87' lang='grc' dir='ltr'><strong>Θεῷ</strong></span> <span class='ocrx_word' id='word_1_260' title='bbox 647 3686 1080 3760; x_wconf 75' lang='grc' dir='ltr'>εὐφραινομένην</span> <span class='ocrx_word' id='word_1_261' title='bbox 1136 3691 1355 3758; x_wconf 74' lang='grc' dir='ltr'>ἐδειξεψ</span> <span class='ocrx_word' id='word_1_262' title='bbox 1387 3693 1454 3766; x_wconf 78' lang='grc' dir='ltr'><strong>ἧς</strong></span> <span class='ocrx_word' id='word_1_263' title='bbox 1503 3696 1677 3761; x_wconf 75' lang='grc' dir='ltr'>οὕτως</span> <span class='ocrx_word' id='word_1_264' title='bbox 1709 3702 1898 3770; x_wconf 85' lang='grc' dir='ltr'>σαφῶς</span> <span class='ocrx_word' id='word_1_265' title='bbox 1915 3705 1976 3758; x_wconf 84' lang='grc' dir='ltr'>τὺ</span> 
     </span>
    </p>
   </div>
   <div class='ocr_carea' id='block_1_39' title="bbox 396 3772 1977 3859">
    <p class='ocr_par' dir='ltr' id='par_1_39' title="bbox 396 3772 1977 3859">
     <span class='ocr_line' id='line_1_39' title="bbox 396 3772 1977 3859; baseline 0.017 -38"><span class='ocrx_word' id='word_1_266' title='bbox 396 3772 688 3837; x_wconf 82' lang='grc' dir='ltr'>πρόσωπον</span> <span class='ocrx_word' id='word_1_267' title='bbox 714 3777 982 3841; x_wconf 82' lang='grc' dir='ltr'>όἮσατας</span> <span class='ocrx_word' id='word_1_268' title='bbox 1005 3779 1298 3850; x_wconf 72' lang='grc' dir='ltr'>ἐξήγαγεν·</span> <span class='ocrx_word' id='word_1_269' title='bbox 1322 3785 1508 3854; x_wconf 81' lang='grc' dir='ltr'>Ἐρεῖς</span> <span class='ocrx_word' id='word_1_270' title='bbox 1542 3788 1672 3858; x_wconf 77' lang='grc' dir='ltr'>γὰρ,</span> <span class='ocrx_word' id='word_1_271' title='bbox 1694 3793 1881 3859; x_wconf 83' lang='grc' dir='ltr'>φησὶν,</span> <span class='ocrx_word' id='word_1_272' title='bbox 1907 3794 1977 3848; x_wconf 82' lang='grc' dir='ltr'>ἐν</span> 
     </span>
    </p>
   </div>
   <div class='ocr_carea' id='block_1_40' title="bbox 399 3861 1975 3952">
    <p class='ocr_par' dir='ltr' id='par_1_40' title="bbox 399 3861 1975 3952">
     <span class='ocr_line' id='line_1_40' title="bbox 399 3861 1975 3952; baseline 0.015 -38"><span class='ocrx_word' id='word_1_273' title='bbox 399 3861 471 3930; x_wconf 73' lang='grc' dir='ltr'>τῇ</span> <span class='ocrx_word' id='word_1_274' title='bbox 489 3864 701 3932; x_wconf 79' lang='grc' dir='ltr'>καρδίᾳ</span> <span class='ocrx_word' id='word_1_275' title='bbox 730 3883 867 3923; x_wconf 83' lang='grc' dir='ltr'>σου⁶</span> <span class='ocrx_word' id='word_1_276' title='bbox 904 3871 999 3937; x_wconf 84' lang='grc' dir='ltr'>Τίς</span> <span class='ocrx_word' id='word_1_277' title='bbox 1013 3871 1304 3941; x_wconf 74' lang='grc' dir='ltr'>ἐγέννησέ</span> <span class='ocrx_word' id='word_1_278' title='bbox 1311 3893 1414 3944; x_wconf 84' lang='grc' dir='ltr'><strong>μοι</strong></span> <span class='ocrx_word' id='word_1_279' title='bbox 1443 3879 1716 3946; x_wconf 58' lang='grc' dir='ltr'>τούτους</span> <span class='ocrx_word' id='word_1_280' title='bbox 1734 3882 1876 3952; x_wconf 74' lang='grc' dir='ltr'><strong>Ἐγὼ</strong></span> <span class='ocrx_word' id='word_1_281' title='bbox 1907 3884 1975 3938; x_wconf 80' lang='grc' dir='ltr'>δὲ</span> 
     </span>
    </p>
   </div>
   <div class='ocr_carea' id='block_1_41' title="bbox 397 3953 1972 4043">
    <p class='ocr_par' dir='ltr' id='par_1_41' title="bbox 397 3953 1972 4043">
     <span class='ocr_line' id='line_1_41' title="bbox 397 3953 1972 4043; baseline 0.016 -37"><span class='ocrx_word' id='word_1_282' title='bbox 397 3953 666 4021; x_wconf 77' lang='grc' dir='ltr'>ἄτεκνος,</span> <span class='ocrx_word' id='word_1_283' title='bbox 698 3957 796 4010; x_wconf 83' lang='grc' dir='ltr'><strong>καί</strong></span> <span class='ocrx_word' id='word_1_284' title='bbox 824 3957 981 4029; x_wconf 81' lang='grc' dir='ltr'>χήρα</span> <span class='ocrx_word' id='word_1_285' title='bbox 1005 3961 1290 4030; x_wconf 81' lang='grc' dir='ltr'>πάροικος</span> <span class='ocrx_word' id='word_1_286' title='bbox 1331 3967 1430 4021; x_wconf 75' lang='grc' dir='ltr'><strong>καί</strong></span> <span class='ocrx_word' id='word_1_287' title='bbox 1479 3969 1972 4043; x_wconf 75' lang='grc' dir='ltr'>ἐγκεκλεισμένη.</span> 
     </span>
    </p>
   </div>
   <div class='ocr_carea' id='block_1_42' title="bbox 398 4047 1974 4133">
    <p class='ocr_par' dir='ltr' id='par_1_42' title="bbox 398 4047 1974 4133">
     <span class='ocr_line' id='line_1_42' title="bbox 398 4047 1974 4133; baseline 0.015 -34"><span class='ocrx_word' id='word_1_288' title='bbox 398 4047 509 4100; x_wconf 75' lang='grc' dir='ltr'><strong>Καὶ</strong></span> <span class='ocrx_word' id='word_1_289' title='bbox 565 4050 813 4117; x_wconf 80' lang='grc' dir='ltr'>τούτους</span> <span class='ocrx_word' id='word_1_290' title='bbox 848 4053 937 4120; x_wconf 78' lang='grc' dir='ltr'><strong>τίς</strong></span> <span class='ocrx_word' id='word_1_291' title='bbox 981 4054 1266 4127; x_wconf 72' lang='grc' dir='ltr'><strong>ἐξέτρεψέ</strong></span> <span class='ocrx_word' id='word_1_292' title='bbox 1307 4077 1454 4129; x_wconf 59' lang='lat' dir='ltr'><strong>gos;</strong></span> <span class='ocrx_word' id='word_1_293' title='bbox 1506 4063 1655 4133; x_wconf 76' lang='grc' dir='ltr'><strong>Ἐγὼ</strong></span> <span class='ocrx_word' id='word_1_294' title='bbox 1709 4064 1776 4119; x_wconf 73' lang='grc' dir='ltr'>δὲ</span> <span class='ocrx_word' id='word_1_295' title='bbox 1837 4083 1974 4121; x_wconf 83' lang='grc' dir='ltr'>κατ-</span> 
     </span>
    </p>
   </div>
   <div class='ocr_carea' id='block_1_43' title="bbox 397 4140 1693 4226">
    <p class='ocr_par' dir='ltr' id='par_1_43' title="bbox 397 4140 1693 4226">
     <span class='ocr_line' id='line_1_43' title="bbox 397 4140 1693 4226; baseline 0.015 -34"><span class='ocrx_word' id='word_1_296' title='bbox 397 4140 681 4210; x_wconf 74' lang='grc' dir='ltr'>ελείφθην</span> <span class='ocrx_word' id='word_1_297' title='bbox 703 4145 882 4214; x_wconf 75' lang='grc' dir='ltr'>μόνηο</span> <span class='ocrx_word' id='word_1_298' title='bbox 913 4141 1079 4203; x_wconf 81' lang='grc' dir='ltr'>οὗτοι</span> <span class='ocrx_word' id='word_1_299' title='bbox 1111 4149 1180 4203; x_wconf 81' lang='grc' dir='ltr'>δέ</span> <span class='ocrx_word' id='word_1_300' title='bbox 1207 4169 1310 4220; x_wconf 82' lang='grc' dir='ltr'><strong>μοι</strong></span> <span class='ocrx_word' id='word_1_301' title='bbox 1347 4155 1466 4210; x_wconf 74' lang='grc' dir='ltr'><strong>ποῦ</strong></span> <span class='ocrx_word' id='word_1_302' title='bbox 1495 4152 1693 4226; x_wconf 73' lang='grc' dir='ltr'>ἧσαν;</span> 
     </span>
    </p>
   </div>
   <div class='ocr_carea' id='block_1_44' title="bbox 905 4253 1411 4322">
    <p class='ocr_par' dir='ltr' id='par_1_44' title="bbox 905 4253 1411 4322">
     <span class='ocr_line' id='line_1_44' title="bbox 905 4253 1411 4322; baseline 0.018 -8"><span class='ocrx_word' id='word_1_303' title='bbox 905 4253 911 4259; x_wconf 71' lang='grc'><strong>’</strong></span> <span class='ocrx_word' id='word_1_304' title='bbox 942 4261 1235 4318; x_wconf 75' lang='grc' dir='ltr'><strong>ΨΑΛΜΟΣ</strong></span> <span class='ocrx_word' id='word_1_305' title='bbox 1265 4267 1411 4322; x_wconf 78' lang='lat' dir='ltr'><strong>PII&quot;.</strong></span> 
     </span>
    </p>
   </div>
   <div class='ocr_carea' id='block_1_45' title="bbox 477 4343 1531 4426">
    <p class='ocr_par' dir='ltr' id='par_1_45' title="bbox 477 4343 1531 4426">
     <span class='ocr_line' id='line_1_45' title="bbox 477 4343 1531 4426; baseline 0.019 -32"><span class='ocrx_word' id='word_1_306' title='bbox 477 4363 495 4394; x_wconf 78' lang='grc' dir='ltr'><strong>ι</strong></span> <span class='ocrx_word' id='word_1_307' title='bbox 548 4343 612 4398; x_wconf 86' lang='grc' dir='ltr'><strong>Ἦ</strong></span> <span class='ocrx_word' id='word_1_308' title='bbox 644 4344 922 4405; x_wconf 81' lang='grc' dir='ltr'>θάλλασσα</span> <span class='ocrx_word' id='word_1_309' title='bbox 951 4347 1088 4416; x_wconf 78' lang='grc' dir='ltr'>εἶδε,</span> <span class='ocrx_word' id='word_1_310' title='bbox 1125 4357 1221 4408; x_wconf 81' lang='grc' dir='ltr'>καὶ</span> <span class='ocrx_word' id='word_1_311' title='bbox 1247 4356 1468 4426; x_wconf 73' lang='grc' dir='ltr'>ἔφυγεν.</span> <span class='ocrx_word' id='word_1_312' title='bbox 1512 4380 1531 4414; x_wconf 72' lang='grc' dir='ltr'><strong>ι</strong></span> 
     </span>
    </p>
   </div>
   <div class='ocr_carea' id='block_1_46' title="bbox 2060 545 3644 618">
    <p class='ocr_par' dir='ltr' id='par_1_46' title="bbox 2060 545 3644 618">
     <span class='ocr_line' id='line_1_46' title="bbox 2060 545 3644 618; baseline -0.003 -15"><span class='ocrx_word' id='word_1_313' title='bbox 2060 549 2184 618; x_wconf 89' lang='lat' dir='ltr'><strong>ejus.</strong></span> <span class='ocrx_word' id='word_1_314' title='bbox 2236 549 2459 602; x_wconf 85' lang='lat' dir='ltr'><strong>dextera</strong></span> <span class='ocrx_word' id='word_1_315' title='bbox 2528 545 2829 602; x_wconf 77' lang='lat' dir='ltr'><strong>liberaliter</strong></span> <span class='ocrx_word' id='word_1_316' title='bbox 2887 545 3316 600; x_wconf 87' lang='lat' dir='ltr'><strong>misericordiam</strong></span> <span class='ocrx_word' id='word_1_317' title='bbox 3390 545 3644 617; x_wconf 87' lang='lat' dir='ltr'><strong>porrigat.</strong></span> 
     </span>
    </p>
   </div>
   <div class='ocr_carea' id='block_1_47' title="bbox 2057 635 3645 708">
    <p class='ocr_par' dir='ltr' id='par_1_47' title="bbox 2057 635 3645 708">
     <span class='ocr_line' id='line_1_47' title="bbox 2057 635 3645 708; baseline 0 -15"><span class='ocrx_word' id='word_1_318' title='bbox 2057 639 2243 694; x_wconf 88' lang='lat' dir='ltr'><strong>Cornu</strong></span> <span class='ocrx_word' id='word_1_319' title='bbox 2289 639 2564 708; x_wconf 89' lang='lat' dir='ltr'><strong>justorum</strong></span> <span class='ocrx_word' id='word_1_320' title='bbox 2601 648 2689 694; x_wconf 89' lang='lat' dir='ltr'><strong>est</strong></span> <span class='ocrx_word' id='word_1_321' title='bbox 2743 637 2940 694; x_wconf 90' lang='lat' dir='ltr'><strong>ﬁducia</strong></span> <span class='ocrx_word' id='word_1_322' title='bbox 2990 637 3046 690; x_wconf 89' lang='lat' dir='ltr'><strong>in</strong></span> <span class='ocrx_word' id='word_1_323' title='bbox 3104 635 3272 692; x_wconf 87' lang='lat' dir='ltr'><strong>Deum</strong></span> <span class='ocrx_word' id='word_1_324' title='bbox 3308 653 3320 689; x_wconf 90' lang='lat'><strong>:</strong></span> <span class='ocrx_word' id='word_1_325' title='bbox 3359 639 3458 692; x_wconf 82' lang='lat' dir='ltr'><strong>hac</strong></span> <span class='ocrx_word' id='word_1_326' title='bbox 3498 639 3645 693; x_wconf 88' lang='lat' dir='ltr'><strong>enim</strong></span> 
     </span>
    </p>
   </div>
   <div class='ocr_carea' id='block_1_48' title="bbox 2059 729 3644 802">
    <p class='ocr_par' dir='ltr' id='par_1_48' title="bbox 2059 729 3644 802">
     <span class='ocr_line' id='line_1_48' title="bbox 2059 729 3644 802; baseline -0.001 -17"><span class='ocrx_word' id='word_1_327' title='bbox 2059 731 2405 802; x_wconf 83' lang='lat' dir='ltr'><strong>insurgentes</strong></span> <span class='ocrx_word' id='word_1_328' title='bbox 2437 731 2626 785; x_wconf 77' lang='lat' dir='ltr'><strong>hostes</strong></span> <span class='ocrx_word' id='word_1_329' title='bbox 2661 745 2835 786; x_wconf 90' lang='lat' dir='ltr'><strong>cornu</strong></span> <span class='ocrx_word' id='word_1_330' title='bbox 2867 729 3221 784; x_wconf 89' lang='lat' dir='ltr'><strong>ventilamus.</strong></span> <span class='ocrx_word' id='word_1_331' title='bbox 3254 729 3392 784; x_wconf 92' lang='lat' dir='ltr'><strong>Illud</strong></span> <span class='ocrx_word' id='word_1_332' title='bbox 3423 730 3644 798; x_wconf 82' lang='lat' dir='ltr'><strong>quidem</strong></span> 
     </span>
    </p>
   </div>
   <div class='ocr_carea' id='block_1_49' title="bbox 2059 818 3648 890">
    <p class='ocr_par' dir='ltr' id='par_1_49' title="bbox 2059 818 3648 890">
     <span class='ocr_line' id='line_1_49' title="bbox 2059 818 3648 890; baseline -0.001 -16"><span class='ocrx_word' id='word_1_333' title='bbox 2059 822 2358 876; x_wconf 90' lang='lat' dir='ltr'><strong>etiamnum</strong></span> <span class='ocrx_word' id='word_1_334' title='bbox 2406 820 2642 875; x_wconf 82' lang='lat' dir='ltr'><strong>sublime</strong></span> <span class='ocrx_word' id='word_1_335' title='bbox 2691 828 2794 884; x_wconf 88' lang='lat' dir='ltr'><strong>est,</strong></span> <span class='ocrx_word' id='word_1_336' title='bbox 2837 819 2932 874; x_wconf 87' lang='lat' dir='ltr'><strong>sed</strong></span> <span class='ocrx_word' id='word_1_337' title='bbox 2975 819 3243 890; x_wconf 87' lang='lat' dir='ltr'><strong>plurimos</strong></span> <span class='ocrx_word' id='word_1_338' title='bbox 3292 818 3444 874; x_wconf 85' lang='lat' dir='ltr'><strong>latet.</strong></span> <span class='ocrx_word' id='word_1_339' title='bbox 3487 819 3648 872; x_wconf 78' lang='lat' dir='ltr'><strong>Exal-</strong></span> 
     </span>
    </p>
   </div>
   <div class='ocr_carea' id='block_1_50' title="bbox 2063 908 3648 984">
    <p class='ocr_par' dir='ltr' id='par_1_50' title="bbox 2063 908 3648 984">
     <span class='ocr_line' id='line_1_50' title="bbox 2063 908 3648 984; baseline -0.003 -18"><span class='ocrx_word' id='word_1_340' title='bbox 2063 920 2208 966; x_wconf 90' lang='lat' dir='ltr'><strong>tatur</strong></span> <span class='ocrx_word' id='word_1_341' title='bbox 2243 911 2407 984; x_wconf 79' lang='lat' dir='ltr'><strong>igitur</strong></span> <span class='ocrx_word' id='word_1_342' title='bbox 2457 911 2513 965; x_wconf 89' lang='lat' dir='ltr'><strong>in</strong></span> <span class='ocrx_word' id='word_1_343' title='bbox 2552 910 2745 981; x_wconf 93' lang='lat' dir='ltr'><strong>gloria,</strong></span> <span class='ocrx_word' id='word_1_344' title='bbox 2783 911 3002 980; x_wconf 84' lang='lat' dir='ltr'><strong>quando</strong></span> <span class='ocrx_word' id='word_1_345' title='bbox 3048 910 3309 965; x_wconf 88' lang='lat' dir='ltr'><strong>nimirum</strong></span> <span class='ocrx_word' id='word_1_346' title='bbox 3367 909 3423 963; x_wconf 89' lang='lat' dir='ltr'><strong>in</strong></span> <span class='ocrx_word' id='word_1_347' title='bbox 3461 908 3648 963; x_wconf 81' lang='lat' dir='ltr'><strong>futuro</strong></span> 
     </span>
    </p>
   </div>
   <div class='ocr_carea' id='block_1_51' title="bbox 2061 1000 3646 1075">
    <p class='ocr_par' dir='ltr' id='par_1_51' title="bbox 2061 1000 3646 1075">
     <span class='ocr_line' id='line_1_51' title="bbox 2061 1000 3646 1075; baseline -0.004 -15"><span class='ocrx_word' id='word_1_348' title='bbox 2061 1004 2261 1060; x_wconf 67' lang='lat' dir='ltr'><strong>saeculo</strong></span> <span class='ocrx_word' id='word_1_349' title='bbox 2283 1014 2501 1075; x_wconf 74' lang='lat' dir='ltr'><strong>quanta:</strong></span> <span class='ocrx_word' id='word_1_350' title='bbox 2529 1001 2924 1072; x_wconf 76' lang='lat' dir='ltr'><strong>magnitudinis</strong></span> <span class='ocrx_word' id='word_1_351' title='bbox 2949 1001 3245 1073; x_wconf 71' lang='lat' dir='ltr'><strong>gloriaeque</strong></span> <span class='ocrx_word' id='word_1_352' title='bbox 3273 1000 3442 1056; x_wconf 87' lang='lat' dir='ltr'><strong>fuerit</strong></span> <span class='ocrx_word' id='word_1_353' title='bbox 3473 1000 3646 1055; x_wconf 89' lang='lat' dir='ltr'><strong>mani-</strong></span> 
     </span>
    </p>
   </div>
   <div class='ocr_carea' id='block_1_52' title="bbox 2064 1097 2375 1152">
    <p class='ocr_par' dir='ltr' id='par_1_52' title="bbox 2064 1097 2375 1152">
     <span class='ocr_line' id='line_1_52' title="bbox 2064 1097 2375 1152; baseline -0.006 0"><span class='ocrx_word' id='word_1_354' title='bbox 2064 1097 2375 1152; x_wconf 80' lang='lat' dir='ltr'><strong>festabitur.</strong></span> 
     </span>
    </p>
   </div>
   <div class='ocr_carea' id='block_1_53' title="bbox 2135 1189 3484 1254">
    <p class='ocr_par' dir='ltr' id='par_1_53' title="bbox 2135 1189 3484 1254">
     <span class='ocr_line' id='line_1_53' title="bbox 2135 1189 3484 1254; baseline -0.004 -10"><span class='ocrx_word' id='word_1_355' title='bbox 2135 1191 2300 1246; x_wconf 72' lang='lat' dir='ltr'><strong>Vens.</strong></span> <span class='ocrx_word' id='word_1_356' title='bbox 2353 1190 2441 1244; x_wconf 85' lang='lat' dir='ltr'><strong>I0.</strong></span> <span class='ocrx_word' id='word_1_357' title='bbox 2470 1208 2488 1241; x_wconf 79' lang='grc' dir='ltr'><strong>ι</strong></span> <span class='ocrx_word' id='word_1_358' title='bbox 2517 1189 2781 1244; x_wconf 81' lang='lat' dir='ltr'><strong>Peccator</strong></span> <span class='ocrx_word' id='word_1_359' title='bbox 2806 1189 3034 1254; x_wconf 87' lang='lat' dir='ltr'><strong>videbit,</strong></span> <span class='ocrx_word' id='word_1_360' title='bbox 3059 1198 3113 1243; x_wconf 89' lang='lat' dir='ltr'><strong>et</strong></span> <span class='ocrx_word' id='word_1_361' title='bbox 3135 1189 3420 1243; x_wconf 84' lang='lat' dir='ltr'><strong>irascetur.</strong></span> <span class='ocrx_word' id='word_1_362' title='bbox 3461 1207 3484 1238; x_wconf 70' lang='grc' dir='ltr'><strong>ι</strong></span> 
     </span>
    </p>
   </div>
   <div class='ocr_carea' id='block_1_54' title="bbox 2137 1277 3645 1348">
    <p class='ocr_par' dir='ltr' id='par_1_54' title="bbox 2137 1277 3645 1348">
     <span class='ocr_line' id='line_1_54' title="bbox 2137 1277 3645 1348; baseline -0.001 -18"><span class='ocrx_word' id='word_1_363' title='bbox 2137 1277 2391 1334; x_wconf 87' lang='lat' dir='ltr'><strong>Diabolus</strong></span> <span class='ocrx_word' id='word_1_364' title='bbox 2413 1279 2596 1334; x_wconf 80' lang='lat' dir='ltr'><strong>fremit</strong></span> <span class='ocrx_word' id='word_1_365' title='bbox 2622 1279 2880 1335; x_wconf 77' lang='lat' dir='ltr'><strong>dentibus</strong></span> <span class='ocrx_word' id='word_1_366' title='bbox 2917 1297 2930 1332; x_wconf 90' lang='lat'>:</span> <span class='ocrx_word' id='word_1_367' title='bbox 2973 1279 3143 1348; x_wconf 87' lang='lat' dir='ltr'><strong>ipsius</strong></span> <span class='ocrx_word' id='word_1_368' title='bbox 3182 1278 3327 1331; x_wconf 88' lang='lat' dir='ltr'><strong>enim</strong></span> <span class='ocrx_word' id='word_1_369' title='bbox 3365 1277 3645 1348; x_wconf 79' lang='lat' dir='ltr'><strong>proprium</strong></span> 
     </span>
    </p>
   </div>
   <div class='ocr_carea' id='block_1_55' title="bbox 2066 1369 3644 1441">
    <p class='ocr_par' dir='ltr' id='par_1_55' title="bbox 2066 1369 3644 1441">
     <span class='ocr_line' id='line_1_55' title="bbox 2066 1369 3644 1441; baseline -0.003 -16"><span class='ocrx_word' id='word_1_370' title='bbox 2066 1379 2149 1425; x_wconf 88' lang='lat' dir='ltr'><strong>est</strong></span> <span class='ocrx_word' id='word_1_371' title='bbox 2179 1371 2434 1436; x_wconf 78' lang='lat' dir='ltr'><strong>fremere,</strong></span> <span class='ocrx_word' id='word_1_372' title='bbox 2470 1379 2660 1441; x_wconf 86' lang='lat' dir='ltr'><strong>utpote</strong></span> <span class='ocrx_word' id='word_1_373' title='bbox 2695 1370 2873 1424; x_wconf 88' lang='lat' dir='ltr'><strong>leonis</strong></span> <span class='ocrx_word' id='word_1_374' title='bbox 2897 1369 3191 1425; x_wconf 87' lang='lat' dir='ltr'><strong>truculenti</strong></span> <span class='ocrx_word' id='word_1_375' title='bbox 3221 1383 3234 1422; x_wconf 89' lang='lat'><strong>:</strong></span> <span class='ocrx_word' id='word_1_376' title='bbox 3267 1376 3644 1423; x_wconf 79' lang='lat' dir='ltr'><strong>verumtamen</strong></span> 
     </span>
    </p>
   </div>
   <div class='ocr_carea' id='block_1_56' title="bbox 2067 1457 3648 1533">
    <p class='ocr_par' dir='ltr' id='par_1_56' title="bbox 2067 1457 3648 1533">
     <span class='ocr_line' id='line_1_56' title="bbox 2067 1457 3648 1533; baseline -0.003 -20"><span class='ocrx_word' id='word_1_377' title='bbox 2067 1461 2186 1533; x_wconf 89' lang='lat' dir='ltr'><strong>ipse</strong></span> <span class='ocrx_word' id='word_1_378' title='bbox 2237 1459 2402 1515; x_wconf 89' lang='lat' dir='ltr'><strong>etiam</strong></span> <span class='ocrx_word' id='word_1_379' title='bbox 2457 1460 2812 1529; x_wconf 88' lang='lat' dir='ltr'><strong>colliqucseet</strong></span> <span class='ocrx_word' id='word_1_380' title='bbox 2862 1460 2986 1530; x_wconf 89' lang='lat' dir='ltr'><strong>igne</strong></span> <span class='ocrx_word' id='word_1_381' title='bbox 3014 1459 3310 1530; x_wconf 68' lang='lat' dir='ltr'><strong>gehennae;</strong></span> <span class='ocrx_word' id='word_1_382' title='bbox 3343 1457 3434 1512; x_wconf 90' lang='lat' dir='ltr'><strong>cui</strong></span> <span class='ocrx_word' id='word_1_383' title='bbox 3473 1458 3648 1526; x_wconf 85' lang='lat' dir='ltr'><strong>depu-</strong></span> 
     </span>
    </p>
   </div>
   <div class='ocr_carea' id='block_1_57' title="bbox 2069 1547 3649 1611">
    <p class='ocr_par' dir='ltr' id='par_1_57' title="bbox 2069 1547 3649 1611">
     <span class='ocr_line' id='line_1_57' title="bbox 2069 1547 3649 1611; baseline -0.003 -5"><span class='ocrx_word' id='word_1_384' title='bbox 2069 1561 2215 1606; x_wconf 90' lang='lat' dir='ltr'><strong>tatus</strong></span> <span class='ocrx_word' id='word_1_385' title='bbox 2243 1561 2325 1606; x_wconf 92' lang='lat' dir='ltr'><strong>est</strong></span> <span class='ocrx_word' id='word_1_386' title='bbox 2359 1553 2664 1606; x_wconf 88' lang='lat' dir='ltr'><strong>tabescens.</strong></span> <span class='ocrx_word' id='word_1_387' title='bbox 2702 1550 2796 1607; x_wconf 84' lang='lat' dir='ltr'><strong>Ubi</strong></span> <span class='ocrx_word' id='word_1_388' title='bbox 2838 1552 2937 1604; x_wconf 83' lang='lat' dir='ltr'><strong>erit</strong></span> <span class='ocrx_word' id='word_1_389' title='bbox 2967 1551 3164 1605; x_wconf 80' lang='lat' dir='ltr'><strong>stridor</strong></span> <span class='ocrx_word' id='word_1_390' title='bbox 3197 1551 3432 1604; x_wconf 75' lang='lat' dir='ltr'><strong>dentiant</strong></span> <span class='ocrx_word' id='word_1_391' title='bbox 3480 1547 3546 1611; x_wconf 75' lang='lat'><strong>“,</strong></span> <span class='ocrx_word' id='word_1_392' title='bbox 3589 1558 3649 1602; x_wconf 91' lang='lat' dir='ltr'><strong>ut</strong></span> 
     </span>
    </p>
   </div>
   <div class='ocr_carea' id='block_1_58' title="bbox 2071 1645 2458 1699">
    <p class='ocr_par' dir='ltr' id='par_1_58' title="bbox 2071 1645 2458 1699">
     <span class='ocr_line' id='line_1_58' title="bbox 2071 1645 2458 1699; baseline -0.003 -1"><span class='ocrx_word' id='word_1_393' title='bbox 2071 1645 2332 1699; x_wconf 87' lang='lat' dir='ltr'><strong>Dominus</strong></span> <span class='ocrx_word' id='word_1_394' title='bbox 2363 1645 2458 1698; x_wconf 86' lang='lat' dir='ltr'><strong>ait.</strong></span> 
     </span>
    </p>
   </div>
   <div class='ocr_carea' id='block_1_59' title="bbox 2599 1754 3118 1812">
    <p class='ocr_par' dir='ltr' id='par_1_59' title="bbox 2599 1754 3118 1812">
     <span class='ocr_line' id='line_1_59' title="bbox 2599 1754 3118 1812; baseline -0.006 -1"><span class='ocrx_word' id='word_1_395' title='bbox 2599 1755 2922 1812; x_wconf 76' lang='lat' dir='ltr'><strong>PSALMUS</strong></span> <span class='ocrx_word' id='word_1_396' title='bbox 2959 1754 3118 1811; x_wconf 80' lang='lat' dir='ltr'><strong>CXII.</strong></span> 
     </span>
    </p>
   </div>
   <div class='ocr_carea' id='block_1_60' title="bbox 2147 1867 3652 1942">
    <p class='ocr_par' dir='ltr' id='par_1_60' title="bbox 2147 1867 3652 1942">
     <span class='ocr_line' id='line_1_60' title="bbox 2147 1867 3652 1942; baseline -0.003 -15"><span class='ocrx_word' id='word_1_397' title='bbox 2147 1874 2303 1928; x_wconf 66' lang='lat' dir='ltr'><strong>Vens.</strong></span> <span class='ocrx_word' id='word_1_398' title='bbox 2346 1873 2399 1928; x_wconf 70' lang='grc'><strong>4.</strong></span> <span class='ocrx_word' id='word_1_399' title='bbox 2459 1891 2477 1923; x_wconf 85' lang='grc'><em>‹</em></span> <span class='ocrx_word' id='word_1_400' title='bbox 2517 1871 2779 1926; x_wconf 80' lang='lat' dir='ltr'><strong>Exceisus</strong></span> <span class='ocrx_word' id='word_1_401' title='bbox 2833 1886 2998 1942; x_wconf 85' lang='lat' dir='ltr'><strong>super</strong></span> <span class='ocrx_word' id='word_1_402' title='bbox 3051 1884 3245 1925; x_wconf 86' lang='lat' dir='ltr'><strong>omnes</strong></span> <span class='ocrx_word' id='word_1_403' title='bbox 3305 1877 3498 1939; x_wconf 85' lang='lat' dir='ltr'><strong>gentes</strong></span> <span class='ocrx_word' id='word_1_404' title='bbox 3547 1867 3652 1922; x_wconf 89' lang='lat' dir='ltr'><strong>Do-</strong></span> 
     </span>
    </p>
   </div>
   <div class='ocr_carea' id='block_1_61' title="bbox 2073 1967 2335 2020">
    <p class='ocr_par' dir='ltr' id='par_1_61' title="bbox 2073 1967 2335 2020">
     <span class='ocr_line' id='line_1_61' title="bbox 2073 1967 2335 2020; baseline -0.015 0"><span class='ocrx_word' id='word_1_405' title='bbox 2073 1967 2274 2020; x_wconf 87' lang='lat' dir='ltr'><strong>minus.</strong></span> <span class='ocrx_word' id='word_1_406' title='bbox 2318 1984 2335 2016; x_wconf 74' lang='grc' dir='ltr'><strong>ι</strong></span> 
     </span>
    </p>
   </div>
   <div class='ocr_carea' id='block_1_62' title="bbox 2145 2051 3649 2126">
    <p class='ocr_par' dir='ltr' id='par_1_62' title="bbox 2145 2051 3649 2126">
     <span class='ocr_line' id='line_1_62' title="bbox 2145 2051 3649 2126; baseline -0.005 -16"><span class='ocrx_word' id='word_1_407' title='bbox 2145 2055 2254 2110; x_wconf 87' lang='lat' dir='ltr'><strong>Etsi</strong></span> <span class='ocrx_word' id='word_1_408' title='bbox 2296 2055 2442 2110; x_wconf 90' lang='lat' dir='ltr'><strong>cnim</strong></span> <span class='ocrx_word' id='word_1_409' title='bbox 2489 2054 2581 2110; x_wconf 86' lang='lat' dir='ltr'><strong>hic</strong></span> <span class='ocrx_word' id='word_1_410' title='bbox 2632 2053 2990 2126; x_wconf 84' lang='lat' dir='ltr'><strong>gloriﬁcetur,</strong></span> <span class='ocrx_word' id='word_1_411' title='bbox 3042 2061 3283 2107; x_wconf 86' lang='lat' dir='ltr'><strong>attamen</strong></span> <span class='ocrx_word' id='word_1_412' title='bbox 3345 2053 3398 2106; x_wconf 90' lang='lat' dir='ltr'><strong>in</strong></span> <span class='ocrx_word' id='word_1_413' title='bbox 3452 2051 3649 2106; x_wconf 64' lang='lat' dir='ltr'><strong>calum</strong></span> 
     </span>
    </p>
   </div>
   <div class='ocr_carea' id='block_1_63' title="bbox 2071 2143 3649 2220">
    <p class='ocr_par' dir='ltr' id='par_1_63' title="bbox 2071 2143 3649 2220">
     <span class='ocr_line' id='line_1_63' title="bbox 2071 2143 3649 2220; baseline -0.006 -18"><span class='ocrx_word' id='word_1_414' title='bbox 2071 2151 2240 2220; x_wconf 83' lang='lat' dir='ltr'><strong>gloria</strong></span> <span class='ocrx_word' id='word_1_415' title='bbox 2273 2148 2465 2214; x_wconf 87' lang='lat' dir='ltr'><strong>tendit,</strong></span> <span class='ocrx_word' id='word_1_416' title='bbox 2509 2147 2602 2202; x_wconf 89' lang='lat' dir='ltr'><strong>ubi</strong></span> <span class='ocrx_word' id='word_1_417' title='bbox 2650 2145 2816 2201; x_wconf 83' lang='lat' dir='ltr'><strong>habet</strong></span> <span class='ocrx_word' id='word_1_418' title='bbox 2848 2145 3018 2200; x_wconf 85' lang='lat' dir='ltr'><strong>altare</strong></span> <span class='ocrx_word' id='word_1_419' title='bbox 3065 2159 3172 2198; x_wconf 86' lang='lat' dir='ltr'><strong>nou</strong></span> <span class='ocrx_word' id='word_1_420' title='bbox 3221 2159 3384 2197; x_wconf 89' lang='lat' dir='ltr'><strong>manu</strong></span> <span class='ocrx_word' id='word_1_421' title='bbox 3423 2143 3649 2203; x_wconf 75' lang='lat' dir='ltr'><strong>facturn,</strong></span> 
     </span>
    </p>
   </div>
   <div class='ocr_carea' id='block_1_64' title="bbox 2072 2233 3651 2312">
    <p class='ocr_par' dir='ltr' id='par_1_64' title="bbox 2072 2233 3651 2312">
     <span class='ocr_line' id='line_1_64' title="bbox 2072 2233 3651 2312; baseline -0.006 -16"><span class='ocrx_word' id='word_1_422' title='bbox 2072 2243 2126 2296; x_wconf 93' lang='lat' dir='ltr'><strong>in</strong></span> <span class='ocrx_word' id='word_1_423' title='bbox 2156 2257 2266 2312; x_wconf 90' lang='lat' dir='ltr'><strong>quo</strong></span> <span class='ocrx_word' id='word_1_424' title='bbox 2293 2241 2568 2297; x_wconf 86' lang='lat' dir='ltr'><strong>exercitus</strong></span> <span class='ocrx_word' id='word_1_425' title='bbox 2607 2239 2926 2310; x_wconf 83' lang='lat' dir='ltr'><strong>angelorum</strong></span> <span class='ocrx_word' id='word_1_426' title='bbox 2959 2243 3225 2307; x_wconf 86' lang='lat' dir='ltr'><strong>perpetuo</strong></span> <span class='ocrx_word' id='word_1_427' title='bbox 3265 2237 3444 2305; x_wconf 90' lang='lat' dir='ltr'><strong>ipsum</strong></span> <span class='ocrx_word' id='word_1_428' title='bbox 3483 2233 3651 2307; x_wconf 81' lang='lat' dir='ltr'><strong>glori-</strong></span> 
     </span>
    </p>
   </div>
   <div class='ocr_carea' id='block_1_65' title="bbox 2073 2325 3652 2402">
    <p class='ocr_par' dir='ltr' id='par_1_65' title="bbox 2073 2325 3652 2402">
     <span class='ocr_line' id='line_1_65' title="bbox 2073 2325 3652 2402; baseline -0.007 -13"><span class='ocrx_word' id='word_1_429' title='bbox 2073 2335 2273 2398; x_wconf 86' lang='lat' dir='ltr'><strong>ﬁcant;</strong></span> <span class='ocrx_word' id='word_1_430' title='bbox 2303 2333 2370 2388; x_wconf 85' lang='lat' dir='ltr'><strong>ad</strong></span> <span class='ocrx_word' id='word_1_431' title='bbox 2402 2347 2637 2402; x_wconf 91' lang='lat' dir='ltr'><strong>quorum</strong></span> <span class='ocrx_word' id='word_1_432' title='bbox 2670 2329 3034 2384; x_wconf 88' lang='lat' dir='ltr'><strong>imitationem</strong></span> <span class='ocrx_word' id='word_1_433' title='bbox 3059 2343 3161 2382; x_wconf 91' lang='lat' dir='ltr'><strong>nos</strong></span> <span class='ocrx_word' id='word_1_434' title='bbox 3184 2326 3486 2398; x_wconf 87' lang='lat' dir='ltr'><strong>gloriﬁcare</strong></span> <span class='ocrx_word' id='word_1_435' title='bbox 3513 2325 3652 2380; x_wconf 83' lang='lat' dir='ltr'><strong>didi-</strong></span> 
     </span>
    </p>
   </div>
   <div class='ocr_carea' id='block_1_66' title="bbox 2073 2425 2275 2497">
    <p class='ocr_par' dir='ltr' id='par_1_66' title="bbox 2073 2425 2275 2497">
     <span class='ocr_line' id='line_1_66' title="bbox 2073 2425 2275 2497; baseline -0.01 -18"><span class='ocrx_word' id='word_1_436' title='bbox 2073 2425 2275 2497; x_wconf 81' lang='lat' dir='ltr'><strong>cimus.</strong></span> 
     </span>
    </p>
   </div>
   <div class='ocr_carea' id='block_1_67' title="bbox 2142 2496 3541 2580">
    <p class='ocr_par' dir='ltr' id='par_1_67' title="bbox 2142 2496 3541 2580">
     <span class='ocr_line' id='line_1_67' title="bbox 2142 2496 3541 2580; baseline -0.009 -9"><span class='ocrx_word' id='word_1_437' title='bbox 2142 2496 2306 2572; x_wconf 69' lang='lat' dir='ltr'><strong>Vens.</strong></span> <span class='ocrx_word' id='word_1_438' title='bbox 2338 2515 2392 2572; x_wconf 84' lang='lat'><strong>5.</strong></span> <span class='ocrx_word' id='word_1_439' title='bbox 2441 2534 2459 2566; x_wconf 74' lang='grc' dir='ltr'><strong>ι</strong></span> <span class='ocrx_word' id='word_1_440' title='bbox 2482 2513 2613 2580; x_wconf 83' lang='lat' dir='ltr'><strong>Quis</strong></span> <span class='ocrx_word' id='word_1_441' title='bbox 2643 2512 2785 2568; x_wconf 87' lang='lat' dir='ltr'><strong>sicut</strong></span> <span class='ocrx_word' id='word_1_442' title='bbox 2813 2510 3076 2570; x_wconf 85' lang='lat' dir='ltr'><strong>Dominus</strong></span> <span class='ocrx_word' id='word_1_443' title='bbox 3097 2496 3242 2565; x_wconf 86' lang='lat' dir='ltr'><strong>Deus</strong></span> <span class='ocrx_word' id='word_1_444' title='bbox 3264 2509 3494 2563; x_wconf 78' lang='lat' dir='ltr'><strong>noster?</strong></span> <span class='ocrx_word' id='word_1_445' title='bbox 3524 2527 3541 2558; x_wconf 74' lang='grc' dir='ltr'><strong>ι</strong></span> 
     </span>
    </p>
   </div>
   <div class='ocr_carea' id='block_1_68' title="bbox 2142 2604 3652 2671">
    <p class='ocr_par' dir='ltr' id='par_1_68' title="bbox 2142 2604 3652 2671">
     <span class='ocr_line' id='line_1_68' title="bbox 2142 2604 3652 2671; baseline -0.007 -6"><span class='ocrx_word' id='word_1_446' title='bbox 2142 2611 2201 2665; x_wconf 91' lang='lat' dir='ltr'><strong>In</strong></span> <span class='ocrx_word' id='word_1_447' title='bbox 2231 2608 2461 2664; x_wconf 77' lang='lat' dir='ltr'><strong>excelsis</strong></span> <span class='ocrx_word' id='word_1_448' title='bbox 2517 2607 2662 2662; x_wconf 85' lang='lat' dir='ltr'><strong>Deus</strong></span> <span class='ocrx_word' id='word_1_449' title='bbox 2714 2605 2947 2670; x_wconf 84' lang='lat' dir='ltr'><strong>habitat,</strong></span> <span class='ocrx_word' id='word_1_450' title='bbox 3009 2620 3120 2659; x_wconf 92' lang='lat' dir='ltr'><strong>non</strong></span> <span class='ocrx_word' id='word_1_451' title='bbox 3185 2604 3362 2658; x_wconf 90' lang='lat' dir='ltr'><strong>solum</strong></span> <span class='ocrx_word' id='word_1_452' title='bbox 3431 2610 3652 2671; x_wconf 83' lang='lat' dir='ltr'><strong>propter</strong></span> 
     </span>
    </p>
   </div>
   <div class='ocr_carea' id='block_1_69' title="bbox 2071 2692 3650 2770">
    <p class='ocr_par' dir='ltr' id='par_1_69' title="bbox 2071 2692 3650 2770">
     <span class='ocr_line' id='line_1_69' title="bbox 2071 2692 3650 2770; baseline -0.008 -13"><span class='ocrx_word' id='word_1_453' title='bbox 2071 2703 2268 2759; x_wconf 72' lang='lat' dir='ltr'><strong>cwlum</strong></span> <span class='ocrx_word' id='word_1_454' title='bbox 2317 2698 2460 2770; x_wconf 89' lang='lat' dir='ltr'><strong>quod</strong></span> <span class='ocrx_word' id='word_1_455' title='bbox 2525 2698 2805 2754; x_wconf 87' lang='lat' dir='ltr'><strong>excelsum</strong></span> <span class='ocrx_word' id='word_1_456' title='bbox 2839 2706 2942 2757; x_wconf 86' lang='lat' dir='ltr'><strong>est,</strong></span> <span class='ocrx_word' id='word_1_457' title='bbox 2994 2696 3223 2765; x_wconf 86' lang='lat' dir='ltr'><strong>ejusque</strong></span> <span class='ocrx_word' id='word_1_458' title='bbox 3281 2692 3650 2748; x_wconf 86' lang='lat' dir='ltr'><strong>habitaculum</strong></span> 
     </span>
    </p>
   </div>
   <div class='ocr_carea' id='block_1_70' title="bbox 2072 2784 3653 2863">
    <p class='ocr_par' dir='ltr' id='par_1_70' title="bbox 2072 2784 3653 2863">
     <span class='ocr_line' id='line_1_70' title="bbox 2072 2784 3653 2863; baseline -0.009 -13"><span class='ocrx_word' id='word_1_459' title='bbox 2072 2802 2439 2863; x_wconf 90' lang='lat' dir='ltr'><strong>nuncupatur,</strong></span> <span class='ocrx_word' id='word_1_460' title='bbox 2480 2791 2576 2846; x_wconf 90' lang='lat' dir='ltr'><strong>scd</strong></span> <span class='ocrx_word' id='word_1_461' title='bbox 2622 2789 2748 2860; x_wconf 91' lang='lat' dir='ltr'><strong>quia</strong></span> <span class='ocrx_word' id='word_1_462' title='bbox 2785 2789 2837 2843; x_wconf 90' lang='lat' dir='ltr'><strong>in</strong></span> <span class='ocrx_word' id='word_1_463' title='bbox 2862 2789 3066 2843; x_wconf 84' lang='lat' dir='ltr'><strong>sanctis</strong></span> <span class='ocrx_word' id='word_1_464' title='bbox 3102 2787 3329 2841; x_wconf 88' lang='lat' dir='ltr'><strong>habitat.</strong></span> <span class='ocrx_word' id='word_1_465' title='bbox 3373 2784 3437 2838; x_wconf 83' lang='lat' dir='ltr'><strong>Hi</strong></span> <span class='ocrx_word' id='word_1_466' title='bbox 3469 2791 3653 2837; x_wconf 86' lang='lat' dir='ltr'><strong>autem</strong></span> 
     </span>
    </p>
   </div>
   <div class='ocr_carea' id='block_1_71' title="bbox 2071 2880 3653 2954">
    <p class='ocr_par' dir='ltr' id='par_1_71' title="bbox 2071 2880 3653 2954">
     <span class='ocr_line' id='line_1_71' title="bbox 2071 2880 3653 2954; baseline -0.009 -10"><span class='ocrx_word' id='word_1_467' title='bbox 2071 2890 2234 2944; x_wconf 88' lang='lat' dir='ltr'><strong>etiam</strong></span> <span class='ocrx_word' id='word_1_468' title='bbox 2272 2885 2473 2954; x_wconf 81' lang='lat' dir='ltr'><strong>excelsi</strong></span> <span class='ocrx_word' id='word_1_469' title='bbox 2509 2893 2659 2946; x_wconf 85' lang='lat' dir='ltr'><strong>sunt,</strong></span> <span class='ocrx_word' id='word_1_470' title='bbox 2692 2899 2760 2938; x_wconf 91' lang='lat' dir='ltr'><strong>co</strong></span> <span class='ocrx_word' id='word_1_471' title='bbox 2785 2882 2930 2952; x_wconf 89' lang='lat' dir='ltr'><strong>quod</strong></span> <span class='ocrx_word' id='word_1_472' title='bbox 2972 2880 3108 2935; x_wconf 88' lang='lat' dir='ltr'><strong>nihil</strong></span> <span class='ocrx_word' id='word_1_473' title='bbox 3141 2890 3419 2935; x_wconf 88' lang='lat' dir='ltr'><strong>terrenum</strong></span> <span class='ocrx_word' id='word_1_474' title='bbox 3457 2891 3653 2932; x_wconf 84' lang='lat' dir='ltr'><strong>conse-</strong></span> 
     </span>
    </p>
   </div>
   <div class='ocr_carea' id='block_1_72' title="bbox 2071 2968 3654 3046">
    <p class='ocr_par' dir='ltr' id='par_1_72' title="bbox 2071 2968 3654 3046">
     <span class='ocr_line' id='line_1_72' title="bbox 2071 2968 3654 3046; baseline -0.011 -11"><span class='ocrx_word' id='word_1_475' title='bbox 2071 2988 2329 3035; x_wconf 90' lang='lat' dir='ltr'><strong>ctentur:</strong></span> <span class='ocrx_word' id='word_1_476' title='bbox 2361 2977 2430 3032; x_wconf 86' lang='lat' dir='ltr'><strong>de</strong></span> <span class='ocrx_word' id='word_1_477' title='bbox 2455 2975 2652 3046; x_wconf 89' lang='lat' dir='ltr'><strong>quibus</strong></span> <span class='ocrx_word' id='word_1_478' title='bbox 2677 2974 2846 3030; x_wconf 92' lang='lat' dir='ltr'><strong>Isaias</strong></span> <span class='ocrx_word' id='word_1_479' title='bbox 2869 2973 2985 3027; x_wconf 89' lang='lat' dir='ltr'><strong>ait:</strong></span> <span class='ocrx_word' id='word_1_480' title='bbox 3018 2971 3244 3027; x_wconf 75' lang='lat' dir='ltr'><strong>Sanctus</strong></span> <span class='ocrx_word' id='word_1_481' title='bbox 3277 2969 3532 3023; x_wconf 75' lang='lat' dir='ltr'><strong>Dominus</strong></span> <span class='ocrx_word' id='word_1_482' title='bbox 3565 2968 3654 3036; x_wconf 84' lang='lat' dir='ltr'><strong>qui</strong></span> 
     </span>
    </p>
   </div>
   <div class='ocr_carea' id='block_1_73' title="bbox 2074 3063 3651 3135">
    <p class='ocr_par' dir='ltr' id='par_1_73' title="bbox 2074 3063 3651 3135">
     <span class='ocr_line' id='line_1_73' title="bbox 2074 3063 3651 3135; baseline -0.01 -8"><span class='ocrx_word' id='word_1_483' title='bbox 2074 3075 2130 3126; x_wconf 86' lang='lat' dir='ltr'><strong>in</strong></span> <span class='ocrx_word' id='word_1_484' title='bbox 2167 3071 2381 3126; x_wconf 73' lang='lat' dir='ltr'><strong>excelsis</strong></span> <span class='ocrx_word' id='word_1_485' title='bbox 2409 3069 2614 3122; x_wconf 81' lang='lat' dir='ltr'><strong>habitat</strong></span> <span class='ocrx_word' id='word_1_486' title='bbox 2642 3067 2784 3131; x_wconf 77' lang='lat'><strong>“-&quot;,</strong></span> <span class='ocrx_word' id='word_1_487' title='bbox 2815 3066 3060 3122; x_wconf 88' lang='lat' dir='ltr'><strong>excelsos</strong></span> <span class='ocrx_word' id='word_1_488' title='bbox 3103 3063 3383 3135; x_wconf 87' lang='lat' dir='ltr'><strong>appellans</strong></span> <span class='ocrx_word' id='word_1_489' title='bbox 3411 3069 3651 3116; x_wconf 87' lang='lat' dir='ltr'><strong>sanctos.</strong></span> 
     </span>
    </p>
   </div>
   <div class='ocr_carea' id='block_1_74' title="bbox 1998 3131 3648 3227">
    <p class='ocr_par' dir='ltr' id='par_1_74' title="bbox 1998 3131 3648 3227">
     <span class='ocr_line' id='line_1_74' title="bbox 1998 3131 3648 3227; baseline -0.011 -7"><span class='ocrx_word' id='word_1_490' title='bbox 1998 3131 2043 3189; x_wconf 65' lang='grc' dir='ltr'><strong>ϐ</strong></span> <span class='ocrx_word' id='word_1_491' title='bbox 2156 3164 2319 3219; x_wconf 70' lang='lat' dir='ltr'><strong>Vens.</strong></span> <span class='ocrx_word' id='word_1_492' title='bbox 2359 3163 2410 3218; x_wconf 92' lang='lat'><strong>9.</strong></span> <span class='ocrx_word' id='word_1_493' title='bbox 2450 3181 2469 3213; x_wconf 78' lang='grc' dir='ltr'><strong>ι</strong></span> <span class='ocrx_word' id='word_1_494' title='bbox 2509 3158 2612 3227; x_wconf 88' lang='lat' dir='ltr'><strong>Qui</strong></span> <span class='ocrx_word' id='word_1_495' title='bbox 2642 3159 2888 3214; x_wconf 87' lang='lat' dir='ltr'><strong>habitare</strong></span> <span class='ocrx_word' id='word_1_496' title='bbox 2918 3158 3048 3214; x_wconf 81' lang='lat' dir='ltr'><strong>facit</strong></span> <span class='ocrx_word' id='word_1_497' title='bbox 3078 3131 3317 3212; x_wconf 71' lang='lat' dir='ltr'><strong>sterilem</strong></span> <span class='ocrx_word' id='word_1_498' title='bbox 3347 3155 3401 3210; x_wconf 88' lang='lat' dir='ltr'><strong>in</strong></span> <span class='ocrx_word' id='word_1_499' title='bbox 3435 3155 3648 3209; x_wconf 65' lang='lat' dir='ltr'><strong>domo.»</strong></span> 
     </span>
    </p>
   </div>
   <div class='ocr_carea' id='block_1_75' title="bbox 2146 3246 3654 3317">
    <p class='ocr_par' dir='ltr' id='par_1_75' title="bbox 2146 3246 3654 3317">
     <span class='ocr_line' id='line_1_75' title="bbox 2146 3246 3654 3317; baseline -0.008 -9"><span class='ocrx_word' id='word_1_500' title='bbox 2146 3253 2272 3308; x_wconf 88' lang='lat' dir='ltr'><strong>Sive</strong></span> <span class='ocrx_word' id='word_1_501' title='bbox 2303 3260 2554 3307; x_wconf 89' lang='lat' dir='ltr'><strong>naturam</strong></span> <span class='ocrx_word' id='word_1_502' title='bbox 2585 3250 2919 3315; x_wconf 80' lang='lat' dir='ltr'><strong>universam,</strong></span> <span class='ocrx_word' id='word_1_503' title='bbox 2957 3247 3070 3303; x_wconf 82' lang='lat' dir='ltr'><strong>sive</strong></span> <span class='ocrx_word' id='word_1_504' title='bbox 3105 3246 3399 3303; x_wconf 86' lang='lat' dir='ltr'><strong>Ecclesiam</strong></span> <span class='ocrx_word' id='word_1_505' title='bbox 3428 3261 3497 3300; x_wconf 85' lang='lat' dir='ltr'><strong>ex</strong></span> <span class='ocrx_word' id='word_1_506' title='bbox 3522 3260 3654 3317; x_wconf 89' lang='lat' dir='ltr'><strong>gen-</strong></span> 
     </span>
    </p>
   </div>
   <div class='ocr_carea' id='block_1_76' title="bbox 2075 3333 3653 3410">
    <p class='ocr_par' dir='ltr' id='par_1_76' title="bbox 2075 3333 3653 3410">
     <span class='ocr_line' id='line_1_76' title="bbox 2075 3333 3653 3410; baseline -0.01 -9"><span class='ocrx_word' id='word_1_507' title='bbox 2075 3346 2221 3402; x_wconf 88' lang='lat' dir='ltr'><strong>tibus</strong></span> <span class='ocrx_word' id='word_1_508' title='bbox 2250 3343 2492 3400; x_wconf 88' lang='lat' dir='ltr'><strong>sterilem</strong></span> <span class='ocrx_word' id='word_1_509' title='bbox 2537 3341 2763 3406; x_wconf 79' lang='lat' dir='ltr'><strong>dixeris,</strong></span> <span class='ocrx_word' id='word_1_510' title='bbox 2809 3340 3025 3410; x_wconf 85' lang='lat' dir='ltr'><strong>utrique</strong></span> <span class='ocrx_word' id='word_1_511' title='bbox 3071 3337 3363 3410; x_wconf 87' lang='lat' dir='ltr'><strong>quadrabit</strong></span> <span class='ocrx_word' id='word_1_512' title='bbox 3412 3335 3463 3389; x_wconf 89' lang='lat' dir='ltr'><strong>id</strong></span> <span class='ocrx_word' id='word_1_513' title='bbox 3508 3333 3653 3404; x_wconf 88' lang='lat' dir='ltr'><strong>quod</strong></span> 
     </span>
    </p>
   </div>
   <div class='ocr_carea' id='block_1_77' title="bbox 2049 3421 3654 3504">
    <p class='ocr_par' dir='ltr' id='par_1_77' title="bbox 2049 3421 3654 3504">
     <span class='ocr_line' id='line_1_77' title="bbox 2049 3421 3654 3504; baseline -0.009 -11"><span class='ocrx_word' id='word_1_514' title='bbox 2049 3421 2279 3493; x_wconf 37' lang='lat' dir='ltr'><strong>&#39;dictum</strong></span> <span class='ocrx_word' id='word_1_515' title='bbox 2311 3443 2413 3499; x_wconf 85' lang='lat' dir='ltr'><strong>est,</strong></span> <span class='ocrx_word' id='word_1_516' title='bbox 2447 3433 2704 3503; x_wconf 89' lang='lat' dir='ltr'><strong>quoniam</strong></span> <span class='ocrx_word' id='word_1_517' title='bbox 2739 3450 2836 3504; x_wconf 89' lang='lat' dir='ltr'><strong>per</strong></span> <span class='ocrx_word' id='word_1_518' title='bbox 2878 3432 3237 3488; x_wconf 69' lang='lat' dir='ltr'><strong>idololatrian)</strong></span> <span class='ocrx_word' id='word_1_519' title='bbox 3277 3429 3494 3484; x_wconf 89' lang='lat' dir='ltr'><strong>steriles</strong></span> <span class='ocrx_word' id='word_1_520' title='bbox 3526 3442 3654 3482; x_wconf 87' lang='lat' dir='ltr'><strong>eva-</strong></span> 
     </span>
    </p>
   </div>
   <div class='ocr_carea' id='block_1_78' title="bbox 2075 3525 3651 3599">
    <p class='ocr_par' dir='ltr' id='par_1_78' title="bbox 2075 3525 3651 3599">
     <span class='ocr_line' id='line_1_78' title="bbox 2075 3525 3651 3599; baseline -0.007 -15"><span class='ocrx_word' id='word_1_521' title='bbox 2075 3538 2276 3584; x_wconf 89' lang='lat' dir='ltr'><strong>serant.</strong></span> <span class='ocrx_word' id='word_1_522' title='bbox 2306 3528 2456 3584; x_wconf 88' lang='lat' dir='ltr'><strong>lllam</strong></span> <span class='ocrx_word' id='word_1_523' title='bbox 2487 3529 2631 3584; x_wconf 89' lang='lat' dir='ltr'><strong>enim</strong></span> <span class='ocrx_word' id='word_1_524' title='bbox 2657 3527 2789 3583; x_wconf 73' lang='lat' dir='ltr'><strong>foris</strong></span> <span class='ocrx_word' id='word_1_525' title='bbox 2817 3536 3102 3599; x_wconf 84' lang='lat' dir='ltr'><strong>vagantem</strong></span> <span class='ocrx_word' id='word_1_526' title='bbox 3140 3525 3195 3580; x_wconf 91' lang='lat' dir='ltr'><strong>in</strong></span> <span class='ocrx_word' id='word_1_527' title='bbox 3220 3526 3444 3580; x_wconf 89' lang='lat' dir='ltr'><strong>domum</strong></span> <span class='ocrx_word' id='word_1_528' title='bbox 3476 3537 3651 3583; x_wconf 89' lang='lat' dir='ltr'><strong>suam,</strong></span> 
     </span>
    </p>
   </div>
   <div class='ocr_carea' id='block_1_79' title="bbox 2077 3612 3655 3692">
    <p class='ocr_par' dir='ltr' id='par_1_79' title="bbox 2077 3612 3655 3692">
     <span class='ocr_line' id='line_1_79' title="bbox 2077 3612 3655 3692; baseline -0.008 -17"><span class='ocrx_word' id='word_1_529' title='bbox 2077 3621 2283 3676; x_wconf 83' lang='lat' dir='ltr'><strong>scilicet</strong></span> <span class='ocrx_word' id='word_1_530' title='bbox 2309 3621 2485 3692; x_wconf 88' lang='lat' dir='ltr'><strong>legem</strong></span> <span class='ocrx_word' id='word_1_531' title='bbox 2509 3619 2834 3684; x_wconf 83' lang='lat' dir='ltr'><strong>introduxit,</strong></span> <span class='ocrx_word' id='word_1_532' title='bbox 2866 3627 2922 3673; x_wconf 91' lang='lat' dir='ltr'><strong>et</strong></span> <span class='ocrx_word' id='word_1_533' title='bbox 2949 3626 3180 3673; x_wconf 88' lang='lat' dir='ltr'><strong>matrem</strong></span> <span class='ocrx_word' id='word_1_534' title='bbox 3220 3617 3453 3670; x_wconf 88' lang='lat' dir='ltr'><strong>ﬁliorum</strong></span> <span class='ocrx_word' id='word_1_535' title='bbox 3483 3630 3511 3666; x_wconf 89' lang='lat' dir='ltr'><strong>a</strong></span> <span class='ocrx_word' id='word_1_536' title='bbox 3546 3612 3655 3664; x_wconf 79' lang='lat' dir='ltr'><strong>Deo</strong></span> 
     </span>
    </p>
   </div>
   <div class='ocr_carea' id='block_1_80' title="bbox 2076 3709 3654 3782">
    <p class='ocr_par' dir='ltr' id='par_1_80' title="bbox 2076 3709 3654 3782">
     <span class='ocr_line' id='line_1_80' title="bbox 2076 3709 3654 3782; baseline -0.004 -16"><span class='ocrx_word' id='word_1_537' title='bbox 2076 3713 2458 3782; x_wconf 87' lang='lat' dir='ltr'><strong>adoptatorum</strong></span> <span class='ocrx_word' id='word_1_538' title='bbox 2488 3711 2762 3766; x_wconf 83' lang='lat' dir='ltr'><strong>Ia-tantem</strong></span> <span class='ocrx_word' id='word_1_539' title='bbox 2799 3710 3192 3766; x_wconf 84' lang='lat' dir='ltr'><strong>demonstravit</strong></span> <span class='ocrx_word' id='word_1_540' title='bbox 3220 3727 3233 3762; x_wconf 92' lang='lat'>:</span> <span class='ocrx_word' id='word_1_541' title='bbox 3274 3709 3434 3776; x_wconf 81' lang='lat' dir='ltr'><strong>cujus</strong></span> <span class='ocrx_word' id='word_1_542' title='bbox 3463 3721 3654 3777; x_wconf 86' lang='lat' dir='ltr'><strong>perso-</strong></span> 
     </span>
    </p>
   </div>
   <div class='ocr_carea' id='block_1_81' title="bbox 2076 3798 3651 3862">
    <p class='ocr_par' dir='ltr' id='par_1_81' title="bbox 2076 3798 3651 3862">
     <span class='ocr_line' id='line_1_81' title="bbox 2076 3798 3651 3862; baseline -0.003 -7"><span class='ocrx_word' id='word_1_543' title='bbox 2076 3818 2201 3855; x_wconf 88' lang='lat' dir='ltr'><strong>nam</strong></span> <span class='ocrx_word' id='word_1_544' title='bbox 2230 3802 2335 3856; x_wconf 89' lang='lat' dir='ltr'><strong>hoc</strong></span> <span class='ocrx_word' id='word_1_545' title='bbox 2354 3801 2517 3856; x_wconf 80' lang='lat' dir='ltr'><strong>modo</strong></span> <span class='ocrx_word' id='word_1_546' title='bbox 2537 3801 2681 3856; x_wconf 85' lang='lat' dir='ltr'><strong>clare</strong></span> <span class='ocrx_word' id='word_1_547' title='bbox 2718 3801 3022 3856; x_wconf 77' lang='lat' dir='ltr'><strong>introduxit</strong></span> <span class='ocrx_word' id='word_1_548' title='bbox 3058 3799 3224 3854; x_wconf 88' lang='lat' dir='ltr'><strong>Isaias</strong></span> <span class='ocrx_word' id='word_1_549' title='bbox 3257 3817 3269 3851; x_wconf 92' lang='lat'>:</span> <span class='ocrx_word' id='word_1_550' title='bbox 3306 3798 3456 3852; x_wconf 83' lang='lat' dir='ltr'><strong>Dices</strong></span> <span class='ocrx_word' id='word_1_551' title='bbox 3483 3798 3651 3862; x_wconf 84' lang='lat' dir='ltr'><strong>enim,</strong></span> 
     </span>
    </p>
   </div>
   <div class='ocr_carea' id='block_1_82' title="bbox 2078 3891 3654 3962">
    <p class='ocr_par' dir='ltr' id='par_1_82' title="bbox 2078 3891 3654 3962">
     <span class='ocr_line' id='line_1_82' title="bbox 2078 3891 3654 3962; baseline -0.002 -16"><span class='ocrx_word' id='word_1_552' title='bbox 2078 3893 2270 3962; x_wconf 87' lang='lat' dir='ltr'><strong>inquit,</strong></span> <span class='ocrx_word' id='word_1_553' title='bbox 2318 3895 2372 3946; x_wconf 81' lang='lat' dir='ltr'><strong>in</strong></span> <span class='ocrx_word' id='word_1_554' title='bbox 2408 3893 2560 3948; x_wconf 85' lang='lat' dir='ltr'><strong>corde</strong></span> <span class='ocrx_word' id='word_1_555' title='bbox 2599 3901 2731 3946; x_wconf 85' lang='lat' dir='ltr'><strong>tuo:</strong></span> <span class='ocrx_word' id='word_1_556' title='bbox 2775 3891 2900 3956; x_wconf 86' lang='lat' dir='ltr'><strong>Quis</strong></span> <span class='ocrx_word' id='word_1_557' title='bbox 2939 3893 3114 3961; x_wconf 79' lang='lat' dir='ltr'><strong>genuit</strong></span> <span class='ocrx_word' id='word_1_558' title='bbox 3169 3892 3295 3946; x_wconf 84' lang='lat' dir='ltr'><strong>mihi</strong></span> <span class='ocrx_word' id='word_1_559' title='bbox 3336 3893 3501 3946; x_wconf 81' lang='lat' dir='ltr'><strong>istos?</strong></span> <span class='ocrx_word' id='word_1_560' title='bbox 3542 3891 3654 3960; x_wconf 80' lang='lat' dir='ltr'><strong>Ego</strong></span> 
     </span>
    </p>
   </div>
   <div class='ocr_carea' id='block_1_83' title="bbox 2075 3984 3655 4054">
    <p class='ocr_par' dir='ltr' id='par_1_83' title="bbox 2075 3984 3655 4054">
     <span class='ocr_line' id='line_1_83' title="bbox 2075 3984 3655 4054; baseline -0.003 -17"><span class='ocrx_word' id='word_1_561' title='bbox 2075 3993 2252 4038; x_wconf 86' lang='lat' dir='ltr'><strong>autem</strong></span> <span class='ocrx_word' id='word_1_562' title='bbox 2288 3985 2476 4054; x_wconf 79' lang='lat' dir='ltr'><strong>absque</strong></span> <span class='ocrx_word' id='word_1_563' title='bbox 2518 3985 2711 4049; x_wconf 79' lang='lat' dir='ltr'><strong>liberis,</strong></span> <span class='ocrx_word' id='word_1_564' title='bbox 2749 3995 2796 4038; x_wconf 87' lang='lat' dir='ltr'><strong>ct</strong></span> <span class='ocrx_word' id='word_1_565' title='bbox 2838 3985 2994 4038; x_wconf 87' lang='lat' dir='ltr'><strong>vidua</strong></span> <span class='ocrx_word' id='word_1_566' title='bbox 3033 3984 3415 4054; x_wconf 80' lang='lat' dir='ltr'><strong>transmigrata</strong></span> <span class='ocrx_word' id='word_1_567' title='bbox 3456 3993 3506 4036; x_wconf 85' lang='lat' dir='ltr'><strong>et</strong></span> <span class='ocrx_word' id='word_1_568' title='bbox 3532 3997 3655 4050; x_wconf 82' lang='lat' dir='ltr'><strong>cap-</strong></span> 
     </span>
    </p>
   </div>
   <div class='ocr_carea' id='block_1_84' title="bbox 2075 4073 3666 4145">
    <p class='ocr_par' dir='ltr' id='par_1_84' title="bbox 2075 4073 3666 4145">
     <span class='ocr_line' id='line_1_84' title="bbox 2075 4073 3666 4145; baseline 0 -19"><span class='ocrx_word' id='word_1_569' title='bbox 2075 4075 2202 4126; x_wconf 85' lang='lat' dir='ltr'><strong>tiva.</strong></span> <span class='ocrx_word' id='word_1_570' title='bbox 2248 4073 2313 4126; x_wconf 85' lang='lat' dir='ltr'><strong>Et</strong></span> <span class='ocrx_word' id='word_1_571' title='bbox 2355 4075 2480 4127; x_wconf 81' lang='lat' dir='ltr'><strong>istos</strong></span> <span class='ocrx_word' id='word_1_572' title='bbox 2510 4075 2626 4144; x_wconf 86' lang='lat' dir='ltr'><strong>quis</strong></span> <span class='ocrx_word' id='word_1_573' title='bbox 2663 4074 2908 4128; x_wconf 82' lang='lat' dir='ltr'><strong>enutrivit</strong></span> <span class='ocrx_word' id='word_1_574' title='bbox 2952 4074 3120 4127; x_wconf 84' lang='lat' dir='ltr'><strong>mihi?</strong></span> <span class='ocrx_word' id='word_1_575' title='bbox 3154 4073 3264 4145; x_wconf 85' lang='lat' dir='ltr'><strong>Ego</strong></span> <span class='ocrx_word' id='word_1_576' title='bbox 3289 4082 3467 4126; x_wconf 86' lang='lat' dir='ltr'><strong>autem</strong></span> <span class='ocrx_word' id='word_1_577' title='bbox 3503 4073 3666 4128; x_wconf 77' lang='lat' dir='ltr'><strong>dere-.</strong></span> 
     </span>
    </p>
   </div>
   <div class='ocr_carea' id='block_1_85' title="bbox 2076 4166 3267 4232">
    <p class='ocr_par' dir='ltr' id='par_1_85' title="bbox 2076 4166 3267 4232">
     <span class='ocr_line' id='line_1_85' title="bbox 2076 4166 3267 4232; baseline -0.001 -11"><span class='ocrx_word' id='word_1_578' title='bbox 2076 4167 2199 4221; x_wconf 73' lang='lat' dir='ltr'><strong>[icta</strong></span> <span class='ocrx_word' id='word_1_579' title='bbox 2233 4184 2345 4221; x_wconf 82' lang='lat' dir='ltr'><strong>sum</strong></span> <span class='ocrx_word' id='word_1_580' title='bbox 2368 4166 2479 4221; x_wconf 78' lang='lat' dir='ltr'><strong>sola</strong></span> <span class='ocrx_word' id='word_1_581' title='bbox 2497 4184 2514 4232; x_wconf 80' lang='lat'><strong>,&#39;</strong></span> <span class='ocrx_word' id='word_1_582' title='bbox 2543 4177 2589 4221; x_wconf 90' lang='lat' dir='ltr'><strong>et</strong></span> <span class='ocrx_word' id='word_1_583' title='bbox 2615 4168 2701 4221; x_wconf 83' lang='lat' dir='ltr'><strong>isti</strong></span> <span class='ocrx_word' id='word_1_584' title='bbox 2734 4167 2861 4222; x_wconf 81' lang='lat' dir='ltr'><strong>mihi</strong></span> <span class='ocrx_word' id='word_1_585' title='bbox 2889 4169 2974 4222; x_wconf 84' lang='lat' dir='ltr'><strong>ubi</strong></span> <span class='ocrx_word' id='word_1_586' title='bbox 3003 4178 3155 4222; x_wconf 81' lang='lat' dir='ltr'><strong>erant</strong></span> <span class='ocrx_word' id='word_1_587' title='bbox 3184 4168 3267 4220; x_wconf 65' lang='lat'><strong>&quot;1’</strong></span> 
     </span>
    </p>
   </div>
   <div class='ocr_carea' id='block_1_86' title="bbox 2591 4282 3138 4341">
    <p class='ocr_par' dir='ltr' id='par_1_86' title="bbox 2591 4282 3138 4341">
     <span class='ocr_line' id='line_1_86' title="bbox 2591 4282 3138 4341; baseline 0.004 -3"><span class='ocrx_word' id='word_1_588' title='bbox 2591 4282 2912 4339; x_wconf 81' lang='lat' dir='ltr'><strong>PSALMUS</strong></span> <span class='ocrx_word' id='word_1_589' title='bbox 2948 4283 3138 4341; x_wconf 74' lang='lat' dir='ltr'><strong>CXIII.</strong></span> 
     </span>
    </p>
   </div>
   <div class='ocr_carea' id='block_1_87' title="bbox 2145 4370 3181 4444">
    <p class='ocr_par' dir='ltr' id='par_1_87' title="bbox 2145 4370 3181 4444">
     <span class='ocr_line' id='line_1_87' title="bbox 2145 4370 3181 4444; baseline -0.001 -19"><span class='ocrx_word' id='word_1_590' title='bbox 2145 4370 2304 4428; x_wconf 70' lang='lat' dir='ltr'><strong>Vens.</strong></span> <span class='ocrx_word' id='word_1_591' title='bbox 2346 4371 2400 4426; x_wconf 82' lang='grc'><strong>5.</strong></span> <span class='ocrx_word' id='word_1_592' title='bbox 2444 4392 2461 4424; x_wconf 79' lang='grc' dir='ltr'><strong>ι</strong></span> <span class='ocrx_word' id='word_1_593' title='bbox 2501 4370 2649 4427; x_wconf 76' lang='lat' dir='ltr'><strong>Mare</strong></span> <span class='ocrx_word' id='word_1_594' title='bbox 2684 4371 2844 4439; x_wconf 88' lang='lat' dir='ltr'><strong>vidit,</strong></span> <span class='ocrx_word' id='word_1_595' title='bbox 2877 4382 2933 4428; x_wconf 86' lang='lat' dir='ltr'><strong>et</strong></span> <span class='ocrx_word' id='word_1_596' title='bbox 2965 4371 3116 4444; x_wconf 83' lang='lat' dir='ltr'><strong>fugit.</strong></span> <span class='ocrx_word' id='word_1_597' title='bbox 3157 4391 3181 4424; x_wconf 68' lang='grc' dir='ltr'><strong>ι</strong></span> 
     </span>
    </p>
   </div>
   <div class='ocr_carea' id='block_1_88' title="bbox 466 4434 1969 4531">
    <p class='ocr_par' dir='ltr' id='par_1_88' title="bbox 466 4434 1966 4531">
     <span class='ocr_line' id='line_1_88' title="bbox 466 4434 1966 4531; baseline 0.018 -44"><span class='ocrx_word' id='word_1_598' title='bbox 466 4434 656 4531; x_wconf 55' lang='grc' dir='ltr'>Ταῦτα</span> <span class='ocrx_word' id='word_1_599' title='bbox 691 4439 788 4510; x_wconf 80' lang='grc' dir='ltr'><strong>μὲν</strong></span> <span class='ocrx_word' id='word_1_600' title='bbox 826 4441 956 4507; x_wconf 85' lang='grc' dir='ltr'>ῐσως</span> <span class='ocrx_word' id='word_1_601' title='bbox 983 4446 1124 4500; x_wconf 85' lang='grc' dir='ltr'>κατὰ</span> <span class='ocrx_word' id='word_1_602' title='bbox 1156 4447 1217 4501; x_wconf 81' lang='grc' dir='ltr'><strong>τὸ</strong></span> <span class='ocrx_word' id='word_1_603' title='bbox 1254 4450 1511 4523; x_wconf 71' lang='grc' dir='ltr'>αίσθητδν</span> <span class='ocrx_word' id='word_1_604' title='bbox 1545 4454 1640 4509; x_wconf 73' lang='grc' dir='ltr'><strong>ἐπὶ</strong></span> <span class='ocrx_word' id='word_1_605' title='bbox 1661 4457 1758 4529; x_wconf 82' lang='grc' dir='ltr'>τῆς</span> <span class='ocrx_word' id='word_1_606' title='bbox 1786 4459 1966 4524; x_wconf 75' lang='grc' dir='ltr'>ἐξόδου</span> 
     </span>
    </p>
   </div>
   <div class='ocr_carea' id='block_1_89' title="bbox 2069 4434 3652 4531">
    <p class='ocr_par' dir='ltr' id='par_1_89' title="bbox 2145 4461 3652 4531">
     <span class='ocr_line' id='line_1_89' title="bbox 2145 4461 3652 4531; baseline 0 -13"><span class='ocrx_word' id='word_1_607' title='bbox 2145 4462 2274 4518; x_wconf 56' lang='lat' dir='ltr'><strong>lianc</strong></span> <span class='ocrx_word' id='word_1_608' title='bbox 2315 4461 2458 4518; x_wconf 81' lang='lat' dir='ltr'><strong>forte</strong></span> <span class='ocrx_word' id='word_1_609' title='bbox 2499 4462 2721 4531; x_wconf 89' lang='lat' dir='ltr'><strong>quidem</strong></span> <span class='ocrx_word' id='word_1_610' title='bbox 2766 4464 3070 4519; x_wconf 75' lang='lat' dir='ltr'><strong>secundum</strong></span> <span class='ocrx_word' id='word_1_611' title='bbox 3122 4479 3346 4522; x_wconf 77' lang='lat' dir='ltr'><strong>sensum</strong></span> <span class='ocrx_word' id='word_1_612' title='bbox 3395 4463 3461 4518; x_wconf 74' lang='lat' dir='ltr'><strong>in</strong></span> <span class='ocrx_word' id='word_1_613' title='bbox 3501 4463 3652 4518; x_wconf 84' lang='lat' dir='ltr'><strong>exitu</strong></span> 
     </span>
    </p>
   </div>
   <div class='ocr_carea' id='block_1_90' title="bbox 396 4526 1972 4621">
    <p class='ocr_par' dir='ltr' id='par_1_90' title="bbox 396 4526 1972 4621">
     <span class='ocr_line' id='line_1_90' title="bbox 396 4526 1972 4621; baseline 0.018 -42"><span class='ocrx_word' id='word_1_614' title='bbox 396 4526 491 4581; x_wconf 79' lang='grc' dir='ltr'>τοῦ</span> <span class='ocrx_word' id='word_1_615' title='bbox 526 4527 656 4621; x_wconf 71' lang='grc' dir='ltr'>λαοῦ</span> <span class='ocrx_word' id='word_1_616' title='bbox 686 4533 794 4586; x_wconf 87' lang='grc' dir='ltr'><strong>τῶν</strong></span> <span class='ocrx_word' id='word_1_617' title='bbox 839 4534 1108 4592; x_wconf 84' lang='grc' dir='ltr'>Ἰουδαίων</span> <span class='ocrx_word' id='word_1_618' title='bbox 1138 4540 1374 4609; x_wconf 75' lang='grc' dir='ltr'>ἐγένετο,</span> <span class='ocrx_word' id='word_1_619' title='bbox 1403 4545 1582 4600; x_wconf 87' lang='grc' dir='ltr'>καίτοι</span> <span class='ocrx_word' id='word_1_620' title='bbox 1621 4526 1741 4603; x_wconf 52' lang='grc' dir='ltr'>οὑδδ</span> <span class='ocrx_word' id='word_1_621' title='bbox 1768 4552 1972 4621; x_wconf 80' lang='grc' dir='ltr'>φυγοῦ-</span> 
     </span>
    </p>
   </div>
   <div class='ocr_carea' id='block_1_91' title="bbox 400 4620 1974 4710">
    <p class='ocr_par' dir='ltr' id='par_1_91' title="bbox 400 4620 1974 4710">
     <span class='ocr_line' id='line_1_91' title="bbox 400 4620 1974 4710; baseline 0.02 -42"><span class='ocrx_word' id='word_1_622' title='bbox 400 4633 501 4710; x_wconf 79' lang='grc' dir='ltr'><strong>σαν</strong></span> <span class='ocrx_word' id='word_1_623' title='bbox 567 4620 685 4673; x_wconf 78' lang='grc' dir='ltr'>ἐκεῖ</span> <span class='ocrx_word' id='word_1_624' title='bbox 739 4622 838 4692; x_wconf 82' lang='grc' dir='ltr'>τὴν</span> <span class='ocrx_word' id='word_1_625' title='bbox 899 4623 1196 4694; x_wconf 81' lang='grc' dir='ltr'>θάλασσαν,</span> <span class='ocrx_word' id='word_1_626' title='bbox 1258 4631 1396 4686; x_wconf 80' lang='grc' dir='ltr'>ἀλλὰ</span> <span class='ocrx_word' id='word_1_627' title='bbox 1453 4635 1562 4705; x_wconf 81' lang='grc' dir='ltr'>γὰρ</span> <span class='ocrx_word' id='word_1_628' title='bbox 1608 4620 1974 4710; x_wconf 78' lang='grc' dir='ltr'>διαιρεθεῖσαν</span> 
     </span>
    </p>
   </div>
   <div class='ocr_carea' id='block_1_92' title="bbox 397 4707 1974 4795">
    <p class='ocr_par' dir='ltr' id='par_1_92' title="bbox 397 4707 1974 4795">
     <span class='ocr_line' id='line_1_92' title="bbox 397 4707 1974 4795; baseline 0.02 -36"><span class='ocrx_word' id='word_1_629' title='bbox 397 4707 662 4779; x_wconf 72' lang='grc' dir='ltr'>ἔγνωμεν.</span> <span class='ocrx_word' id='word_1_630' title='bbox 691 4713 753 4765; x_wconf 82' lang='lat' dir='ltr'><strong>El</strong></span> <span class='ocrx_word' id='word_1_631' title='bbox 791 4713 847 4768; x_wconf 84' lang='grc' dir='ltr'>δὲ</span> <span class='ocrx_word' id='word_1_632' title='bbox 886 4717 982 4771; x_wconf 79' lang='grc' dir='ltr'>καὶ</span> <span class='ocrx_word' id='word_1_633' title='bbox 1020 4719 1192 4775; x_wconf 83' lang='grc' dir='ltr'>ταῦτα</span> <span class='ocrx_word' id='word_1_634' title='bbox 1215 4725 1526 4795; x_wconf 78' lang='grc' dir='ltr'>γεγένηται,</span> <span class='ocrx_word' id='word_1_635' title='bbox 1553 4728 1667 4783; x_wconf 85' lang='grc' dir='ltr'>ἀλλ’</span> <span class='ocrx_word' id='word_1_636' title='bbox 1691 4707 1876 4787; x_wconf 69' lang='grc' dir='ltr'>οόκέτι</span> <span class='ocrx_word' id='word_1_637' title='bbox 1904 4737 1974 4789; x_wconf 79' lang='grc' dir='ltr'>τὰ</span> 
     </span>
    </p>
   </div>
   <div class='ocr_carea' id='block_1_93' title="bbox 399 4799 1971 4897">
    <p class='ocr_par' dir='ltr' id='par_1_93' title="bbox 399 4799 1971 4897">
     <span class='ocr_line' id='line_1_93' title="bbox 399 4799 1971 4897; baseline 0.019 -46"><span class='ocrx_word' id='word_1_638' title='bbox 399 4799 660 4897; x_wconf 55' lang='grc' dir='ltr'>ξπόμενα.</span> <span class='ocrx_word' id='word_1_639' title='bbox 708 4805 845 4860; x_wconf 84' lang='grc' dir='ltr'>Πότε</span> <span class='ocrx_word' id='word_1_640' title='bbox 886 4807 994 4880; x_wconf 83' lang='grc' dir='ltr'><strong>γάρ</strong></span> <span class='ocrx_word' id='word_1_641' title='bbox 1042 4810 1142 4882; x_wconf 78' lang='grc' dir='ltr'>ὅρη</span> <span class='ocrx_word' id='word_1_642' title='bbox 1197 4815 1480 4884; x_wconf 81' lang='grc' dir='ltr'>ὑψωθέντα</span> <span class='ocrx_word' id='word_1_643' title='bbox 1533 4823 1667 4892; x_wconf 86' lang='grc' dir='ltr'>παρ’</span> <span class='ocrx_word' id='word_1_644' title='bbox 1713 4825 1896 4890; x_wconf 86' lang='grc' dir='ltr'>αὐτοῖς</span> <span class='ocrx_word' id='word_1_645' title='bbox 1939 4825 1971 4897; x_wconf 78' lang='grc' dir='ltr'>ἢ</span> 
     </span>
    </p>
   </div>
   <div class='ocr_carea' id='block_1_94' title="bbox 400 4891 1973 4989">
    <p class='ocr_par' dir='ltr' id='par_1_94' title="bbox 400 4891 1973 4989">
     <span class='ocr_line' id='line_1_94' title="bbox 400 4891 1973 4989; baseline 0.018 -45"><span class='ocrx_word' id='word_1_646' title='bbox 400 4891 623 4989; x_wconf 70' lang='grc' dir='ltr'>βουνοὺς</span> <span class='ocrx_word' id='word_1_647' title='bbox 648 4897 1022 4989; x_wconf 54' lang='grc' dir='ltr'><strong>Δἰέριοόσαμεη</strong></span> <span class='ocrx_word' id='word_1_648' title='bbox 1057 4905 1197 4962; x_wconf 76' lang='grc' dir='ltr'>ὥστε</span> <span class='ocrx_word' id='word_1_649' title='bbox 1229 4908 1409 4979; x_wconf 78' lang='grc' dir='ltr'>δῆλον,</span> <span class='ocrx_word' id='word_1_650' title='bbox 1447 4913 1528 4966; x_wconf 87' lang='grc' dir='ltr'><strong>ὄτι</strong></span> <span class='ocrx_word' id='word_1_651' title='bbox 1565 4891 1660 4968; x_wconf 75' lang='grc' dir='ltr'>καὶ</span> <span class='ocrx_word' id='word_1_652' title='bbox 1687 4917 1828 4989; x_wconf 73' lang='grc' dir='ltr'>ἅπερ</span> <span class='ocrx_word' id='word_1_653' title='bbox 1873 4891 1973 4972; x_wconf 51' lang='lat' dir='ltr'><strong>ad;</strong></span> 
     </span>
    </p>
   </div>
   <div class='ocr_carea' id='block_1_95' title="bbox 395 4986 1974 5074">
    <p class='ocr_par' dir='ltr' id='par_1_95' title="bbox 395 4986 1974 5074">
     <span class='ocr_line' id='line_1_95' title="bbox 395 4986 1974 5074; baseline 0.019 -40"><span class='ocrx_word' id='word_1_654' title='bbox 395 4986 508 5046; x_wconf 84' lang='grc' dir='ltr'>τοῖς</span> <span class='ocrx_word' id='word_1_655' title='bbox 535 4986 817 5043; x_wconf 76' lang='grc' dir='ltr'>συνέϐαινε</span> <span class='ocrx_word' id='word_1_656' title='bbox 840 4990 1097 5064; x_wconf 81' lang='grc' dir='ltr'>Θαύματα</span> <span class='ocrx_word' id='word_1_657' title='bbox 1115 5039 1129 5060; x_wconf 87' lang='grc'><strong>,</strong></span> <span class='ocrx_word' id='word_1_658' title='bbox 1157 5001 1360 5069; x_wconf 73' lang='grc' dir='ltr'>μερικὰ</span> <span class='ocrx_word' id='word_1_659' title='bbox 1391 5001 1491 5073; x_wconf 85' lang='grc' dir='ltr'><strong>μὲν</strong></span> <span class='ocrx_word' id='word_1_660' title='bbox 1510 4999 1599 5074; x_wconf 85' lang='grc' dir='ltr'>ἦν,</span> <span class='ocrx_word' id='word_1_661' title='bbox 1625 5008 1707 5070; x_wconf 84' lang='grc' dir='ltr'>εἰς</span> <span class='ocrx_word' id='word_1_662' title='bbox 1724 4986 1974 5064; x_wconf 75' lang='grc' dir='ltr'>ἐκτόπω-</span> 
     </span>
    </p>
   </div>
   <div class='ocr_carea' id='block_1_96' title="bbox 399 5078 1973 5175">
    <p class='ocr_par' dir='ltr' id='par_1_96' title="bbox 399 5078 1973 5175">
     <span class='ocr_line' id='line_1_96' title="bbox 399 5078 1973 5175; baseline 0.018 -48"><span class='ocrx_word' id='word_1_663' title='bbox 399 5092 484 5128; x_wconf 92' lang='grc' dir='ltr'><strong>σιν</strong></span> <span class='ocrx_word' id='word_1_664' title='bbox 519 5078 720 5175; x_wconf 26' lang='grc' dir='ltr'>δὲλτῶν</span> <span class='ocrx_word' id='word_1_665' title='bbox 738 5084 1046 5175; x_wconf 48' lang='grc' dir='ltr'>-ήμετέρων</span> <span class='ocrx_word' id='word_1_666' title='bbox 1072 5089 1376 5148; x_wconf 73' lang='grc' dir='ltr'>συνέϐαινε.</span> <span class='ocrx_word' id='word_1_667' title='bbox 1417 5093 1706 5152; x_wconf 81' lang='grc' dir='ltr'>Θάλασσαν</span> <span class='ocrx_word' id='word_1_668' title='bbox 1739 5102 1850 5172; x_wconf 79' lang='grc' dir='ltr'>γὰρ</span> <span class='ocrx_word' id='word_1_669' title='bbox 1873 5103 1973 5175; x_wconf 80' lang='grc' dir='ltr'>τὴν</span> 
     </span>
    </p>
   </div>
   <div class='ocr_carea' id='block_1_97' title="bbox 400 5169 1966 5262">
    <p class='ocr_par' dir='ltr' id='par_1_97' title="bbox 400 5169 1966 5262">
     <span class='ocr_line' id='line_1_97' title="bbox 400 5169 1966 5262; baseline 0.022 -47"><span class='ocrx_word' id='word_1_670' title='bbox 400 5169 644 5235; x_wconf 73' lang='grc' dir='ltr'>τωνηρὰν</span> <span class='ocrx_word' id='word_1_671' title='bbox 671 5172 764 5224; x_wconf 79' lang='grc' dir='ltr'>τοῦ</span> <span class='ocrx_word' id='word_1_672' title='bbox 795 5172 913 5243; x_wconf 81' lang='grc' dir='ltr'>βίου</span> <span class='ocrx_word' id='word_1_673' title='bbox 962 5178 1259 5245; x_wconf 85' lang='grc' dir='ltr'>πολιτείαν,</span> <span class='ocrx_word' id='word_1_674' title='bbox 1298 5182 1372 5247; x_wconf 83' lang='grc' dir='ltr'>ὡς</span> <span class='ocrx_word' id='word_1_675' title='bbox 1408 5185 1642 5242; x_wconf 79' lang='grc' dir='ltr'>ἄστατον</span> <span class='ocrx_word' id='word_1_676' title='bbox 1665 5229 1680 5254; x_wconf 96' lang='grc'><strong>,</strong></span> <span class='ocrx_word' id='word_1_677' title='bbox 1726 5169 1966 5262; x_wconf 66' lang='grc' dir='ltr'>ναυάγια</span> 
     </span>
    </p>
   </div>
   <div class='ocr_carea' id='block_1_98' title="bbox 399 5261 1976 5354">
    <p class='ocr_par' dir='ltr' id='par_1_98' title="bbox 399 5261 1976 5354">
     <span class='ocr_line' id='line_1_98' title="bbox 399 5261 1976 5354; baseline 0.02 -47"><span class='ocrx_word' id='word_1_678' title='bbox 399 5261 748 5354; x_wconf 41' lang='grc' dir='ltr'>τεψποιοῦσαν</span> <span class='ocrx_word' id='word_1_679' title='bbox 801 5268 893 5320; x_wconf 77' lang='grc' dir='ltr'><strong>καὶ</strong></span> <span class='ocrx_word' id='word_1_680' title='bbox 928 5271 1172 5339; x_wconf 85' lang='grc' dir='ltr'>χειμῶνα</span> <span class='ocrx_word' id='word_1_681' title='bbox 1208 5277 1320 5338; x_wconf 85' lang='grc' dir='ltr'>τοῖς</span> <span class='ocrx_word' id='word_1_682' title='bbox 1348 5277 1406 5330; x_wconf 85' lang='grc' dir='ltr'>ὲν</span> <span class='ocrx_word' id='word_1_683' title='bbox 1435 5278 1570 5350; x_wconf 74' lang='grc' dir='ltr'>αὐτῇ</span> <span class='ocrx_word' id='word_1_684' title='bbox 1607 5261 1976 5354; x_wconf 82' lang='grc' dir='ltr'>προσήκεινο-</span> 
     </span>
    </p>
   </div>
   <div class='ocr_carea' id='block_1_99' title="bbox 404 5348 1971 5443">
    <p class='ocr_par' dir='ltr' id='par_1_99' title="bbox 404 5348 1971 5443">
     <span class='ocr_line' id='line_1_99' title="bbox 404 5348 1971 5443; baseline 0.02 -45"><span class='ocrx_word' id='word_1_685' title='bbox 404 5348 689 5443; x_wconf 74' lang='grc' dir='ltr'>μίξεσθαι·</span> <span class='ocrx_word' id='word_1_686' title='bbox 731 5355 1003 5429; x_wconf 77' lang='grc' dir='ltr'>Ἰορδάνην</span> <span class='ocrx_word' id='word_1_687' title='bbox 1033 5361 1088 5413; x_wconf 81' lang='grc' dir='ltr'>δέ</span> <span class='ocrx_word' id='word_1_688' title='bbox 1120 5379 1182 5429; x_wconf 89' lang='grc' dir='ltr'><strong>γε</strong></span> <span class='ocrx_word' id='word_1_689' title='bbox 1209 5363 1308 5436; x_wconf 82' lang='grc' dir='ltr'><strong>τὴν</strong></span> <span class='ocrx_word' id='word_1_690' title='bbox 1339 5366 1498 5438; x_wconf 81' lang='grc' dir='ltr'>χάριν</span> <span class='ocrx_word' id='word_1_691' title='bbox 1527 5348 1620 5422; x_wconf 78' lang='grc' dir='ltr'>τοῦ</span> <span class='ocrx_word' id='word_1_692' title='bbox 1650 5348 1971 5443; x_wconf 62' lang='grc' dir='ltr'>βαπτίσμα-</span> 
     </span>
    </p>
   </div>
   <div class='ocr_carea' id='block_1_100' title="bbox 398 5441 1971 5536">
    <p class='ocr_par' dir='ltr' id='par_1_100' title="bbox 398 5441 1971 5536">
     <span class='ocr_line' id='line_1_100' title="bbox 398 5441 1971 5536; baseline 0.02 -47"><span class='ocrx_word' id='word_1_693' title='bbox 398 5454 512 5536; x_wconf 75' lang='grc' dir='ltr'>τος.</span> <span class='ocrx_word' id='word_1_694' title='bbox 537 5441 747 5536; x_wconf 12' lang='grc' dir='ltr'>Φεύγειῗ</span> <span class='ocrx_word' id='word_1_695' title='bbox 766 5445 944 5536; x_wconf 86' lang='grc' dir='ltr'>τοίνυν</span> <span class='ocrx_word' id='word_1_696' title='bbox 973 5451 1007 5522; x_wconf 79' lang='grc' dir='ltr'>ἡ</span> <span class='ocrx_word' id='word_1_697' title='bbox 1033 5451 1127 5505; x_wconf 82' lang='grc' dir='ltr'>τοῦ</span> <span class='ocrx_word' id='word_1_698' title='bbox 1162 5453 1279 5524; x_wconf 85' lang='grc' dir='ltr'>βίου</span> <span class='ocrx_word' id='word_1_699' title='bbox 1310 5457 1552 5512; x_wconf 82' lang='grc' dir='ltr'>θάλασσα</span> <span class='ocrx_word' id='word_1_700' title='bbox 1585 5461 1676 5515; x_wconf 80' lang='grc' dir='ltr'><strong>τὸν</strong></span> <span class='ocrx_word' id='word_1_701' title='bbox 1718 5441 1971 5536; x_wconf 71' lang='grc' dir='ltr'>ἐξομολο-</span> 
     </span>
    </p>
   </div>
   <div class='ocr_carea' id='block_1_101' title="bbox 399 5529 1973 5629">
    <p class='ocr_par' dir='ltr' id='par_1_101' title="bbox 399 5529 1973 5629">
     <span class='ocr_line' id='line_1_101' title="bbox 399 5529 1973 5629; baseline 0.018 -47"><span class='ocrx_word' id='word_1_702' title='bbox 399 5529 685 5603; x_wconf 82' lang='grc' dir='ltr'>γούμενον,</span> <span class='ocrx_word' id='word_1_703' title='bbox 726 5535 943 5610; x_wconf 82' lang='grc' dir='ltr'>ἁλμυρά</span> <span class='ocrx_word' id='word_1_704' title='bbox 983 5559 1067 5607; x_wconf 91' lang='grc' dir='ltr'><strong>τις</strong></span> <span class='ocrx_word' id='word_1_705' title='bbox 1095 5539 1229 5600; x_wconf 76' lang='grc' dir='ltr'>οὖσα</span> <span class='ocrx_word' id='word_1_706' title='bbox 1252 5589 1267 5612; x_wconf 91' lang='grc'><strong>,</strong></span> <span class='ocrx_word' id='word_1_707' title='bbox 1301 5551 1393 5603; x_wconf 73' lang='grc' dir='ltr'>καὶ</span> <span class='ocrx_word' id='word_1_708' title='bbox 1421 5551 1494 5621; x_wconf 82' lang='grc' dir='ltr'><strong>μὴ</strong></span> <span class='ocrx_word' id='word_1_709' title='bbox 1527 5529 1973 5629; x_wconf 54' lang='grc' dir='ltr'>δυναμένηπρὸς</span> 
     </span>
    </p>
   </div>
   <div class='ocr_carea' id='block_1_102' title="bbox 2074 4549 3652 4626">
    <p class='ocr_par' dir='ltr' id='par_1_102' title="bbox 2074 4549 3652 4626">
     <span class='ocr_line' id='line_1_102' title="bbox 2074 4549 3652 4626; baseline 0.001 -18"><span class='ocrx_word' id='word_1_710' title='bbox 2074 4551 2262 4625; x_wconf 86' lang='lat' dir='ltr'><strong>populi</strong></span> <span class='ocrx_word' id='word_1_711' title='bbox 2281 4549 2594 4609; x_wconf 72' lang='lat' dir='ltr'><strong>Iudaeorum</strong></span> <span class='ocrx_word' id='word_1_712' title='bbox 2649 4551 3012 4626; x_wconf 82' lang='lat' dir='ltr'><strong>contigerunt.</strong></span> <span class='ocrx_word' id='word_1_713' title='bbox 3064 4553 3192 4611; x_wconf 83' lang='lat' dir='ltr'><strong>licet</strong></span> <span class='ocrx_word' id='word_1_714' title='bbox 3215 4553 3324 4612; x_wconf 82' lang='lat' dir='ltr'><strong>illic</strong></span> <span class='ocrx_word' id='word_1_715' title='bbox 3368 4569 3519 4610; x_wconf 86' lang='lat' dir='ltr'><strong>mare</strong></span> <span class='ocrx_word' id='word_1_716' title='bbox 3543 4569 3652 4610; x_wconf 86' lang='lat' dir='ltr'><strong>non</strong></span> 
     </span>
    </p>
   </div>
   <div class='ocr_carea' id='block_1_103' title="bbox 2077 4642 3651 4718">
    <p class='ocr_par' dir='ltr' id='par_1_103' title="bbox 2077 4642 3651 4718">
     <span class='ocr_line' id='line_1_103' title="bbox 2077 4642 3651 4718; baseline 0 -17"><span class='ocrx_word' id='word_1_717' title='bbox 2077 4645 2303 4718; x_wconf 82' lang='lat' dir='ltr'><strong>fugisse,</strong></span> <span class='ocrx_word' id='word_1_718' title='bbox 2333 4644 2436 4701; x_wconf 82' lang='lat' dir='ltr'><strong>sed</strong></span> <span class='ocrx_word' id='word_1_719' title='bbox 2479 4642 2747 4706; x_wconf 78' lang='lat' dir='ltr'><strong>diﬁissum</strong></span> <span class='ocrx_word' id='word_1_720' title='bbox 2776 4643 2946 4705; x_wconf 77' lang='lat' dir='ltr'><strong>fuisse</strong></span> <span class='ocrx_word' id='word_1_721' title='bbox 2971 4647 3413 4718; x_wconf 82' lang='lat' dir='ltr'><strong>cognoverimus.</strong></span> <span class='ocrx_word' id='word_1_722' title='bbox 3452 4647 3651 4702; x_wconf 83' lang='lat' dir='ltr'><strong>Verum</strong></span> 
     </span>
    </p>
   </div>
   <div class='ocr_carea' id='block_1_104' title="bbox 2079 4735 3652 4808">
    <p class='ocr_par' dir='ltr' id='par_1_104' title="bbox 2079 4735 3652 4808">
     <span class='ocr_line' id='line_1_104' title="bbox 2079 4735 3652 4808; baseline 0.003 -18"><span class='ocrx_word' id='word_1_723' title='bbox 2079 4745 2140 4791; x_wconf 91' lang='lat' dir='ltr'><strong>ut</strong></span> <span class='ocrx_word' id='word_1_724' title='bbox 2181 4737 2286 4793; x_wconf 87' lang='lat' dir='ltr'><strong>ista</strong></span> <span class='ocrx_word' id='word_1_725' title='bbox 2320 4737 2487 4794; x_wconf 87' lang='lat' dir='ltr'><strong>etiam</strong></span> <span class='ocrx_word' id='word_1_726' title='bbox 2526 4735 2875 4808; x_wconf 87' lang='lat' dir='ltr'><strong>contigerint,</strong></span> <span class='ocrx_word' id='word_1_727' title='bbox 2926 4751 3271 4808; x_wconf 73' lang='lat' dir='ltr'><strong>nequaquam</strong></span> <span class='ocrx_word' id='word_1_728' title='bbox 3325 4748 3508 4796; x_wconf 84' lang='lat' dir='ltr'><strong>tamen</strong></span> <span class='ocrx_word' id='word_1_729' title='bbox 3561 4755 3652 4795; x_wconf 84' lang='lat' dir='ltr'><strong>se-</strong></span> 
     </span>
    </p>
   </div>
   <div class='ocr_carea' id='block_1_105' title="bbox 2079 4826 3652 4899">
    <p class='ocr_par' dir='ltr' id='par_1_105' title="bbox 2079 4826 3652 4899">
     <span class='ocr_line' id='line_1_105' title="bbox 2079 4826 3652 4899; baseline 0.004 -21"><span class='ocrx_word' id='word_1_730' title='bbox 2079 4827 2321 4895; x_wconf 86' lang='lat' dir='ltr'><strong>quentia.</strong></span> <span class='ocrx_word' id='word_1_731' title='bbox 2357 4827 2460 4886; x_wconf 87' lang='lat' dir='ltr'><strong>Ubi</strong></span> <span class='ocrx_word' id='word_1_732' title='bbox 2501 4827 2651 4886; x_wconf 88' lang='lat' dir='ltr'><strong>enim</strong></span> <span class='ocrx_word' id='word_1_733' title='bbox 2695 4826 2840 4897; x_wconf 87' lang='lat' dir='ltr'><strong>apud</strong></span> <span class='ocrx_word' id='word_1_734' title='bbox 2875 4827 3024 4899; x_wconf 86' lang='lat' dir='ltr'><strong>ipsos</strong></span> <span class='ocrx_word' id='word_1_735' title='bbox 3078 4836 3294 4885; x_wconf 86' lang='lat' dir='ltr'><strong>montes</strong></span> <span class='ocrx_word' id='word_1_736' title='bbox 3349 4828 3434 4886; x_wconf 85' lang='lat' dir='ltr'><strong>vel</strong></span> <span class='ocrx_word' id='word_1_737' title='bbox 3482 4830 3652 4887; x_wconf 86' lang='lat' dir='ltr'><strong>colles</strong></span> 
     </span>
    </p>
   </div>
   <div class='ocr_carea' id='block_1_106' title="bbox 2079 4915 3649 4984">
    <p class='ocr_par' dir='ltr' id='par_1_106' title="bbox 2079 4915 3649 4984">
     <span class='ocr_line' id='line_1_106' title="bbox 2079 4915 3649 4984; baseline 0.006 -15"><span class='ocrx_word' id='word_1_738' title='bbox 2079 4915 2343 4972; x_wconf 85' lang='lat' dir='ltr'><strong>exaltatos</strong></span> <span class='ocrx_word' id='word_1_739' title='bbox 2371 4916 2539 4977; x_wconf 77' lang='lat' dir='ltr'><strong>fuisse</strong></span> <span class='ocrx_word' id='word_1_740' title='bbox 2569 4917 2978 4974; x_wconf 80' lang='lat' dir='ltr'><strong>intelleximus?</strong></span> <span class='ocrx_word' id='word_1_741' title='bbox 3004 4918 3148 4975; x_wconf 85' lang='lat' dir='ltr'><strong>unde</strong></span> <span class='ocrx_word' id='word_1_742' title='bbox 3178 4919 3528 4978; x_wconf 75' lang='lat' dir='ltr'><strong>manifestum</strong></span> <span class='ocrx_word' id='word_1_743' title='bbox 3568 4923 3649 4984; x_wconf 76' lang='lat' dir='ltr'><strong>ﬁt,</strong></span> 
     </span>
    </p>
   </div>
   <div class='ocr_carea' id='block_1_107' title="bbox 2075 5009 3650 5086">
    <p class='ocr_par' dir='ltr' id='par_1_107' title="bbox 2075 5009 3650 5086">
     <span class='ocr_line' id='line_1_107' title="bbox 2075 5009 3650 5086; baseline 0.004 -23"><span class='ocrx_word' id='word_1_744' title='bbox 2075 5009 2166 5065; x_wconf 88' lang='lat' dir='ltr'><strong>illa</strong></span> <span class='ocrx_word' id='word_1_745' title='bbox 2223 5011 2480 5066; x_wconf 87' lang='lat' dir='ltr'><strong>miracula</strong></span> <span class='ocrx_word' id='word_1_746' title='bbox 2543 5028 2666 5084; x_wconf 57' lang='lat' dir='ltr'><strong>quas</strong></span> <span class='ocrx_word' id='word_1_747' title='bbox 2723 5014 2854 5084; x_wconf 87' lang='lat' dir='ltr'><strong>ipsis</strong></span> <span class='ocrx_word' id='word_1_748' title='bbox 2907 5023 3237 5081; x_wconf 84' lang='lat' dir='ltr'><strong>evenerunt,</strong></span> <span class='ocrx_word' id='word_1_749' title='bbox 3300 5014 3650 5086; x_wconf 88' lang='lat' dir='ltr'><strong>particularia</strong></span> 
     </span>
    </p>
   </div>
   <div class='ocr_carea' id='block_1_108' title="bbox 2075 5101 3648 5178">
    <p class='ocr_par' dir='ltr' id='par_1_108' title="bbox 2075 5101 3648 5178">
     <span class='ocr_line' id='line_1_108' title="bbox 2075 5101 3648 5178; baseline 0.004 -22"><span class='ocrx_word' id='word_1_750' title='bbox 2075 5101 2294 5172; x_wconf 89' lang='lat' dir='ltr'><strong>quidem</strong></span> <span class='ocrx_word' id='word_1_751' title='bbox 2323 5101 2512 5170; x_wconf 77' lang='lat' dir='ltr'><strong>fuisse,</strong></span> <span class='ocrx_word' id='word_1_752' title='bbox 2543 5104 2639 5158; x_wconf 81' lang='lat' dir='ltr'><strong>sed</strong></span> <span class='ocrx_word' id='word_1_753' title='bbox 2677 5105 2747 5161; x_wconf 89' lang='lat' dir='ltr'><strong>ad</strong></span> <span class='ocrx_word' id='word_1_754' title='bbox 2780 5105 3049 5162; x_wconf 89' lang='lat' dir='ltr'><strong>nostratia</strong></span> <span class='ocrx_word' id='word_1_755' title='bbox 3086 5107 3450 5178; x_wconf 75' lang='lat' dir='ltr'><strong>exprimenda,</strong></span> <span class='ocrx_word' id='word_1_756' title='bbox 3470 5108 3648 5163; x_wconf 88' lang='lat' dir='ltr'><strong>conti-</strong></span> 
     </span>
    </p>
   </div>
   <div class='ocr_carea' id='block_1_109' title="bbox 2074 5193 3650 5268">
    <p class='ocr_par' dir='ltr' id='par_1_109' title="bbox 2074 5193 3650 5268">
     <span class='ocr_line' id='line_1_109' title="bbox 2074 5193 3650 5268; baseline 0.004 -23"><span class='ocrx_word' id='word_1_757' title='bbox 2074 5194 2237 5264; x_wconf 78' lang='lat' dir='ltr'><strong>gisse.</strong></span> <span class='ocrx_word' id='word_1_758' title='bbox 2289 5193 2434 5250; x_wconf 79' lang='lat' dir='ltr'><strong>Mare</strong></span> <span class='ocrx_word' id='word_1_759' title='bbox 2483 5195 2630 5252; x_wconf 83' lang='lat' dir='ltr'><strong>enim</strong></span> <span class='ocrx_word' id='word_1_760' title='bbox 2679 5198 3109 5253; x_wconf 83' lang='lat' dir='ltr'><strong>existimandum</strong></span> <span class='ocrx_word' id='word_1_761' title='bbox 3158 5207 3243 5254; x_wconf 89' lang='lat' dir='ltr'><strong>est</strong></span> <span class='ocrx_word' id='word_1_762' title='bbox 3295 5214 3520 5268; x_wconf 84' lang='lat' dir='ltr'><strong>pravum</strong></span> <span class='ocrx_word' id='word_1_763' title='bbox 3570 5201 3650 5253; x_wconf 87' lang='lat' dir='ltr'><strong>vi-</strong></span> 
     </span>
    </p>
   </div>
   <div class='ocr_carea' id='block_1_110' title="bbox 2078 5285 3648 5363">
    <p class='ocr_par' dir='ltr' id='par_1_110' title="bbox 2078 5285 3648 5363">
     <span class='ocr_line' id='line_1_110' title="bbox 2078 5285 3648 5363; baseline 0.005 -25"><span class='ocrx_word' id='word_1_764' title='bbox 2078 5285 2235 5340; x_wconf 83' lang='lat' dir='ltr'><strong>vendi</strong></span> <span class='ocrx_word' id='word_1_765' title='bbox 2273 5286 2606 5352; x_wconf 87' lang='lat' dir='ltr'><strong>institutum,</strong></span> <span class='ocrx_word' id='word_1_766' title='bbox 2645 5298 2838 5359; x_wconf 87' lang='lat' dir='ltr'><strong>utpote</strong></span> <span class='ocrx_word' id='word_1_767' title='bbox 2879 5290 3219 5354; x_wconf 86' lang='lat' dir='ltr'><strong>inconstans,</strong></span> <span class='ocrx_word' id='word_1_768' title='bbox 3255 5289 3648 5363; x_wconf 80' lang='lat' dir='ltr'><strong>naufragiaque</strong></span> 
     </span>
    </p>
   </div>
   <div class='ocr_carea' id='block_1_111' title="bbox 2081 5377 3649 5448">
    <p class='ocr_par' dir='ltr' id='par_1_111' title="bbox 2081 5377 3649 5448">
     <span class='ocr_line' id='line_1_111' title="bbox 2081 5377 3649 5448; baseline 0.006 -21"><span class='ocrx_word' id='word_1_769' title='bbox 2081 5388 2145 5427; x_wconf 92' lang='lat' dir='ltr'><strong>ac</strong></span> <span class='ocrx_word' id='word_1_770' title='bbox 2179 5384 2528 5444; x_wconf 81' lang='lat' dir='ltr'><strong>tempestates</strong></span> <span class='ocrx_word' id='word_1_771' title='bbox 2573 5377 2629 5432; x_wconf 92' lang='lat' dir='ltr'><strong>in</strong></span> <span class='ocrx_word' id='word_1_772' title='bbox 2657 5393 2723 5432; x_wconf 90' lang='lat' dir='ltr'><strong>eo</strong></span> <span class='ocrx_word' id='word_1_773' title='bbox 2756 5380 3098 5439; x_wconf 83' lang='lat' dir='ltr'><strong>versantibus</strong></span> <span class='ocrx_word' id='word_1_774' title='bbox 3137 5381 3382 5438; x_wconf 88' lang='lat' dir='ltr'><strong>excitans</strong></span> <span class='ocrx_word' id='word_1_775' title='bbox 3405 5381 3649 5448; x_wconf 79' lang='lat' dir='ltr'><strong>;,Jorda-.-</strong></span> 
     </span>
    </p>
   </div>
   <div class='ocr_carea' id='block_1_112' title="bbox 2076 5470 3648 5544">
    <p class='ocr_par' dir='ltr' id='par_1_112' title="bbox 2076 5470 3648 5544">
     <span class='ocr_line' id='line_1_112' title="bbox 2076 5470 3648 5544; baseline 0.006 -26"><span class='ocrx_word' id='word_1_776' title='bbox 2076 5479 2202 5518; x_wconf 89' lang='lat' dir='ltr'><strong>nem</strong></span> <span class='ocrx_word' id='word_1_777' title='bbox 2244 5481 2374 5520; x_wconf 88' lang='lat' dir='ltr'><strong>vero</strong></span> <span class='ocrx_word' id='word_1_778' title='bbox 2410 5482 2533 5522; x_wconf 84' lang='lat' dir='ltr'><strong>esse</strong></span> <span class='ocrx_word' id='word_1_779' title='bbox 2573 5470 2800 5540; x_wconf 87' lang='lat' dir='ltr'><strong>gratiam</strong></span> <span class='ocrx_word' id='word_1_780' title='bbox 2850 5471 3212 5542; x_wconf 75' lang='lat' dir='ltr'><strong>baptismatis.</strong></span> <span class='ocrx_word' id='word_1_781' title='bbox 3263 5471 3434 5544; x_wconf 85' lang='lat' dir='ltr'><strong>Hujus</strong></span> <span class='ocrx_word' id='word_1_782' title='bbox 3485 5473 3648 5544; x_wconf 76' lang='lat' dir='ltr'><strong>igitur</strong></span> 
     </span>
    </p>
   </div>
   <div class='ocr_carea' id='block_1_113' title="bbox 2078 5555 3655 5636">
    <p class='ocr_par' dir='ltr' id='par_1_113' title="bbox 2078 5555 3655 5636">
     <span class='ocr_line' id='line_1_113' title="bbox 2078 5555 3655 5636; baseline 0.007 -29"><span class='ocrx_word' id='word_1_783' title='bbox 2078 5555 2199 5610; x_wconf 74' lang='lat' dir='ltr'><strong>vita:</strong></span> <span class='ocrx_word' id='word_1_784' title='bbox 2224 5572 2371 5613; x_wconf 88' lang='lat' dir='ltr'><strong>mare</strong></span> <span class='ocrx_word' id='word_1_785' title='bbox 2403 5559 2539 5630; x_wconf 85' lang='lat' dir='ltr'><strong>fugit</strong></span> <span class='ocrx_word' id='word_1_786' title='bbox 2563 5577 2686 5615; x_wconf 91' lang='lat' dir='ltr'><strong>eum</strong></span> <span class='ocrx_word' id='word_1_787' title='bbox 2712 5564 2811 5633; x_wconf 86' lang='lat' dir='ltr'><strong>.qui</strong></span> <span class='ocrx_word' id='word_1_788' title='bbox 2840 5563 3151 5631; x_wconf 85' lang='lat' dir='ltr'><strong>conﬁtetur,</strong></span> <span class='ocrx_word' id='word_1_789' title='bbox 3181 5581 3305 5620; x_wconf 89' lang='lat' dir='ltr'><strong>cum</strong></span> <span class='ocrx_word' id='word_1_790' title='bbox 3333 5565 3655 5636; x_wconf 55' lang='lat' dir='ltr'><strong>sitsalsum,</strong></span> 
     </span>
    </p>
   </div>
   <div class='ocr_carea' id='block_1_114' title="bbox 468 5731 1969 5825">
    <p class='ocr_par' dir='ltr' id='par_1_114' title="bbox 468 5731 1969 5812">
     <span class='ocr_line' id='line_1_114' title="bbox 468 5731 1969 5812; baseline 0.012 -25"><span class='ocrx_word' id='word_1_791' title='bbox 468 5731 516 5765; x_wconf 78' lang='lat'>”</span> <span class='ocrx_word' id='word_1_792' title='bbox 545 5731 587 5788; x_wconf 89' lang='lat' dir='ltr'><strong>II</strong></span> <span class='ocrx_word' id='word_1_793' title='bbox 618 5733 743 5790; x_wconf 87' lang='lat' dir='ltr'><strong>Cor.</strong></span> <span class='ocrx_word' id='word_1_794' title='bbox 778 5753 854 5805; x_wconf 80' lang='lat' dir='ltr'><strong>ix,</strong></span> <span class='ocrx_word' id='word_1_795' title='bbox 887 5736 938 5791; x_wconf 84' lang='lat'><strong>6.</strong></span> <span class='ocrx_word' id='word_1_796' title='bbox 1013 5741 1058 5771; x_wconf 76' lang='lat'>“</span> <span class='ocrx_word' id='word_1_797' title='bbox 1079 5740 1268 5797; x_wconf 80' lang='lat' dir='ltr'><strong>Matth.</strong></span> <span class='ocrx_word' id='word_1_798' title='bbox 1301 5759 1414 5812; x_wconf 83' lang='lat' dir='ltr'><strong>VIII,</strong></span> <span class='ocrx_word' id='word_1_799' title='bbox 1449 5743 1535 5802; x_wconf 74' lang='lat' dir='ltr'><strong>l2.</strong></span> <span class='ocrx_word' id='word_1_800' title='bbox 1604 5747 1720 5782; x_wconf 71' lang='lat'><strong>&quot;&quot;7</strong></span> <span class='ocrx_word' id='word_1_801' title='bbox 1742 5747 1894 5804; x_wconf 71' lang='lat' dir='ltr'><strong>Isaiae</strong></span> <span class='ocrx_word' id='word_1_802' title='bbox 1929 5765 1969 5807; x_wconf 85' lang='lat' dir='ltr'><strong>L‘</strong></span> 
     </span>
    </p>
   </div>
   <div class='ocr_carea' id='block_1_115' title="bbox 2069 5731 2730 5825">
    <p class='ocr_par' dir='ltr' id='par_1_115' title="bbox 2089 5751 2730 5825">
     <span class='ocr_line' id='line_1_115' title="bbox 2089 5751 2730 5825; baseline 0.019 -20"><span class='ocrx_word' id='word_1_803' title='bbox 2089 5751 2171 5806; x_wconf 79' lang='lat' dir='ltr'><strong>l5.</strong></span> <span class='ocrx_word' id='word_1_804' title='bbox 2255 5753 2300 5789; x_wconf 77' lang='grc'><strong>⁸⁵</strong></span> <span class='ocrx_word' id='word_1_805' title='bbox 2331 5756 2442 5815; x_wconf 76' lang='lat' dir='ltr'><strong>Isa,</strong></span> <span class='ocrx_word' id='word_1_806' title='bbox 2470 5771 2614 5825; x_wconf 62' lang='grc' dir='ltr'>χιιι,</span> <span class='ocrx_word' id='word_1_807' title='bbox 2638 5756 2730 5817; x_wconf 70' lang='grc'><strong>21.</strong></span> 
     </span>
    </p>
   </div>
  </div>
