4044 6228
370 348 505 410 i333

1498 342 1965 405 FRAGMENTA
2003 342 2085 401 ΙΝ
2119 341 2475 403 PSALMOS.

3507 337 3651 403 1334:

369 476 465 521 σας
489 455 578 509 τὸν
605 455 910 527 ἄνθρωπον.
937 453 1105 508 Τοῦτο
1135 452 1242 526 γὰρ
1272 454 1411 525 ὑπὲρ
1434 452 1644 516 πάντας
1665 453 1739 516 ὡς
1761 454 1955 523 φιλάν-

2080 450 2336 505 iomiuem
2394 466 2641 506 servans.
2704 448 2814 503 Hoc
2867 450 3012 505 enim
3085 459 3345 520 tanquam
3399 449 3643 504 hominis

370 549 589 620 θρωπος
621 547 893 618 βούλεται.

446 661 464 693 ι
494 641 702 712 Κύριος
737 640 1000 712 μνησθεὶς
1031 640 1214 713 ήμῶν.
1260 658 1280 690 ι

449 731 582 787 Πότε
616 728 726 802 γὰρ
755 730 786 783 6
817 731 949 796 Θεὸς
980 730 1152 801 λήθην
1179 730 1486 802 ἀνθρώπων
1515 729 1735 796 ἐδέξατο
1758 725 1952 794 ,Ἀλλὰ

372 822 529 875 τοῦτό
562 825 711 877 ἔστιν
740 821 769 875 ὃ
792 821 884 877 διὰ
914 822 1025 878 τῶν
1050 822 1365 895 εἰρημένων
1393 822 1717 876 αἰνίττεται.
1736 816 1955 888 Ἐπειδὴ

375 911 483 982 γὰρ
509 913 614 967 ὑπὸ
634 912 879 984 κατάραν
906 912 1078 980 ὄντες,
1096 914 1197 967 οὐκ
1219 912 1393 976 ἄλλως
1414 912 1585 983 αὐτῆς
1618 908 1956 979 ἀπολυθῆναι

376 1004 471 1058 καὶ
519 1002 702 1058 λαϐεῖν
734 1004 987 1074 εὐλογίαν
1018 1004 1353 1079 ἠδυνάμεθα,
1395 1004 1446 1056 εἰ
1489 1002 1566 1075 μὴ
1598 1000 1833 1073 Χριστος
1863 999 1958 1053 ἐπὶ

380 1091 538 1159 ξύλου
556 1097 891 1167 κρεμασθεὶς
919 1097 1018 1168 τὴν
1046 1097 1292 1167 κατάραν
1309 1095 1408 1166 τὴν
1430 1090 1707 1166 ἡμετέραν
1726 1092 1960 1146 ἐϐάστα-

380 1203 472 1239 σεν
493 1224 512 1253 ,
542 1186 769 1252 εἰκότως
813 1187 1123 1260 μνησθῆναι
1159 1188 1251 1243 τὸν
1286 1186 1490 1257 Κύριον
1527 1184 1833 1256 πρότερον’,
1864 1180 1961 1237 καὶ

378 1279 551 1344 οὕτως
574 1281 720 1351 ἡμᾶς
754 1280 1046 1351 εὐλογῆσαί
1072 1297 1231 1352 φησι.

461 1388 480 1422 ι
504 1372 563 1423 '0
596 1370 825 1441 οὐρανὸς
853 1371 949 1425 τοῦ
977 1371 1209 1442 οὐρανοῦ
1238 1371 1317 1441 τῷ
1342 1371 1550 1442 Κυρίῳ.
1594 1389 1613 1422 ι

449 1463 691 1535 Θεωρεῖς
728 1464 879 1528 ὅπως
920 1464 1020 1536 τὴν
1053 1463 1424 1536 δημιουργίαν
1470 1465 1500 1517 6
1542 1461 1781 1531 Ποιητὴς
1827 1460 1964 1530 πρὸς

379 1555 530 1626 ἡμᾶς
559 1555 842 1628 μερίζεται
868 1572 883 1588 ·
916 1557 1012 1611 καὶ
1053 1555 1243 1629 ὥσπερ
1293 1554 1457 1619 αὐτὸς
1487 1554 1723 1626 ἀόρατος
1747 1550 1824 1605 ὢν
1848 1550 1962 1621 ἔχει

380 1649 473 1704 τὸν
508 1649 743 1722 οὐρανὸν
796 1649 892 1704 τοῦ
932 1648 1163 1722 ούρανοῦ
1194 1650 1286 1704 τὸν
1331 1649 1584 1722 ἀόρατον,
1625 1646 1797 1710 οὕτως
1831 1646 1965 1717 ἡμῖν

379 1744 480 1811 τὴν
510 1742 688 1796 κτίσιν
711 1741 812 1814 τὴν
831 1742 1037 1815 όρατὴν
1071 1741 1389 1812 ἀπένειμεν.

933 1832 1229 1887 ΨΑΛΜΟΣ
1258 1831 1401 1887 Ρ1Δ’.

459 1942 477 1973 r
531 1921 823 1994 Ἰἰγάπησα
846 1965 861 1990 ,
888 1922 971 1978 ὅτι
998 1923 1381 1978 σίσακούσεται
1405 1923 1630 1996 Κύριος.
1678 1943 1695 1973 ›

464 2010 523 2064 '0
559 2012 727 2066 πάλαι
769 2013 1106 2083 φοϐούμενος
1140 2015 1233 2068 τὴν
1264 2012 1470 2084 Κύριον
1491 2053 1509 2082 ,
1540 2013 1642 2085 ήδη
1686 2010 1966 2085 προκόψας

382 2101 493 2155 ἀπὸ
552 2102 649 2157 τοῦ
704 2103 895 2174 φόϐου,
932 2104 1030 2160 καὶ
1084 2104 1329 2175 μεταϐὰς
1370 2103 1465 2158 ἐπὶ
1486 2103 1587 2174 τὴν
1631 2103 1854 2175 ἀγάπην
1873 2102 1967 2156 τοῦ

382 2191 541 2256 Θεοῦ,
580 2193 723 2247 εῐποι
757 2194 846 2258 ἂν,
876 2194 1194 2263 Ἠγὰπησα
1218 2211 1233 2227 ο
1277 2194 1401 2249 τίνα
1426 2194 1486 2248 δὲ
1506 2234 1522 2261 ,
1551 2193 1585 2266 ἢ
1618 2193 1824 2266 δηλαδὴ
1854 2193 1970 2248 Κύ-

386 2294 502 2348 ριον
528 2278 619 2331 τὸν
657 2277 791 2333 Θεὸν
824 2279 884 2346 ἐξ
931 2281 1060 2352 ὅλης
1092 2281 1341 2353 καρδίας,
1375 2281 1473 2339 καὶ
1518 2283 1827 2355 δυνάμεως,
1876 2285 1971 2338 καὶ

382 2368 586 2440 ψυχῆς,
616 2369 759 2425 ὥστε
789 2370 977 2425 ἕνεκεν
1009 2371 1178 2426 αὐτοῦ
1221 2372 1314 2426 καὶ
1347 2371 1511 2444 μέχρι
1554 2373 1788 2429 Θανάτου
1820 2375 1970 2444 ἀγω-

384 2461 632 2526 νίζεσθαι
703 2461 845 2533 ὑπὲρ
920 2462 1225 2533 ἀληθείας,
1293 2463 1473 2520 πάντα
1539 2482 1597 2521 τε
1679 2467 1970 2539 ὑπομείναι

388 2551 716 2623 πειρασμὸν,
739 2552 834 2606 καὶ
864 2553 1041 2607 πάντα
1074 2554 1321 2611 κίνδυνον
1348 2556 1651 2629 ὑποστῆναι
1676 2556 1973 2630 προθύμως

385 2643 475 2698 διὰ
500 2642 600 2715 τὴν
632 2643 770 2715 πρὸς
799 2643 930 2697 Θεὸν
962 2645 1212 2716 ἀγάπην;

463 2754 483 2787 ι
522 2735 630 2789 Καὶ
657 2736 715 2789 ὲν
738 2738 859 2800 ταῖς
889 2736 1127 2809 ἡμέραις
1164 2756 1267 2810 μου
1294 2739 1718 2812 ὲπικαλέσομαι.
1748 2758 1768 2792 ι

460 2826 741 2895 Τουτέστι,
786 2826 957 2881 Παντὶ
982 2827 1061 2900 τῷ
1090 2829 1268 2901 χρόνῳ
1298 2830 1396 2901 τῆς
1431 2830 1581 2900 ζωῆς
1616 2845 1719 2902 μου
1766 2832 1972 2884 ἐπεκαο

387 2919 666 2992 λεσάμην·
715 2921 774 2976 ἐν
803 2922 925 2985 ταῖς
957 2921 1196 2993 ἡμέραις
1235 2941 1339 2993 μου
1371 2924 1475 2977 ὑπὸ
1513 2923 1608 2978 τοῦ
1654 2924 1837 2979 Ἠλίου
1878 2926 1974 2994 τῆς

392 3013 740 3089 δικαιοσύνης
784 3015 1127 3087 γενομέναις,
1163 3016 1252 3072 ἀεὶ
1283 3018 1698 3089 πεφωτισμὲνος
1726 3019 1801 3073 ὢν
1834 3059 1851 3087 ,
1876 3022 1975 3072 ἐπ-

392 3104 768 3177 εκαλεσάμην.

471 3217 489 3249 ι
524 3196 716 3269 Θλίψιν
742 3197 837 3253 καὶ
863 3197 1058 3271 ὀδύνην
1095 3194 1276 3273 εὖρον.
1317 3220 1337 3254 ι

462 3289 656 3360 Θλίψιν
700 3290 796 3344 καὶ
824 3290 1021 3364 ὀδύνην
1054 3292 1282 3347 ἐκάλεσε
1311 3294 1411 3365 τὴν
1443 3294 1735 3364 μετάνοιαν
1755 3312 1767 3326 '
1802 3296 1980 3368 θλίψιν

397 3383 520 3451 μὲν,
555 3381 632 3447 ὡς
678 3376 1005 3453 ἀνάμνησιν
1030 3387 1131 3456 τῆς
1169 3385 1446 3459 ἁμαρτίας
1471 3386 1706 3458 ἔχουσαν
1737 3405 1751 3419 ο
1787 3389 1982 3462 ὀδύνην

391 3474 471 3542 δὲ,
506 3476 673 3530 ἕνεκα
704 3473 815 3529 τῶν
834 3475 1014 3529 πόνων
1045 3476 1167 3545 μεθ’
1183 3470 1258 3532 ὧν
1289 3478 1716 3548 κατορθοῦσθαι,
1747 3480 1981 3547 σάκκου,

393 3570 576 3639 τυχὸν,
605 3568 703 3623 καὶ
723 3568 924 3622 σποδοῦ
987 3570 1083 3623 καὶ
1110 3572 1445 3642 ἀγρυπνίας,
1488 3573 1727 3640 πέφυκε.
1764 3573 1983 3642 Ταύτην

396 3659 590 3730 εὑρὼν,
620 3659 924 3723 τουτέστιν,
948 3658 1270 3731 ἐπιδραμὼν
1288 3662 1451 3732 αὐτῇ,
1481 3662 1546 3713 τὸ
1574 3661 1745 3731 ὄνομα
1772 3663 1982 3735 Κυρίου

393 3752 619 3814 εἰκότως
642 3751 986 3806 ἐπεκαλεῖτο.
1029 3751 1182 3823 Εύχὴ
1227 3753 1357 3823 γὰρ,
1395 3754 1494 3822 τῆς
1532 3752 1823 3822 μετανοίας
1851 3755 1984 3809 ὑπό-

399 3860 611 3906 σ-τασις.
1551 3883 1560 3891 .

474 3952 491 3984 s
523 3933 818 3987 Φυλάσσων
856 3933 925 3987 τὰ
954 3933 1124 4004 νήπια
1146 3936 1175 3987 6
1204 3933 1435 4005 Κύριος.
1487 3951 1506 3985 ι

468 4026 583 4079 Οὐκ
610 4024 917 4090 εἰπεν,”οτι
944 4024 1044 4079 οὐκ
1071 4024 1257 4078 εῐασεν
1279 4025 1359 4095 εἰς
1385 4023 1666 4089 κινδύνους
1696 4026 1981 4096 ἐμπεσεῖν,

397 4117 554 4185 ἀλλὰ,
589 4117 729 4187 μετὰ
757 4116 821 4170 τὸ
851 4118 1137 4188 ἐμπεσεῖν,
1165 4116 1445 4172 διέσωσεν.

950 4208 1244 4263 ΨΑΛΜΟΣ
1288 4210 1436 4266 PIE’.

475 4320 494 4352 ι
534 4302 800 4373 Ποτήριον
824 4301 1098 4371 σωτηρίου
1130 4299 1403 4372 λήψομαι.
1440 4322 1460 4354 ο

471 4394 747 4466 Σωτηρίου
785 4393 892 4465 γὰρ
913 4393 1080 4457 ὅντως
1112 4394 1228 4447 ἐστὶ
1267 4396 1549 4467 ποτήριον,
1582 4396 1641 4450 τὸ
1672 4397 1989 4467 ὑμνολογεῐν

2007 3132 2054 3191 C

2051 550 2264 599 amator
2294 542 2412 599 vult
2448 558 2615 613 super
2642 540 2856 598 omnia.

2125 633 2288 688 Vens.
2314 634 2405 688 ΞΟ.
2445 652 2463 686 ι
2503 634 2766 689 Dominus
2805 649 3012 687 memor
3037 632 3139 687 fuit
3174 634 3369 689 nostri.
3410 653 3431 687 ι

2127 722 2360 789 Quando
2390 723 2537 778 enim
2588 724 2731 778 Dens
2768 723 3050 778 hominum
3101 722 3307 779 oblitus
3348 723 3490 780 fuit?
3534 725 3642 778 Sed

2058 818 2163 874 hoc
2190 824 2274 871 est
2325 815 2469 886 quod
2514 831 2615 886 per
2659 816 2805 872 dicta
2856 816 3125 871 iannitur.
3187 815 3640 885 Quandoquidem

2057 908 2205 965 enim
2226 907 2330 964 sub
2360 907 2652 961 maledicto
2673 908 3024 973 exsisteutes,
3073 908 3216 963 haud
3249 908 3412 963 aliter
3444 908 3514 963 ab
3550 907 3643 961 illo

2061 1003 2272 1061 absolvi
2312 1011 2368 1060 et
2396 1000 2841 1064 benedictionem
2885 1003 3131 1073 recipere
3164 1012 3500 1072 poteramus,
3536 1002 3642 1058 nisi

2059 1095 2311 1152 Christus
2358 1096 2416 1151 in
2462 1095 2612 1166 ligno
2656 1110 2956 1164 suSpensus
2998 1095 3346 1150 maledictum
3386 1103 3641 1150 nostrum

2060 1187 2395 1255 abstulisset,
2423 1188 2623 1243 riterite
2653 1186 2787 1243 dicit
2823 1186 3112 1241 Dominum
3146 1187 3298 1256 prius
3331 1186 3505 1242 nostri
3532 1200 3645 1240 me-

2062 1281 2312 1346 minisse,
2343 1289 2505 1350 atque
2536 1280 2610 1335 ita
2636 1281 2858 1336 demum
2890 1279 3050 1335 nobis
3077 1278 3442 1334 benedixisse.

2134 1370 2300 1427 Vsus.
2339 1371 2432 1426 25.
2472 1390 2491 1423 ι
2528 1371 2747 1426 Cretum
2775 1371 2901 1427 cmli
2936 1370 3187 1427 Domino.
3222 1389 3245 1424 ι

2138 1463 2301 1518 Vides
2329 1461 2608 1533 quomodo
2653 1476 2837 1518 rerum
2867 1462 3073 1517 Auctor
3101 1470 3328 1532 propter
3356 1475 3458 1514 nos
3495 1472 3651 1513 creao

2066 1568 2241 1614 turam
2278 1555 2547 1626 partiatur
2575 1569 2597 1606 ι
2620 1563 2681 1611 et
2721 1554 2866 1610 sicut
2910 1554 3029 1624 ipse
3069 1551 3478 1624 inaspectabilis
3510 1548 3651 1605 essi-

2064 1660 2218 1707 stens
2268 1649 2438 1706 habet
2478 1650 2680 1705 coelum
2723 1648 2849 1705 σαξιί
2901 1647 3316 1719 inaspectabile,
3365 1645 3446 1701 sic
3487 1644 3650 1700 nobis

2069 1749 2375 1797 creaturam
2414 1739 2684 1795 visibilem
2712 1738 3015 1794 distribuit.

2586 1827 2908 1884 PSALMUS
2943 1826 3131 1884 CXIV.

2140 1923 2303 1979 Vsus.
2336 1924 2388 1979 Ι.
2425 1941 2445 1977 ι
2485 1920 2681 1985 Dilexi,
2713 1905 2972 1990 quoniam
3012 1919 3269 1976 exaudiet
3301 1916 3579 1975 Dominus.
3618 1937 3637 1969 ι

2135 2009 2240 2077 Qui
2269 2010 2400 2067 olim
2450 2007 2742 2065 Dominum
2791 2006 3069 2073 timuerat,
3101 2006 3195 2063 ubi
3242 2006 3357 2077 jam
3397 2021 3429 2065 a
3456 2007 3652 2062 timore

2070 2102 2383 2174 profecerit,
2413 2108 2471 2157 et
2515 2101 2584 2158 ad
2629 2100 2975 2157 dilectionem
3024 2099 3120 2155 Dei
3165 2099 3465 2165 transierit,
3502 2107 3651 2156 recte

2070 2193 2272 2249 dixerit
2302 2191 2518 2247 Dilexi:
2548 2206 2711 2263 quem
2738 2198 2943 2255 autem,
2986 2189 3091 2245 nisi
3116 2187 3324 2247 scilicet
3365 2188 3660 2245 Dominum.

2074 2285 2243 2341 Deum
2274 2301 2340 2340 ex
2387 2292 2504 2340 toto
2540 2282 2729 2347 corde,
2785 2297 2852 2338 ac
2890 2282 3091 2338 virtute
3139 2290 3304 2352 atque
3341 2282 3549 2346 anima,
3595 2290 3656 2336 nt

2072 2388 2296 2450 propter
2334 2377 2512 2448 ipsum
2534 2376 2700 2431 etiam
2721 2375 2787 2431 ad
2817 2382 3049 2431 mortem
3084 2390 3257 2445 usque
3282 2374 3529 2430 decertet
3554 2389 3656 2444 pro

2072 2470 2323 2533 veritate,
2348 2482 2680 2537 omnemque
2709 2466 2977 2525 sustineat
3008 2465 3389 2531 tentationem,
3412 2473 3469 2520 et
3492 2478 3656 2521 omne

2074 2559 2377 2632 periculum
2414 2557 2580 2613 alacri
2629 2557 2814 2613 animo
2850 2556 3044 2611 subeat
3086 2570 3186 2626 per
3232 2568 3476 2613 amorem
3528 2569 3655 2625 erga

2074 2656 2268 2711 Deum.

2149 2746 2310 2803 Vens.
2341 2746 2395 2800 Ξ.
2432 2764 2450 2797 ι
2481 2743 2550 2798 Et
2573 2743 2630 2798 in
2662 2743 2857 2800 diebus
2877 2742 3016 2799 meis
3046 2743 3333 2800 invocabo.
3366 2764 3384 2796 ι

2143 2840 2201 2895 ld
2232 2847 2336 2904 est,
2365 2836 2529 2893 Omni
2561 2846 2808 2907 tempore
2854 2836 2982 2892 vitm
3006 2851 3143 2892 mea;
3191 2836 3515 2892 invocabant
3549 2852 3563 2888 :
3602 2835 3658 2889 in

2077 2931 2272 2987 diebus
2301 2930 2438 2985 meis
2482 2929 2586 2985 sub
2615 2928 2742 2983 Sole
2768 2926 2995 2998 iustitiae
3022 2927 3331 2993 transactis,
3363 2942 3490 2983 cum
3518 2941 3661 2983 sem-

2080 3039 2176 3094 per
2205 3021 2565 3087 illuminarer,
2585 3019 2850 3076 invocavi.

2155 3199 2315 3255 Vens.
2350 3200 2402 3254 5.
2449 3218 2468 3250 ι
2498 3198 2929 3255 Tribnlationem
2960 3205 3018 3253 et
3053 3197 3300 3253 dolorem
3322 3197 3532 3252 inveni.
3572 3218 3591 3248 ι

2155 3293 2587 3349 Tribnlationem
2646 3302 2703 3348 et
2747 3293 2993 3349 dolorem
3043 3290 3340 3361 appellavit
3388 3289 3666 3359 poeniten-

2087 3385 2265 3440 tiam:
2312 3384 2718 3440 tribulationem
2763 3382 3010 3454 quidem,
3061 3391 3252 3453 utpote
3294 3396 3418 3451 qua:
3469 3378 3669 3435 habeat

2085 3478 2294 3548 peccati
2318 3478 2754 3535 recordationem
2785 3475 3065 3543 ;delorem
3102 3490 3231 3531 vero
3257 3483 3480 3545 propter
3513 3472 3668 3526 labo-

2088 3586 2175 3627 res
2208 3573 2407 3643 quibus
2430 3572 2617 3643 peragi
2644 3572 2803 3636 solet,
2823 3570 2974 3627 verbi
3002 3570 3197 3641 gratia,
3223 3583 3383 3627 sacco
3410 3574 3468 3622 et
3482 3566 3667 3621 cinere

2085 3672 2249 3733 atque
2293 3662 2496 3733 vigilia.
2535 3662 2690 3718 Hanc
2717 3661 2809 3731 qui
2842 3661 3067 3731 reperit,
3099 3659 3149 3713 id
3201 3665 3305 3720 est,
3330 3655 3422 3724 qui
3450 3653 3517 3708 ad
3544 3668 3667 3709 eam

2085 3754 2340 3816 accurrit,
2372 3768 2571 3807 nomen
2608 3752 2819 3806 Domini
2839 3752 2964 3819 jure
2995 3749 3194 3803 merito
3225 3747 3463 3801 invocet.
3478 3742 3667 3799 Oratio

2086 3844 2233 3898 enim
2262 3853 2345 3898 cst
2368 3843 2674 3899 substantia
2706 3840 3065 3913 pmnitentiae.

2158 3936 2320 3995 Vens.
2350 3935 2405 3991 6.
2444 3954 2462 3987 ι
2500 3934 2827 3991 Custodiens
2853 3933 3109 4005 parvulos
3137 3929 3423 3986 Dominus.
3465 3947 3484 3981 ι

2159 4028 2278 4085 Non
2303 4028 2460 4096 dixit,
2482 4027 2623 4095 Quia
2644 4042 2751 4083 non
2777 4024 3025 4097 permisit
3044 4024 3098 4081 in
3132 4022 3374 4094 pericula
3406 4020 3665 4086 incidere,

2089 4123 2182 4178 sed
2213 4128 2505 4192 postquam
2532 4121 2585 4175 in
2616 4135 2680 4175 ea
2709 4119 3032 4180 incideram,
3064 4113 3327 4173 servavit.

2610 4210 2935 4266 PSALMUS
2972 4206 3132 4269 CXV.

2162 4305 2327 4363 Vens.
2367 4306 2425 4362 4.
2465 4326 2484 4359 ‹
2530 4305 2771 4361 Calicem
2802 4304 3059 4360 salutaris
3091 4303 3376 4374 accipiam.
3412 4323 3430 4355 ι

2162 4401 2296 4456 Nam
2344 4401 2484 4456 calix
2528 4414 2716 4455 revera
2740 4396 2996 4454 salutaris
3018 4405 3122 4461 est,
3150 4396 3367 4467 hymnis
3392 4393 3671 4451 celebrare

400 4490 492 4543 τὸν
530 4487 638 4540 τῶν
671 4486 809 4541 ὅλων
842 4486 1076 4557 Σωτῆρα
1109 4486 1263 4540 Θεόν.
1299 4487 1488 4558 Τούτῳ
1516 4487 1649 4551 Θεὸς
1697 4490 1976 4560 ὲφήδεται,

2090 4493 2262 4549 Deum
2307 4492 2632 4548 salvatorem
2678 4489 3086 4544 universorum.
3140 4484 3252 4542 Iste
3320 4485 3466 4540 Deus
3523 4482 3671 4538 dele-
3730 4553 3735 4558 t

401 4576 561 4630 τοῦτο
583 4576 797 4648 δέχεται
825 4577 958 4646 παρ’
989 4578 1021 4645 ἠ
1031 4576 1148 4646 μῶν
1174 4574 1232 4627 τὺ
1257 4574 1529 4647 θυμίαμα.
1557 4578 1646 4642 Ὠς
1681 4578 1791 4649 γὰρ
1824 4579 1986 4642 αὐτὸς

403 4667 510 4737 ἔφη
549 4667 783 4738 Χριστός
806 4683 820 4696 ·
857 4665 1102 4735 Πνεῦμα
1129 4670 1162 4721 ὀ
1199 4669 1343 4734 Θεός
1370 4684 1383 4697 ’
1416 4669 1514 4723 καί
1554 4669 1697 4736 τοὺς
1725 4688 1986 4740 προσκυ-

404 4758 665 4825 νοῦντας
710 4758 896 4812 αὐτὸν
926 4798 941 4822 ,
993 4756 1063 4809 ἐν
1108 4758 1403 4827 πνεῦματι
1454 4759 1848 4832 καίςάληθείᾳ
1897 4764 1994 4817 δεῖ

406 4849 795 4920 προσκυνεῖν.

480 4961 502 4997 ι
538 4944 630 4997 Σοὶ
652 4941 801 4997 θύσω
834 4939 1025 4996 θυσίαν
1055 4938 1347 5005 αἰνέσεως.
1399 4961 1418 4993 ι

490 5035 710 5105 Ἐπειδὴ
749 5033 847 5098 τὰς
897 5033 1006 5087 τῶν
1033 5033 1246 5103 ἀλόγων
1272 5032 1465 5099 θυσίας
1494 5037 1523 5089 6
1562 5037 1799 5106 Χριστὸς
1832 5040 1988 5111 ὲνδη-

412 5132 593 5200 μήσας
634 5129 977 5194 κατέπαυσε,
1003 5130 1105 5199 τὴν
1155 5129 1384 5202 λογικὴν
1424 5131 1482 5185 δὲ
1508 5132 1672 5196 αὐτὸς
1713 5133 1789 5199 ὡς
1814 5136 1990 5204 Λόγος

410 5221 705 5292 εἰσήγαγεν
728 5238 743 5254 ο
788 5221 1018 5284 εἰκότως
1046 5222 1147 5276 τὴν
1184 5221 1249 5275 δι’
1287 5221 1551 5285 αἰνέσεως
1598 5226 1930 5297 προσφέρειν
1961 5229 1989 5279 6

412 5315 707 5384 Προφήτης
739 5316 1007 5385 ὑπέσχετο
1030 5353 1045 5377 ,
1086 5314 1421 5386 προσφέρειν
1462 5316 1519 5369 δὲ
1555 5317 1725 5385 αὐτὴν
1774 5320 1833 5373 ὲν
1870 5320 1990 5374 ὀνό-

418 5424 549 5477 ματι
580 5407 823 5478 Κυρίου,
856 5406 1059 5477 δηλαδὴ
1093 5409 1151 5460 ὲν
1196 5406 1275 5477 τῷ
1328 5407 1569 5478 Χριστῷ.
1627 5411 1845 5482 Ἐπειδὴ
1896 5412 1991 5467 καὶ

412 5497 554 5551 οὕτω
576 5496 974 5569 προσεύχεσθαι
1001 5500 1115 5561 τοίς
1141 5497 1459 5563 ἀποστόλοις
1482 5499 1806 5555 ἐντέλλεται⁹
1852 5504 1991 5557 Ἐάν

413 5606 469 5643 τι
498 5587 785 5656 αὶτήσητε
816 5586 921 5641 τόν
952 5587 1187 5656 Πατέρα
1232 5588 1302 5641 ἐν
1332 5586 1410 5652 τῷ
1440 5583 1688 5659 ὀνόματί
1713 5609 1856 5660 μου,
1886 5590 1993 5644 δώ-

415 5694 510 5735 σει
550 5680 714 5747 ὑμῖν.

487 5795 530 5825 ³⁸
551 5792 705 5847 Joan.
735 5809 807 5855 tv.
839 5793 928 5850 ‘21.
1042 5794 1083 5826 ³³
1113 5792 1269 5848 Jean.
1299 5808 1408 5852 xw.
1435 5793 1525 5846 25.

2089 4592 2291 4648 ctatur,
2317 4583 2465 4639 istud
2493 4582 2781 4637 incensum
2804 4596 2833 4635 a
2858 4580 3021 4635 nobis
3050 4577 3272 4648 accipit.
3304 4575 3672 4643 Quemadmo-

2088 4677 2217 4732 dum
2250 4674 2396 4731 enim
2444 4674 2672 4744 ipsemet
2719 4670 2972 4727 Christus
3019 4670 3278 4725 dicebat:
3322 4665 3550 4736 Spiritus
3597 4676 3672 4719 est

2092 4767 2233 4822 Deus
2258 4783 2275 4819 :
2304 4772 2353 4820 et
2391 4780 2477 4819 eos
2520 4763 2609 4833 qui
2645 4763 2871 4816 adorant
2902 4777 3044 4827 eum,
3074 4760 3129 4813 in
3158 4759 3345 4828 spiritu
3377 4767 3425 4810 et
3455 4757 3674 4810 veritate

2092 4864 2292 4927 oportet
2321 4856 2548 4910 adorare
2578 4854 2645 4906 ”.

2171 4950 2334 5005 Vsus.
2371 4950 2458 5005 l7.
2502 4966 2521 5000 ι
2559 4946 2684 5002 Tibi
2710 4943 3026 5001 sacriﬁcabo
3056 4939 3289 4996 hostiam
3314 4936 3507 4992 laudis.
3542 4954 3563 4986 ι

2166 5040 2614 5110 Quandoquidem
2654 5038 2940 5093 brutorum
2971 5031 3234 5088 sacriﬁcia
3271 5028 3525 5085 Christus
3568 5027 3675 5080 hue

2095 5132 2395 5189 adveniens
2439 5129 2772 5193 aboleverat,
2802 5124 2917 5196 ipse
2963 5137 3094 5179 vero
3132 5131 3390 5188 tanquam
3430 5115 3671 5172 Verbum

2098 5224 2360 5280 rationale
2382 5220 2706 5278 sacriﬁcium
2727 5216 3035 5278 induxerat;
3048 5215 3169 5283 jure
3186 5210 3383 5285 merito
3400 5207 3674 5278 Propheta

2098 5314 2348 5387 promisit
2400 5328 2459 5367 se
2510 5310 2743 5365 hostiam
2794 5307 2971 5361 laudis
3018 5303 3351 5363 oblaturum,
3404 5298 3568 5387 idque
3618 5297 3672 5387 in

2099 5386 2318 5461 nomine
2363 5401 2598 5466 Domini,
2645 5399 2853 5456 scilicet
2903 5395 2958 5449 in
3005 5391 3246 5446 Christo.
3293 5386 3559 5455 Quoniam
3596 5386 3674 5439 sic

2098 5497 2261 5552 etiam
2293 5493 2551 5564 apostolis
2578 5491 2861 5545 intimatur
2893 5494 2950 5539 ut
2980 5491 3162 5538 orent:
3195 5480 3250 5536 δι
3275 5478 3400 5552 quid
3419 5474 3676 5548 petieritis

2100 5587 2315 5643 Patrem
2337 5587 2389 5639 in
2421 5583 2629 5638 nomine
2656 5596 2788 5643 meo,
2813 5576 2958 5631 dabit
2984 5574 3124 5628 vobis
3159 5571 3227 5627 ³³.
