  <div class='ocr_page' id='page_1' title='image "/cluster/home/n/w/nwhite01/storage/ocr_20150623/93/mdp.39015078384313/676.png"; bbox 0 0 4044 6228; ppageno 0'>
   <div class='ocr_carea' id='block_1_1' title="bbox 356 329 490 395">
    <p class='ocr_par' dir='ltr' id='par_1_1' title="bbox 356 329 490 395">
     <span class='ocr_line' id='line_1_1' title="bbox 356 329 490 395; baseline -0.015 0"><span class='ocrx_word' id='word_1_1' title='bbox 356 329 490 395; x_wconf 80' lang='grc'><strong>1337</strong></span> 
     </span>
    </p>
   </div>
   <div class='ocr_carea' id='block_1_2' title="bbox 1449 339 2436 408">
    <p class='ocr_par' dir='ltr' id='par_1_2' title="bbox 1449 339 2436 408">
     <span class='ocr_line' id='line_1_2' title="bbox 1449 339 2436 408; baseline 0.008 -10"><span class='ocrx_word' id='word_1_2' title='bbox 1449 339 1911 401; x_wconf 73' lang='lat' dir='ltr'><strong>FRAGMENTA</strong></span> <span class='ocrx_word' id='word_1_3' title='bbox 1954 341 2036 402; x_wconf 76' lang='lat' dir='ltr'><strong>IN</strong></span> <span class='ocrx_word' id='word_1_4' title='bbox 2074 345 2436 408; x_wconf 85' lang='lat' dir='ltr'><strong>PSALMOS.</strong></span> 
     </span>
    </p>
   </div>
   <div class='ocr_carea' id='block_1_3' title="bbox 3485 342 3626 407">
    <p class='ocr_par' dir='ltr' id='par_1_3' title="bbox 3485 342 3626 407">
     <span class='ocr_line' id='line_1_3' title="bbox 3485 342 3626 407; baseline 0.007 -1"><span class='ocrx_word' id='word_1_5' title='bbox 3485 342 3626 407; x_wconf 85' lang='lat'><strong>1338</strong></span> 
     </span>
    </p>
   </div>
   <div class='ocr_carea' id='block_1_4' title="bbox 353 438 1972 529">
    <p class='ocr_par' dir='ltr' id='par_1_4' title="bbox 353 438 1972 529">
     <span class='ocr_line' id='line_1_4' title="bbox 353 438 1972 529; baseline 0.007 -37"><span class='ocrx_word' id='word_1_6' title='bbox 353 439 445 529; x_wconf 76' lang='grc' dir='ltr'><strong>ήει</strong></span> <span class='ocrx_word' id='word_1_7' title='bbox 476 439 614 512; x_wconf 80' lang='grc' dir='ltr'>πρὸς</span> <span class='ocrx_word' id='word_1_8' title='bbox 643 438 774 494; x_wconf 72' lang='grc' dir='ltr'>Θεὸν</span> <span class='ocrx_word' id='word_1_9' title='bbox 803 438 832 493; x_wconf 86' lang='grc' dir='ltr'><strong>ό</strong></span> <span class='ocrx_word' id='word_1_10' title='bbox 872 441 1114 514; x_wconf 83' lang='grc' dir='ltr'>Ἰσραήλ.</span> <span class='ocrx_word' id='word_1_11' title='bbox 1143 442 1293 516; x_wconf 81' lang='grc' dir='ltr'>Πύλη</span> <span class='ocrx_word' id='word_1_12' title='bbox 1335 445 1393 500; x_wconf 83' lang='grc' dir='ltr'><strong>δὲ</strong></span> <span class='ocrx_word' id='word_1_13' title='bbox 1437 447 1534 501; x_wconf 85' lang='grc' dir='ltr'>νῦν</span> <span class='ocrx_word' id='word_1_14' title='bbox 1561 449 1594 518; x_wconf 83' lang='grc' dir='ltr'><strong>ὴ</strong></span> <span class='ocrx_word' id='word_1_15' title='bbox 1627 449 1834 514; x_wconf 79' lang='grc' dir='ltr'><strong>πίστις,</strong></span> <span class='ocrx_word' id='word_1_16' title='bbox 1864 449 1932 504; x_wconf 91' lang='grc' dir='ltr'><strong>δι’</strong></span> <span class='ocrx_word' id='word_1_17' title='bbox 1963 492 1972 513; x_wconf 38' lang='grc' dir='ltr'><em>Α</em></span> 
     </span>
    </p>
   </div>
   <div class='ocr_carea' id='block_1_5' title="bbox 2078 438 3624 529">
    <p class='ocr_par' dir='ltr' id='par_1_5' title="bbox 2078 453 3624 529">
     <span class='ocr_line' id='line_1_5' title="bbox 2078 453 3624 529; baseline 0 -21"><span class='ocrx_word' id='word_1_18' title='bbox 2078 455 2202 509; x_wconf 75' lang='lat' dir='ltr'><strong>trael</strong></span> <span class='ocrx_word' id='word_1_19' title='bbox 2237 455 2306 510; x_wconf 86' lang='lat' dir='ltr'><strong>ad</strong></span> <span class='ocrx_word' id='word_1_20' title='bbox 2349 455 2519 512; x_wconf 90' lang='lat' dir='ltr'><strong>Deum</strong></span> <span class='ocrx_word' id='word_1_21' title='bbox 2553 454 2989 529; x_wconf 84' lang='lat' dir='ltr'><strong>ingrediebatur.</strong></span> <span class='ocrx_word' id='word_1_22' title='bbox 3023 453 3182 512; x_wconf 76' lang='lat' dir='ltr'><strong>Modo</strong></span> <span class='ocrx_word' id='word_1_23' title='bbox 3233 463 3418 511; x_wconf 81' lang='lat' dir='ltr'><strong>autem</strong></span> <span class='ocrx_word' id='word_1_24' title='bbox 3466 462 3624 524; x_wconf 90' lang='lat' dir='ltr'><strong>porta</strong></span> 
     </span>
    </p>
   </div>
   <div class='ocr_carea' id='block_1_6' title="bbox 353 528 1972 621">
    <p class='ocr_par' dir='ltr' id='par_1_6' title="bbox 353 528 1944 616">
     <span class='ocr_line' id='line_1_6' title="bbox 353 528 1944 616; baseline 0.005 -28"><span class='ocrx_word' id='word_1_25' title='bbox 353 528 424 607; x_wconf 79' lang='grc' dir='ltr'>ἦς</span> <span class='ocrx_word' id='word_1_26' title='bbox 451 535 784 605; x_wconf 76' lang='grc' dir='ltr'>οἰκειότερον</span> <span class='ocrx_word' id='word_1_27' title='bbox 805 535 903 591; x_wconf 82' lang='grc' dir='ltr'>νῦν</span> <span class='ocrx_word' id='word_1_28' title='bbox 925 539 1340 610; x_wconf 74' lang='grc' dir='ltr'><strong>προσαγόμεθα,</strong></span> <span class='ocrx_word' id='word_1_29' title='bbox 1367 543 1805 616; x_wconf 84' lang='grc' dir='ltr'>μαρτυρούμενοι</span> <span class='ocrx_word' id='word_1_30' title='bbox 1833 543 1944 598; x_wconf 78' lang='grc' dir='ltr'><strong>ὑπὸ</strong></span> 
     </span>
    </p>
   </div>
   <div class='ocr_carea' id='block_1_7' title="bbox 2078 528 3626 621">
    <p class='ocr_par' dir='ltr' id='par_1_7' title="bbox 2078 528 3626 621">
     <span class='ocr_line' id='line_1_7' title="bbox 2078 528 3626 621; baseline -0.001 -20"><span class='ocrx_word' id='word_1_31' title='bbox 2078 556 2141 601; x_wconf 65' lang='lat' dir='ltr'><strong>est</strong></span> <span class='ocrx_word' id='word_1_32' title='bbox 2163 546 2318 614; x_wconf 90' lang='lat' dir='ltr'><strong>ﬁdes,</strong></span> <span class='ocrx_word' id='word_1_33' title='bbox 2349 562 2448 618; x_wconf 90' lang='lat' dir='ltr'><strong>per</strong></span> <span class='ocrx_word' id='word_1_34' title='bbox 2468 528 2630 618; x_wconf 88' lang='lat' dir='ltr'><strong>quam</strong></span> <span class='ocrx_word' id='word_1_35' title='bbox 2663 549 2834 621; x_wconf 81' lang='lat' dir='ltr'><strong>magis</strong></span> <span class='ocrx_word' id='word_1_36' title='bbox 2863 548 3083 620; x_wconf 82' lang='lat' dir='ltr'><strong>proprie</strong></span> <span class='ocrx_word' id='word_1_37' title='bbox 3109 562 3256 602; x_wconf 92' lang='lat' dir='ltr'><strong>nunc</strong></span> <span class='ocrx_word' id='word_1_38' title='bbox 3277 545 3626 616; x_wconf 76' lang='lat' dir='ltr'><strong>adducimur,</strong></span> 
     </span>
    </p>
   </div>
   <div class='ocr_carea' id='block_1_8' title="bbox 357 628 1123 703">
    <p class='ocr_par' dir='ltr' id='par_1_8' title="bbox 357 628 1123 703">
     <span class='ocr_line' id='line_1_8' title="bbox 357 628 1123 703; baseline 0.009 -22"><span class='ocrx_word' id='word_1_39' title='bbox 357 628 452 682; x_wconf 81' lang='grc' dir='ltr'>τοῦ</span> <span class='ocrx_word' id='word_1_40' title='bbox 483 629 650 700; x_wconf 79' lang='grc' dir='ltr'>νόμου</span> <span class='ocrx_word' id='word_1_41' title='bbox 678 631 774 684; x_wconf 74' lang='grc' dir='ltr'>καὶ</span> <span class='ocrx_word' id='word_1_42' title='bbox 800 631 1123 703; x_wconf 82' lang='grc' dir='ltr'><strong>προφητῶν.</strong></span> 
     </span>
    </p>
   </div>
   <div class='ocr_carea' id='block_1_9' title="bbox 431 720 1567 798">
    <p class='ocr_par' dir='ltr' id='par_1_9' title="bbox 431 720 1567 798">
     <span class='ocr_line' id='line_1_9' title="bbox 431 720 1567 798; baseline 0.007 -26"><span class='ocrx_word' id='word_1_43' title='bbox 431 740 450 772; x_wconf 76' lang='grc' dir='ltr'><strong>ι</strong></span> <span class='ocrx_word' id='word_1_44' title='bbox 487 720 621 786; x_wconf 80' lang='grc' dir='ltr'>Θεὸς</span> <span class='ocrx_word' id='word_1_45' title='bbox 657 722 886 793; x_wconf 84' lang='grc' dir='ltr'>Κύριος,</span> <span class='ocrx_word' id='word_1_46' title='bbox 919 725 1016 778; x_wconf 69' lang='grc' dir='ltr'><strong>καὶ</strong></span> <span class='ocrx_word' id='word_1_47' title='bbox 1043 725 1323 796; x_wconf 77' lang='grc' dir='ltr'>ὲπέφανεν</span> <span class='ocrx_word' id='word_1_48' title='bbox 1355 729 1506 798; x_wconf 79' lang='grc' dir='ltr'>ἡμῖν.</span> <span class='ocrx_word' id='word_1_49' title='bbox 1548 746 1567 780; x_wconf 72' lang='grc' dir='ltr'><strong>ι</strong></span> 
     </span>
    </p>
   </div>
   <div class='ocr_carea' id='block_1_10' title="bbox 439 809 1961 889">
    <p class='ocr_par' dir='ltr' id='par_1_10' title="bbox 439 809 1961 889">
     <span class='ocr_line' id='line_1_10' title="bbox 439 809 1961 889; baseline 0.006 -26"><span class='ocrx_word' id='word_1_50' title='bbox 439 809 702 866; x_wconf 84' lang='grc' dir='ltr'>Ἐνταῦθα</span> <span class='ocrx_word' id='word_1_51' title='bbox 734 813 915 867; x_wconf 84' lang='grc' dir='ltr'>τοίνυν</span> <span class='ocrx_word' id='word_1_52' title='bbox 947 818 976 868; x_wconf 89' lang='grc' dir='ltr'>ὁ</span> <span class='ocrx_word' id='word_1_53' title='bbox 1021 817 1318 888; x_wconf 80' lang='grc' dir='ltr'><strong>Προφήτης</strong></span> <span class='ocrx_word' id='word_1_54' title='bbox 1366 817 1466 889; x_wconf 71' lang='grc' dir='ltr'><strong>τὴν</strong></span> <span class='ocrx_word' id='word_1_55' title='bbox 1515 819 1796 889; x_wconf 78' lang='grc' dir='ltr'>σάρκωσιν</span> <span class='ocrx_word' id='word_1_56' title='bbox 1827 818 1961 872; x_wconf 90' lang='grc' dir='ltr'>θαυ-</span> 
     </span>
    </p>
   </div>
   <div class='ocr_carea' id='block_1_11' title="bbox 363 899 1960 978">
    <p class='ocr_par' dir='ltr' id='par_1_11' title="bbox 363 899 1960 978">
     <span class='ocr_line' id='line_1_11' title="bbox 363 899 1960 978; baseline 0.006 -26"><span class='ocrx_word' id='word_1_57' title='bbox 363 899 544 969; x_wconf 76' lang='grc' dir='ltr'>μάζει,</span> <span class='ocrx_word' id='word_1_58' title='bbox 577 900 660 954; x_wconf 79' lang='grc' dir='ltr'><strong>ὅτι</strong></span> <span class='ocrx_word' id='word_1_59' title='bbox 689 901 822 966; x_wconf 79' lang='grc' dir='ltr'>Θεὸς</span> <span class='ocrx_word' id='word_1_60' title='bbox 861 901 938 956; x_wconf 85' lang='grc' dir='ltr'>ὣν</span> <span class='ocrx_word' id='word_1_61' title='bbox 970 904 1069 957; x_wconf 75' lang='grc' dir='ltr'><strong>καὶ</strong></span> <span class='ocrx_word' id='word_1_62' title='bbox 1112 905 1318 976; x_wconf 83' lang='grc' dir='ltr'>Κύριος</span> <span class='ocrx_word' id='word_1_63' title='bbox 1369 904 1468 971; x_wconf 83' lang='grc' dir='ltr'>ὣν,</span> <span class='ocrx_word' id='word_1_64' title='bbox 1517 909 1612 962; x_wconf 72' lang='grc' dir='ltr'><strong>καὶ</strong></span> <span class='ocrx_word' id='word_1_65' title='bbox 1637 908 1739 978; x_wconf 82' lang='grc' dir='ltr'>τῆς</span> <span class='ocrx_word' id='word_1_66' title='bbox 1769 907 1960 972; x_wconf 83' lang='grc' dir='ltr'>οὐσίας</span> 
     </span>
    </p>
   </div>
   <div class='ocr_carea' id='block_1_12' title="bbox 363 989 1950 1070">
    <p class='ocr_par' dir='ltr' id='par_1_12' title="bbox 363 989 1950 1070">
     <span class='ocr_line' id='line_1_12' title="bbox 363 989 1950 1070; baseline 0.008 -30"><span class='ocrx_word' id='word_1_67' title='bbox 363 989 604 1059; x_wconf 73' lang='grc' dir='ltr'>ἐκείνης,</span> <span class='ocrx_word' id='word_1_68' title='bbox 664 991 1004 1063; x_wconf 79' lang='grc' dir='ltr'><strong>κατηξίωσεν</strong></span> <span class='ocrx_word' id='word_1_69' title='bbox 1064 997 1422 1069; x_wconf 80' lang='grc' dir='ltr'>ἐπιφανῆναι.</span> <span class='ocrx_word' id='word_1_70' title='bbox 1476 1000 1646 1053; x_wconf 86' lang='grc' dir='ltr'>Ὅταν</span> <span class='ocrx_word' id='word_1_71' title='bbox 1698 999 1757 1053; x_wconf 78' lang='grc' dir='ltr'>δὲ</span> <span class='ocrx_word' id='word_1_72' title='bbox 1798 999 1950 1070; x_wconf 83' lang='grc' dir='ltr'>εῐπῃ,</span> 
     </span>
    </p>
   </div>
   <div class='ocr_carea' id='block_1_13' title="bbox 378 1083 1954 1161">
    <p class='ocr_par' dir='ltr' id='par_1_13' title="bbox 378 1083 1954 1161">
     <span class='ocr_line' id='line_1_13' title="bbox 378 1083 1954 1161; baseline 0.002 -25"><span class='ocrx_word' id='word_1_73' title='bbox 378 1083 694 1152; x_wconf 68' lang='grc' dir='ltr'>Ἐπέφανε,</span> <span class='ocrx_word' id='word_1_74' title='bbox 729 1085 828 1156; x_wconf 81' lang='grc' dir='ltr'>τὴν</span> <span class='ocrx_word' id='word_1_75' title='bbox 857 1087 1172 1157; x_wconf 73' lang='grc' dir='ltr'>οἰκονομίαν</span> <span class='ocrx_word' id='word_1_76' title='bbox 1212 1088 1384 1156; x_wconf 86' lang='grc' dir='ltr'>λέγει,</span> <span class='ocrx_word' id='word_1_77' title='bbox 1415 1089 1476 1142; x_wconf 74' lang='grc' dir='ltr'>τὸ</span> <span class='ocrx_word' id='word_1_78' title='bbox 1504 1091 1584 1152; x_wconf 85' lang='grc' dir='ltr'><strong>είς</strong></span> <span class='ocrx_word' id='word_1_79' title='bbox 1615 1090 1831 1161; x_wconf 85' lang='grc' dir='ltr'>μήτραν</span> <span class='ocrx_word' id='word_1_80' title='bbox 1857 1087 1954 1140; x_wconf 85' lang='grc' dir='ltr'><strong>ὲλ-</strong></span> 
     </span>
    </p>
   </div>
   <div class='ocr_carea' id='block_1_14' title="bbox 366 1174 1954 1250">
    <p class='ocr_par' dir='ltr' id='par_1_14' title="bbox 366 1174 1954 1250">
     <span class='ocr_line' id='line_1_14' title="bbox 366 1174 1954 1250; baseline 0.004 -22"><span class='ocrx_word' id='word_1_81' title='bbox 366 1174 482 1228; x_wconf 84' lang='grc' dir='ltr'>θεῖν</span> <span class='ocrx_word' id='word_1_82' title='bbox 513 1175 870 1248; x_wconf 72' lang='grc' dir='ltr'>παρθενικὴν,</span> <span class='ocrx_word' id='word_1_83' title='bbox 910 1181 1005 1232; x_wconf 79' lang='grc' dir='ltr'><strong>καὶ</strong></span> <span class='ocrx_word' id='word_1_84' title='bbox 1060 1182 1174 1242; x_wconf 83' lang='grc' dir='ltr'>τοῖς</span> <span class='ocrx_word' id='word_1_85' title='bbox 1223 1179 1532 1250; x_wconf 81' lang='grc' dir='ltr'>ἀνθρώποις</span> <span class='ocrx_word' id='word_1_86' title='bbox 1585 1198 1954 1250; x_wconf 84' lang='grc' dir='ltr'>συναναστρα-</span> 
     </span>
    </p>
   </div>
   <div class='ocr_carea' id='block_1_15' title="bbox 367 1266 1954 1344">
    <p class='ocr_par' dir='ltr' id='par_1_15' title="bbox 367 1266 1954 1344">
     <span class='ocr_line' id='line_1_15' title="bbox 367 1266 1954 1344; baseline 0.003 -24"><span class='ocrx_word' id='word_1_87' title='bbox 367 1266 554 1336; x_wconf 70' lang='grc' dir='ltr'>φῆναι.</span> <span class='ocrx_word' id='word_1_88' title='bbox 578 1268 677 1321; x_wconf 88' lang='grc' dir='ltr'>Διά</span> <span class='ocrx_word' id='word_1_89' title='bbox 701 1269 764 1338; x_wconf 80' lang='grc' dir='ltr'><strong>δὴ</strong></span> <span class='ocrx_word' id='word_1_90' title='bbox 794 1270 974 1336; x_wconf 75' lang='grc' dir='ltr'>τοῦτο,</span> <span class='ocrx_word' id='word_1_91' title='bbox 999 1273 1434 1341; x_wconf 71' lang='grc' dir='ltr'>Εὐλοτήκαμεν</span> <span class='ocrx_word' id='word_1_92' title='bbox 1451 1272 1626 1343; x_wconf 78' lang='grc' dir='ltr'>ὑμᾶς,</span> <span class='ocrx_word' id='word_1_93' title='bbox 1655 1271 1842 1344; x_wconf 72' lang='grc' dir='ltr'>φησὶν,</span> <span class='ocrx_word' id='word_1_94' title='bbox 1870 1273 1954 1326; x_wconf 82' lang='grc' dir='ltr'>ὅτι</span> 
     </span>
    </p>
   </div>
   <div class='ocr_carea' id='block_1_16' title="bbox 367 1358 1958 1435">
    <p class='ocr_par' dir='ltr' id='par_1_16' title="bbox 367 1358 1958 1435">
     <span class='ocr_line' id='line_1_16' title="bbox 367 1358 1958 1435; baseline 0.003 -25"><span class='ocrx_word' id='word_1_95' title='bbox 367 1358 628 1428; x_wconf 80' lang='grc' dir='ltr'>τοιαύτης</span> <span class='ocrx_word' id='word_1_96' title='bbox 661 1360 1013 1430; x_wconf 80' lang='grc' dir='ltr'>ἀπηλαύσατε</span> <span class='ocrx_word' id='word_1_97' title='bbox 1040 1363 1273 1435; x_wconf 81' lang='grc' dir='ltr'>δωρεᾶς·</span> <span class='ocrx_word' id='word_1_98' title='bbox 1316 1364 1344 1418; x_wconf 82' lang='grc' dir='ltr'><strong>ὃ</strong></span> <span class='ocrx_word' id='word_1_99' title='bbox 1385 1366 1534 1419; x_wconf 82' lang='grc' dir='ltr'><strong>καὶὸ</strong></span> <span class='ocrx_word' id='word_1_100' title='bbox 1570 1363 1812 1435; x_wconf 78' lang='grc' dir='ltr'>Χριστὸς</span> <span class='ocrx_word' id='word_1_101' title='bbox 1843 1362 1958 1416; x_wconf 80' lang='grc' dir='ltr'>ἐλε-</span> 
     </span>
    </p>
   </div>
   <div class='ocr_carea' id='block_1_17' title="bbox 371 1452 1961 1525">
    <p class='ocr_par' dir='ltr' id='par_1_17' title="bbox 371 1452 1961 1525">
     <span class='ocr_line' id='line_1_17' title="bbox 371 1452 1961 1525; baseline 0.004 -23"><span class='ocrx_word' id='word_1_102' title='bbox 371 1466 467 1515; x_wconf 86' lang='grc' dir='ltr'>γε·</span> <span class='ocrx_word' id='word_1_103' title='bbox 502 1452 730 1505; x_wconf 70' lang='grc' dir='ltr'>Πολλοί</span> <span class='ocrx_word' id='word_1_104' title='bbox 795 1453 1098 1522; x_wconf 75' lang='grc' dir='ltr'><strong>προφῆται</strong></span> <span class='ocrx_word' id='word_1_105' title='bbox 1151 1456 1249 1510; x_wconf 77' lang='grc' dir='ltr'><strong>καί</strong></span> <span class='ocrx_word' id='word_1_106' title='bbox 1295 1455 1518 1511; x_wconf 77' lang='grc' dir='ltr'>δίκαιοι</span> <span class='ocrx_word' id='word_1_107' title='bbox 1564 1457 1961 1525; x_wconf 75' lang='grc' dir='ltr'>ἐπεθύμησαν</span> 
     </span>
    </p>
   </div>
   <div class='ocr_carea' id='block_1_18' title="bbox 371 1541 1963 1616">
    <p class='ocr_par' dir='ltr' id='par_1_18' title="bbox 371 1541 1963 1616">
     <span class='ocr_line' id='line_1_18' title="bbox 371 1541 1963 1616; baseline 0.001 -20"><span class='ocrx_word' id='word_1_108' title='bbox 371 1541 521 1596; x_wconf 85' lang='grc' dir='ltr'><strong>ὶδεῖν</strong></span> <span class='ocrx_word' id='word_1_109' title='bbox 540 1541 576 1596; x_wconf 79' lang='grc' dir='ltr'><strong>ἀ</strong></span> <span class='ocrx_word' id='word_1_110' title='bbox 597 1542 811 1610; x_wconf 68' lang='lat' dir='ltr'><strong>elders,</strong></span> <span class='ocrx_word' id='word_1_111' title='bbox 834 1546 931 1598; x_wconf 77' lang='grc' dir='ltr'>καὶ</span> <span class='ocrx_word' id='word_1_112' title='bbox 955 1547 1066 1599; x_wconf 83' lang='grc' dir='ltr'>οὐκ</span> <span class='ocrx_word' id='word_1_113' title='bbox 1086 1543 1274 1616; x_wconf 77' lang='grc' dir='ltr'>εἶδον,</span> <span class='ocrx_word' id='word_1_114' title='bbox 1299 1547 1398 1602; x_wconf 72' lang='grc' dir='ltr'><strong>καί</strong></span> <span class='ocrx_word' id='word_1_115' title='bbox 1417 1547 1679 1602; x_wconf 80' lang='grc' dir='ltr'>ἀκοῦσαι</span> <span class='ocrx_word' id='word_1_116' title='bbox 1696 1545 1734 1601; x_wconf 78' lang='grc' dir='ltr'><strong><em>ἂ</em></strong></span> <span class='ocrx_word' id='word_1_117' title='bbox 1754 1546 1963 1601; x_wconf 84' lang='grc' dir='ltr'>ἀκούε-</span> 
     </span>
    </p>
   </div>
   <div class='ocr_carea' id='block_1_19' title="bbox 373 1634 1079 1704">
    <p class='ocr_par' dir='ltr' id='par_1_19' title="bbox 373 1634 1079 1704">
     <span class='ocr_line' id='line_1_19' title="bbox 373 1634 1079 1704; baseline 0.007 -18"><span class='ocrx_word' id='word_1_118' title='bbox 373 1649 458 1698; x_wconf 81' lang='grc' dir='ltr'><strong>τε,</strong></span> <span class='ocrx_word' id='word_1_119' title='bbox 489 1634 587 1688; x_wconf 80' lang='grc' dir='ltr'><strong>καί</strong></span> <span class='ocrx_word' id='word_1_120' title='bbox 628 1635 740 1689; x_wconf 77' lang='grc' dir='ltr'>οὐκ</span> <span class='ocrx_word' id='word_1_121' title='bbox 777 1635 1079 1704; x_wconf 74' lang='grc' dir='ltr'>ἤκουσαν.</span> 
     </span>
    </p>
   </div>
   <div class='ocr_carea' id='block_1_20' title="bbox 450 1727 1772 1798">
    <p class='ocr_par' dir='ltr' id='par_1_20' title="bbox 450 1727 1772 1798">
     <span class='ocr_line' id='line_1_20' title="bbox 450 1727 1772 1798; baseline 0.003 -21"><span class='ocrx_word' id='word_1_122' title='bbox 450 1745 468 1777; x_wconf 77' lang='grc' dir='ltr'><strong>ι</strong></span> <span class='ocrx_word' id='word_1_123' title='bbox 512 1727 866 1797; x_wconf 86' lang='grc' dir='ltr'>Συστήσασθε</span> <span class='ocrx_word' id='word_1_124' title='bbox 899 1728 1092 1798; x_wconf 79' lang='grc' dir='ltr'>ἑορτήν</span> <span class='ocrx_word' id='word_1_125' title='bbox 1123 1731 1181 1782; x_wconf 81' lang='grc' dir='ltr'>ὲν</span> <span class='ocrx_word' id='word_1_126' title='bbox 1208 1731 1317 1793; x_wconf 81' lang='grc' dir='ltr'>τοῖς</span> <span class='ocrx_word' id='word_1_127' title='bbox 1353 1728 1712 1794; x_wconf 80' lang='grc' dir='ltr'>πυκάζουσιν.</span> <span class='ocrx_word' id='word_1_128' title='bbox 1754 1748 1772 1780; x_wconf 72' lang='grc' dir='ltr'><strong>ι</strong></span> 
     </span>
    </p>
   </div>
   <div class='ocr_carea' id='block_1_21' title="bbox 2055 639 3324 712">
    <p class='ocr_par' dir='ltr' id='par_1_21' title="bbox 2055 639 3324 712">
     <span class='ocr_line' id='line_1_21' title="bbox 2055 639 3324 712; baseline 0 -18"><span class='ocrx_word' id='word_1_129' title='bbox 2055 640 2193 712; x_wconf 81' lang='lat' dir='ltr'><strong>legis</strong></span> <span class='ocrx_word' id='word_1_130' title='bbox 2225 656 2291 696; x_wconf 88' lang='lat' dir='ltr'><strong>ac</strong></span> <span class='ocrx_word' id='word_1_131' title='bbox 2323 642 2716 712; x_wconf 87' lang='lat' dir='ltr'><strong>prophetarum</strong></span> <span class='ocrx_word' id='word_1_132' title='bbox 2754 643 3068 697; x_wconf 89' lang='lat' dir='ltr'><strong>testimonio</strong></span> <span class='ocrx_word' id='word_1_133' title='bbox 3097 639 3324 696; x_wconf 84' lang='lat' dir='ltr'><strong>suﬁ‘ulti.</strong></span> 
     </span>
    </p>
   </div>
   <div class='ocr_carea' id='block_1_22' title="bbox 2126 717 3494 800">
    <p class='ocr_par' dir='ltr' id='par_1_22' title="bbox 2126 717 3494 800">
     <span class='ocr_line' id='line_1_22' title="bbox 2126 717 3494 800; baseline -0.004 -12"><span class='ocrx_word' id='word_1_134' title='bbox 2126 734 2288 790; x_wconf 77' lang='lat' dir='ltr'><strong>Vens.</strong></span> <span class='ocrx_word' id='word_1_135' title='bbox 2325 733 2416 789; x_wconf 76' lang='lat'><strong>27.</strong></span> <span class='ocrx_word' id='word_1_136' title='bbox 2444 752 2463 786; x_wconf 77' lang='grc' dir='ltr'><strong>ι</strong></span> <span class='ocrx_word' id='word_1_137' title='bbox 2495 733 2636 790; x_wconf 87' lang='lat' dir='ltr'><strong>Deus</strong></span> <span class='ocrx_word' id='word_1_138' title='bbox 2659 736 2944 800; x_wconf 84' lang='lat' dir='ltr'><strong>Dominus,</strong></span> <span class='ocrx_word' id='word_1_139' title='bbox 2973 744 3028 789; x_wconf 91' lang='lat' dir='ltr'><strong>et</strong></span> <span class='ocrx_word' id='word_1_140' title='bbox 3052 733 3227 789; x_wconf 77' lang='lat' dir='ltr'><strong>illuxit</strong></span> <span class='ocrx_word' id='word_1_141' title='bbox 3256 731 3437 787; x_wconf 86' lang='lat' dir='ltr'><strong>nobis.</strong></span> <span class='ocrx_word' id='word_1_142' title='bbox 3467 717 3494 781; x_wconf 55' lang='grc' dir='ltr'>ι’</span> 
     </span>
    </p>
   </div>
   <div class='ocr_carea' id='block_1_23' title="bbox 2129 823 3634 898">
    <p class='ocr_par' dir='ltr' id='par_1_23' title="bbox 2129 823 3634 898">
     <span class='ocr_line' id='line_1_23' title="bbox 2129 823 3634 898; baseline -0.003 -18"><span class='ocrx_word' id='word_1_143' title='bbox 2129 826 2242 882; x_wconf 87' lang='lat' dir='ltr'><strong>Hoc</strong></span> <span class='ocrx_word' id='word_1_144' title='bbox 2292 827 2416 882; x_wconf 92' lang='lat' dir='ltr'><strong>loco</strong></span> <span class='ocrx_word' id='word_1_145' title='bbox 2466 827 2633 898; x_wconf 87' lang='lat' dir='ltr'><strong>igitur</strong></span> <span class='ocrx_word' id='word_1_146' title='bbox 2664 828 2939 898; x_wconf 77' lang='lat' dir='ltr'><strong>Propheta</strong></span> <span class='ocrx_word' id='word_1_147' title='bbox 2984 825 3422 883; x_wconf 75' lang='lat' dir='ltr'><strong>incarnationem</strong></span> <span class='ocrx_word' id='word_1_148' title='bbox 3458 823 3634 878; x_wconf 79' lang='lat' dir='ltr'><strong>admi-</strong></span> 
     </span>
    </p>
   </div>
   <div class='ocr_carea' id='block_1_24' title="bbox 2058 915 3635 988">
    <p class='ocr_par' dir='ltr' id='par_1_24' title="bbox 2058 915 3635 988">
     <span class='ocr_line' id='line_1_24' title="bbox 2058 915 3635 988; baseline -0.001 -17"><span class='ocrx_word' id='word_1_149' title='bbox 2058 927 2233 985; x_wconf 91' lang='lat' dir='ltr'><strong>ratur,</strong></span> <span class='ocrx_word' id='word_1_150' title='bbox 2265 919 2409 988; x_wconf 92' lang='lat' dir='ltr'><strong>quod</strong></span> <span class='ocrx_word' id='word_1_151' title='bbox 2449 934 2577 974; x_wconf 92' lang='lat' dir='ltr'><strong>cum</strong></span> <span class='ocrx_word' id='word_1_152' title='bbox 2624 918 2766 973; x_wconf 88' lang='lat' dir='ltr'><strong>Deus</strong></span> <span class='ocrx_word' id='word_1_153' title='bbox 2787 926 2934 974; x_wconf 91' lang='lat' dir='ltr'><strong>esset</strong></span> <span class='ocrx_word' id='word_1_154' title='bbox 2981 933 3044 972; x_wconf 91' lang='lat' dir='ltr'><strong>ac</strong></span> <span class='ocrx_word' id='word_1_155' title='bbox 3072 919 3352 980; x_wconf 89' lang='lat' dir='ltr'><strong>Dominus,</strong></span> <span class='ocrx_word' id='word_1_156' title='bbox 3386 923 3442 970; x_wconf 89' lang='lat' dir='ltr'><strong>et</strong></span> <span class='ocrx_word' id='word_1_157' title='bbox 3489 915 3635 970; x_wconf 89' lang='lat' dir='ltr'><strong>illius</strong></span> 
     </span>
    </p>
   </div>
   <div class='ocr_carea' id='block_1_25' title="bbox 2061 1007 3637 1084">
    <p class='ocr_par' dir='ltr' id='par_1_25' title="bbox 2061 1007 3637 1084">
     <span class='ocr_line' id='line_1_25' title="bbox 2061 1007 3637 1084; baseline -0.001 -20"><span class='ocrx_word' id='word_1_158' title='bbox 2061 1021 2270 1067; x_wconf 79' lang='lat' dir='ltr'><strong>naturae</strong></span> <span class='ocrx_word' id='word_1_159' title='bbox 2293 1014 2597 1076; x_wconf 74' lang='lat' dir='ltr'><strong>exsisteret,</strong></span> <span class='ocrx_word' id='word_1_160' title='bbox 2621 1012 2872 1084; x_wconf 85' lang='lat' dir='ltr'><strong>dignatus</strong></span> <span class='ocrx_word' id='word_1_161' title='bbox 2899 1011 3064 1066; x_wconf 76' lang='lat' dir='ltr'><strong>fuerit</strong></span> <span class='ocrx_word' id='word_1_162' title='bbox 3093 1025 3379 1082; x_wconf 88' lang='lat' dir='ltr'><strong>apparere.</strong></span> <span class='ocrx_word' id='word_1_163' title='bbox 3404 1007 3637 1074; x_wconf 81' lang='lat' dir='ltr'><strong>Quando</strong></span> 
     </span>
    </p>
   </div>
   <div class='ocr_carea' id='block_1_26' title="bbox 2059 1100 3637 1172">
    <p class='ocr_par' dir='ltr' id='par_1_26' title="bbox 2059 1100 3637 1172">
     <span class='ocr_line' id='line_1_26' title="bbox 2059 1100 3637 1172; baseline -0.002 -17"><span class='ocrx_word' id='word_1_164' title='bbox 2059 1111 2240 1155; x_wconf 86' lang='lat' dir='ltr'><strong>autem</strong></span> <span class='ocrx_word' id='word_1_165' title='bbox 2293 1103 2424 1158; x_wconf 86' lang='lat' dir='ltr'><strong>dicit</strong></span> <span class='ocrx_word' id='word_1_166' title='bbox 2469 1103 2676 1168; x_wconf 75' lang='lat' dir='ltr'><strong>Illuxit,</strong></span> <span class='ocrx_word' id='word_1_167' title='bbox 2731 1102 3192 1172; x_wconf 80' lang='lat' dir='ltr'><strong>dispensationem</strong></span> <span class='ocrx_word' id='word_1_168' title='bbox 3252 1100 3544 1170; x_wconf 79' lang='lat' dir='ltr'><strong>intelligit,</strong></span> <span class='ocrx_word' id='word_1_169' title='bbox 3577 1108 3637 1153; x_wconf 88' lang='lat' dir='ltr'><strong>ut</strong></span> 
     </span>
    </p>
   </div>
   <div class='ocr_carea' id='block_1_27' title="bbox 2056 1192 3640 1266">
    <p class='ocr_par' dir='ltr' id='par_1_27' title="bbox 2056 1192 3640 1266">
     <span class='ocr_line' id='line_1_27' title="bbox 2056 1192 3640 1266; baseline -0.003 -19"><span class='ocrx_word' id='word_1_170' title='bbox 2056 1195 2200 1264; x_wconf 90' lang='lat' dir='ltr'><strong>quod</strong></span> <span class='ocrx_word' id='word_1_171' title='bbox 2227 1195 2284 1248; x_wconf 93' lang='lat' dir='ltr'><strong>in</strong></span> <span class='ocrx_word' id='word_1_172' title='bbox 2317 1205 2532 1250; x_wconf 86' lang='lat' dir='ltr'><strong>uterum</strong></span> <span class='ocrx_word' id='word_1_173' title='bbox 2565 1195 2871 1266; x_wconf 82' lang='lat' dir='ltr'><strong>virgineum</strong></span> <span class='ocrx_word' id='word_1_174' title='bbox 2902 1194 3136 1257; x_wconf 79' lang='lat' dir='ltr'><strong>venerit,</strong></span> <span class='ocrx_word' id='word_1_175' title='bbox 3159 1201 3363 1247; x_wconf 79' lang='lat' dir='ltr'><strong>etcum</strong></span> <span class='ocrx_word' id='word_1_176' title='bbox 3398 1192 3640 1246; x_wconf 88' lang='lat' dir='ltr'><strong>homini-</strong></span> 
     </span>
    </p>
   </div>
   <div class='ocr_carea' id='block_1_28' title="bbox 2057 1281 3641 1351">
    <p class='ocr_par' dir='ltr' id='par_1_28' title="bbox 2057 1281 3641 1351">
     <span class='ocr_line' id='line_1_28' title="bbox 2057 1281 3641 1351; baseline -0.001 -14"><span class='ocrx_word' id='word_1_177' title='bbox 2057 1287 2158 1337; x_wconf 82' lang='lat' dir='ltr'><strong>bus</strong></span> <span class='ocrx_word' id='word_1_178' title='bbox 2212 1294 2570 1340; x_wconf 86' lang='lat' dir='ltr'><strong>conversatus</strong></span> <span class='ocrx_word' id='word_1_179' title='bbox 2602 1286 2694 1340; x_wconf 85' lang='lat' dir='ltr'><strong>sit.</strong></span> <span class='ocrx_word' id='word_1_180' title='bbox 2746 1285 3016 1351; x_wconf 82' lang='lat' dir='ltr'><strong>Quocirca</strong></span> <span class='ocrx_word' id='word_1_181' title='bbox 3064 1284 3217 1350; x_wconf 88' lang='lat' dir='ltr'><strong>dicit,</strong></span> <span class='ocrx_word' id='word_1_182' title='bbox 3269 1281 3641 1337; x_wconf 74' lang='lat' dir='ltr'><strong>Benediximus</strong></span> 
     </span>
    </p>
   </div>
   <div class='ocr_carea' id='block_1_29' title="bbox 2055 1371 3641 1444">
    <p class='ocr_par' dir='ltr' id='par_1_29' title="bbox 2055 1371 3641 1444">
     <span class='ocr_line' id='line_1_29' title="bbox 2055 1371 3641 1444; baseline -0.001 -17"><span class='ocrx_word' id='word_1_183' title='bbox 2055 1373 2216 1438; x_wconf 82' lang='lat' dir='ltr'><strong>vobis,</strong></span> <span class='ocrx_word' id='word_1_184' title='bbox 2248 1374 2393 1444; x_wconf 92' lang='lat' dir='ltr'><strong>quod</strong></span> <span class='ocrx_word' id='word_1_185' title='bbox 2431 1375 2535 1429; x_wconf 86' lang='lat' dir='ltr'><strong>tale</strong></span> <span class='ocrx_word' id='word_1_186' title='bbox 2567 1375 2776 1430; x_wconf 91' lang='lat' dir='ltr'><strong>donum</strong></span> <span class='ocrx_word' id='word_1_187' title='bbox 2809 1374 2929 1430; x_wconf 91' lang='lat' dir='ltr'><strong>sitis</strong></span> <span class='ocrx_word' id='word_1_188' title='bbox 2960 1373 3266 1430; x_wconf 88' lang='lat' dir='ltr'><strong>consecuti.</strong></span> <span class='ocrx_word' id='word_1_189' title='bbox 3310 1371 3426 1427; x_wconf 83' lang='lat' dir='ltr'><strong>Hoc</strong></span> <span class='ocrx_word' id='word_1_190' title='bbox 3471 1372 3641 1427; x_wconf 86' lang='lat' dir='ltr'><strong>etiam</strong></span> 
     </span>
    </p>
   </div>
   <div class='ocr_carea' id='block_1_30' title="bbox 2057 1463 3642 1535">
    <p class='ocr_par' dir='ltr' id='par_1_30' title="bbox 2057 1463 3642 1535">
     <span class='ocr_line' id='line_1_30' title="bbox 2057 1463 3642 1535; baseline -0.002 -17"><span class='ocrx_word' id='word_1_191' title='bbox 2057 1463 2311 1519; x_wconf 82' lang='lat' dir='ltr'><strong>Christus</strong></span> <span class='ocrx_word' id='word_1_192' title='bbox 2363 1465 2529 1520; x_wconf 82' lang='lat' dir='ltr'><strong>dixit:</strong></span> <span class='ocrx_word' id='word_1_193' title='bbox 2586 1464 2746 1519; x_wconf 77' lang='lat' dir='ltr'><strong>Mulli</strong></span> <span class='ocrx_word' id='word_1_194' title='bbox 2778 1466 3046 1535; x_wconf 77' lang='lat' dir='ltr'><strong>prophch</strong></span> <span class='ocrx_word' id='word_1_195' title='bbox 3095 1474 3144 1519; x_wconf 88' lang='lat' dir='ltr'><strong>et</strong></span> <span class='ocrx_word' id='word_1_196' title='bbox 3181 1465 3318 1534; x_wconf 83' lang='lat' dir='ltr'><strong>justi</strong></span> <span class='ocrx_word' id='word_1_197' title='bbox 3364 1465 3642 1533; x_wconf 76' lang='lat' dir='ltr'><strong>cupierunt</strong></span> 
     </span>
    </p>
   </div>
   <div class='ocr_carea' id='block_1_31' title="bbox 2058 1555 3645 1626">
    <p class='ocr_par' dir='ltr' id='par_1_31' title="bbox 2058 1555 3645 1626">
     <span class='ocr_line' id='line_1_31' title="bbox 2058 1555 3645 1626; baseline 0.001 -17"><span class='ocrx_word' id='word_1_198' title='bbox 2058 1555 2234 1609; x_wconf 80' lang='lat' dir='ltr'><strong>videre</strong></span> <span class='ocrx_word' id='word_1_199' title='bbox 2275 1571 2392 1625; x_wconf 71' lang='lat' dir='ltr'><strong>qua:</strong></span> <span class='ocrx_word' id='word_1_200' title='bbox 2440 1555 2628 1610; x_wconf 78' lang='lat' dir='ltr'><strong>videtis</strong></span> <span class='ocrx_word' id='word_1_201' title='bbox 2667 1565 2714 1608; x_wconf 88' lang='lat' dir='ltr'><strong>et</strong></span> <span class='ocrx_word' id='word_1_202' title='bbox 2756 1573 2856 1609; x_wconf 87' lang='lat' dir='ltr'><strong>non</strong></span> <span class='ocrx_word' id='word_1_203' title='bbox 2889 1557 3154 1622; x_wconf 84' lang='lat' dir='ltr'><strong>viderunt,</strong></span> <span class='ocrx_word' id='word_1_204' title='bbox 3202 1564 3250 1609; x_wconf 88' lang='lat' dir='ltr'><strong>et</strong></span> <span class='ocrx_word' id='word_1_205' title='bbox 3289 1557 3478 1610; x_wconf 83' lang='lat' dir='ltr'><strong>audire</strong></span> <span class='ocrx_word' id='word_1_206' title='bbox 3528 1571 3645 1626; x_wconf 70' lang='lat' dir='ltr'><strong>qua:</strong></span> 
     </span>
    </p>
   </div>
   <div class='ocr_carea' id='block_1_32' title="bbox 2061 1645 2854 1701">
    <p class='ocr_par' dir='ltr' id='par_1_32' title="bbox 2061 1645 2854 1701">
     <span class='ocr_line' id='line_1_32' title="bbox 2061 1645 2854 1701; baseline 0.004 -3"><span class='ocrx_word' id='word_1_207' title='bbox 2061 1646 2260 1700; x_wconf 77' lang='lat' dir='ltr'><strong>auditis</strong></span> <span class='ocrx_word' id='word_1_208' title='bbox 2282 1654 2328 1698; x_wconf 83' lang='lat' dir='ltr'><strong>et</strong></span> <span class='ocrx_word' id='word_1_209' title='bbox 2353 1662 2453 1699; x_wconf 89' lang='lat' dir='ltr'><strong>non</strong></span> <span class='ocrx_word' id='word_1_210' title='bbox 2481 1646 2764 1700; x_wconf 82' lang='lat' dir='ltr'><strong>audierunt</strong></span> <span class='ocrx_word' id='word_1_211' title='bbox 2787 1645 2854 1701; x_wconf 80' lang='grc'><strong>³⁸.</strong></span> 
     </span>
    </p>
   </div>
   <div class='ocr_carea' id='block_1_33' title="bbox 2138 1735 3531 1794">
    <p class='ocr_par' dir='ltr' id='par_1_33' title="bbox 2138 1735 3531 1794">
     <span class='ocr_line' id='line_1_33' title="bbox 2138 1735 3531 1794; baseline -0.001 -5"><span class='ocrx_word' id='word_1_212' title='bbox 2138 1755 2159 1789; x_wconf 79' lang='grc' dir='ltr'><strong>ι</strong></span> <span class='ocrx_word' id='word_1_213' title='bbox 2193 1736 2520 1794; x_wconf 87' lang='lat' dir='ltr'><strong>Constituite</strong></span> <span class='ocrx_word' id='word_1_214' title='bbox 2547 1739 2694 1793; x_wconf 89' lang='lat' dir='ltr'><strong>diem</strong></span> <span class='ocrx_word' id='word_1_215' title='bbox 2729 1739 3032 1794; x_wconf 89' lang='lat' dir='ltr'><strong>solemnem</strong></span> <span class='ocrx_word' id='word_1_216' title='bbox 3067 1738 3120 1792; x_wconf 92' lang='lat' dir='ltr'><strong>in</strong></span> <span class='ocrx_word' id='word_1_217' title='bbox 3157 1735 3478 1792; x_wconf 87' lang='lat' dir='ltr'><strong>condensis.</strong></span> <span class='ocrx_word' id='word_1_218' title='bbox 3512 1753 3531 1786; x_wconf 73' lang='grc' dir='ltr'><strong>ι</strong></span> 
     </span>
    </p>
   </div>
   <div class='ocr_carea' id='block_1_34' title="bbox 446 1797 1972 1898">
    <p class='ocr_par' dir='ltr' id='par_1_34' title="bbox 446 1818 1962 1891">
     <span class='ocr_line' id='line_1_34' title="bbox 446 1818 1962 1891; baseline 0.003 -21"><span class='ocrx_word' id='word_1_219' title='bbox 446 1819 539 1886; x_wconf 84' lang='grc' dir='ltr'><strong>Τὸ,</strong></span> <span class='ocrx_word' id='word_1_220' title='bbox 562 1818 631 1872; x_wconf 82' lang='grc' dir='ltr'><strong>ἐν</strong></span> <span class='ocrx_word' id='word_1_221' title='bbox 656 1818 776 1884; x_wconf 81' lang='grc' dir='ltr'>τοῖς</span> <span class='ocrx_word' id='word_1_222' title='bbox 813 1818 1211 1888; x_wconf 81' lang='grc' dir='ltr'>πυκάζουσιν,</span> <span class='ocrx_word' id='word_1_223' title='bbox 1240 1821 1361 1874; x_wconf 80' lang='grc' dir='ltr'>ἀντὶ</span> <span class='ocrx_word' id='word_1_224' title='bbox 1385 1819 1480 1874; x_wconf 83' lang='grc' dir='ltr'>τοῦ</span> <span class='ocrx_word' id='word_1_225' title='bbox 1510 1818 1962 1891; x_wconf 83' lang='grc' dir='ltr'>πεπυκνωμένοις</span> 
     </span>
    </p>
   </div>
   <div class='ocr_carea' id='block_1_35' title="bbox 2078 1797 3643 1898">
    <p class='ocr_par' dir='ltr' id='par_1_35' title="bbox 2134 1825 3643 1898">
     <span class='ocr_line' id='line_1_35' title="bbox 2134 1825 3643 1898; baseline -0.001 -18"><span class='ocrx_word' id='word_1_226' title='bbox 2134 1825 2270 1882; x_wconf 88' lang='lat' dir='ltr'><strong>lllud</strong></span> <span class='ocrx_word' id='word_1_227' title='bbox 2312 1827 2370 1880; x_wconf 85' lang='lat' dir='ltr'><strong>in</strong></span> <span class='ocrx_word' id='word_1_228' title='bbox 2424 1828 2695 1882; x_wconf 75' lang='lat' dir='ltr'><strong>condensis</strong></span> <span class='ocrx_word' id='word_1_229' title='bbox 2745 1827 2928 1898; x_wconf 87' lang='lat' dir='ltr'><strong>posuit</strong></span> <span class='ocrx_word' id='word_1_230' title='bbox 2981 1842 3081 1897; x_wconf 94' lang='lat' dir='ltr'><strong>pro</strong></span> <span class='ocrx_word' id='word_1_231' title='bbox 3125 1825 3643 1896; x_wconf 78' lang='lat' dir='ltr'><strong>constipatisznam</strong></span> 
     </span>
    </p>
   </div>
   <div class='ocr_carea' id='block_1_36' title="bbox 375 1910 1962 1982">
    <p class='ocr_par' dir='ltr' id='par_1_36' title="bbox 375 1910 1962 1982">
     <span class='ocr_line' id='line_1_36' title="bbox 375 1910 1962 1982; baseline 0.002 -19"><span class='ocrx_word' id='word_1_232' title='bbox 375 1910 607 1965; x_wconf 75' lang='grc' dir='ltr'>τέθεικεο</span> <span class='ocrx_word' id='word_1_233' title='bbox 629 1910 689 1964; x_wconf 85' lang='grc' dir='ltr'><strong>τὸ</strong></span> <span class='ocrx_word' id='word_1_234' title='bbox 713 1911 823 1981; x_wconf 78' lang='grc' dir='ltr'>γὰρ</span> <span class='ocrx_word' id='word_1_235' title='bbox 854 1911 1301 1982; x_wconf 72' lang='grc' dir='ltr'>πεπυκασμένον,</span> <span class='ocrx_word' id='word_1_236' title='bbox 1332 1913 1764 1982; x_wconf 78' lang='grc' dir='ltr'>πεπυκνωμένον</span> <span class='ocrx_word' id='word_1_237' title='bbox 1786 1912 1882 1968; x_wconf 76' lang='grc' dir='ltr'><strong>καὶ</strong></span> <span class='ocrx_word' id='word_1_238' title='bbox 1912 1913 1962 1967; x_wconf 73' lang='lat' dir='ltr'><strong>ot</strong></span> 
     </span>
    </p>
   </div>
   <div class='ocr_carea' id='block_1_37' title="bbox 376 2000 1466 2072">
    <p class='ocr_par' dir='ltr' id='par_1_37' title="bbox 376 2000 1466 2072">
     <span class='ocr_line' id='line_1_37' title="bbox 376 2000 1466 2072; baseline 0.003 -18"><span class='ocrx_word' id='word_1_239' title='bbox 376 2002 482 2067; x_wconf 80' lang='grc' dir='ltr'>ἔξω</span> <span class='ocrx_word' id='word_1_240' title='bbox 520 2001 613 2055; x_wconf 81' lang='grc' dir='ltr'>τοῦ</span> <span class='ocrx_word' id='word_1_241' title='bbox 646 2001 770 2054; x_wconf 80' lang='grc' dir='ltr'>καθ’</span> <span class='ocrx_word' id='word_1_242' title='bbox 793 2003 941 2072; x_wconf 72' lang='grc' dir='ltr'>ἡμᾶς</span> <span class='ocrx_word' id='word_1_243' title='bbox 985 2000 1146 2070; x_wconf 84' lang='grc' dir='ltr'>λόγου</span> <span class='ocrx_word' id='word_1_244' title='bbox 1185 2002 1466 2057; x_wconf 81' lang='grc' dir='ltr'>καλοῦσιν.</span> 
     </span>
    </p>
   </div>
   <div class='ocr_carea' id='block_1_38' title="bbox 455 2088 1813 2166">
    <p class='ocr_par' dir='ltr' id='par_1_38' title="bbox 455 2088 1813 2166">
     <span class='ocr_line' id='line_1_38' title="bbox 455 2088 1813 2166; baseline 0.004 -22"><span class='ocrx_word' id='word_1_245' title='bbox 455 2112 473 2144; x_wconf 72' lang='grc' dir='ltr'><strong>ι</strong></span> <span class='ocrx_word' id='word_1_246' title='bbox 516 2093 650 2156; x_wconf 87' lang='grc' dir='ltr'>Θεός</span> <span class='ocrx_word' id='word_1_247' title='bbox 685 2111 786 2163; x_wconf 85' lang='grc' dir='ltr'><strong>μου</strong></span> <span class='ocrx_word' id='word_1_248' title='bbox 827 2088 879 2145; x_wconf 82' lang='grc' dir='ltr'>εῐ</span> <span class='ocrx_word' id='word_1_249' title='bbox 904 2093 990 2158; x_wconf 85' lang='grc' dir='ltr'><strong>σὺ,</strong></span> <span class='ocrx_word' id='word_1_250' title='bbox 1028 2093 1123 2147; x_wconf 74' lang='grc' dir='ltr'>καὶ</span> <span class='ocrx_word' id='word_1_251' title='bbox 1148 2093 1620 2166; x_wconf 80' lang='grc' dir='ltr'>ἐξομολογήσομαί</span> <span class='ocrx_word' id='word_1_252' title='bbox 1655 2113 1756 2150; x_wconf 88' lang='grc' dir='ltr'>σοι.</span> <span class='ocrx_word' id='word_1_253' title='bbox 1793 2115 1813 2149; x_wconf 70' lang='grc' dir='ltr'><strong>ι</strong></span> 
     </span>
    </p>
   </div>
   <div class='ocr_carea' id='block_1_39' title="bbox 451 2184 1966 2262">
    <p class='ocr_par' dir='ltr' id='par_1_39' title="bbox 451 2184 1966 2262">
     <span class='ocr_line' id='line_1_39' title="bbox 451 2184 1966 2262; baseline 0.004 -24"><span class='ocrx_word' id='word_1_254' title='bbox 451 2184 570 2238; x_wconf 85' lang='grc' dir='ltr'>Τίνι</span> <span class='ocrx_word' id='word_1_255' title='bbox 602 2185 658 2238; x_wconf 83' lang='grc' dir='ltr'><strong>δὲ</strong></span> <span class='ocrx_word' id='word_1_256' title='bbox 691 2185 865 2238; x_wconf 84' lang='grc' dir='ltr'>ταῦτα</span> <span class='ocrx_word' id='word_1_257' title='bbox 905 2185 1076 2254; x_wconf 81' lang='grc' dir='ltr'>λέγει,</span> <span class='ocrx_word' id='word_1_258' title='bbox 1122 2186 1155 2256; x_wconf 77' lang='grc' dir='ltr'><strong>ἢ</strong></span> <span class='ocrx_word' id='word_1_259' title='bbox 1201 2185 1277 2257; x_wconf 86' lang='grc' dir='ltr'><strong>τῷ</strong></span> <span class='ocrx_word' id='word_1_260' title='bbox 1310 2187 1566 2258; x_wconf 82' lang='grc' dir='ltr'>ἀνωτέρω</span> <span class='ocrx_word' id='word_1_261' title='bbox 1608 2188 1966 2262; x_wconf 84' lang='grc' dir='ltr'>δεδηλωμένῳ</span> 
     </span>
    </p>
   </div>
   <div class='ocr_carea' id='block_1_40' title="bbox 381 2273 1965 2350">
    <p class='ocr_par' dir='ltr' id='par_1_40' title="bbox 381 2273 1965 2350">
     <span class='ocr_line' id='line_1_40' title="bbox 381 2273 1965 2350; baseline 0.004 -22"><span class='ocrx_word' id='word_1_262' title='bbox 381 2275 572 2345; x_wconf 84' lang='grc' dir='ltr'>Κυρίῳ</span> <span class='ocrx_word' id='word_1_263' title='bbox 595 2291 610 2340; x_wconf 90' lang='grc'><strong>;</strong></span> <span class='ocrx_word' id='word_1_264' title='bbox 637 2275 714 2346; x_wconf 86' lang='grc' dir='ltr'>τῷ</span> <span class='ocrx_word' id='word_1_265' title='bbox 734 2277 799 2328; x_wconf 85' lang='grc' dir='ltr'>ὲκ</span> <span class='ocrx_word' id='word_1_266' title='bbox 826 2273 1058 2345; x_wconf 76' lang='grc' dir='ltr'>θλίψεως</span> <span class='ocrx_word' id='word_1_267' title='bbox 1085 2277 1375 2348; x_wconf 76' lang='grc' dir='ltr'>ῥυσαμένῳ</span> <span class='ocrx_word' id='word_1_268' title='bbox 1401 2278 1582 2341; x_wconf 82' lang='grc' dir='ltr'>αὐτὸν,</span> <span class='ocrx_word' id='word_1_269' title='bbox 1613 2278 1690 2350; x_wconf 82' lang='grc' dir='ltr'>τῷ</span> <span class='ocrx_word' id='word_1_270' title='bbox 1711 2281 1804 2333; x_wconf 62' lang='grc' dir='ltr'><strong>καλ⁸</strong></span> <span class='ocrx_word' id='word_1_271' title='bbox 1839 2281 1965 2345; x_wconf 84' lang='grc' dir='ltr'>τοὺς</span> 
     </span>
    </p>
   </div>
   <div class='ocr_carea' id='block_1_41' title="bbox 383 2365 1966 2438">
    <p class='ocr_par' dir='ltr' id='par_1_41' title="bbox 383 2365 1966 2438">
     <span class='ocr_line' id='line_1_41' title="bbox 383 2365 1966 2438; baseline 0.006 -22"><span class='ocrx_word' id='word_1_272' title='bbox 383 2365 614 2434; x_wconf 78' lang='grc' dir='ltr'>ἐχθροὺς</span> <span class='ocrx_word' id='word_1_273' title='bbox 642 2365 809 2419; x_wconf 77' lang='grc' dir='ltr'>αὐτοῦ</span> <span class='ocrx_word' id='word_1_274' title='bbox 845 2365 1271 2434; x_wconf 85' lang='grc' dir='ltr'>ταπεινώσαντι,</span> <span class='ocrx_word' id='word_1_275' title='bbox 1322 2366 1402 2438; x_wconf 83' lang='grc' dir='ltr'>τῷ</span> <span class='ocrx_word' id='word_1_276' title='bbox 1445 2369 1541 2424; x_wconf 83' lang='grc' dir='ltr'>καὶ</span> <span class='ocrx_word' id='word_1_277' title='bbox 1569 2370 1662 2424; x_wconf 76' lang='grc' dir='ltr'><strong>τὸν</strong></span> <span class='ocrx_word' id='word_1_278' title='bbox 1688 2369 1836 2426; x_wconf 89' lang='grc' dir='ltr'>λίθον</span> <span class='ocrx_word' id='word_1_279' title='bbox 1858 2371 1966 2436; x_wconf 53' lang='grc' dir='ltr'>,τδν</span> 
     </span>
    </p>
   </div>
   <div class='ocr_carea' id='block_1_42' title="bbox 383 2455 1967 2534">
    <p class='ocr_par' dir='ltr' id='par_1_42' title="bbox 383 2455 1967 2534">
     <span class='ocr_line' id='line_1_42' title="bbox 383 2455 1967 2534; baseline 0.005 -24"><span class='ocrx_word' id='word_1_280' title='bbox 383 2455 764 2524; x_wconf 80' lang='grc' dir='ltr'>ἀποϐληθέντα</span> <span class='ocrx_word' id='word_1_281' title='bbox 794 2457 930 2528; x_wconf 85' lang='grc' dir='ltr'>πρὸς</span> <span class='ocrx_word' id='word_1_282' title='bbox 961 2457 1069 2510; x_wconf 85' lang='grc' dir='ltr'><strong>τῶν</strong></span> <span class='ocrx_word' id='word_1_283' title='bbox 1105 2459 1406 2529; x_wconf 77' lang='grc' dir='ltr'>οἰκοδόμων</span> <span class='ocrx_word' id='word_1_284' title='bbox 1437 2460 1736 2530; x_wconf 70' lang='grc' dir='ltr'>ύψώσαντι,</span> <span class='ocrx_word' id='word_1_285' title='bbox 1770 2463 1846 2534; x_wconf 80' lang='grc' dir='ltr'>τῷ</span> <span class='ocrx_word' id='word_1_286' title='bbox 1873 2465 1967 2518; x_wconf 72' lang='grc' dir='ltr'><strong>καὶ</strong></span> 
     </span>
    </p>
   </div>
   <div class='ocr_carea' id='block_1_43' title="bbox 386 2546 1965 2615">
    <p class='ocr_par' dir='ltr' id='par_1_43' title="bbox 386 2546 1965 2615">
     <span class='ocr_line' id='line_1_43' title="bbox 386 2546 1965 2615; baseline 0.006 -15"><span class='ocrx_word' id='word_1_287' title='bbox 386 2546 712 2601; x_wconf 78' lang='grc' dir='ltr'>εύοδώσαντι</span> <span class='ocrx_word' id='word_1_288' title='bbox 752 2548 847 2600; x_wconf 67' lang='grc' dir='ltr'><strong>καὶ</strong></span> <span class='ocrx_word' id='word_1_289' title='bbox 890 2547 1125 2602; x_wconf 83' lang='grc' dir='ltr'>σώσαντι</span> <span class='ocrx_word' id='word_1_290' title='bbox 1186 2549 1311 2614; x_wconf 69' lang='grc' dir='ltr'>τοῦς</span> <span class='ocrx_word' id='word_1_291' title='bbox 1359 2552 1440 2615; x_wconf 78' lang='grc' dir='ltr'>εἰς</span> <span class='ocrx_word' id='word_1_292' title='bbox 1479 2551 1642 2606; x_wconf 75' lang='grc' dir='ltr'>αὑτὸν</span> <span class='ocrx_word' id='word_1_293' title='bbox 1681 2555 1965 2609; x_wconf 72' lang='grc' dir='ltr'>πιστεύονο</span> 
     </span>
    </p>
   </div>
   <div class='ocr_carea' id='block_1_44' title="bbox 387 2657 508 2703">
    <p class='ocr_par' dir='ltr' id='par_1_44' title="bbox 387 2657 508 2703">
     <span class='ocr_line' id='line_1_44' title="bbox 387 2657 508 2703; baseline 0.025 -12"><span class='ocrx_word' id='word_1_294' title='bbox 387 2657 508 2703; x_wconf 79' lang='grc' dir='ltr'>τας.</span> 
     </span>
    </p>
   </div>
   <div class='ocr_carea' id='block_1_45' title="bbox 465 2731 1729 2805">
    <p class='ocr_par' dir='ltr' id='par_1_45' title="bbox 465 2731 1729 2805">
     <span class='ocr_line' id='line_1_45' title="bbox 465 2731 1729 2805; baseline 0.004 -22"><span class='ocrx_word' id='word_1_295' title='bbox 465 2748 483 2782; x_wconf 82' lang='grc' dir='ltr'><strong>ι</strong></span> <span class='ocrx_word' id='word_1_296' title='bbox 529 2731 973 2801; x_wconf 77' lang='grc' dir='ltr'>Ἐξομολογεῖσθε</span> <span class='ocrx_word' id='word_1_297' title='bbox 999 2732 1076 2802; x_wconf 87' lang='grc' dir='ltr'>τῷ</span> <span class='ocrx_word' id='word_1_298' title='bbox 1107 2733 1301 2805; x_wconf 82' lang='grc' dir='ltr'>Κυρίῳ</span> <span class='ocrx_word' id='word_1_299' title='bbox 1329 2736 1412 2788; x_wconf 83' lang='grc' dir='ltr'>ὅτι</span> <span class='ocrx_word' id='word_1_300' title='bbox 1445 2736 1668 2805; x_wconf 88' lang='grc' dir='ltr'>ἀγαθός.</span> <span class='ocrx_word' id='word_1_301' title='bbox 1710 2755 1729 2788; x_wconf 76' lang='grc' dir='ltr'><strong>ι</strong></span> 
     </span>
    </p>
   </div>
   <div class='ocr_carea' id='block_1_46' title="bbox 462 2822 1969 2901">
    <p class='ocr_par' dir='ltr' id='par_1_46' title="bbox 462 2822 1969 2901">
     <span class='ocr_line' id='line_1_46' title="bbox 462 2822 1969 2901; baseline 0.005 -26"><span class='ocrx_word' id='word_1_302' title='bbox 462 2822 627 2876; x_wconf 86' lang='grc' dir='ltr'>Ὀθεν</span> <span class='ocrx_word' id='word_1_303' title='bbox 659 2825 686 2876; x_wconf 89' lang='grc' dir='ltr'>ὁ</span> <span class='ocrx_word' id='word_1_304' title='bbox 715 2823 1008 2896; x_wconf 77' lang='grc' dir='ltr'>Προφήτης</span> <span class='ocrx_word' id='word_1_305' title='bbox 1046 2823 1140 2878; x_wconf 80' lang='grc' dir='ltr'>τοῦ</span> <span class='ocrx_word' id='word_1_306' title='bbox 1170 2825 1262 2878; x_wconf 80' lang='grc' dir='ltr'>νῦν</span> <span class='ocrx_word' id='word_1_307' title='bbox 1295 2825 1514 2898; x_wconf 78' lang='grc' dir='ltr'>ψαλμοῦ</span> <span class='ocrx_word' id='word_1_308' title='bbox 1553 2828 1656 2899; x_wconf 83' lang='grc' dir='ltr'>τῆς</span> <span class='ocrx_word' id='word_1_309' title='bbox 1699 2829 1969 2901; x_wconf 86' lang='grc' dir='ltr'>μελῳδίας</span> 
     </span>
    </p>
   </div>
   <div class='ocr_carea' id='block_1_47' title="bbox 389 2913 1969 2991">
    <p class='ocr_par' dir='ltr' id='par_1_47' title="bbox 389 2913 1969 2991">
     <span class='ocr_line' id='line_1_47' title="bbox 389 2913 1969 2991; baseline 0.003 -21"><span class='ocrx_word' id='word_1_310' title='bbox 389 2913 614 2984; x_wconf 70' lang='grc' dir='ltr'>ἤρξατο,</span> <span class='ocrx_word' id='word_1_311' title='bbox 643 2915 851 2971; x_wconf 79' lang='grc' dir='ltr'>ἐκεῖθεν</span> <span class='ocrx_word' id='word_1_312' title='bbox 907 2915 1057 2987; x_wconf 81' lang='grc' dir='ltr'>αὐτῷ</span> <span class='ocrx_word' id='word_1_313' title='bbox 1099 2917 1196 2971; x_wconf 75' lang='grc' dir='ltr'>καὶ</span> <span class='ocrx_word' id='word_1_314' title='bbox 1246 2918 1308 2971; x_wconf 81' lang='grc' dir='ltr'><strong>τὸ</strong></span> <span class='ocrx_word' id='word_1_315' title='bbox 1347 2919 1499 2982; x_wconf 83' lang='grc' dir='ltr'>τέλος</span> <span class='ocrx_word' id='word_1_316' title='bbox 1533 2919 1826 2991; x_wconf 73' lang='grc' dir='ltr'>ἐπέθηκεν,</span> <span class='ocrx_word' id='word_1_317' title='bbox 1876 2922 1969 2976; x_wconf 75' lang='grc' dir='ltr'><strong>ἵνα</strong></span> 
     </span>
    </p>
   </div>
   <div class='ocr_carea' id='block_1_48' title="bbox 390 3007 1966 3082">
    <p class='ocr_par' dir='ltr' id='par_1_48' title="bbox 390 3007 1966 3082">
     <span class='ocr_line' id='line_1_48' title="bbox 390 3007 1966 3082; baseline 0.006 -23"><span class='ocrx_word' id='word_1_318' title='bbox 390 3007 489 3077; x_wconf 77' lang='grc' dir='ltr'>τὴν</span> <span class='ocrx_word' id='word_1_319' title='bbox 519 3007 907 3080; x_wconf 78' lang='grc' dir='ltr'>ἐξομολόγησιν</span> <span class='ocrx_word' id='word_1_320' title='bbox 956 3008 1124 3081; x_wconf 85' lang='grc' dir='ltr'>μέχρι</span> <span class='ocrx_word' id='word_1_321' title='bbox 1172 3011 1372 3076; x_wconf 82' lang='grc' dir='ltr'>παντὸς</span> <span class='ocrx_word' id='word_1_322' title='bbox 1423 3011 1516 3065; x_wconf 81' lang='grc' dir='ltr'>τοῦ</span> <span class='ocrx_word' id='word_1_323' title='bbox 1565 3011 1684 3082; x_wconf 85' lang='grc' dir='ltr'>βίου</span> <span class='ocrx_word' id='word_1_324' title='bbox 1714 3013 1966 3082; x_wconf 80' lang='grc' dir='ltr'>φυλάξω-</span> 
     </span>
    </p>
   </div>
   <div class='ocr_carea' id='block_1_49' title="bbox 396 3115 582 3170">
    <p class='ocr_par' dir='ltr' id='par_1_49' title="bbox 396 3115 582 3170">
     <span class='ocr_line' id='line_1_49' title="bbox 396 3115 582 3170; baseline 0.016 -20"><span class='ocrx_word' id='word_1_325' title='bbox 396 3115 512 3170; x_wconf 83' lang='grc' dir='ltr'>μεν.</span> <span class='ocrx_word' id='word_1_326' title='bbox 569 3129 582 3141; x_wconf 86' lang='lat'><strong>-</strong></span> 
     </span>
    </p>
   </div>
   <div class='ocr_carea' id='block_1_50' title="bbox 937 3193 1420 3249">
    <p class='ocr_par' dir='ltr' id='par_1_50' title="bbox 937 3193 1420 3249">
     <span class='ocr_line' id='line_1_50' title="bbox 937 3193 1420 3249; baseline 0.006 -3"><span class='ocrx_word' id='word_1_327' title='bbox 937 3193 1232 3247; x_wconf 76' lang='grc' dir='ltr'><strong>ΨΔΛΜΟΣ</strong></span> <span class='ocrx_word' id='word_1_328' title='bbox 1266 3195 1420 3249; x_wconf 84' lang='grc' dir='ltr'><strong>Ρ1Η’.</strong></span> 
     </span>
    </p>
   </div>
   <div class='ocr_carea' id='block_1_51' title="bbox 469 3281 1790 3360">
    <p class='ocr_par' dir='ltr' id='par_1_51' title="bbox 469 3281 1790 3360">
     <span class='ocr_line' id='line_1_51' title="bbox 469 3281 1790 3360; baseline 0.005 -26"><span class='ocrx_word' id='word_1_329' title='bbox 469 3302 490 3334; x_wconf 77' lang='grc' dir='ltr'><strong>ι</strong></span> <span class='ocrx_word' id='word_1_330' title='bbox 526 3282 804 3352; x_wconf 80' lang='grc' dir='ltr'>Μακάριοι</span> <span class='ocrx_word' id='word_1_331' title='bbox 835 3282 884 3336; x_wconf 85' lang='lat' dir='ltr'><strong>0i</strong></span> <span class='ocrx_word' id='word_1_332' title='bbox 911 3281 1300 3355; x_wconf 67' lang='grc' dir='ltr'>ἐξερευνῶντες</span> <span class='ocrx_word' id='word_1_333' title='bbox 1341 3285 1408 3340; x_wconf 84' lang='grc' dir='ltr'>τὰ</span> <span class='ocrx_word' id='word_1_334' title='bbox 1440 3289 1736 3360; x_wconf 90' lang='grc' dir='ltr'>μαρτύρια.</span> <span class='ocrx_word' id='word_1_335' title='bbox 1771 3307 1790 3341; x_wconf 73' lang='grc' dir='ltr'><strong>ι</strong></span> 
     </span>
    </p>
   </div>
   <div class='ocr_carea' id='block_1_52' title="bbox 465 3373 1979 3452">
    <p class='ocr_par' dir='ltr' id='par_1_52' title="bbox 465 3373 1979 3452">
     <span class='ocr_line' id='line_1_52' title="bbox 465 3373 1979 3452; baseline 0.003 -23"><span class='ocrx_word' id='word_1_336' title='bbox 465 3376 530 3429; x_wconf 81' lang='lat' dir='ltr'><strong>Oi</strong></span> <span class='ocrx_word' id='word_1_337' title='bbox 559 3374 826 3447; x_wconf 81' lang='grc' dir='ltr'>δεύτεροι,</span> <span class='ocrx_word' id='word_1_338' title='bbox 858 3373 933 3439; x_wconf 84' lang='grc' dir='ltr'>ὡς</span> <span class='ocrx_word' id='word_1_339' title='bbox 971 3376 1067 3429; x_wconf 74' lang='grc' dir='ltr'><strong>ἐπὶ</strong></span> <span class='ocrx_word' id='word_1_340' title='bbox 1090 3377 1376 3447; x_wconf 87' lang='grc' dir='ltr'>κρείττονα</span> <span class='ocrx_word' id='word_1_341' title='bbox 1411 3379 1506 3432; x_wconf 75' lang='grc' dir='ltr'><strong>καὶ</strong></span> <span class='ocrx_word' id='word_1_342' title='bbox 1535 3380 1808 3452; x_wconf 81' lang='grc' dir='ltr'>ἀνώτερον</span> <span class='ocrx_word' id='word_1_343' title='bbox 1845 3383 1979 3436; x_wconf 86' lang='grc' dir='ltr'>ἀνα-</span> 
     </span>
    </p>
   </div>
   <div class='ocr_carea' id='block_1_53' title="bbox 395 3467 1980 3544">
    <p class='ocr_par' dir='ltr' id='par_1_53' title="bbox 395 3467 1980 3544">
     <span class='ocr_line' id='line_1_53' title="bbox 395 3467 1980 3544; baseline 0.002 -22"><span class='ocrx_word' id='word_1_344' title='bbox 395 3467 670 3532; x_wconf 72' lang='grc' dir='ltr'>ϐαίνοντες</span> <span class='ocrx_word' id='word_1_345' title='bbox 720 3467 950 3539; x_wconf 80' lang='grc' dir='ltr'>βαθμὸν,</span> <span class='ocrx_word' id='word_1_346' title='bbox 982 3467 1162 3534; x_wconf 77' lang='grc' dir='ltr'>ἄλλως</span> <span class='ocrx_word' id='word_1_347' title='bbox 1197 3469 1438 3538; x_wconf 88' lang='grc' dir='ltr'>γίνονται</span> <span class='ocrx_word' id='word_1_348' title='bbox 1468 3473 1753 3544; x_wconf 81' lang='grc' dir='ltr'>μακάριοι,</span> <span class='ocrx_word' id='word_1_349' title='bbox 1783 3473 1872 3527; x_wconf 70' lang='grc' dir='ltr'><strong>διὰ</strong></span> <span class='ocrx_word' id='word_1_350' title='bbox 1920 3473 1980 3527; x_wconf 82' lang='grc' dir='ltr'><strong>τὸ</strong></span> 
     </span>
    </p>
   </div>
   <div class='ocr_carea' id='block_1_54' title="bbox 400 3558 1979 3634">
    <p class='ocr_par' dir='ltr' id='par_1_54' title="bbox 400 3558 1979 3634">
     <span class='ocr_line' id='line_1_54' title="bbox 400 3558 1979 3634; baseline 0.001 -20"><span class='ocrx_word' id='word_1_351' title='bbox 400 3559 478 3631; x_wconf 81' lang='grc' dir='ltr'>μὴ</span> <span class='ocrx_word' id='word_1_352' title='bbox 509 3560 690 3630; x_wconf 57' lang='grc' dir='ltr'>,μόνον</span> <span class='ocrx_word' id='word_1_353' title='bbox 732 3558 1037 3628; x_wconf 74' lang='grc' dir='ltr'>κατορθοῦν</span> <span class='ocrx_word' id='word_1_354' title='bbox 1085 3561 1180 3615; x_wconf 73' lang='grc' dir='ltr'>τὸν</span> <span class='ocrx_word' id='word_1_355' title='bbox 1223 3561 1415 3630; x_wconf 70' lang='grc' dir='ltr'>ἠθικὸν</span> <span class='ocrx_word' id='word_1_356' title='bbox 1452 3563 1684 3632; x_wconf 89' lang='grc' dir='ltr'>τρόπον,</span> <span class='ocrx_word' id='word_1_357' title='bbox 1733 3563 1849 3617; x_wconf 82' lang='grc' dir='ltr'>ἀλλ’</span> <span class='ocrx_word' id='word_1_358' title='bbox 1877 3563 1979 3634; x_wconf 79' lang='grc' dir='ltr'>ήδη</span> 
     </span>
    </p>
   </div>
   <div class='ocr_carea' id='block_1_55' title="bbox 397 3654 1800 3728">
    <p class='ocr_par' dir='ltr' id='par_1_55' title="bbox 397 3654 1800 3728">
     <span class='ocr_line' id='line_1_55' title="bbox 397 3654 1800 3728; baseline 0.001 -18"><span class='ocrx_word' id='word_1_359' title='bbox 397 3658 493 3712; x_wconf 73' lang='grc' dir='ltr'><strong>καὶ</strong></span> <span class='ocrx_word' id='word_1_360' title='bbox 519 3655 811 3726; x_wconf 74' lang='grc' dir='ltr'>ἐξερευνᾷν</span> <span class='ocrx_word' id='word_1_361' title='bbox 838 3654 906 3708; x_wconf 75' lang='grc' dir='ltr'>τὰ</span> <span class='ocrx_word' id='word_1_362' title='bbox 937 3654 1076 3725; x_wconf 83' lang='grc' dir='ltr'>βάθη</span> <span class='ocrx_word' id='word_1_363' title='bbox 1103 3655 1214 3709; x_wconf 85' lang='grc' dir='ltr'>τῶν</span> <span class='ocrx_word' id='word_1_364' title='bbox 1259 3657 1580 3728; x_wconf 83' lang='grc' dir='ltr'>μαρτυρίων</span> <span class='ocrx_word' id='word_1_365' title='bbox 1611 3657 1800 3712; x_wconf 77' lang='grc' dir='ltr'>αὐτοῦ.</span> 
     </span>
    </p>
   </div>
   <div class='ocr_carea' id='block_1_56' title="bbox 475 3746 1803 3818">
    <p class='ocr_par' dir='ltr' id='par_1_56' title="bbox 475 3746 1803 3818">
     <span class='ocr_line' id='line_1_56' title="bbox 475 3746 1803 3818; baseline 0.001 -18"><span class='ocrx_word' id='word_1_366' title='bbox 475 3768 494 3800; x_wconf 80' lang='grc' dir='ltr'><strong>ι</strong></span> <span class='ocrx_word' id='word_1_367' title='bbox 541 3749 630 3801; x_wconf 86' lang='grc' dir='ltr'>Ἐν</span> <span class='ocrx_word' id='word_1_368' title='bbox 659 3747 761 3800; x_wconf 88' lang='grc' dir='ltr'>τίνι</span> <span class='ocrx_word' id='word_1_369' title='bbox 791 3746 1129 3818; x_wconf 80' lang='grc' dir='ltr'>κατορθώσει</span> <span class='ocrx_word' id='word_1_370' title='bbox 1164 3747 1431 3817; x_wconf 85' lang='grc' dir='ltr'>νεώτερος</span> <span class='ocrx_word' id='word_1_371' title='bbox 1453 3748 1552 3817; x_wconf 79' lang='grc' dir='ltr'>τὴν</span> <span class='ocrx_word' id='word_1_372' title='bbox 1582 3747 1702 3801; x_wconf 77' lang='grc' dir='ltr'>ὁδόν</span> <span class='ocrx_word' id='word_1_373' title='bbox 1726 3765 1742 3814; x_wconf 88' lang='grc'>;</span> <span class='ocrx_word' id='word_1_374' title='bbox 1779 3765 1803 3800; x_wconf 77' lang='lat' dir='ltr'><strong>s</strong></span> 
     </span>
    </p>
   </div>
   <div class='ocr_carea' id='block_1_57' title="bbox 471 3831 1984 3907">
    <p class='ocr_par' dir='ltr' id='par_1_57' title="bbox 471 3831 1984 3907">
     <span class='ocr_line' id='line_1_57' title="bbox 471 3831 1984 3907; baseline -0.001 -17"><span class='ocrx_word' id='word_1_375' title='bbox 471 3835 758 3906; x_wconf 84' lang='grc' dir='ltr'>Νεώτερος</span> <span class='ocrx_word' id='word_1_376' title='bbox 783 3837 831 3906; x_wconf 60' lang='grc' dir='ltr'><strong>,ό</strong></span> <span class='ocrx_word' id='word_1_377' title='bbox 869 3835 978 3888; x_wconf 83' lang='grc' dir='ltr'><strong>ἀπὸ</strong></span> <span class='ocrx_word' id='word_1_378' title='bbox 1019 3834 1129 3888; x_wconf 84' lang='grc' dir='ltr'>τῶν</span> <span class='ocrx_word' id='word_1_379' title='bbox 1173 3833 1345 3890; x_wconf 79' lang='grc' dir='ltr'>ἐθνῶν</span> <span class='ocrx_word' id='word_1_380' title='bbox 1371 3834 1521 3899; x_wconf 82' lang='grc' dir='ltr'>λαὸς,</span> <span class='ocrx_word' id='word_1_381' title='bbox 1553 3837 1583 3889; x_wconf 86' lang='grc' dir='ltr'><strong>ὁ</strong></span> <span class='ocrx_word' id='word_1_382' title='bbox 1615 3833 1845 3899; x_wconf 84' lang='grc' dir='ltr'>σκολιῶς</span> <span class='ocrx_word' id='word_1_383' title='bbox 1877 3831 1984 3907; x_wconf 73' lang='grc' dir='ltr'>πρὸ</span> 
     </span>
    </p>
   </div>
   <div class='ocr_carea' id='block_1_58' title="bbox 399 3925 1983 4000">
    <p class='ocr_par' dir='ltr' id='par_1_58' title="bbox 399 3925 1983 4000">
     <span class='ocr_line' id='line_1_58' title="bbox 399 3925 1983 4000; baseline -0.003 -16"><span class='ocrx_word' id='word_1_384' title='bbox 399 3929 496 4000; x_wconf 78' lang='grc' dir='ltr'>τῆς</span> <span class='ocrx_word' id='word_1_385' title='bbox 529 3927 763 3991; x_wconf 84' lang='grc' dir='ltr'>πίστεως</span> <span class='ocrx_word' id='word_1_386' title='bbox 793 3925 1050 3992; x_wconf 81' lang='grc' dir='ltr'>ὁδεύσας,</span> <span class='ocrx_word' id='word_1_387' title='bbox 1083 3927 1142 3981; x_wconf 73' lang='grc' dir='ltr'>ιν</span> <span class='ocrx_word' id='word_1_388' title='bbox 1175 3925 1281 3980; x_wconf 87' lang='grc' dir='ltr'>τίνι</span> <span class='ocrx_word' id='word_1_389' title='bbox 1310 3925 1651 3997; x_wconf 81' lang='grc' dir='ltr'>κατορθώσει</span> <span class='ocrx_word' id='word_1_390' title='bbox 1697 3927 1797 3996; x_wconf 77' lang='grc' dir='ltr'><strong>τὴν</strong></span> <span class='ocrx_word' id='word_1_391' title='bbox 1845 3925 1983 3992; x_wconf 80' lang='grc' dir='ltr'>ὁδὸν,</span> 
     </span>
    </p>
   </div>
   <div class='ocr_carea' id='block_1_59' title="bbox 401 4016 1986 4093">
    <p class='ocr_par' dir='ltr' id='par_1_59' title="bbox 401 4016 1986 4093">
     <span class='ocr_line' id='line_1_59' title="bbox 401 4016 1986 4093; baseline -0.008 -18"><span class='ocrx_word' id='word_1_392' title='bbox 401 4020 436 4093; x_wconf 79' lang='grc' dir='ltr'>ἦ</span> <span class='ocrx_word' id='word_1_393' title='bbox 461 4019 538 4090; x_wconf 83' lang='grc' dir='ltr'><strong>τῷ</strong></span> <span class='ocrx_word' id='word_1_394' title='bbox 571 4017 938 4089; x_wconf 78' lang='grc' dir='ltr'>φυλάσσεσθαι</span> <span class='ocrx_word' id='word_1_395' title='bbox 967 4020 1093 4083; x_wconf 77' lang='grc' dir='ltr'>τοὺς</span> <span class='ocrx_word' id='word_1_396' title='bbox 1114 4017 1307 4088; x_wconf 85' lang='grc' dir='ltr'>λόγους</span> <span class='ocrx_word' id='word_1_397' title='bbox 1327 4017 1424 4072; x_wconf 84' lang='grc' dir='ltr'>τοῦ</span> <span class='ocrx_word' id='word_1_398' title='bbox 1455 4016 1629 4085; x_wconf 80' lang='grc' dir='ltr'>Θεοῦ;</span> <span class='ocrx_word' id='word_1_399' title='bbox 1670 4017 1735 4072; x_wconf 83' lang='lat' dir='ltr'><strong>&#39;ﬂ</strong></span> <span class='ocrx_word' id='word_1_400' title='bbox 1756 4017 1868 4088; x_wconf 80' lang='grc' dir='ltr'>γὰρ</span> <span class='ocrx_word' id='word_1_401' title='bbox 1896 4017 1986 4072; x_wconf 67' lang='grc' dir='ltr'>ἐν..</span> 
     </span>
    </p>
   </div>
   <div class='ocr_carea' id='block_1_60' title="bbox 342 4106 1988 4178">
    <p class='ocr_par' dir='ltr' id='par_1_60' title="bbox 342 4106 1988 4178">
     <span class='ocr_line' id='line_1_60' title="bbox 342 4106 1988 4178; baseline -0.002 -14"><span class='ocrx_word' id='word_1_402' title='bbox 342 4137 349 4143; x_wconf 89' lang='grc'><strong><em>-</em></strong></span> <span class='ocrx_word' id='word_1_403' title='bbox 405 4126 525 4164; x_wconf 92' lang='grc' dir='ltr'>νοια</span> <span class='ocrx_word' id='word_1_404' title='bbox 552 4106 647 4162; x_wconf 82' lang='grc' dir='ltr'>τοῦ</span> <span class='ocrx_word' id='word_1_405' title='bbox 680 4107 825 4160; x_wconf 83' lang='grc' dir='ltr'>Θείου</span> <span class='ocrx_word' id='word_1_406' title='bbox 852 4107 1022 4178; x_wconf 83' lang='grc' dir='ltr'>νόμου</span> <span class='ocrx_word' id='word_1_407' title='bbox 1050 4106 1360 4178; x_wconf 84' lang='grc' dir='ltr'>καθαρτικὴ</span> <span class='ocrx_word' id='word_1_408' title='bbox 1391 4106 1486 4162; x_wconf 75' lang='grc' dir='ltr'><strong>καὶ</strong></span> <span class='ocrx_word' id='word_1_409' title='bbox 1517 4107 1826 4178; x_wconf 81' lang='grc' dir='ltr'>φυλακτικὴ</span> <span class='ocrx_word' id='word_1_410' title='bbox 1856 4107 1988 4160; x_wconf 84' lang='grc' dir='ltr'>πάν-</span> 
     </span>
    </p>
   </div>
   <div class='ocr_carea' id='block_1_61' title="bbox 406 4196 1989 4268">
    <p class='ocr_par' dir='ltr' id='par_1_61' title="bbox 406 4196 1989 4268">
     <span class='ocr_line' id='line_1_61' title="bbox 406 4196 1989 4268; baseline -0.001 -14"><span class='ocrx_word' id='word_1_411' title='bbox 406 4218 515 4255; x_wconf 88' lang='grc' dir='ltr'><strong>των</strong></span> <span class='ocrx_word' id='word_1_412' title='bbox 560 4199 697 4257; x_wconf 75' lang='grc' dir='ltr'>ἐστί.</span> <span class='ocrx_word' id='word_1_413' title='bbox 747 4197 845 4266; x_wconf 83' lang='grc' dir='ltr'><strong>Τὸ,</strong></span> <span class='ocrx_word' id='word_1_414' title='bbox 892 4200 996 4254; x_wconf 80' lang='grc' dir='ltr'><strong>Ἐν</strong></span> <span class='ocrx_word' id='word_1_415' title='bbox 1032 4199 1152 4254; x_wconf 79' lang='grc' dir='ltr'>τίνι</span> <span class='ocrx_word' id='word_1_416' title='bbox 1202 4197 1258 4252; x_wconf 79' lang='grc' dir='ltr'><strong>δὲ</strong></span> <span class='ocrx_word' id='word_1_417' title='bbox 1297 4196 1664 4266; x_wconf 82' lang='grc' dir='ltr'>κατορθώσει</span> <span class='ocrx_word' id='word_1_418' title='bbox 1702 4198 1989 4268; x_wconf 79' lang='grc' dir='ltr'>νεώτερος</span> 
     </span>
    </p>
   </div>
   <div class='ocr_carea' id='block_1_62' title="bbox 407 4289 1988 4363">
    <p class='ocr_par' dir='ltr' id='par_1_62' title="bbox 407 4289 1988 4363">
     <span class='ocr_line' id='line_1_62' title="bbox 407 4289 1988 4363; baseline -0.003 -15"><span class='ocrx_word' id='word_1_419' title='bbox 407 4292 523 4362; x_wconf 76' lang='grc' dir='ltr'><strong>τὴν</strong></span> <span class='ocrx_word' id='word_1_420' title='bbox 554 4291 699 4346; x_wconf 79' lang='grc' dir='ltr'><strong>ὁδὸν</strong></span> <span class='ocrx_word' id='word_1_421' title='bbox 732 4291 957 4357; x_wconf 63' lang='lat' dir='ltr'><strong>autcf);</strong></span> <span class='ocrx_word' id='word_1_422' title='bbox 1011 4293 1041 4346; x_wconf 86' lang='grc' dir='ltr'><strong>ό</strong></span> <span class='ocrx_word' id='word_1_423' title='bbox 1093 4291 1391 4362; x_wconf 83' lang='grc' dir='ltr'>Σύμμαχος</span> <span class='ocrx_word' id='word_1_424' title='bbox 1431 4289 1621 4344; x_wconf 79' lang='grc' dir='ltr'>τοῦτον</span> <span class='ocrx_word' id='word_1_425' title='bbox 1673 4291 1988 4363; x_wconf 78' lang='grc' dir='ltr'>ἡρμήνευσε</span> 
     </span>
    </p>
   </div>
   <div class='ocr_carea' id='block_1_63' title="bbox 408 4382 1990 4457">
    <p class='ocr_par' dir='ltr' id='par_1_63' title="bbox 408 4382 1990 4457">
     <span class='ocr_line' id='line_1_63' title="bbox 408 4382 1990 4457; baseline 0 -19"><span class='ocrx_word' id='word_1_426' title='bbox 408 4385 501 4440; x_wconf 82' lang='grc' dir='ltr'><strong>τὸν</strong></span> <span class='ocrx_word' id='word_1_427' title='bbox 543 4385 746 4457; x_wconf 88' lang='grc' dir='ltr'>τρόπον</span> <span class='ocrx_word' id='word_1_428' title='bbox 768 4402 783 4418; x_wconf 76' lang='grc' dir='ltr'><strong><em>ο</em></strong></span> <span class='ocrx_word' id='word_1_429' title='bbox 809 4383 914 4439; x_wconf 83' lang='grc' dir='ltr'><strong>Διὰ</strong></span> <span class='ocrx_word' id='word_1_430' title='bbox 944 4384 1108 4450; x_wconf 80' lang='grc' dir='ltr'>τινος</span> <span class='ocrx_word' id='word_1_431' title='bbox 1144 4382 1488 4454; x_wconf 74' lang='grc' dir='ltr'>λαμπρυνεῖ</span> <span class='ocrx_word' id='word_1_432' title='bbox 1521 4383 1660 4451; x_wconf 78' lang='grc' dir='ltr'>νέος</span> <span class='ocrx_word' id='word_1_433' title='bbox 1696 4382 1813 4452; x_wconf 78' lang='grc' dir='ltr'><strong>τὴν</strong></span> <span class='ocrx_word' id='word_1_434' title='bbox 1845 4383 1990 4438; x_wconf 80' lang='grc' dir='ltr'><strong>ὁδὸν</strong></span> 
     </span>
    </p>
   </div>
   <div class='ocr_carea' id='block_1_64' title="bbox 1998 3139 2047 3204">
    <p class='ocr_par' dir='ltr' id='par_1_64' title="bbox 1998 3139 2047 3204">
     <span class='ocr_line' id='line_1_64' title="bbox 1998 3139 2047 3204; baseline 0 0"><span class='ocrx_word' id='word_1_435' title='bbox 1998 3139 2047 3204; x_wconf 87' lang='lat' dir='ltr'><strong>C</strong></span> 
     </span>
    </p>
   </div>
   <div class='ocr_carea' id='block_1_65' title="bbox 2063 1918 3647 1990">
    <p class='ocr_par' dir='ltr' id='par_1_65' title="bbox 2063 1918 3647 1990">
     <span class='ocr_line' id='line_1_65' title="bbox 2063 1918 3647 1990; baseline -0.001 -18"><span class='ocrx_word' id='word_1_436' title='bbox 2063 1918 2209 1989; x_wconf 90' lang='lat' dir='ltr'><strong>quod</strong></span> <span class='ocrx_word' id='word_1_437' title='bbox 2239 1918 2632 1974; x_wconf 86' lang='lat' dir='ltr'><strong>condensatum</strong></span> <span class='ocrx_word' id='word_1_438' title='bbox 2678 1927 2782 1985; x_wconf 90' lang='lat' dir='ltr'><strong>est,</strong></span> <span class='ocrx_word' id='word_1_439' title='bbox 2816 1919 2873 1973; x_wconf 91' lang='lat' dir='ltr'><strong>hi</strong></span> <span class='ocrx_word' id='word_1_440' title='bbox 2903 1933 3124 1990; x_wconf 91' lang='lat' dir='ltr'><strong>quoque</strong></span> <span class='ocrx_word' id='word_1_441' title='bbox 3171 1918 3268 1988; x_wconf 91' lang='lat' dir='ltr'><strong>qui</strong></span> <span class='ocrx_word' id='word_1_442' title='bbox 3312 1934 3342 1972; x_wconf 90' lang='lat' dir='ltr'><strong>a</strong></span> <span class='ocrx_word' id='word_1_443' title='bbox 3391 1932 3647 1972; x_wconf 87' lang='lat' dir='ltr'><strong>sermone</strong></span> 
     </span>
    </p>
   </div>
   <div class='ocr_carea' id='block_1_66' title="bbox 2064 2009 3317 2080">
    <p class='ocr_par' dir='ltr' id='par_1_66' title="bbox 2064 2009 3317 2080">
     <span class='ocr_line' id='line_1_66' title="bbox 2064 2009 3317 2080; baseline 0 -17"><span class='ocrx_word' id='word_1_444' title='bbox 2064 2019 2255 2066; x_wconf 83' lang='lat' dir='ltr'><strong>nostro</strong></span> <span class='ocrx_word' id='word_1_445' title='bbox 2283 2009 2528 2065; x_wconf 83' lang='lat' dir='ltr'><strong>extranei</strong></span> <span class='ocrx_word' id='word_1_446' title='bbox 2559 2017 2688 2065; x_wconf 91' lang='lat' dir='ltr'><strong>sunt</strong></span> <span class='ocrx_word' id='word_1_447' title='bbox 2711 2011 3077 2080; x_wconf 86' lang='lat' dir='ltr'><strong>constipatum</strong></span> <span class='ocrx_word' id='word_1_448' title='bbox 3100 2021 3317 2066; x_wconf 87' lang='lat' dir='ltr'><strong>vocant.</strong></span> 
     </span>
    </p>
   </div>
   <div class='ocr_carea' id='block_1_67' title="bbox 2136 2099 3642 2168">
    <p class='ocr_par' dir='ltr' id='par_1_67' title="bbox 2136 2099 3642 2168">
     <span class='ocr_line' id='line_1_67' title="bbox 2136 2099 3642 2168; baseline -0.003 -14"><span class='ocrx_word' id='word_1_449' title='bbox 2136 2099 2302 2156; x_wconf 76' lang='lat' dir='ltr'><strong>Vens.</strong></span> <span class='ocrx_word' id='word_1_450' title='bbox 2330 2101 2451 2156; x_wconf 59' lang='lat'><strong>28.:</strong></span> <span class='ocrx_word' id='word_1_451' title='bbox 2487 2099 2633 2156; x_wconf 89' lang='lat' dir='ltr'><strong>Deus</strong></span> <span class='ocrx_word' id='word_1_452' title='bbox 2663 2115 2820 2157; x_wconf 89' lang='lat' dir='ltr'><strong>meus</strong></span> <span class='ocrx_word' id='word_1_453' title='bbox 2853 2117 2912 2156; x_wconf 87' lang='lat' dir='ltr'><strong>es</strong></span> <span class='ocrx_word' id='word_1_454' title='bbox 2937 2110 3018 2168; x_wconf 89' lang='lat' dir='ltr'><strong>tu,</strong></span> <span class='ocrx_word' id='word_1_455' title='bbox 3049 2110 3106 2157; x_wconf 90' lang='lat' dir='ltr'><strong>et</strong></span> <span class='ocrx_word' id='word_1_456' title='bbox 3139 2100 3440 2157; x_wconf 91' lang='lat' dir='ltr'><strong>conﬁtebor</strong></span> <span class='ocrx_word' id='word_1_457' title='bbox 3468 2099 3586 2155; x_wconf 90' lang='lat' dir='ltr'><strong>tibi.</strong></span> <span class='ocrx_word' id='word_1_458' title='bbox 3621 2116 3642 2150; x_wconf 74' lang='grc' dir='ltr'><strong>ι</strong></span> 
     </span>
    </p>
   </div>
   <div class='ocr_carea' id='block_1_68' title="bbox 2135 2191 3649 2263">
    <p class='ocr_par' dir='ltr' id='par_1_68' title="bbox 2135 2191 3649 2263">
     <span class='ocr_line' id='line_1_68' title="bbox 2135 2191 3649 2263; baseline -0.003 -14"><span class='ocrx_word' id='word_1_459' title='bbox 2135 2191 2234 2249; x_wconf 89' lang='lat' dir='ltr'><strong>Cui</strong></span> <span class='ocrx_word' id='word_1_460' title='bbox 2275 2207 2442 2263; x_wconf 90' lang='lat' dir='ltr'><strong>porro</strong></span> <span class='ocrx_word' id='word_1_461' title='bbox 2491 2193 2608 2248; x_wconf 58' lang='lat' dir='ltr'><strong>haec</strong></span> <span class='ocrx_word' id='word_1_462' title='bbox 2655 2194 2808 2258; x_wconf 90' lang='lat' dir='ltr'><strong>dicit,</strong></span> <span class='ocrx_word' id='word_1_463' title='bbox 2846 2194 2954 2247; x_wconf 88' lang='lat' dir='ltr'><strong>nisi</strong></span> <span class='ocrx_word' id='word_1_464' title='bbox 2991 2193 3222 2250; x_wconf 89' lang='lat' dir='ltr'><strong>Domino</strong></span> <span class='ocrx_word' id='word_1_465' title='bbox 3261 2191 3514 2262; x_wconf 85' lang='lat' dir='ltr'><strong>superius</strong></span> <span class='ocrx_word' id='word_1_466' title='bbox 3553 2191 3649 2246; x_wconf 88' lang='lat' dir='ltr'><strong>dc-</strong></span> 
     </span>
    </p>
   </div>
   <div class='ocr_carea' id='block_1_69' title="bbox 2067 2284 3650 2356">
    <p class='ocr_par' dir='ltr' id='par_1_69' title="bbox 2067 2284 3650 2356">
     <span class='ocr_line' id='line_1_69' title="bbox 2067 2284 3650 2356; baseline -0.005 -14"><span class='ocrx_word' id='word_1_467' title='bbox 2067 2285 2303 2342; x_wconf 91' lang='lat' dir='ltr'><strong>clarato?</strong></span> <span class='ocrx_word' id='word_1_468' title='bbox 2331 2285 2423 2356; x_wconf 92' lang='lat' dir='ltr'><strong>qui</strong></span> <span class='ocrx_word' id='word_1_469' title='bbox 2471 2285 2540 2340; x_wconf 92' lang='lat' dir='ltr'><strong>de</strong></span> <span class='ocrx_word' id='word_1_470' title='bbox 2586 2285 2940 2340; x_wconf 88' lang='lat' dir='ltr'><strong>tribulatione</strong></span> <span class='ocrx_word' id='word_1_471' title='bbox 2986 2285 3162 2355; x_wconf 91' lang='lat' dir='ltr'><strong>ipsum</strong></span> <span class='ocrx_word' id='word_1_472' title='bbox 3214 2284 3560 2346; x_wconf 86' lang='lat' dir='ltr'><strong>liberaverat,</strong></span> <span class='ocrx_word' id='word_1_473' title='bbox 3593 2289 3650 2334; x_wconf 89' lang='lat' dir='ltr'><strong>et</strong></span> 
     </span>
    </p>
   </div>
   <div class='ocr_carea' id='block_1_70' title="bbox 2067 2374 3649 2446">
    <p class='ocr_par' dir='ltr' id='par_1_70' title="bbox 2067 2374 3649 2446">
     <span class='ocr_line' id='line_1_70' title="bbox 2067 2374 3649 2446; baseline -0.006 -14"><span class='ocrx_word' id='word_1_474' title='bbox 2067 2377 2320 2433; x_wconf 89' lang='lat' dir='ltr'><strong>inimicos</strong></span> <span class='ocrx_word' id='word_1_475' title='bbox 2363 2377 2486 2446; x_wconf 87' lang='lat' dir='ltr'><strong>ejus</strong></span> <span class='ocrx_word' id='word_1_476' title='bbox 2534 2377 2960 2432; x_wconf 88' lang='lat' dir='ltr'><strong>humiliaverat:</strong></span> <span class='ocrx_word' id='word_1_477' title='bbox 3013 2377 3108 2445; x_wconf 92' lang='lat' dir='ltr'><strong>qui</strong></span> <span class='ocrx_word' id='word_1_478' title='bbox 3159 2374 3393 2445; x_wconf 88' lang='lat' dir='ltr'><strong>lapidem</strong></span> <span class='ocrx_word' id='word_1_479' title='bbox 3429 2384 3649 2441; x_wconf 89' lang='lat' dir='ltr'><strong>quoque</strong></span> 
     </span>
    </p>
   </div>
   <div class='ocr_carea' id='block_1_71' title="bbox 2067 2463 3650 2538">
    <p class='ocr_par' dir='ltr' id='par_1_71' title="bbox 2067 2463 3650 2538">
     <span class='ocr_line' id='line_1_71' title="bbox 2067 2463 3650 2538; baseline -0.007 -12"><span class='ocrx_word' id='word_1_480' title='bbox 2067 2471 2136 2526; x_wconf 89' lang='lat' dir='ltr'><strong>ab</strong></span> <span class='ocrx_word' id='word_1_481' title='bbox 2169 2469 2566 2527; x_wconf 72' lang='lat' dir='ltr'><strong>azdiﬁcantibus</strong></span> <span class='ocrx_word' id='word_1_482' title='bbox 2617 2468 2970 2538; x_wconf 86' lang='lat' dir='ltr'><strong>reprobatum</strong></span> <span class='ocrx_word' id='word_1_483' title='bbox 2998 2467 3277 2531; x_wconf 78' lang='lat' dir='ltr'><strong>exaltavit,</strong></span> <span class='ocrx_word' id='word_1_484' title='bbox 3303 2464 3396 2535; x_wconf 91' lang='lat' dir='ltr'><strong>qui</strong></span> <span class='ocrx_word' id='word_1_485' title='bbox 3426 2473 3482 2518; x_wconf 91' lang='lat' dir='ltr'><strong>et</strong></span> <span class='ocrx_word' id='word_1_486' title='bbox 3505 2463 3650 2518; x_wconf 86' lang='lat' dir='ltr'><strong>bene</strong></span> 
     </span>
    </p>
   </div>
   <div class='ocr_carea' id='block_1_72' title="bbox 2065 2556 3401 2634">
    <p class='ocr_par' dir='ltr' id='par_1_72' title="bbox 2065 2556 3401 2634">
     <span class='ocr_line' id='line_1_72' title="bbox 2065 2556 3401 2634; baseline -0.005 -18"><span class='ocrx_word' id='word_1_487' title='bbox 2065 2561 2431 2634; x_wconf 86' lang='lat' dir='ltr'><strong>prosperavit,</strong></span> <span class='ocrx_word' id='word_1_488' title='bbox 2461 2567 2516 2616; x_wconf 90' lang='lat' dir='ltr'><strong>et</strong></span> <span class='ocrx_word' id='word_1_489' title='bbox 2547 2559 2785 2616; x_wconf 81' lang='lat' dir='ltr'><strong>servavit</strong></span> <span class='ocrx_word' id='word_1_490' title='bbox 2810 2559 3097 2615; x_wconf 89' lang='lat' dir='ltr'><strong>credentes</strong></span> <span class='ocrx_word' id='word_1_491' title='bbox 3117 2556 3174 2611; x_wconf 92' lang='lat' dir='ltr'><strong>in</strong></span> <span class='ocrx_word' id='word_1_492' title='bbox 3200 2556 3401 2627; x_wconf 89' lang='lat' dir='ltr'><strong>ipsum.</strong></span> 
     </span>
    </p>
   </div>
   <div class='ocr_carea' id='block_1_73' title="bbox 2141 2733 3646 2806">
    <p class='ocr_par' dir='ltr' id='par_1_73' title="bbox 2141 2733 3646 2806">
     <span class='ocr_line' id='line_1_73' title="bbox 2141 2733 3646 2806; baseline -0.011 -6"><span class='ocrx_word' id='word_1_493' title='bbox 2141 2746 2308 2802; x_wconf 77' lang='lat' dir='ltr'><strong>Vens.</strong></span> <span class='ocrx_word' id='word_1_494' title='bbox 2332 2745 2424 2800; x_wconf 75' lang='lat'><strong>29.</strong></span> <span class='ocrx_word' id='word_1_495' title='bbox 2451 2762 2469 2796; x_wconf 80' lang='grc' dir='ltr'><strong>ι</strong></span> <span class='ocrx_word' id='word_1_496' title='bbox 2500 2740 2851 2800; x_wconf 87' lang='lat' dir='ltr'><strong>Conﬁtemini</strong></span> <span class='ocrx_word' id='word_1_497' title='bbox 2874 2737 3113 2795; x_wconf 91' lang='lat' dir='ltr'><strong>Domino</strong></span> <span class='ocrx_word' id='word_1_498' title='bbox 3134 2733 3394 2806; x_wconf 88' lang='lat' dir='ltr'><strong>quoniam</strong></span> <span class='ocrx_word' id='word_1_499' title='bbox 3413 2733 3611 2788; x_wconf 89' lang='lat' dir='ltr'><strong>bonus.</strong></span> <span class='ocrx_word' id='word_1_500' title='bbox 3627 2748 3646 2782; x_wconf 76' lang='grc' dir='ltr'><strong>ι</strong></span> 
     </span>
    </p>
   </div>
   <div class='ocr_carea' id='block_1_74' title="bbox 2140 2825 3658 2907">
    <p class='ocr_par' dir='ltr' id='par_1_74' title="bbox 2140 2825 3658 2907">
     <span class='ocr_line' id='line_1_74' title="bbox 2140 2825 3658 2907; baseline -0.014 -9"><span class='ocrx_word' id='word_1_501' title='bbox 2140 2838 2300 2898; x_wconf 86' lang='lat' dir='ltr'><strong>Unde</strong></span> <span class='ocrx_word' id='word_1_502' title='bbox 2343 2835 2618 2907; x_wconf 86' lang='lat' dir='ltr'><strong>Propheta</strong></span> <span class='ocrx_word' id='word_1_503' title='bbox 2683 2833 2850 2904; x_wconf 86' lang='lat' dir='ltr'><strong>hujus</strong></span> <span class='ocrx_word' id='word_1_504' title='bbox 2896 2828 3089 2900; x_wconf 87' lang='lat' dir='ltr'><strong>psalmi</strong></span> <span class='ocrx_word' id='word_1_505' title='bbox 3141 2825 3436 2882; x_wconf 83' lang='lat' dir='ltr'><strong>melodiant</strong></span> <span class='ocrx_word' id='word_1_506' title='bbox 3496 2837 3658 2878; x_wconf 87' lang='lat' dir='ltr'><strong>orsus</strong></span> 
     </span>
    </p>
   </div>
   <div class='ocr_carea' id='block_1_75' title="bbox 2071 2916 3660 2998">
    <p class='ocr_par' dir='ltr' id='par_1_75' title="bbox 2071 2916 3660 2998">
     <span class='ocr_line' id='line_1_75' title="bbox 2071 2916 3660 2998; baseline -0.013 -9"><span class='ocrx_word' id='word_1_507' title='bbox 2071 2934 2271 2998; x_wconf 78' lang='lat' dir='ltr'><strong>fuerat,</strong></span> <span class='ocrx_word' id='word_1_508' title='bbox 2325 2929 2624 2986; x_wconf 90' lang='lat' dir='ltr'><strong>identidem</strong></span> <span class='ocrx_word' id='word_1_509' title='bbox 2656 2939 2876 2996; x_wconf 88' lang='lat' dir='ltr'><strong>quoque</strong></span> <span class='ocrx_word' id='word_1_510' title='bbox 2925 2922 3004 2977; x_wconf 89' lang='lat' dir='ltr'><strong>illi</strong></span> <span class='ocrx_word' id='word_1_511' title='bbox 3053 2920 3217 2975; x_wconf 91' lang='lat' dir='ltr'><strong>ﬁnem</strong></span> <span class='ocrx_word' id='word_1_512' title='bbox 3267 2916 3552 2988; x_wconf 86' lang='lat' dir='ltr'><strong>imposuit,</strong></span> <span class='ocrx_word' id='word_1_513' title='bbox 3598 2924 3660 2970; x_wconf 89' lang='lat' dir='ltr'><strong>ut</strong></span> 
     </span>
    </p>
   </div>
   <div class='ocr_carea' id='block_1_76' title="bbox 2072 3011 3473 3093">
    <p class='ocr_par' dir='ltr' id='par_1_76' title="bbox 2072 3011 3473 3093">
     <span class='ocr_line' id='line_1_76' title="bbox 2072 3011 3473 3093; baseline -0.016 -8"><span class='ocrx_word' id='word_1_514' title='bbox 2072 3023 2474 3085; x_wconf 71' lang='lat' dir='ltr'><strong>confessionem</strong></span> <span class='ocrx_word' id='word_1_515' title='bbox 2504 3036 2604 3093; x_wconf 82' lang='lat' dir='ltr'><strong>per</strong></span> <span class='ocrx_word' id='word_1_516' title='bbox 2625 3032 2848 3076; x_wconf 87' lang='lat' dir='ltr'><strong>omnem</strong></span> <span class='ocrx_word' id='word_1_517' title='bbox 2875 3015 3043 3072; x_wconf 88' lang='lat' dir='ltr'><strong>vitam</strong></span> <span class='ocrx_word' id='word_1_518' title='bbox 3073 3011 3473 3068; x_wconf 86' lang='lat' dir='ltr'><strong>custodiamus.</strong></span> 
     </span>
    </p>
   </div>
   <div class='ocr_carea' id='block_1_77' title="bbox 2567 3189 3160 3254">
    <p class='ocr_par' dir='ltr' id='par_1_77' title="bbox 2567 3189 3160 3254">
     <span class='ocr_line' id='line_1_77' title="bbox 2567 3189 3160 3254; baseline -0.015 0"><span class='ocrx_word' id='word_1_519' title='bbox 2567 3195 2888 3254; x_wconf 74' lang='lat' dir='ltr'><strong>PSALMUS</strong></span> <span class='ocrx_word' id='word_1_520' title='bbox 2927 3189 3160 3251; x_wconf 76' lang='lat' dir='ltr'><strong>CXVIII.</strong></span> 
     </span>
    </p>
   </div>
   <div class='ocr_carea' id='block_1_78' title="bbox 2148 3279 3528 3358">
    <p class='ocr_par' dir='ltr' id='par_1_78' title="bbox 2148 3279 3528 3358">
     <span class='ocr_line' id='line_1_78' title="bbox 2148 3279 3528 3358; baseline -0.017 -5"><span class='ocrx_word' id='word_1_521' title='bbox 2148 3296 2313 3352; x_wconf 74' lang='lat' dir='ltr'><strong>Vens.</strong></span> <span class='ocrx_word' id='word_1_522' title='bbox 2349 3293 2406 3348; x_wconf 75' lang='lat'><strong>2.</strong></span> <span class='ocrx_word' id='word_1_523' title='bbox 2444 3309 2463 3344; x_wconf 73' lang='grc' dir='ltr'><strong>ι</strong></span> <span class='ocrx_word' id='word_1_524' title='bbox 2496 3289 2648 3346; x_wconf 85' lang='lat' dir='ltr'><strong>Beati</strong></span> <span class='ocrx_word' id='word_1_525' title='bbox 2669 3287 2764 3358; x_wconf 89' lang='lat' dir='ltr'><strong>qui</strong></span> <span class='ocrx_word' id='word_1_526' title='bbox 2792 3291 3114 3343; x_wconf 86' lang='lat' dir='ltr'><strong>scrutantur</strong></span> <span class='ocrx_word' id='word_1_527' title='bbox 3135 3279 3473 3338; x_wconf 88' lang='lat' dir='ltr'><strong>testimonia.</strong></span> <span class='ocrx_word' id='word_1_528' title='bbox 3508 3294 3528 3329; x_wconf 72' lang='grc' dir='ltr'><strong>ι</strong></span> 
     </span>
    </p>
   </div>
   <div class='ocr_carea' id='block_1_79' title="bbox 2151 3364 3664 3450">
    <p class='ocr_par' dir='ltr' id='par_1_79' title="bbox 2151 3364 3664 3450">
     <span class='ocr_line' id='line_1_79' title="bbox 2151 3364 3664 3450; baseline -0.014 -9"><span class='ocrx_word' id='word_1_529' title='bbox 2151 3381 2392 3440; x_wconf 87' lang='lat' dir='ltr'><strong>Secundi</strong></span> <span class='ocrx_word' id='word_1_530' title='bbox 2425 3388 2682 3450; x_wconf 89' lang='lat' dir='ltr'><strong>tanquam</strong></span> <span class='ocrx_word' id='word_1_531' title='bbox 2715 3376 2785 3432; x_wconf 88' lang='lat' dir='ltr'><strong>ad</strong></span> <span class='ocrx_word' id='word_1_532' title='bbox 2818 3373 3260 3446; x_wconf 63' lang='lat' dir='ltr'><strong>praestantiorem</strong></span> <span class='ocrx_word' id='word_1_533' title='bbox 3292 3377 3349 3425; x_wconf 91' lang='lat' dir='ltr'><strong>et</strong></span> <span class='ocrx_word' id='word_1_534' title='bbox 3377 3364 3664 3423; x_wconf 85' lang='lat' dir='ltr'><strong>sublimio-</strong></span> 
     </span>
    </p>
   </div>
   <div class='ocr_carea' id='block_1_80' title="bbox 2079 3457 3664 3547">
    <p class='ocr_par' dir='ltr' id='par_1_80' title="bbox 2079 3457 3664 3547">
     <span class='ocr_line' id='line_1_80' title="bbox 2079 3457 3664 3547; baseline -0.016 -13"><span class='ocrx_word' id='word_1_535' title='bbox 2079 3491 2197 3533; x_wconf 89' lang='lat' dir='ltr'><strong>rem</strong></span> <span class='ocrx_word' id='word_1_536' title='bbox 2223 3473 2451 3547; x_wconf 89' lang='lat' dir='ltr'><strong>gradum</strong></span> <span class='ocrx_word' id='word_1_537' title='bbox 2479 3468 2845 3526; x_wconf 82' lang='lat' dir='ltr'><strong>ascendentes</strong></span> <span class='ocrx_word' id='word_1_538' title='bbox 2873 3465 3034 3520; x_wconf 87' lang='lat' dir='ltr'><strong>aliter</strong></span> <span class='ocrx_word' id='word_1_539' title='bbox 3055 3461 3201 3518; x_wconf 85' lang='lat' dir='ltr'><strong>beati</strong></span> <span class='ocrx_word' id='word_1_540' title='bbox 3223 3460 3379 3525; x_wconf 90' lang='lat' dir='ltr'><strong>ﬁunt,</strong></span> <span class='ocrx_word' id='word_1_541' title='bbox 3397 3457 3524 3529; x_wconf 90' lang='lat' dir='ltr'><strong>quia</strong></span> <span class='ocrx_word' id='word_1_542' title='bbox 3549 3471 3664 3510; x_wconf 87' lang='lat' dir='ltr'><strong>non</strong></span> 
     </span>
    </p>
   </div>
   <div class='ocr_carea' id='block_1_81' title="bbox 2080 3547 3662 3625">
    <p class='ocr_par' dir='ltr' id='par_1_81' title="bbox 2080 3547 3662 3625">
     <span class='ocr_line' id='line_1_81' title="bbox 2080 3547 3662 3625; baseline -0.015 -1"><span class='ocrx_word' id='word_1_543' title='bbox 2080 3569 2257 3625; x_wconf 87' lang='lat' dir='ltr'><strong>solum</strong></span> <span class='ocrx_word' id='word_1_544' title='bbox 2304 3563 2568 3620; x_wconf 89' lang='lat' dir='ltr'><strong>moralem</strong></span> <span class='ocrx_word' id='word_1_545' title='bbox 2613 3559 2834 3616; x_wconf 91' lang='lat' dir='ltr'><strong>modum</strong></span> <span class='ocrx_word' id='word_1_546' title='bbox 2885 3564 3035 3612; x_wconf 90' lang='lat' dir='ltr'><strong>recte</strong></span> <span class='ocrx_word' id='word_1_547' title='bbox 3084 3559 3330 3616; x_wconf 85' lang='lat' dir='ltr'><strong>teneant,</strong></span> <span class='ocrx_word' id='word_1_548' title='bbox 3361 3548 3458 3604; x_wconf 90' lang='lat' dir='ltr'><strong>sed</strong></span> <span class='ocrx_word' id='word_1_549' title='bbox 3495 3547 3662 3602; x_wconf 88' lang='lat' dir='ltr'><strong>etiam</strong></span> 
     </span>
    </p>
   </div>
   <div class='ocr_carea' id='block_1_82' title="bbox 2082 3646 3287 3722">
    <p class='ocr_par' dir='ltr' id='par_1_82' title="bbox 2082 3646 3287 3722">
     <span class='ocr_line' id='line_1_82' title="bbox 2082 3646 3287 3722; baseline -0.017 -7"><span class='ocrx_word' id='word_1_550' title='bbox 2082 3657 2520 3715; x_wconf 85' lang='lat' dir='ltr'><strong>testimoniorum</strong></span> <span class='ocrx_word' id='word_1_551' title='bbox 2549 3652 2673 3722; x_wconf 84' lang='lat' dir='ltr'><strong>ejus</strong></span> <span class='ocrx_word' id='word_1_552' title='bbox 2699 3648 2971 3721; x_wconf 80' lang='lat' dir='ltr'><strong>profunda</strong></span> <span class='ocrx_word' id='word_1_553' title='bbox 2998 3646 3287 3700; x_wconf 82' lang='lat' dir='ltr'><strong>rimentur.</strong></span> 
     </span>
    </p>
   </div>
   <div class='ocr_carea' id='block_1_83' title="bbox 2147 3727 3659 3812">
    <p class='ocr_par' dir='ltr' id='par_1_83' title="bbox 2147 3727 3659 3812">
     <span class='ocr_line' id='line_1_83' title="bbox 2147 3727 3659 3812; baseline -0.015 -9"><span class='ocrx_word' id='word_1_554' title='bbox 2147 3747 2312 3803; x_wconf 73' lang='lat' dir='ltr'><strong>Vens.</strong></span> <span class='ocrx_word' id='word_1_555' title='bbox 2345 3745 2398 3800; x_wconf 84' lang='lat'><strong>9.</strong></span> <span class='ocrx_word' id='word_1_556' title='bbox 2434 3763 2453 3795; x_wconf 82' lang='grc'><em>‹</em></span> <span class='ocrx_word' id='word_1_557' title='bbox 2485 3742 2548 3797; x_wconf 82' lang='lat' dir='ltr'><strong>In</strong></span> <span class='ocrx_word' id='word_1_558' title='bbox 2573 3755 2684 3812; x_wconf 88' lang='lat' dir='ltr'><strong>quo</strong></span> <span class='ocrx_word' id='word_1_559' title='bbox 2709 3740 2950 3810; x_wconf 76' lang='lat' dir='ltr'><strong>corriget</strong></span> <span class='ocrx_word' id='word_1_560' title='bbox 2979 3731 3382 3790; x_wconf 86' lang='lat' dir='ltr'><strong>adolescentior</strong></span> <span class='ocrx_word' id='word_1_561' title='bbox 3407 3728 3548 3786; x_wconf 81' lang='lat' dir='ltr'><strong>viam</strong></span> <span class='ocrx_word' id='word_1_562' title='bbox 3573 3727 3604 3782; x_wconf 62' lang='grc' dir='ltr'><em>ἲ</em></span> <span class='ocrx_word' id='word_1_563' title='bbox 3637 3745 3659 3780; x_wconf 75' lang='grc' dir='ltr'><strong>ι</strong></span> 
     </span>
    </p>
   </div>
   <div class='ocr_carea' id='block_1_84' title="bbox 2152 3821 3666 3900">
    <p class='ocr_par' dir='ltr' id='par_1_84' title="bbox 2152 3821 3666 3900">
     <span class='ocr_line' id='line_1_84' title="bbox 2152 3821 3666 3900; baseline -0.015 -6"><span class='ocrx_word' id='word_1_564' title='bbox 2152 3833 2570 3894; x_wconf 79' lang='lat' dir='ltr'><strong>Adulescentior</strong></span> <span class='ocrx_word' id='word_1_565' title='bbox 2613 3831 2706 3886; x_wconf 88' lang='lat' dir='ltr'><strong>ille</strong></span> <span class='ocrx_word' id='word_1_566' title='bbox 2747 3829 2985 3900; x_wconf 82' lang='lat' dir='ltr'><strong>populus</strong></span> <span class='ocrx_word' id='word_1_567' title='bbox 3009 3841 3076 3882; x_wconf 80' lang='lat' dir='ltr'><strong>ex</strong></span> <span class='ocrx_word' id='word_1_568' title='bbox 3112 3823 3388 3898; x_wconf 87' lang='lat' dir='ltr'><strong>gentibus,</strong></span> <span class='ocrx_word' id='word_1_569' title='bbox 3411 3821 3505 3893; x_wconf 90' lang='lat' dir='ltr'><strong>qui</strong></span> <span class='ocrx_word' id='word_1_570' title='bbox 3536 3827 3666 3874; x_wconf 86' lang='lat' dir='ltr'><strong>ante</strong></span> 
     </span>
    </p>
   </div>
   <div class='ocr_carea' id='block_1_85' title="bbox 2084 3911 3668 3995">
    <p class='ocr_par' dir='ltr' id='par_1_85' title="bbox 2084 3911 3668 3995">
     <span class='ocr_line' id='line_1_85' title="bbox 2084 3911 3668 3995; baseline -0.012 -8"><span class='ocrx_word' id='word_1_571' title='bbox 2084 3930 2247 3986; x_wconf 89' lang='lat' dir='ltr'><strong>ﬁdem</strong></span> <span class='ocrx_word' id='word_1_572' title='bbox 2293 3925 2516 3995; x_wconf 86' lang='lat' dir='ltr'><strong>oblique</strong></span> <span class='ocrx_word' id='word_1_573' title='bbox 2569 3921 2908 3986; x_wconf 75' lang='lat' dir='ltr'><strong>ambulabat,</strong></span> <span class='ocrx_word' id='word_1_574' title='bbox 2967 3918 3024 3973; x_wconf 90' lang='lat' dir='ltr'><strong>in</strong></span> <span class='ocrx_word' id='word_1_575' title='bbox 3071 3931 3182 3988; x_wconf 88' lang='lat' dir='ltr'><strong>quo</strong></span> <span class='ocrx_word' id='word_1_576' title='bbox 3224 3914 3464 3985; x_wconf 79' lang='lat' dir='ltr'><strong>corriget</strong></span> <span class='ocrx_word' id='word_1_577' title='bbox 3519 3911 3668 3968; x_wconf 83' lang='lat' dir='ltr'><strong>viam</strong></span> 
     </span>
    </p>
   </div>
   <div class='ocr_carea' id='block_1_86' title="bbox 2086 4002 3670 4087">
    <p class='ocr_par' dir='ltr' id='par_1_86' title="bbox 2086 4002 3670 4087">
     <span class='ocr_line' id='line_1_86' title="bbox 2086 4002 3670 4087; baseline -0.014 -9"><span class='ocrx_word' id='word_1_578' title='bbox 2086 4037 2264 4087; x_wconf 88' lang='lat' dir='ltr'><strong>suam,</strong></span> <span class='ocrx_word' id='word_1_579' title='bbox 2282 4017 2388 4074; x_wconf 89' lang='lat' dir='ltr'><strong>nisi</strong></span> <span class='ocrx_word' id='word_1_580' title='bbox 2417 4014 2781 4073; x_wconf 81' lang='lat' dir='ltr'><strong>custodiendo</strong></span> <span class='ocrx_word' id='word_1_581' title='bbox 2808 4023 3094 4068; x_wconf 79' lang='lat' dir='ltr'><strong>sermones</strong></span> <span class='ocrx_word' id='word_1_582' title='bbox 3115 4007 3253 4063; x_wconf 84' lang='lat' dir='ltr'><strong>Dei?</strong></span> <span class='ocrx_word' id='word_1_583' title='bbox 3279 4005 3490 4061; x_wconf 68' lang='lat' dir='ltr'><strong>Divinas</strong></span> <span class='ocrx_word' id='word_1_584' title='bbox 3516 4002 3670 4058; x_wconf 80' lang='lat' dir='ltr'><strong>enim</strong></span> 
     </span>
    </p>
   </div>
   <div class='ocr_carea' id='block_1_87' title="bbox 2085 4094 3668 4184">
    <p class='ocr_par' dir='ltr' id='par_1_87' title="bbox 2085 4094 3668 4184">
     <span class='ocr_line' id='line_1_87' title="bbox 2085 4094 3668 4184; baseline -0.013 -16"><span class='ocrx_word' id='word_1_585' title='bbox 2085 4111 2220 4184; x_wconf 85' lang='lat' dir='ltr'><strong>legis</strong></span> <span class='ocrx_word' id='word_1_586' title='bbox 2251 4106 2619 4166; x_wconf 90' lang='lat' dir='ltr'><strong>consideratio</strong></span> <span class='ocrx_word' id='word_1_587' title='bbox 2645 4103 2924 4176; x_wconf 81' lang='lat' dir='ltr'><strong>purgatrix</strong></span> <span class='ocrx_word' id='word_1_588' title='bbox 2955 4109 3013 4156; x_wconf 91' lang='lat' dir='ltr'><strong>et</strong></span> <span class='ocrx_word' id='word_1_589' title='bbox 3033 4094 3409 4156; x_wconf 81' lang='lat' dir='ltr'><strong>conservatrix</strong></span> <span class='ocrx_word' id='word_1_590' title='bbox 3437 4103 3524 4150; x_wconf 88' lang='lat' dir='ltr'><strong>est</strong></span> <span class='ocrx_word' id='word_1_591' title='bbox 3543 4107 3668 4184; x_wconf 79' lang='lat' dir='ltr'><strong>om-</strong></span> 
     </span>
    </p>
   </div>
   <div class='ocr_carea' id='block_1_88' title="bbox 2088 4183 3676 4264">
    <p class='ocr_par' dir='ltr' id='par_1_88' title="bbox 2088 4183 3676 4264">
     <span class='ocr_line' id='line_1_88' title="bbox 2088 4183 3676 4264; baseline -0.014 -6"><span class='ocrx_word' id='word_1_592' title='bbox 2088 4183 2264 4258; x_wconf 84' lang='lat' dir='ltr'><strong>nium.</strong></span> <span class='ocrx_word' id='word_1_593' title='bbox 2311 4197 2450 4254; x_wconf 87' lang='lat' dir='ltr'><strong>Illud</strong></span> <span class='ocrx_word' id='word_1_594' title='bbox 2499 4204 2706 4260; x_wconf 82' lang='lat' dir='ltr'><strong>autem,</strong></span> <span class='ocrx_word' id='word_1_595' title='bbox 2755 4193 2820 4248; x_wconf 84' lang='lat' dir='ltr'><strong>In</strong></span> <span class='ocrx_word' id='word_1_596' title='bbox 2865 4206 2967 4264; x_wconf 86' lang='lat' dir='ltr'><strong>quo</strong></span> <span class='ocrx_word' id='word_1_597' title='bbox 3012 4190 3234 4260; x_wconf 82' lang='lat' dir='ltr'><strong>corriget</strong></span> <span class='ocrx_word' id='word_1_598' title='bbox 3285 4183 3676 4241; x_wconf 68' lang='lat' dir='ltr'><strong>adolescentior</strong></span> 
     </span>
    </p>
   </div>
   <div class='ocr_carea' id='block_1_89' title="bbox 2091 4277 3675 4358">
    <p class='ocr_par' dir='ltr' id='par_1_89' title="bbox 2091 4277 3675 4358">
     <span class='ocr_line' id='line_1_89' title="bbox 2091 4277 3675 4358; baseline -0.011 -10"><span class='ocrx_word' id='word_1_599' title='bbox 2091 4294 2233 4348; x_wconf 83' lang='lat' dir='ltr'><strong>viam</strong></span> <span class='ocrx_word' id='word_1_600' title='bbox 2282 4291 2482 4344; x_wconf 82' lang='lat' dir='ltr'><strong>suam?</strong></span> <span class='ocrx_word' id='word_1_601' title='bbox 2519 4283 2882 4358; x_wconf 85' lang='lat' dir='ltr'><strong>Symmachus</strong></span> <span class='ocrx_word' id='word_1_602' title='bbox 2926 4282 3032 4338; x_wconf 91' lang='lat' dir='ltr'><strong>hoc</strong></span> <span class='ocrx_word' id='word_1_603' title='bbox 3063 4280 3228 4336; x_wconf 85' lang='lat' dir='ltr'><strong>modo</strong></span> <span class='ocrx_word' id='word_1_604' title='bbox 3275 4277 3675 4347; x_wconf 81' lang='lat' dir='ltr'><strong>interpretatus</strong></span> 
     </span>
    </p>
   </div>
   <div class='ocr_carea' id='block_1_90' title="bbox 2091 4365 3674 4451">
    <p class='ocr_par' dir='ltr' id='par_1_90' title="bbox 2091 4365 3674 4451">
     <span class='ocr_line' id='line_1_90' title="bbox 2091 4365 3674 4451; baseline -0.012 -12"><span class='ocrx_word' id='word_1_605' title='bbox 2091 4391 2196 4446; x_wconf 88' lang='lat' dir='ltr'><strong>est,</strong></span> <span class='ocrx_word' id='word_1_606' title='bbox 2226 4381 2291 4437; x_wconf 83' lang='lat' dir='ltr'><strong>In</strong></span> <span class='ocrx_word' id='word_1_607' title='bbox 2321 4395 2422 4451; x_wconf 85' lang='lat' dir='ltr'><strong>quo</strong></span> <span class='ocrx_word' id='word_1_608' title='bbox 2451 4377 2724 4433; x_wconf 84' lang='lat' dir='ltr'><strong>mundabit</strong></span> <span class='ocrx_word' id='word_1_609' title='bbox 2753 4374 3054 4430; x_wconf 76' lang='lat' dir='ltr'><strong>adolescens</strong></span> <span class='ocrx_word' id='word_1_610' title='bbox 3081 4372 3222 4426; x_wconf 81' lang='lat' dir='ltr'><strong>viam</strong></span> <span class='ocrx_word' id='word_1_611' title='bbox 3246 4367 3442 4424; x_wconf 73' lang='lat' dir='ltr'><strong>suam?</strong></span> <span class='ocrx_word' id='word_1_612' title='bbox 3473 4365 3674 4420; x_wconf 84' lang='lat' dir='ltr'><strong>Docuit</strong></span> 
     </span>
    </p>
   </div>
   <div class='ocr_carea' id='block_1_91' title="bbox 411 4455 1972 4550">
    <p class='ocr_par' dir='ltr' id='par_1_91' title="bbox 411 4455 1972 4550">
     <span class='ocr_line' id='line_1_91' title="bbox 411 4455 1972 4550; baseline 0.001 -20"><span class='ocrx_word' id='word_1_613' title='bbox 411 4455 629 4542; x_wconf 49' lang='lat' dir='ltr'><strong>autcf};</strong></span> <span class='ocrx_word' id='word_1_614' title='bbox 676 4476 945 4542; x_wconf 84' lang='grc' dir='ltr'>Ἐδίδαξεν</span> <span class='ocrx_word' id='word_1_615' title='bbox 987 4475 1044 4530; x_wconf 84' lang='grc' dir='ltr'><strong>δὲ</strong></span> <span class='ocrx_word' id='word_1_616' title='bbox 1091 4478 1173 4530; x_wconf 83' lang='grc' dir='ltr'>ὅτι</span> <span class='ocrx_word' id='word_1_617' title='bbox 1224 4477 1427 4549; x_wconf 83' lang='grc' dir='ltr'>πολλῆς</span> <span class='ocrx_word' id='word_1_618' title='bbox 1462 4478 1611 4532; x_wconf 77' lang='grc' dir='ltr'>ἐστιν</span> <span class='ocrx_word' id='word_1_619' title='bbox 1643 4477 1972 4550; x_wconf 74' lang='grc' dir='ltr'>ἀκαθαρσίας</span> 
     </span>
    </p>
   </div>
   <div class='ocr_carea' id='block_1_92' title="bbox 2078 4455 3679 4550">
    <p class='ocr_par' dir='ltr' id='par_1_92' title="bbox 2092 4455 3679 4543">
     <span class='ocr_line' id='line_1_92' title="bbox 2092 4455 3679 4543; baseline -0.012 -14"><span class='ocrx_word' id='word_1_620' title='bbox 2092 4487 2289 4543; x_wconf 89' lang='lat' dir='ltr'><strong>nempe</strong></span> <span class='ocrx_word' id='word_1_621' title='bbox 2323 4470 2513 4526; x_wconf 90' lang='lat' dir='ltr'><strong>multis</strong></span> <span class='ocrx_word' id='word_1_622' title='bbox 2537 4467 2790 4523; x_wconf 84' lang='lat' dir='ltr'><strong>sordibus</strong></span> <span class='ocrx_word' id='word_1_623' title='bbox 2817 4463 3242 4520; x_wconf 84' lang='lat' dir='ltr'><strong>adolescentiam</strong></span> <span class='ocrx_word' id='word_1_624' title='bbox 3263 4473 3389 4515; x_wconf 85' lang='lat' dir='ltr'><strong>esse</strong></span> <span class='ocrx_word' id='word_1_625' title='bbox 3409 4457 3627 4528; x_wconf 88' lang='lat' dir='ltr'><strong>plenam</strong></span> <span class='ocrx_word' id='word_1_626' title='bbox 3649 4455 3679 4510; x_wconf 68' lang='grc' dir='ltr'><strong>’ἒ</strong></span> 
     </span>
    </p>
   </div>
   <div class='ocr_carea' id='block_1_93' title="bbox 411 4568 1992 4644">
    <p class='ocr_par' dir='ltr' id='par_1_93' title="bbox 411 4568 1992 4644">
     <span class='ocr_line' id='line_1_93' title="bbox 411 4568 1992 4644; baseline 0.001 -22"><span class='ocrx_word' id='word_1_627' title='bbox 411 4568 509 4622; x_wconf 74' lang='grc' dir='ltr'><strong>καὶ</strong></span> <span class='ocrx_word' id='word_1_628' title='bbox 543 4569 815 4638; x_wconf 84' lang='grc' dir='ltr'>ῥυπαρίας</span> <span class='ocrx_word' id='word_1_629' title='bbox 841 4571 874 4639; x_wconf 89' lang='grc' dir='ltr'><strong>ή</strong></span> <span class='ocrx_word' id='word_1_630' title='bbox 903 4569 1094 4640; x_wconf 86' lang='grc' dir='ltr'>νεότης</span> <span class='ocrx_word' id='word_1_631' title='bbox 1141 4570 1334 4641; x_wconf 84' lang='grc' dir='ltr'>μεστή·</span> <span class='ocrx_word' id='word_1_632' title='bbox 1365 4570 1447 4624; x_wconf 82' lang='grc' dir='ltr'>διὸ</span> <span class='ocrx_word' id='word_1_633' title='bbox 1469 4571 1562 4624; x_wconf 80' lang='grc' dir='ltr'>καὶ</span> <span class='ocrx_word' id='word_1_634' title='bbox 1583 4570 1758 4625; x_wconf 88' lang='grc' dir='ltr'>δεῖται</span> <span class='ocrx_word' id='word_1_635' title='bbox 1783 4571 1992 4644; x_wconf 79' lang='grc' dir='ltr'>καθάρ-</span> 
     </span>
    </p>
   </div>
   <div class='ocr_carea' id='block_1_94' title="bbox 305 4655 1992 4735">
    <p class='ocr_par' dir='ltr' id='par_1_94' title="bbox 305 4655 1992 4735">
     <span class='ocr_line' id='line_1_94' title="bbox 305 4655 1992 4735; baseline 0.005 -27"><span class='ocrx_word' id='word_1_636' title='bbox 305 4705 308 4708; x_wconf 83' lang='lat'><strong>.</strong></span> <span class='ocrx_word' id='word_1_637' title='bbox 414 4677 570 4724; x_wconf 89' lang='grc' dir='ltr'>σεως.</span> <span class='ocrx_word' id='word_1_638' title='bbox 626 4660 796 4713; x_wconf 80' lang='grc' dir='ltr'>Τοῦτο</span> <span class='ocrx_word' id='word_1_639' title='bbox 847 4655 942 4714; x_wconf 83' lang='grc' dir='ltr'>οὖν</span> <span class='ocrx_word' id='word_1_640' title='bbox 983 4661 1664 4734; x_wconf 72' lang='grc' dir='ltr'>ἐπιζητήσας,εὑρηκέναι</span> <span class='ocrx_word' id='word_1_641' title='bbox 1717 4663 1855 4735; x_wconf 77' lang='grc' dir='ltr'>φησὶ</span> <span class='ocrx_word' id='word_1_642' title='bbox 1900 4664 1992 4717; x_wconf 84' lang='grc' dir='ltr'><strong>τὸν</strong></span> 
     </span>
    </p>
   </div>
   <div class='ocr_carea' id='block_1_95' title="bbox 415 4752 1950 4826">
    <p class='ocr_par' dir='ltr' id='par_1_95' title="bbox 415 4752 1950 4826">
     <span class='ocr_line' id='line_1_95' title="bbox 415 4752 1950 4826; baseline 0.004 -22"><span class='ocrx_word' id='word_1_643' title='bbox 415 4753 636 4824; x_wconf 79' lang='grc' dir='ltr'>τρόπον,</span> <span class='ocrx_word' id='word_1_644' title='bbox 679 4752 781 4807; x_wconf 84' lang='grc' dir='ltr'><strong>Ἐν</strong></span> <span class='ocrx_word' id='word_1_645' title='bbox 810 4752 890 4818; x_wconf 81' lang='grc' dir='ltr'>τῷ</span> <span class='ocrx_word' id='word_1_646' title='bbox 927 4753 1314 4821; x_wconf 71' lang='grc' dir='ltr'>φυλάξασθαι</span> <span class='ocrx_word' id='word_1_647' title='bbox 1349 4755 1492 4821; x_wconf 87' lang='grc' dir='ltr'>τοὺς</span> <span class='ocrx_word' id='word_1_648' title='bbox 1514 4757 1739 4826; x_wconf 75' lang='grc' dir='ltr'>λόγους</span> <span class='ocrx_word' id='word_1_649' title='bbox 1780 4771 1950 4810; x_wconf 69' lang='lat' dir='ltr'><strong>00v.-</strong></span> 
     </span>
    </p>
   </div>
   <div class='ocr_carea' id='block_1_96' title="bbox 495 4843 1626 4917">
    <p class='ocr_par' dir='ltr' id='par_1_96' title="bbox 495 4843 1626 4917">
     <span class='ocr_line' id='line_1_96' title="bbox 495 4843 1626 4917; baseline 0.004 -22"><span class='ocrx_word' id='word_1_650' title='bbox 495 4863 514 4895; x_wconf 76' lang='grc' dir='ltr'><strong>ι</strong></span> <span class='ocrx_word' id='word_1_651' title='bbox 555 4843 677 4897; x_wconf 75' lang='grc' dir='ltr'>Ὀτι</span> <span class='ocrx_word' id='word_1_652' title='bbox 703 4844 773 4897; x_wconf 86' lang='grc' dir='ltr'>τὰ</span> <span class='ocrx_word' id='word_1_653' title='bbox 807 4844 1084 4916; x_wconf 89' lang='grc' dir='ltr'>μαρτύριά</span> <span class='ocrx_word' id='word_1_654' title='bbox 1123 4862 1217 4898; x_wconf 89' lang='grc' dir='ltr'><strong>σου</strong></span> <span class='ocrx_word' id='word_1_655' title='bbox 1246 4845 1570 4917; x_wconf 77' lang='grc' dir='ltr'>ὲξεζήτησα.</span> <span class='ocrx_word' id='word_1_656' title='bbox 1607 4867 1626 4899; x_wconf 74' lang='grc' dir='ltr'><strong>ι</strong></span> 
     </span>
    </p>
   </div>
   <div class='ocr_carea' id='block_1_97' title="bbox 491 4935 1994 5009">
    <p class='ocr_par' dir='ltr' id='par_1_97' title="bbox 491 4935 1994 5009">
     <span class='ocr_line' id='line_1_97' title="bbox 491 4935 1994 5009; baseline 0.003 -20"><span class='ocrx_word' id='word_1_657' title='bbox 491 4936 591 4995; x_wconf 83' lang='grc' dir='ltr'><strong>Διὰ</strong></span> <span class='ocrx_word' id='word_1_658' title='bbox 620 4935 779 4991; x_wconf 77' lang='grc' dir='ltr'>τοῦτο</span> <span class='ocrx_word' id='word_1_659' title='bbox 813 4937 1011 5007; x_wconf 88' lang='grc' dir='ltr'>μηκέτι</span> <span class='ocrx_word' id='word_1_660' title='bbox 1048 4955 1115 5008; x_wconf 87' lang='grc' dir='ltr'><strong>με</strong></span> <span class='ocrx_word' id='word_1_661' title='bbox 1147 4937 1342 5009; x_wconf 85' lang='grc' dir='ltr'>κρίνῃς</span> <span class='ocrx_word' id='word_1_662' title='bbox 1393 4938 1541 5004; x_wconf 74' lang='grc' dir='ltr'>ἄξιον</span> <span class='ocrx_word' id='word_1_663' title='bbox 1587 4938 1681 4992; x_wconf 76' lang='grc' dir='ltr'>τοῦ</span> <span class='ocrx_word' id='word_1_664' title='bbox 1732 4939 1994 5004; x_wconf 66' lang='grc' dir='ltr'>ὀνειδίζει</span> 
     </span>
    </p>
   </div>
   <div class='ocr_carea' id='block_1_98' title="bbox 421 5029 1998 5104">
    <p class='ocr_par' dir='ltr' id='par_1_98' title="bbox 421 5029 1998 5104">
     <span class='ocr_line' id='line_1_98' title="bbox 421 5029 1998 5104; baseline 0.002 -20"><span class='ocrx_word' id='word_1_665' title='bbox 421 5031 546 5084; x_wconf 79' lang='grc' dir='ltr'>σθαι</span> <span class='ocrx_word' id='word_1_666' title='bbox 585 5032 680 5084; x_wconf 67' lang='grc' dir='ltr'>καὶ</span> <span class='ocrx_word' id='word_1_667' title='bbox 725 5029 817 5084; x_wconf 78' lang='grc' dir='ltr'>τοῦ</span> <span class='ocrx_word' id='word_1_668' title='bbox 851 5030 1270 5094; x_wconf 79' lang='grc' dir='ltr'>ὲξουδενεῖσθαι’</span> <span class='ocrx_word' id='word_1_669' title='bbox 1317 5032 1413 5086; x_wconf 77' lang='grc' dir='ltr'><strong>καὶ</strong></span> <span class='ocrx_word' id='word_1_670' title='bbox 1458 5033 1570 5104; x_wconf 83' lang='grc' dir='ltr'>γὰρ</span> <span class='ocrx_word' id='word_1_671' title='bbox 1617 5033 1686 5086; x_wconf 77' lang='grc' dir='ltr'>τὰ</span> <span class='ocrx_word' id='word_1_672' title='bbox 1717 5031 1998 5104; x_wconf 88' lang='grc' dir='ltr'>μαρτύριά</span> 
     </span>
    </p>
   </div>
   <div class='ocr_carea' id='block_1_99' title="bbox 421 5115 2002 5194">
    <p class='ocr_par' dir='ltr' id='par_1_99' title="bbox 421 5115 2002 5194">
     <span class='ocr_line' id='line_1_99' title="bbox 421 5115 2002 5194; baseline 0.003 -20"><span class='ocrx_word' id='word_1_673' title='bbox 421 5139 515 5174; x_wconf 87' lang='grc' dir='ltr'><strong>σου</strong></span> <span class='ocrx_word' id='word_1_674' title='bbox 549 5121 850 5194; x_wconf 75' lang='grc' dir='ltr'>ἐξεζήτησα</span> <span class='ocrx_word' id='word_1_675' title='bbox 874 5139 890 5154; x_wconf 88' lang='grc'><strong>·</strong></span> <span class='ocrx_word' id='word_1_676' title='bbox 923 5123 1050 5194; x_wconf 77' lang='grc' dir='ltr'>περὶ</span> <span class='ocrx_word' id='word_1_677' title='bbox 1078 5115 1153 5176; x_wconf 86' lang='grc' dir='ltr'>ὧν</span> <span class='ocrx_word' id='word_1_678' title='bbox 1174 5122 1332 5194; x_wconf 79' lang='grc' dir='ltr'>ἔφην,</span> <span class='ocrx_word' id='word_1_679' title='bbox 1371 5125 1662 5192; x_wconf 81' lang='grc' dir='ltr'>Μακάριοι</span> <span class='ocrx_word' id='word_1_680' title='bbox 1695 5127 1749 5178; x_wconf 83' lang='grc' dir='ltr'>οἱ</span> <span class='ocrx_word' id='word_1_681' title='bbox 1771 5124 2002 5193; x_wconf 79' lang='grc' dir='ltr'>ἐξερευ-</span> 
     </span>
    </p>
   </div>
   <div class='ocr_carea' id='block_1_100' title="bbox 418 5213 1306 5282">
    <p class='ocr_par' dir='ltr' id='par_1_100' title="bbox 418 5213 1306 5282">
     <span class='ocr_line' id='line_1_100' title="bbox 418 5213 1306 5282; baseline 0.003 -16"><span class='ocrx_word' id='word_1_682' title='bbox 418 5213 640 5278; x_wconf 81' lang='grc' dir='ltr'>νῶντες</span> <span class='ocrx_word' id='word_1_683' title='bbox 677 5213 748 5266; x_wconf 82' lang='grc' dir='ltr'>τὰ</span> <span class='ocrx_word' id='word_1_684' title='bbox 769 5214 1062 5282; x_wconf 82' lang='grc' dir='ltr'>μαρτύρια</span> <span class='ocrx_word' id='word_1_685' title='bbox 1097 5216 1306 5270; x_wconf 83' lang='grc' dir='ltr'>αὐτοῦ.</span> 
     </span>
    </p>
   </div>
   <div class='ocr_carea' id='block_1_101' title="bbox 496 5302 1331 5375">
    <p class='ocr_par' dir='ltr' id='par_1_101' title="bbox 496 5302 1331 5375">
     <span class='ocr_line' id='line_1_101' title="bbox 496 5302 1331 5375; baseline 0.005 -23"><span class='ocrx_word' id='word_1_686' title='bbox 496 5321 514 5352; x_wconf 75' lang='grc' dir='ltr'><strong>ι</strong></span> <span class='ocrx_word' id='word_1_687' title='bbox 568 5302 886 5370; x_wconf 79' lang='grc' dir='ltr'>Ἐνύσταξεν</span> <span class='ocrx_word' id='word_1_688' title='bbox 917 5303 1122 5375; x_wconf 65' lang='grc' dir='ltr'>ἡψυχὴ</span> <span class='ocrx_word' id='word_1_689' title='bbox 1157 5322 1281 5374; x_wconf 89' lang='grc' dir='ltr'>μου.</span> <span class='ocrx_word' id='word_1_690' title='bbox 1314 5324 1331 5356; x_wconf 77' lang='grc' dir='ltr'><strong>ι</strong></span> 
     </span>
    </p>
   </div>
   <div class='ocr_carea' id='block_1_102' title="bbox 497 5393 1995 5468">
    <p class='ocr_par' dir='ltr' id='par_1_102' title="bbox 497 5393 1995 5468">
     <span class='ocr_line' id='line_1_102' title="bbox 497 5393 1995 5468; baseline 0.003 -23"><span class='ocrx_word' id='word_1_691' title='bbox 497 5393 706 5464; x_wconf 72' lang='grc' dir='ltr'>Ὥσπερ</span> <span class='ocrx_word' id='word_1_692' title='bbox 735 5394 878 5464; x_wconf 84' lang='grc' dir='ltr'>ἀρχὴ</span> <span class='ocrx_word' id='word_1_693' title='bbox 927 5394 1238 5464; x_wconf 78' lang='grc' dir='ltr'>κοιμήσεώς</span> <span class='ocrx_word' id='word_1_694' title='bbox 1286 5397 1406 5450; x_wconf 77' lang='grc' dir='ltr'>ἐστι</span> <span class='ocrx_word' id='word_1_695' title='bbox 1453 5399 1788 5468; x_wconf 77' lang='grc' dir='ltr'>νυσταγμὸς,</span> <span class='ocrx_word' id='word_1_696' title='bbox 1821 5397 1995 5460; x_wconf 80' lang='grc' dir='ltr'>οὕτως</span> 
     </span>
    </p>
   </div>
   <div class='ocr_carea' id='block_1_103' title="bbox 425 5482 1991 5557">
    <p class='ocr_par' dir='ltr' id='par_1_103' title="bbox 425 5482 1991 5557">
     <span class='ocr_line' id='line_1_103' title="bbox 425 5482 1991 5557; baseline 0.002 -22"><span class='ocrx_word' id='word_1_697' title='bbox 425 5483 555 5536; x_wconf 83' lang='grc' dir='ltr'>ποτὲ</span> <span class='ocrx_word' id='word_1_698' title='bbox 605 5484 696 5536; x_wconf 77' lang='grc' dir='ltr'>καὶ</span> <span class='ocrx_word' id='word_1_699' title='bbox 728 5483 761 5553; x_wconf 86' lang='grc' dir='ltr'><strong>ή</strong></span> <span class='ocrx_word' id='word_1_700' title='bbox 805 5482 953 5552; x_wconf 71' lang='grc' dir='ltr'>ψυχὴ</span> <span class='ocrx_word' id='word_1_701' title='bbox 1000 5484 1057 5538; x_wconf 79' lang='grc' dir='ltr'>ἐν</span> <span class='ocrx_word' id='word_1_702' title='bbox 1088 5485 1234 5556; x_wconf 83' lang='grc' dir='ltr'>ἀρχῇ</span> <span class='ocrx_word' id='word_1_703' title='bbox 1264 5485 1532 5557; x_wconf 85' lang='grc' dir='ltr'>γενομένη</span> <span class='ocrx_word' id='word_1_704' title='bbox 1567 5486 1991 5556; x_wconf 76' lang='grc' dir='ltr'>ἁμαρτημάτων</span> 
     </span>
    </p>
   </div>
   <div class='ocr_carea' id='block_1_104' title="bbox 426 5573 1998 5649">
    <p class='ocr_par' dir='ltr' id='par_1_104' title="bbox 426 5573 1998 5649">
     <span class='ocr_line' id='line_1_104' title="bbox 426 5573 1998 5649; baseline 0.003 -23"><span class='ocrx_word' id='word_1_705' title='bbox 426 5573 641 5644; x_wconf 82' lang='grc' dir='ltr'>λέγεται</span> <span class='ocrx_word' id='word_1_706' title='bbox 685 5573 1013 5640; x_wconf 78' lang='grc' dir='ltr'>νυστάζειν,</span> <span class='ocrx_word' id='word_1_707' title='bbox 1069 5576 1446 5647; x_wconf 82' lang='grc' dir='ltr'>καθελκομένη</span> <span class='ocrx_word' id='word_1_708' title='bbox 1501 5577 1600 5648; x_wconf 74' lang='grc' dir='ltr'>μὲν</span> <span class='ocrx_word' id='word_1_709' title='bbox 1667 5578 1856 5649; x_wconf 81' lang='grc' dir='ltr'>ὥσπερ</span> <span class='ocrx_word' id='word_1_710' title='bbox 1915 5579 1998 5641; x_wconf 85' lang='grc' dir='ltr'><strong>είς</strong></span> 
     </span>
    </p>
   </div>
   <div class='ocr_carea' id='block_1_105' title="bbox 533 5749 1739 5818">
    <p class='ocr_par' dir='ltr' id='par_1_105' title="bbox 533 5749 1739 5818">
     <span class='ocr_line' id='line_1_105' title="bbox 533 5749 1739 5818; baseline 0.005 -13"><span class='ocrx_word' id='word_1_711' title='bbox 533 5749 776 5806; x_wconf 70' lang='lat' dir='ltr'><strong>“Matth.</strong></span> <span class='ocrx_word' id='word_1_712' title='bbox 812 5766 931 5814; x_wconf 72' lang='lat' dir='ltr'><strong>Mli,</strong></span> <span class='ocrx_word' id='word_1_713' title='bbox 968 5750 1054 5804; x_wconf 80' lang='lat' dir='ltr'><strong>l7.</strong></span> <span class='ocrx_word' id='word_1_714' title='bbox 1165 5753 1207 5783; x_wconf 79' lang='grc'><strong><em>³⁷</em></strong></span> <span class='ocrx_word' id='word_1_715' title='bbox 1238 5751 1437 5806; x_wconf 81' lang='lat' dir='ltr'><strong>l’salm.</strong></span> <span class='ocrx_word' id='word_1_716' title='bbox 1470 5768 1656 5818; x_wconf 62' lang='grc' dir='ltr'>δια-ιιι,</span> <span class='ocrx_word' id='word_1_717' title='bbox 1685 5755 1739 5811; x_wconf 71' lang='grc'><strong>2.</strong></span> 
     </span>
    </p>
   </div>
   <div class='ocr_carea' id='block_1_106' title="bbox 2088 4550 3678 4638">
    <p class='ocr_par' dir='ltr' id='par_1_106' title="bbox 2088 4550 3678 4638">
     <span class='ocr_line' id='line_1_106' title="bbox 2088 4550 3678 4638; baseline -0.011 -16"><span class='ocrx_word' id='word_1_718' title='bbox 2088 4573 2426 4638; x_wconf 90' lang='lat' dir='ltr'><strong>quapropter</strong></span> <span class='ocrx_word' id='word_1_719' title='bbox 2457 4562 2621 4618; x_wconf 86' lang='lat' dir='ltr'><strong>etiam</strong></span> <span class='ocrx_word' id='word_1_720' title='bbox 2655 4559 2864 4630; x_wconf 89' lang='lat' dir='ltr'><strong>indiget</strong></span> <span class='ocrx_word' id='word_1_721' title='bbox 2914 4551 3263 4625; x_wconf 86' lang='lat' dir='ltr'><strong>purgatione.</strong></span> <span class='ocrx_word' id='word_1_722' title='bbox 3317 4551 3454 4608; x_wconf 87' lang='lat' dir='ltr'><strong>Cum</strong></span> <span class='ocrx_word' id='word_1_723' title='bbox 3506 4550 3678 4622; x_wconf 79' lang='lat' dir='ltr'><strong>igitur</strong></span> 
     </span>
    </p>
   </div>
   <div class='ocr_carea' id='block_1_107' title="bbox 2090 4642 3676 4726">
    <p class='ocr_par' dir='ltr' id='par_1_107' title="bbox 2090 4642 3676 4726">
     <span class='ocr_line' id='line_1_107' title="bbox 2090 4642 3676 4726; baseline -0.01 -12"><span class='ocrx_word' id='word_1_724' title='bbox 2090 4660 2197 4715; x_wconf 90' lang='lat' dir='ltr'><strong>hoc</strong></span> <span class='ocrx_word' id='word_1_725' title='bbox 2243 4657 2570 4726; x_wconf 84' lang='lat' dir='ltr'><strong>inquireret,</strong></span> <span class='ocrx_word' id='word_1_726' title='bbox 2593 4652 2670 4706; x_wconf 81' lang='lat' dir='ltr'><strong>ait</strong></span> <span class='ocrx_word' id='word_1_727' title='bbox 2699 4666 2760 4706; x_wconf 91' lang='lat' dir='ltr'><strong>se</strong></span> <span class='ocrx_word' id='word_1_728' title='bbox 2791 4649 3014 4705; x_wconf 90' lang='lat' dir='ltr'><strong>modum</strong></span> <span class='ocrx_word' id='word_1_729' title='bbox 3051 4645 3348 4716; x_wconf 87' lang='lat' dir='ltr'><strong>reperisse,</strong></span> <span class='ocrx_word' id='word_1_730' title='bbox 3383 4642 3451 4698; x_wconf 80' lang='lat' dir='ltr'><strong>In</strong></span> <span class='ocrx_word' id='word_1_731' title='bbox 3503 4642 3676 4698; x_wconf 64' lang='lat' dir='ltr'><strong>custo-</strong></span> 
     </span>
    </p>
   </div>
   <div class='ocr_carea' id='block_1_108' title="bbox 2090 4751 2739 4805">
    <p class='ocr_par' dir='ltr' id='par_1_108' title="bbox 2090 4751 2739 4805">
     <span class='ocr_line' id='line_1_108' title="bbox 2090 4751 2739 4805; baseline -0.017 0"><span class='ocrx_word' id='word_1_732' title='bbox 2090 4751 2280 4805; x_wconf 83' lang='lat' dir='ltr'><strong>diendo</strong></span> <span class='ocrx_word' id='word_1_733' title='bbox 2309 4761 2570 4802; x_wconf 82' lang='lat' dir='ltr'><strong>sermones</strong></span> <span class='ocrx_word' id='word_1_734' title='bbox 2603 4754 2739 4796; x_wconf 85' lang='lat' dir='ltr'><strong>tuos.</strong></span> 
     </span>
    </p>
   </div>
   <div class='ocr_carea' id='block_1_109' title="bbox 2163 4827 3504 4902">
    <p class='ocr_par' dir='ltr' id='par_1_109' title="bbox 2163 4827 3504 4902">
     <span class='ocr_line' id='line_1_109' title="bbox 2163 4827 3504 4902; baseline -0.011 -6"><span class='ocrx_word' id='word_1_735' title='bbox 2163 4841 2327 4896; x_wconf 75' lang='lat' dir='ltr'><strong>Vens.</strong></span> <span class='ocrx_word' id='word_1_736' title='bbox 2347 4838 2440 4894; x_wconf 75' lang='lat'><strong>22.</strong></span> <span class='ocrx_word' id='word_1_737' title='bbox 2471 4856 2489 4889; x_wconf 76' lang='grc' dir='ltr'><strong>ι</strong></span> <span class='ocrx_word' id='word_1_738' title='bbox 2518 4837 2654 4902; x_wconf 86' lang='lat' dir='ltr'><strong>Quia</strong></span> <span class='ocrx_word' id='word_1_739' title='bbox 2687 4831 2996 4891; x_wconf 84' lang='lat' dir='ltr'><strong>testimonia</strong></span> <span class='ocrx_word' id='word_1_740' title='bbox 3020 4838 3113 4885; x_wconf 89' lang='lat' dir='ltr'><strong>tua</strong></span> <span class='ocrx_word' id='word_1_741' title='bbox 3143 4827 3440 4899; x_wconf 80' lang='lat' dir='ltr'><strong>exquisivi.</strong></span> <span class='ocrx_word' id='word_1_742' title='bbox 3484 4845 3504 4880; x_wconf 72' lang='grc' dir='ltr'><strong>ι</strong></span> 
     </span>
    </p>
   </div>
   <div class='ocr_carea' id='block_1_110' title="bbox 2166 4915 3677 4998">
    <p class='ocr_par' dir='ltr' id='par_1_110' title="bbox 2166 4915 3677 4998">
     <span class='ocr_line' id='line_1_110' title="bbox 2166 4915 3677 4998; baseline -0.013 -10"><span class='ocrx_word' id='word_1_743' title='bbox 2166 4933 2374 4988; x_wconf 85' lang='lat' dir='ltr'><strong>Idcirco</strong></span> <span class='ocrx_word' id='word_1_744' title='bbox 2402 4946 2474 4985; x_wconf 91' lang='lat' dir='ltr'><strong>ne</strong></span> <span class='ocrx_word' id='word_1_745' title='bbox 2493 4928 2738 4998; x_wconf 80' lang='lat' dir='ltr'><strong>amplius</strong></span> <span class='ocrx_word' id='word_1_746' title='bbox 2756 4941 2845 4980; x_wconf 90' lang='lat' dir='ltr'><strong>me</strong></span> <span class='ocrx_word' id='word_1_747' title='bbox 2874 4925 3089 4995; x_wconf 87' lang='lat' dir='ltr'><strong>judices</strong></span> <span class='ocrx_word' id='word_1_748' title='bbox 3119 4922 3345 4994; x_wconf 89' lang='lat' dir='ltr'><strong>dignum</strong></span> <span class='ocrx_word' id='word_1_749' title='bbox 3380 4915 3677 4989; x_wconf 86' lang='lat' dir='ltr'><strong>opprobrio</strong></span> 
     </span>
    </p>
   </div>
   <div class='ocr_carea' id='block_1_111' title="bbox 2097 5007 3679 5093">
    <p class='ocr_par' dir='ltr' id='par_1_111' title="bbox 2097 5007 3679 5093">
     <span class='ocr_line' id='line_1_111' title="bbox 2097 5007 3679 5093; baseline -0.014 -12"><span class='ocrx_word' id='word_1_750' title='bbox 2097 5035 2154 5081; x_wconf 88' lang='lat' dir='ltr'><strong>et</strong></span> <span class='ocrx_word' id='word_1_751' title='bbox 2173 5032 2510 5093; x_wconf 87' lang='lat' dir='ltr'><strong>contemptu,</strong></span> <span class='ocrx_word' id='word_1_752' title='bbox 2550 5020 2752 5076; x_wconf 90' lang='lat' dir='ltr'><strong>etenim</strong></span> <span class='ocrx_word' id='word_1_753' title='bbox 2787 5016 3102 5072; x_wconf 89' lang='lat' dir='ltr'><strong>testimonia</strong></span> <span class='ocrx_word' id='word_1_754' title='bbox 3131 5023 3222 5068; x_wconf 90' lang='lat' dir='ltr'><strong>tua</strong></span> <span class='ocrx_word' id='word_1_755' title='bbox 3255 5007 3557 5081; x_wconf 71' lang='lat' dir='ltr'><strong>exquisivi;</strong></span> <span class='ocrx_word' id='word_1_756' title='bbox 3608 5007 3679 5061; x_wconf 89' lang='lat' dir='ltr'><strong>de</strong></span> 
     </span>
    </p>
   </div>
   <div class='ocr_carea' id='block_1_112' title="bbox 2097 5101 3676 5188">
    <p class='ocr_par' dir='ltr' id='par_1_112' title="bbox 2097 5101 3676 5188">
     <span class='ocr_line' id='line_1_112' title="bbox 2097 5101 3676 5188; baseline -0.012 -17"><span class='ocrx_word' id='word_1_757' title='bbox 2097 5118 2296 5188; x_wconf 84' lang='lat' dir='ltr'><strong>quibus</strong></span> <span class='ocrx_word' id='word_1_758' title='bbox 2346 5116 2617 5180; x_wconf 87' lang='lat' dir='ltr'><strong>dicebam,</strong></span> <span class='ocrx_word' id='word_1_759' title='bbox 2673 5110 2824 5166; x_wconf 84' lang='lat' dir='ltr'><strong>Beati</strong></span> <span class='ocrx_word' id='word_1_760' title='bbox 2876 5111 2966 5180; x_wconf 87' lang='lat' dir='ltr'><strong>qui</strong></span> <span class='ocrx_word' id='word_1_761' title='bbox 3013 5117 3322 5164; x_wconf 81' lang='lat' dir='ltr'><strong>scrutantur</strong></span> <span class='ocrx_word' id='word_1_762' title='bbox 3375 5101 3676 5156; x_wconf 82' lang='lat' dir='ltr'><strong>testimonia</strong></span> 
     </span>
    </p>
   </div>
   <div class='ocr_carea' id='block_1_113' title="bbox 2099 5209 2312 5280">
    <p class='ocr_par' dir='ltr' id='par_1_113' title="bbox 2099 5209 2312 5280">
     <span class='ocr_line' id='line_1_113' title="bbox 2099 5209 2312 5280; baseline 0.005 -18"><span class='ocrx_word' id='word_1_763' title='bbox 2099 5211 2215 5280; x_wconf 85' lang='lat' dir='ltr'><strong>ejus</strong></span> <span class='ocrx_word' id='word_1_764' title='bbox 2247 5209 2312 5263; x_wconf 83' lang='grc'><strong>³⁷.</strong></span> 
     </span>
    </p>
   </div>
   <div class='ocr_carea' id='block_1_114' title="bbox 2177 5296 3320 5372">
    <p class='ocr_par' dir='ltr' id='par_1_114' title="bbox 2177 5296 3320 5372">
     <span class='ocr_line' id='line_1_114' title="bbox 2177 5296 3320 5372; baseline -0.013 -16"><span class='ocrx_word' id='word_1_765' title='bbox 2177 5300 2340 5356; x_wconf 74' lang='lat' dir='ltr'><strong>Vens.</strong></span> <span class='ocrx_word' id='word_1_766' title='bbox 2371 5300 2460 5356; x_wconf 66' lang='lat'><strong>28.</strong></span> <span class='ocrx_word' id='word_1_767' title='bbox 2503 5317 2520 5351; x_wconf 77' lang='grc' dir='ltr'><strong>ι</strong></span> <span class='ocrx_word' id='word_1_768' title='bbox 2561 5296 3088 5372; x_wconf 80' lang='lat' dir='ltr'><strong>Dormitavitanima</strong></span> <span class='ocrx_word' id='word_1_769' title='bbox 3118 5305 3258 5346; x_wconf 88' lang='lat' dir='ltr'><strong>mea.</strong></span> <span class='ocrx_word' id='word_1_770' title='bbox 3301 5308 3320 5340; x_wconf 84' lang='grc'><strong>›</strong></span> 
     </span>
    </p>
   </div>
   <div class='ocr_carea' id='block_1_115' title="bbox 2173 5376 3678 5460">
    <p class='ocr_par' dir='ltr' id='par_1_115' title="bbox 2173 5376 3678 5460">
     <span class='ocr_line' id='line_1_115' title="bbox 2173 5376 3678 5460; baseline -0.013 -11"><span class='ocrx_word' id='word_1_771' title='bbox 2173 5392 2640 5460; x_wconf 83' lang='lat' dir='ltr'><strong>Quemadmodum</strong></span> <span class='ocrx_word' id='word_1_772' title='bbox 2691 5387 3006 5446; x_wconf 86' lang='lat' dir='ltr'><strong>dormitatio</strong></span> <span class='ocrx_word' id='word_1_773' title='bbox 3057 5381 3388 5453; x_wconf 81' lang='lat' dir='ltr'><strong>principium</strong></span> <span class='ocrx_word' id='word_1_774' title='bbox 3447 5384 3530 5431; x_wconf 88' lang='lat' dir='ltr'><strong>est</strong></span> <span class='ocrx_word' id='word_1_775' title='bbox 3579 5376 3678 5430; x_wconf 87' lang='lat' dir='ltr'><strong>ob-</strong></span> 
     </span>
    </p>
   </div>
   <div class='ocr_carea' id='block_1_116' title="bbox 2104 5465 3680 5547">
    <p class='ocr_par' dir='ltr' id='par_1_116' title="bbox 2104 5465 3680 5547">
     <span class='ocr_line' id='line_1_116' title="bbox 2104 5465 3680 5547; baseline -0.015 -6"><span class='ocrx_word' id='word_1_776' title='bbox 2104 5482 2472 5547; x_wconf 85' lang='lat' dir='ltr'><strong>dormitionis,</strong></span> <span class='ocrx_word' id='word_1_777' title='bbox 2510 5481 2590 5536; x_wconf 86' lang='lat' dir='ltr'><strong>sic</strong></span> <span class='ocrx_word' id='word_1_778' title='bbox 2637 5482 2799 5536; x_wconf 84' lang='lat' dir='ltr'><strong>etiam</strong></span> <span class='ocrx_word' id='word_1_779' title='bbox 2847 5477 3026 5532; x_wconf 90' lang='lat' dir='ltr'><strong>anima</strong></span> <span class='ocrx_word' id='word_1_780' title='bbox 3079 5471 3408 5542; x_wconf 80' lang='lat' dir='ltr'><strong>quandoque</strong></span> <span class='ocrx_word' id='word_1_781' title='bbox 3456 5467 3585 5522; x_wconf 82' lang='lat' dir='ltr'><strong>dum</strong></span> <span class='ocrx_word' id='word_1_782' title='bbox 3625 5465 3680 5518; x_wconf 89' lang='lat' dir='ltr'><strong>in</strong></span> 
     </span>
    </p>
   </div>
   <div class='ocr_carea' id='block_1_117' title="bbox 2109 5558 3678 5647">
    <p class='ocr_par' dir='ltr' id='par_1_117' title="bbox 2109 5558 3678 5647">
     <span class='ocr_line' id='line_1_117' title="bbox 2109 5558 3678 5647; baseline -0.013 -16"><span class='ocrx_word' id='word_1_783' title='bbox 2109 5576 2379 5647; x_wconf 78' lang='lat' dir='ltr'><strong>prim-ipio</strong></span> <span class='ocrx_word' id='word_1_784' title='bbox 2408 5582 2768 5643; x_wconf 60' lang='lat' dir='ltr'><strong>meceatorum</strong></span> <span class='ocrx_word' id='word_1_785' title='bbox 2827 5576 3078 5623; x_wconf 81' lang='lat' dir='ltr'><strong>versatur</strong></span> <span class='ocrx_word' id='word_1_786' title='bbox 3108 5561 3404 5618; x_wconf 80' lang='lat' dir='ltr'><strong>dormitare</strong></span> <span class='ocrx_word' id='word_1_787' title='bbox 3455 5558 3678 5622; x_wconf 80' lang='lat' dir='ltr'><strong>dicitur,</strong></span> 
     </span>
    </p>
   </div>
  </div>
