4032 6222
336 359 468 428 1341

1388 359 1468 418 ΙΝ
1529 360 1646 419 XII
1696 359 2138 420 PROPHETAS
2190 360 2554 421 MINORES.

3479 354 3612 418 1342

336 481 580 547 νήματος
609 471 900 545 χρήσιμον.
930 469 1237 535 Δεδοικότος
1256 468 1312 522 δέ
1343 468 1437 522 καὶ
1471 468 1599 538 παρ’
1642 468 1800 533 ἀξίαν
1829 465 1911 519 τοζ

2025 463 2254 535 juvaute
2303 478 2488 523 autem
2545 467 2683 521 ultra
2747 466 3000 522 meritum
3049 465 3278 537 Spiritu,
3336 468 3480 538 quod
3532 480 3613 526 cst

335 567 676 638 Πνεύματος,
725 565 864 636 ὅπερ
912 564 1060 618 ἐστὶν
1117 562 1258 632 ἀγαν
1302 562 1604 631 ἀναγκαῖον
1636 561 1715 631 τῷ
1753 561 1914 631 μελε.

334 662 517 725 τῶντι,
572 656 886 728 προσέθηκα
929 655 1191 726 σύντομον
1216 655 1348 723 ὅσην
1373 654 1472 728 τὴν
1497 653 1607 707 τῶν
1635 654 1857 725 ἀπόρων
1882 653 1914 724 ἢ

335 750 496 821 τυχὸν
529 747 754 815 ἀσαφῶν
783 745 814 815 ἦ
846 745 942 798 καὶ
969 745 1105 806 ὃλως
1136 742 1452 812 ἀμφιϐόλων
1497 741 1782 812 ἐξήγησιν,
1814 756 1918 794 πα-

341 841 529 912 ραθεὶς
561 837 730 908 αὐτὴν
756 839 872 898 τοῖς
918 834 1141 904 στίχοις,
1173 833 1311 886 ὥστε
1347 835 1462 903 ἅμα
1491 836 1559 904 τῇ
1614 831 1915 902 ἀναγνώσει

338 929 690 986 ἐπιλαϐέσθαι
721 927 817 997 τῆς
849 925 1136 994 γνώσεωςο
1181 925 1262 978 ὅτι
1290 923 1347 976 δὲ
1393 924 1460 978 τὰ
1503 924 1732 977 πλεῖστα
1778 923 1914 994 πρὸς

337 1023 630 1094 ἀναγωγὴν
666 1022 901 1092 εἴρηται,
952 1018 1254 1088 θαυμάζειν
1301 1018 1362 1070 οὐ
1407 1018 1549 1089 χρή·
1608 1017 1916 1089 προφητεία

339 1117 447 1184 γάρ
475 1115 537 1167 τὸ
583 1113 947 1182 σύγγραμμα.
1001 1111 1168 1164 Μέλει
1204 1110 1260 1164 δὲ
1303 1111 1418 1172 τοῖς
1467 1110 1793 1179 προφήταις.
1838 1109 1916 1179 τῷ

337 1205 586 1260 λαλοῦντι
611 1204 668 1258 δὲ
702 1203 900 1274 μᾶλλον
929 1203 986 1255 ἐν
1009 1201 1192 1262 αὐτοῖς
1211 1241 1229 1264 ,
1261 1200 1429 1270 μηδὲν
1458 1200 1656 1268 λέγειν,
1689 1196 1799 1254 οἷον
1821 1201 1916 1254 καὶ
1955 1263 1961 1268 _

336 1301 450 1361 τοῖς
496 1298 677 1359 ἀλλοις
712 1295 934 1366 εὐχερὲς
974 1294 1230 1363 ὑπάρχει,
1277 1295 1388 1356 τοῖς
1446 1293 1522 1364 μή
1557 1291 1916 1362 τετυχηκόσιν

339 1391 494 1458 ἁγίου
527 1388 666 1442 Πνεύ
676 1405 862 1459 ματος,
886 1385 1261 1455 διαλέγεσθαι·
1290 1384 1387 1449 τὰς
1414 1385 1542 1456 περὶ
1568 1385 1702 1438 Θεοῦ
1725 1384 1781 1436 δὲ
1804 1383 1914 1456 [ἵσ.

336 1479 424 1554 δή]
455 1481 812 1552 προρρήσεις,
872 1477 966 1532 καὶ
991 1470 1066 1546 ῶν
1101 1477 1378 1545 οἰκονομεῖ
1409 1474 1916 1546 συγγεγραμμένων

339 1572 637 1644 θαυμάτων
665 1571 766 1643 τὴν
793 1571 1054 1641 ἐξήγησιν
1075 1586 1088 1599 ·
1125 1570 1222 1622 καὶ
1255 1569 1549 1639 μυστήρια,
1598 1568 1674 1628 ,τά
1703 1567 1917 1638 χρόνοις

339 1665 556 1729 πολλοῖς
587 1665 768 1719 αὐτῶν
797 1663 1023 1734 ὕστερον
1050 1663 1159 1715 τῶν
1187 1661 1329 1714 αὐτά
1382 1659 1773 1730 φθεγγομένων
1798 1659 1916 1712 ἐσόο

2017 559 2265 628 operanti
2339 573 2686 634 summopere
2764 558 3136 614 necessarium
3179 598 3194 623 ,
3247 559 3422 629 adjeci
3488 561 3614 616 bre-

2017 665 2139 704 vem
2193 635 2588 719 aliquantulam
2658 649 2952 704 dubiorum
3035 659 3130 705 aut
3202 649 3344 705 forte
3400 651 3611 707 obscu-

2016 756 2244 806 rorum,
2294 750 2391 797 aut
2455 741 2618 798 etiam
2683 741 2911 797 omnino
2969 742 3346 812 ambiguorum
3428 742 3612 814 expla-

2019 835 2336 898 nationem,
2378 849 2537 904 quam
2593 833 2852 906 subjunxi
2892 833 3175 889 versiculis
3203 836 3318 902 ,ita
3384 846 3444 892 ut
3496 825 3609 907 ipsa

2017 926 2249 983 lectione
2307 927 2620 997 acquiratur
2692 926 2855 980 simul
2923 936 2978 981 et
3037 928 3414 999 intelligentia.
3485 929 3610 986 Plu-

2017 1014 2152 1069 rima
2192 1023 2377 1069 autem
2447 1011 2680 1084 mystico
2730 1027 2895 1068 sensu
2941 1014 3084 1069 dicta
3143 1031 3268 1073 esse
3325 1032 3434 1072 non
3505 1019 3610 1073 mi-

2021 1107 2198 1162 reris:
2253 1107 2542 1179 prophetia
2604 1103 2751 1158 enim
2807 1115 2890 1161 est
2944 1107 3034 1161 ille
3089 1107 3245 1162 liber.
3286 1109 3382 1164 Est
3426 1119 3607 1165 autem

2025 1200 2416 1270 prophetarum
2445 1241 2458 1263 ,
2483 1214 2583 1256 seu
2611 1200 2802 1271 potius
2829 1200 3103 1268 loquentis
3144 1201 3197 1254 in
3251 1202 3384 1270 ipsis
3409 1243 3424 1268 ,
3469 1205 3607 1258 nihil

1988 1291 1994 1295 ’
2024 1293 2207 1348 dicere
2233 1292 2377 1362 quod
2407 1292 2529 1347 aliis
2573 1294 2818 1362 pervium
2847 1293 2939 1358 sit,
2963 1293 3171 1348 scilicet
3215 1292 3450 1363 Spiritus
3479 1311 3604 1350 sano

2019 1385 2096 1440 cti
2135 1384 2450 1455 expertibus
2474 1424 2491 1451 ,
2539 1393 2771 1440 tractare
2797 1401 2996 1455 nempe
3036 1385 3104 1440 de
3140 1385 3252 1440 Deo
3297 1387 3604 1456 praedictio-

2022 1491 2121 1531 nes
2146 1515 2160 1539 ,
2196 1484 2252 1531 et
2283 1476 2654 1531 narrationem
2680 1477 3068 1532 miraculorum
3127 1472 3248 1546 quae
3299 1477 3603 1548 dispensat.

2021 1577 2077 1624 et
2113 1568 2366 1638 mysteria
2396 1567 2556 1639 longe
2585 1578 2708 1638 post
2734 1570 3076 1623 narrantlum
3126 1578 3341 1625 aetatem
3394 1570 3602 1638 futura;

2021 1672 2142 1727 quae
2179 1673 2292 1712 non
2346 1667 2474 1713 sunt
2521 1659 2726 1730 vulgari
2771 1659 2937 1714 modo
2985 1660 3314 1730 cOgitanda;
3349 1661 3403 1715 id
3453 1663 3602 1717 enim

342 1775 482 1831 μενα
503 1775 518 1790 ·
551 1757 695 1830 ἅπερ
715 1757 776 1810 οὗ
802 1756 906 1827 χρὴ
930 1754 1198 1818 ταπεινῶς
1216 1755 1377 1808 νοεῖν.
1407 1753 1604 1824 ’Υϐρις
1621 1752 1730 1822 γὰρ
1757 1749 1911 1806 τοῦτο

2021 1758 2168 1806 esset
2217 1749 2514 1806 revelantis
2569 1749 2807 1820 Spiritus
2845 1751 3204 1806 contumelia.
3253 1750 3602 1822 Nequaquam

338 1815 514 1921 θήπου
561 1815 1047 1921 τοῦιγνωρίσαντος
1075 1815 1386 1917 πνεύματος
1405 1861 1419 1877 ο
1447 1815 1563 1898 ἀλλ’
1759 1843 1911 1896 δυνά

2023 1849 2204 1896 autem
2272 1843 2661 1911 prephetarum
2715 1842 3155 1912 explanationem
3229 1845 3444 1914 assequi
3503 1861 3601 1914 po-

337 1945 436 2016 τὴν
463 1945 715 2014 εὑρήσεις
737 1941 846 1996 τῶν
871 1939 1166 2013 προφητῶν
1187 1940 1285 2009 τὴν
1315 1938 1598 2010 ἐξήγησιν,
1633 1936 1911 2006 γυμνῶσαι

2025 1934 2169 2000 terit,
2201 1933 2293 2002 qui
2328 1947 2450 1988 eam
2493 1949 2524 1987 a
2576 1931 2811 2004 Spiritus
2870 1933 3082 1988 visione
3113 1949 3395 2006 segregare
3426 1943 3604 1988 tenta-

338 2036 542 2105 ταύτην
571 2033 861 2104 ἐπιχειρῶν
888 2032 988 2102 τῆς
1013 2030 1250 2102 θεωρίας
1276 2029 1370 2082 τοῦ
1391 2028 1798 2100 πνεύματος.Τί
1824 2028 1911 2097 μὲν

2023 2023 2183 2078 verit.
2238 2022 2378 2089 Quid
2437 2023 2584 2078 enim
2637 2023 2794 2079 dices
2847 2025 2987 2079 velle
3043 2025 3147 2079 ista
3217 2024 3357 2081 Osee
3395 2027 3599 2081 verba:

338 2127 447 2198 γάρ
471 2128 616 2197 ἐρεῖς
652 2124 813 2194 Ὠσηέ
841 2122 1014 2177 ταῦτα
1046 2122 1330 2193 βούλεσθαι
1349 2121 1417 2175 τὰ
1454 2121 1696 2191 ῥήματα,
1727 2137 1745 2169 ι
1779 2119 1837 2172 Ὀ
1862 2117 1911 2172 δέ

2026 2131 2043 2163 ι
2079 2112 2360 2180 Ephraim,
2386 2114 2562 2168 malus
2585 2113 2860 2184 spiritus,»
2887 2113 2953 2168 ad
2971 2113 3099 2183 quid
3125 2134 3140 2164 ι
3160 2113 3337 2168 oleum
3366 2115 3421 2168 in
3444 2113 3604 2186 Aigy-

350 2217 631 2289 Ἐφραίμ,
694 2215 933 2285 πονηρὸν
1002 2214 1256 2285 πνεῦμας
1295 2232 1313 2265 ι
1376 2211 1522 2275 τίνος
1584 2211 1747 2282 χάριν
1800 2211 1911 2273 καὶ,

2019 2211 2172 2272 ptum
2213 2203 2444 2260 ferebat.
2485 2223 2505 2262 ι
2538 2204 2798 2270 Quaenam
2830 2205 2932 2260 ista
2962 2205 3302 2276 objurgatio?
3331 2205 3462 2276 quid
3515 2206 3603 2262 hic

345 2309 595 2361 ιἜλαιον
616 2309 696 2370 είς
717 2307 990 2375 Αἴγυπτον
1013 2304 1365 2374 ἐνεπορεύετο
1384 2319 1432 2368 ς»
1456 2303 1549 2355 καὶ
1570 2299 1732 2362 ποίας
1754 2297 1911 2352 τοῦτο

2023 2296 2458 2364 reprehensione
2515 2297 2788 2368 dignum?
2854 2298 2984 2368 quid
3041 2299 3146 2355 hoc
3197 2300 3407 2369 aueipis
3461 2315 3597 2366 vas,

340 2401 622 2471 μέμψεως,
649 2398 795 2461 τίνος
821 2395 1167 2466 ἐγκλήματος
1192 2395 1341 2459 ἀξιον
1365 2412 1380 2460 ;
1412 2394 1468 2446 τί
1495 2392 1552 2446 δέ
1580 2391 1674 2445 τοῦ
1704 2391 1911 2458 ίξευτοῦ

2017 2385 2161 2456 quod
2191 2389 2358 2444 Amos
2400 2386 2610 2442 tradit?
2637 2388 2766 2458 quid
2799 2388 2947 2444 dices
2977 2389 3122 2446 hunc
3187 2391 3422 2461 lapidem
3451 2401 3602 2447 stan-

336 2492 397 2545 τὸ
422 2492 613 2559 ἄγγος,
645 2491 781 2560 ὅπερ
823 2487 1004 2558 Ἀμὼς
1058 2486 1383 2558 παρέδωκες
1419 2484 1472 2537 τί
1506 2483 1598 2536 τὸν
1645 2482 1794 2536 λίθον
1823 2484 1911 2536 τὸν

2017 2493 2180 2532 neum
2203 2520 2215 2544 ,
2254 2488 2465 2549 septem
2509 2480 2700 2534 oculos
2729 2479 3020 2548 ferentem,
3055 2490 3114 2538 ut
3145 2484 3365 2553 scripsit
3391 2484 3600 2540 Zacha-

335 2583 734 2654 κασσιτέρινον,
766 2580 905 2633 ἔπτὰ
940 2577 1270 2648 ὀφθαλμοὺς,
1303 2576 1378 2640 ὼς
1413 2574 1685 2645 Ζαχαρίας
1707 2575 1911 2645 γέγρα-

2017 2569 2126 2625 rias
2151 2572 2420 2642 propheta
2451 2571 2474 2626 ?
2505 2582 2560 2628 et
2589 2573 2690 2627 alia
2735 2575 2905 2631 multa
2947 2575 3036 2630 his
3079 2575 3277 2630 similia
3309 2594 3322 2642 ;
3355 2577 3423 2633 de
3475 2578 3598 2650 qui-

335 2687 436 2739 φεν
477 2671 504 2723 6
538 2669 846 2739 προφήτης,
896 2666 1273 2737 βαστάζοντας
1329 2664 1422 2717 καὶ
1481 2663 1654 2718 πολλὰ
1701 2663 1911 2726 τούτοις

2017 2662 2120 2719 bus
2162 2663 2253 2719 ille
2300 2665 2416 2735 ipse
2463 2665 2553 2734 qni
2585 2666 2702 2721 haec
2747 2681 2842 2736 per
2885 2668 3274 2738 prepbetarum
3331 2671 3596 2726 calamum

333 2762 497 2833 ιτερα
523 2761 880 2832 παραπλήσια
899 2775 910 2789 ο
944 2757 1030 2828 ἐφ’
1057 2754 1139 2820 οἷς
1189 2756 1350 2819 αὐτὸς
1379 2757 1407 2809 6
1452 2755 1625 2809 ταῦτα
1652 2757 1767 2819 τοῖς
1814 2773 1911 2807 κα-

2013 2755 2226 2811 locutus
2284 2766 2369 2812 est
2417 2775 2432 2811 :
2477 2759 2728 2826 perhibet
2777 2759 2894 2815 haec
2943 2759 3083 2816 Osee
3137 2761 3341 2817 dixisse
3379 2781 3392 2816 :
3439 2781 3456 2812 ι
3487 2765 3599 2834 Ego

334 2852 526 2923 λάμοις
555 2850 663 2905 τῶν
693 2836 987 2922 προφητῶν
1004 2848 1403 2918 φθεγξάμενος,
1431 2848 1603 2901 εἰπεῖν
1625 2847 1797 2901 ταῦτα
1820 2847 1911 2900 τὸν

2016 2847 2257 2902 visiones
2325 2850 2681 2919 multiplicavi
2717 2891 2732 2916 ,
2768 2860 2823 2906 et
2867 2851 2922 2905 in
2995 2852 3248 2908 manibus
3302 2854 3600 2924 propheta~

347 2945 506 3013 Ὠσηὲ
543 2942 950 3014 προϐάλλεται·
989 2959 1008 2993 ι
1045 2940 1188 3010 Ἐγὼ
1215 2939 1444 3011 ¹ὁράσεις
1488 2939 1787 3009 ἐπλήθυνα,
1816 2938 1910 2992 καὶ

2015 2953 2136 2992 rum
2165 2939 2495 2994 assimilatas
2536 2955 2680 2995 sum.
2711 2959 2730 2992 ι
2771 2939 2946 3010 Hujus
2988 2950 3172 2997 autem
3210 2944 3436 2999 verbum
3465 2944 3596 3000 illud

333 3040 391 3091 ἐν
410 3039 567 3107 χερσὶ
609 3033 905 3106 προφητῶν
950 3032 1260 3104 ὡμοιώθην.
1299 3051 1319 3084 ι
1382 3031 1586 3087 Τούτου
1627 3032 1685 3086 δὲ
1737 3031 1910 3090 οὕτως

2012 3030 2248 3086 breviter
2289 3032 2492 3098 traditi
2525 3032 2736 3088 scilicet
2777 3033 3039 3102 quosdam
3082 3035 3469 3104 prophetarum
3514 3053 3600 3091 re-

333 3130 509 3183 ἐκεῖνο
556 3127 840 3197 συντόμως
889 3128 918 3181 6
961 3125 1120 3195 λόγος
1162 3125 1548 3196 παραδίδωσιν,
1574 3124 1648 3186 ὡς
1681 3124 1731 3177 οἱ
1763 3124 1906 3186 τινές

2012 3138 2101 3194 ges
2174 3121 2396 3179 latuisse
2419 3165 2434 3189 ,
2471 3125 2669 3194 quibus
2728 3127 3088 3197 regnantibus
3129 3129 3446 3198 prophetias
3478 3131 3598 3186 edi-

332 3219 442 3272 τῶν
471 3175 765 3290 προφητῶτν
816 3175 943 3280 τοὺς
976 3175 1362 3286 βασιλετςῖὲᾷ
1395 3209 1470 3270 ὧν
1519 3175 1766 3280 ἐξέθεντο
1811 3212 1908 3281 τὴν

2012 3175 2212 3268 derunt
2241 3253 2256 3278 ,
2286 3215 2401 3269 sive
2445 3175 2591 3284 quod
2646 3175 2820 3287 apudo
2861 3225 3054 3289 gentes
3104 3175 3594 3288 prroplhetaverunt,

335 3311 692 3381 προφητείαν,
723 3307 968 3379 ἔκρυψαν
997 3326 1010 3341 ·
1045 3307 1078 3378 ἢ
1106 3306 1237 3376 παρ’
1278 3305 1456 3358 ἔθνεσι
1497 3301 1911 3376 προφητεύσανο

332 3399 499 3470 τες,ἢ
530 3399 588 3465 ἐξ
630 3397 800 3451 ἐθνῶν
842 3397 1174 3470 ὁρμηθέντες
1213 3395 1538 3466 ἐτύγχανον·
1596 3396 1644 3448 εί
1672 3393 1782 3464 γὰρ
1816 3394 1909 3445 καὶ

331 3490 705 3562 πρωτοτύπως
725 3491 757 3559 ἡ
786 3489 1094 3561 προφητεία
1112 3487 1421 3558 τῷἸσραὴλ
1439 3485 1767 3548 ἀπέσταλτο,
1793 3484 1909 3538 ἀλλ’

329 3581 479 3650 ὅμως
530 3580 826 3652 προφητῶν
875 3597 1037 3634 τινων
1095 3579 1217 3632 τινὰ
1278 3579 1388 3631 τῶν
1437 3577 1606 3630 ἐθνῶν
1667 3575 1911 3646 ὑπῆρξεν

330 3671 736 3739 ἅκροὰσασθαι’
794 3666 830 3740 ἦ
861 3671 982 3740 οὐχὶ
1029 3670 1189 3722 τοῦτο
1254 3669 1435 3730 Ἰωνᾶς
1491 3670 1625 3738 ἡμῖν
1675 3667 1910 3737 μάλιστα

331 3761 740 3833 παρασκευάζει
803 3760 1188 3829 στοχάσασθαι,
1231 3760 1391 3822 αὑτός
1419 3777 1480 3810 τε
1514 3759 1572 3822 ἐξ
1617 3757 1787 3811 ἐθνῶν
1818 3773 1910 3825 γε·

331 3853 526 3922 γονὼς,
560 3853 653 3905 καὶ
677 3851 1062 3924 προφητεύσας
1091 3853 1149 3904 ἐν
1198 3850 1412 3917 levem;
1463 3849 1777 3913 Νινευῒταις
1810 3849 1910 3918 μὲν

331 3945 441 4017 γάρ
467 3944 722 4015 κηρύξων
737 3945 765 3997 6
791 3944 1078 4014 προφήτης
1099 3941 1429 4006 ἀπέσταλτο,
1480 3941 1587 3994 ἀπὸ
1604 3940 1664 3993 δὲ
1684 3943 1781 4011 τῆς
1807 3940 1906 3992 Γὲθ

332 4037 495 4092 αὑτὸν
521 4035 628 4090 τῶν
669 4033 968 4088 Βασιλειῶν
1012 4036 1046 4104 ή
1078 4032 1279 4103 βίϐλος,
1312 4033 1432 4102 ἥτις
1479 4027 1549 4102 ἦν
1577 4031 1674 4101 μία
1707 4029 1813 4084 τῶν
1853 4033 1909 4083 ἐν

331 4132 442 4194 τοῖς
493 4128 814 4198 ἀλλοφύλοις
843 4125 1196 4197 σατραπιῶν,
1235 4124 1520 4178 ἐκδίδωσιο
1565 4123 1702 4193 φησὶ
1758 4124 1904 4192 γάρ·

336 4239 356 4275 ι
394 4221 576 4292 Ῥῆμα
606 4220 812 4290 Κυρίου
859 4217 996 4271 Θεοῦ
1049 4215 1286 4287 Ἰσραὴλ,
1314 4215 1342 4270 ὃ
1367 4215 1633 4282 ἐλάλησεν
1663 4215 1720 4268 ὲν
1764 4215 1908 4285 χειρὶ

329 4317 514 4374 δούλου
543 4313 711 4369 αὑτοῦ
745 4313 918 4377 Ἰωνᾶ,
959 4309 1078 4363 υἱοῦ
1106 4308 1340 4380 Ἀμαθὶ,
1389 4306 1484 4361 τοῦ
1517 4307 1791 4377 προφήτου
1844 4307 1908 4358 ἐκ

329 4408 430 4461 Γὲθ
457 4407 661 4478 Χοφέρ.
687 4424 706 4457 ι
741 4405 849 4459 Καὶ
878 4402 1067 4456 τούτου
1087 4399 1246 4471 χάριν
1271 4399 1498 4471 ἄχρονον
1523 4398 1631 4470 ἄρα
1656 4396 1754 4468 τὴν
1777 4412 1909 4466 προ-

2012 3305 2130 3360 sive
2160 3305 2306 3376 quod
2355 3307 2424 3362 de
2451 3308 2713 3378 gentibus
2767 3309 2871 3379 ipsi
2908 3311 3291 3382 prodierunt.
3330 3313 3386 3368 Si
3447 3316 3593 3370 enim

2011 3399 2285 3469 praecipue
2312 3401 2600 3470 prophetia
2632 3401 2700 3456 ad
2732 3401 2898 3458 Israel
2939 3404 3148 3460 directa
3204 3415 3324 3471 est,
3388 3406 3595 3461 nihilo~

2011 3491 2198 3545 minus
2230 3491 2496 3562 quosdam
2547 3493 2845 3564 prophetas
2901 3497 3132 3566 contigit
3185 3513 3215 3552 a
3267 3497 3594 3567 quibusdam

2011 3577 2266 3648 gentibus
2321 3581 2538 3637 auditos
2589 3581 2781 3639 fuisse.
2831 3582 3027 3640 Nonne
3083 3585 3188 3641 hoc
3229 3586 3394 3642 Jonas
3433 3588 3599 3644 nobis

2011 3673 2316 3740 praesertim
2380 3675 2624 3730 indicare
2691 3676 2947 3742 videtur,
3024 3692 3148 3732 cum
3188 3677 3305 3746 ipse
3347 3688 3493 3733 esset
3526 3696 3594 3737 ex

2011 3759 2266 3827 gentibus
2324 3771 2382 3816 et
2428 3763 2572 3832 apud
2605 3772 2796 3834 gentes
2852 3769 3258 3834 prophetaret:
3330 3767 3608 3828 Ninivitis.

2012 3851 2156 3906 enim
2182 3853 2581 3922 praedicaturus
2616 3857 2880 3926 propheta
2905 3860 3108 3915 missus
3141 3869 3262 3916 est:
3321 3861 3461 3917 liber
3488 3879 3603 3918 aus-

2013 3947 2123 3994 tem
2171 3941 2378 4012 Regum
2413 3944 2566 4000 illum
2596 3945 2666 4000 de
2696 3945 2836 4001 Geth
2858 3987 2876 4013 ,
2911 3963 3036 4018 quae
3063 3959 3148 4006 est
3196 3967 3302 4006 una
3343 3969 3410 4008 ex
3459 3955 3612 4010 alie-.

2009 4033 2097 4088 nis
2131 4035 2406 4105 satrapiis,
2438 4037 2621 4094 tradit.
2659 4039 2808 4094 Dixit
2837 4043 2983 4096 enim
3011 4059 3024 4095 :
3063 4062 3080 4094 ι
3109 4043 3348 4100 Verbum
3381 4049 3600 4108 Domini

2010 4123 2108 4178 Dei
2153 4123 2318 4180 Israel
2354 4167 2369 4192 ,
2431 4128 2576 4196 quod
2603 4127 2818 4184 locutus
2854 4139 2940 4187 est
2996 4131 3052 4189 in
3104 4149 3272 4190 manu
3315 4137 3456 4192 servi
3505 4140 3598 4195 sui

2008 4211 2192 4281 Jonas,
2250 4215 2322 4270 ﬁli
2366 4215 2616 4281 Amathi,
2645 4220 2925 4289 prepheua
2954 4221 3022 4276 de
3050 4221 3186 4278 Geth
3239 4234 3294 4280 et
3321 4224 3523 4296 Opher,
3563 4248 3586 4280 ι

2011 4307 2078 4366 Et
2106 4317 2393 4377 propterea
2439 4308 2643 4379 absque
2667 4318 2912 4382 tempore
2934 4314 3275 4382 prophetiam
3300 4321 3599 4387 exposuit.

2008 4397 2114 4454 Sed
2141 4407 2198 4454 et
2222 4399 2511 4466 Joel,.eum
2563 4402 2875 4472 scripsisset
2899 4405 2979 4461 sic
3011 4405 3129 4476 ipse
3155 4422 3374 4477 quoque
3403 4426 3601 4480 procax

333 4501 557 4570 φητείαν
587 4498 876 4567 ἐκθέμενος
896 4512 910 4526 ’
939 4494 1076 4548 άλλά
1100 4496 1193 4548 καὶ
1212 4491 1387 4563 Ἰωήλ,
1417 4491 1632 4561 γράψας
1647 4489 1790 4543 οὕτω
1814 4491 1908 4543 καὶ

2012 4492 2210 4548 mium:
2249 4513 2268 4546 ι
2298 4493 2496 4551 Audite
2536 4496 2642 4552 hoc
2667 4535 2684 4562 ,
2735 4513 2919 4564 senes,
2953 4507 3009 4553 et
3038 4502 3263 4556 auribus
3296 4504 3595 4573 percipitc,.

333 4592 494 4656 αὐτὸς
525 4591 585 4644 τὸ
615 4591 898 4661 προοίμιον
920 4604 933 4616 ·
976 4606 993 4639 ι
1021 4586 1317 4640 Ἀκούσατε
1348 4585 1542 4651 ταῦτα,
1573 4585 1624 4637 οἱ
1660 4583 1908 4654 πρεσϐύ-

331 4701 500 4755 τεροι,
535 4683 628 4735 καὶ
673 4679 1023 4745 ἐνωτίσασθε,
1061 4681 1266 4743 πάντες
1298 4681 1348 4734 οἱ
1392 4678 1777 4742 κατοικοῦντες
1809 4677 1908 4749 τὴν

331 4778 454 4846 γῆν.
485 4793 504 4825 ι
526 4773 599 4826 T6
614 4773 670 4826 δὲ
703 4772 831 4826 αὐτὸ
866 4772 961 4824 καὶ
987 4771 1202 4825 Ἀϐδιού
1226 4789 1239 4802 ·
1278 4772 1506 4841 ιἈκοὴν
1529 4772 1738 4842 ηκουσα
1757 4769 1910 4840 παρὰ

331 4865 559 4936 Κυρίου,
590 4864 686 4918 καὶ⁸
733 4863 995 4934 περιοχὴν
1036 4864 1117 4925 εἰς
1149 4861 1219 4915 τὰ
1267 4861 1392 4934 ἔθνη
1440 4862 1844 4929 ἐξαπέστειλεν.
1883 4882 1903 4915 ι

335 4957 458 5012 Ἔτι
485 4957 580 5011 καὶ
606 4954 832 5025 Ναούμ·
872 4973 891 5005 ι
919 4956 1129 5025 Λῆμμα
1152 4953 1342 5007 Νινευῒ
1375 4953 1569 5020 λέγων,
1593 4954 1756 5022 ὅμοια
1789 4971 1909 5007 στου

330 5028 590 5118 χάζεσθαι
616 5047 744 5118 περὶ
773 5046 923 5115 σφῶν
945 5045 1360 5112 ἀναγκάζουσιν.
1389 5064 1406 5096 ι
1436 5045 1759 5114 Ἀμϐακοὺμ
1779 5043 1905 5111 γὰρ,

334 5143 382 5192 εἰ
410 5141 505 5210 μὲν
534 5134 686 5202 οὗτός
723 5140 872 5192 ἐστιν
901 5136 962 5190 ὃν
993 5138 1050 5198 ἐς
1092 5135 1191 5206 τὴν
1239 5135 1599 5189 Βαϐυλωνίων
1653 5137 1908 5206 ἀρπάσας

336 5231 667 5298 ἀπεκόμισεν
694 5230 942 5296 ἄγγελος,
972 5229 1146 5280 εἰπεῖν
1170 5227 1230 5279 τὸ
1266 5227 1434 5295 σαφὲς
1468 5228 1568 5280 οὐκ
1598 5227 1735 5298 ἔχω·
1768 5227 1910 5299 πλὴν

334 5323 453 5374 οὐδὲ
489 5322 648 5382 αὐτὸς
693 5323 751 5372 ἐν
798 5321 1072 5392 προοιμίῳ
1114 5317 1215 5388 τῆς
1245 5319 1453 5389 βίϐλου,
1489 5319 1588 5388 τῆς
1621 5319 1906 5384 Ἰουδαίας,

344 5414 568 5484 ευχὺν,ἢ
599 5412 906 5482 Σαμαρείας
926 5452 940 5476 ,
968 5413 1001 5480 ἢ
1049 5409 1144 5464 τοῦ
1195 5411 1416 5483 Ἰσραὴλ
1446 5410 1742 5482 μέμνηται,
1773 5411 1909 5466 ἀλλὰ

338 5504 479 5578 ικαὶ]
503 5505 598 5566 τῆς
627 5504 729 5572 γῆς
759 5502 884 5573 ὅλης
903 5515 919 5532 ⁶
951 5505 1072 5573 ούχὶ
1103 5503 1212 5574 γὰρ
1242 5504 1409 5574 μόνης
1438 5503 1536 5574 τῆς
1571 5502 1831 5572 Ἰουδαίας
1852 5504 1910 5558 ἐν

333 5600 430 5669 ὅλῃ
457 5595 518 5667 τ’ξ,
556 5597 866 5664 κεροφητικῇ
895 5593 1061 5665 βίϐλῳ
1094 5596 1426 5664 κατηγορίαν
1448 5595 1785 5665 εἰσέρχεται·
1815 5594 1910 5664 ζη-

333 5689 444 5741 τῶν
467 5687 522 5739 δὲ
543 5687 634 5739 τὸν
659 5683 966 5754 Μαλαχιὴλ.
1005 5684 1260 5753 εὑρήσεις
1293 5687 1401 5746 τοῖς
1446 5684 1624 5738 ἔθνεσι
1649 5683 1707 5736 τδ
1740 5685 1910 5747 κεφά-

335 5777 602 5846 ium-.71;
648 5774 984 5847 προφητείας
1010 5775 1271 5844 νέμοντα.
1313 5778 1408 5840 Ὃς
1456 5777 1504 5830 εἰ
1547 5777 1642 5830 καὶ
1679 5777 1907 5846 ἄγγελος

2010 4599 2201 4642 omnes
2220 4587 2592 4643 inhabitantes
2617 4601 2871 4644 teri-ama
2904 4591 3052 4646 Idem
3077 4602 3260 4648 autem
3281 4604 3338 4650 et
3361 4597 3594 4654 Abdias:

2017 4694 2035 4726 ι
2067 4675 2322 4731 Auditum
2357 4680 2542 4734 audivi
2574 4696 2605 4734 a
2635 4680 2870 4735 Domino
2915 4691 2971 4736 et
2998 4683 3234 4754 legatum
3285 4687 3354 4741 ad
3397 4699 3592 4758 gentes

2009 4766 2178 4822 misit.
2221 4787 2238 4819 ι
2273 4769 2342 4824 Ει
2373 4769 2540 4824 etiam
2585 4770 2800 4826 Nahum
2851 4772 3050 4829 Ninive
3099 4777 3315 4831 titulum
3349 4779 3538 4836 dicens
3569 4801 3586 4838 :

2009 4855 2212 4914 Omnes
2237 4860 2433 4915 similia
2470 4862 2755 4918 intendere
2799 4865 2870 4919 de
2911 4866 3048 4936 ipsis
3085 4879 3306 4939 cogunt.
3354 4870 3429 4927 De
3480 4873 3589 4928 Ha.

2008 4948 2182 5004 bacuc
2207 4952 2379 5015 enim,
2415 4952 2460 5007 si
2513 4953 2603 5007 ille
2635 4955 2854 5024 quidem
2906 4965 2990 5011 est
3036 4973 3198 5028 quem
3253 4961 3306 5014 in
3361 4962 3589 5034 Babylo-

2009 5043 2154 5098 niam
2187 5053 2402 5112 raptum
2426 5048 2724 5114 reportavit
2749 5047 3010 5119 Angelus,
3038 5066 3147 5105 non
3173 5062 3256 5107 est
3283 5053 3416 5108 mihi
3445 5057 3590 5124 quod

2010 5131 2186 5188 dicam
2223 5134 2452 5199 clarum,
2481 5136 2584 5192 nisi
2616 5138 2761 5206 quod
2797 5139 2913 5208 ipse
2938 5139 2994 5194 in
3034 5140 3449 5210 proeemio'librt
3479 5161 3588 5200 non

2009 5224 2172 5277 modo
2202 5225 2268 5278 de
2298 5223 2484 5280 Judaea
2507 5269 2520 5292 ,
2572 5228 2686 5282 sive
2721 5230 2788 5284 de
2825 5230 3092 5297 Samaria,
3143 5233 3256 5287 sive
3306 5235 3374 5289 de
3429 5235 3591 5292 Israel

2017 5317 2356 5371 mentionem
2384 5317 2534 5385 facit,
2568 5320 2662 5375 sed
2697 5321 2859 5376 etiam
2884 5323 2951 5378 de
2972 5333 3082 5378 tota
3107 5333 3269 5380 terra.
3300 5326 3418 5382 Non
3445 5331 3591 5386 enim

2010 5407 2179 5462 solius
2202 5407 2403 5464 Judaeaa
2433 5411 2488 5465 in
2532 5421 2643 5467 toto
2673 5415 2994 5483 prophetico
3024 5416 3162 5471 libro
3189 5421 3591 5478 accusationem

2010 5498 2322 5556 introducit.
2356 5501 2674 5561 Malachiam
2695 5515 2875 5560 autem
2904 5509 2947 5563 si
2969 5524 3211 5577 qumras,
3241 5512 3484 5570 invenies
3512 5517 3594 5572 di-

2013 5590 2368 5646 stribuentcm
2398 5594 2650 5663 gentibus
2680 5597 3008 5666 praecipuam
3029 5601 3326 5670 prephcu'm
3358 5617 3592 5671 partem,

2011 5683 2125 5750 qui.
2159 5699 2280 5736 cum
2327 5685 2551 5754 angelus
2579 5685 2788 5740 Domini
2842 5689 3172 5754 nominetur,
3219 5693 3380 5750 homo
3414 5707 3592 5752 tamen

2011 5773 2268 5830 ei'atchi
2322 5776 2465 5830 enim
2519 5779 2692 5848 angeli
2738 5779 3013 5850 prephcuc
3052 5785 3413 5856 dicebantur;
3449 5792 3594 5862 quod
