4032 6222
552 328 685 396 1343
1727 339 2088 398 HESYCIIII
2146 339 2620 399 PRESBYTER-I-
3661 331 3794 390 1344

547 442 882 496 demonstrat
925 441 1151 514 Aggaus
1192 441 1272 498 sic
1305 443 1525 512 quidem
1566 446 1805 514 scipsum
1849 449 1927 502 sic
1957 449 2111 502 etiam

2222 449 2360 501 Θεοῦ
2393 449 2780 521 ἑρμηνεύεται,
2812 447 3093 520 ἄνθρωπος
3124 445 3272 513 ὅμως
3301 437 3387 512 ἦν.
3415 439 3667 509 Ἄγγελοι
3688 442 3794 512 γὰρ

543 545 602 588 et
626 533 761 587 alios
781 535 1076 604 prophetas
1088 549 1310 600 vocans,
1341 536 1538 605 quibus
1553 538 1853 607 prophetia
1876 554 1988 592 sua
2019 539 2111 592 mi-

2228 541 2364 594 Θεοῦ
2397 543 2448 594 oi
2471 542 2750 612 προφῆται
2797 539 3071 608 ἐλέγοντοο
3107 537 3256 607 δηλοῖ
3286 535 3343 588 δὲ
3371 535 3624 603 ’Δγγαῖος
3654 533 3798 587 οὕτω

544 624 731 678 nistris
749 625 1021 679 utebatur.
1048 625 1364 681 Dicitenim:
1388 646 1405 678 ι
1427 626 1492 680 Et
1508 627 1882 698 dixitAggaus
1898 630 2111 700 angelus

2230 635 2328 704 μὲν
2367 635 2580 696 ἑαυτὸν,
2627 632 2771 686 οὕτω
2803 632 2860 686 δὲ
2884 631 3129 694 καὶτοὺς
3177 629 3368 691 ἄλλους
3401 627 3684 696 προφήτας
3709 641 3796 678 κε-

543 715 756 770 Dntnini
783 717 925 770 inter
946 719 1166 789 angelos
1190 719 1399 774 Domini
1451 721 1672 789 populo.
1705 739 1724 772 ι
1757 720 1921 777 Forte
1953 725 2116 778 etiam

542 823 599 862 et
634 810 737 864 hoc
779 825 976 866 nomen
1005 813 1285 882 proprium
1326 813 1594 884 prepbeta
1633 813 1860 870 sortitus
1881 824 1983 870 est.
2010 814 2118 870 Sed

543 901 766 970 insuper
795 902 925 956 illud
954 902 1322 973 adjiciendum
1357 914 1414 960 et
1455 906 1520 959 ad
1554 905 1912 963 sinceriorem
1948 908 2116 963 libro-

543 1009 663 1047 rum
722 995 1165 1064 propheticorum
1220 997 1656 1068 intelligentiam,
1713 997 1919 1054 scilicet
1973 1000 2118 1053 anti-

540 1100 704 1154 quam
742 1103 862 1142 esse
892 1088 1192 1156 prophetia
1222 1089 1486 1158 gratiam:
1519 1090 1724 1159 quippe
1753 1107 1873 1159 qua
1901 1092 1968 1146 ab
1997 1091 2115 1160 ipsa

540 1176 792 1245 primitus
828 1179 1109 1232 hominum
1145 1180 1421 1235 creatione
1456 1181 1708 1251 incipiat;
1748 1181 1821 1236 ita
1855 1193 1913 1236 ut
1942 1183 2112 1238 Adam

540 1269 608 1321 de
665 1267 771 1322 Eva
824 1268 1023 1324 dixerit
1055 1271 1376 1338 prophetico
1417 1272 1576 1340 plane
1608 1272 1790 1327 dono:
1835 1293 1853 1324 ι
1890 1272 2115 1343 Propter

542 1360 648 1414 hoc
706 1361 1051 1430 derelinquet
1112 1363 1276 1417 homo
1313 1373 1520 1433 patrem
1577 1380 1736 1418 suum
1787 1374 1842 1420 et
1885 1375 2111 1420 matrem

537 1465 716 1514 suam,
743 1459 798 1504 et
831 1444 1130 1506 adharebit
1160 1455 1225 1508 ad
1259 1471 1486 1510 uxorem
1507 1471 1660 1510 suam
1689 1475 1703 1522 ;
1732 1468 1786 1511 ct
1817 1467 1979 1511 erunt
2003 1459 2112 1512 duo

539 1542 594 1594 in
631 1555 849 1597 carnem
879 1560 1065 1599 unam.
1102 1564 1121 1596 ι
1147 1545 1420 1600 Abraham
1451 1549 1717 1618 propheta
1746 1551 1815 1604 ab
1843 1551 1962 1620 ipso
1999 1551 2111 1606 Deo

537 1633 652 1688 hac
672 1635 887 1690 dicente
912 1637 979 1690 ad
1006 1635 1345 1704 Abimelech,
1380 1651 1728 1710 nuncupatus
1781 1650 1891 1696 est:
1923 1660 1940 1692 ι
1966 1641 2112 1696 Red-

535 1724 604 1778 de
637 1740 860 1779 uxorem
911 1727 1050 1792 viro,
1083 1728 1208 1797 quia
1241 1731 1506 1799 propheta
1537 1740 1641 1784 est.
1676 1731 1791 1786 Non
1844 1732 2008 1801 igitur
2051 1735 2103 1788 hi

533 1813 633 1867 soli
694 1816 972 1886 propheta:
1026 1827 1176 1884 sunt,
1241 1835 1476 1888 quorum
1521 1820 1744 1876 nomine
1785 1822 2108 1877 inscribitur
2139 1807 2180 1862 Β

533 1905 839 1975 prophetia.
865 1907 996 1962 Nam
1031 1910 1306 1978 quomodo
1338 1909 1556 1965 Samuel
1587 1913 1840 1982 princeps
1871 1915 2110 1984 prophe-

537 2009 710 2056 tarum
741 2003 1037 2058 vocabatur
1065 2005 1088 2056 ?
1119 2005 1405 2071 Quomodo
1437 2006 1532 2060 lilii
1585 2000 1974 2078 prophetarum
2025 2011 2108 2065 di-

532 2092 798 2147 cebantur
843 2095 934 2164 qui
968 2097 1123 2166 juxta
1166 2097 1336 2152 Eliam
1400 2100 1922 2169 congregabantur?
1979 2101 2110 2157 Pro-

534 2183 718 2252 phetia
767 2185 910 2240 enim
957 2187 1066 2241 ulla
1097 2204 1200 2244 nec
1255 2189 1449 2242 horum
1484 2205 1584 2244 nec
1638 2191 1853 2245 illorum
1888 2193 2111 2248 nomine

533 2275 795 2346 inscripta
825 2277 1081 2332 refertur.
1113 2278 1390 2349 Quotquot
1424 2281 1585 2351 igitur
1646 2293 1800 2338 erant
1864 2285 2108 2354 philoso-

532 2367 677 2438 phia
711 2367 893 2424 forsan
921 2380 1046 2425 ante
1074 2370 1207 2425 alios
1239 2372 1420 2442 periti,
1455 2373 1509 2426 bi
1543 2390 1758 2444 quoque
1789 2377 2110 2445 prophetico

532 2460 714 2515 studio
744 2461 984 2517 illustres
1015 2462 1144 2518 facti
1174 2501 1188 2528 ,
1245 2463 1361 2519 sive
1404 2465 1548 2535 quod
1618 2465 1893 2522 historicis
1955 2468 2110 2523 libris

533 2553 812 2623 inspirata
853 2553 1148 2625 Scriptura
1174 2572 1513 2627 quacunque
1563 2559 1886 2628 prophetico
1913 2560 2106 2629 spiritu

534 2645 790 2699 dixerunt
841 2655 935 2700 aut
964 2647 1210 2702 fecerunt
1255 2650 1560 2720 conscripta
1618 2661 1780 2717 sunt,
1829 2653 1972 2706 sicut
2007 2652 2109 2706 Sa-

534 2738 712 2802 muel,
749 2736 891 2793 Elias
942 2748 999 2792 et
1035 2740 1298 2805 Elizaus;
1325 2743 1439 2796 sive
1462 2743 1604 2811 quod
1639 2745 1808 2799 libros
1862 2743 1964 2814 ipsi
1983 2760 2110 2814 pro-

535 2830 784 2900 phetieos
809 2869 826 2896 ,
868 2830 1086 2886 alllante
1142 2833 1350 2902 Spiritu
1389 2875 1404 2899 ,
1448 2835 1859 2901 condiderunt,
1919 2839 2110 2906 quales

535 2923 688 2978 fuere
721 2922 1006 2979 duodecim
1037 2966 1052 2990 ,
1113 2935 1168 2978 et
1199 2925 1366 2980 Isaias
1395 2967 1408 2992 ,
1465 2936 1520 2981 et
1554 2925 1854 2994 Jercmias,
1889 2939 1943 2984 et
1977 2929 2110 2985 Eze-

533 3015 700 3081 chiel,
733 3025 787 3070 et
820 3015 1030 3072 Daniel.
1067 3016 1214 3072 Inter
1233 3033 1368 3087 quos
1396 3019 1656 3076 Ezechiel
1679 3021 1898 3090 quidem
1921 3029 1976 3076 et
2003 3021 2109 3076 Da-

2226 724 2440 796 κληκὼς
2468 719 2548 789 οἷς
2565 723 2864 796 ὑπηρέταις
2879 723 2977 793 τῆς
2997 720 3194 776 ἐαυτοῦ
3213 716 3554 790 προφητείας
3577 716 3795 786 ἐκέχρηη

2223 833 2304 873 το.
2331 818 2468 886 Φησὶ
2498 817 2606 888 γάρ
2630 832 2645 846 ⁸
2685 835 2704 867 ι
2730 815 2845 876 ,Καὶ
2873 809 3029 869 εἶπεν
3059 813 3312 882 Ἀγγαῖος
3341 809 3572 878 ἄγγελος
3592 807 3793 877 Κυρίου

2224 909 2282 960 ἐν
2303 909 2555 976 ἀγγέλοις
2591 908 2798 978 Κυρίου
2829 907 2908 978 τῷ
2951 905 3086 976 λαῷ.
3117 923 3138 956 ι
3183 904 3343 966 Ἴσως
3373 902 3430 955 δέ
3482 900 3578 954 καὶ
3629 899 3794 968 δνομα

2221 999 2380 1052 τοῦτο
2404 999 2591 1071 κύριον
2616 1002 2644 1053 ό
2695 1000 2983 1070 προφήτης
3009 997 3296 1065 ἐκέκτητο.
3342 993 3511 1047 una
3540 991 3648 1063 μὴν
3696 992 3792 1044 κά-

2223 1097 2369 1148 κεῖνο
2397 1095 2713 1165 προσθεῖναι
2735 1095 2870 1164 πρὸς
2895 1091 3296 1165 ἀκριϐεστέραν
3335 1090 3542 1157 γνῶσιν
3570 1087 3680 1140 τῶν
3716 1085 3792 1154 βί-

2221 1185 2360 1240 ϐλων
2386 1187 2494 1240 τῶν
2522 1185 2874 1258 προφητικῶν
2902 1185 3072 1250 ἀξιον,
3095 1183 3172 1247 ὡς
3219 1181 3446 1252 ἀρχαῖον
3478 1179 3577 1248 μὲν
3609 1173 3677 1247 ἦν
3701 1179 3793 1244 τῆς

2219 1277 2560 1348 προφητείας
2608 1277 2668 1330 τὸ
2693 1277 2961 1347 χάρισμα,
3003 1275 3062 1342 ἐξ
3092 1273 3264 1344 αὐτῆς
3293 1271 3503 1328 ἀνωθεν
3538 1271 3643 1339 τῆς
3691 1267 3794 1320 τῶν

2219 1366 2522 1436 ἀνθρώπων
2555 1365 2925 1436 δημιουργίας
2951 1364 3281 1436 ἀρξάμενον.
3310 1361 3470 1413 Ὥστε
3505 1358 3596 1411 τὸν
3628 1357 3790 1424 Ἀδάμ

2218 1460 2346 1525 περὶ
2373 1459 2473 1528 τῆς
2508 1457 2651 1521 Εὔας
2673 1457 2876 1526 λέγειν,
2896 1454 3222 1528 προφητικῷ
3247 1451 3494 1522 δηλονότι
3524 1449 3788 1520 χαρίσμαο

2216 1565 2288 1602 τιο
2313 1549 2568 1602 «Ἕνεκεν
2595 1549 2784 1603 τούτου
2805 1549 3123 1617 καταλείψει
3150 1545 3436 1616 ἄνθρωπος
3468 1542 3560 1596 τὸν
3589 1540 3786 1608 πατέρα

2215 1641 2402 1705 αὑτοῦ,
2435 1642 2529 1695 καὶ
2554 1643 2654 1713 τὴν
2690 1640 2901 1711 μητέρα
2947 1640 3136 1706 αὐτοῦ,
3192 1638 3288 1693 καὶ
3320 1631 3787 1706 προσκολληθήσε-

2213 1750 2302 1786 ται
2335 1734 2472 1804 πρδς
2501 1733 2597 1805 τὴν
2623 1736 2857 1802 γυναῖκα
2895 1733 3091 1797 αὐτοῦ,
3131 1731 3223 1786 καὶ
3253 1730 3472 1782 ἔσονται
3502 1727 3550 1779 οί
3595 1726 3690 1778 δύο
3716 1724 3784 1785 είς

2213 1825 2391 1896 σάρκα
2421 1826 2568 1895 μίαν.
2611 1844 2630 1877 ι
2669 1825 2924 1896 Ἀϐραὰμ
2942 1824 2997 1877 δὲ
3033 1824 3320 1894 προφήτης
3351 1819 3481 1890 παρ’
3515 1814 3680 1870 αὐτοῦ
3703 1813 3784 1867 τοῦ

2210 1915 2367 1980 Θεοῦ,
2403 1916 2576 1969 ταῦτα
2605 1919 2740 1987 πρὸς
2771 1917 2864 1969 τὸν
2893 1915 3187 1986 Ἀϐιμέλεχ
3217 1912 3488 1973 εἰπόντος,
3521 1907 3785 1979 προσηγό-

2212 2027 2398 2081 ρευται
2418 2025 2433 2040 ⁸
2464 2027 2482 2060 ι
2505 2009 2730 2072 Ἀπόδος
2756 2008 2853 2078 τὴν
2875 2009 3108 2076 γυναῖκα
3135 2004 3212 2074 τῷ
3231 2001 3528 2072 ἀνθρώπῳ,
3553 2001 3640 2053 ὅτι
3669 2015 3785 2066 προ-

2211 2105 2388 2175 φήτης
2431 2101 2602 2156 ἐστίν.
2637 2120 2656 2152 ι
2717 2101 2791 2154 Οὑ
2827 2101 2976 2169 μόνοι
3041 2098 3220 2150 τοίνυν
3253 2095 3531 2164 προφῆται
3567 2091 3784 2158 γεγόνα-

2211 2212 2329 2259 σιν,
2363 2187 2437 2247 ὧν
2468 2191 2746 2264 ἔγγραφος
2775 2193 2808 2260 ἡ
2845 2189 3163 2260 ,προφητεία
3215 2187 3476 2256 φέρεται·
3510 2184 3637 2236 ἐπεὶ
3683 2182 3782 2243 πῶς

2213 2287 2309 2357 μὲν
2342 2288 2370 2338 ό
2390 2284 2644 2355 Σαμουὴλ
2679 2281 2974 2354 προφητῶν
3003 2280 3230 2351 ἔξαρχος
3260 2275 3654 2346 ἐπωνόμαστος
3683 2272 3784 2334 πῶς

2208 2379 2263 2431 δὲ
2302 2377 2409 2430 υἱοὶ
2443 2374 2741 2446 προφητῶν
2772 2374 2820 2426 οἱ
2847 2371 3201 2442 συναγόμενοι
3229 2367 3383 2439 παρὰ
3406 2366 3498 2420 τὸν
3529 2366 3782 2418 Ἐλισαῖον

2209 2467 2490 2536 ἐλέγοντος
2524 2466 2836 2538 Προφητεία
2885 2463 2993 2534 γὰρ
3043 2462 3318 2533 ἔγγραφος
3349 2460 3410 2513 οὐ
3453 2456 3664 2509 τούτων
3697 2454 3782 2524 μὲν

2207 2557 2321 2624 οὖν,
2352 2557 2475 2612 οὐδὲ
2511 2557 2731 2611 ἐκείνων
2765 2555 3010 2626 φέρεται.
3031 2555 3187 2607 Ὅσοι
3211 2552 3387 2606 τοίνυν
3415 2546 3554 2620 ἦσαν
3577 2548 3679 2617 τὴν
3703 2564 3779 2614 φι-

2208 2649 2462 2718 λοσοφίαν
2493 2649 2625 2711 ῐσως
2653 2645 2796 2716 ὑπὲρ
2819 2645 2947 2709 τοὺς
2973 2644 3166 2707 ἀλλους
3195 2641 3488 2708 ἐξαίρετοι,
3510 2632 3660 2692 οὗτοι
3701 2637 3780 2688 καὶ

2207 2741 2306 2812 τὴν
2333 2739 2676 2812 προφητικὴν
2709 2739 2946 2808 Θεωρίαν
2966 2737 3249 2806 γεγονότες
3277 2734 3561 2802 ἐπίσημοι,
3599 2730 3634 2800 ἢ
3674 2730 3778 2788 ταῖς

2211 2835 2510 2902 ἱστορικαῖς
2561 2831 2762 2900 βίϐλοις
2798 2829 2899 2899 τῆς
2963 2827 3326 2881 Θεοπνεύστου
3371 2823 3637 2894 Γραφῆς,
3692 2820 3777 2910 ὅσα

2210 2921 2538 2994 προφητικῷ
2564 2921 2847 2989 Πνεύματι
2870 2920 3116 2981 εἰπόντες
3145 2916 3502 2988 ῆπράξαντες
3525 2913 3778 2981 ὑπῆρχον,

2208 3012 2617 3082 ἀνεγράφησαν,
2639 3009 2828 3081 ὥσπερ
2863 3007 3138 3080 Σαμουὴλ,
3175 3007 3364 3068 Ἠλίας
3397 3021 3456 3057 τε
3487 3003 3581 3057 καὶ
3619 3001 3777 3056 Ἐλισ-

535 3103 664 3168 niel,
699 3105 926 3176 Aggaus
953 3115 1008 3160 et
1030 3106 1340 3172 Zacharias,
1376 3107 1676 3177 captivitati
1709 3109 1891 3179 populi
1915 3107 2106 3164 Iudai-

2214 3107 2358 3167 σαίος
2377 3120 2391 3133 ·
2425 3103 2457 3174 ἢ
2485 3102 2724 3172 βίϐλους,
2751 3099 3146 3173 ἐπιτραπέντες
3163 3098 3314 3168 παρά
3338 3095 3432 3150 τοῦ
3455 3094 3778 3194 Πνεύματος,

533 3195 582 3248 ei
612 3195 757 3264 apud
787 3194 1043 3266 Assyrios
1073 3198 1409 3266 posteriores
1442 3199 1791 3268 prophetam.
1843 3200 2110 3257 Jeremias

535 3291 718 3338 autem
749 3285 892 3340 hanc
925 3286 1097 3355 ipsam
1127 3287 1499 3356 captivitatem
1523 3288 1870 3344 vaticinatur.
1899 3289 2111 3361 Sopho-

536 3375 657 3429 nias
702 3391 815 3431 non
869 3384 986 3431 toto
1016 3385 1264 3447 tempore
1317 3393 1431 3434 sua
1464 3379 1788 3449 prophetia,
1831 3381 1926 3436 sed
1957 3391 2112 3451 parte

538 3475 748 3520 tantum
776 3507 789 3531 ,
839 3465 1022 3521 ﬂoruit
1069 3477 1333 3538 regnante
1405 3468 1588 3535 Josia;
1645 3487 1756 3542 quo
1793 3471 1959 3527 etiam
2020 3488 2110 3528 re-

535 3568 738 3629 gnante
769 3557 1040 3614 Jeremias
1059 3558 1343 3615 vaticinari
1376 3560 1689 3631 incipiebat.
1711 3563 1907 3618 Galeri
1929 3574 2111 3620 autem

536 3649 691 3705 Isaia
739 3651 960 3721 quidem
989 3652 1475 3722 contemporanei,
1526 3654 1621 3709 sed
1664 3655 1956 3720 Samuele,
1996 3657 2112 3712 Elia

535 3751 593 3796 et
625 3741 818 3797 Elisao
851 3743 1204 3799 recentiores.
1237 3742 1294 3799 Id
1327 3759 1392 3800 ex
1416 3759 1483 3800 eo
1531 3753 1685 3816 patet
1733 3747 1878 3818 quod
1919 3749 2112 3804 Elisao

537 3835 993 3891 monicntiadl’uit
1040 3835 1311 3903 Joas,rex
1357 3836 1546 3893 Israel.
1589 3839 1645 3893 In
1674 3839 1870 3895 diebus
1927 3849 2110 3896 autem

537 3927 862 3992 Jeroboam,
893 3943 1004 3983 non
1034 3927 1129 3982 ﬁlii
1185 3929 1399 3984 Nabath
1426 3969 1442 3994 ,
1476 3929 1571 3986 sed
1624 3929 1718 3985 lilii
1761 3930 1888 3988 Joas
1909 3973 1924 3998 ,
1973 3932 2112 3988 Osee

535 4019 878 4088 prophetiam
907 4019 1038 4075 edit.
1079 4020 1252 4086 Simul
1276 4036 1400 4075 cum
1430 4037 1497 4077 eo
1558 4019 1863 4077 ﬂoruerunt
1919 4023 2108 4088 Amos,

538 4110 793 4166 Michaas
827 4119 882 4166 et
907 4111 1110 4175 Isaias;
1157 4112 1302 4168 sicut
1338 4113 1642 4168 enumerati
1684 4113 1739 4167 in
1771 4113 1951 4169 fronte
1997 4115 2114 4169 sin-

535 4203 784 4271 gulorum
815 4201 1116 4272 prophetia
1144 4217 1304 4274 reges
1329 4203 1574 4259 studiose
1598 4205 1862 4274 quaerenti
1879 4215 1934 4262 et
1961 4221 2112 4261 scru-

537 4294 669 4347 tanti
708 4295 951 4350 indicare
1019 4303 1271 4364 possunt.
1308 4293 1461 4360 Quod
1489 4306 1674 4352 autem
1707 4297 1865 4354 deest
1887 4298 2112 4370 prologo

533 4386 850 4441 necessario
901 4385 1198 4441 addemus:
1241 4387 1475 4452 scilicet,
1507 4387 1676 4442 Amos
1707 4396 1764 4444 ct
1793 4386 1935 4443 Osee
1966 4389 2109 4458 apud

2214 3197 2367 3252 αὐτοὶ
2415 3193 2762 3266 προφητικάς
2798 3191 3125 3258 συνέταξαν⁹
3169 3185 3270 3245 οἷοί
3302 3206 3444 3252 τινες
3475 3189 3527 3240 οἱ
3560 3186 3776 3247 δώδεκα,

2223 3288 2454 3352 Ἦσαῖας
2484 3305 2564 3353 τε,
2587 3288 2680 3340 καὶ
2711 3285 2999 3356 Ἱερεμίας,
3036 3283 3131 3338 καὶ
3152 3281 3437 3352 Ἰεζεκιὴλ,
3470 3279 3564 3335 καὶ
3593 3275 3778 3346 Δανιὴλ

2211 3380 2500 3450 γεγόνασιν
2519 3395 2534 3410 ο
2561 3371 2636 3433 ὧν
2653 3375 2915 3446 Ἰεζεκιὴλ
2946 3375 3042 3447 μὲν
3081 3374 3174 3428 καὶ
3201 3373 3420 3444 Δανιὴλ,
3451 3370 3702 3440 ’Δγγᾶιός
3724 3385 3777 3422 τε

2212 3473 2307 3527 καὶ
2339 3471 2636 3542 Ζαχαρίας,
2672 3469 2770 3538 τῆς
2828 3467 3082 3530 ἁλώσεως
3125 3466 3224 3535 τῆς
3279 3465 3342 3529 ἐξ
3371 3463 3678 3534 Ἀσσυρίων
3711 3460 3777 3528 τῷ

2211 3563 2325 3635 λαῷ
2351 3564 2637 3632 συμϐάσης
2667 3560 2777 3614 τῶν
2806 3559 3097 3623 Ἰουδαίων,
3139 3557 3358 3627 ὕστεροι
3413 3553 3777 3628 προφητεύουε

2214 3673 2318 3710 σιν.
2363 3653 2633 3724 Ἱερεμίας
2660 3652 2717 3705 δὲ
2741 3651 2949 3721 ταύτην
2981 3649 3316 3721 προφητεύει
3349 3647 3449 3718 τὴν
3497 3646 3727 3700 ἅλωσινο
3753 3645 3777 3694 ό

2213 3745 2474 3814 Σοφονίας
2499 3744 2560 3798 ού
2589 3743 2768 3798 πάντα
2802 3743 2892 3797 τὸν
2926 3742 3118 3813 καιρὸν
3147 3741 3248 3810 τῆς
3279 3741 3642 3810 προφητείας,
3677 3734 3778 3790 du‘

2211 3834 2321 3888 ἀπὸ
2352 3833 2555 3904 μέρους
2587 3834 2957 3904 συνήκμασεν,
3019 3829 3114 3884 ἐπὶ
3140 3829 3240 3900 τῆς
3264 3827 3470 3882 Ἰωσίου
3516 3825 3778 3896 βασιλείας

2216 3925 2638 3997 προφητεύσαςο
2691 3925 2778 3993 ἐφ’
2833 3916 2896 3977 οὗ
2953 3922 3054 3992 τῆς
3110 3921 3452 3992 προφητείας
3522 3917 3781 3987 Ἱερεμίας

2213 4017 2442 4090 ῆρξατο’
2468 4019 2518 4071 οί
2533 4016 2710 4070 λοιποὶ
2736 4016 2794 4070 δὲ
2823 4015 3042 4069 Ἡσαΐου
3067 4014 3166 4084 μὲν
3195 4012 3516 4082 σύγχρονοι,
3534 4008 3672 4063 ἀλλά
3699 4007 3781 4060 καὶ

2213 4108 2489 4178 Σαμουὴλ,
2514 4108 2607 4161 καὶ
2625 4106 2834 4171 Ἠλίου,
2857 4104 2953 4160 καὶ
2982 4103 3290 4158 Ἐλισσαίου
3315 4100 3589 4172 νεώτεροι.
3620 4099 3778 4169 Δῆλον

2213 4201 2323 4270 γάρ
2351 4200 2445 4268 ἀφ’
2496 4191 2572 4254 ὧν
2609 4198 2686 4268 τῷ
2721 4197 2820 4268 μὲν
2865 4195 3158 4265 Ἐλισσαίῳ
3190 4193 3374 4266 παρῆν
3427 4192 3582 4255 Ἰωᾶς
3633 4192 3662 4244 ὁ
3695 4187 3779 4243 τοῦ

2213 4290 2428 4362 Ἰσραὴλ
2457 4290 2732 4361 βασιλεὺς,
2758 4289 2849 4343 τὸν
2881 4287 2994 4357 βίον
3028 4285 3385 4358 μεταλλάττει
3404 4301 3417 4314 ⁸
3448 4286 3506 4337 ἐν
3552 4282 3780 4352 ἡμέραις

2211 4385 2270 4438 δέ
2301 4383 2602 4454 Ἱεροϐοάμ,
2618 4384 2680 4436 ού
2701 4382 2798 4436 τοῦ
2823 4381 2939 4435 υίοῦ
2963 4380 3174 4444 Ναυάτ,
3200 4377 3336 4432 ἀλλά
3357 4376 3452 4430 τοῦ
3475 4375 3596 4433 υίοῦ
3617 4375 3784 4435 Ἰωᾶςι

530 4478 776 4535 Judaeum
825 4487 880 4533 et
938 4475 1240 4533 Samariam
1294 4477 1761 4549 prophetaverunt
1806 4497 1820 4534 :
1882 4491 1938 4536 et
1985 4480 2111 4536 ideo

2226 4476 2389 4545 Ὠσηέ
2439 4476 2542 4546 τὴν
2599 4474 2940 4545 προφητείαν
2978 4473 3308 4526 {mille-cat:
3366 4469 3545 4540 τούτῳ
3591 4468 3653 4522 δι
3698 4467 3782 4518 καὶ

533 4573 675 4626 inter
739 4585 894 4642 reges
967 4568 1123 4626 Iuda
1183 4568 1518 4635 Jeroboam,
1590 4571 1682 4641 qui
1746 4572 1936 4628 decem
2007 4570 2108 4627 tri-

532 4662 700 4716 buum
737 4663 902 4717 Israel
947 4671 1318 4732 separatarum
1367 4664 1543 4719 tenuit
1579 4674 1877 4734 sceptrum,
1925 4681 2100 4721 anuu-

534 4760 768 4806 merant.
808 4751 963 4806 Patet
989 4761 1172 4807 autem
1205 4753 1478 4807 Amasiam
1540 4755 1878 4810 sacerdotem
1915 4756 2105 4811 Bethel

533 4840 650 4896 hac
683 4841 748 4896 ad
776 4841 942 4897 Amos
965 4842 1199 4898 dixisse:
1237 4862 1255 4894 ι
1278 4842 1588 4914 Trasmigra
1647 4845 1701 4898 in
1744 4854 1942 4901 terram
1967 4847 2105 4903 Juda

535 4941 592 4986 et
637 4933 708 4986 ibi
747 4932 866 4987 vive
895 4972 910 4997 ,
944 4940 1000 4987 et
1028 4933 1100 4988 ibi
1171 4933 1558 5003 prophetabis:
1592 4935 1652 4990 In
1688 4935 1875 4992 Bethel
1924 4947 2104 4994 autem

536 5038 647 5078 non
677 5024 924 5094 adiicias.
960 5043 978 5075 ι
1017 5023 1294 5092 Quotquot
1319 5031 1499 5079 autem
1524 5025 1723 5080 futura
1754 5025 1954 5083 Judaa
1974 5043 2105 5098 pro-

538 5116 781 5184 phetiam
840 5115 1308 5184 pradicaverunt,
1343 5115 1399 5169 hi
1426 5116 1602 5172 solum
1660 5134 1819 5190 rcges
1884 5120 1938 5176 in
1981 5136 2102 5176 eam

536 5219 827 5279 regnantes
856 5215 1300 5262 commemorant.

2228 4565 2407 4640 ’Δμὼς
2434 4568 2528 4622 καὶ
2554 4567 2791 4637 Μιχαίας
2825 4567 2917 4622 καὶ
2954 4565 3184 4628 Ἡσαΐας
3219 4565 3614 4634 συνήκμασανο
3646 4560 3717 4621 ὡς
3737 4557 3780 4609 οἱ

2214 4660 2650 4731 προτεταγμένοι
2709 4662 2825 4733 τῆς,
2869 4659 3102 4713 ἑκάστου
3155 4654 3496 4726 προφητείας
3551 4651 3781 4723 βασιλεῖς

2213 4753 2502 4807 παιδεῦσαι
2533 4752 2623 4805 τὸν
2655 4751 2764 4806 ἀπὸ
2794 4750 3027 4817 σπουδῆς
3068 4747 3380 4819 μελετῶντα
3407 4763 3467 4800 τε
3503 4745 3598 4798 καὶ
3616 4743 3780 4812 ψηλα-

2213 4846 2398 4914 φῶντα
2421 4845 2698 4900 δύνανται.
2732 4845 2910 4914 Ὅπερ
2939 4844 2997 4896 δὲ
3027 4843 3214 4895 λοιπόν
3241 4841 3362 4894 ἐστι
3399 4839 3478 4908 τῷ
3517 4836 3779 4909 προλόγῳ,

2210 4938 2525 5005 ἀναγκαίως
2559 4935 2942 5008 προσθήσομεν
2965 4950 2979 4964 ο
3016 4933 3092 4997 ὡς
3116 4930 3299 5002 Ἀμὼς
3329 4931 3422 4986 καὶ
3459 4929 3618 4997 Ὠσηέ
3655 4925 3782 4980 κατὰ

2210 5027 2308 5098 τὴν
2333 5027 2592 5082 Ἰουδαίαν
2617 5027 2711 5079 καὶ
2741 5025 3056 5095 Σαμάρειαν
3075 5022 3555 5092 προφητεύσαντες
3577 5018 3779 5086 ἔτυχον.

2211 5121 2306 5175 καὶ
2340 5123 2532 5174 τούτου
2575 5121 2744 5192 χάριν
2790 5121 2901 5182 τοῖς
2937 5116 3219 5188 βασιλεῦσι
3259 5115 3360 5185 τῆς
3395 5112 3664 5173 Ἰουδαίας
3700 5108 3782 5160 τὸν

2221 5214 2503 5287 Ἰεροϐοάμ
2531 5213 2623 5266 τὸν
2644 5212 2711 5265 τὰ
2728 5211 2863 5264 δέκα
2891 5209 3148 5280 σκῆπτρα
3180 5207 3281 5275 τῆς
3302 5203 3691 5275 ἀφορισθείσης
3712 5196 3780 5266 τῷ

537 5301 757 5373 Ἰσραὴλ
790 5299 1062 5370 βασιλείας
1112 5299 1386 5369 ἐσχηκότα
1423 5302 1754 5369 συνέταξανο
1784 5305 1944 5375 δῆλον
1984 5307 2040 5359 δὲ
2069 5306 2151 5360 ὅτι
2194 5309 2462 5377 ’Δμασίας
2493 5309 2522 5360 ὁ
2571 5307 2750 5376 ἱερεὺς
2781 5304 2982 5374 Βαιθὴλ
3030 5301 3257 5357 τοιαῦτα
3298 5299 3435 5370 πρὸς
3481 5298 3574 5352 τὸν
3603 5291 3778 5364 ’Δμὼς

536 5389 838 5459 ἐφθέγξατο
867 5401 882 5416 ⁸
922 5385 1306 5458 «Ἐκχώρησον
1341 5393 1420 5456 είς
1464 5393 1568 5462 γῆν
1607 5394 1814 5461 Ἰούδα,
1874 5396 1968 5450 καὶ
2012 5399 2130 5450 ἐκεῖ
2181 5397 2475 5461 καταϐίου,
2531 5397 2623 5450 καὶ
2655 5398 2772 5449 ἐκεῖ
2827 5393 3251 5468 προφητεύσεις.
3285 5410 3304 5442 ι
3353 5391 3448 5453 Et;
3494 5389 3549 5442 δὲ
3582 5383 3776 5454 Rutilii)

539 5485 723 5539 οὐκέτι
754 5479 998 5552 προσθῇς
1021 5499 1037 5515 ο
1067 5487 1181 5540 ὅσοι
1210 5483 1265 5538 δὲ
1311 5486 1410 5558 τῆς
1449 5487 1713 5552 Ἰουδαίας
1745 5490 2008 5563 ἐσομένης
2051 5490 2150 5561 τὴν
2190 5490 2522 5562 προφητείαν
2568 5488 2861 5562 ἐκήρυξαν,
2894 5482 3038 5541 οὗτοι
3064 5485 3223 5557 μόνον
3245 5483 3352 5538 τῶν
3369 5484 3429 5536 ἐν
3459 5481 3596 5550 αὐτῇ
3630 5479 3776 5546 βασιο

536 5575 629 5630 λευ
638 5575 844 5631 σάντων
876 5579 1201 5646 μέμνηνται.
