4044 6228
339 353 478 422 1345

589 497 940 557 unum
975 503 1054 575 (δ)
1087 505 1263 558 (mnu
1294 505 1686 560 mormur.

405 619 476 669 α’.
502 612 683 670 Εἰκὼν
717 615 819 686 τῆς
839 617 948 671 τῶν
999 617 1270 673 Ἰουδαίων
1316 617 1668 689 συναγωγῆς,
1720 617 1781 684 ἐξ
1807 613 1874 691 ἧς
1902 619 1931 672 ὀ

339 706 574 778 Χριστὸς
591 707 650 762 τδ
666 711 807 765 κατά
842 711 1019 781 σάρκα
1048 711 1290 766 τίκτεται
1313 728 1326 743 ο
1354 713 1448 766 καὶ
1483 711 1612 766 λαοῦ
1643 711 1704 766 τὸ
1735 711 1833 781 μὲν
1872 711 1930 763 ἐν

339 801 567 944 ἓπιστίᾳ
609 801 844 874 ἔμεινεν,
874 804 934 857 τὸ
955 805 1012 860 δέ
1066 804 1291 876 ὕστερον
1319 805 1639 877 ἐπιστρέφει
1684 805 1778 860 καὶ
1821 804 1929 858 σώ-

375 909 513 944 εται.

350 909 513 953 gerat.

421 1002 486 1074 β’.
516 1006 743 1077 Ἀπειλὴ
766 1006 907 1063 κατὰ
933 1009 1033 1078 τῆς
1074 1008 1398 1078 συναγωγῆς
1420 1050 1434 1072 ,
1465 1011 1545 1064 ὅτι
1574 1010 1791 1065 πάντων
1819 1010 1930 1065 τῶν

339 1097 602 1151 δοθέντων
627 1101 764 1170 αὐτῇ
793 1099 944 1171 παρά
969 1100 1105 1154 Θεοῦ
1137 1101 1378 1170 ἀγαθῶν,
1427 1101 1565 1157 ἀλλά
1588 1104 1683 1156 καὶ
1715 1095 1790 1157 ὧν
1811 1103 1928 1157 ἐδο-

341 1188 432 1257 ξεν
461 1191 526 1244 ἐκ
548 1191 657 1245 τῶν
685 1191 921 1246 εἰδώλων
958 1192 1126 1263 ἔχειν,
1159 1193 1606 1266 γυμνωθήσεται.

411 1289 479 1349 γ’.
503 1283 835 1355 Πρόρῤησις,
862 1284 1010 1348 ὅπως
1037 1286 1069 1356 ἡ
1091 1284 1191 1356 μὲν
1212 1286 1512 1358 Συναγωγὴ
1531 1286 1640 1340 τῶν
1657 1286 1929 1342 Ἰουδαίων

340 1373 710 1439 ταπεινοῦται,
735 1375 828 1429 καὶ
845 1375 942 1445 τῆς
971 1375 1218 1440 δουλείας
1236 1377 1336 1446 τῆς
1355 1376 1467 1430 τῶν
1499 1375 1734 1432 εἰδώλων
1755 1377 1929 1432 παύε-

339 1481 463 1518 ται·
491 1465 542 1517 oi
582 1463 641 1531 ἐξ
660 1465 835 1537 αὐτῆς
863 1467 921 1520 δέ
977 1467 1370 1533 πιστεύσαντες
1413 1455 1806 1541 κοινωνήσουσι
1833 1471 1930 1541 τῆς

339 1555 470 1619 νέας
501 1553 790 1630 διαθήκης,
822 1559 918 1613 καὶ
948 1557 1057 1612 τῶν
1084 1560 1142 1614 ἐν
1167 1558 1388 1632 Χριστῷ
1441 1562 1762 1635 μυστηρίων
1815 1563 1931 1627 τοῖς

339 1647 539 1704 ιθνεσι.

408 1763 471 1818 δ’.
503 1765 823 1838 Κατηγορία
842 1769 942 1840 τῆς
969 1768 1422 1840 Συναγωγῆς,ὄτι
1452 1770 1608 1841 παρά
1628 1770 1764 1826 Θεοῦ
1792 1771 1929 1841 ἀγα-

1405 363 1486 425 ΙΝ
1525 364 1641 424 ΧΗ
1681 364 2129 425 PROTHETAS
2169 364 2532 426 MINORES.

1953 488 2000 546 Α

3476 357 3612 424 I345

2387 506 2634 562 CAPITA
2669 506 2847 563 OSEE
2888 505 3302 561 I‘IIOI‘IIETIE.

2100 619 2142 674 ι.
2187 619 2400 693 Eﬂigies
2425 622 2716 694 Synagogae
2743 621 3057 678 Iudaeorum
3097 637 3160 678 ex
3212 636 3318 691 qua
3356 619 3609 674 Christus

2030 713 2330 768 secundum
2368 726 2590 768 carnem
2641 715 2908 779 nascitur,
2945 723 3001 770 et
3027 712 3215 786 populi
3249 711 3268 785 [
3300 710 3394 782 qui
3427 710 3447 782 ]
3495 710 3610 780 pri-

2031 820 2180 886 ιιιιιιη
2224 805 2446 875 quidem
2498 806 2554 859 in
2606 806 2992 862 incredulitate
3053 805 3376 878 permansit,
3423 811 3609 874 postea

2029 912 2160 952 vero
2198 912 2258 952 se
2294 897 2565 953 convertit
2593 907 2648 953 et
2685 898 2944 953 salvatur.

2101 1005 2168 1063 Il.
2213 1005 2373 1063 Minae
2434 1007 2699 1064 adversus
2744 1007 3105 1082 SynagOgam,
3161 1007 3372 1064 scilicet
3429 1006 3611 1062 omni-

2029 1101 2133 1155 bus
2193 1114 2224 1155 a
2275 1100 2385 1156 Deo
2417 1102 2660 1173 acceptis
2691 1101 2852 1158 bonis
2877 1142 2894 1168 ,
2929 1101 3061 1170 quin
3089 1099 3257 1156 etiam
3302 1100 3369 1155 iis
3397 1113 3516 1169 quae
3541 1096 3611 1152 ab

2031 1193 2190 1249 idolis
2215 1193 2465 1250 obtinere
2495 1195 2726 1251 sibivisa
2754 1203 2859 1262 est,
2894 1196 3151 1251 nudatam
3171 1195 3256 1250 iri.

2102 1286 2190 1340 III.
2240 1287 2534 1343 Praedictio
2592 1289 2869 1360 quomodo
2943 1288 3261 1344 Iudaeorum
3331 1286 3610 1358 Synagoga

2031 1377 2369 1442 humilialur,
2401 1391 2458 1435 et
2491 1395 2523 1435 a
2559 1367 2824 1436 servitute
2877 1381 3147 1436 idolorum
3194 1360 3477 1434 liberatur.
3511 1377 3614 1444 Qui

2030 1485 2097 1525 ex
2128 1485 2192 1525 ea
2223 1471 2559 1527 crediderint
2619 1471 3107 1527 communicabunt
3177 1488 3303 1527 cum
3363 1470 3616 1544 gentibus

2031 1579 2229 1619 novum
2263 1563 2442 1620 Imdus
2473 1571 2529 1618 et
2580 1562 2635 1618 in
2671 1561 2889 1617 Christo
2934 1562 3213 1634 mysteria.

2103 1777 2195 1833 IV.
2235 1775 2530 1831 Accusatio
2569 1773 2888 1847 Synagogae,
2920 1772 3088 1844 quod,
3125 1787 3247 1828 cum
3285 1787 3317 1827 a
3349 1772 3458 1826 Deo
3487 1770 3613 1826 dili-

338 1855 570 1927 πωμένη
598 1860 710 1922 τοῖς
749 1859 994 1924 εἰδώλοις
1047 1862 1401 1934 προσέδραμε
1421 1881 1436 1897 ο
1467 1840 1564 1918 καί
1595 1864 1922 1937 πρόρρησις,

2046 1876 2248 1941 geretur
2274 1909 2290 1933 ,
2331 1867 2399 1923 ad
2440 1867 2585 1922 idola
2611 1840 2688 1922 'se
2719 1840 3059 1922 contulerit.
3077 1865 3147 1920 Et
3168 1864 3447 1935 pradictio
3473 1878 3611 1933 quo—

338 1946 489 2010 ὅπως
519 1946 833 2020 ὁλοκλήρως
859 1952 1000 2024 αὑτῇ
1030 1953 1102 2008 τά
1137 1953 1236 2024 τῆς
1267 1955 1501 2026 ἀρχαίας
1523 1955 1799 2020 πολιτείας
1822 1957 1924 2030 ἀρ·

338 2037 508 2110 rion.
531 2039 667 2110 αὑτὴ
689 2040 748 2094 δὲ
781 2044 1086 2117 ἐπιστρέψῃ
1120 2046 1258 2118 πρὸς
1287 2046 1377 2102 τὸν
1399 2047 1637 2119 Χριστὸν
1657 2050 1738 2114 εἰς
1768 2047 1925 2103 ὓστε-

343 2145 457 2200 ρον.

409 2252 472 2304 ε’.
505 2247 770 2320 Διήγησις
806 2243 883 2306 ὧν
902 2253 930 2305 ό
955 2251 1084 2318 λαὸς
1113 2252 1224 2307 τῶν
1251 2254 1523 2310 Ἰουδαίων
1549 2257 1643 2311 καὶ
1661 2256 1710 2312 οε
1737 2257 1928 2312 τούτου

343 2337 509 2407 ἱερεῖς
528 2337 766 2408 ἠσέϐουν
792 2342 886 2395 καὶ
907 2343 1254 2414 ἡμάρτανον.

415 2429 490 2494 ς’.
517 2431 840 2504 Κατηγορία
864 2435 974 2488 τῶν
1001 2435 1310 2492 Ἰουδαϊκῶν
1334 2440 1616 2512 ἀρχόντων
1634 2457 1648 2472 ·
1671 2441 1750 2496 ὅτι
1777 2442 1930 2514 παρά

341 2521 441 2592 τὴν
469 2521 652 2576 αὐτῶν
681 2526 861 2580 αἰτίαν
888 2527 918 2579 ὁ
965 2525 1094 2591 λαὸς
1142 2525 1522 2602 ἐξημάρτανε·
1551 2533 1646 2586 καὶ
1688 2533 1930 2603 γνησίως

346 2614 446 2684 μὲν
463 2616 600 2686 πρὸς
623 2616 718 2670 τὸν
745 2617 881 2670 Θεὸν
931 2620 1032 2673 οὐκ
1061 2621 1422 2693 ἐπέστρεφον,
1471 2626 1609 2696 μετά
1639 2625 1843 2680 θυσιῶν
1873 2627 1931 2680 δὲ

341 2706 504 2760 αὐτὸν
527 2707 741 2778 ἀλόγων
774 2710 983 2780 ἐζήτει,
1015 2712 1110 2765 καὶ
1129 2712 1216 2767 διά
1241 2713 1399 2768 τοῦτο
1425 2715 1525 2787 οὐχ
1553 2716 1806 2790 ηὕρισκε.

415 2817 480 2884 ζ’.
511 2821 869 2895 Πρόσταγμα,
919 2825 1266 2898 κηρυχθῆναι
1313 2825 1404 2882 οἷα
1449 2829 1480 2882 ὁ
1531 2829 1658 2894 λαδς
1693 2831 1792 2902 μὲν
1823 2831 1932 2887 τῶν

343 2911 617 2968 Ἰουδαίων
648 2916 986 2990 ἐξήμαρτεψ
1039 2921 1067 2973 ὁ
1097 2919 1334 2990 Χριστὸς
1364 2920 1422 2974 δέ
1463 2920 1553 2974 διά
1581 2919 1680 2974 τοῦ
1718 2939 1932 2993 μυστη-

347 3003 464 3073 ρίου
497 3006 594 3059 καὶ
617 3007 717 3078 τῆς
750 3009 1105 3076 ἀναστάσεως
1132 3011 1228 3067 καὶ
1253 3012 1353 3083 τῆς
1387 3012 1708 3085 ἀναλήψεως
1737 3016 1836 3086 τῆς
1854 3017 1934 3080 εἰς

343 3096 605 3167 οὐρανοὺς
635 3098 890 3170 ἔπραξεν.

2027 1961 2192 2017 modo
2221 1975 2384 2016 suum
2434 1959 2510 2014 illi
2538 1960 2820 2030 antiquum
2863 1958 3105 2030 regimen
3143 1957 3368 2012 omnino
3400 1955 3612 2010 irritum

2028 2055 2162 2121 ﬁet;
2198 2054 2316 2125 ipsa
2346 2066 2477 2109 vero
2516 2066 2574 2107 se
2601 2060 2887 2108 convertet
2915 2058 3102 2122 postea
3140 2049 3208 2105 ad
3249 2048 3554 2106 Christum.

2100 2241 2167 2297 ν.
2208 2239 2464 2296 Narratio
2494 2254 2688 2295 eorum
2717 2239 2772 2293 in
2804 2239 3007 2310 quibus
3028 2238 3346 2295 Iudaeorum
3377 2237 3615 2307 papulas

2030 2344 2086 2390 et
2111 2334 2232 2405 ejus
2257 2332 2570 2388 sacerdotes
2606 2330 2771 2400 impie
2793 2336 3022 2402 egerunt
3048 2339 3103 2385 et
3130 2337 3516 2400 peccaverunt.

2103 2426 2189 2481 VI.
2243 2424 2536 2480 Accusatio
2577 2421 2894 2478 Iudaeorum
2949 2419 3259 2490 principum
3283 2461 3298 2486 ,
3335 2419 3480 2489 quod
3521 2434 3618 2490 per
3720 2455 3738 2476 .

2032 2535 2222 2574 eorum
2264 2518 2483 2588 culpam
2508 2514 2746 2586 populus
2774 2513 3056 2584 peccavit,
3092 2527 3196 2567 nec
3225 2513 3464 2583 ingenue
3495 2511 3617 2581 qui-

2032 2613 2154 2667 dem
2190 2611 2256 2667 ad
2295 2611 2466 2665 Deum
2531 2623 2590 2664 se
2623 2606 2916 2672 convertit;
2949 2605 3047 2662 sed
3079 2620 3204 2660 eum
3264 2620 3389 2660 cum
3441 2603 3616 2675 illegi-

2035 2704 2182 2759 timis
2227 2701 2463 2758 victimis
2514 2700 2713 2772 quaerit
2767 2707 2824 2755 et
2848 2706 3138 2770 propterea
3171 2711 3283 2752 non
3315 2696 3545 2752 invenit.

2103 2819 2216 2874 VII.
2256 2816 2439 2875 Jussio
2465 2824 2526 2872 ut
2580 2816 2938 2873 denuntietur
2974 2828 3096 2884 quae
3124 2812 3360 2884 populus
3399 2809 3620 2866 Judaeo~

2036 2927 2157 2968 rum
2202 2909 2551 2982 peccaverit;
2583 2924 2705 2979 quae
2762 2916 2947 2964 autem
3001 2908 3263 2963 Christus
3307 2920 3406 2976 per
3439 2916 3622 2958 resur-

2036 3005 2299 3061 rectionis
2331 3012 2386 3060 et
2412 3002 2748 3060 ascensionis
2763 2999 3083 3072 mysterium
3105 2999 3372 3055 eﬂ'ecerit.

413 3218 484 3280 η’.
527 3213 794 3278 Ἔνδειξις
814 3215 914 3286 τῆς
949 3216 1044 3271 τοῦ
1068 3215 1204 3270 Θεοῦ
1237 3218 1673 3291 φιλανθρωπίας,
1712 3221 1809 3276 καὶ
1836 3222 1935 3294 τῆς

2109 3209 2251 3266 VIII.
2295 3209 2706 3266 Demonstratio
2775 3208 2945 3265 divini
2987 3207 3043 3263 in
3110 3206 3363 3262 homines
3419 3204 3623 3259 amoris

345 3303 455 3357 τῶν
487 3305 760 3360 Ἰουδαίων
817 3308 1218 3382 ἀγνωμοσύνης
1240 3327 1254 3341 ⁶
1295 3313 1391 3366 καὶ
1427 3313 1751 3384 παραίνεσις
1801 3314 1938 3388 πρὸς

347 3397 568 3464 αὐτοὺς,
595 3397 811 3464 ἴνατοῖς
851 3399 1030 3456 ἔθνεσι
1050 3403 1152 3473 τῆς
1187 3405 1531 3475 ἐπιστροφῆς
1561 3406 1654 3459 καὶ
1694 3405 1796 3476 τῆς
1845 3405 1938 3472 ἐξ-

347 3489 730 3562 ομολογήσεως
757 3491 836 3564 τῷ
855 3493 1026 3567 λῃστῇ
1041 3494 1118 3567 τῷ
1149 3497 1293 3550 κατὰ
1314 3497 1405 3551 τὸν
1429 3498 1624 3570 καιρὸν
1651 3499 1745 3552 τοῦ
1771 3516 1936 3554 σταυο

350 3584 446 3653 ροῦ
477 3585 704 3638 σωθέντι
732 3588 1127 3656 κοινωνήσωσι.

421 3674 484 3729 θ’.
511 3677 839 3747 Κατηγορία
887 3677 981 3730 τοῦ
1008 3676 1268 3748 αἰσθητοῦ
1315 3677 1556 3751 Ἰσραὴλ,
1597 3681 1699 3734 ὅσα
1731 3683 1812 3744 εἰς
1846 3683 1938 3737 τὸν

349 3767 584 3837 Χριστὸν
606 3768 878 3840 διαφόρως
914 3766 1222 3840 ἐξήμαρτεο
1271 3773 1366 3824 καὶ
1405 3773 1487 3826 ὅτι
1523 3772 1939 3844 παλαιωθείσης

351 3857 532 3912 αὐτῶν
554 3859 655 3923 τῆς
679 3856 955 3921 πολιτείας
971 3858 1070 3910 οὐκ
1097 3858 1419 3928 ᾐσθάνοντο,
1442 3859 1726 3931 ἐζήλωσαν
1748 3861 1806 3914 δέ
1831 3861 1940 3914 τῶν

351 3949 521 4003 ἐθνῶν
564 3949 661 4020 τὴν
693 3949 926 4020 ἀρχαίαν
959 3949 1238 4018 ἀσέῦειαν,
1293 3950 1410 4005 ἀνθ’
1434 3944 1510 4007 ὧν
1537 3953 1723 4017 αὐτοῖς
1749 3951 1942 4006 ταπεί-

352 4059 517 4097 νωσιν
546 4041 834 4112 ἠπείλησε.

427 4143 478 4190 ι’.
519 4135 732 4207 Θρῆνος
760 4134 856 4190 τοῦ
887 4135 1016 4190 λαοῦ
1047 4135 1156 4190 τῶν
1190 4135 1483 4201 Ἰουδαίων,
1503 4133 1592 4192 οἷα
1626 4137 1724 4208 μέν
1751 4138 1831 4202 εἰς
1851 4138 1942 4192 τὸν

353 4226 486 4279 Θεὸν
527 4226 856 4299 ἐξήμαρτεν,
890 4221 979 4281 οἷα
1024 4226 1080 4280 δὲ
1123 4227 1253 4299 παρ’
1277 4227 1446 4281 αὐτοῦ
1495 4228 1899 4300 ἐπαιδεύθησαν
1925 4246 1939 4261 ⁸

356 4321 452 4374 καὶ
477 4320 624 4385 ὅπως
655 4321 743 4376 διά
767 4321 868 4394 τὴν
896 4319 1108 4393 πλάνην
1140 4321 1246 4375 τῶν
1273 4319 1508 4376 εἰδώλων
1537 4322 1810 4393 ἀπόληται
1849 4323 1946 4377 αὒ-

353 4410 464 4464 τῶν
495 4413 522 4464 ὁ
547 4411 670 4475 ναὸς
717 4411 810 4465 καὶ
856 4411 890 4482 ή
932 4409 1117 4483 χώρα’
1145 4411 1238 4464 καὶ
1282 4408 1426 4482 άπερ
1453 4409 1644 4465 ἔλαϐον
1677 4411 1826 4482 παρὰ
1849 4411 1944 4464 τοῦ

354 4502 490 4556 Θεοῦ
517 4504 747 4575 νόμιμα.

431 4623 519 4670 ια’.
558 4617 892 4686 Ἀπόγνωσις
920 4617 1020 4688 τῆς
1053 4619 1351 4688 Ἰουδαϊκῆς
1381 4619 1576 4689 χαρᾶς,
1607 4617 1723 4671 ἀνθ’
1751 4610 1825 4672 ὧν
1851 4635 1941 4688 μι-

359 4710 668 4781 μησάμενοι
694 4709 802 4763 τῶν
831 4709 1001 4763 ἐθνῶν
1035 4710 1135 4781 τὴν
1177 4707 1452 4776 ἀσέϐειαν,
1482 4709 1580 4773 τάς
1625 4707 1816 4772 θυσίας
1846 4711 1940 4761 τοῦ

356 4801 496 4856 Θεοῦ
525 4803 619 4857 καὶ
644 4805 740 4867 τὰς
767 4801 1000 4865 σπονδὰς
1022 4801 1310 4872 ἐμόλυναν,
1335 4800 1430 4855 καὶ
1455 4801 1556 4872 τὴν
1575 4798 1686 4854 τῶν
1706 4797 1942 4854 εἰδώλων

360 4898 572 4969 πλάνην
602 4898 682 4962 εἰς
710 4896 799 4950 τὸν
832 4894 960 4949 ναδν
989 4895 1305 4966 εἰσήγαγον.

430 5010 518 5080 ιβ’.
544 5009 734 5073 Ὅπως
751 5008 842 5062 τὸν
876 5007 1094 5079 Ἰσραὴλ
1122 5006 1422 5078 ἀγαπητῶς
1443 5006 1617 5071 ὁΘεὺς
1643 5006 1944 5074 ἐξελέξατο,

359 5100 515 5153 αὐτοὶ
539 5099 597 5152 δέ
617 5098 859 5164 εἰδώλοις
885 5097 1287 5172 προσέδραμον,
1315 5096 1521 5150 καὶτοῦ
1543 5096 1678 5149 Θεοῦ
1702 5095 1801 5166 τῆς
1824 5096 1914 5148 δου
1929 5126 1946 5134 -

359 5189 510 5253 λείας
536 5189 876 5262 ἀπέστησαν,
908 5190 1004 5244 καί⁸
1023 5189 1144 5244 οὐδὲ
1166 5187 1224 5254 ἐξ
1246 5188 1426 5242 αὐτῶν
1453 5188 1544 5242 τὸν
1562 5187 1798 5259 Χριστὸν
1824 5204 1951 5259 σαρ-

361 5281 610 5339 κωθὲντα
638 5284 974 5354 ᾐδέσθησαν·
1007 5283 1130 5337 ὅθεν
1162 5280 1344 5344 αὐτοῖς
1378 5279 1490 5350 ἀρά
1517 5279 1824 5351 ἀκαρπίας,
1852 5279 1948 5334 καὶ

361 5375 461 5445 τῆς
491 5375 573 5440 εἰς
600 5376 672 5430 τά
702 5376 832 5448 ἔθνη
860 5376 1161 5448 διασπορᾶς
1195 5375 1484 5444 ἐπάγεται.

2038 3301 2462 3373 Judaeorumque
2513 3301 2852 3357 immemoris
2887 3299 3076 3357 animi.
3124 3298 3192 3353 Et
3225 3298 3292 3354 ad
3341 3298 3484 3369 ipsos
3528 3312 3622 3350 ex-

2039 3393 2278 3450 hortatio
2308 3403 2370 3449 ut
2393 3393 2636 3466 gentium
2655 3391 3037 3448 conversionis
3067 3399 3123 3446 et
3144 3389 3374 3446 latronis
3405 3389 3460 3443 in
3486 3398 3625 3443 tem-

2038 3501 2173 3556 pore
2196 3485 2375 3540 crucis
2400 3484 2594 3540 salvati
2622 3483 2921 3554 participes
2951 3482 3104 3536 ﬁant.

2110 3673 2202 3727 IX.
2245 3671 2540 3727 Accusatio
2569 3671 2832 3727 adversus
2881 3667 3191 3724 sensualem
3226 3665 3393 3721 Israel
3415 3664 3627 3720 scilicet

2039 3775 2173 3833 quot
2206 3773 2263 3818 et
2317 3770 2523 3832 quanta
2571 3761 2625 3816 in
2669 3761 2949 3816 Christum
3009 3758 3348 3829 peccaverit,
3384 3765 3442 3812 et
3478 3756 3625 3827 quod

2040 3851 2383 3920 antiquatum
2413 3864 2573 3904 suum
2602 3848 2846 3919 regimen
2901 3861 3010 3902 non
3047 3847 3304 3912 senserit,
3335 3845 3432 3900 sed
3454 3861 3627 3901 ternu-

2040 3942 2182 3996 Iatus
2217 3940 2285 3995 sit
2313 3938 2558 4010 gentium
2591 3938 2874 4007 antiquam
2908 3935 3243 4007 impietatem
3268 3979 3284 4003 ,
3349 3951 3450 4007 pro
3503 3934 3626 4006 qui-

2041 4035 2146 4088 bus
2192 4030 2513 4087 criminibus
2553 4029 2988 4085 humiliationem
3038 4029 3170 4099 ipsis
3210 4029 3478 4084 minatur.

2114 4125 2184 4179 X.
2226 4121 2571 4178 Lamentatio
2597 4121 2785 4193 populi
2807 4119 3143 4186 Iudaeorum,
3179 4129 3381 4192 quanta
3404 4120 3627 4191 quidem

2045 4219 2100 4273 in
2135 4217 2306 4272 Deum
2343 4214 2676 4287 peccaverit,
2712 4213 2933 4285 quantis
2962 4228 3092 4269 vero
3123 4213 3191 4268 ab
3252 4213 3374 4284 ipso
3428 4212 3630 4268 multa-

2050 4321 2134 4365 tus
2183 4309 2274 4375 sit,
2328 4317 2382 4364 et
2415 4306 2690 4377 quomodo
2745 4314 2969 4376 propter
3026 4305 3354 4360 idololatria:
3386 4318 3630 4359 errorem

2046 4404 2316 4478 perierint
2341 4418 2533 4458 eorum
2569 4401 2834 4473 templum
2865 4411 2920 4457 et
2950 4401 3152 4464 locum,
3179 4407 3235 4456 et
3285 4415 3408 4470 quae
3437 4413 3466 4452 a
3519 4398 3630 4452 Deo

1977 4524 2021 4580 Β
2050 4495 2363 4566 acceperint
2392 4493 2604 4564 legalia.

2121 4609 2214 4664 XI.
2257 4605 2504 4662 Deiectio
2535 4604 2850 4660 Iudaeorum
2882 4602 3088 4674 gaudii,
3128 4611 3182 4656 et
3211 4616 3278 4656 ex
3308 4599 3454 4671 quod
3495 4613 3632 4670 gen-

2053 4703 2189 4758 tium
2224 4699 2563 4770 impietatem
2595 4695 2837 4759 imitati,
2893 4694 2988 4749 Dei
3026 4691 3314 4748 sacriﬁicia
3371 4698 3426 4746 et
3482 4689 3633 4745 obla-

2053 4798 2229 4852 tiones
2253 4789 2746 4850 contaminaverint
2770 4796 2826 4843 et
2855 4786 3123 4843 idolorum
3147 4799 3390 4840 errorem
3421 4785 3476 4838 in
3503 4791 3634 4837 tcm-

2050 4889 2202 4959 plum
2243 4881 2669 4940 introduxerint.

2123 5000 2237 5056 XII.
2285 5000 2570 5067 Quomodo
2605 4997 2770 5054 Israel
2826 4997 2970 5052 Deus
3001 4997 3164 5052 unice
3220 4993 3325 5050 sibi
3357 4989 3580 5062 elegerit
3612 5005 3629 5056 ;

2047 5095 2152 5166 ipsi
2217 5109 2349 5150 vero
2433 5094 2502 5149 ad
2552 5091 2842 5148 simulacra
2908 5095 3290 5148 cucurrerunt,
3353 5091 3410 5138 et
3461 5097 3490 5134 a
3534 5078 3630 5134 Dei

2049 5187 2314 5242 servitute
2332 5185 2702 5249 desciverunt,
2721 5198 2825 5237 nec
2853 5183 2996 5236 inter
3020 5195 3112 5235 eos
3135 5177 3415 5232 Christum
3449 5173 3637 5226 incar-

2049 5289 2238 5334 natum
2273 5278 2495 5334 reveriti
2523 5285 2692 5342 sunt;
2727 5273 2873 5330 unde
2905 5273 3040 5344 ipsis
3068 5267 3394 5340 imprecatio
3425 5262 3632 5321 sterili-

2049 5372 2174 5427 tatis
2211 5380 2268 5427 et
2303 5371 2359 5425 in
2391 5377 2582 5441 gentes
2610 5366 2972 5439 dispersionis
3006 5363 3304 5419 inducitur.

1899 5545 2134 5604 ΝΟΤΛΕ.

435 5696 512 5770 (3)
564 5696 886 5769 ngodJam.
921 5695 1061 5751 Cum
1125 5695 1211 5750 his
1259 5691 1498 5750 conferri
1541 5700 1775 5762 possunt
1828 5690 1916 5744 illa
1960 5690 2205 5758 Eusebii,
2248 5705 2370 5761 quae
2419 5688 2688 5759 Procopio
2719 5685 2945 5745 Parisiis
2996 5683 3144 5740 edito
3192 5683 3247 5738 in
3290 5678 3482 5737 Isaiam
3505 5687 3632 5734 sunt

363 5769 603 5843 praeﬁxa.
