4032 6222
308 329 438 395 Ιῖιίθ

1372 331 1451 390 IN
1491 329 1606 388 XII
1639 323 2096 386 .PROPIIETAS
2140 327 2510 391 MINORES.

3430 324 3568 395 13:0
3611 301 3617 304 ’

303 449 398 516 τῆς
424 444 518 499 τοῦ
540 447 659 502 νᾶου
683 444 816 500 λαοῦ
839 445 1139 512 πολιτείας,
1163 447 1258 502 καὶ
1290 448 1397 501 τῶν
1423 447 1725 518 μελλόντων
1745 445 1884 497 κατὰ

2026 447 2112 500 ovi
2145 450 2329 518 populi
2355 448 2652 520 regiminis,
2673 455 2726 505 et
2755 448 3063 506 futurorum
3094 448 3149 504 in
3181 459 3425 520 tempore
3445 465 3571 504 con-

302 539 392 593 τὸν
417 538 609 607 καιρὸν
632 537 732 608 τῆς
760 539 1074 602 συντελείας
1099 538 1340 594 ἔσεσθαι.

374 634 435 683 ε’.
481 628 810 682 Διδασκαλία
850 629 961 683 τῶν
1002 632 1104 702 τῆς
1147 629 1440 702 μετανοίας
1493 627 1751 700 τρόπων,
1796 625 1892 679 καὶ

305 719 440 772 Θεοῦ
484 721 830 790 συμπαθείας
869 722 1186 794 ὑπόσχεσις,
1211 725 1307 776 καὶ
1348 720 1655 792 προφητεία
1682 736 1890 790 μυστη-

310 811 439 880 ρίων
463 811 530 864 δι’
554 805 628 864 ὧν
657 814 690 883 ἡ
718 813 1005 866 δυναστεία
1027 813 1118 866 τοῦ
1140 813 1390 883 διαϐόλου
1416 812 1712 867 πέπαυται.

381 901 454 967 ς’.
497 905 812 976 Πρὸῥρησις
845 907 944 975 τῆς
975 906 1066 961 διὰ
1103 908 1342 977 σταυροῦ
1362 905 1657 976 σωτηρίας,
1683 901 1779 957 καὶ
1794 903 1892 970 τῆς

306 992 415 1044 τῶν
440 994 756 1064 μυστηρίων
777 996 884 1047 τῶν
906 996 1041 1048 νέων
1060 997 1434 1065 παραδόσεως,
1454 995 1598 1064 ἅπερ
1619 996 1646 1046 ὁ
1661 993 1893 1063 Χριστὸς

312 1087 738 1157 ἑνανθρωπήσας
770 1089 849 1151 είς
886 1089 1204 1160 ἀποτροπήν
1234 1089 1341 1141 τῶν
1379 1086 1690 1158 ἔμπροσθεν
1706 1085 1893 1138 κακῶν

312 1178 390 1248 τῷ
425 1179 643 1250 Ἰσραὴλ
670 1179 911 1250 μάλιστα
937 1180 1013 1250 τῷ
1035 1180 1212 1251 νοητῷ
1232 1179 1558 1250 δεδώρηται.

385 1271 448 1334 ζ’.
486 1272 811 1342 ’Υπόσχεσις
842 1273 941 1342 τῆς
969 1272 1267 1343 καθολικῆς
1294 1272 1503 1344 δωρεᾶς
1534 1269 1631 1324 καὶ
1664 1267 1892 1323 καθόλου

313 1360 406 1412 τοῦ
429 1362 744 1431 Πνεῦματος
763 1381 776 1392 ν
802 1363 896 1416 καὶ
918 1364 1225 1435 πρόρρησις
1248 1363 1370 1417 τίνα
1407 1366 1463 1416 ἐν
1497 1361 1575 1431 τῷ
1599 1360 1776 1430 καιρῷ
1797 1360 1896 1431 τῆς

317 1452 626 1518 συντελείας
651 1454 807 1506 ἔσται
827 1493 842 1518 ,
873 1457 968 1508 καὶ
1008 1457 1150 1518 τίνες
1168 1456 1217 1508 οἱ
1241 1455 1362 1509 τότε
1385 1454 1706 1524 σωζόμενοι.

384 1548 456 1612 η’.
494 1544 721 1616 ’Λπειλὴ
743 1545 979 1616 κρίσεως
1019 1546 1160 1598 κατὰ
1189 1544 1469 1615 δαιμόνων,
1493 1543 1746 1613 μάλιστα,
1769 1541 1866 1594 ἀνθ
1884 1540 1898 1559 ⁹

314 1626 388 1686 ῶν
409 1635 503 1687 τοῦ
525 1634 660 1687 Θεοῦ
678 1633 770 1688 τόν
801 1635 930 1690 λαὸν
949 1637 1028 1700 είς
1046 1634 1252 1706 ἡδονῶν
1267 1633 1511 1688 δουλείαν
1532 1633 1628 1686 καὶ
1643 1630 1898 1702 λατρείαν

319 1725 551 1778 εἰδώλων
585 1725 914 1796 Ἑλληνικῶν
946 1726 1247 1796 ἀπέδοντο,
1287 1728 1384 1781 καὶ
1422 1725 1521 1796 τῆς
1560 1722 1899 1794 ἐπιστροφῆς

318 1817 426 1868 τῶν
456 1816 670 1869 ἀσεϐῶν
710 1817 1025 1888 ὑπόσχεσις.
1140 1834 1145 1838 ‘

388 1907 453 1962 0'.
497 1909 790 1979 Προτροπὴ
818 1909 964 1966 θείου
993 1907 1184 1980 ζήλου,
1215 1910 1312 1962 καὶ
1341 1908 1539 1978 ἀπειλὴ
1567 1909 1668 1978 τῆς
1693 1922 1906 1971 παγκο-

320 1999 481 2070 σμίου
525 1999 761 2071 κρίσεως
792 2039 808 2067 ,

321 2108 482 2154 σεως.

392 2181 443 2236 ι’.
489 2183 804 2254 Προφήτεία
832 2183 941 2236 τῶν
971 2183 1113 2236 κατὰ
1147 2184 1238 2236 τὸν
1262 2183 1457 2255 καιρὸν
1485 2182 1786 2252 γεγονότων
1810 2180 1905 2235 τοῦ

321 2274 580 2344 σταυροῦ,
598 2276 691 2328 καὶ
717 2275 990 2346 ἀγιασμοῦ
1014 2276 1112 2347 τῆς
1137 2275 1263 2340 νέας
1289 2275 1665 2348 Ἰερουσαλὴμ,
1697 2276 1792 2329 καὶ
1809 2277 1908 2345 τῆς

855 2001 952 2056 καὶ
998 2001 1320 2072 παραίνεσις
1361 1999 1574 2072 ἀρετῶν
1625 1998 1905 2071 κατορθώ-

1997 539 2394 594 summationis.

2067 628 2131 681 V.
2168 630 2566 686 Documentum
2604 631 2672 687 de
2699 632 3035 702 pmnitentiae
3065 631 3373 686 rationibus
3405 639 3459 685 et
3490 629 3574 684 «li-

1998 718 2136 774 vinze
2166 723 2562 792 compassionis
2593 724 2884 792 promissio
2907 734 2961 778 et
2982 724 3266 794 prophetia
3294 722 3575 794 mysterio

1998 824 2118 863 rum
2155 826 2254 879 per
2288 827 2408 880 quae
2435 811 2722 882 imperium
2749 812 2952 866 diaboli
2989 811 3224 866 deletur.

2074 898 2156 954 V'l.
2195 902 2488 956 Prmdictio
2539 903 2731 956 salutis
2763 918 2861 972 per
2889 917 3139 969 crucem,
3181 910 3234 957 et
3267 903 3577 958 traditionis

2000 1006 2264 1046 novorum
2293 994 2682 1062 mysteriorum
2713 1008 2834 1062 quae
2858 992 3110 1047 Christus
3158 992 3338 1048 factus
3377 993 3574 1058 hunc,

2001 1084 2066 1137 ad
2097 1085 2388 1139 avertenda
2428 1085 2608 1154 priora
2657 1086 2832 1151 mala,
2867 1083 3052 1139 lsraeli
3105 1085 3411 1155 praesertim
3463 1087 3578 1156 spi-

2001 1176 2142 1229 ritali
2186 1176 2430 1232 donavit.

2072 1267 2183 1323 νη.
2229 1269 2522 1325 Promissio
2543 1270 2793 1326 catholici
2821 1271 2950 1327 doni
2977 1282 3032 1328 et
3050 1271 3290 1327 universi
3321 1270 3542 1340 spiritus
3561 1312 3575 1332 ,

2001 1369 2058 1414 et
2085 1361 2363 1430 praedictio
2384 1361 2690 1416 futurorum
2714 1363 2768 1416 in
2792 1371 3044 1432 tempore
3060 1359 3576 1426 consummationis;

2003 1457 2058 1503 ct
2083 1449 2173 1518 qui
2215 1450 2324 1503 sint
2352 1458 2481 1504 tunc
2519 1451 2736 1505 salvati.

2076 1539 2212 1596 νιιι.
2266 1539 2420 1596 Minae
2456 1541 2644 1610 iudicii
2714 1542 3016 1612 praesertim
3073 1542 3125 1596 in
3173 1542 3480 1603 dtemones,
3515 1555 3581 1596 eo

2004 1633 2148 1702 quod
2215 1633 2477 1704 populum
2546 1633 2641 1688 Dei
2702 1633 3026 1688 tradiderint
3105 1633 3162 1686 in
3241 1633 3581 1703 voluptatum

2007 1725 2348 1788 servitutem,
2375 1734 2429 1780 et
2470 1726 2751 1795 gentilium
2797 1727 3179 1780 simulacorurn
3219 1725 3425 1779 cultum
3458 1739 3585 1778 ven-

1932 1803 1974 1859 Β
2004 1816 2262 1879 diderint,
2291 1825 2342 1870 et
2364 1816 2741 1871 conversionis
2775 1816 3067 1885 impiorum
3099 1815 3409 1885 promissio.

2049 1909 2169 1964 clx.
2212 1909 2461 1964 Incitatio
2503 1910 2701 1965 divinae
2745 1909 3127 1972 aemulationis,
3175 1917 3228 1963 et
3263 1907 3426 1962 minze
3462 1907 3585 1962 uni-

2005 2002 2234 2058 versalis
2287 2001 2525 2074 iudicii;
2583 2011 2638 2058 et
2690 2002 2996 2059 exhortatio
3035 2001 3101 2058 ad
3158 2002 3416 2058 virtutum
3475 2001 3587 2056 cul-

2006 2105 2142 2152 tum.

2077 2187 2144 2242 Χ.
2187 2186 2516 2243 Vaticinium
2545 2203 2736 2242 eorum
2771 2203 2892 2258 qua:
2930 2187 3070 2244 facta
3105 2196 3232 2242 sunt
3256 2187 3309 2241 in
3342 2196 3588 2254 tempore

2007 2279 2223 2345 crucis;
2292 2289 2350 2334 et
2402 2278 2855 2334 sanctiﬁcationis
2927 2294 3084 2334 novae
3130 2278 3474 2343 Jerusalem;
3535 2284 3590 2332 et

320 2364 429 2416 τῶν
459 2366 770 2419 ἀποστόλων
797 2366 894 2419 καὶ
921 2366 1216 2437 προφητῶν
1241 2367 1562 2438 συμφωνίας
1590 2366 1684 2419 καὶ
1719 2381 1904 2435 μυστι-

2023 2371 2310 2426 :oucordia:
2379 2372 2750 2443 apostolorum
2816 2382 2872 2427 et
2905 2373 3329 2443 prOphetarum;
3368 2381 3422 2427 et
3472 2387 3591 2442 my-

324 2458 426 2526 κῆς
459 2458 664 2526 πηγῆς,
699 2459 821 2528 ἥτις
852 2457 914 2522 ἐξ
944 2459 1096 2512 οἴκου
1125 2458 1333 2528 Κυρίου
1373 2459 1476 2528 τῆς
1513 2457 1758 2530 πλευρᾶς
1811 2458 1911 2523 τῆς

324 2550 664 2620 Δεσποτικῆς
705 2549 934 2621 ξρρευσε
954 2567 968 2581 ·
1004 2549 1101 2604 καὶ
1139 2550 1451 2621 ἀφανισμοῦ
1479 2550 1746 2621 δαιμόνων
1767 2567 1782 2580 ο
1817 2550 1910 2602 καὶ

325 2641 659 2713 ἐκδικήσεως
687 2642 784 2696 τοῦ
821 2643 994 2714 ’Δδάμ
1013 2658 1028 2675 ο
1071 2644 1166 2698 καὶ
1191 2644 1488 2713 ὑπόσχεσις
1514 2643 1762 2697 διαϐόλου
1791 2642 1912 2714 κρί-

325 2750 464 2796 σεως
484 2747 498 2762 ⁶
533 2733 629 2786 καὶ
665 2735 765 2805 τῆς
790 2735 849 2787 ὲν
878 2737 944 2806 τῇ
984 2735 1124 2788 Σιὼν
1151 2737 1218 2805 τῇ
1245 2737 1408 2806 νοητῇ
1443 2737 1841 2802 κατοικήσεως.

395 2825 551 2896 Ίωὴλ
570 2826 645 2897 (5)
671 2826 1035 2897 ἑρμηνεύεται
1065 2828 1376 2897 ἀγαπητὸς
1408 2828 1650 2896 Κυρίου,
1669 2827 1702 2898 ἢ
1721 2824 1904 2894 ἀρχή.

325 2912 496 2979 Οὗτος
524 2912 592 2987 ἦν
631 2918 699 2970 ἐκ
738 2920 836 2988 τῆς
868 2917 1042 2988 φυλῆς
1075 2918 1320 2988 Ῥουϐὴν,
1351 2918 1522 2990 ἀγροῦ
1555 2919 1908 2990 μεθομὸρων⁸

326 3011 384 3064 ἐν
417 3010 610 3082 εἰρήνῃ
639 3010 902 3075 ἀπέθανε,
933 3013 1030 3064 καὶ
1059 3013 1237 3080 ἐτάφη
1269 3011 1409 3064 ἐκεῖ.

607 3160 955 3216 ΚΕΦΛΛΑῙΑ
997 3165 1186 3218 ΑΜΩΣ
1229 3163 1623 3220 ΠΡΟΦΗΤΟΥ.

399 3273 468 3330 α’.
512 3275 828 3346 Προφήτεία
857 3277 955 3345 τῆς
987 3276 1402 3348 ἀποφανθείσης
1442 3276 1598 3350 παρά
1632 3277 1727 3333 τοῦ
1771 3280 1907 3350 Χρι-

329 3369 454 3422 στοῦ
485 3369 598 3432 τοῖς
635 3368 911 3431 Ἰουδαίοις
931 3366 1296 3439 ἐρημώσεως.
1743 3396 1749 3402 α

397 3460 466 3531 β’.
504 3461 728 3532 Ἀπειλὴ
776 3460 920 3516 κατὰ
965 3460 1074 3514 τῶν
1126 3460 1516 3529 γειτονούντων
1565 3463 1643 3534 τῷ
1693 3461 1914 3536 Ἰσραὴλ

328 3552 524 3617 ἐθνῶν,
553 3551 670 3605 ἀνθ’
691 3544 767 3605 ὧν
791 3552 871 3614 είς
899 3551 1064 3604 αὑτόν
1085 3568 1146 3604 τε
1173 3551 1433 3614 ποικίλως
1454 3551 1591 3623 ὲπλη
1603 3553 1913 3624 μμέλησαν,

328 3645 422 3697 καὶ
455 3645 536 3706 είς
559 3643 698 3696 Θεὸν
729 3641 1030 3711 ἠσέϐησαν.

399 3734 472 3802 γ’.
508 3731 736 3801 ’Λπιιλὴ
768 3731 912 3784 κατά
939 3731 1036 3784 τοῦ
1070 3729 1242 3784 Ἰούδα
1269 3730 1366 3785 καὶ
1392 3731 1487 3785 τοῦ
1515 3731 1753 3804 Ἰσραὴλ,
1783 3735 1915 3789 ἀνθ’

329 3820 405 3881 ὧν
429 3825 522 3878 τὸν
568 3823 668 3894 μὲν
706 3822 873 3894 νόμον
913 3819 1258 3894 παρέϐησαν,
1289 3822 1384 3874 καὶ
1424 3822 1516 3875 τὸν
1545 3823 1780 3895 Χριστὸν
1805 3827 1914 3879 ἀπε

332 3919 529 3980 ἐδοντο,
558 3917 653 3970 καὶ
683 3916 765 3980 είς
800 3915 927 3979 τοὺς
957 3912 1124 3968 αὑτοῦ
1158 3914 1411 3985 μαθητὰς
1449 3914 1910 3989 ἐπλημμέλησαν

331 4015 389 4067 ὲν
421 4011 502 4083 τῷ
531 4009 646 4080 ναῷ
671 4008 729 4062 δὲ
757 4007 1098 4078 ἠσέλγαινον,
1122 4007 1214 4060 καὶ
1235 4007 1480 4079 ἐνεργεῖν
1503 4007 1630 4072 τοὺς
1650 4009 1710 4063 ὲν
1732 4012 1916 4076 αὑτοῖς

333 4102 820 4172 πνευματοφόρους
849 4099 1114 4155 ἐκώλυον.

401 4194 465 4252 δ’.
489 4197 613 4250 Ὅτι
641 4192 794 4266 παρὰ
821 4191 917 4246 τοῦ
950 4191 1089 4245 Θεοῦ
1124 4191 1342 4264 Ἰσραὴλ
1374 4191 1699 4264 ἐπιλεχθεὶς,
1720 4193 1919 4267 ἠθέτη-

335 4307 430 4343 σε·
466 4289 562 4344 καὶ
606 4286 696 4340 διὰ
739 4285 900 4340 τοῦτο
938 4284 1292 4356 μαστίζεταιο
1329 4285 1426 4339 καὶ
1467 4287 1548 4340 ὃτι
1579 4288 1730 4341 πᾶσα
1767 4290 1919 4362 παρὰ

331 4382 468 4435 Θεοῦ
512 4377 732 4434 παιδεία
764 4378 1112 4448 ἐπιφέρεται,
1143 4375 1238 4430 καὶ
1268 4377 1401 4446 παρ’
1425 4376 1590 4431 αὑτοῦ
1626 4380 1739 4441 τοῖς
1780 4397 1915 4450 προ-

336 4475 537 4546 φήταις
562 4470 909 4542 γνωρίζεται.

408 4574 468 4622 ε’.
511 4566 833 4639 Κατηγορία
851 4565 960 4620 τῶν
989 4567 1050 4620 ὲν
1075 4569 1142 4639 τῇ
1173 4566 1462 4638 Σαμαρείᾳ
1491 4566 1912 4642 πλημμεληθέν-

2013 2463 2141 2517 stici
2179 2462 2382 2526 fontis.
2415 2464 2507 2534 qui
2558 2480 2621 2519 ex
2664 2465 2826 2519 domo
2875 2463 3121 2530 Domini,
3157 2463 3326 2519 latere
3386 2463 3591 2519 scilicet

2010 2553 2328 2618 Dominico,
2376 2553 2621 2620 eﬁluxit;
2671 2564 2725 2610 et
2773 2556 3086 2611 abolitionis
3150 2557 3488 2620 daemonum,
3537 2564 3593 2609 et

2011 2661 2184 2715 pmnaa
2217 2647 2444 2712 Adami;
2477 2658 2534 2702 ct
2572 2648 2868 2717 promissio
2893 2647 3086 2719 judicii
3115 2647 3318 2703 diaboli
3347 2655 3404 2703 et
3435 2647 3593 2702 habi-

2014 2735 2234 2790 tationis
2270 2735 2322 2788 in
2351 2737 2577 2806 spiritali
2611 2735 2764 2792 Sion.

2078 2825 2195 2879 Joel
2223 2826 2489 2896 signiﬁcat
2514 2827 2736 2881 dilectus
2778 2827 2889 2882 Deo
2913 2829 3028 2883 sive
3092 2831 3428 2899 principium.
3462 2829 3594 2884 Erat

2013 2933 2078 2971 ex
2118 2917 2260 2971 tribu
2291 2916 2514 2981 Ruben,
2548 2935 2614 2972 ex
2646 2935 2777 2989 agro
2815 2920 3149 2976 vicinorum.
3192 2920 3250 2975 In
3283 2938 3415 2992 pace
3447 2936 3594 2976 mor-

2015 3017 2141 3061 tuus
2182 3017 2265 3062 est
2308 3017 2362 3062 et
2400 3008 2648 3077 sepultus
2681 3009 2905 3063 ibidem.

2330 3163 2584 3219 CAPITA
2621 3161 2807 3219 AMOS
2843 3161 3262 3220 PROPHETE.

2085 3277 2124 3331 Ι.
2171 3275 2508 3332 Vaticinium
2557 3276 2922 3332 manifestata:
2952 3291 2982 3332 a
3011 3275 3233 3332 Christo
3269 3275 3472 3332 Judmis
3508 3290 3596 3331 va-

2013 3373 2288 3428 stationis.

2086 3465 2149 3519 Il.
2187 3465 2344 3522 Minae
2375 3465 2431 3520 in
2472 3465 2684 3522 vicinas
2743 3463 2931 3520 lsraeli
2969 3473 3194 3536 gentes,
3231 3478 3296 3518 eo
3340 3462 3482 3534 quod
3538 3462 3595 3515 in

2014 3560 2169 3614 illum
2221 3559 2370 3615 varie
2426 3561 2778 3630 peccaverint
2812 3570 2869 3615 et
2912 3559 2972 3614 in
3017 3560 3188 3613 Deum
3239 3557 3406 3627 impie
3469 3571 3598 3624 ege-

2014 3653 2145 3707 rint.

2088 3738 2173 3792 lll.
2211 3739 2369 3794 Minze
2415 3738 2679 3794 adversus
2734 3738 2929 3794 Judam
2958 3747 3015 3793 et
3050 3738 3305 3794 lsraelem
3341 3754 3408 3795 eo
3451 3740 3598 3812 quod

2013 3831 2188 3901 legem
2227 3830 2551 3901 transgressi
2591 3829 2722 3896 sint,
2748 3829 3030 3884 Christum
3061 3829 3404 3885 vendiderint
3444 3839 3499 3886 et
3543 3832 3597 3886 in

2014 3922 2187 3992 ipsius
2215 3921 2512 3991 discipulos
2558 3922 2931 3991 peccaverint,
2963 3930 3020 3976 et
3045 3922 3306 3992 templum
3333 3923 3599 3976 contami-

2014 4014 2286 4081 naverint,
2321 4023 2376 4069 et
2433 4015 2490 4069 in
2526 4014 2657 4084 ipsis
2709 4013 2905 4085 spiritu
2986 4014 3180 4084 plenos
3219 4014 3601 4086 prohibuerint

2016 4105 2149 4174 quin
2171 4115 2416 4175 agerent.

2087 4195 2175 4251 IV.
2213 4195 2367 4262 Quod
2414 4193 2580 4250 lsrael
2642 4209 2672 4249 a
2743 4194 2854 4250 Deo
2888 4194 3097 4251 electus
3137 4193 3434 4251 desciverit
3471 4237 3487 4261 ,
3544 4203 3601 4250 et

2016 4298 2305 4360 propterea
2367 4289 2696 4360 castigatur;
2750 4296 2806 4343 et
2854 4288 3001 4359 quod
3048 4289 3227 4344 omnis
3259 4289 3526 4344 correctio
3569 4304 3600 4342 a

2019 4381 2131 4436 Deo
2175 4381 2454 4436 inducitur
2496 4381 2649 4436 etab
2699 4373 2820 4452 ip'so
2848 4380 3135 4452 prophetis
3163 4379 3525 4452 signiﬁcatur.

2080 4565 2145 4621 ν.
2198 4566 2488 4621 Accusatio
2548 4574 2896 4635 peccatorum
2937 4564 2994 4618 in
3048 4563 3308 4620 Samaria:
3339 4562 3600 4620 commisa

336 4676 467 4726 των,
507 4659 602 4714 καὶ
640 4657 840 4730 ἀπειλὴ
871 4657 973 4728 τῆς
1001 4659 1202 4729 νοητῆς
1229 4659 1442 4730 Τύρου,
1471 4660 1567 4714 καὶ
1608 4661 1904 4733 πρόρρησις

2023 4671 2216 4720 serum,
2247 4665 2303 4711 et
2349 4657 2510 4711 minae
2555 4655 2810 4726 spiritalis
2836 4655 2984 4726 Tyri,
3031 4664 3087 4710 et
3111 4654 3394 4726 praedictio
3423 4651 3599 4708 Israeo

336 4753 421 4806 ὃτι
447 4753 476 4805 ὁ
504 4749 719 4822 Ἰσραήλ
750 4750 862 4804 ἀπὸ
890 4749 1090 4821 μέρους
1125 4749 1452 4822 σωθήσεται.

409 4842 486 4910 ς’.
525 4843 842 4914 Προφητεία
868 4842 979 4896 τῶν
1006 4842 1437 4912 συμϐησομένων
1461 4845 1528 4915 τῇ
1563 4843 1918 4915 Ἰερουσαλὴμ

337 4938 434 4990 καὶ
459 4939 526 5008 τῇ
551 4934 712 5007 λοιπῇ
747 4934 1001 5004 Ἰουδαίᾳ,
1034 4935 1150 4989 ἀνθ’
1175 4952 1252 4990 ’.σν
1280 4937 1371 4989 τὸν
1400 4937 1594 5006 νόμον,
1631 4937 1768 5008 πρὸς
1801 4941 1914 5001 τοῖς

339 5029 515 5092 ἄλλοις
567 5027 788 5092 θύοντες
839 5025 946 5093 ἔξω
992 5026 1088 5081 τοῦ
1128 5025 1296 5082 τόπου
1333 5026 1430 5081 τοῦ
1458 5027 1912 5100 προσταχθέντος,

340 5136 418 5174 πα
426 5119 694 5190 ρέϐαινον.

412 5212 479 5277 ζ’.
519 5215 782 5285 Διήγησις
808 5207 884 5269 ὧν
908 5213 1134 5286 ἔμελλεν
1157 5214 1185 5268 ὑ
1204 5212 1335 5279 λαὸς
1357 5213 1468 5268 τῶν
1503 5213 1774 5268 Ἰουδαίων
1795 5213 1916 5266 πεί-

345 5301 552 5368 σεσθαι,
569 5303 665 5357 καὶ
683 5296 759 5359 ὧν
781 5303 1016 5359 πέπονθε
1040 5303 1306 5377 πρότερον
1325 5318 1342 5334 ⁶
1374 5304 1471 5358 καὶ
1493 5303 1798 5376 προφητεία
1817 5303 1918 5373 τῆς

342 5392 440 5450 τοῦ
472 5395 722 5466 Σωτῆρος
747 5395 1004 5466 ἀφίξεως.

2013 4747 2118 4801 lem
2151 4754 2302 4815 parte
2333 4747 2596 4802 salvatum
2627 4746 2713 4800 iri.

2087 4842 2175 4896 Vl.
2213 4841 2542 4898 Vaticinium
2581 4854 2768 4894 eorum
2832 4853 2954 4908 quae
3011 4845 3406 4909 superventura
3471 4847 3600 4893 sunt

2019 4935 2320 4990 Jerusalem
2344 4943 2401 4989 et
2438 4933 2660 5004 reliqua:
2696 4931 2897 4987 Judaeae
2941 4946 3042 5003 pro
3080 4945 3148 4985 eo
3190 4929 3333 5000 quod
3381 4931 3553 5000 legem
3579 4970 3595 4994 ,

2020 5035 2221 5098 praeter
2254 5033 2452 5081 caztera
2501 5023 2874 5079 sacriﬁcantes
2926 5030 3081 5077 extra
3117 5021 3297 5076 locum
3348 5018 3598 5089 praescri-

2023 5128 2177 5192 ptum
2217 5117 2539 5190 transgressi
2577 5124 2728 5172 sunt.

2097 5212 2208 5268 Vll.
2243 5209 2491 5265 Narratio
2546 5224 2736 5265 eorum
2765 5223 2884 5280 qua:
2939 5221 3204 5278 passurus
3254 5211 3337 5260 est
3367 5201 3600 5274 populus

2021 5304 2361 5369 Iudaeorum,
2393 5311 2448 5357 et
2476 5317 2597 5372 quae
2622 5317 2817 5372 passus
2845 5308 2929 5357 est
2960 5299 3130 5372 prius.
3168 5295 3236 5353 Et
3281 5295 3600 5354 vaticinium

2023 5396 2290 5452 adventus
2321 5393 2641 5451 Salvatoris.

1855 5594 2087 5651 NOTAE.

420 5750 499 5822 (5)
540 5746 696 5821 ἰωὴλ
729 5739 882 5813 οὗτος
908 5742 977 5822 ἦν
1006 5746 1067 5815 ἐξ
1097 5747 1264 5818 ἀγροί
1299 5743 1516 5818 Βηθώρ,
1545 5744 1746 5815 Epiph.
1771 5763 1786 5815 ;
1814 5749 1904 5804 υἱοί

2056 5765 2184 5821 agro
2219 5748 2502 5813 Bcthoron,
2545 5747 2774 5803 Doroth.
