4044 6228
449 355 582 423 1351

1641 357 1694 415 Η
1701 353 1880 415 ESYC
1887 356 1937 414 Η
1948 355 2005 414 ΙΙ
2047 354 2522 416 PRESBYTERI

3589 355 3738 420 1352

517 467 654 526 VIII.
694 464 1021 524 Vaticinium
1056 462 1126 518 ad
1157 473 1486 534 synagOgam
1514 459 1798 518 Judaicam
1828 462 2023 533 integri

2199 467 2269 531 η’.
2313 459 2626 531 Προφητεία
2655 461 2721 531 τῇ
2757 459 3018 532 Ἰουδαϊκῇ
3050 461 3352 533 Συναγωγῇ
3386 457 3489 533 τῆς
3522 479 3737 516 πανσε-

443 575 624 616 casus.
679 557 744 612 Et
796 554 1110 612 exhortatio
1163 561 1223 607 ut
1255 552 1321 607 ad
1389 549 1562 605 Deum
1620 559 2024 616 convertatur;

2126 551 2252 616 λοῢς
2285 552 2618 616 ἐκπτώσεως
2639 569 2652 582 ·
2686 553 2782 606 καὶ
2805 553 3134 621 παραίνεσις
3163 553 3264 625 τῆς
3292 555 3431 625 πρὸς
3460 555 3552 608 τὸν
3591 555 3740 609 om

443 662 501 726 et
544 651 834 724 prophetia
871 663 1064 706 eorum
1099 662 1219 717 quae
1258 646 1314 698 in
1340 641 1622 698 Christum
1651 643 2028 712 delinquentes

2161 643 2496 712 πιστροφῆς’
2534 643 2628 696 καὶ
2658 641 2856 713 ἀπειλὴ
2888 635 2962 696 ὧν
2996 643 3226 714 ἔμελλον
3250 645 3332 709 εἰς
3357 646 3453 700 τὸν
3491 647 3737 716 Χριστὸν

443 745 660 817 passuri
697 753 848 799 sunt.
1948 799 1952 803 ‘

517 835 608 890 IX.
665 835 973 892 Consilium
1051 834 1120 890 de
1191 834 1342 889 culto
1412 832 1599 887 divino
1650 837 1707 884 et
1741 827 2030 898 promissio

2130 732 2583 803 παρανομοῦντες
2621 733 2933 788 πείσεσθαι.

2203 825 2270 878 θ’.
2312 825 2602 898 Συμϐουλὴ
2634 827 2969 894 θεοσεϐείας,
3000 828 3096 881 καὶ
3123 829 3432 902 πρόρρησις
3464 832 3558 888 τοῦ
3590 835 3738 889 Ἰου-

452 927 854 982 nmentationis
891 926 1230 991 Iudaeorum,
1265 934 1322 980 et
1362 939 1550 978 eorum
1592 937 1714 991 qua:
1767 928 2030 974 eventura

2161 917 2318 971 αἳκοῢ
2350 918 2572 990 θρήνου,
2597 924 2692 974 καὶ
2722 919 2828 974 τῶν
2857 919 3136 991 ἐσομένων
3162 925 3273 987 τοῖς
3302 925 3654 998 ἁμαρτωλοῖς
3676 930 3738 983 ἐν

444 1029 576 1075 sunt
623 1019 1006 1091 peccatoribus
1047 1019 1102 1074 in
1126 1019 1215 1073 die
1245 1017 1456 1088 judicii.

517 1109 586 1164 X.
619 1110 954 1181 Repudiatio
1014 1109 1412 1166 sacriﬁciorum
1508 1106 1863 1163 Judaicorum
1895 1147 1910 1170 ,
1976 1113 2034 1160 et

446 1203 723 1257 accusatio
753 1202 894 1273 quod
926 1201 1218 1257 servierint
1247 1199 1404 1255 idolis
1432 1199 1734 1262 vicinarum
1763 1195 2030 1268 gentium,

451 1300 577 1354 licet
605 1313 840 1352 numero
870 1307 926 1353 et
953 1298 1161 1352 viribus
1199 1297 1468 1368 majores,
1505 1304 1560 1351 et
1585 1294 1861 1366 quomodo
1905 1309 2035 1364 pro-

451 1399 574 1460 pter
628 1387 1038 1444 multitudinem
1093 1388 1464 1458 voluptatum,
1495 1385 1747 1440 conversi
1801 1393 1930 1440 sunt
1967 1385 2035 1439 ad

455 1478 748 1533 luxuriam.

525 1567 615 1622 XI.
648 1569 805 1624 Minae
841 1569 1162 1624 vastationis
1226 1567 1418 1636 Israel,
1461 1576 1514 1622 et
1545 1566 1786 1622 narratio
1844 1581 2034 1622 eorum

351 1687 360 1693 -
451 1675 572 1730 quae
603 1659 865 1715 adversus
898 1660 1076 1732 legem
1113 1669 1169 1714 et
1197 1659 1369 1715 Deum
1395 1668 1782 1730 peccaverunt,
1814 1667 2038 1730 propter

455 1766 576 1822 qua:
621 1749 912 1823 Babylonis
945 1767 1004 1808 se
1020 1751 1384 1808 inducturum
1449 1751 1710 1805 minatur.

2133 1012 2201 1080 τῇ
2239 1011 2426 1082 ἡμέρᾳ
2456 1010 2557 1080 τῆς
2585 1010 2849 1082 κρίσεως.

2209 1096 2263 1150 ι’.
2303 1098 2648 1171 Ἀποστροφή
2677 1101 2785 1154 τῶν
2824 1103 3131 1158 Ἰουδαϊκῶν
3175 1104 3418 1160 θυσιῶν
3461 1109 3558 1163 καὶ
3598 1124 3738 1162 κατ-

2133 1187 2334 1259 ηγορία
2368 1190 2449 1243 ὅτι
2497 1192 2611 1254 τοῖς
2653 1192 2893 1256 εἰδώλοις
2927 1194 3209 1251 ἐδούλευον
3241 1197 3352 1251 τῶν
3381 1200 3736 1271 ὁμορούντων

2134 1279 2328 1345 ἐθνῶν,
2362 1279 2540 1334 καίτοι
2573 1281 2818 1351 μείζονες
2845 1285 3066 1358 ἀριθμῷ
3111 1288 3208 1341 καὶ
3248 1289 3481 1359 δυνάμει
3527 1294 3739 1364 τυγχάο

2136 1389 2320 1436 νοντες
2341 1387 2353 1402 ⁸
2383 1374 2476 1427 καὶ
2504 1374 2652 1439 ὅπως
2677 1377 2783 1430 ὑπὸ
2808 1379 3049 1449 πλήθους
3067 1380 3284 1452 τρυφῆς
3305 1383 3518 1456 ἐτράπη
3529 1401 3624 1438 ταν
3651 1387 3737 1450 είς

2137 1464 2452 1532 ἀσέλγειαν.

2210 1563 2299 1611 ια’.
2339 1557 2563 1629 Ἀπειλὴ
2599 1559 2698 1630 τῆς
2738 1559 3076 1632 ἐρημώσεως
3106 1563 3202 1618 τοῦ
3239 1565 3482 1637 Ἰσραήλ,
3522 1569 3618 1622 καὶ
3646 1569 3739 1622 δι-

2138 1648 2342 1719 ήγησις
2387 1641 2463 1702 ὧν
2507 1648 2588 1711 είς
2628 1649 2721 1702 τὸν
2766 1650 2934 1721 νόμον
2980 1652 3076 1705 καὶ
3108 1652 3202 1707 τὸν
3227 1653 3363 1708 Θεὸν
3389 1656 3735 1728 ἡμάρτανον,

2142 1737 2286 1809 ὑπὲρ
2308 1731 2385 1793 ὧν
2408 1737 2786 1803 Βαϐυλωνίους
2814 1741 3108 1814 ἐπιφέρειν
3137 1743 3456 1818 ἠπείλησεν.

523 1843 640 1900 XII.
698 1813 985 1901 Pro-dictio
1039 1843 1404 1916 expeditionis
1459 1841 1878 1913 Babyloniorum
1911 1881 1927 1906 ,
1979 1848 2038 1896 et

2216 1834 2305 1904 ιβ’.
2346 1834 2659 1906 Πρόρῤησις
2699 1837 2798 1908 τῆς
2831 1813 3192 1893 Βαϐυλωνίων
3232 1813 3734 1912 ἐπιστρατεύσεως.

457 1942 704 1990 ventura:
761 1933 968 1990 Iudaeis
993 1949 1170 2006 preme
1213 1933 1271 1988 in
1299 1939 1548 2003 tempore
1582 1930 1791 2000 futuro,
1844 1941 1902 1987 et
1931 1933 2032 1986 ad-

456 2033 656 2080 ventus
687 2021 988 2080 Salvatons
1020 2024 1075 2078 in
1123 2038 1310 2090 carne,
1347 2031 1404 2077 et
1430 2035 1623 2077 eorum
1657 2037 1779 2092 quae
1808 2037 1874 2078 ex
1920 2023 2042 2094 ipso

452 2113 638 2170 futura
684 2123 814 2170 sunt
842 2112 1065 2170 Judreis.
1171 2180 1175 2187 _

521 2295 668 2353 XIII.
700 2296 952 2353 Narratio
1012 2297 1335 2355 insidiarum
1375 2299 1678 2356 sacerdmis
1739 2300 1931 2357 Betbel
1980 2303 2036 2357 in

452 2388 805 2458 prephetam,
839 2397 895 2442 et
921 2401 1108 2442 eorum
1138 2402 1262 2457 quae
1293 2389 1563 2460 propheta
1592 2390 1886 2458 sacerdoti,
1928 2392 2040 2447 Deo

453 2480 706 2551 iubente,
731 2481 972 2535 minatus
999 2489 1105 2535 est.

526 2569 669 2626 XIV.
698 2571 1025 2627 Vaticinium
1063 2573 1236 2628 ruinae
1284 2573 1472 2644 templi
1525 2589 1557 2628 a
1591 2573 1813 2632 Christo
1877 2575 2039 2631 indu-

456 2668 560 2715 cta:
587 2698 604 2724 ,
646 2669 703 2714 ct
731 2659 1016 2730 prophetia
1034 2674 1224 2715 eorum
1263 2676 1385 2731 quia
1430 2662 1486 2716 in
1516 2662 1768 2718 Sabbatis
1797 2671 1852 2719 et
1901 2662 2044 2718 Neo-

459 2749 660 2806 meniis
697 2749 938 2821 populus
973 2749 1286 2804 Judaeorum
1333 2753 1603 2821 peccavit,
1641 2763 1868 2824 propter
1893 2754 2039 2825 quod

458 2852 653 2894 eorum
690 2846 839 2892 terra
867 2852 993 2892 cum
1025 2837 1223 2892 incolis
1255 2838 1579 2909 castigatur.

469 3013 471 3015 ’
529 3021 646 3078 XV.
680 3022 975 3094 Prophetia
1003 3023 1392 3077 miraculorum
1422 3021 1480 3075 in
1510 3036 1674 3077 cruce
1723 3021 2037 3079 futurorum

2139 1927 2239 1982 καὶ
2284 1927 2386 1999 τῆς
2427 1927 2870 2000 ὲπελευσομένης
2904 1932 3019 1993 τοῖς
3053 1929 3333 1994 Ἰουδαίοις
3373 1931 3532 2002 δίκης
3563 1933 3620 1984 ὲν
3659 1934 3739 2002 τῷ

2138 2019 2298 2074 αἰῶνι
2337 2017 2419 2090 τῷ
2469 2017 2742 2090 μέλλοντι,
2776 2020 2873 2074 καὶ
2915 2019 3015 2090 τῆς
3057 2021 3116 2074 ὲν
3163 2020 3334 2092 σαρκὶ
3357 2020 3450 2074 τοῦ
3484 2022 3738 2094 Σωτῆρος

2139 2109 2401 2180 ἀφίξεως,
2426 2109 2520 2163 καὶ
2550 2109 2659 2164 τῶν
2693 2109 2999 2181 μελλόντων
3021 2110 3082 2177 ἐξ
3110 2111 3281 2185 αὐτῆς
3309 2115 3420 2178 τοῖς
3457 2113 3739 2179 Ἰουδαίοις

2140 2204 2384 2258 ἔσεσθαι.

2215 2303 2303 2365 ιγ’.
2344 2296 2607 2368 Διήγησις
2644 2296 2746 2366 τῆς
2791 2294 2886 2348 τοῦ
2936 2293 3130 2367 ἱερέως
3181 2293 3384 2365 Βαιθὴλ
3434 2295 3738 2367 ἐπιϐουλῆς

2140 2389 2286 2442 κατά
2303 2387 2396 2441 τοῦ
2422 2389 2726 2458 προφήτου,
2745 2389 2838 2439 καὶ
2857 2380 2934 2441 ὧν
2961 2388 2988 2440 ὁ
3009 2387 3299 2458 προφήτης
3322 2387 3400 2459 τῷ
3423 2387 3562 2458 ίερεί
3583 2388 3738 2458 παρὰ

2138 2480 2234 2536 τοῦ
2263 2478 2400 2533 Θεοῦ
2432 2479 2914 2550 προστεταγμένας
2943 2478 3234 2550 ἠπείλησε.

2213 2570 2295 2625 ιδ’.
2341 2569 2656 2641 Προφήτεία
2713 2569 2816 2641 τῆς
2864 2569 3252 2642 ὲπενεχθείσης
3293 2568 3371 2642 τῷ
3422 2570 3536 2642 ναῷ
3583 2571 3738 2642 παρὰ

2141 2663 2380 2737 Χριστοῦ
2408 2664 2734 2736 πορθήσεως
2755 2681 2770 2698 ο
2799 2664 2896 2718 καὶ
2916 2664 3166 2736 διήγησις
3193 2658 3268 2717 ὧν
3289 2665 3349 2719 ὲν
3374 2667 3488 2729 τοῖς
3521 2665 3738 2718 Σαϐϐά-

2139 2774 2254 2822 τοις
2286 2758 2381 2811 καὶ
2409 2758 2531 2820 ταῖς
2559 2755 2901 2827 Νουμηνίαις
2921 2758 2948 2809 ό
2971 2754 3100 2818 λαὸς
3118 2754 3226 2809 τῶν
3255 2755 3526 2812 Ἰουδαίων
3549 2757 3738 2828 ήμάρ-

2142 2868 2325 2916 τανεν,
2350 2849 2468 2906 ἀνθ’
2491 2845 2568 2904 ὧν
2598 2847 2783 2914 αὐτοῖς
2815 2850 2847 2918 ή
2879 2849 2949 2919 γῆ
2989 2848 3128 2920 μετὰ
3154 2847 3586 2904 τῶν-οἰκούντων
3604 2864 3736 2906 πρι-

2142 2943 2382 2996 δεύεται.

2218 3042 2297 3088 ιε’.
2342 3036 2656 3107 Προφήτεία
2701 3035 2809 3090 τῶν
2858 3035 2952 3088 ἐπὶ
2994 3035 3090 3089 τοῦ
3139 3031 3378 3104 σταυροῦ
3427 3030 3737 3102 γενομένων

459 3125 517 3171 et
554 3116 822 3171 malorum
853 3131 974 3185 quae
1002 3115 1226 3182 .Iudaeis,
1251 3115 1422 3186 gratia
1446 3114 1515 3170 ab
1541 3113 1675 3186 ipsis
1701 3115 2037 3184 discedente,

2161 3128 2458 3199 ὶαυμόιτων,
2497 3131 2591 3182 καὶ
2621 3129 2730 3182 τῶν
2763 3128 2950 3181 κακῶν
2975 3126 3011 3181 ἃ
3041 3129 3157 3191 τοῖς
3191 3125 3466 3189 Ἰουδαίοις
3497 3122 3737 3193 συμϐαί-

461 3216 798 3278 superventu
808 3221 863 3260 [‘3
908 3213 1065 3259 sunt.

533 3297 674 3352 XVI.
719 3297 1012 3368 Prophetia
1071 3312 1262 3352 eorum
1306 3313 1429 3369 quae
1462 3297 1717 3354 Christus
1772 3299 2043 3356 facturum

461 3405 520 3445 se
552 3389 756 3460 popqu
803 3399 858 3443 et
890 3389 1092 3459 templo
1140 3391 1382 3444 minatus
1433 3399 1537 3457 est,
1583 3399 1639 3446 et
1691 3391 1916 3463 insuper
1947 3407 2046 3449 eos

465 3480 719 3550 obiurgat
751 3486 1010 3548 tanquam
1044 3494 1157 3534 non
1188 3479 1369 3534 minus
1403 3480 1614 3536 alienos
1640 3497 1802 3551 quam
1836 3492 2045 3539 caeteras

460 3576 651 3642 gentes
681 3575 1064 3622 extraneorum
1075 3605 1088 3621 ο

534 3656 699 3714 XVII.
755 3657 1044 3726 Quomodo
1076 3658 1251 3714 lidelis
1291 3658 1462 3714 Israel
1509 3675 1575 3716 ex
1622 3659 1830 3716 inﬁdeli
1869 3677 2048 3717 secer-

460 3755 613 3808 nitur
651 3769 750 3824 per
795 3753 1094 3809 Salvatoris
1123 3752 1440 3820 adventum,
1472 3761 1528 3807 et
1581 3769 1808 3826 regnum
1875 3752 2047 3808 David

463 3847 517 3899 in
547 3846 676 3914 ipsis
704 3855 1023 3911 renovatur,
1057 3856 1114 3902 et
1142 3847 1306 3901 simul
1349 3861 1476 3901 cum
1508 3845 1625 3919 lege
1677 3847 1838 3902 bonis
1863 3845 2048 3918 gratiae

463 3938 735 3993 fruentur.

533 4031 701 4085 Amos
741 4031 1013 4102 significat
1060 4031 1291 4100 ﬁrmitas
1331 4031 1447 4086 sive
1502 4033 1680 4085 robur.
1734 4033 1901 4086 Amos
1930 4041 2049 4086 erat

461 4139 531 4178 ex
566 4121 816 4190 Thecue;
885 4132 939 4178 et
986 4124 1236 4178 Amasias
1306 4124 1504 4178 crebro
1558 4125 1706 4179 fuste
1756 4132 2048 4179 contusum

470 4213 691 4268 tandem
756 4214 938 4284 gladio
968 4215 1204 4269 necavit.
1249 4213 1355 4280 Qui
1407 4229 1530 4270 cum
1589 4215 1770 4270 adhuc
1815 4216 2050 4286 spiraret

466 4322 747 4378 regressus
797 4314 884 4361 est
939 4307 994 4360 in
1033 4316 1235 4361 terram
1269 4321 1447 4360 suam.
1483 4307 1572 4377 Et.
1597 4315 1722 4378 post
1761 4309 1899 4363 duos
1932 4307 2050 4363 dies

465 4411 714 4456 mortuus
750 4407 831 4454 est
864 4398 936 4453 ibi
965 4407 1017 4452 et
1042 4398 1302 4468 sepultus.

747 4555 997 4612 CAPITA
1038 4554 1267 4610 ΑΒΒΙίΕ
1321 4554 1734 4612 ΡΙὶΟΡΗΕΤΑΞ.

537 4669 582 4725 l.
617 4672 776 4728 Minae
817 4675 1080 4732 adversus
1126 4677 1404 4733 diabolum
1447 4687 1504 4732 et
1535 4676 1821 4747 prazdictio
1861 4690 2050 4731 eorum

469 4778 590 4832 qua:
635 4764 753 4833 ipse
784 4781 1048 4834 passurus
1081 4778 1202 4836 est,
1233 4779 1290 4823 et
1323 4769 1415 4838 qui
1451 4769 1552 4824 sub
1605 4769 1724 4838 ipso
1779 4768 1836 4822 in
1865 4783 2052 4824 errore

468 4863 524 4907 et
555 4855 834 4924 impietate
866 4857 1070 4928 degunt
1121 4861 1188 4915 ab
1222 4862 1486 4931 apostolis
1529 4870 1582 4916 ct
1648 4862 1717 4917 ab
1760 4862 1828 4916 iis
1859 4863 1954 4932 qui
1985 4877 2051 4917 cx

467 4946 746 5017 impiatate
775 4951 1024 5004 conversi
1056 4961 1206 5006 sunt.
1487 5009 1492 5014 .

538 5039 605 5095 ll.
638 5039 796 5095 Minae
833 5042 1099 5098 adversus
1130 5046 1406 5110 eumdem,
1433 5047 1642 5102 scilicet
1715 5062 1786 5102 ne
1813 5047 2046 5119 gaudeat

468 5135 535 5189 de
564 5135 808 5204 gentium
841 5152 1028 5192 errore
1054 5178 1068 5203 ,
1105 5149 1158 5191 et
1188 5138 1467 5208 praedictio
1510 5139 1896 5209 mysteriorum
1924 5139 2047 5208 qui-

467 5224 570 5282 bus
621 5226 880 5283 fruuntur
909 5243 1007 5298 per
1044 5229 1385 5284 vocationem
1425 5230 1814 5301 evangelicam.

538 5321 630 5376 III.
679 5322 965 5389 Quomodo
993 5322 1085 5393 qui
1144 5323 1198 5376 in
1237 5321 1530 5378 virtutibus
1580 5339 1639 5378 se
1673 5332 1979 5386 exercent,
2017 5321 2052 5376 ii

467 5417 688 5486 quidem
742 5417 1069 5490 spiritalium
1101 5427 1479 5474 extraneorum
1511 5428 1566 5476 et
1593 5418 1905 5476 Judarorum
1941 5419 2056 5476 hae-

2073 4478 2124 4535 D

2145 3234 2281 3282 νειν,
2312 3221 2412 3289 τῆς
2441 3218 2667 3289 χάριτος
2694 3219 2752 3284 ἐξ
2778 3218 2959 3272 αὐτῶν
2994 3216 3417 3288 ἀναχωρούσης,
3447 3214 3698 3286 ἔμελλεν.

2215 3308 2312 3374 ις’.
2355 3309 2668 3380 Πρόῤῥησις
2697 3305 2774 3365 ὢν
2799 3311 2828 3363 ὁ
2853 3311 3089 3381 Χριστὸς
3106 3310 3353 3378 ποιήσειν
3372 3307 3465 3361 τὸν
3489 3306 3618 3362 ναὸν
3639 3307 3737 3362 καὶ

2145 3399 2236 3454 τὸν
2269 3399 2396 3452 λαὸν
2425 3398 2722 3470 ήπείλησεο
2756 3400 2852 3451 καὶ
2900 3398 3039 3470 πρὸς
3073 3397 3285 3461 τούτοις
3331 3395 3615 3450 ὠνείδισεν
3657 3397 3735 3460 ὡς

2145 3492 2407 3555 ἀποίκους
2440 3492 2692 3563 καθάπερ
2719 3491 2789 3544 τὰ
2813 3491 2975 3545 λοιπὰ
3006 3491 3134 3562 ἔθνη
3155 3489 3266 3543 τῶν
3292 3488 3607 3557 ἀλλοφύλων
3628 3487 3731 3539 ὑπ-

2147 3580 2436 3652 ἄρχοντας.

2225 3674 2312 3738 ιζ’.
2338 3675 2528 3738 Ὅπως
2558 3676 2587 3730 ό
2624 3675 2816 3740 πιστὸς
2849 3673 3067 3746 Ἰσραὴλ
3089 3674 3154 3726 ὲκ
3182 3671 3276 3726 τοῦ
3305 3671 3539 3727 ἀπίστου
3564 3669 3734 3740 χωρία

2149 3765 2303 3829 ζεται
2324 3766 2425 3839 ,διὰ
2463 3767 2567 3838 τῆς
2592 3767 2686 3821 τοῦ
2720 3767 2974 3839 Σωτῆρος
3003 3766 3262 3836 ἀφίξεως,
3299 3765 3395 3818 καὶ
3423 3765 3456 3834 ή
3487 3761 3735 3832 βασιλεία

2109 3891 2112 3893 λ
2147 3859 2243 3912 τοῦ
2269 3838 2434 3914 Δαυῒδ
2467 3862 2524 3914 ἐν
2557 3861 2743 3924 αὐτοῖς
2771 3860 3114 3925 ἀνανεοῦται,
3148 3859 3242 3912 καὶ
3268 3857 3407 3929 μετὰ
3438 3854 3531 3908 τοῦ
3565 3854 3737 3925 νόμου

2149 3954 2540 4026 καρπώσονται
2573 3956 2668 4010 καὶ
2697 3956 2766 4010 τὰ
2797 3956 2939 4010 καλὰ
2967 3955 3070 4026 τῆς
3104 3955 3347 4024 χάριτος.

2220 4047 2404 4118 ’Λμὼς
2434 4049 2798 4120 ἑρμηνεύεται
2821 4049 3150 4119 στερέωσις
3176 4050 3207 4120 ἢ
3243 4050 3449 4118 ἰσχύς·
3469 4048 3647 4122 ’Δμὼς
3670 4047 3740 4124 ἦν

2150 4143 2216 4194 ἐκ
2244 4140 2446 4194 Θεκουέ
2469 4157 2482 4173 ο
2523 4144 2617 4194 καὶ
2654 4142 2921 4212 Ἀμασίας
2957 4141 3032 4213 (6)
3074 4141 3281 4211 συχνῶς
3313 4143 3476 4196 αὑτὸν
3519 4159 3736 4214 τυμπα⁸

2149 4232 2324 4300 νίσας,
2351 4233 2508 4297 τέλος
2541 4234 2753 4289 ἀνεῖλεν
2792 4234 2956 4288 αὑτὸν
3003 4233 3148 4302 ξίφει
3168 4249 3180 4263 ⁸
3210 4233 3289 4286 ἔτι
3318 4234 3377 4287 δὲ
3408 4235 3740 4306 ἐμπνέοντος

2151 4323 2315 4376 αὑτοῦ
2342 4321 2573 4394 ἀνῆλθεν
2609 4325 2689 4387 είς
2718 4324 2818 4394 τὴν
2862 4325 2966 4395 γῆν
3012 4323 3207 4378 αὐτοῦ·
3237 4326 3331 4378 καὶ
3379 4325 3502 4394 μεθ’
3524 4327 3740 4398 ἡμέρας

2149 4415 2243 4468 δύο
2269 4415 2527 4483 ἀπέθανε,
2568 4417 2660 4470 καὶ
2695 4416 2872 4488 ἐτάφη
2905 4418 3042 4471 ὲκεί.

2610 4573 2964 4627 ΚΕΦΛΛΑΙΑ
3004 4575 3202 4628 ΛΒΔΙΟ
3212 4575 3273 4629 Υ.

2221 4682 2290 4738 α’.
2329 4684 2557 4757 Ἀπειλὴ
2587 4686 2730 4740 κατὰ
2752 4687 2847 4741 τοῦ
2876 4688 3127 4742 διαϐόλου
3153 4703 3166 4718 ·
3198 4688 3292 4741 καὶ
3323 4687 3638 4760 πρόρρησις
3669 4687 3743 4746 ὧν

2151 4773 2376 4846 ἔμελλεν
2403 4776 2566 4841 αὐτός
2587 4795 2646 4830 τε
2673 4778 2779 4832 ὑπὸ
2799 4777 2908 4834 τῶν
2934 4780 3250 4834 ἀποστόλων
3270 4782 3365 4834 καὶ
3387 4780 3494 4834 τῶν
3521 4779 3580 4845 ἐξ
3607 4780 3739 4833 ἀσε-

2151 4867 2804 4938 ϐείας-ἐπιστρεψάντων,
2837 4871 2932 4924 καὶ
2965 4874 3014 4925 οἱ
3045 4874 3135 4926 ὑπ’
3160 4872 3325 4927 αὑτὸν
3351 4874 3411 4926 ἐν
3443 4872 3620 4942 πλάνῃ
3651 4887 3740 4923 τε-

2155 4959 2374 5025 λοῦντες
2411 4963 2504 5016 καὶ
2534 4961 2761 5037 ἀσεϐείᾳ
2793 4964 3098 5018 πείσεσθαι.

2229 5049 2292 5122 β’.
2333 5052 2555 5122 Ἀπειλὴ
2590 5053 2732 5106 κατὰ
2770 5053 2862 5106 τοῦ
2907 5053 3109 5120 αὐτοῦ,
3146 5057 3220 5125 μὴ
3269 5053 3595 5124 ἐπιχαρῆναι
3628 5055 3740 5108 τῶν

2148 5144 2319 5197 ὲθνῶν
2346 5145 2552 5216 πλάνῃ·
2583 5147 2677 5199 καὶ
2707 5146 3014 5218 πρόρρησις
3049 5147 3387 5220 μυστηρίων,
3423 5139 3500 5200 ὧν
3531 5145 3617 5200 διὰ
3638 5145 3738 5215 τῆς

2150 5236 2514 5308 εὐαγγελικῆς
2539 5239 2874 5293 ἀπολαύουσι
2905 5241 3176 5312 κλήσεως.

2223 5334 2294 5396 γ’.
2320 5329 2509 5392 Ὅπως
2531 5313 2580 5383 oi
2610 5330 2709 5394 τὰς
2741 5331 2945 5401 ἀρετὰς
2967 5331 3305 5402 ἀσκούμενοι
3334 5332 3489 5385 αὐτοὶ
3523 5331 3625 5402 μὲν
3643 5331 3738 5384 καὶ

2157 5419 2265 5474 τῶν
2301 5421 2507 5490 νοητῶν
2537 5422 2853 5493 ἀλλοφύλων
2879 5425 2975 5479 καὶ
3009 5425 3118 5482 τῶν
3158 5424 3424 5479 Ἰουδαίων
3452 5425 3580 5490 τοὺς
3605 5423 3741 5495 κλή-

1991 5575 2224 5633 ΝΟΤΛΕ.

666 5725 974 5801 Ἀμασίας.
1012 5727 1072 5781 '0
1121 5729 1301 5799 ἱερεὺς
1330 5730 1570 5801 Βαιοὴλ,
1607 5731 1879 5800 I'Ipiphan.
1907 5733 2046 5788 Ibid.

472 5789 680 5845 ἀνεῖλεν
707 5789 892 5848 αὐτόν.
915 5789 982 5837 -ζ-
1019 5800 1076 5851 Ὀ
1112 5789 1226 5863 uio;
1277 5789 1567 5870 ᾍμασίὸυξ
1598 5789 1818 5873 ρόττᾶλῳ
1843 5804 2054 5872 πλήξας

2159 5737 2321 5791 αὑτὸν
2362 5737 2504 5791 κατὰ
2555 5737 2648 5791 τοῦ
2696 5738 2992 5808 κροτάφου.
3044 5737 3189 5792 Idem
3234 5738 3501 5808 Epiphan.
3543 5747 3593 5797 et
3631 5739 3733 5795 Do-

2164 5809 2305 5862 roth.
2346 5808 2464 5863 Mox
2493 5809 2678 5863 malim
2707 5810 2883 5880 legere
2911 5811 3164 5878 ἐμπνέων
3187 5809 3363 5872 αὑτός.
