4032 6222
580 302 720 368 1355

1785 302 2078 363 l-IESYCH
2093 304 2107 361 ἰ
2123 303 2144 361 Ι
2180 303 2650 364 PRESBYTERI

3677 314 3788 376 1256

574 421 788 494 inquit.
822 419 1058 492 lapidem
1089 418 1416 474 clamantem
1446 419 1715 480 luctuose,
1741 427 1796 474 et
1827 419 2148 474 cantharum

2261 419 2476 489 ᾠκησεν
2497 421 2555 472 ἐν
2579 422 2648 490 γῇ
2684 419 2902 490 Σαραὴρ
2937 419 3190 492 [Σαραὰμ
3221 421 3563 496 'l'heophyl.],
3593 425 3792 481 ἀπέθανε

573 517 810 586 ligneum
838 513 906 566 ad
935 512 1103 566 Deum
1135 513 1471 582 loquentem,
1497 523 1625 568 tunc
1652 527 1820 583 prope
1850 512 1954 567 erit
1982 513 2149 566 salus.

570 608 729 661 Tunc
754 605 1018 660 videbunt
1045 605 1348 659 Jerusalem
1384 613 1548 659 totam
1590 613 1816 658 stratam
1871 619 2044 674 usque
2081 604 2148 658 ad

569 699 921 754 ftittdameuta
945 737 960 760 ,
989 706 1045 752 et
1087 697 1143 751 in
1176 711 1240 751 ea
1275 712 1468 750 omnes
1495 705 1686 766 gentes
1710 695 2015 750 adorabunt
2044 695 2150 748 Do-

570 790 778 844 minum
797 831 812 855 ,
841 799 896 843 et
926 787 1256 844 trans-ferent
1276 787 1484 857 lapides
1515 803 1704 842 versus
1725 803 1986 843 occasum
2004 787 2155 851 solis,

567 892 623 936 et
652 883 725 938 ibi
758 883 864 937 erit
925 880 1174 936 adoratio
1232 879 1382 934 uncti
1428 877 1705 951 (Christi),
1739 895 1805 934 eo
1851 880 1996 949 quod
2051 879 2119 934 de

567 983 752 1042 specta
794 972 959 1028 fuerit
983 970 1283 1026 Jerusalem
1325 971 1380 1025 in
1402 971 1623 1026 deserto
1657 971 1896 1026 ferarum
1942 980 1997 1025 et
2029 985 2150 1023 om-

569 1068 657 1122 nis
695 1066 1073 1121 immunditiae.
1118 1066 1185 1120 Et
1236 1074 1366 1120 tunc
1394 1065 1580 1120 veniet
1611 1064 1735 1119 linis
1796 1065 1976 1119 omnis
2033 1064 2151 1118 ani-

569 1174 692 1213 ιιιαξ.

2257 510 2314 562 δὲ
2348 510 2488 576 ἐκεῖ,
2516 511 2613 564 καὶ
2640 509 2816 581 ἐτάφη
2853 512 2910 562 ἐν
2954 512 3205 582 σπηλαίῳ
3235 515 3430 579 Κενὲζ,
3466 515 3640 584 κριτοῦ
3669 535 3795 584 vava-

2261 601 2426 672 μένου
2477 603 2535 655 ὲν
2584 602 2822 674 ἡμέραις
2869 603 2966 674 τῆς
3003 605 3302 675 ἀναρχίας·
3338 607 3430 659 καὶ
3475 608 3628 660 ἔδωκε
3658 611 3792 680 τέρας

2259 695 2394 749 πολὺ
2444 697 2540 749 ἐπὶ
2592 695 2672 769 [ἐν
2709 697 3035 769 Theophle
3077 700 3291 772 Ἰσραὴλ
3341 703 3432 754 καὶ
3481 705 3696 775 ἐφ’δλην
3717 707 3792 775 τὴν

2259 787 2365 857 γῆν
2387 805 2401 819 ο
2430 788 2580 855 ὅταν,
2613 790 2800 858 φησὶν,
2831 790 3016 844 ἴδωσιν
3047 791 3194 845 λίθον
3221 793 3430 863 βοῶντα.
3461 797 3693 866 οἰκτρῶς,
3717 800 3792 851 καὶ

2259 881 2531 950 κάνθαρον
2584 882 2692 934 ἀπὸ
2745 882 2902 947 ξύλου
2950 885 3086 954 πρὸς
3132 884 3266 938 Θεὸν
3303 886 3672 955 φθεγγόμενον,
3695 893 3792 942 τότε

2258 970 2497 1040 ἐγγίζειν
2543 973 2642 1044 τὴν
2685 975 2958 1045 σωτηρίαν
2982 992 2995 1006 ·
3031 977 3152 1029 τότε
3187 977 3409 1047 ὄψονται
3442 980 3534 1049 τὴν
3563 982 3790 1050 Ἰερουσα-

2257 1062 2370 1134 λὴμ.
2397 1063 2778 1134 ἡδαφισμένην
2802 1064 2821 1136 Ι
2845 1067 3228 1137 ἠφανιισμὲνην
3261 1069 3578 1142 TheOphyl.]
3605 1072 3696 1134 ἕως
3721 1072 3789 1124 θε-

2261 1154 2463 1224 μελίων
2494 1156 2641 1224 ὃλην,
2664 1158 2758 1210 καὶ
2781 1159 2862 1222 είς
2891 1159 3058 1230 αὐτὴν
3082 1162 3262 1216 πάντα
3293 1164 3360 1215 τὰ
3390 1164 3511 1235 ἔθνη
3537 1164 3632 1235 [ἐν]
3657 1183 3788 1234 προσο

567 1253 792 1324 κ·.›νήσει
837 1252 916 1324 τῷ
963 1251 1192 1324 Κυρίῳο
1245 1251 1339 1305 καὶ
1393 1250 1758 1321 μεταθήσουσι
1811 1248 2156 1321 [μεθήσουσι
2202 1247 2532 1322 Theophyl.]
2579 1252 2705 1313 τοὺς
2753 1251 2934 1316 λίθους
2971 1255 3112 1307 κατὰ
3151 1255 3365 1326 δυσμὰς
3397 1259 3668 1326 ήλίου,καὶ
3698 1263 3786 1314 ἐκεῖ

567 1348 721 1401 ἔσται
771 1349 804 1418 ἡ
854 1350 1232 1420 προσκύνησις
1284 1347 1380 1400 τοῦ
1427 1347 1749 1417 ὴλημμένου
1803 1345 2162 1417 [ὴλειμμὲνου
2208 1343 2575 1416 Theophyl.],
2627 1346 2716 1399 διὰ
2760 1347 2820 1399 τὸ
2852 1346 2950 1417 τὴν
2986 1349 3350 1421 Ἰερουσαλὴμ
3396 1350 3784 1424 βδελυχθῆναιέν

569 1439 852 1512 ἐρημώσει
889 1439 1096 1512 θηρίων
1139 1440 1234 1494 καὶ
1266 1441 1452 1512 πάσης
1491 1438 1856 1507 ἀκαθαρσίας,
1895 1441 1989 1493 καὶ
2039 1439 2161 1492 τότε
2201 1439 2321 1509 ἥξει
2351 1440 2411 1492 τὸ
2442 1439 2594 1503 τέλος
2626 1440 2811 1513 πάσης
2852 1443 3046 1510 πνοῆς.

847 1595 1096 1653 CAPITA
1117 1595 1422 1652 MICHASJE
1459 1595 1869 1652 PROPHETIE.

634 1714 685 1767 1.
728 1711 1056 1766 Vaticinium
1093 1711 1366 1767 adventus
1412 1711 1641 1778 Christi,
1689 1721 1746 1766 et
1795 1726 1985 1766 eorum
2029 1726 2153 1780 quae

567 1814 968 1875 superventura
992 1815 1122 1860 sunt
1159 1805 1364 1876 populo
1393 1802 1726 1862 Judazorum.

637 1897 699 1950 ll.
733 1897 1052 1952 Exhortatio
1073 1899 1374 1969 rid-impias
1403 1908 1596 1969 gentes
1627 1915 1697 1954 ne
1736 1898 2027 1954 derideant
2077 1897 2157 1952 ls—

567 1989 682 2044 rael
709 1990 853 2060 quod
882 1991 952 2045 ab
983 1991 1117 2061 ipsis
1146 1991 1483 2061 impietatem
1523 1991 1751 2045 edoctus
1779 2000 1864 2045 est
1891 2007 1906 2053 ;
1947 2000 2003 2046 et
2029 2006 2156 2045 nar-

572 2083 714 2137 ratio
749 2099 936 2138 eorum
962 2098 1087 2154 qua:
1130 2081 1276 2137 Deus
1311 2081 1497 2136 lsr-aeli
1529 2081 1768 2136 minatus
1805 2090 1907 2136 est.

637 2269 728 2324 ιιι.
744 2267 1050 2335 Praedictio,
1069 2283 1318 2339 quaenam
1336 2267 1581 2339 plerique
1593 2266 1620 2322 J
1629 2267 1905 2323 udzeorum
1934 2277 2156 2338 propter

568 2359 826 2431 injuriam
868 2358 924 2412 in
955 2357 1238 2413 Christum
1278 2357 1490 2428 passuri
1523 2357 1654 2420 sint,
1691 2372 1942 2428 quaenam
1972 2367 2154 2412 autem

567 2451 829 2506 evenient
855 2450 922 2504 iis
955 2450 1047 2520 qui
1080 2466 1146 2504 ex
1172 2451 1305 2521 ipsis
1339 2450 1692 2506 crediderint.

637 2539 722 2616 ιν.
753 2538 913 2593 Minae
943 2538 997 2592 in
1017 2539 1294 2609 principes
1313 2537 1626 2594 Iudaeorum
1662 2551 1717 2596 et
1745 2556 1936 2595 eorum
1973 2555 2152 2610 pseu-

566 2630 960 2702 doprophetas,
1012 2639 1203 2701 utpote
1281 2630 1373 2699 qui
1419 2630 1628 2685 faciunt
1675 2640 1863 2685 contra
1918 2631 1969 2685 id
2005 2631 2154 2699 quod

565 2722 784 2776 docent.
815 2717 883 2774 Et
915 2720 1194 2788 praedictio
1225 2735 1336 2774 non
1361 2720 1474 2790 jam
1504 2720 1623 2775 fore
1664 2720 1823 2775 (idem
1854 2722 2154 2790 prephetize

566 2813 712 2884 apud
741 2813 910 2883 ipsos,
929 2811 1230 2868 Jerusalem
1248 2822 1432 2868 autem
1457 2813 1740 2882 antiquam
1766 2823 1820 2866 et
1844 2811 1974 2866 Sion
2000 2829 2151 2866 ever-

526 2892 529 2895 ’
568 2906 758 2962 lendas
786 2905 920 2962 fore.

640 2996 704 3052 ν.
753 2996 1086 3053 Vaticinium
1130 2997 1265 3054 doni
1294 2995 1534 3068 Spiritus
1561 2998 1617 3052 in
1648 3013 1839 3053 omnes
1867 2997 2152 3053 credentes

2493 1599 2844 1655 ΚΕΦΑΛΛΙΑ
2883 1602 3184 1656 ΜῙΧΑῙΟΥ
3224 1603 3599 1661 ΠΡΟΦΗΤΟΥ.

2333 1722 2403 1770 α’.
2443 1715 2764 1786 Προςρητεία
2792 1716 3089 1788 ἐπιδημίας
3115 1721 3360 1790 Χριστοῦ
3380 1763 3394 1786 ,
3427 1722 3642 1792 καὶτῶν
3682 1721 3776 1792 μελε

2190 1780 2230 1835 Β
2259 1806 2460 1860 λόντων
2490 1780 2713 1878 £than
2747 1807 2856 1860 τῶν
2896 1780 3181 1862 Ἰουδαίων.
3204 1780 3587 1883 συμϐήσεσθαι.

2331 1896 2402 1969 β’.
2445 1898 2776 1970 Παραίνεσις
2803 1899 2938 1969 πρὸς
2965 1899 3035 1953 τὰ
3063 1901 3368 1955 ἀσεϐοῦντα
3399 1904 3502 1956 τῶν
3529 1903 3688 1966 ἐθνῶν,
3721 1902 3774 1971 μὴ

2259 1989 2521 2061 ὲπιγελᾷν
2570 1989 2647 2061 τῷ
2665 1990 2906 2060 Ἰσραὴλ,
2943 1989 3134 2061 ἐπειδὴ
3183 1992 3245 2046 τὸ
3289 1993 3498 2046 ἀσεϐεῖν
3543 1994 3594 2059 ἐξ
3637 1994 3773 2046 αὐτῶν

2258 2079 2654 2151 ὲ-διδάχθησανο
2706 2081 2802 2133 καὶ
2847 2081 3101 2151 διήγησις
3154 2076 3232 2138 ὧν
3279 2087 3307 2137 δ
3351 2085 3476 2148 Θεὸς
3512 2085 3582 2156 τῷ
3607 2083 3772 2155 Ἰσραὴλ

2265 2170 2454 2240 ηπείλη
2464 2186 2542 2222 σε.

2329 2269 2400 2332 γ’.
2443 2262 2779 2334 Πρόρρησις,
2809 2263 2931 2318 τίνα
2986 2265 3086 2336 μὲν
3138 2269 3167 2320 ὁ
3217 2267 3464 2332 πλεῖστος
3502 2266 3686 2338 Ἰσραὴλ
3707 2266 3769 2318 διὰ

2255 2355 2353 2426 τὴν
2383 2357 2463 2418 είς
2493 2356 2730 2423 Χριστὸν
2759 2359 3108 2426 παρανομίαν
3132 2360 3424 2429 πάσχουσι,
3457 2361 3565 2412 τίνα
3585 2360 3631 2412 δὲ
3655 2359 3765 2412 ἔσται

2254 2450 2366 2510 τοῖς
2398 2445 2455 2510 ἐξ
2488 2447 2666 2499 αὐτῶν
2692 2447 3060 2502 πιστεύουσιν.

2323 2539 2384 2591 δ’.
2427 2538 2649 2608 Ἀπειλὴ
2677 2539 2818 2592 κατὰ
2837 2539 3276 2595 τῶνἸουδαῖκῶν
3300 2543 3577 2614 ἀρχόντων,
3599 2543 3672 2596 καὶ
3689 2540 3764 2594 τῶν

2254 2632 2385 2701 παρ’
2412 2631 2594 2690 αὐτοῖς
2618 2631 3106 2702 ψευδοπροφητῶν,
3135 2633 3213 2696 ὡς
3241 2637 3450 2688 ἐναντία
3474 2635 3762 2688 διδασκόντων

2252 2717 2333 2783 οἷς
2361 2721 2658 2792 ἔπραττον·
2693 2724 2787 2777 καὶ
2815 2725 3152 2795 πρόρρησις,
3185 2729 3260 2789 ὡς
3287 2728 3466 2780 οὐκέτι
3491 2727 3578 2798 μὲν
3603 2740 3754 2794 προφη-

2251 2814 2377 2866 τεία
2426 2814 2558 2883 παρ’
2595 2814 2779 2877 αὐτοῖς
2827 2815 3624 2888 πιστευθήσεται,Ἰερουσαλὴμ
3661 2817 3703 2868 δὲ
3734 2816 3756 2880 ἡ

2252 2903 2455 2974 ἀρχαία
2484 2903 2576 2956 καὶ
2612 2903 2750 2957 Σιὼν
2785 2904 3218 2975 πορθηθήσεται.

2322 3001 2384 3046 ε’.
2427 2993 2743 3064 Προφητεια
2762 2993 2862 3064 τῆς
2886 2995 2976 3046 ἐπὶ
3005 2997 3218 3061 πάντας
3245 2999 3367 3063 τοὺς
3388 2999 3590 3060 πιστοὺς
3602 2995 3757 3066 δωρεᾶς

565 3090 748 3154 emisi,
783 3100 840 3144 et
865 3091 1112 3160 gentium
1148 3090 1430 3160 ingressus
1456 3091 1511 3145 in
1541 3105 1737 3145 novam
1763 3089 2065 3145 Ierusalem
2096 3099 2148 3145 et

2261 3085 2587 3155 ἐκχεομένης
2626 3085 2722 3138 τοῦ
2763 3085 3111 3156 Πνεύματοςο
3158 3091 3391 3145 καὶτῶν
3429 3090 3578 3144 ὲθνῶν
3602 3091 3662 3151 είς
3687 3085 3759 3153 τὴν

564 3182 717 3247 Sion,
751 3192 808 3237 et
837 3183 988 3253 pacis
1020 3175 1284 3253 ipsarum,
1316 3183 1476 3254 cujus
1517 3182 1797 3238 Christum
1843 3184 2149 3254 principem

567 3274 849 3328 habebunt
882 3291 896 3328 :
925 3283 980 3328 et
1011 3275 1284 3343 quomodo
1313 3273 1553 3332 Ecclesia
1582 3283 1706 3346 post
1736 3290 2047 3346 pressuram
2080 3274 2150 3329 ab

567 3381 780 3433 errore,
819 3365 1136 3436 recipietur.

639 3552 727 3609 Vl.
762 3552 1148 3624 Reprehensio
1174 3551 1230 3606 in
1269 3551 1614 3624 Synagogam
1645 3559 1872 3623 propter
1905 3566 2148 3607 errorem

564 3645 939 3709 anteriorem;
977 3653 1032 3699 et
1080 3643 1430 3698 annuntiatio
1476 3650 1669 3698 contra
1725 3643 2002 3698 daemones
2052 3658 2151 3713 per

577 3739 838 3793 virtutem
870 3735 1086 3802 Crucis,
1113 3736 1168 3791 in
1191 3751 1382 3800 eorum
1413 3735 1645 3808 gratiam
1664 3736 1759 3806 qui
1779 3751 1845 3791 ex
1869 3734 2147 3809 Synagoga

551 3826 916 3884 crediderint.

638 3916 748 3972 νη.
785 3915 1120 3974 Vaticinium
1165 3918 1502 3974 annuntians
1549 3918 1830 3975 Christum
1869 3933 1936 3974 ex
1981 3918 2149 3974 Beth-

563 4009 706 4066 leem
737 4028 752 4078 ;
785 4019 841 4066 et
896 4011 1172 4081 quomodo
1201 4012 1295 4081 qui
1347 4027 1416 4067 ex
1454 4011 1710 4083 gentibus
1759 4018 2149 4066 convertentur

557 4121 665 4176 per
688 4105 1034 4176 evangelicas
1067 4105 1440 4161 beatitudines
1465 4114 1522 4161 et
1549 4105 1696 4161 dono
1725 4104 1962 4176 Spiritus
1983 4105 2149 4161 liber-

555 4207 729 4253 tatem
754 4212 825 4252 ex
856 4196 1122 4252 diabolica
1161 4197 1427 4253 servitute
1455 4207 1884 4268 consequentur.

633 4381 778 4438 νηι.
808 4379 1119 4444 Praedictio,
1141 4382 1419 4452 apostolos
1446 4381 1563 4438 fore
1595 4383 1849 4454 gentibus
1876 4381 2145 4437 terribiles

2251 3178 2377 3230 νέαν
2410 3177 2767 3250 Ἰερουσαλὴμ
2808 3178 2903 3230 καὶ
2941 3180 3085 3231 Σιὼν
3116 3181 3466 3247 ἀναϐάσεως*
3499 3183 3682 3254 εἰρήνης
3715 3191 3754 3227 τε

2249 3269 2450 3331 αὐτῶν,
2475 3269 2542 3339 ἢν
2579 3270 2637 3321 ὲν
2666 3268 2889 3339 Χριστῷ
2923 3268 3313 3339 βραϐεύονται·
3344 3275 3436 3328 καὶ
3463 3275 3593 3337 ὅπως
3615 3273 3642 3342 ἡ
3665 3269 3753 3321 Ἐκ·

2249 3359 2447 3430 κλησία
2479 3359 2617 3430 μετὰ
2645 3360 2745 3428 τὴν
2778 3360 3069 3432 συντριϐὴν
3100 3343 3205 3435 τὴν
3247 3366 3313 3420 ὲκ
3340 3365 3533 3435 πλάνης
3556 3360 3753 3432 δεχθήσε-

2247 3470 2362 3510 ται.

2322 3552 2397 3611 ς’.
2435 3547 2784 3619 Ἐπιτίμησις
2808 3551 2874 3620 τῇ
2899 3555 3217 3625 συναγωγῇ,
3237 3555 3337 3625 τῆς
3357 3553 3550 3623 πλάνης
3566 3550 3647 3619 τῆς
3661 3561 3752 3615 προ·

2247 3635 2522 3708 λαϐούσης
2559 3637 2750 3694 ἕνεκαο
2800 3643 2897 3695 καὶ
2929 3643 3333 3716 εὐαγγελισμὺς
3375 3646 3505 3700 κατὰ
3545 3640 3751 3711 δαιμόνων

2245 3729 2340 3784 διὰ
2369 3730 2605 3804 σταυροῦ
2632 3731 2954 3798 δυναστείας
2982 3737 3098 3800 τοῖς
3127 3737 3190 3803 ἐξ
3218 3738 3388 3807 αὐτῆς
3421 3732 3701 3790 πιστεύουσι.

2319 3913 2366 3980 ξ’
2372 3953 2386 3970 ο
2429 3915 2746 3987 Προφητεία
2772 3916 2864 3971 τὸν
2896 3917 3136 3988 Χριστὸν
3162 3921 3228 3974 ὲκ
3253 3917 3492 3990 Βηθλεὲμ
3515 3913 3749 3985 κηρύττω·

2249 4022 2351 4061 σαο
2387 4007 2483 4061 καὶ
2528 4007 2676 4071 ὅπως
2721 4008 2772 4060 οἱ
2821 4007 2880 4076 ἐξ
2914 4009 3086 4064 ὲθνῶν
3131 4012 3557 4082 ἐπιστρέφοντες,
3582 4003 3652 4057 διὰ
3672 3996 3748 4052 τῶν

2247 4100 2626 4171 εὐαγγελικῶν
2656 4103 3156 4174 ι.ιακαρισι.ιιῖ›ν,καλ⁸
3179 4105 3287 4160 τῶν
3302 4102 3508 4177 δωρεῶν
3529 4098 3607 4152 τοῦ
3627 4089 3749 4148 Πνεὺ·

2251 4211 2444 4265 ματος,
2466 4192 2785 4264 ἐλευθερίαν
2813 4195 2913 4266 τῆς
2939 4195 3252 4268 manus;
3273 4193 3568 4267 τυραννίδος
3588 4182 3745 4256 λαμσάο

2249 4303 2453 4342 νουσιν.

2319 4378 2388 4451 η’·
2431 4379 2768 4451 Πρόῤῥησις,
2801 4378 3068 4451 φοὸεροὺς
3095 4381 3212 4445 τοῖς
3235 4379 3408 4434 ἔθνεσι
3435 4375 3550 4437 τοὺς
3574 4361 3748 4424 ἀποστό-

555 4473 852 4539 videndos,
887 4484 940 4529 et
962 4473 1080 4528 fore
1122 4481 1183 4528 ut
1217 4473 1542 4544 praevaleant
1577 4483 1767 4529 contra
1799 4473 2075 4528 daemones
2106 4471 2142 4526 ii

2261 4447 2374 4536 Leu;
2416 4447 2782 4541 ὀφθήσεσθαι,
2814 4447 3204 4527 *δυναστεύσειν
3256 4490 3316 4526 τε
3365 4469 3498 4524 κατὰ
3542 4459 3748 4532 δαιμόνων

563 4564 656 4634 qui
693 4580 759 4619 ex
790 4563 956 4619 Israel
994 4565 1352 4631 crediderint,
1381 4577 1670 4636 postquam
1711 4581 1781 4621 ex
1838 4565 1972 4636 ipsis
2016 4581 2142 4636 pcr-

560 4655 731 4710 ierint
757 4653 986 4710 fallacia:
1027 4655 1299 4712 idolorum
1328 4656 1595 4728 symbola.

635 4743 728 4798 lx.
770 4744 1044 4800 Iudicium
1076 4747 1168 4802 Dei
1192 4749 1246 4802 in
1273 4747 1460 4813 Israel,
1517 4757 1744 4820 propter
1790 4749 1941 4805 varia
1971 4749 2143 4806 bene-

566 4835 688 4892 llcia
726 4853 846 4907 quae
883 4837 985 4907 ipsi
1018 4839 1250 4893 contulit
1285 4856 1299 4906 ;
1337 4848 1393 4893 et
1426 4841 1491 4895 ad
1524 4841 1778 4897 eumdem
1812 4841 2140 4910 exhortatio,

565 4927 698 4996 quid
725 4928 936 4984 scilicet
967 4927 1217 4983 faciendo
1245 4927 1429 4982 salvus
1455 4929 1580 4985 erit.

637 5018 707 5075 Χ.
729 5018 1032 5074 Consilium
1050 5019 1116 5072 ad
1147 5016 1336 5081 Israel,
1367 5027 1424 5072 ut
1445 5020 1514 5073 ab
1537 5019 1825 5090 iniquitate
1850 5021 2143 5090 abstineat,

565 5118 621 5165 et
655 5111 1010 5168 comminatio
1051 5109 1172 5164 illos
1198 5109 1461 5165 delendos
1490 5111 1626 5176 fore,
1658 5122 1715 5167 et
1749 5114 1976 5185 mystica
2002 5115 2145 5170 bona

565 5218 677 5259 non
700 5212 1015 5275 gustaturos
1041 5215 1182 5264 esse,
1206 5208 1261 5254 et
1281 5201 1533 5271 gentibus
1554 5203 1609 5258 in
1633 5206 1986 5276 opprobrium
2005 5206 2141 5263 fore.

635 5390 729 5444 XI.
761 5387 1106 5443 Lamentatio
1135 5387 1418 5458 prophetae
1448 5388 1518 5444 de
1549 5391 1835 5448 sterilitate
1865 5391 2072 5463 populi,
2091 5401 2148 5447 et

563 5480 872 5539 exhortatio
903 5495 972 5534 ne
1009 5486 1212 5532 tantam
1254 5479 1308 5534 in
1333 5481 1446 5534 suis
1474 5487 1731 5550 quantam
1763 5482 1817 5536 in
1849 5482 1962 5537 Deo
2001 5482 2143 5538 ﬁdu-

564 5573 704 5628 ciam
743 5571 956 5626 habeat.

634 5665 752 5723 XII.
776 5663 1046 5720 Allocutio
1076 5663 1328 5718 Ecclesia:
1353 5665 1422 5720 ad
1451 5665 1787 5737 Synagogam
1821 5681 1890 5720 ne
1913 5666 2146 5737 gaudeat

570 5771 794 5831 promer
834 5759 1114 5829 antiquam
1145 5757 1507 5828 impietatem.
1539 5758 1660 5828 Ipsa
1699 5760 1842 5813 enim
1900 5759 2140 5815 Ecclesia

2249 4563 2374 4626 τοὺς
2423 4563 2484 4630 ἐξ
2509 4563 2728 4636 Ἰσραὴλ
2779 4563 3200 4630 πιστεύσαντας,
3246 4566 3373 4618 ὃταν
3404 4562 3458 4628 ἐξ
3488 4557 3640 4614 αὐτῶν
3661 4550 3745 4601 ὀλο-

2247 4656 2448 4726 θρευθῇ
2478 4657 2578 4726 τῆς
2607 4656 2825 4728 ἀπάτης
2857 4655 2966 4709 τῶν
2992 4656 3228 4710 είδὼλων
3249 4656 3317 4708 τὰ
3342 4649 3585 4723 σύμϐολα.
3615 4727 3621 4728 7
3671 4677 3683 4687 -

2318 4747 2383 4801 6'.
2423 4724 2622 4819 kpiotc
2655 4747 2748 4801 τοῦ
2778 4724 2914 4800 Θεοῦ
2945 4747 3084 4818 πρὸς
3117 4747 3207 4801 τὸν
3235 4744 3461 4817 Ἰσραὴλ,
3488 4738 3560 4808 ἐφ’
3585 4727 3652 4792 οἷς
3674 4724 3742 4819 ᾤ’

2248 4839 2342 4892 τὸν
2375 4839 2638 4904 ποικίλως
2671 4840 3012 4911 εὐηργέτησε
3032 4855 3045 4870 ⁸
3087 4841 3182 4893 καὶ
3225 4837 3531 4908 παραίνεσις
3551 4827 3663 4896 πρὸς
3683 4817 3743 4871 τὶν

2247 4932 2431 4998 αὑτὸν,
2461 4933 2516 4985 τί
2550 4933 2786 5002 ποιήσας
2817 4934 3142 5002 σωθήσεται.

2322 5028 2372 5074 ι’.
2417 5000 2705 5093 Συμϐουλῆ
2738 5021 2817 5092 τῷ
2850 5000 3090 5097 Ἰσραὴλ,
3109 5019 3446 5092 παρανομίας
3471 5000 3742 5078 ἀπέχεσθαι’
3844 5089 3845 5092 Ἴ

2247 5116 2343 5169 καὶ
2373 5115 2572 5186 ἀπειλὴ
2599 5115 2934 5186 ἀφανισμοῦ,
2964 5117 3190 5170 καὶτῶν
3218 5111 3431 5182 ἀγαθῶν
3458 5109 3535 5162 ὃτι
3559 5100 3650 5155 τῶν
3673 5110 3744 5162 μιν
3841 5147 3843 5185 ι

2251 5210 2452 5262 σιτικῶν
2475 5210 2536 5262 οὐ
2565 5208 2876 5275 γεύσονται,
2909 5209 3046 5263 ἀλλὰ
3074 5209 3171 5263 καὶ
3200 5209 3308 5269 τοῖς
3332 5203 3528 5257 ἔθνεσιν
3550 5196 3616 5255 είς
3639 5188 3742 5238 ὄνει·’
3839 5205 3841 5277 γ

2246 5299 2438 5370 δισμδν
2471 5299 2706 5355 ἔσονται.
3719 5357 3737 5369 ,

2323 5389 2409 5446 ια’.
2454 5391 2818 5461 Σχετλιασμὸς
2839 5389 2932 5444 τοῦ
2955 5391 3232 5462 προφήτου
3257 5385 3346 5440 ἐπὶ
3365 5387 3426 5455 τῇ
3447 5370 3657 5446 ἀκαρπίᾳ
3673 5376 3738 5462 ξω

2251 5481 2411 5535 λαοῦο
2445 5454 2541 5535 καλ.
2573 5454 2918 5553 παραίνεσις,
2951 5454 3026 5552 μη
3052 5454 3302 5534 τοσοῦτον
3333 5454 3421 5529 ἐπὶ
3453 5472 3552 5531 τοῖς
3575 5454 3739 5516 οἰκείοις

2251 5574 2374 5627 ὅσον
2401 5573 2544 5644 ἔχειν
2571 5574 2661 5626 ἐπὶ
2694 5572 2813 5644 Θεῷ
2849 5575 2947 5644 τὴν
2977 5572 3317 5642 πεποίθησιν.
3643 5636 3670 5644 _
3831 5587 3833 5639 γ

2321 5665 2405 5735 ιβ’·
2431 5636 2844 5736 ,ᾑροσφώνηςίις
2872 5636 2972 5734 si];
2995 5636 3322 5733 ’Exxln'cla;
3361 5654 3487 5727 πρὸς
3526 5646 3617 5736 τὴνγ
3641 5636 3737 5736 Συνξ

2247 5733 2600 5829 αγωγὴν,νμὴ
2645 5733 2948 5828 ἐπιχαίρειν
2992 5757 3080 5812 διὰ
3113 5752 3212 5824 τὴν
3254 5749 3478 5822 ἀρχαίαν
3507 5733 3738 5796 datam”
