4032 6222
334 344 468 413 1357

1401 338 1485 399 ΙΝ
1526 336 1643 397 XIl
1684 335 2132 397 PROPHETAS
2170 339 2538 403 MINORES.

3460 343 3481 407 1
3494 344 3593 405 ⁸³58

332 458 469 531 αὕτη
515 459 614 530 μὲν
643 459 755 530 γὰρ
784 459 819 528 ή
840 454 1144 526 Ἐκκλησία
1171 451 1262 507 διὰ
1294 451 1583 523 μετανοίας
1613 450 1916 520 ἀναστήσε-

2045 456 2112 496 ιεν
2164 445 2551 513 paenitentiam
2608 463 2898 525 resurget;
2950 454 3041 508 illa
3090 463 3273 510 autem
3326 457 3591 527 legalibus

326 568 439 616 ται,
470 551 657 621 ἐκείνη
689 551 747 604 δὲ
774 550 870 603 καὶ
899 548 1012 602 τῶν
1037 546 1287 617 νομίμων
1312 545 1651 608 ἐκπεσεῖται,
1676 541 1775 595 καὶ
1800 544 1913 605 τοῖς

327 647 540 716 νοητοῖς
565 643 882 716 Ἀσσυρίοις
909 639 1379 711 παραδοθήσεται.

399 741 490 805 ιγ’.
529 734 864 807 Παραίνεσις
895 732 974 804 τῷ
997 730 1220 803 Ἰσραὴλ
1241 770 1257 794 ,
1291 730 1380 783 διὰ
1413 728 1650 802 σταυροῦ
1684 729 1911 801 ποιμαί-

326 827 514 884 νεσθαι
534 843 547 857 ’
587 829 684 882 καὶ
714 826 1055 899 πρόρρησις,
1087 825 1238 888 ὅπως
1273 824 1341 878 τὰ
1379 823 1479 894 μὲν
1511 822 1639 895 ἔθνη
1670 822 1780 877 τῶν
1799 823 1915 878 δαι-

330 920 509 993 μόνων
558 921 984 993 αἰσχυνθήσεται
1011 958 1026 984 ,
1075 918 1236 989 ἡμεῖς
1288 916 1346 969 δὲ
1391 916 1481 970 διὰ
1534 916 1915 987 βαπτίσματος

327 1013 526 1082 ἄφεσιν
564 1012 985 1084 ἁμαρτημάτων
1013 1011 1167 1082 παρὰ
1194 1008 1332 1063 Θεοῦ
1358 1007 1665 1079 ληψόμεθα.

397 1122 636 1193 Μιχαίας
662 1120 1032 1193 ἑρμηνεύεται
1065 1120 1495 1190 tuaehuiqu
1522 1123 1912 1191 ταπεινούμε-

328 1230 456 1281 νος.
484 1208 654 1278 Οὗτος
679 1210 751 1285 ἦν
775 1213 885 1268 ἀπό
909 1212 1155 1285 Μοραθεὶ
1180 1213 1257 1283 (9)
1286 1211 1527 1285 [Μοραθὶ
1560 1212 1912 1284 Theoplryl.],

329 1306 392 1359 ἐκ
422 1306 598 1377 φυλῆς
621 1305 861 1376 Ἐφραίμ
881 1321 896 1336 ο
921 1300 1079 1368 οὗτος
1105 1304 1276 1359 πολλὰ
1308 1305 1543 1377 ποιήσας
1575 1305 1654 1377 τῷ
1677 1306 1911 1377 Ἀχαὰϐ,

330 1396 435 1450 ύπδ
462 1396 673 1468 Ἰωρὰμ
719 1397 815 1451 τοῦ
865 1396 990 1451 υἱοῦ
1035 1395 1205 1453 αὐτοῦ
1256 1395 1496 1471 ἀνῃρέθη
1547 1397 1802 1469 κρημνῷ,
1833 1400 1914 1453 ὅτι

329 1486 563 1558 ἤλεγχεν
597 1489 763 1543 αὐτὸν
809 1491 904 1545 ἐπὶ
929 1492 1049 1554 ταῖς
1081 1489 1363 1552 ἀσεϐείαις
1388 1488 1496 1543 τῶν
1526 1492 1778 1563 πατέρων
1817 1493 1915 1546 αὐ-

329 1579 422 1633 τοῦ
443 1596 455 1608 ·
493 1580 589 1634 καὶ
619 1582 797 1653 ἐτάφη
830 1585 890 1636 ἐν
913 1584 978 1654 τῇ
1004 1585 1074 1654 γῇ
1096 1581 1261 1638 αὐτοῦ
1298 1582 1480 1653 μόνος,
1515 1582 1781 1654 σύνεγγυς
1815 1602 1914 1639 πο-

330 1670 615 1742 Αυανδρίου
635 1670 852 1726 Ἑνακεί
858 1690 917 1743 μ.

503 1827 856 1884 ΚΕΦΔΛΑΙΔ
891 1829 1139 1886 ΝΑΟΥΜ
1176 1829 1318 1886 ΤΟΥ
1355 1831 1747 1889 ΠΡΟΦΗΤΟΥ.

402 1961 471 2012 α’.
503 1956 772 2022 Ἔνδειξις
801 1958 1036 2030 ἀπειλῆς
1068 1961 1229 2030 Θεοῦ,
1264 1965 1361 2019 καὶ
1392 1966 1493 2037 τῆς
1524 1967 1606 2031 είς
1643 1966 1707 2022 τὸ
1746 1985 1920 2039 τιμω-

334 2046 546 2117 ρεῖσθαι
573 2049 859 2121 δυνάμεως
877 2067 892 2082 ⁸
915 2054 1057 2108 κατὰ
1078 2055 1348 2127 δαιμόνων
1370 2055 1505 2127 ὁμοῦ
1530 2058 1626 2112 καὶ
1650 2059 1920 2115 Ἰουδαίων

332 2138 495 2192 ἐκάτε
503 2156 616 2210 ρον.

404 2231 470 2301 β’.
508 2233 733 2307 Ἀπειλὴ
779 2237 924 2291 κατὰ
970 2238 1256 2294 διαϐόλουο
1299 2242 1392 2296 καὶ
1436 2246 1827 2318 προσφώνησις
1850 2247 1918 2318 τῇ

336 2319 632 2393 Ἐκκλησία
661 2325 763 2395 τῆς
807 2326 918 2380 τῶν
963 2328 1198 2385 εἰδώλων
1237 2331 1596 2405 ἀπαλλαγῆςο
1635 2336 1726 2389 καὶ
1751 2336 1920 2403 εὐαγ-

333 2412 593 2487 γελισμὸς
617 2419 713 2472 τοῦ
751 2422 1025 2494 σωτηρίου
1064 2425 1440 2497 κηρύγματος,
1478 2428 1686 2501 ἑορτῶν
1721 2447 1782 2483 τε
1812 2429 1921 2485 τῶν

334 2505 425 2560 διὰ
470 2508 709 2579 Χριστοῦ
735 2550 751 2577 ,
789 2515 885 2568 καὶ
918 2516 1229 2588 ἀφανισμοῦ
1265 2518 1540 2590 δαιμόνων
1586 2521 1682 2576 καὶ
1718 2522 1923 2594 συγχύ-

340 2614 501 2663 σεως.

410 2692 481 2762 γ’.
524 2695 842 2769 Πρόρρησις
884 2700 1236 2768 ἀναστάσεως
1260 2705 1499 2777 Χριστοῦ
1531 2706 1761 2762 καὶτῶν
1794 2726 1925 2763 συν-

337 2790 720 2860 ανισταμὲνων
748 2793 899 2864 αὐτῷ
923 2793 1137 2866 ψυχῶν,
1171 2798 1267 2851 καὶ¹
1311 2798 1413 2870 τῆς
1459 2799 1584 2854 τότε
1629 2803 1924 2879 γινομένης

338 2879 570 2956 θρνάτου
606 2883 701 2938 καὶ¹
730 2885 977 2941 διαϐόλου
1013 2889 1269 2962 ἁρπαγῆς
1297 2891 1390 2945 καὶ
1415 2885 1777 2960 σκυλεύσεώς.

409 2996 474 3052 δ’.
511 2997 738 3069 ’Λπειλὴ
779 2998 924 3054 κατὰ
969 3001 1064 3056 τοῦ
1114 3002 1414 3059 Ἰουδαϊκοῦ
1453 3005 1621 3069 λαοῦ.
1661 3007 1757 3061 καὶ
1802 3026 1925 3081 σχε-

339 3085 607 3158 τλιασμδς
627 3088 728 3159 τῆς
741 3090 1052 3164 Ἰερουσαλή
1062 3109 1127 3164 μ⁸
1152 3094 1246 3147 καὶ
1271 3095 1576 3168 πρόρρησις
1604 3092 1681 3153 ὧν
1701 3099 1925 3169 ἔμελλεν

341 3179 401 3230 ἐν
429 3181 495 3250 τῇ
529 3178 731 3234 ἁλώσει
761 3185 827 3254 τῇ
859 3182 1142 3257 Ῥωμαϊκῇ
1194 3186 1506 3253 πείσεσθαι,
1544 3188 1663 3243 ἀνθ’
1690 3183 1767 3246 ὧν
1813 3194 1925 3258 τοῖς

341 3269 553 3326 ἔθνεσιν
581 3274 609 3326 ὁ
634 3273 760 3338 λαὸς
782 3275 1003 3344 ἐγένετο
1038 3277 1391 3351 πρόσκομμα.

412 3384 476 3439 ε’.
516 3388 740 3461 ’Λπειλή
795 3391 938 3446 κατὰ
1000 3392 1100 3464 τῆς
1152 3391 1508 3468 Ἰερουσαλὴμ
1565 3398 1653 3453 ἐπ’
1693 3400 1924 3475 αἰσχύνῃ

343 3481 678 3552 γυμνώσεως
698 3500 711 3514 ·
743 3483 839 3538 καὶ
867 3485 1014 3548 ὅπως
1043 3485 1268 3558 ζητήσει
1309 3489 1409 3558 μὲν
1437 3490 1470 3560 ή
1505 3489 1803 3563 Ἐκκλησία
1827 3495 1926 3564 τῆς

353 3569 711 3646 Ἰερουσαλὴμ
744 3577 1117 3648 παράκλησιν,
1136 3578 1274 3650 αὐτὴ
1305 3579 1362 3633 δὲ
1385 3581 1647 3647 ποικίλοις
1675 3584 1927 3656 ὁμιλήσει

344 3667 537 3729 κακοῖς
568 3666 948 3739 Ἰερουσαλὴμ,
978 3669 1068 3723 διὰ
1099 3670 1159 3723 τὸ
1187 3672 1418 3742 νοσῆσαι
1451 3674 1651 3729 κακίαν
1678 3676 1923 3749 ἀνυπὲρο

346 3755 564 3827 ὄλητον.
1126 3776 1129 3778 ’

418 3849 618 3921 Ναοὺμ
665 3849 1032 3922 ἑρμηνεύεται
1062 3855 1450 3925 παράκλητος·
1488 3856 1880 3931 [παράκλησις
1909 3903 1925 3927 ,

348 3938 675 4015 Theophyl.]
705 3935 875 4007 Οὗτος
896 3940 965 4015 ἦν
993 3945 1105 3999 ἀπὸ
1130 3947 1409 4002 Ἐλκεσεὶν
1426 3948 1448 4022 [
1464 3941 1723 4005 Ἐλκασαῒ
1754 3952 1928 4025 πέραν

345 4030 441 4086 τοῦ
479 4033 747 4104 Ἰορδάνου
797 4036 877 4099 είς
925 4036 1193 4109 Βιγαὸρὶ,
1228 4037 1557 4114 Tbeophyl.]
1602 4042 1781 4114 πέραν
1830 4045 1926 4100 τοῦ

345 4123 654 4197 Τηνὸαρεὶν
682 4124 816 4197 (10),
852 4128 918 4181 ἐκ
959 4129 1129 4199 φυλῆς
1161 4130 1409 4201 Συμεών.
1443 4127 1612 4199 Οὗτος
1656 4137 1796 4207 μετὰ
1836 4138 1928 4193 τὸν

359 4214 547 4271 Ἰωνᾶν
579 4217 747 4290 τέρας
793 4217 1016 4286 ἔδωκεν,
1044 4221 1128 4275 ὅτι
1165 4222 1274 4276 ἀπὸ
1315 4223 1525 4279 ὑδάτων
1552 4227 1801 4296 γλυκέων
1837 4231 1929 4285 καὶ

346 4310 516 4381 πυρὸς
544 4310 826 4366 ἀπολεῖται
854 4314 886 4384 ή
914 4314 1133 4367 Νινευῒ¹⁸
1155 4314 1184 4369 ὂ
1206 4314 1300 4369 καὶ
1320 4316 1511 4386 γέγονε
1530 4335 1544 4349 ·
1580 4321 1613 4389 ἡ
1643 4320 1751 4394 γὰρ
1772 4338 1928 4394 περι-

346 4400 547 4472 έχουσα
593 4404 767 4475 αὐτὴν
808 4404 973 4477 λίμνη
1018 4407 1356 4465 κατέκλυσεν
1401 4411 1573 4482 αὐτὴν
1602 4415 1662 4468 ἐν
1690 4416 1921 4489 σεισμῷ,

2010 533 2245 601 excidet,
2272 544 2327 590 et
2354 537 2737 606 spiritualibus
2767 544 3006 617 Assyriis
3038 545 3306 602 tradetur.

2088 715 2225 773 Xlll.
2259 717 2575 775 Exhortatio
2600 720 2666 775 ad
2701 720 2863 777 Israel
2896 730 2957 775 ut
3008 736 3106 790 per
3133 737 3351 777 erutum
3383 729 3600 796 regatur

2015 819 2072 866 et
2128 811 2405 880 quomodo
2435 823 2628 883 gentes
2681 814 2903 886 quidem
2932 832 2962 872 a
2990 816 3332 873 daemonibus
3363 817 3599 873 confun-

2015 902 2218 958 dentur
2255 920 2272 970 ;
2335 919 2438 960 nos
2481 917 2664 962 autem
2707 924 2806 979 per
2842 908 3172 980 baptismum
3224 909 3600 968 remissionem

2016 1002 2366 1065 peccatorum
2391 1012 2422 1052 a
2455 997 2564 1054 Deo
2587 1000 2945 1071 accipiemur.

2085 1106 2339 1166 Michaaas
2371 1110 2643 1184 signiﬁcat
2669 1115 2944 1170 humilitas
2981 1116 3099 1172 sive
3131 1116 3468 1173 humiliatus.
3508 1117 3605 1171 ille

2015 1210 2134 1254 erat
2170 1215 2239 1256 ex
2268 1201 2520 1271 Morathi,
2542 1206 2622 1263 de
2651 1206 2793 1262 tribu
2822 1206 3107 1278 Ephraim.
3159 1207 3210 1264 ls
3253 1225 3376 1265 cum
3435 1210 3602 1265 multa

2017 1291 2243 1351 fecisset
2289 1298 2500 1363 Achab,
2534 1315 2562 1354 a
2618 1299 2731 1356 filio
2777 1300 2899 1370 ejus
2931 1299 3118 1357 Joram
3164 1317 3411 1374 praeceps
3444 1302 3605 1358 datus

2017 1388 2200 1457 periit,
2237 1391 2369 1460 quia
2397 1393 2449 1448 ei
2496 1393 2793 1464 objiciebat
2823 1394 3136 1467 impietates
3193 1406 3410 1467 patrum
3462 1397 3603 1468 ejus.

2017 1480 2086 1534 Et
2117 1483 2366 1552 sepultus
2399 1494 2483 1541 est
2530 1486 2585 1540 in
2628 1496 2770 1543 terra
2800 1504 2898 1545 sua
2932 1490 3104 1556 solus,
3138 1505 3313 1563 prope
3346 1499 3608 1548 retinete-

2010 1571 2161 1628 rium
2195 1575 2450 1631 Enaeim.

2298 1810 2554 1884 cum
2606 1828 2851 1886 NAHUM
2906 1830 3324 1892 morumne.

2090 1955 2132 2009 1.
2165 1955 2521 2015 Denuntiatio
2547 1961 2822 2018 minarum
2857 1963 2948 2019 Dei
2980 1973 3037 2021 et
3063 1965 3185 2037 ejus
3216 1968 3285 2024 ad
3315 1968 3606 2026 vindican-

2019 2045 2149 2099 dum
2179 2048 2481 2116 potestatis,
2529 2058 2642 2106 tum
2682 2062 2870 2109 contra
2916 2055 3221 2126 daemones,
3276 2066 3388 2114 tum
3441 2062 3606 2118 etiam

2019 2148 2208 2195 contra
2228 2139 2476 2198 Iudaeos.

2092 2232 2159 2287 ll.
2201 2232 2361 2290 Minae
2390 2235 2656 2294 adversus
2682 2239 2988 2305 diabolum,
3021 2251 3076 2298 ct
3103 2244 3367 2302 allocutio
3400 2247 3469 2303 ad
3502 2246 3608 2303 Ec-

2022 2324 2247 2381 clesiam
2307 2327 2375 2383 de
2407 2328 2739 2388 liberatione
2791 2334 2858 2389 ab
2897 2335 3103 2391 idolis:
3151 2346 3208 2393 et
3264 2340 3609 2397 annuntiatio
3712 2378 3729 2391 ο

2021 2415 2434 2485 praedicationis
2468 2420 2662 2477 salutis
2689 2429 2745 2478 et
2774 2423 3137 2482 festivitatum
3174 2444 3271 2500 per
3301 2429 3607 2499 Christum,

2022 2514 2079 2561 et
2105 2507 2419 2566 abolitionis
2447 2510 2756 2569 daemonum
2805 2523 2861 2571 et
2890 2517 3253 2577 confusionis.

2099 2689 2185 2747 111.
2218 2692 2508 2752 Praedictio
2534 2700 2955 2756 resurrectionis
2986 2700 3193 2759 Christi
3226 2714 3282 2761 et
3307 2722 3611 2764 animarum

2025 2797 2148 2839 cum
2171 2784 2289 2855 ipso
2311 2790 2886 2860 conresuscitatarum,
2917 2802 2973 2850 et
3004 2795 3177 2853 ruinae
3197 2807 3252 2854 et
3272 2800 3614 2871 spoliationis

2025 2877 2218 2933 mortis
2234 2888 2291 2934 et
2315 2880 2516 2936 diaboli
2552 2889 2687 2940 tunc
2716 2883 2932 2942 futurae.

2096 2991 2188 3047 Ν.
2222 2992 2379 3051 Minas
2406 2997 2459 3051 in
2487 2999 2749 3070 populum
2783 2999 3098 3072 Iudaicum,
3133 3014 3189 3062 et
3223 3007 3490 3066 desolalio
3518 3011 3614 3065 Je-

2027 3085 2288 3152 rusalem,
2319 3098 2374 3143 et
2393 3091 2677 3160 praedictio
2707 3108 2897 3151 eorum
2920 3112 3041 3167 qua:
3076 3100 3132 3154 in
3163 3099 3406 3159 Romana
3430 3104 3616 3175 direp-

2031 3177 2181 3234 tione
2224 3195 2457 3250 passura
2496 3193 2604 3249 est,
2639 3203 2738 3257 pro
2775 3204 2842 3245 eo
2868 3191 3013 3261 quod
3045 3195 3302 3263 gentibus
3365 3199 3604 3267 populus

2026 3267 2202 3327 factus
2232 3282 2315 3329 est
2364 3277 2702 3335 scandalum.
3019 3350 3044 3381 ⁸

2097 3384 2163 3440 V.
2193 3385 2353 3445 Minae
2373 3404 2566 3450 contra
2589 3395 2894 3454 Jerusalem
2914 3400 2983 3457 de
3003 3405 3297 3474 opprobrio
3318 3406 3583 3463 nuditatis
3605 3420 3622 3462 :

2026 3489 2083 3535 et
2111 3487 2385 3550 quomodo
2410 3495 2619 3555 quaeret
2659 3488 2905 3546 Ecclesia
2953 3490 3256 3552 Jerusalem
3285 3497 3617 3552 consolatio-

2027 3588 2176 3640 nem,
2203 3573 2319 3645 ipsa
2347 3583 2530 3632 autem
2562 3578 2620 3635 in
2654 3581 2822 3638 variis
2864 3584 3025 3639 malis
3065 3586 3500 3652 convcrsabitur,
3535 3597 3616 3641 ut-

2027 3672 2157 3734 pote
2189 3680 2311 3735 qua:
2333 3667 2548 3725 laboret
2572 3672 2783 3727 malitia
2813 3673 3267 3747 inexsuperabili.

2099 3848 2318 3904 Nahum
2349 3850 2622 3923 signiﬁcat
2674 3856 2977 3911 consolator
3013 3859 3130 3916 sive
3176 3862 3483 3920 consolatio.
3521 3866 3616 3922 Illo

2029 3948 2148 3995 erat
2167 3956 2236 3996 ex
2260 3941 2540 4008 Helcesin,
2566 3944 2708 4000 ultra
2758 3944 3066 4016 Timbarin,
3090 3952 3159 4008 de
3188 3954 3330 4011 tribu
3363 3956 3608 4016 Simeon.

2029 4030 2124 4087 llle
2146 4041 2271 4103 post
2294 4034 2490 4113 Jonam
2522 4037 2739 4108 signum
2772 4040 2962 4110 edidit,
2998 4044 3210 4102 scilicet
3254 4051 3412 4119 aquis
3439 4052 3617 4109 dulci-

2030 4124 2134 4180 bus
2171 4135 2227 4181 et
2280 4127 2403 4199 igne
2453 4132 2750 4201 perituram
2783 4131 3019 4191 Niniven
3058 4155 3072 4204 ;
3121 4142 3267 4211 quod
3319 4153 3376 4199 et
3407 4146 3615 4203 evenit.

2030 4216 2209 4273 Lacus
2239 4220 2387 4276 enim
2414 4223 2508 4291 qui
2541 4238 2663 4279 eam
2695 4224 3070 4287 circumdabat
3091 4232 3356 4291 demersit
3394 4253 3514 4293 eam
3556 4240 3615 4295 iu

2033 4316 2194 4365 terrae
2233 4320 2407 4376 motu,
2449 4321 2506 4367 et
2556 4313 2697 4386 ignis
2728 4332 2794 4372 ex
2829 4317 3052 4377 deserto
3104 4324 3445 4394 superiorem
3494 4329 3616 4399 ejus

2032 4411 2239 4471 partem
2268 4405 2592 4463 combussit.
2635 4407 2880 4467 Mortuus
2933 4422 3021 4470 est
3050 4424 3234 4472 autem
3269 4418 3324 4473 in
3369 4434 3524 4491 pace,
3560 4429 3617 4475 et

343 4494 442 4546 καὶ
469 4494 581 4565 πῦρ
608 4497 673 4549 ἐκ
701 4496 799 4567 τῆς
825 4499 1035 4570 ἐρήμου
1069 4500 1344 4576 [ἐπελθὸν]
1369 4503 1432 4557 τὸ
1462 4479 1797 4580 ὑψηλότερον
1814 4479 1930 4564 ἀῦέ-
1964 4479 2006 4535 D
2035 4495 2284 4567 εθνυιιιιε
2307 4506 2393 4555 εει
2427 4499 2485 4557 in
2508 4509 2651 4557 terra
2678 4517 2797 4559 sua-

345 4583 445 4652 τῆς
489 4584 654 4655 μέρος
703 4587 1051 4658 ἐνέπρησενο
1103 4592 1345 4646 ἀπέθανε
1388 4593 1435 4648 δ’
1468 4598 1527 4650 ἐν
1569 4598 1784 4673 εἰρήνῃ,
1837 4604 1933 4656 καὶ

345 4675 518 4746 ἐτάφη
546 4678 603 4730 ἐν
633 4678 699 4749 τῇ
731 4681 802 4750 γῇ
836 4681 1024 4740 αὑτοῦ.

434 4828 786 4886 ΚΕΦΑΛΔΙΑ
823 4834 1221 4891 ΑΜΒΛΚΟΥΜ
1258 4838 1400 4893 ΤΟΥ
1437 4842 1833 4903 ΠΡΟΦΗΤΟΥ.

293 5001 316 5021 ο
417 4950 485 4998 α’,
528 4943 898 5016 Σχετλιασμδς
926 4945 1023 5001 τοῦ
1048 4951 1332 5021 προφήτου
1357 4954 1488 5024 περὶ
1507 4958 1608 5027 τῆς
1636 4959 1695 5012 ἓν
1719 4958 1796 5032 τῷ
1821 4960 1923 5034 βίῳ

343 5034 770 5109 πολιτευομένης
820 5036 1066 5101 ἀδικίαςο
1119 5042 1213 5096 καὶ
1270 5043 1578 5117 πρόρρησις
1635 5049 1730 5104 τοῦ
1780 5056 1923 5109 κατὰ

342 5127 578 5197 Χριστὸν
609 5131 935 5202 μυστηρίου,
970 5134 1066 5188 καὶ
1094 5137 1195 5205 τῆς
1221 5136 1330 5189 τῶν
1356 5139 1529 5195 ἐθνῶν
1554 5141 1800 5214 κλήσεως
1828 5149 1925 5202 καλ⁵

343 5215 681 5285 δυναστείας,
712 5223 770 5275 ἐν
870 5223 1090 5290 παίζειν
1117 5226 1212 5281 καὶ
1241 5226 1526 5300 καθαίρειν
1552 5231 1646 5285 τὸν
1676 5232 1924 5290 διάϐολον

347 5305 620 5377 μέλλουσι.

2292 4844 2549 4908 εΑυιτΑ
2577 4830 2897 4929 ιιΑΒΛουο
2940 4850 3356 4955 recentius,

2099 4958 2141 5014 l.
2164 4959 2397 5027 Querela
2423 4968 2703 5038 prophetas
2733 4970 2802 5027 de
2834 4972 3120 5044 iniquitate
3148 4979 3528 5037 administrata
3557 4985 3611 5038 in

2029 5050 2140 5106 vita
2170 5069 2187 5108 :
2218 5061 2275 5109 et
2307 5056 2634 5114 vaticinium
2669 5065 2914 5133 mysterii
2941 5065 2994 5121 in
3026 5066 3268 5135 Christo,
3288 5078 3344 5125 et
3366 5072 3611 5143 gentium

2030 5144 2350 5214 vocationis,
2378 5157 2435 5204 et
2466 5150 2683 5210 virtutis
2734 5170 2842 5225 qua
2876 5156 3106 5215 illudent
3129 5160 3346 5218 diabolo
3375 5178 3613 5235 eumque

2029 5237 2332 5295 destruent.

1868 5511 2076 5567 NOTAS
2087 5549 2103 5565 .

417 5631 492 5703 (9)
526 5632 801 5711 Μορᾳθεζ.
840 5632 1085 5711 Mamili!
1118 5633 1405 5711 Epiph.et
1436 5640 1665 5700 Doroth.
1713 5643 1847 5700 Ibid.
1880 5646 1917 5700 l.

344 5717 550 5782 gxxvy.
591 5702 682 5775 Τῷ
729 5702 959 5782 ’ᾼ-χαᾲΰ,
1006 5702 1192 5782 iidem.
1221 5702 1379 5782 'lbid.
1415 5712 1452 5765 ι.
1503 5730 1726 5770 xxxvm.
1781 5714 1921 5782 Ταῖς

341 5773 664 5838 ἀσεϐείαις.
724 5773 898 5831 Αὐτοῦ
937 5774 1171 5833 καὶτῶν
1214 5781 1468 5851 πατέρων
1496 5783 1681 5849 αὐτοῦ,
1720 5773 1919 5858 Ερίρίιξ

2100 5648 2213 5737 (Ψ)
2255 5650 2981 5737 Πέρᾳνκτῆςῄβηθεσᾳρῤ.
3035 5662 3257 5719 Doroth.
3294 5665 3475 5737 Πέραν
3517 5661 3611 5718 τοῦ

2040 5718 2310 5792 Ἰορδάνου
2335 5718 2425 5788 θείς
2453 5718 2734 5800 Βηίασάρξ
2775 5718 2971 5801 Epipb.
