3968 6220
343 368 470 435 i361

1370 369 1451 428 IN
1490 369 1603 428 XII
1642 366 2082 428 PROPHE'TAS
2113 368 2470 430 MINORES.

3421 367 3572 434 1362

341 480 676 553 μυστηρίων,
707 480 849 550 ἅπερ
874 480 934 533 ἐν
955 480 1092 550 αὐτῇ
1119 476 1268 549 παρὰ
1297 477 1534 548 Χριστοῦ
1563 477 1901 530 τετέλεσται’

2027 478 2264 546 nysteria
2287 494 2408 547 quin
2441 479 2494 531 in
2518 478 2630 547 ipsa
2659 494 2689 532 a
2720 477 2938 534 Christo
2956 477 3195 548 perfecta
3217 488 3362 542 sunt,
3385 489 3439 534 et
3457 481 3573 551 glo-

338 575 432 626 καὶ
465 574 561 644 τῆς
607 572 787 642 δόξης,
811 573 876 643 ἢν
910 573 944 640 ἡ
989 567 1288 641 Ἐκκλησία
1317 567 1459 621 κατὰ
1493 568 1672 620 πᾶσαν
1700 565 1800 636 τὴν
1828 565 1908 616 οἰ-

340 666 644 734 κουμένην,
715 662 1153 735 ἐπιστρεφούσης
1211 661 1309 730 τῆς
1369 657 1745 729 αἰχμαλωσίας
1800 656 1914 709 τῶν-

337 754 696 824 ἁμαρτωλῶν,
726 752 908 824 ἔλαχε.

410 844 673 912 Σοφονίας
701 842 1066 915 ἑρμηνεύεται
1083 841 1306 895 σκοπιὰ
1323 841 1560 908 Κυρίου.
1582 834 1746 903 Οὗτος
1757 833 1825 910 ῆν
1842 840 1906 892 ἐκ

340 939 513 1009 φυλῆς
542 937 794 1006 Συμεὼν,
835 933 1006 1007 ἀγροῦ
1052 932 1312 1004 Σαϐαρὼθ
1365 932 1476 1004 (1'2)
1523 932 1615 985 καὶ
1661 931 1904 1001 προεφή-

339 1047 499 1084 τευσε
546 1029 804 1100 περὶτῆς
840 1027 1047 1088 πόλεως
1099 1023 1454 1096 Ἰερουσαλὴμ
1501 1021 1596 1078 καὶ
1639 1021 1768 1092 περὶ
1811 1020 1906 1074 τέ-

340 1119 466 1182 λους
495 1119 733 1189 Ἰσραὴλ,
753 1119 847 1172 καὶ
869 1117 1283 1186 άντεισαγωγῆς
1302 1115 1395 1169 καὶ
1417 1114 1689 1184 σωτηρίας
1715 1113 1904 1180 ἐθνῶν,

342 1211 436 1266 καὶ
489 1209 751 1281 αἰσχύνης
795 1209 1030 1274 ἀσεϐῶν,
1064 1209 1158 1261 καὶ
1189 1207 1346 1276 δόξης
1373 1205 1618 1269 δικαίων,
1664 1205 1757 1257 καὶ
1785 1220 1906 1274 κρι-

340 1303 434 1355 τοῦ
484 1302 662 1374 πάσης
708 1301 908 1372 πνοῆς·
943 1299 1038 1353 καὶ
1086 1297 1265 1353 θανὼν
1313 1297 1485 1368 ἐτάφη
1531 1298 1587 1350 ὲν
1631 1294 1708 1366 τῷ
1752 1294 1907 1366 ἀγρῷ

340 1411 527 1448 αυτοῦ.

563 1553 908 1608 ΚΕΦΑΛΑΙΑ
945 1551 1238 1606 ΑΓΓΑΙΟΥ
1291 1551 1679 1606 ΠΡΟΦΗΤΟΥ.

407 1673 476 1720 α’.
540 1666 936 1737 Ἀγανάκτησις
981 1663 1118 1718 Θεοῦ
1167 1665 1310 1718 κατὰ
1356 1663 1464 1718 τῶν
1519 1660 1906 1733 ῥᾳθυμούντων

2009 572 2241 640 riaequze
2270 573 2526 627 Ecclesiae
2557 588 2653 642 per
2693 573 3009 628 universum
3049 575 3256 636 orbem,
3309 588 3572 630 conversa

2008 659 2271 715 servitute
2297 671 2664 731 peccatorum,
2696 662 2906 734 obtigit.

2077 844 2384 913 Sophonias
2415 844 2682 916 signiﬁcat
2719 844 2930 914 specula
2969 843 3195 900 Domini.
3231 843 3330 902 Hic
3361 853 3477 900 erat
3505 861 3570 902 ex

2009 935 2150 991 tribu
2183 937 2425 999 Simeon,
2451 951 2481 990 e
2502 937 2720 1006 regione
2738 936 3022 991 Sabaroth.
3062 937 3127 991 Et
3147 937 3471 994 vaticinatus
3491 946 3574 994 est

2007 1028 2074 1083 de
2107 1027 2239 1086 urbe
2267 1025 2598 1091 Jerusalem,
2621 1038 2676 1082 et
2705 1028 2773 1083 de
2797 1028 2901 1084 (ine
2923 1027 3086 1084 Israel
3119 1037 3174 1083 et
3204 1028 3270 1084 de
3300 1027 3575 1084 suil'ectio-

2007 1134 2074 1174 ne
2092 1119 2332 1188 gentium
2351 1118 2404 1172 in
2426 1117 2544 1187 ejus
2563 1118 2682 1174 loco
2698 1134 2994 1188 earumque
3007 1119 3199 1185 salute,
3220 1119 3359 1174 etde
3380 1118 3572 1173 confu-

2008 1209 2161 1264 sione
2190 1209 2500 1278 impiorum,
2527 1218 2582 1262 et
2610 1209 2676 1264 de
2701 1208 2870 1280 gloria
2893 1209 3270 1278 justorum,et
3298 1209 3364 1263 de
3390 1208 3572 1278 judice

2007 1300 2186 1354 omnis
2217 1299 2460 1369 Spiritus.
2515 1298 2582 1354 Et
2611 1308 2869 1355 mortuus.
2887 1297 3131 1370 sepultus
3157 1306 3239 1354 est
3267 1297 3321 1353 in
3355 1297 3572 1370 regione

2009 1409 2126 1446 sua.

2287 1552 2534 1608 CAPITA
2593 1552 2822 1608 AGG/El
2875 1550 3290 1607 ΡΒΟΡΗΕΤΛΞ.

2081 1667 2120 1720 Ι.
2148 1665 2451 1738 Indignatio
2482 1664 2578 1718 Dei
2603 1673 2796 1718 Contra
2831 1662 3155 1732 pigritantes
3185 1660 3238 1713 in
3262 1659 3574 1713 aediﬁcatio-

335 1760 434 1828 τῆς
464 1759 748 1829 οἰκοδομῆς
792 1757 886 1812 τοῦ
935 1757 1100 1811 ναοῦ⁶
1153 1757 1248 1809 καὶ
1296 1755 1545 1827 διήγησις
1589 1756 1691 1810 ὅσα
1722 1755 1906 1820 αὐτοῖς

2027 1775 2080 1816 ιο
2111 1761 2393 1830 templi;et
2425 1759 2717 1831 exponitur
2741 1765 2874 1830 quot
2894 1757 3028 1832 ipsis
3059 1756 3189 1814 inde
3211 1754 3350 1812 mala
3376 1770 3571 1828 super-

338 1851 583 1904 ἐντεῦθεν
613 1850 808 1923 συνέϐη
848 1849 1014 1913 κακὰ,
1047 1851 1146 1904 ὅσα
1173 1847 1229 1901 δὲ
1259 1850 1351 1903 καὶ
1383 1848 1742 1920 συμϐήσεται.

410 1942 474 2012 β’.
535 1940 778 2012 ’Υπακοὴ
824 1941 933 1994 τῶν
965 1940 1264 2011 ἀρχόντων,
1316 1938 1480 1993 αὐτοῦ
1513 1957 1571 1992 τε
1604 1938 1696 1992 τοῦ
1718 1938 1902 2001 ,λαοῦ-

339 2034 432 2088 καὶ
476 2033 678 2104 σπουδὴ
713 2031 940 2102 περὶτὰ
985 2031 1121 2103 ἔργα
1161 2031 1255 2085 τοῦ
1304 2031 1466 2086 ναοῦ·
1504 2031 1599 2086 καὶ
1633 2031 1726 2085 τοῦ
1770 2030 1905 2086 Θεοῦ

337 2125 474 2193 πρὸς
501 2125 695 2188 αὐτοὺς
723 2121 1128 2194 προσφώνησις,
1159 2123 1504 2194 ἀνδρίζεσθαι
1533 2123 1628 2177 καὶ
1658 2123 1903 2196 θαρρεῖν,

339 2217 429 2267 καὶ
457 2213 746 2283 γινώσκειν
779 2217 872 2268 τὸν
904 2214 1037 2269 Θεὸν
1069 2215 1232 2269 αὑτὸν
1277 2214 1506 2288 [αὐτῶν]
1545 2216 1908 2286 ἐφιστάμενον

337 2308 579 2378 ἔχοντας.

407 2405 476 2464 γ’.
511 2399 817 2470 Πρόρρησις
851 2398 960 2454 τῶν
988 2400 1080 2452 ἐπὶ
1105 2398 1199 2452 τοῦ
1228 2397 1460 2469 σταυροῦ
1485 2401 1598 2463 τοῖς
1624 2397 1907 2470 στοιχείοις

341 2491 806 2559 συμϐησομένωνο
845 2490 941 2544 καὶ
983 2491 1081 2561 τῆς
1131 2491 1239 2543 τῶν
1289 2490 1460 2544 ἐθνῶν
1507 2491 1904 2561 καρποφορίας,

343 2582 436 2632 καὶ
464 2581 561 2651 τῆς
594 2581 686 2634 τοῦ
721 2583 842 2635 νέου
871 2581 1000 2636 ναοῦ
1025 2581 1184 2652 δόξης
1209 2598 1224 2612 ⁸
1259 2582 1352 2636 καὶ
1379 2582 1476 2652 τῆς
1508 2583 1751 2655 είρήνης,
1786 2584 1908 2654 ῆτις

351 2671 502 2742 παρὰ
531 2672 622 2725 τοῦ
672 2673 906 2745 Χριστοῦ
937 2673 1022 2728 διὰ
1070 2674 1164 2728 τοῦ
1212 2674 1446 2745 σταυροῦ
1483 2676 1593 2739 τοῖς
1626 2673 1909 2728 εὐσεϐοῦσι

347 2764 722 2836 κατώρθωται.

408 2861 470 2913 δ’.
529 2858 846 2929 Κατηγορία
901 2858 1188 2922 Ἰουδαίων,
1237 2858 1312 2921 ώς
1359 2857 1483 2912 οὔτε
1528 2857 1910 2930 ἁγιαζομένων

337 2952 454 3013 ταῖς
504 2950 733 3017 θυσίαις,
771 2952 862 3005 καὶ
893 2954 1215 3022 μιαινόντων
1245 2954 1364 3016 ταῖς
1410 2953 1592 3006 αὐτῶν
1626 2954 1909 3024 πονηρίαις

339 3043 464 3102 τοὺς
507 3042 853 3110 ἐγγίζονταςο
896 3043 992 3096 καὶ
1039 3044 1293 3114 διήγησις
1327 3038 1401 3098 ὧν
1449 3045 1603 3099 αὐτοί
1627 3063 1684 3100 τε
1727 3047 1820 3100 κα)⁵
1859 3047 1909 3100 οί

341 3136 541 3204 καρποὶ
572 3136 671 3205 τῆς
698 3135 799 3205 γῆς
827 3134 914 3188 διὰ
943 3134 1039 3206 τὴν
1068 3135 1160 3188 τοῦ
1192 3134 1322 3190 λαοῦ
1373 3138 1637 3208 πονηρίαν
1667 3138 1907 3210 ὑπέστη-

343 3243 475 3297 σανο
515 3229 606 3280 καὶ
647 3230 745 3296 τῆς
791 3228 1056 3298 ἐσομένης
1097 3227 1184 3281 διὰ
1224 3229 1462 3300 Χριστοῦ
1493 3229 1742 3300 εὐλογίας
1769 3231 1904 3287 ὑπό-

342 3337 545 3390 σχεσις.
1603 3377 1606 3380 ,

409 3417 469 3464 ε’.
526 3410 834 3482 Πρόρρησις
886 3412 1272 3484 καταστροφῆς
1317 3412 1608 3484 δαιμόνων,
1661 3417 1756 3472 καὶ⁵
1795 3418 1906 3471 τῶν

341 3503 470 3574 παρ’
517 3502 740 3556 ἐκείνων
793 3504 1235 3574 ἐνεργουμένων
1292 3506 1598 3576 προφητεία
1651 3507 1709 3561 δὲ
1755 3510 1907 3580 παρὰ

341 3592 452 3664 [ῖσ.
487 3611 546 3646 τε
577 3594 726 3666 περὶ]
757 3595 1017 3665 Χριστοῦ,
1048 3598 1140 3648 καὶ
1166 3595 1264 3666 τὴν
1292 3598 1605 3668 οἰκονομίαν
1633 3599 1733 3670 τῆς
1771 3619 1906 3673 σαρ-

342 3687 435 3749 κὸς
466 3687 557 3738 καὶ
593 3687 694 3754 τῆς
725 3686 974 3755 θεότητος
1010 3687 1306 3756 μηνύουσα.

424 3742 983 3843 λΑγγαίος-ἑορτὰξωκ
1005 3742 1388 3847 ἐρμηνεύεται.
1422 3771 1590 3844 Οὗτος
1614 3781 1804 3852 ἐτέχθη
1828 3742 1909 3848 είς

345 3863 656 3926 Βαϐυλῶνα,
692 3858 760 3934 ἦν
801 3863 857 3917 δὲ
891 3865 954 3917 ἐκ
988 3865 1162 3934 φυλῆς
1207 3867 1338 3920 Λευτ
1361 3884 1375 3898 ο
1427 3869 1522 3922 καὶ
1559 3869 1639 3922 ἔτι
1671 3872 1789 3934 νέος
1834 3872 1910 3928 ὢν

342 3951 504 4025 ἦλθεν
530 3954 635 4007 ἀπὸ
661 3953 976 4018 Βαϐυλῶνος
1005 3958 1085 4018 εἰς
1125 3957 1507 4030 Ἰερουσαλήμ·
1535 3961 1627 4014 καὶ
1660 3964 1912 4034 φανερῶς

345 4045 604 4114 περὶτῆς
653 4045 987 4116 ἐπιστροφῆς
1041 4047 1135 4099 τοῦ
1179 4047 1308 4102 λαοῦ
1361 4052 1766 4122 προεφήτευσεν
1819 4056 1912 4107 καὶ

344 4132 480 4189 εἶδεν
509 4137 571 4189 ἐκ
603 4137 800 4206 μέρους
828 4137 924 4207 τὴν
958 4138 1245 4209 οἰκοδομὴν
1271 4139 1364 4193 τοῦ
1395 4140 1523 4195 ναοῦ
1545 4157 1558 4171 ⁶
1592 4144 1684 4196 καὶ
1708 4145 1912 4199 ἀποθα-

343 4227 450 4280 νὼν
487 4229 546 4282 ἐν
592 4227 968 4300 Ἰερουσαλήμ,
994 4229 1167 4301 ἐτάφη
1223 4232 1451 4304 πλησίον
1488 4236 1658 4304 τάφου
1707 4235 1813 4289 τῶν
1839 4237 1913 4292 is-

347 4324 482 4391 ρέων
509 4321 753 4388 ἐνδόξως,
784 4322 857 4384 ὡς
890 4323 1064 4388 αὐτοὶ,
1100 4325 1286 4396 ἐπειδὴ
1327 4328 1420 4380 καὶ
1449 4327 1610 4392 αὐτὸς
1635 4323 1702 4398 ἦν
1730 4330 1794 4381 ἐκ
1828 4331 1914 4397 γέ-

341 4429 463 4475 νους
493 4413 787 4484 ἱερατικοῦ.

541 4570 885 4624 ΚΕΦΛΛΑΙΑ
923 4570 1267 4626 ΖΑΧΑΡΙΟΥ
1314 4573 1699 4630 ΠΡΟΦΠΤΟΥ.

411 4690 478 4735 α’.
542 4681 828 4752 Προτροπὴ
881 4682 1016 4752 πρὸς
1073 4683 1394 4754 μετάνοιαν,
1454 4686 1548 4739 καὶ
1606 4687 1908 4759 ὀνειδισμὸς

341 4774 434 4827 τοῦ
480 4773 767 4828 Ἰουδαϊκοῦ
812 4773 961 4841 λαοῦ,
1011 4776 1092 4829 ὅτι
1131 4777 1237 4829 τῶν
1272 4777 1548 4847 προγόνων
1579 4778 1676 4848 τὴν
1708 4781 1907 4835 κακίαν

341 4866 640 4936 ἐζήλωσαν.

412 4958 476 5030 β’.
532 4955 847 5027 Προφητεία
877 4956 1091 5027 δρόμων
1116 4958 1508 5026 ἁποστολικῶν,
1541 4964 1635 5016 καὶ
1666 4964 1906 5017 ἀνανεώ-

343 5068 496 5112 σεως,
536 5050 639 5112 ἕως
669 5049 768 5117 τῆς
805 5045 1178 5120 Ἰερουσαλὴμ,
1208 5052 1328 5122 ἥτις
1365 5052 1504 5124 αὑτὴ
1535 5052 1622 5108 διὰ
1651 5055 1752 5126 τῆς
1781 5055 1906 5119 νέας

341 5144 651 5210 γεγένηται.

411 5240 477 5300 τ.
531 5234 766 5302 Λίνιγμα
795 5234 902 5286 τῶν
935 5235 1299 5303 Εὐαγγελίων,
1327 5236 1386 5303 ἐξ
1417 5229 1491 5292 ὧν
1518 5237 1584 5290 τὰ
1604 5237 1730 5310 ἔθνη
1765 5239 1902 5294 κατὰ

340 5326 436 5391 τῆς
485 5324 830 5394 Ἰερουσαλὴμ
878 5327 975 5396 τῆς
1008 5327 1240 5396 ἀρχαίας
1267 5326 1598 5398 ώξύνθησαν.

410 5413 471 5466 δ’.
526 5415 854 5484 Προφητεία,
877 5418 974 5486 τὴν
1003 5418 1128 5472 νέαν
1171 5418 1519 5490 Ἰερουσαλὴμ
1549 5421 1637 5475 διὰ
1666 5423 1902 5494 Χριστοῦ

338 5503 744 5573 κτισθήσεσθαι,
775 5505 868 5558 καὶ
903 5507 1104 5576 πλῆθος
1149 5508 1435 5565 οἰκούντων
1467 5511 1640 5576 ἕξειν·
1677 5515 1771 5568 καί
1802 5513 1894 5566 τοῦ

1937 4497 1987 4557 D

1937 1827 1978 1882 Β
2008 1827 2241 1909 ventura
2276 1852 2406 1906 sint.

2076 1939 2144 1996 II.
2175 1939 2466 1998 Obauditio
2485 1940 2791 2012 principum
2816 1954 3031 1996 necnon
3059 1949 3110 1994 et
3153 1937 3434 2007 ipsiusmet
3476 1954 3572 2007 po:

2005 2033 2143 2104 puli,
2171 2043 2227 2089 et
2263 2035 2503 2090 studium
2537 2051 2674 2106 opus
2705 2034 2912 2104 templi.
2944 2033 3012 2088 Et
3055 2032 3308 2088 allocutio
3365 2031 3457 2085 Dei
3505 2030 3572 2083 ad

2007 2123 2152 2193 ipsos
2195 2133 2254 2179 ut
2273 2124 2650 2180 confortentur
2669 2124 2964 2180 etvirililer
2988 2131 3216 2193 agantet
3236 2121 3411 2176 sciant
3448 2121 3572 2190 quia

2008 2217 2274 2274 Dominus
2312 2218 2426 2289 ipse
2457 2227 2562 2275 stat
2583 2234 2748 2290 super
2778 2233 2873 2274 eos
2895 2215 2988 2288 qui
3019 2223 3391 2287 perseverant.
3457 2279 3466 2284 ν

2074 2403 2164 2458 Ill.
2199 2401 2487 2466 Praadietio
2523 2417 2713 2458 eorum
2742 2415 2864 2470 qua:
2890 2398 2947 2455 in
2976 2412 3141 2456 cruce
3169 2395 3454 2452 elementis
3482 2411 3574 2449 διι-

2010 2496 2411 2566 pervenient,et
2435 2492 2677 2565 gentium
2704 2489 3074 2554 fecunditatis,
3120 2497 3176 2542 et
3223 2487 3405 2558 gloriae
3447 2484 3574 2539 novi

2011 2587 2218 2658 templi.
2239 2593 2295 2640 et
2323 2585 2474 2665 pacis
2493 2599 2612 2656 qua:
2639 2597 2670 2638 a
2697 2581 2914 2637 Christo
2945 2596 3042 2650 per
3063 2577 3290 2634 Crucem
3315 2576 3575 2648 disposita

2007 2689 2094 2736 est
2120 2677 2340 2734 sanctis.

2080 2866 2169 2922 ιν.
2198 2863 2488 2920 Accusatio
2513 2859 2848 2924 Judaeorum,
2874 2857 3075 2928 quippe
3107 2856 3200 2926 qui
3235 2870 3344 2909 non
3373 2854 3576 2910 sancti.

2010 2960 2172 3018 ﬁcant
2202 2959 2501 3025 sacriﬁciis,
2539 2960 2634 3015 sed
2679 2957 3035 3027 coinquinant
3058 2955 3172 3010 suis
3202 2953 3424 3008 malitiis
3451 2967 3575 3023 pro-

2009 3052 2202 3107 ximos.
2228 3050 2292 3104 Et
2321 3050 2588 3120 expositio
2616 3065 2803 3103 eorum
2826 3047 3025 3118 quibus
3055 3054 3110 3100 et
3144 3043 3250 3114 ipsi
3276 3051 3331 3098 et
3369 3041 3577 3096 fructus

1935 3153 1980 3216 (ζ
2014 3155 2168 3198 terra:
2186 3151 2410 3214 propter
2438 3141 2621 3212 pOpuli
2657 3140 2914 3195 malitiam
2963 3137 3374 3207 subiacuerunt,
3403 3143 3459 3189 et
3485 3133 3573 3187 fu-

2006 3246 2142 3291 tura:
2181 3251 2279 3306 per
2304 3235 2581 3290 Christum
2611 3230 3005 3290 benedictionis
3026 3227 3335 3300 promissio.

2078 3419 2144 3475 ν.
2167 3419 2452 3476 Praedictio
2491 3417 3080 3475 ruinm-daamoniorum
3109 3421 3164 3470 et
3189 3412 3256 3467 ab
3289 3410 3422 3480 ipsis
3445 3423 3574 3480 pos-
3623 3475 3629 3481 ,

2006 3529 2305 3579 sessorum,
2340 3523 2396 3568 et
2432 3511 2716 3584 praphetia
2753 3511 2819 3565 de
2835 3508 3076 3574 Christo,
3119 3504 3426 3578 signiﬁcans
3461 3502 3574 3557 dis-

2008 3608 2333 3679 positionem
2382 3606 2562 3661 carnis
2594 3614 2648 3658 et
2669 3602 2982 3659 divinitatis.

2079 3786 2305 3856 Aggzeus
2343 3781 2610 3854 signiﬁcat
2637 3778 2910 3849 festivam.
2941 3774 3040 3828 llic
3070 3755 3229 3826 natus
3255 3778 3339 3824 est
3373 3766 3426 3822 in
3472 3766 3575 3820 Bas

2011 3876 2227 3946 bylone,
2255 3883 2309 3927 et
2349 3872 2556 3927 cratdc
2597 3870 2742 3924 tribu
2782 3867 2930 3921 Levi.
2965 3866 3030 3920 Et
3062 3879 3195 3934 puer
3226 3877 3347 3917 cum
3399 3859 3576 3914 adhuc

2012 3973 2176 4030 esset,
2231 3963 2383 4018 venit
2426 3977 2493 4017 ex
2542 3959 2811 4030 Babylone
2845 3957 2899 4011 in
2940 3954 3258 4018 Jerusalem,
3291 3961 3348 4008 et
3400 3953 3574 4022 palam

2012 4054 2361 4129 prophetavit
2393 4054 2462 4108 de
2496 4049 2852 4107 conversione
2881 4045 3064 4118 p0puli
3094 4054 3150 4100 et
3177 4044 3311 4099 vidit
3343 4043 3397 4097 in
3423 4051 3576 4111 parte

2013 4148 2428 4205 mdiﬁcationem
2457 4143 2666 4214 templi.
2696 4141 2763 4196 Et
2783 4149 3030 4195 mortuus
3053 4139 3108 4191 in
3140 4136 3460 4200 Jerusalem,
3490 4149 3575 4188 se-

2013 4241 2198 4312 pultus
2225 4249 2308 4294 est
2332 4253 2498 4307 pr0pe
2521 4235 2850 4306 sepulturam
2877 4230 3237 4294 sacerdotum,
3263 4227 3450 4282 eodem
3479 4226 3575 4280 ho—

2014 4343 2149 4385 nore
2185 4344 2293 4398 quo
2321 4326 2497 4398 etipsi
2530 4344 2541 4379 :
2571 4331 2759 4395 utpote
2809 4322 2900 4392 qui
2933 4328 3051 4377 erat
3079 4335 3141 4376 ex
3171 4333 3370 4390 genere
3397 4331 3575 4373 saecla

2013 4420 2202 4477 dotali.

2255 4573 2507 4630 CAPITA
2529 4566 2900 4626 ZACHARLE
2924 4565 3328 4624 ΡΒΟΡΗΕΤᾸΞ.

2086 4688 2124 4742 Ι.
2165 4687 2485 4742 Exhortatio
2513 4684 2581 4740 ad
2616 4683 3013 4755 pmnitentiam,
3043 4689 3099 4737 et
3135 4683 3438 4754 objurgatio
3477 4699 3574 4754 po-

2017 4779 2128 4849 puli
2162 4777 2394 4842 Judaici,
2427 4792 2494 4831 eo
2516 4775 2660 4847 quod
2683 4783 2898 4846 patrum
2921 4789 3144 4829 suorum
3177 4774 3433 4829 malitiam
3467 4774 3582 4828 imi-

2016 4868 2108 4922 tati
2148 4877 2296 4922 sunt.

2077 4959 2144 5013 ll.
2180 4957 2510 5012 Vaticinium
2557 4970 2814 5011 cursuum
2855 4952 3224 5024 apostolorum
3258 4963 3314 5007 et
3349 4969 3574 5006 renova-

2016 5053 2178 5108 tionis
2215 5051 2511 5107 Jerusalem
2539 5065 2658 5119 quae
2685 5048 2799 5117 ipsa
2824 5046 3034 5102 novalis
3054 5045 3195 5100 facta
3225 5052 3327 5098 est.

2085 5236 2174 5294 Ill.
2209 5235 2474 5292 Indicium
2503 5235 2822 5290 nuntiorum
2846 5231 2927 5289 ex
2959 5233 3154 5302 quibus
3172 5239 3360 5303 gentes
3385 5239 3572 5284 contra

2012 5332 2287 5400 antiquam
2317 5327 2618 5383 Jerusalem
2652 5327 2877 5382 infensa:
2902 5334 3048 5381 sunt.

2083 5420 2168 5475 IV.
2195 5420 2522 5475 Vaticinium
2560 5435 2756 5474 novam
2794 5417 3090 5472 Jerusalem
3116 5430 3147 5470 a
3183 5414 3399 5471 Christo
3447 5412 3567 5466 fun-

2007 5513 2184 5567 datam
2219 5512 2304 5580 iri,
2338 5521 2395 5566 et
2438 5508 2841 5564 multitudinem
2875 5505 3238 5562 habitantium
3283 5501 3385 5575 ipsi
3418 5502 3565 5558 futu-

1869 5662 2100 5718 NOTAE.

410 5792 522 5863 (12)
555 5791 848 5860 mortem.
910 5777 1222 5862 Σαραϐαθὰ,
1268 5796 1460 5867 Ιιὶνίνιι.
1521 5800 1896 5863 Subarlhatha,
1927 5801 2150 5854 Dorotlt.
