4044 6228
436 346 593 436 ma

1564 354 1571 361 '
1654 369 2015 432 HESYCHII
2049 370 2526 435 PRESBYTERI

3581 374 3738 442 1364

452 505 565 545 ram
608 501 749 551 esse,
783 495 838 542 ct
866 485 1103 557 Spiritus
1143 485 1562 557 inspirationem
1606 484 1708 556 ipsi
1741 499 1839 555 pro
1863 485 2037 539 'mnro

2155 485 2461 555 Πνεύματος
2494 487 2629 560 αὐτῇ
2677 488 2775 561 τὴν
2821 489 3102 571 ἐνέργειαν
3151 490 3273 546 ἀντὶ
3316 490 3528 562 τείχους
3557 496 3734 561 γενῆ-

474 597 586 636 ore.
1696 630 1703 637 .

521 673 588 729 V.
635 673 860 730 Vocatio
885 672 1128 746 gentium
1161 672 1218 727 in
1248 686 1443 727 novam
1469 671 1601 727 Sion
1622 714 1636 737 ,
1682 681 1739 727 et
1774 673 1935 729 mina:
1978 673 2035 728 in

451 765 748 833 daemones,
773 774 830 822 et
855 766 1202 823 annuutiatio
1239 764 1512 820 adventus
1555 764 1772 819 Domini
1803 764 1860 818 in
1900 764 2035 822 Sion

451 871 576 911 cum
610 872 798 924 carne,
829 873 928 928 per
955 872 1119 928 quem
1150 864 1343 928 gentes
1383 855 1451 912 ad
1483 853 1665 928 ipsum
1709 867 2037 913 converten-

454 957 562 1002 tur.

525 1036 617 1093 Vi.
647 1037 902 1093 Narratio
931 1036 1261 1109 expiationis
1279 1035 1412 1093 Iesu
1457 1037 1602 1111 apud
1623 1036 1772 1109 ipsos
1797 1046 1929 1093 tunc
1952 1051 2038 1092 sa—

453 1127 707 1190 cerdotis,
728 1137 784 1182 et
816 1128 1139 1198 protestatio
1164 1126 1233 1184 ad
1257 1126 1531 1193 eumdem,
1565 1142 1812 1203 quanam
1844 1127 2035 1184 obser-

453 1233 585 1273 vare
613 1218 826 1273 deceat.

524 1307 638 1364 VII.
694 1308 1028 1365 Vaticinium
1100 1310 1369 1366 adventus
1422 1308 1738 1377 Salvatoris,
1770 1310 1825 1365 in
1872 1327 2037 1383 quem

457 1409 671 1470 septem
687 1401 832 1457 dona
860 1402 1097 1472 Spiritus
1125 1404 1476 1473 requiescunt
1505 1419 1520 1468 ;
1556 1412 1611 1457 et
1642 1403 1925 1473 praedictio
1954 1403 2039 1458 fu-

459 1499 595 1545 turae
625 1507 725 1562 per
752 1491 1048 1548 Salvatoris
1072 1493 1380 1564 passionem
1411 1492 1750 1549 remissionis
1781 1503 2036 1564 peccato-

460 1597 604 1648 rum,
638 1590 694 1638 et
712 1584 1083 1653 possessionis
1114 1583 1471 1656 mysticorum
1496 1586 1784 1643 bonorum.

526 1758 661 1818 VIII.
698 1762 900 1819 Notitia
921 1764 1215 1838 imaginum
1251 1768 1407 1838 pretii
1436 1776 1492 1824 et
1515 1768 1851 1838 operationis
1870 1768 2037 1839 Spirio

2149 577 2355 631 σεσθαι.

2214 667 2276 722 ε’.
2332 667 2544 738 Κλῆσις
2593 667 2701 722 τῶν
2734 667 2905 723 ἐθνῶν
2958 672 3038 735 είς
3083 670 3182 744 τὴν
3230 672 3359 727 νέαν
3410 672 3588 727 Σιών·
3624 674 3735 726 καὶ

2142 758 2341 830 ἀπειλὴ
2387 757 2532 813 κατά
2566 757 2872 830 δαιμόνων·
2911 762 3004 814 καὶ
3052 761 3449 833 εὐαγγελισμὸς
3496 764 3593 833 τῆς
3618 763 3731 818 τοῦ

2145 852 2349 929 Κυρίου
2374 851 2510 922 μετά
2546 852 2748 924 σαρκὸς
2774 854 2853 918 εἰς
2879 851 2976 924 τὴν
3008 852 3149 908 Σιὼν
3174 854 3430 924 ἀφίξεως,
3460 854 3528 909 δι’
3556 849 3620 929 ἧς
3649 855 3736 909 τὰ

2143 942 2270 1014 ἔθνη
2301 943 2440 1014 πρὸς
2470 943 2633 997 αὑτὸν
2662 943 3105 1015 ἐπιστρέψωσιν.

2215 1041 2290 1101 ς’.
2336 1036 2600 1106 Διήγησις
2631 1035 2735 1107 τῆς
2776 1033 2949 1105 Ἰησοῦ
2978 1035 3074 1089 τοῦ
3104 1034 3234 1107 παρ’
3259 1036 3445 1099 αὺτοῖς
3475 1035 3596 1093 τότε
3638 1034 3735 1088 ἱε-

2147 1125 2284 1197 ρέως
2317 1128 2640 1198 καθάρσεως
2664 1143 2678 1157 ·
2709 1128 2805 1181 καὶ
2836 1126 3205 1199 διαμαρτυρία
3234 1126 3371 1199 πρὸς
3403 1126 3495 1181 τὸν
3531 1127 3730 1193 αὑτὸν,

2141 1219 2264 1274 τίνα
2295 1218 2586 1287 φυλάττειν
2617 1219 2881 1290 προσῆκε.

2216 1306 2284 1371 ζ’.
2330 1307 2645 1379 Προφητεία
2686 1308 2785 1377 τῆς
2821 1306 3057 1377 ἀφίξεως
3099 1304 3195 1361 τοῦ
3245 1307 3522 1380 Σωτῆρος,
3552 1308 3635 1377 ἐφ’
3663 1309 3734 1361 δν

2143 1402 2200 1455 αἱ
2235 1399 2374 1455 ἐπτά
2412 1400 2508 1453 τοῦ
2553 1399 2871 1468 Πνεῦματος
2916 1399 3120 1470 δωρεαὶ
3167 1398 3571 1454 ἀναπαύονται·
3624 1402 3734 1455 καὶ

2144 1495 2453 1568 πρόρρησις
2482 1493 2580 1564 τῆς
2631 1492 2896 1564 ἐσομένης
2922 1493 3012 1549 aut
3057 1493 3152 1547 τοῦ
3194 1493 3464 1563 σωτηρίου
3513 1492 3735 1558 πάθους

2143 1584 2561 1659 ἁμαρτημάτων
2593 1584 2862 1654 ἀφέσεως,
2893 1583 2987 1636 καὶ
3027 1584 3307 1656 μυστικῶν
3335 1582 3559 1653 ἀγαθῶν
3589 1586 3734 1639 ἀπο-

2142 1677 2241 1731 λαύ
2251 1695 2407 1743 σεως.

2214 1778 2286 1841 η’.
2334 1769 2548 1843 Θεωρία
2578 1770 2688 1824 τῶν
2719 1769 2942 1824 εἰκόνων
2974 1769 3075 1840 τῆς
3108 1769 3267 1833 ἀξίας
3300 1769 3395 1822 καὶ
3440 1768 3731 1840 ἐνεργείας

460 1861 550 1908 tus
591 1863 647 1908 et
672 1854 809 1926 legis
832 1856 980 1911 circa
1013 1857 1215 1927 ipsum,
1241 1866 1298 1914 et
1331 1860 1519 1931 gratiae
1548 1868 1604 1915 et
1632 1860 1850 1915 virtutis
1879 1860 2036 1916 Chri-

2155 1864 2238 1919 τοῦ
2268 1863 2606 1934 Πνεῦματος,
2656 1862 2751 1916 καὶ
2798 1862 2964 1934 νόμου
3017 1862 3145 1933 περὶ
3173 1861 3325 1923 αὐτὸ,
3365 1863 3457 1915 καὶ
3498 1862 3733 1933 χάριτος

457 1942 549 1998 sti.
586 1942 655 1998 Et
683 1946 1041 2015 reprehensio
1074 1949 1339 2007 adversus
1389 1952 1688 2021 diabolum,
1717 1953 1873 2024 quasi
1915 1966 2041 2011 ten-

460 2042 665 2091 tantem
692 2037 961 2109 impedire
987 2040 1437 2111 praedicationem
1468 2044 1681 2101 salutis.

506 2220 621 2276 IX.
654 2220 983 2278 Vaticinium
1002 2225 1070 2280 de
1094 2225 1317 2283 Christo
1344 2237 1401 2284 et
1424 2230 1835 2299 operationibus
1861 2232 2037 2304 Spiri-

462 2320 549 2367 tus
576 2311 629 2366 in
648 2312 765 2381 ipso
787 2323 875 2380 ;et
896 2316 1102 2387 effigies
1127 2317 1259 2390 legis
1288 2327 1345 2374 et
1374 2321 1583 2391 gratiae,
1610 2330 1666 2377 et
1694 2338 1886 2381 eorum
1916 2340 2038 2395 qua:

460 2403 925 2461 subministranda
952 2415 1080 2462 sunt
1112 2408 1165 2463 in
1205 2410 1547 2480 apparitione
1577 2411 1831 2484 Spiritus.

522 2587 593 2644 Χ.
632 2588 793 2646 Minas
824 2590 879 2646 in
910 2591 1061 2649 fures
1084 2602 1141 2649 et
1165 2596 1441 2665 periuros,
1466 2599 1622 2669 quasi
1648 2615 1757 2656 una
1791 2615 1915 2657 cum
1942 2603 2039 2659 do-

462 2695 555 2734 mo
575 2681 906 2747 perdendos.

537 2772 626 2827 XI.
660 2773 877 2846 Efﬁgies
913 2775 1217 2847 iniquitatis
1265 2780 1407 2836 inter
1443 2782 1696 2841 homines
1740 2789 2035 2860 regnantis,

460 2879 623 2931 quam
656 2866 876 2935 pariunt
898 2868 1061 2923 simul
1083 2879 1369 2940 peccatum
1393 2881 1450 2927 et
1473 2873 1725 2945 impietas
1755 2891 1810 2933 et
1841 2897 1962 2950 qua:
1983 2881 2036 2935 in

461 2953 785 3011 confusione
816 2960 1022 3015 erroris
1057 2961 1453 3020 habitationem
1476 2968 1664 3023 sortita
1687 2979 1789 3023 est.

535 3041 648 3101 XII.
676 3049 889 3121 Eﬂigies
918 3053 1199 3126 regiminis
1215 3056 1359 3126 quod
1389 3060 1773 3131 generationes
1802 3064 2037 3136 prophe-

467 3147 642 3192 tarum
666 3151 723 3195 et
750 3141 904 3214 legis,
929 3147 1361 3215 patriarcharum
1397 3159 1452 3206 et
1479 3154 1869 3230 prophetarum
1910 3176 2035 3230 per—

802 3202 833 3214 υ
892 3202 947 3215 ι.
1147 3202 1159 3204 -
1232 3202 1359 3204 η
1404 3202 1449 3206 --
1479 3202 1869 3225 ,ηπ-ηψπ.
1910 3202 1995 3230 ιη.

462 3240 775 3287 currerunt.
1731 3221 1771 3260 ⁸
2065 3202 2109 3260 c

533 3320 677 3377 XIII.
707 3322 972 3381 Indicium
1021 3344 1352 3385 coronarum
1382 3348 1502 3407 quae
1532 3332 1730 3389 futura:
1762 3345 1890 3393 sunt
1956 3337 2042 3392 his

463 3414 559 3482 qui
587 3430 652 3469 ex
688 3425 915 3485 peccato
943 3421 1192 3476 conversi
1226 3421 1451 3485 iuerint,
1496 3439 1726 3492 quorum
1766 3426 2040 3495 specimen

462 3505 649 3560 Iesum
679 3514 810 3562 tunc
842 3509 1385 3577 sacerdotem,.velut
1413 3528 1510 3582 per
1539 3512 1913 3583 paenitentiam
1944 3530 2043 3584 pu-

465 3597 759 3661 riiicatum,
789 3598 1020 3668 profert.

536 3687 681 3743 XIV.
714 3690 963 3747 Narratio
1005 3708 1198 3748 eorum
1222 3709 1342 3764 qua:
1371 3695 1591 3767 quidam
1623 3710 1779 3767 reges
1800 3696 2041 3768 gentium

394 3794 405 3801 “
461 3780 530 3845 ad
553 3796 731 3836 arcam
747 3783 1025 3841 mittentes
1043 3785 1428 3843 siscitabantur
1450 3797 1533 3853 ;et
1554 3789 1831 3844 accusatio
1853 3788 2040 3855 Israel,

464 3874 609 3941 quod
639 3891 748 3931 non
780 3877 1082 3933 secundum
1112 3893 1340 3950 scopum
1375 3881 1466 3935 Dei
1494 3879 1748 3951 jejunant
1780 3890 1837 3937 et
1882 3898 2042 3937 man-

465 3959 689 4016 ducant.

537 4051 653 4106 XV.
687 4054 998 4109 Admonitio
1045 4071 1293 4125 quaenam
1331 4057 1441 4111 sint
1466 4057 1665 4128 quibus
1715 4057 1857 4114 Deus
1908 4076 2041 4115 con-

466 4154 672 4211 tentus,
715 4155 770 4201 et
798 4147 1076 4203 accusatio
1116 4148 1497 4204 inobedientia:
1546 4150 1753 4221 populi,
1787 4160 1841 4206 et
1879 4152 2043 4208 minus

464 4236 829 4305 dispersionis
843 4254 1034 4294 eorum
1076 4240 1496 4311 etperditionis.

532 4326 672 4382 XVI.
713 4327 997 4385 Pratdictio
1026 4330 1297 4385 bonorum
1330 4347 1450 4401 quae
1494 4330 1804 4388 Jerusalem
1861 4332 2042 4389 futura

464 4430 594 4476 sunt
611 4435 707 4490 per
739 4420 1037 4477 Salvatoris
1062 4421 1359 4478 adventum
1372 4463 1385 4477 .

539 4513 701 4569 XVII.
736 4514 1017 4587 Expositio
1045 4531 1295 4587 quaenam
1320 4516 1492 4573 veteri
1522 4518 1725 4589 popqu
1755 4528 1885 4574 ante
1909 4521 2041 4576 asdi-
2073 4541 2118 4597 ο

467 4607 773 4672 ticationem
807 4608 994 4680 templi
1034 4608 1151 4672 Dei,
1181 4624 1428 4681 quamam
1472 4626 1603 4668 vero
1641 4627 1784 4667 novo
1838 4614 2042 4683 populo

464 4707 589 4769 post
636 4699 784 4754 illius
810 4699 1247 4767 aediﬁcationem,
1282 4718 1312 4756 a
1346 4700 1456 4758 Deo
1500 4701 1641 4759 facta
1681 4702 1887 4759 fuerint
1922 4720 1938 4770 ;
1987 4712 2043 4759 et

465 4791 757 4846 instructio
782 4792 1043 4862 quidnam
1065 4794 1342 4865 corrigere
1368 4795 1630 4852 debeant.

537 4882 725 4939 XVIII.
756 4884 1079 4940 Exhortatio
1104 4886 1174 4941 ad
1198 4886 1467 4957 jejunium
1522 4888 1609 4944 his
1638 4888 1732 4958 qui
1771 4890 2039 4946 conﬁten-

467 4987 575 5041 tur,
599 4976 752 5047 quasi
785 4978 837 5031 in
864 4992 932 5032 eo
962 4977 1219 5047 gaudium
1245 4978 1457 5033 nacturi
1492 4980 1604 5034 sint
1640 4997 1655 5045 ;
1686 4990 1737 5034 et
1761 4981 2042 5051 praedictio

464 5069 840 5127 conversionis
865 5070 1111 5140 gentium
1130 5088 1226 5141 per
1252 5071 1551 5127 Salvatoris
1579 5072 1899 5127 adventum.

538 5163 678 5229 XIX.
723 5163 1048 5219 Vaticinium
1088 5164 1403 5219 abolitionis
1437 5164 1643 5218 erroris
1673 5164 1814 5234 apud
1850 5171 2072 5235 gentes,

465 5256 631 5309 I'uturi
675 5274 688 5319 ;
721 5266 777 5309 et
811 5255 1091 5325 praedictio
1123 5256 1245 5311 ﬁdei
1284 5271 1405 5327 qua:
1435 5254 1489 5308 in
1520 5254 1653 5325 ipsis
1682 5254 2035 5325 plantabitur,

464 5362 560 5425 per
586 5364 746 5418 quam
772 5362 879 5405 non
898 5348 1011 5419 jam
1035 5349 1358 5407 diabolicam
1378 5349 1736 5425 direptionem
1763 5358 2036 5408 metuunt.

537 5534 655 5588 XX.
680 5533 1007 5589 Vaticinium
1042 5536 1112 5589 de
1142 5535 1384 5601 Christo,
1412 5536 1685 5605 quomodo
1704 5536 1871 5589 asina:
1902 5533 2037 5588 insi-

464 5624 600 5678 dens
626 5624 906 5679 Judairam
926 5627 1238 5696 superbiam
1270 5628 1727 5697 destruit,pacem
1749 5641 1877 5680 vero
1902 5640 2038 5685 con-

464 5716 617 5768 ciliat
641 5715 917 5785 gentibus,
951 5717 1215 5773 ministris
1242 5735 1375 5774 usus
1396 5718 1660 5786 apostolis
1708 5717 1767 5771 in
1801 5731 2037 5786 evange-

467 5804 625 5861 iicam
666 5805 1131 5875 praedicationem,
1173 5810 1230 5864 in
1264 5809 1691 5865 destructionem
1723 5808 1943 5873 erroris,
1980 5806 2035 5863 in

2147 1955 2243 2010 καὶ
2281 1955 2568 2027 δυνάμεως
2608 1953 2845 2024 Χριστοῦ
2868 1968 2881 1982 °
2916 1952 3011 2007 καὶ
3037 1953 3287 2023 ἐπιτιμία
3312 1952 3453 2006 κατά
3476 1951 3569 2006 τοῦ
3601 1953 3730 2007 δια-

2146 2047 2325 2114 δόλου,
2356 2046 2433 2112 ὡς
2460 2045 2775 2118 ἐμποδίζειν
2803 2044 3206 2118 ἐπιχειροῦντος
3235 2043 3314 2116 τῷ
3339 2044 3595 2116 σωτηρίῳ
3621 2061 3734 2117 κη-

2147 2138 2410 2211 ρύγματι.

2217 2229 2282 2284 θ’.
2336 2227 2651 2298 Προφητεία
2699 2225 2828 2297 περὶ
2860 2225 3100 2298 Χριστοῦ
3146 2226 3242 2280 καὶ
3281 2226 3390 2281 τῶν
3426 2226 3731 2298 ἐνεργειῶν

2144 2320 2253 2374 τῶν
2284 2322 2342 2374 ἐν
2371 2318 2521 2390 αὐτῷ
2552 2318 2647 2373 τοῦ
2681 2316 3035 2388 Πνεύματος·
3066 2316 3160 2370 καὶ
3199 2314 3366 2369 είκὼν
3410 2316 3578 2384 νόμου
3625 2316 3731 2368 καὶ

2146 2415 2387 2485 χάριτος,
2419 2414 2514 2467 καὶ
2540 2412 2650 2467 τῶν
2696 2411 3000 2482 μελλόντων
3027 2407 3417 2482 ὑπηρετεῖσθαι
3445 2410 3514 2480 τῇ
3553 2423 3730 2477 φανε-

2150 2505 2316 2579 ρώσει
2346 2505 2440 2560 τοῦ
2473 2505 2815 2576 Πνεύματος.

2218 2604 2269 2651 ι’.
2338 2596 2558 2669 Ἀπειλὴ
2591 2596 2730 2651 κατὰ
2759 2594 3006 2650 κλεπτῶν
3038 2594 3131 2648 καὶ
3153 2593 3445 2666 ἐπιόρκων,
3476 2594 3553 2659 ὡς
3587 2611 3737 2648 παν-

2144 2691 2255 2745 οικὶ
2291 2689 2598 2761 μελλόντων
2627 2689 2747 2744 ὁλοθ
2757 2689 3033 2762 ρεύεσθαι.
3346 2670 3355 2679 ’

2217 2782 2307 2838 ια’.
2358 2782 2538 2837 Εἱκὼν
2571 2781 2669 2850 τῆς
2700 2783 2757 2835 ἐν
2799 2780 3108 2853 ἀνθρώποις
3153 2777 3580 2849 πολιτευομένης
3607 2776 3730 2830 ἀδι-

2147 2877 2290 2940 κίας,
2326 2875 2392 2948 ἢν
2431 2875 2677 2946 ἁμαρτία
2715 2874 2813 2944 μὲν
2842 2875 3138 2944 συγκροτεί
3171 2873 3264 2925 καὶ
3294 2870 3539 2931 ἀσέδεια,
3575 2872 3632 2922 ἐν
3665 2866 3730 2922 δὲ

2144 2970 2211 3039 τῇ
2249 2965 2509 3036 συγχύσει
2542 2965 2644 3033 τῆς
2677 2965 2886 3035 πλάνης
2920 2964 3021 3034 τὴν
3050 2962 3333 3023 κατοικίαν
3368 2960 3649 3028 κέκτηται.

2218 3058 2305 3131 ιβ’.
2354 3057 2531 3113 Είκὼν
2561 3057 2859 3121 πολιτείας,
2889 3056 2956 3127 ἣν
2986 3055 3043 3109 αἱ
3081 3053 3267 3120 γενεαὶ
3297 3053 3590 3123 προφητῶν
3627 3050 3730 3104 καὶ

2146 3153 2335 3225 νόμου,
2365 3151 2721 3224 πατριαρχῶν
2758 3150 2853 3204 κα)⁸
2882 3146 3218 3213 ἀποστόλων,
3250 3146 3504 3218 ἔδραμον.

2218 3334 2307 3395 ιγ’,
2370 3328 2611 3395 Αῐνιγμα
2662 3326 2771 3379 τῶν
2830 3325 3102 3397 ἐσομένων
3160 3326 3439 3395 στεφάνων
3488 3327 3604 3389 τοῖς
3662 3325 3731 3392 ἐξ

2144 3421 2421 3491 ἁμαρτίας
2450 3419 2892 3488 ἐπιστρέφουσιν,
2922 3414 2997 3472 ὧν
3026 3418 3118 3471 τὸν
3159 3417 3367 3489 Ἰησοῦν
3392 3418 3512 3470 τότε
3544 3417 3723 3485 ίερέα,

2142 3514 2217 3573 ὡς
2255 3510 2343 3565 διὰ
2369 3509 2655 3581 μετανοίας
2697 3508 3069 3582 καθαρθέντα,
3113 3508 3439 3581 χαρακτῆρα
3477 3506 3724 3579 προϐάλ-

2141 3603 2314 3659 λεται.

2142 3717 2173 3745 ιο
2215 3693 2296 3748 ιδ’.
2341 3693 2619 3765 Διήγησις,
2649 3687 2738 3747 οἷα
2768 3691 3018 3764 περὶτῆς
3048 3691 3281 3746 κιϐωτοῦ
3313 3692 3552 3763 βασιλεῖς
3574 3710 3723 3758 τινες

2142 3783 2311 3839 ἐθνῶν
2366 3783 2684 3855 πέμψαντες
2740 3784 3131 3838 ἐπυνθάνοντο⁹
3192 3784 3287 3839 καὶ
3338 3784 3559 3855 ἐλεγχος
3623 3784 3723 3839 τοῦ

2155 3875 2395 3947 Ἰσραὴλ,
2424 3877 2507 3929 ὅτι
2548 3877 2622 3948 μὴ
2675 3875 2819 3929 κατά
2867 3876 3069 3930 σκοπὸν
3103 3875 3240 3930 Θεοῦ
3287 3876 3637 3949 νηστεύουσιν
3685 3878 3720 3948 ἢ

2143 3966 2413 4021 ἐσθίουσιν

2215 4060 2295 4113 ιε’.
2336 4060 2624 4124 Νουθεσία,
2651 4062 2759 4115 τίσι
2780 4060 2912 4125 Θεὸς
2949 4061 3272 4133 ἀρέσκεται·
3295 4061 3388 4114 καὶ
3415 4060 3724 4132 κατηγορία

2141 4150 2240 4220 τῆς
2267 4149 2361 4204 τοῦ
2401 4149 2531 4204 λαοῦ
2577 4150 2862 4222 παρακοῆς
2883 4166 2897 4181 ο
2932 4151 3025 4205 καὶ
3050 4151 3248 4222 ἀπειλὴ
3278 4151 3579 4223 διασπορᾶς
3608 4152 3722 4206 τῶν

2143 4239 2324 4294 αὐτῶν
2355 4241 2449 4295 καὶ
2478 4242 2814 4312 πορθήσεως.

2218 4331 2313 4396 ις’.
2373 4332 2684 4402 Πρόῤῥησις
2739 4332 2847 4386 τῶν
2899 4333 3174 4403 ἐσομένων
3223 4336 3288 4405 τῇ
3363 4333 3723 4408 Ἰερουσαλὴμ

2147 4424 2367 4492 ἀγαθῶν
2395 4422 2483 4477 διά
2511 4424 2609 4494 τῆς
2636 4425 2729 4477 τοῦ
2754 4423 3008 4495 Σωτῆρος
3033 4426 3288 4495 ἀφίξεως.

2219 4516 2305 4581 ιζ’.
2356 4516 2640 4586 Διήγησις,
2670 4509 2760 4570 οἵα
2804 4516 2884 4586 τῷ
2928 4517 3141 4587 ἀρχαίῳ
3169 4517 3304 4587 λαῷ,
3336 4518 3467 4589 πρὶν
3509 4518 3721 4573 οίκοδοσ

2147 4609 2385 4682 μυηθῆναι
2418 4609 2508 4663 τὸν
2539 4608 2631 4662 τοῦ
2661 4608 2797 4662 Θεοῦ
2827 4609 2974 4674 ναὸν,
3000 4603 3087 4662 οἵα
3119 4609 3176 4663 δέ
3213 4609 3351 4680 μετά
3390 4611 3488 4681 τὴν
3516 4609 3721 4664 οίκοδο-

2146 4701 2255 4772 μὴν
2286 4700 2386 4771 τὴν
2419 4699 2632 4765 τούτου,
2657 4698 2734 4772 τῷ
2762 4702 2869 4770 νέῳ
2896 4699 3013 4770 λαῷ
3044 4700 3195 4772 παρὰ
3219 4699 3354 4754 Θεοῦ
3388 4700 3682 4772 γεγένηται
3700 4717 3715 4733 ⁸

2143 4794 2238 4847 καὶ
2269 4791 2586 4846 διδασκαλία
2614 4792 2666 4845 τί
2701 4790 3001 4862 κατορθοῦν
3029 4791 3324 4859 ὀφείλουσι.

2215 4883 2302 4952 ιη’.
2336 4883 2624 4955 Προτροπὴ
2655 4884 2909 4953 νηστείας
2935 4885 3047 4947 τοῖς
3071 4881 3600 4954 ἐξομολογουμένοις,
3640 4882 3721 4949 ὡς

2141 4979 2200 5030 ἐν
2231 4977 2369 5047 αὐτῇ
2400 4975 2497 5045 τὴν
2527 4973 2868 5045 εὐφροσύνην
2890 4974 3105 5045 ἔχουσι’
3138 4974 3231 5026 καὶ
3258 4975 3562 5047 πρόρρησις
3595 4975 3718 5027 ἐπι-

2143 5071 2383 5140 στροφῆς
2413 5066 2582 5120 ἐθνῶν
2608 5066 2698 5119 διά
2725 5067 2823 5136 τῆς
2852 5066 2945 5119 τοῦ
2982 5067 3132 5136 Σωτῆ
3144 5084 3233 5136 ρος
3261 5066 3517 5134 ἀφίξεως.

2214 5161 2299 5213 ιθ’.
2350 5159 2662 5230 Προφητεία
2697 5158 3008 5229 ἀφανισμοῦ
3053 5159 3261 5229 πλάνης
3306 5158 3572 5229 ἐσομένης
3600 5162 3719 5224 τοῖς

2142 5252 2352 5306 ἔθνεσιε
2402 5250 2497 5304 καὶ
2546 5251 2848 5322 πρόρρησις
2879 5251 2976 5320 τῆς
3011 5253 3083 5303 -ἐν
3111 5250 3293 5313 αὐτοῖς
3338 5251 3718 5324 φυτευομένης

2142 5345 2398 5409 πίστεως,
2447 5342 2514 5396 δι’
2560 5343 2627 5413 ἢν
2673 5345 2772 5396 οὐκ
2811 5342 2891 5396 ἐτι
2934 5343 3032 5413 τὴν
3071 5341 3379 5413 διαδολικὴν
3413 5341 3715 5399 ἀπελασίαν

2139 5437 2428 5490 δεδοίκασι.

2214 5528 2283 5582 κ’.
2312 5528 2625 5599 Προφητεία
2665 5526 2793 5596 περὶ
2826 5525 3084 5596 Χριστοῦ,
3104 5527 3251 5588 ὅπως
3288 5526 3385 5596 τὴν
3431 5525 3550 5579 ὄνον
3581 5525 3715 5580 καθ-

2144 5622 2284 5683 ίσας,
2322 5619 2421 5689 τὴν
2484 5618 2779 5689 Ἰουδαῖκὴν
2808 5619 3124 5684 ἀλαζονείαν
3154 5620 3450 5672 ἀπόλλυσι·
3486 5619 3715 5690 εἰρήνην

2139 5714 2193 5767 δὲ
2241 5713 2568 5781 πρυτανεύει
2593 5713 2704 5774 τοῖς
2739 5710 2939 5774 ἔθνεσι,
2968 5712 3220 5783 ὀργάνοις
3250 5714 3361 5774 τοῖς
3391 5712 3713 5774 ἀποστόλοις

2141 5808 2218 5868 εἰς
2246 5805 2304 5860 τδ
2332 5804 2685 5874 εὐαγγελικὸν
2713 5806 2996 5878 κήρυγμα,
3041 5805 3133 5858 καὶ
3163 5806 3258 5876 τὴν
3299 5804 3573 5858 ἀπώλειαν
3607 5805 3705 5875 τῆς
