4044 6228
341 408 490 474 1365-

1389 408 1471 467 IN
1501 407 1617 466 XII
1654 405 2098 467 PROPHETAS
2138 406 2499 467 MINORES.

3461 396 3600 464 I366

340 521 570 587 πλάνης,
604 517 700 572 καὶ
729 518 839 572 τῶν
875 517 1193 590 μυστηρίων
1220 517 1320 590 τὴν
1347 518 1677 589 φανέρωσιν,
1709 516 1805 570 καὶ
1822 518 1921 586 τήν

2034 520 2407 589 mysteriorum
2462 517 3005 574 manifestationem.
3076 516 3131 571 in
3182 515 3597 571 conversionem

341 612 682 682 ἐπιστροφὴν
701 611 812 665 τῶν
837 611 1273 682 πεπλανημένων
1303 612 1669 683 χρησάμενος.

412 708 521 757 ua’.
573 703 694 755 Ὀτι
732 703 885 773 παρὰ
927 702 1063 756 Θεοῦ
1099 704 1195 757 καὶ
1241 705 1342 777 τὴν
1389 704 1553 775 χάριν
1580 706 1664 759 δεῖ
1697 707 1793 760 καὶ
1827 705 1920 759 τὸν

342 795 506 863 νόμον
544 795 978 864 προσδέχεσθαι*
1013 794 1109 848 καὶ
1160 795 1380 867 διαῦολὴ
1427 796 1538 850 τῶν
1591 797 1920 868 Ἑλληνικῶν

347 884 621 954 μάντεων,
673 885 770 937 καὶ
825 884 1023 955 ἀπειλὴ
1077 885 1185 938 τῶν
1244 887 1553 941 Ἰουδαῖκῶν
1608 889 1916 958 ποιμένων·

344 979 438 1031 καὶ
468 980 776 1049 προφητεία
796 981 897 1050 τῆς
925 980 1014 1034 διὰ
1032 980 1140 1033 τῶν
1169 981 1484 1034 ἀποστόλων
1515 981 1780 1052 ἐσομένης
1809 981 1924 1032 ἐπι-

348 1072 588 1142 στροφῆς
608 1073 699 1126 διὰ
725 1072 1101 1143 βαπτίσματος
1130 1074 1223 1127 καὶ
1263 1073 1551 1143 μετανοίας
1574 1073 1638 1126 ἐκ
1667 1074 1767 1141 τῆς
1792 1072 1929 1125 πλάε

346 1180 443 1232 νης
471 1166 585 1226 τοῖς
616 1163 817 1217 ἔθνεσι.

417 1277 517 1347 κβ’.
567 1279 879 1349 Πρόῤῥησις
933 1279 1139 1332 εἰσόδου
1175 1278 1313 1349 πρὸς
1357 1278 1425 1331 τὰ
1461 1277 1589 1349 ἐθνη
1623 1278 1717 1330 τοῦ
1757 1277 1923 1331 Πνεῦ-

350 1381 516 1433 ματος
537 1382 552 1395 ’
586 1367 679 1418 καὶ
711 1364 946 1420 εἰδώλων
981 1367 1240 1430 πτώσεως
1260 1382 1274 1395 ·
1297 1368 1392 1421 καὶ
1421 1366 1621 1439 θρήνου
1652 1366 1758 1420 τῶν
1795 1367 1924 1420 Ἰου-

344 1455 546 1508 δαϊκῶν
577 1457 871 1527 ποιμένων,
904 1459 992 1528 ἐφ’
1022 1453 1103 1521 οῖς
1137 1460 1493 1529 καταργεῖται
1541 1458 1610 1510 τὰ
1658 1459 1790 1528 παρ’
1824 1457 1924 1511 αὒ-

345 1548 457 1610 τοῖς
487 1546 782 1619 καθάρσια.

329 1631 337 1673 ἒ
417 1636 523 1705 κγ’.
572 1640 888 1710 Προφητεία
920 1640 1049 1711 περὶ
1079 1640 1337 1710 Χριστοῦ,
1370 1640 1679 1710 ποιμαίνειν
1707 1640 1924 1712 εὐδοκία

345 1729 438 1782 τοῦ
487 1731 702 1799 Πατρδς
754 1731 822 1785 τὰ
865 1730 1055 1801 πρώην
1106 1732 1423 1786 ἀπολωλότα
1467 1732 1771 1803 μέλλοντος,
1827 1734 1924 1787 καὶ

2021 626 2210 665 eorum
2237 611 2329 681 qui
2362 619 2704 666 erraverant.

2092 701 2233 756 XXI.
2257 704 2411 769 Quod
2443 720 2472 758 ιι
2500 704 2612 758 Deo
2645 712 2759 759 tum
2781 703 2889 767 lex,
2916 711 3031 755 tum
3061 699 3253 771 gratia,
3274 701 3597 769 accipienda

2021 794 2110 848 sit.
2132 794 2196 849 Et
2225 796 2485 851 detractio
2520 796 2804 866 gentilium
2828 804 3034 856 vatum,
3068 802 3124 847 et
3151 792 3313 846 minus
3350 790 3606 846 JutlaiCo-

2026 898 2145 936 rum
2177 892 2481 952 pastorum.
2507 884 2842 938 V’aticinium
2883 880 3260 937 conversionis
3299 896 3363 935 ex
3415 894 3603 934 errore

2025 984 2121 1038 per
2137 974 2412 1039 apostolos
2434 972 2689 1043 gentibus
2716 972 2919 1026 futura
2936 984 3035 1039 per
3057 969 3387 1038 baptismum
3417 974 3473 1021 ct
3491 982 3606 1036 po:-

2025 1060 2334 1118 nitentiam.

2096 1264 2259 1319 XXII.
2288 1264 2577 1322 Praedictio
2597 1266 2949 1340 ingressionis
2975 1265 3212 1338 Spiritus
3237 1263 3295 1319 in
3322 1270 3530 1335 gentes,
3552 1269 3607 1317 ct

2025 1358 2196 1413 ruinae
2232 1359 2522 1423 idolorum,
2555 1370 2612 1414 et
2644 1360 3055 1416 lmncntationis
3095 1356 3451 1414 Judaicorum
3509 1370 3605 1425 pa-

2023 1455 2253 1508 storum,
2281 1463 2347 1501 eo
2367 1449 2507 1516 quod
2526 1458 2703 1503 cessat
2729 1448 2871 1518 apud
2896 1448 3043 1517 ipsos
3058 1445 3237 1502 hostia
3256 1441 3601 1515 expiationis.

2095 1629 2290 1685 XXIII.
2315 1629 2643 1685 Vaticinium
2673 1630 2741 1685 de
2771 1630 3013 1693 Christo,
3043 1631 3136 1701 qui
3156 1645 3223 1685 ex
3242 1632 3386 1685 bona
3411 1631 3606 1686 volun-

2029 1731 2140 1778 tate
2173 1721 2352 1775 Patris
2384 1736 2609 1791 paseere
2638 1722 2802 1776 debet
2821 1736 2884 1775 ea
2905 1736 3028 1789 quae
3056 1729 3183 1775 ante
3210 1719 3505 1790 perierant.
3537 1720 3606 1774 Et

346 1821 540 1890 ἀπειλὴ
573 1822 674 1892 τῆς
702 1822 810 1876 τῶν
849 1823 1116 1878 Ἰουδαίων
1136 1825 1474 1896 πορθήσεως,
1502 1824 1724 1893 Καῖάφα
1740 1842 1800 1879 τε
1830 1825 1924 1880 καὶ

2034 1809 2192 1864 minae
2219 1810 2545 1879 direptionis
2584 1808 2918 1873 Judmorum,
2951 1817 3006 1863 et
3052 1807 3345 1862 ablationis
3383 1804 3607 1877 Caipbze

346 1913 579 1968 Πιλάτου
613 1915 707 1969 καὶ
747 1915 989 1986 Ἡρώδου
1056 1915 1351 1987 ἐξάρσεως,
1418 1918 1585 1989 νόμου
1629 1934 1689 1971 τε
1718 1916 1923 1988 ἐγγρά-

347 2021 450 2072 φου
485 2005 577 2057 καὶ
618 2005 846 2075 φυσικοῦ
898 2008 1242 2077 μεταθέσεως
1290 2011 1371 2072 είς
1418 2009 1614 2063 αὐτόν·
1660 2010 1924 2081 ἐκατέρου

347 2093 656 2164 διόρθωσιν.

421 2202 521 2261 κδ’.
576 2207 889 2277 Προφητεία
918 2208 1018 2277 τῆς
1047 2209 1311 2280 ἐσομένης
1341 2210 1401 2265 ἐν
1432 2211 1545 2274 τοῖς
1575 2210 1752 2266 ἔθνεσι
1784 2210 1925 2280 γνώ-

353 2314 512 2363 σεως,
563 2300 660 2354 καὶ
708 2300 804 2370 τῆς
852 2300 946 2369 τρῦ
994 2300 1200 2372 Κυρίου
1249 2304 1584 2371 φαντασίας
1640 2304 1734 2358 καὶ
1780 2304 1927 2370 ὅπως

347 2390 519 2460 αὐτῆς
557 2391 657 2460 μὲν
697 2390 956 2462 ἀδόκιμον
1002 2391 1219 2463 ἐδείχθη
1264 2392 1325 2446 τὸ
1371 2393 1656 2465 ἀργύριον,
1705 2396 1741 2466 ή
1790 2394 1929 2468 πρὸς

347 2483 440 2534 τὸν
475 2482 603 2536 λαὸν
628 2482 684 2535 δὲ
717 2482 827 2536 τῶν
872 2484 1140 2537 Ἰουδαίων
1167 2485 1398 2556 διαθήκη
1435 2488 1761 2558 κατηγορία.

419 2579 518 2626 κε’.
572 2574 906 2644 Προφήτεία,
939 2574 992 2627 τί
1024 2576 1122 2646 μὲν
1150 2579 1178 2629 ό
1212 2576 1578 2649 ’Δντίχριστος
1610 2580 1851 2652 ποιήσει,
1880 2581 1931 2636 τί

349 2661 406 2716 δέ
445 2663 536 2717 καὶ
570 2664 755 2734 μέλλει
786 2665 1094 2720 πείσεσθαι.

421 2784 534 2844 κς·¹.
582 2780 889 2852 Πρόρῤησις
918 2779 1029 2834 τῶν
1060 2781 1362 2852 μελλόντων
1381 2786 1447 2855 τῇ
1484 2783 1842 2859 Ἰερουσαλὴμ
1874 2788 1932 2842 ἐν

351 2871 416 2940 τῇ
470 2871 735 2942 πορθήσει
788 2873 1170 2944 συμϐήσεσθαι
1221 2875 1463 2929 καὶτῶν
1515 2876 1791 2946 ἐσομένων
1846 2879 1934 2933 διὰ

355 2962 647 3031 μετανοίας
694 2964 1025 3033 σωζομένοις
1056 2966 1297 3034 ἀγαθῶν,
1331 2967 1480 3031 ὅπως
1527 2969 1684 3022 αὐτοὶ
1725 2970 1823 3040 μὲν
1853 2972 1932 3035 εἰς

352 3058 451 3125 τὴν
483 3054 637 3120 τάξιν
664 3056 773 3110 τῶν
814 3057 1037 3120 δικαίων
1070 3056 1451 3130 ἀναϐήσονται,
1488 3061 1570 3124 είς
1599 3060 1655 3114 δὲ
1695 3063 1794 3130 τὴν
1826 3064 1935 3116 τῶν

352 3146 597 3214 ἀγγέλων
629 3149 677 3199 οἱ
715 3147 933 3201 δίκαιοι.

423 3239 524 3303 κζ’.
581 3240 891 3309 Προφητεία
918 3241 1192 3307 ἀπωλείας
1217 3243 1508 3315 δαιμόνων,
1539 3246 1751 3316 καὶτῆς
1776 3246 1926 3318 ίσχύ-

358 3348 489 3395 σεως
518 3331 620 3401 τῆς
652 3332 746 3386 ἐπὶ
774 3334 902 3397 τοὺς
945 3335 1172 3405 πιστοὺς
1205 3335 1496 3406 γινομένης
1533 3336 1631 3390 τοῦ
1680 3338 1926 3410 Πνεῦμα·

353 3440 441 3487 τος
462 3439 476 3454 °
507 3425 601 3478 καὶ
645 3424 752 3478 τῶν
792 3425 1067 3496 ἐσομένων
1093 3428 1152 3480 ἐν
1176 3427 1255 3497 τῷ
1297 3427 1475 3498 καιρῷ
1500 3429 1597 3500 τῆς
1627 3431 1938 3496 συντελείας

354 3517 468 3581 τοῖς
512 3516 787 3579 Ἰουδαίοις
814 3517 1003 3571 κακῶν
1022 3534 1037 3550 ο
1068 3517 1304 3572 εἰδώλων
1328 3535 1388 3572 τε
1428 3520 1523 3574 καὶ
1549 3520 1644 3574 τοῦ
1689 3522 1938 3592 πνεύμα-

354 3625 445 3672 τος
476 3609 576 3679 τῆς
610 3608 818 3680 πλάνης
865 3609 1265 3684 όλοθρεύσεως·
1305 3611 1398 3665 καὶ
1449 3609 1540 3666 οἷα
1586 3611 1664 3683 τῷ
1714 3614 1941 3685 Χριστῷ

355 3698 612 3770 ἐξαίρετα
640 3701 1039 3772 προφητεύοντι
1064 3704 1217 3775 παρὰ
1242 3704 1337 3759 τοῦ
1364 3703 1497 3758 λαοῦ
1525 3704 1634 3759 τῶν
1668 3704 1938 3760 Ἰουδαίων

357 3792 666 3861 γενήσεται.

429 3889 537 3954 κη’.
591 3884 906 3956 Προφητεία
934 3886 1029 3940 τοῦ
1062 3890 1398 3944 Δεσποτικοῦ
1431 3889 1687 3963 σταυροῦ,
1719 3890 1813 3945 καὶ
1840 3892 1939 3961 τῆς

358 3973 640 4045 ἀρνήσεως
671 3972 768 4027 τοῦ
800 3975 1030 4047 Πέτρου,
1076 3978 1172 4032 καὶ
1209 3978 1310 4049 τῆς
1334 3980 1445 4034 τῶν
1478 3981 1795 4037 ἀποστόλων
1822 3981 1939 4035 δια-

361 4065 591 4135 σπορᾶς,
637 4065 731 4117 καὶ
780 4065 877 4134 τῆς
926 4066 1035 4121 τῶν
1092 4068 1363 4124 Ἰουδαίων
1405 4070 1795 4142 ὀλοθρεύσεως,
1847 4071 1942 4125 καὶ

358 4155 721 4228 προσλήψεως
743 4155 852 4211 τῶν
884 4158 943 4212 ἐν
972 4159 1155 4223 αὐτοῖς
1185 4161 1470 4215 σωθέντων
1506 4162 1575 4216 δι’
1607 4162 1939 4234 ἐξομολογή-

360 4262 520 4310 σεως,
551 4247 648 4300 καὶ
670 4246 906 4318 Χριστοῦ
938 4250 1292 4321 στρατηγίας,
1322 4251 1390 4320 ήν
1420 4250 1557 4323 πρὸς
1582 4254 1707 4316 τοὺς
1748 4253 1940 4325 δαίμο-

358 4358 456 4405 νας
490 4341 629 4412 ὑπὲρ
652 4343 750 4411 τῆς
778 4341 1052 4413 σωτηρίας
1081 4343 1190 4397 τῶν
1220 4342 1391 4397 ἐθνῶν
1419 4346 1842 4416 παρατάττεται.

429 4431 534 4486 κθ’.
574 4432 891 4505 Πρόρῤησις
932 4434 1029 4506 τῆς
1071 4433 1164 4488 τοῦ
1216 4434 1453 4507 Χριστοῦ
1499 4437 1841 4509 ἀναλήψεως,
1882 4439 1943 4505 ἐξ

2028 1910 2084 1956 et
2137 1900 2387 1965 Herodis,
2427 1901 2561 1970 legis
2625 1909 2739 1953 tum
2793 1898 3012 1969 scriptae
3056 1908 3171 1952 tum
3237 1895 3506 1951 naturalis
3552 1896 3606 1949 in

2028 1994 2303 2048 Christum
2342 1992 2875 2058 transformationis;
2909 1993 3200 2061 utriusque
3228 1988 3574 2045 instauratio.

2099 2198 2287 2255 XXIV.
2321 2197 2651 2253 Vaticinium
2677 2195 2947 2252 futur-eein
2982 2193 3237 2267 gentibus
3261 2190 3610 2264 cognitionis.

2030 2302 2083 2348 ct
2105 2293 2464 2364 apparitionis
2493 2290 2709 2346 Domini
2748 2307 2764 2358 ;
2791 2298 2847 2345 et.
2875 2286 3150 2344 accusatio
3175 2285 3449 2357 quomodo
3485 2286 3610 2341 nul-

2031 2385 2137 2440 lius
2186 2385 2343 2455 pretii
2376 2384 2552 2438 visum
2595 2391 2681 2439 est
2721 2390 3006 2452 argentum
3045 2379 3189 2451 ejus,
3222 2377 3436 2434 scilicet
3484 2393 3611 2434 cum

2030 2476 2232 2547 populo
2260 2475 2573 2531 Iudaeorum
2605 2475 2805 2530 foedus.

2103 2565 2267 2622 XXV.
2298 2568 2628 2623 Vaticinium
2655 2568 2787 2638 quid
2826 2565 3193 2622 Antichristus
3220 2563 3467 2619 facturus
3517 2558 3611 2624 sit,

2032 2662 2172 2732 quid
2205 2677 2337 2717 vero
2371 2676 2653 2732 passurus.

2108 2772 2294 2832 XXVI.
2327 2774 2613 2830 Praedictio
2640 2788 2828 2829 eorum
2847 2789 2967 2845 qua:
2986 2772 3288 2829 Jerusalem
3315 2770 3371 2825 in
3399 2768 3613 2824 destru-

2035 2867 2220 2924 ctione
2261 2875 2666 2938 superventura
2707 2872 2858 2931 sunt,
2889 2874 2944 2922 et
2981 2867 3253 2922 bonorum
3303 2863 3611 2919 futurorum

2038 2961 2125 3016 bis
2151 2960 2243 3031 qui
2287 2977 2386 3031 per
2420 2959 2802 3030 paenitentiam
2833 2960 2965 3016 salvi
3000 2958 3239 3013 faciendi
3279 2964 3441 3020 sunt;
3471 2967 3611 3024 quo-

2040 3053 2201 3108 modo
2231 3053 2284 3106 bi
2308 3052 2528 3122 quidem
2562 3051 2618 3105 in
2650 3050 2901 3107 ordinem
2928 3050 3226 3121 justorum,
3262 3047 3397 3119 justi
3429 3053 3614 3100 autem

2042 3144 2097 3197 in
2131 3143 2382 3198 ordinem
2405 3145 2722 3215 angelorum
2761 3144 3081 3199 ascendent.

2113 3234 2329 3311 χχιιι
2364 3233 2698 3290 Vaticinium
2727 3233 3052 3305 perditionis
3073 3233 3481 3296 dtemonum,et
3501 3231 3616 3287 for-

2042 3328 2292 3384 titudinis
2318 3343 2417 3395 per
2443 3327 2708 3397 Spiritum
2748 3326 3000 3382 ﬁdelibus
3022 3325 3239 3390 futurae,
3273 3324 3615 3380 etmalorum

2038 3421 2239 3477 Judaeis
2267 3420 2573 3476 futumrum
2617 3419 2671 3473 in
2696 3427 2940 3489 tempore
3003 3415 3512 3483 consummationis,
3561 3423 3618 3469 et

2039 3515 2216 3570 ruina:
2254 3514 2526 3570 idolorum
2587 3522 2642 3567 et
2685 3511 2923 3585 Spiritus
2966 3508 3190 3575 erroris,
3253 3518 3309 3563 et
3366 3522 3615 3577 quaenam

2037 3609 2260 3666 Christo
2311 3606 2513 3664 eximia
2566 3605 2915 3678 prophetanti
2965 3619 2994 3657 a
3044 3603 3244 3674 popqu
3303 3601 3615 3657 Judaeorutu

2038 3702 2191 3758 ﬁent.

2111 3882 2356 3939 XXVIII.
2375 3882 2709 3940 Vaticinium
2742 3884 2926 3940 crucis
2954 3884 3272 3948 Dominicaa.
3296 3896 3353 3942 et
3374 3888 3591 3958 negatio
3616 3922 3620 3928 ο

2039 3974 2126 4030 nis
2153 3974 2324 4042 Petti,
2360 3983 2417 4029 et
2446 3972 2803 4044 dispersionis
2832 3974 3225 4045 apostolorum,
3271 3984 3329 4031 et
3353 3975 3618 4047 perditio~

2039 4066 2126 4122 nis
2154 4065 2491 4129 Judaeorum,
2538 4073 2599 4120 et
2624 4066 2960 4137 acceptionis
2990 4082 3178 4122 eorum
3233 4068 3327 4139 qui
3380 4083 3445 4123 ex
3486 4068 3619 4141 ipsis

2041 4174 2138 4229 per
2192 4156 2593 4213 confessionem
2630 4155 2822 4212 salvati
2870 4156 3093 4221 fuerint,
3161 4166 3217 4212 et
3260 4157 3619 4228 expeditionis

2040 4248 2246 4305 Christi
2274 4264 2435 4319 quam
2458 4258 2648 4304 contra
2687 4248 2966 4303 daemones
2999 4258 3223 4320 pr0pter
3255 4249 3499 4321 gentium
3527 4265 3612 4305 sa-

2040 4343 2209 4397 lutem
2243 4341 2505 4410 disponit.

2115 4433 2307 4490 XXIX.
2332 4433 2618 4490 Praedictio
2670 4433 3079 4505 Assumptionis
3127 4434 3353 4501 Christi,
3411 4449 3478 4489 ex
3510 4450 3618 4504 qua

359 4518 428 4592 ἧς
452 4522 515 4576 τὸ
547 4527 842 4596 μυστήριον
874 4526 954 4589 εἰς
990 4526 1088 4580 ὅλα
1138 4527 1418 4597 μερίζεται
1471 4528 1573 4598 τῆς
1613 4531 1931 4602 οἰκουμένης

2041 4527 2359 4600 mysterium
2408 4526 2751 4582 distribuitur
2783 4528 2837 4580 in
2886 4526 3138 4581 universa
3194 4527 3342 4581 orbis
3381 4525 3617 4593 climata,

358 4614 427 4667 τὰ
451 4614 693 4684 κλίματα
714 4632 727 4646 ·
754 4619 849 4671 καὶ
875 4620 1181 4690 προφητεία
1219 4618 1327 4673 τῶν
1354 4620 1626 4690 ἐσομένων
1656 4623 1714 4675 ἐν
1741 4624 1936 4695 ἐκείνῳ

358 4703 438 4775 τῷ
466 4705 643 4776 καιρῷ
673 4707 991 4779 θαυμάτων,
1023 4712 1128 4764 καὶε
1159 4711 1260 4780 τῆς
1291 4711 1402 4766 τῶν
1433 4712 1603 4766 ἐθνῶν
1636 4713 1935 4783 ὑποταγῆς,

360 4798 455 4852 καὶ
506 4799 859 4872 Ἰερουσαλήμ
885 4802 985 4872 τῆς
1028 4802 1154 4865 νέας
1189 4804 1582 4876 κατοικήσεως.

430 4908 497 4965 λ’.
555 4910 782 4980 Ἀπειλὴ
815 4914 956 4967 κατὰ
987 4913 1096 4968 τῶν
1144 4914 1220 4986 μὴ
1248 4916 1692 4988 ἐπιστρεψάντων
1725 4917 1896 4973 ἐθνῶν
1920 4934 1934 4948 ’

360 5001 457 5055 καὶ
504 5001 757 5072 διήγησις
794 5003 890 5056 τοῦ
947 5004 1180 5059 πλούτου
1230 5007 1340 5061 τῶν
1387 5008 1935 5081 ἐξομολογουμένων

360 5094 456 5146 καὶ
486 5095 762 5164 ἀπόφασις
790 5097 934 5151 κατὰ
962 5096 1071 5153 τῶν
1100 5099 1211 5170 ἅμα
1224 5100 1464 5171 ρτωλῶν,
1491 5101 1568 5164 ὡς
1598 5101 1937 5171 πεισομένων

359 5188 473 5249 τοῖς
506 5187 764 5243 ἀσεϐέσιν
793 5189 975 5257 ὃμοια.

431 5276 532 5330 λα’.
591 5279 907 5350 Προφητεία
940 5282 1251 5352 ἀφανισμοῦ
1285 5283 1495 5354 πλάνης
1526 5283 1793 5355 ἐσομένης
1827 5286 1938 5348 τοῖς

362 5364 576 5421 ἔθνεσι*
614 5371 1065 5445 καὶ.πρόρρησις
1099 5375 1199 5444 τῆς
1248 5377 1306 5429 ἐν
1335 5376 1519 5439 αὐτοῖς
1565 5377 1938 5447 φυτευομένης

362 5460 622 5522 πίστεως,
660 5461 726 5515 δι’
759 5463 827 5532 ἢν
875 5464 976 5516 οὐκ
1022 5465 1102 5518 ἐτι
1145 5467 1244 5536 τὴν
1282 5466 1593 5538 διαϐολικὴν
1637 5467 1937 5522 ἀπελασίαν

360 5548 683 5606 δεδοίκασιν.

432 5640 532 5710 λβ’.
600 5642 823 5714 Ἀπειλὴ
853 5645 995 5697 κατὰ
1021 5646 1131 5699 τῶν
1159 5647 1234 5719 μὴ
1260 5649 1720 5719 παραδαλλόντων
1746 5652 1811 5722 τῇ
1840 5651 1938 5722 νέᾳ

372 5733 751 5807 Ἰερουσαλήμ,
779 5734 923 5790 ὥστε
954 5736 1023 5791 τὰ
1052 5738 1148 5792 νέα
1178 5740 1271 5794 τοῦ
1298 5740 1536 5811 Χριστοῦ
1570 5743 1937 5812 πανηγυρίσαι

363 5829 672 5899 μυστήρια·
720 5830 814 5884 ml.
846 5830 1170 5903 πρόρρησις,
1207 5832 1283 5904 τῷ
1323 5833 1666 5904 εὐαγγελικῷ
1703 5834 1848 5904 λόγῳ
1868 5835 1936 5888 τὰ

2042 4628 2099 4674 et
2127 4618 2445 4674 vaticinium
2486 4617 2796 4673 futurorum
2842 4634 2909 4674 eo
2938 4626 3183 4688 tempore
3207 4617 3616 4685 miraculorum,

2041 4723 2098 4769 et
2124 4712 2485 4783 subiectionis
2519 4711 2790 4785 gentium,
2811 4720 2867 4766 et
2895 4710 3250 4766 habitationis
3280 4725 3436 4765 nova:
3461 4709 3618 4765 Iern,-

2041 4804 2241 4860 salem.

2110 4914 2279 4971 XXX.
2312 4916 2473 4972 Minae
2499 4917 2553 4972 in
2600 4931 2695 4973 eos
2728 4919 2822 4987 qui
2852 4932 2918 4972 ex
2947 4914 3199 4988 gentibus
3230 4929 3340 4969 non
3369 4914 3618 4970 conversi

2041 5008 2267 5075 fuerint,
2309 5020 2365 5064 et
2386 5010 2655 5079 espositio
2684 5009 2993 5066 divitiarum
3035 5022 3224 5063 eorum
3259 5007 3351 5077 qui
3381 5004 3615 5060 confessi

2041 5097 2267 5164 fuerint,
2305 5110 2361 5156 et
2387 5103 2657 5156 sententia
2686 5111 2878 5158 contra
2898 5100 3453 5172 peccatores,.eadem
3504 5100 3615 5155 sci-

2041 5191 2168 5246 licet
2197 5206 2456 5261 passuros
2475 5208 2599 5248 esse
2625 5209 2747 5264 quae
2777 5194 2951 5264 impii.

2110 5283 2301 5339 XXXI.
2339 5283 2669 5340 Vaticinium
2700 5285 2769 5340 de
2785 5301 2970 5340 errore
2986 5285 3263 5356 gentilium
3294 5282 3613 5343 auferendo.

2039 5383 2095 5429 et
2127 5373 2408 5443 praedictio
2435 5373 2504 5428 de
2525 5374 2815 5444 plantanda
2850 5376 2995 5430 inter
3021 5390 3117 5429 eos
3144 5373 3271 5439 fide,
3312 5388 3475 5444 quam
3504 5389 3618 5428 am-

2039 5469 2180 5539 plexi
2213 5467 2360 5523 haud
2393 5467 2626 5538 amplius
2654 5468 2857 5524 diaboli
2885 5469 3320 5539 persecutionem
3361 5466 3576 5521 timent.

2107 5650 2324 5706 XXXII.
2346 5649 2503 5706 Minas
2521 5613 2708 5706 contra
2727 5666 2822 5706 eos
2842 5653 2935 5721 qui
2951 5668 3058 5706 non
3074 5651 3437 5707 adhaerebunt
3456 5666 3613 5707 novat

2037 5737 2364 5805 Jerusalem,
2399 5739 2471 5794 ita
2507 5748 2568 5795 ut
2596 5754 2739 5793 nova
2760 5738 2966 5793 Christi
2999 5738 3278 5794 celebrent
3323 5739 3613 5811 mysteria,

2039 5842 2094 5889 et
2114 5832 2396 5905 praedictio
2421 5832 2612 5904 gentes
2636 5831 2951 5904 evangelico
2977 5831 3145 5889 verbo
3163 5831 3456 5890 frenandas
3473 5831 3617 5887 fore.
