4044 6228
396 324 534 388 Ὶ367

1578 344 1939 408 IIESYCIIII
1994 350 2461 415 PRESBYTERI

3510 344 3650 410 1368

394 453 450 495 et
477 442 532 497 in
567 442 892 501 immensum
927 464 1278 520 progressum
1306 467 1430 510 esse
1451 453 1652 515 Christi
1691 463 1967 532 mysteria.

2079 464 2202 537 ἔθνη
2249 466 2716 537 χαλινωθήσεσθαι
2763 464 2855 520 καὶ
2888 463 3156 536 πρόκοψιν
3190 457 3270 527 εις
3304 462 3508 534 πλῆθος
3549 462 3646 516 τοῦ

466 620 755 680 Zacharias
783 624 1051 697 signiﬁcat
1079 634 1334 688 memoria
1369 635 1630 692 Altissimi
1655 638 1771 695 sive
1807 642 1972 696 victor

393 711 577 767 leonis.
598 713 695 769 llic
717 725 835 772 erat
867 719 934 774 de
953 736 1154 791 genere
1169 722 1336 790 Levi;
1371 734 1532 781 natus
1559 738 1645 784 est
1670 730 1722 783 in
1748 730 1968 790 Gal-uad.

395 803 460 856 Et
484 806 709 861 veniens
725 822 792 862 ex
818 808 1074 868 Chaldaea
1091 812 1206 883 jam
1223 817 1575 885 grandaevus,
1594 829 1783 877 etcum
1803 825 1971 879 multa

395 896 596 965 templo
627 899 959 957 vaticinatus
982 916 1150 973 esset,
1173 906 1291 962 haec
1306 908 1457 964 dedit
1474 910 1529 964 in
1546 910 1972 970 demonstratio-

391 1002 545 1042 nem.
575 989 720 1045 Dixit
746 993 814 1048 ad
850 993 1083 1052 Josedec
1110 998 1238 1067 quia
1260 999 1444 1071 gignet
1467 1001 1635 1057 ﬁlium
1661 1014 1715 1060 et
1737 1005 1790 1059 in
1811 1005 1971 1061 Jeru-

393 1081 561 1134 salem
622 1084 949 1141 sacriﬁcabit
990 1088 1043 1142 in
1106 1098 1289 1160 typum
1346 1095 1461 1148 veri
1512 1098 1829 1153 sacerdotis.
1872 1099 1972 1154 Hic

392 1186 610 1240 quoque
656 1172 917 1230 Salathiel
949 1178 1017 1231 de
1056 1178 1168 1235 filio
1237 1181 1538 1249 benedixit,
1587 1194 1642 1241 et
1680 1202 1879 1242 nomen
1920 1191 1970 1242 ci

396 1261 700 1318 Zorohabel
731 1267 1011 1337 imposuit.
1030 1281 1104 1334 et,
1121 1284 1380 1343 regnante
1399 1275 1560 1346 Cyro,
1583 1277 1727 1332 dedit
1754 1279 1969 1348 signum

396 1351 452 1406 in
481 1355 763 1410 victoriam
803 1374 815 1409 :
866 1368 919 1413 et
965 1363 1314 1431 prophetavit
1360 1365 1428 1420 de
1479 1367 1784 1423 ministerio
1832 1371 1968 1439 ejus,

398 1446 543 1511 quod
568 1447 910 1516 perfecturus
935 1462 1052 1506 erat
1080 1454 1132 1508 in
1162 1454 1466 1511 Jerusalem
1504 1465 1560 1512 et
1612 1460 1763 1515 valde
1805 1461 1971 1515 bene-

399 1535 537 1591 dixit
570 1538 638 1590 ci.
667 1538 810 1593 Vidit
860 1551 1039 1596 autem
1080 1547 1510 1616 propositionem
1542 1549 1879 1618 Jerusalem;
1917 1562 1971 1608 et

398 1628 568 1684 edidit
593 1631 935 1700 prophetiam
964 1635 1032 1689 de
1064 1635 1169 1692 ﬁne
1200 1638 1386 1705 Israel,
1413 1640 1480 1696 de
1514 1641 1673 1696 initio
1701 1645 1968 1714 gentium,

398 1720 466 1775 de
494 1720 602 1801 ﬁne
622 1724 805 1795 templi
832 1727 1058 1797 ejusque
1089 1745 1115 1783 a
1146 1729 1515 1790 fundamentis
1544 1736 1723 1801 ruina,
1750 1737 1817 1793 de
1852 1753 1967 1793 ees-

2073 557 2312 627 Χριστοῦ
2342 559 2410 611 τὰ
2444 558 2737 627 μυστήρια.

2142 650 2418 719 Ζαχαρίας
2439 649 2800 720 ἑρμηνεύεται
2820 647 3029 717 μνήμη
3072 647 3387 715 Ὑψίστου,
3413 644 3445 716 ἦ
3474 660 3638 710 νικη-

2072 739 2183 807 τὴς
2209 742 2479 806 λέοντος.
2506 736 2676 804 Οὗτος
2705 736 2776 812 ἦν
2802 742 2866 794 ὲκ
2887 740 3079 809 γένους
3107 739 3262 800 Acut,
3291 736 3556 808 ἐγεννήθη
3583 738 3640 790 ἐν

2072 832 2321 886 Γαλαάδ·
2361 834 2456 886 καὶ
2510 833 2678 886 ἐλθὼν
2716 832 2825 886 ἀπὸ
2870 831 3174 894 Χαλδαίων,
3221 830 3324 902 ἤδη
3368 828 3640 901 προϐεϐη-

2073 924 2211 990 κὼς,
2245 924 2339 979 καὶ
2385 924 2560 977 πολλά
2589 922 2668 994 τῷ
2709 923 2823 993 ναῷ
2858 920 3264 993 προφητεύσας,
3309 921 3511 975 ἔδωκεν
3560 921 3638 983 είς

2071 1014 2350 1082 ἀπόδειξιν
2395 1013 2603 1078 οὕτως·
2637 1010 2760 1067 εἷπε
2809 1013 2891 1084 τῷ
2944 1011 3212 1077 Ἰωσεδὲκ,
3263 994 3349 1064 ὅτι
3397 1012 3640 1080 γεννήσει

2073 1107 2209 1167 υἱὸν.
2246 1107 2337 1160 καὶ
2372 1108 2430 1160 ὲν
2487 1106 2849 1176 Ἰερουσαλὴμ
2882 1104 3209 1175 ίερατεύσει,
3246 1105 3329 1166 εἰς
3358 1103 3523 1155 τύπον
3547 1102 3641 1154 τοῦ

2072 1195 2289 1265 ἀληθῶς
2316 1196 2637 1268 ἀρχιερέως.
2674 1190 2841 1258 Οὗτος
2875 1197 2967 1247 καὶ
2989 1194 3082 1246 τὸν
3112 1193 3384 1264 Σαλαθιήλ
3417 1193 3509 1245 ἐπὶ
3541 1192 3639 1260 υἱῷ

2072 1287 2356 1358 εὐλόγησε,
2392 1289 2483 1341 καὶ
2514 1287 2573 1340 τὸ
2616 1287 2786 1357 ὄνομα
2819 1286 2986 1339 αὑτοῦ
3024 1284 3332 1353 Ζοροϐάϐελ
3366 1284 3636 1354 ἐπέθηκε·

2073 1380 2168 1432 καὶ
2191 1381 2285 1432 ἐπὶ
2314 1378 2499 1449 Κύρου
2524 1378 2691 1449 τέρας
2719 1378 2920 1433 ἔδωκεν
2946 1379 3026 1440 εἰς
3053 1379 3202 1440 νῖκος
3221 1393 3235 1407 ·
3269 1376 3361 1428 καὶ
3390 1375 3517 1444 περὶ
3541 1374 3640 1445 τῆς

2072 1469 2412 1540 λειτουργίας
2442 1469 2608 1522 αὑτοῦ
2640 1470 3065 1540 προεφήτευσεν,
3098 1467 3164 1538 ἦν
3193 1468 3409 1537 ποιήσει
3448 1466 3504 1520 ὲν
3543 1465 3639 1517 Ἱε-

2075 1562 2380 1633 ρουσαλὴμ,
2415 1563 2511 1615 καὶ
2548 1562 2839 1631 εὐλόγησεν
2889 1560 3050 1614 αὐτὸν
3082 1560 3309 1629 σφόδρα.
3342 1557 3415 1612 Τὸ
3450 1557 3507 1611 δὲ
3543 1556 3642 1626 τῆς

2073 1654 2383 1725 προθέσεως
2413 1648 2555 1709 εἶδεν
2596 1653 2957 1725 Ἰερουσαλήμ
2980 1669 2995 1685 ο
3026 1653 3118 1706 ναὶ
3157 1653 3284 1722 περὶ
3321 1650 3507 1713 τέλους
3551 1648 3639 1703 Ἰσ-

2077 1747 2236 1819 ραὴλ,
2268 1748 2362 1802 καὶ
2396 1748 2572 1819 ἀρχῆς
2628 1746 2819 1810 ἐθνῶν,
2870 1746 2964 1799 καὶ
3013 1744 3199 1808 τέλους
3238 1743 3334 1797 τοῦ
3370 1741 3521 1808 ναοῦ,
3566 1741 3641 1803 ὡς

398 1800 609 1910 satione
628 1817 1037 1885 prephetarum,
1054 1831 1106 1877 et
1129 1825 1493 1892 sacerdotum,
1513 1835 1569 1881 et
1585 1800 1968 1895 Sahhatorum,

2079 1800 2359 1910 θεμελίων
2378 1800 2787 1910 καῖτλαστροφῆς,
2807 1800 2929 1891 ’καὶ
2977 1800 3519 1906 εἰιργίαςῠπροςρητῶν⁷
3548 1800 3643 1885 καί

332 1933 339 1939 -
397 1910 454 1955 ct
480 1904 546 1958 de
578 1905 780 1977 duplici
806 1909 1032 1978 judicio.
1078 1912 1145 1968 Et
1180 1925 1427 1971 mortuus
1459 1927 1545 1972 est
1578 1918 1632 1973 in
1689 1929 1970 1976 senectute

399 2009 611 2067 magna,
633 2007 688 2053 et
704 1999 963 2058 deﬁciens
992 2006 1240 2075 sepultus
1268 2016 1352 2062 est
1370 2022 1539 2081 prope
1570 2009 1849 2080 Aggaaum.

642 2262 891 2321 CAPITA
917 2267 1293 2326 MALACHUE
1334 2270 1747 2331 PROPIIETAS.

472 2368 514 2429 l.
550 2374 706 2442 Quod
742 2378 886 2437 Deus
930 2381 1209 2439 hominem
1239 2387 1433 2459 diligit,
1461 2398 1748 2443 aversatur
1786 2399 1969 2445 autem

399 2472 455 2519 et
486 2467 601 2523 odit
636 2469 1019 2538 diabolum..Et
1052 2477 1359 2549 objurgatio
1414 2479 1470 2534 in
1506 2480 1693 2547 Israel,
1719 2496 1788 2537 eo
1828 2482 1972 2552 quod

404 2556 512 2613 Deo
550 2569 609 2615 ut
642 2559 928 2629 Salvatori,
956 2583 1133 2639 neque
1159 2582 1219 2625 ut
1247 2572 1472 2628 Domino
1498 2584 1868 2630 accesserunt.

470 2732 848 2802 ILAccusatio
880 2752 1224 2807 sacerdotum
1276 2753 1651 2822 Judaicorum,
1710 2774 1776 2813 eo
1830 2760 1978 2830 quod

405 2831 667 2888 sacriﬁcia
713 2836 1085 2895 adulterantes
1114 2883 1127 2907 ,
1185 2844 1372 2898 altaria
1428 2845 1867 2915 inquinavvrunt.
1917 2850 1979 2904 Et

407 2924 723 2983 vaticinium
744 2932 964 3002 pietatis
997 2935 1238 3005 gentium
1265 2953 1278 3003 ;
1307 2944 1360 2990 et
1382 2937 1541 2991 minae
1573 2938 1624 2992 in
1643 2953 1736 2993 eos
1757 2940 1847 3009 qui
1871 2939 1981 2994 Deo

407 3014 551 3070 bona
572 3020 913 3089 promittunt,
940 3039 1106 3094 prava
1140 3034 1323 3081 autem
1349 3042 1446 3097 pro
1465 3027 1544 3082 eis
1585 3027 1891 3097 proferunt.

506 3202 576 3256 ll.
603 3202 852 3260 Minae’in
890 3209 1198 3264 sacerdotes
1238 3208 1513 3275 Judaicos,
1557 3210 1763 3267 scilica
1804 3211 1981 3266 foedus

410 3308 533 3348 cum
570 3294 702 3364 ipsis
754 3296 952 3352 initum
986 3300 1308 3369 dissipatum
1351 3302 1437 3356 iri.

478 3385 565 3441 IV.
602 3383 929 3443 Vaticinium
977 3391 1043 3446 de
1088 3390 1308 3448 Christo
1340 3403 1395 3450 et
1424 3395 1583 3448 minae
1611 3379 1801 3450 contra
1836 3395 1983 3465 prin-

411 3473 559 3544 cipes
593 3474 926 3546 Judanrum,
961 3496 1026 3537 eo
1069 3485 1212 3553 quod
1250 3500 1412 3541 causa
1443 3484 1646 3539 fuerint
1676 3497 1982 3558 transgres-

411 3564 581 3621 sionis
608 3565 761 3640 legis.

480 3657 545 3714 V.
586 3660 963 3732 Reprehensio
996 3676 1184 3721 contra
1220 3666 1457 3733 Iudaeos,
1518 3669 1646 3738 quia
1685 3668 1982 3725 fraternam

408 3752 757 3812 dilectionem
782 3775 893 3814 non
921 3772 1276 3817 servaverunt
1308 3805 1323 3828 ,
1360 3773 1415 3818 et
1441 3764 1757 3820 maledictio
1793 3767 1846 3819 in
1888 3782 1983 3820 vo-

408 3843 662 3914 luptuose
684 3850 934 3906 viventes
958 3863 1007 3907 et
1033 3853 1371 3919 idololatras,
1387 3862 1443 3909 et
1462 3870 1521 3909 ea
1539 3854 1835 3910 oll‘erentes
1857 3872 1983 3926 pro-

410 3944 531 4003 pter
553 3940 673 4007 (tua!
706 3944 1031 4011 gemuerunt
1058 3944 1172 3999 alii.
1754 3930 1771 3947 ⁶

479 4026 996 4087 VLBememoratio
1019 4035 1299 4090 muliebris
1327 4036 1462 4106 legis
1503 4052 1531 4090 a
1573 4036 1682 4089 Deo
1732 4039 1871 4093 datm
1916 4039 1982 4094 de

406 4121 677 4192 conjugio.
695 4133 750 4177 et
766 4127 1121 4194 reprehensio
1145 4144 1334 4182 eorum
1362 4128 1453 4198 qui
1475 4128 1789 4183 existimant
1809 4128 1980 4184 Deum

409 4212 566 4267 malis
597 4214 877 4270 delectari.

486 4300 595 4356 Vll.
635 4302 920 4360 Pradictio
961 4304 1207 4370 Joannis,
1247 4308 1623 4377 przecursoris,
1660 4311 1981 4379 praesentize,

406 4402 462 4447 et
478 4391 776 4449 Salvatoris
793 4396 1081 4463 adventus,
1103 4409 1158 4453 et
1185 4415 1433 4468 quaenam
1465 4400 1722 4455 miracula
1752 4401 1983 4456 veniens

406 4486 742 4556 operahitur.

476 4577 612 4631 Vill.
648 4578 940 4634 Accusatio
965 4577 1315 4634 Judaicorum
1354 4580 1660 4650 principum
1693 4590 1750 4635 et
1791 4580 1976 4650 populi

407 4678 634 4738 propter
655 4671 872 4725 crebras
904 4671 1375 4740 praevaricationes
1402 4688 1414 4724 :
1447 4679 1503 4726 et
1540 4672 1981 4742 ingratitudiuem

413 4777 511 4831 pro
539 4761 694 4815 bonis
722 4762 963 4832 antiquis
984 4763 1291 4819 denuntiat.

477 4944 572 5001 1X.
603 4944 873 4999 Allocutio
906 4944 1076 5014 ipsius
1098 4944 1191 4997 Dei
1227 4945 1291 4998 ad
1320 4944 1499 5013 justos
1519 4960 1585 4997 eo
1611 4945 1757 5013 quod
1792 4959 1980 5013 pecca-

410 5047 556 5093 tores
583 5036 778 5101 melius
802 5036 1000 5091 habere
1028 5045 1450 5103 conquerantur.
1488 5035 1551 5089 Et
1577 5035 1864 5104 promissio
1887 5036 1984 5089 bo-

409 5144 602 5184 norum
633 5143 753 5196 quae
793 5127 978 5181 futura
1014 5137 1141 5181 sunt
1170 5125 1354 5194 justis,
1389 5137 1445 5181 et
1488 5130 1756 5180 malorum
1800 5125 1979 5188 malis,

411 5216 463 5272 iu
492 5217 695 5275 saeculo
723 5227 979 5282 venturo,
1016 5232 1113 5289 per
1140 5216 1379 5287 priorem
1411 5215 1613 5273 Christi
1646 5217 1963 5271 adventum.

482 5491 549 5549 X.
585 5493 905 5549 Exhortatio
933 5494 1000 5549 ad
1031 5493 1421 5549 recordandum
1444 5507 1632 5547 eorum
1665 5506 1785 5562 qua:
1813 5505 1842 5543 a
1876 5488 1983 5544 Deo

412 5586 558 5641 dicta
596 5595 726 5640 sunt
757 5586 812 5641 in
840 5586 1046 5649 Horeh,
1078 5602 1203 5641 eum
1228 5586 1507 5643 Christum
1534 5587 1588 5641 in
1610 5587 1742 5658 ipsis
1776 5584 1982 5658 signiﬁ-

413 5678 638 5731 caverit.
670 5677 737 5729 Et
754 5676 883 5731 Elia:
909 5676 1201 5733 Tlteshites
1227 5678 1497 5733 adventus
1526 5677 1838 5748 promissio.

2075 1931 2233 2004 ἱερῶν
2277 1932 2370 1986 καὶ
2399 1931 2703 1995 σαϐϐάτων,
2751 1932 2843 1984 καὶ
2876 1930 3069 2000 διπλῆς
3106 1929 3364 1999 κρίσεως,
3408 1925 3641 1993 ἐξέθετο,

2071 2027 2165 2077 καὶ
2194 2024 2468 2078 ἀπέθανεν
2499 2028 2559 2079 έν
2605 2027 2767 2095 γήρει
2805 2023 3025 2096 μακρῷ,
3060 2022 3155 2076 καὶ
3184 2021 3452 2074 ἐκλείπων
3483 2016 3640 2090 ἐτέθη

2077 2115 2337 2186 σύνεγγυς
2364 2115 2458 2170 τοῦ
2501 2116 2775 2186 Ἀγγαίου.

2255 2275 2600 2330 ΚΕΦΑΔΑῙΑ
2658 2272 3022 2330 ΜΑΑΑΧΙΟΥ
3080 2270 3470 2328 ΠΡΟΦΙΙΤΟΥ.

2146 2398 2214 2443 α’.
2276 2388 2399 2444 ’Ότι
2426 2389 2516 2442 τὸν
2544 2388 2827 2460 ἄνθρωπον
2852 2390 2879 2441 ὁ
2915 2387 3045 2451 Θεὸς
3075 2387 3281 2456 ἀγαπᾷ,
3313 2384 3651 2456 ἀποστρέφε-

2076 2500 2165 2536 ται
2191 2482 2247 2535 δὲ
2280 2480 2373 2535 καὶ
2422 2482 2572 2550 μισεῖ
2609 2480 2698 2534 τὸν
2738 2478 3017 2533 διάϐολον·
3072 2479 3165 2531 καὶ
3212 2475 3513 2546 ὀνειδισμὸς
3553 2474 3648 2529 τοῦ

2089 2574 2327 2643 Ἰσραὴλ,
2360 2572 2477 2625 ἀνθ’
2516 2564 2589 2624 ὧν
2626 2571 2705 2642 τῷ
2736 2571 2857 2642 Θεῷ
2897 2571 3017 2625 οὐδὲ
3059 2571 3133 2634 ὡς
3164 2568 3379 2640 Σωτῆρι
3407 2568 3526 2621 οὐδὲ
3573 2566 3652 2631 ῶς

2077 2664 2322 2734 Δεσπότῃ
2348 2662 2671 2733 προσῆλθον.

2153 2754 2216 2823 β’.
2254 2753 2573 2824 Κατηγορία
2598 2752 2707 2805 τῶν
2749 2749 3051 2805 Ἰουδαϊκῶν
3084 2751 3293 2820 ἱερέων,
3330 2747 3416 2816 ἐφ’
3443 2742 3525 2812 οἷς
3552 2747 3656 2810 τὰς

2085 2842 2273 2906 θυσίας
2318 2844 2661 2907 νοθεύοντες,
2716 2842 2940 2911 ὲμίανον
2987 2842 3055 2893 τὰ
3112 2840 3510 2910 θυσιαστήρια·
3559 2838 3658 2891 καὶ

2088 2936 2392 3007 προφητεία
2438 2935 2537 3003 τῆς
2581 2933 2689 2986 τῶν
2733 2932 2903 2987 ἐθνῶν
2937 2931 3282 2995 θεοσεϐείας·
3333 2931 3425 2984 καὶ
3456 2929 3659 2999 ἀπειλὴ

2082 3028 2223 3080 κατά
2250 3027 2474 3091 τούτων,
2495 3027 2691 3089 οἵτινες
2710 3025 3134 3093 ἐπαγγέλλονται
3164 3024 3375 3094 χρηστά
3404 3022 3482 3091 τῷ
3510 3018 3654 3088 Θεῷ,

2086 3117 2264 3185 φαῦλα
2290 3118 2344 3171 δὲ
2373 3118 2484 3171 ἀντ’
2513 3118 2738 3171 ἐκείνων
2768 3117 3117 3186 προφέρουσι.

2155 3210 2224 3278 γ’.
2286 3210 2506 3280 Ἀπειλὴ
2564 3210 2706 3263 κατὰ
2763 3208 2873 3261 τῶν
2937 3207 3242 3261 Ἰουδαϊκῶν
3290 3207 3525 3276 ⁴ίερέων,
3578 3206 3658 3269 ὡς

2088 3301 2389 3373 μελλούσης
2416 3302 2514 3371 τῆς
2550 3302 2685 3371 πρδς
2715 3301 2908 3362 αὐτοῦς
2949 3301 3211 3368 διαθήκης
3240 3298 3658 3369 σκορπίζεσθαι.

2153 3392 2196 3446 δ’
2205 3433 2217 3447 .
2274 3392 2588 3463 Προφητεία
2645 3394 2772 3461 περὶ
2813 3390 3074 3462 Χριστοῦ,
3130 3391 3224 3443 καὶ
3272 3389 3469 3458 ἀπειλὴ
3515 3388 3660 3443 κατὰ

2083 3486 2194 3538 τῶν
2247 3484 2553 3539 Ἰουδαϊκῶν
2598 3484 2874 3555 ἀρχόντων
2908 3483 3026 3537 ἀνθ’
3072 3476 3148 3536 ὧν
3198 3481 3359 3536 αἴτιοι
3408 3480 3662 3549 ἐγένοντο

2082 3576 2183 3645 τῆς
2213 3576 2308 3630 τοῦ
2338 3577 2504 3645 νόμου
2537 3576 2936 3645 παραϐάσεως..

2156 3676 2219 3723 ε’.
2265 3668 2612 3738 Ἐπιτίμησις
2645 3667 2784 3721 κατᾶ
2814 3667 2923 3720 τῶν
2968 3664 3256 3726 Ἰουδαίων,
3287 3665 3368 3718 ὅτι
3406 3664 3504 3734 τὴν
3534 3662 3662 3732 φιλ-

2084 3761 2341 3831 αδελφίαν
2370 3761 2468 3814 οὐκ
2504 3760 2775 3829 ἐφύλαξαν
2795 3776 2808 3790 ·
2839 3761 2934 3812 καὶ
2979 3758 3086 3830 ἀρὰ
3122 3757 3265 3812 κατὰ
3293 3756 3399 3810 τῶν
3448 3757 3662 3826 ﬁum-

2084 3853 2340 3918 θούντων,
2372 3854 2463 3906 καὶ
2493 3850 3045 3920 εἰδωλολατρούντων,
3078 3850 3169 3903 καὶ
3200 3847 3374 3903 ταῦτα
3416 3860 3657 3917 προσφε-

2085 3948 2307 4016 ρόντων,
2340 3945 2425 4013 ἐφ’
2456 3940 2537 4005 οἷς
2575 3943 2862 4008 ὲστέναξαν
2893 3942 3088 4012 ἕτεροι.

2157 4046 2229 4103 ς’.
2296 4039 2626 4107 Ἀνάμνησις
2653 4036 2745 4089 τοῦ
2774 4035 3017 4097 δοθέντος
3048 4032 3199 4102 παρὰ
3223 4031 3355 4085 Θεοῦ
3388 4024 3514 4100 περλ⁵
3551 4028 3659 4099 τῆς

2084 4130 2346 4199 συζυγίας
2391 4130 2487 4183 τοῦ
2533 4128 2845 4198 γυναικείου
2899 4128 3100 4196 νόμου·
3153 4126 3247 4179 καὶ
3280 4125 3498 4193 ἔλεγχος
3542 4121 3659 4175 τῶν

2082 4221 2398 4293 ἡγουμένων
2426 4221 2518 4273 τὸν
2545 4220 2677 4272 Θεὸν
2712 4220 2824 4283 τοῖς
2855 4220 3110 4286 πονηροῖς
3138 4206 3487 4288 ἀρέσκεσθαι.

2154 4312 2220 4375 ζ’.
2272 4310 2585 4382 Προφητεία
2628 4309 2730 4378 τῆς
2789 4309 3031 4363 Ἰωάννου
3057 4307 3149 4359 τοῦ
3181 4305 3489 4376 προδρόμου
3510 4316 3659 4373 παρ-

2082 4402 2299 4464 ουσίας,
2365 4400 2459 4452 καὶ
2508 4400 2607 4469 τῆς
2656 4398 2751 4451 τοῦ
2800 4399 3052 4467 Σωτῆρος
3097 4396 3367 4464 ἀφίξεως,
3420 4394 3517 4448 καὶ
3564 4386 3656 4445 οἷα

2016 4502 2056 4555 υ
2085 4491 2488 4562 θαυματουργεί
2526 4488 2979 4559 παραγινόμενος.

2154 4589 2222 4652 η’.
2277 4580 2597 4650 Κατηγορία
2641 4578 2749 4631 τῶν
2802 4578 3108 4631 Ἰουδαϊκῶν
3154 4574 3501 4644 συναγωγῶν,
3559 4575 3657 4626 καὶ

2083 4674 2175 4725 τοῦ
2228 4672 2358 4724 λαοῦ
2407 4670 2501 4723 ἐπὶ
2558 4670 2777 4732 πολλαῖς
2833 4669 3233 4739 παρανομίαις·
3288 4671 3383 4722 καὶ
3429 4671 3493 4739 τῇ
3546 4667 3659 4720 τῶν

2083 4762 2348 4830 ἀπαρχῶν
2378 4759 2738 4830 ἀγνωμοσύνῃ
2773 4758 3213 4830 ἀδιορθουμένοις
3238 4757 3457 4823 ἀγαθῶν
3484 4759 3658 4827 ἑπαγ-

2085 4854 2274 4920 γε>.ἱαν
2313 4854 2504 4905 ἔδωκε.

2154 4947 2218 4999 θ’.
2263 4946 2507 5009 Atii/.552;
2556 4944 2719 4998 αὑτοῦ
2751 4943 2844 4998 τοῦ
2875 4943 3009 4998 Θεοῦ
3056 4943 3193 5011 πρὸς
3222 4943 3349 5006 τοὺς
3385 4942 3656 5007 δικαίους,

2085 5039 2171 5109 ἐφ’
2216 5032 2297 5102 οἷς
2344 5038 2419 5100 ὡς
2470 5039 2713 5106 κρεῖττον
2755 5036 2862 5089 τῶν
2916 5035 3256 5106 ἁμαρτωλῶν
3305 5034 3657 5106 πραττόντων

2086 5127 2429 5197 ἐμέμφοντο·
2486 5127 2578 5179 καὶ
2628 5126 2919 5194 ὑπόσχεσις
2952 5124 3059 5176 τῶν
3114 5125 3385 5194 ἐσομένων
3433 5122 3657 5191 ἀγαθῶν

2083 5224 2194 5283 τοῖς
2254 5221 2519 5281 δικαίοις,
2581 5218 2832 5287 πονηρῶν
2880 5216 2936 5270 δὲ
2977 5219 3087 5281 τοῖς
3146 5218 3424 5286 πονηροῖς,
3466 5217 3524 5268 ὲν
3576 5214 3660 5286 τῷ

2085 5316 2243 5371 αἰῶνι
2279 5314 2544 5385 μέλλοντι,
2574 5312 2662 5367 διὰ
2704 5313 2801 5380 τῆς
2831 5311 2923 5365 τοῦ
2952 5309 3193 5381 Χριστοῦ
3249 5311 3521 5381 προτέρας
3552 5311 3661 5377 ἀφ-

2087 5408 2259 5473 ίεεως.

2159 5498 2210 5553 ι’.
2268 5500 2618 5570 Παραίνεσις,
2669 5496 2977 5567 μεμνῆσθαι
3008 5494 3116 5548 τῶν
3153 5495 3208 5546 ὲν
3237 5492 3439 5564 Χωρὴϐ
3480 5491 3657 5561 λαληο

2086 5591 2288 5646 θέντων
2342 5590 2492 5659 ποιρά
2525 5591 2682 5652 θεοῦ,
2712 5589 2900 5657 ἐπειδὴ
2949 5589 3038 5640 τὸν
3081 5586 3314 5656 Χριστὸν
3363 5589 3422 5639 ὲν
3469 5584 3655 5645 αὐτοῖς

2088 5683 2469 5752 προσεμήνυσε
2534 5680 2644 5752 [ϊσ.
2700 5676 3110 5749 προεμήνυσε
3181 5678 3275 5730 καὶ
3317 5677 3416 5746 τῆς
3471 5674 3658 5727 Ἡλίου

2087 5773 2181 5826 τοῦ
2210 5774 2469 5827 Θεσϐίτου
2508 5771 2805 5842 παρουσίας
2837 5771 3148 5839 ὑπόσχεσις.
