3968 6220
384 366 521 435 1369

1809 375 1885 436 [Ν
1926 376 2048 436 [SA
2058 379 2219 440 [ΑΜ.

3504 377 3641 441 13⁸10

448 487 741 561 Μαλαχίας
771 488 1133 562 ἑρμηνεύεται
1170 489 1447 561 ἄγγελος.
1480 480 1650 553 Οὗτος
1694 489 1833 561 μετὰ
1860 491 1961 560 τὴν

2139 494 2430 550 Maiachias
2481 494 2752 567 signiﬁcat
2797 494 3048 566 Angelus.
3096 488 3192 548 liic
3231 492 3370 564 'post
3417 491 3654 546 reditum

383 579 723 653 ἐπιστροφὴν
753 581 1001 637 τίκτεται
1028 582 1090 635 ὸν
1114 582 1322 652 Σοφιρᾷ
1363 582 1429 634 ἐκ
1455 580 1647 649 γένους
1684 580 1835 646 Aeci,
1869 584 1962 634 καὶ

2138 586 2455 656 captivitate
2475 596 2634 642 natus
2673 584 2756 642 est
2782 587 2838 641 in
2872 584 3106 656 Sophira
3152 586 3221 641 de
3264 600 3464 657 genere
3495 584 3650 639 Levi.

382 672 464 725 ετι
496 674 641 728 πάνυ
671 673 792 738 νέος
818 671 894 726 ὢν
925 672 1089 726 καλὸν
1128 672 1241 744 βίον
1268 672 1394 743 ἔσχε
1413 687 1428 702 ⁸
1456 673 1550 726 καὶ
1574 671 1769 743 ἐπειδὴ
1793 674 1902 736 πᾶς
1934 672 1967 725 ἁ

384 764 514 829 λαὸς
546 766 710 837 ἐτίμα
739 767 902 821 αὑτὸν
932 766 1009 831 ὡς
1041 765 1333 838 ἄμεμπτον
1362 766 1457 819 καὶ
1495 764 1698 837 πραῢν,
1732 764 1961 819 ἐκάλεσε

386 857 675 926 Μαλαχίαν
722 858 923 926 αὐτὸν,
975 859 1004 913 ὃ
1055 859 1204 911 ἐστιν
1250 856 1509 927 ἄγγελος
1535 872 1553 891 ⁸
1599 853 1668 929 ἦν
1712 856 1821 929 γὰρ
1866 857 1963 912 καὶ

388 952 463 1022 τῷ
491 951 622 1006 είδει
655 951 938 1023 εὐπρεπής
958 969 971 983 ·
1009 950 1149 1005 ἀλλὰ
1181 950 1276 1005 καὶ
1308 949 1367 1013 ὃς
1395 948 1559 1012 αὐτὸς
1587 945 1740 1004 εἶπεν
1770 951 1885 1022 (15)
1905 952 1964 1003 ὲν

394 1045 735 1115 προφητείᾳ,
785 1044 925 1114 αὐτῇ
982 1045 1047 1114 τῇ
1099 1043 1283 1114 ήμέρᾳ
1320 1042 1552 1111 ἄγγελος
1581 1041 1764 1112 ὀφθεὶς
1805 1042 1964 1109 Θεοῦ,

376 1135 742 1206 ’ὲπεδεύτεροι
777 1135 890 1207 (Η)
921 1136 1046 1198 τοὺς
1076 1134 1269 1202 λόγους
1314 1134 1481 1189 αὐτοῦ
1508 1152 1522 1166 ·
1565 1134 1659 1188 τὸν
1701 1133 1760 1187 δὲ
1797 1118 1969 1204 ἄγγε-

392 1223 483 1278 λον
517 1226 693 1289 οὐδεὶς
721 1224 938 1290 ἀνάξιος
973 1224 1223 1297 ἐθεώρει,
1260 1223 1378 1279 ἀλλ’
1412 1224 1533 1295 ἦτοι
1578 1222 1764 1294 φωνὴν
1804 1222 1968 1276 αὑτοῦ

394 1317 559 1387 ἤκουε
599 1317 794 1386 μόνον·
829 1319 878 1370 oi
921 1317 979 1370 δὲ
1009 1317 1151 1383 ἄξιοι
1197 1316 1293 1370 καὶ
1337 1314 1397 1370 τὸ
1429 1311 1568 1378 εἶδος
1611 1314 1775 1369 αὐτοῦ
1808 1314 1975 1368 ἐθεώ-

399 1428 522 1477 ρουν
544 1426 558 1441 ο
588 1409 665 1472 ὡς
692 1409 909 1478 ἐγένετο
934 1413 992 1464 ἐν
1032 1412 1154 1474 ταῖς
1184 1409 1418 1480 ἡμέραις
1445 1408 1541 1479 τῆς
1571 1408 1834 1478 ἀναρχίας
1855 1425 1869 1439 ·
1897 1407 1973 1470 ὡς

396 1501 710 1569 γέγραπται
746 1502 803 1553 ὲν
833 1501 1154 1571 Σχωφετεὶμ
1193 1499 1366 1571 Ἐφάρ
1412 1498 1655 1570 Φωτεὶμ,
1696 1499 1974 1553 τουτέστιν

397 1592 455 1642 ὲν
482 1589 648 1662 βίϐλῳ
680 1591 931 1663 Κριτῶν·
970 1592 1067 1645 καὶ
1104 1592 1184 1645 ἔτι
1214 1591 1333 1655 νέος
1376 1588 1454 1644 ὣν
1488 1588 1797 1662 προσετέθη
1839 1592 1976 1662 πρὸς

398 1683 524 1747 τοὺς
556 1685 801 1755 πατέρας
830 1685 1018 1749 αὑτοῦ,
1048 1687 1105 1738 ὲν
1128 1683 1228 1756 βίῳ
1260 1682 1473 1755 ἀγαθῷ,
1502 1685 1599 1738 καὶ
1629 1681 1807 1754 ὲτάφη
1839 1681 1978 1752 μετᾶ

396 1773 505 1828 τῶν
535 1775 787 1848 πατέρων
813 1776 1003 1831 αὐτοῦ.

558 1934 909 1990 ΚΕΦΛΛᾹΙΑ
948 1935 1206 1989 ΗΣΑΙΟΥ
1243 1934 1382 1989 ΤΟΥ
1420 1932 1813 1988 ΠΡΟΦΗΤΟΥ.

464 2053 538 2109 α’.
577 2050 964 2124 Διαμαρτυρία
1001 2049 1110 2103 τῶν
1151 2048 1432 2120 στοιχείων
1466 2049 1558 2100 ἐπὶ
1583 2050 1650 2116 τῇ
1691 2045 1803 2100 τῶν
1846 2046 1981 2099 ἰου-

401 2142 567 2196 δαίων
598 2142 939 2213 παρανομίᾳ,
964 2144 1060 2194 καὶ
1082 2140 1337 2211 διήγησις
1358 2138 1462 2207 τῆς
1487 2130 1713 2192 ἐκείνων
1740 2138 1978 2209 πληγῆς·

403 2238 498 2292 καὶ
524 2234 840 2308 προφητεία
861 2235 960 2305 τῆς
990 2234 1099 2287 τῶν
1131 2232 1334 2304 ἑορτῶν
1357 2232 1451 2287 καὶ
1479 2230 1682 2284 θυσιῶν
1709 2230 1815 2284 τῶν
1847 2230 1981 2301 παρ’

401 2328 584 2389 αὐτοῖς
622 2327 914 2397 ἀποϐολῆς,
946 2319 1150 2382 ἀνθ’ὧν
1174 2324 1419 2396 πονηρὰς
1451 2323 1680 2394 πράξεις
1706 2324 1797 2376 καὶ
1832 2338 1981 2394 μιαι-

403 2419 594 2486 (privam;
625 2421 980 2491 μετήρχοντο.

475 2508 541 2577 β’.
584 2510 875 2581 Προτροπὴ
917 2510 1053 2572 πρὸς
1087 2510 1150 2562 τὸ
1188 2508 1505 2580 βάπτισμα·
1538 2507 1634 2562 καὶ
1674 2507 1984 2579 κατηγορία

403 2601 637 2671 ἀρχαίας
678 2602 1038 2672 ⁹ἱερουσαλήμ
1061 2617 1074 2632 ·
1106 2602 1203 2656 καὶ
1232 2600 1429 2670 ἀπειλὴ
1467 2598 1611 2653 κατὰ
1640 2598 1750 2652 τῶν
1777 2599 1982 2668 ταύτης

404 2693 718 2763 ἀρχόντων·
771 2695 866 2746 καὶ
904 2694 1202 2764 ὑπόσχεσις
1247 2690 1604 2754 ἀνανεώσεως
1647 2693 1746 2761 τῆς
1785 2691 1985 2762 Ἱερουοι

405 2785 606 2854 σαλὴμ,
639 2785 760 2855 ἥτις
804 2786 884 2849 είς
927 2786 1028 2855 τὴν
1071 2786 1199 2839 νέαν
1232 2784 1332 2856 μὲν
1381 2782 1804 2854 ὲκλαμϐάνεται,
1854 2785 1985 2836 ἁνα-

402 2876 700 2945 νεουμένης
732 2876 790 2929 δὲ
821 2875 1049 2946 ταύτης,
1082 2875 1304 2945 ὖλεθρος
1352 2875 1573 2929 πάντων
1603 2873 1713 2929 τῶν
1760 2874 1854 2929 ἐπὶ
1883 2875 1985 2945 τῆς

404 2970 636 3040 ἀρχαίας
683 2970 1042 3041 Ἰερουσαλὴμ
1082 2969 1416 3040 παρανόμων
1455 2966 1821 3039 ἐπήγγελται.

473 3068 542 3131 γ’.
586 3061 923 3132 Προφητεία,
967 3061 1185 3131 ἐμφανῆ
1214 3059 1315 3131 τὴν
1347 3059 1475 3113 νέαν
1507 3056 1868 3130 Ἰερουσαλὴμ
1890 3057 1985 3111 καὶ

2072 679 2137 733 Et
2181 679 2441 749 parvulus
2466 695 2591 736 cum
2623 680 2915 735 admodum
2947 679 3127 735 adhuc
3161 688 3327 743 esset,
3370 678 3654 749 pulchram

2073 769 2239 825 vitam
2275 770 2468 825 habuit
2499 788 2516 834 ς
2553 779 2757 826 etcum
2787 770 2967 826 omnis
2998 771 3234 841 populus
3262 785 3387 824 eum
3424 770 3658 822 honora-

2076 870 2161 917 ret
2198 868 2460 933 tanquam
2506 862 3044 943 irreprehensibilem
3095 870 3151 917 et
3201 860 3412 925 mitem,
3470 859 3660 928 appel-

2078 954 2212 1009 lavit
2241 970 2369 1010 eum
2402 954 2745 1018 Malaciriam,
2768 955 2913 1024 quod
2944 966 3030 1011 est
3057 954 3300 1025 Angelus
3329 972 3345 1021 ;
3370 960 3490 1006 erat
3511 951 3655 1006 enim

2079 1054 2135 1101 et
2172 1045 2346 1101 forma
2378 1045 2646 1117 egregius.
2685 1043 2964 1111 Quinimo,
3026 1045 3167 1099 sicut
3216 1044 3333 1114 ipse
3395 1040 3536 1096 dixit
3600 1039 3656 1092 in

2079 1139 2385 1213 prophetia,
2410 1139 2513 1194 hac
2534 1139 2652 1210 ipsa
2681 1138 2771 1193 die
2807 1137 3032 1208 angelus
3070 1135 3166 1192 Dei
3194 1134 3345 1191 visus
3368 1141 3472 1198 est,
3503 1132 3661 1203 cujus

2077 1235 2308 1291 iterabat
2341 1235 2527 1290 verba.
2563 1232 2831 1304 Angelum
2860 1241 3042 1287 autem
3076 1245 3240 1286 nemo
3280 1228 3539 1299 indignus
3584 1226 3662 1279 vi-

2079 1330 2379 1395 debat;sed
2397 1344 2586 1384 vocent
2615 1336 2826 1382 tantum
2850 1325 2970 1398 ejus
3001 1324 3290 1389 audiebat;
3313 1321 3458 1394 digni
3481 1328 3662 1375 autem

2080 1430 2137 1478 et
2173 1421 2368 1477 faciem
2393 1420 2513 1491 ejus
2539 1419 2798 1473 videbant
2837 1435 2853 1485 ;
2893 1417 3036 1472 sicut
3055 1415 3255 1470 factum
3286 1420 3371 1468 est
3397 1413 3451 1466 in
3475 1410 3665 1471 diebus

2081 1515 2138 1569 in
2166 1514 2364 1583 quibus
2390 1527 2512 1566 non
2552 1518 2711 1565 erant
2758 1524 2930 1580 reges,
2970 1508 3112 1563 sicut
3166 1505 3429 1575 scriptum
3479 1510 3562 1558 est
3607 1501 3661 1561 in

2084 1605 2394 1677 Saphatim,
2426 1605 2484 1659 id
2517 1612 2604 1659 est
2628 1604 2682 1656 in
2713 1602 2857 1657 libro
2883 1599 3159 1655 Judicnm.
3205 1598 3272 1653 Et
3307 1611 3431 1651 cum
3485 1596 3665 1649 adhuc

2085 1709 2230 1757 esset
2246 1700 2452 1771 junior,
2472 1697 2754 1767 appositus
2777 1703 2861 1749 est
2876 1693 2941 1748 ad
2960 1701 3142 1762 patres
3157 1706 3285 1745 suos
3298 1691 3352 1744 in
3374 1690 3481 1743 vita
3500 1688 3660 1751 bona,

2085 1801 2138 1846 et
2164 1789 2410 1860 sepultus
2437 1798 2522 1844 est
2545 1801 2671 1843 cum
2706 1784 2951 1857 patribus
2982 1783 3120 1838 suis.

2398 1945 2647 2002 CAPlTA
2682 1943 2884 2000 lSAlIE
2926 1938 3343 1998 PROPHETIE.

2152 2060 2192 2117 l.
2238 2058 2577 2117 Testiilcatio
2597 2058 2994 2114 elementorum
3025 2054 3093 2108 de
3118 2051 3430 2107 Iudaeorum
3454 2060 3667 2118 praeva-

2085 2152 2370 2216 ricatione,
2388 2158 2446 2206 et
2469 2149 2710 2204 narratio
2732 2148 3010 2219 plagarum
3035 2157 3247 2198 eorum.
3265 2141 3330 2194 Et
3350 2136 3664 2194 vaticinium

2083 2245 2387 2301 eversionis
2411 2223 2673 2298 festorum
2703 2248 2758 2296 et
2794 2235 3185 2294 sacrificiorum
3208 2230 3534 2304 apudipsos,
3568 2242 3667 2298 pro

2084 2352 2149 2394 eo
2178 2336 2320 2407 quod
2341 2335 2481 2390 mala
2505 2348 2670 2405 Opera
2707 2341 2763 2387 et
2801 2328 3091 2385 homicidia
3119 2323 3396 2398 prosecuti
3443 2329 3593 2377 sunt.

2153 2520 2222 2575 ll.
2248 2517 2571 2574 Exhortatio
2591 2515 2659 2571 ad
2688 2515 3055 2584 baptismum;
3093 2518 3148 2567 et
3176 2506 3449 2564 accusatio
3467 2502 3671 2561 veteris

2084 2612 2407 2677 Jerusalem,
2436 2619 2487 2665 et
2522 2610 2685 2663 minae
2714 2607 2769 2661 in
2796 2601 3261 2677 principes‘ejus;
3293 2608 3349 2654 et
3375 2595 3670 2668 promissio
3698 2662 3708 2671 .

2089 2704 2464 2761 renovationis
2486 2701 2812 2764 Jerusalem,
2844 2712 2966 2768 quae
3006 2693 3217 2751 novalis
3246 2691 3554 2762 accipitur;
3582 2704 3669 2742 re-

2086 2807 2282 2853 novata
2306 2804 2489 2849 autem
2524 2793 2662 2863 ipsa,
2705 2789 2939 2861 perditio
3012 2784 3256 2841 omnium
3289 2782 3344 2836 in
3375 2778 3545 2837 veteri
3583 2777 3672 2834 Je-

2089 2890 2324 2946 rusalem
2348 2885 2833 2959 pravaricatorum
2861 2877 3238 2936 annuntiatur.

2162 3077 2250 3134 lll.
2289 3076 2640 3142 Vaticinium,
2662 3087 2858 3128 novam
2887 3067 3189 3126 Jerusalem
3229 3071 3285 3119 et
3325 3062 3457 3118 Sion
3485 3057 3674 3115 visibi-

404 3154 504 3225 τὴν
550 3156 688 3209 Σιὼν
725 3156 861 3207 πᾶσι
909 3156 1021 3218 τοῖς
1068 3153 1281 3209 ἔθνεσιν
1328 3152 1581 3206 ἔσεσθαιο
1614 3151 1710 3204 καὶ
1739 3148 1983 3222 ἀποϐολὴ

472 3248 495 3259 ι-
547 3251 557 3263 ι
685 3248 699 3263 ι
796 3248 811 3263 ς
900 3248 923 3259 ο
1013 3250 1026 3263 ι
1075 3246 1122 3263 Δ.
1159 3239 1185 3263 τ
1301 3245 1314 3263 \
1406 3261 1417 3263 _
1446 3244 1502 3263 ,1,
1535 3242 1638 3263 _,‘"_-
1672 3241 1842 3263 1n___~.i.
1880 3241 1984 3263 ..3⁸η-

2101 3171 2198 3225 lem
2226 3169 2343 3225 fore
2371 3166 2627 3223 omnibus
2649 3163 2902 3236 gentibus
2927 3178 2944 3228 ;
2972 3168 3030 3215 et
3054 3155 3258 3214 veteris
3289 3152 3481 3223 templi
3504 3165 3670 3205 ever-

405 3248 499 3302 τοῦ
534 3248 763 3320 ἀρχαίου
796 3248 928 3302 λαοῦ
949 3263 963 3277 θ
1003 3246 1122 3302 ἀνθ’
1151 3239 1226 3300 ὧν
1255 3245 1328 3299 τὰ
1362 3244 1506 3298 κατὰ
1529 3242 1640 3297 τῶν
1670 3241 1843 3295 ἐθνῶν
1876 3241 1987 3295 τῶν

408 3341 744 3411 παρανόμων
804 3338 1084 3410 ἐζήλωσαν
1106 3355 1118 3369 ·
1149 3337 1244 3391 καὶ
1278 3336 1583 3408 πρόρρησις
1609 3333 1845 3389 εἰδώλων
1882 3334 1993 3387 ἀπ-

407 3433 603 3496 ωλείας
636 3433 729 3486 καὶ
754 3430 1085 3502 βλασφήμων
1111 3429 1497 3503 ὀλοθρεύσεως.

477 3529 540 3582 δ’.
580 3527 913 3599 Πρόῤῥησις,
940 3524 1041 3595 τὴν
1073 3523 1309 3595 ἀρχαίαν
1353 3519 1719 3592 Ἰερουσαλὴμ
1741 3517 1812 3572 τὰ
1853 3518 1995 3587 ἀγα-

408 3618 479 3671 θά
501 3619 600 3687 τῆς
633 3618 725 3671 τοῦ
756 3616 996 3688 Χριστοῦ
1029 3618 1336 3686 παρουσίας
1371 3612 1845 3683 ζημιωθήσεσθαι,
1870 3609 1987 3664 ἀνθ’

408 3703 483 3763 ὧν
514 3708 654 3779 μετὰ
694 3709 792 3777 τῆς
832 3709 1001 3778 ἄλλης
1037 3707 1238 3770 κακίας
1273 3706 1330 3758 ὲν
1352 3708 1420 3775 τῇ
1458 3705 1719 3772 ἀντάρσει
1747 3706 1814 3774 τῇ
1853 3703 1996 3756 κατὰ

410 3801 504 3855 τοῦ
526 3797 765 3869 Χριστοῦ
793 3800 889 3870 τὴν
924 3797 1179 3869 Σοδόμων
1210 3795 1444 3865 ἀνομίαν
1473 3793 1779 3864 ἐζήλωσαν.

481 3892 543 3946 ε’.
563 3890 792 3962 ,διαϐολὴ
818 3890 917 3961 τῆς
933 3888 1225 3956 ἀσελγείας
1247 3887 1343 3940 τοῦ
1375 3884 1674 3939 Ἰουδαϊκοῦ
1701 3884 1834 3937 λαοῦ
1860 3901 1872 3914 ’
1900 3883 1996 3937 καὶ

414 3985 719 4056 πρόρρησις
758 3980 857 4051 τῆς
893 3979 1003 4033 τῶν
1051 3978 1279 4044 ἐνδόξων
1336 3976 1447 4051 τῶν
1498 3978 1628 4047 παρ’
1657 3976 1845 4038 αὐτοῖς
1899 3991 1996 4042 γυ-

417 4072 676 4146 μνώσεως
696 4088 709 4100 ·
741 4071 837 4124 καὶ
853 4068 1176 4141 προφητεία,
1194 4068 1289 4131 τὰς
1315 4067 1591 4138 ἐνεργείας
1622 4064 1718 4119 τοῦ
1742 4066 1995 4134 Πνεύμα-

412 4178 501 4229 τος
521 4167 586 4235 τῇ
603 4161 884 4233 οἰκονομίᾳ
900 4161 993 4215 τοῦ
1017 4157 1254 4231 Χριστοῦ
1280 4156 1719 4227 συναφθήσεσθαι
1737 4173 1751 4187 ·
1779 4154 1924 4208 οὕτω
1936 4170 1996 4209 τε

414 4258 537 4320 τοὺς
564 4258 630 4310 ὲκ
668 4254 970 4327 περιτομῆς
996 4251 1355 4313 πιστεύοντας
1381 4250 1460 4313 είς
1491 4248 1637 4319 ζωὴν
1667 4248 1993 4319 ἀπογράφε-

416 4349 569 4403 σθαι·
601 4349 695 4402 καὶ
726 4348 907 4400 πᾶσαν
946 4342 1277 4414 Ἐκκλησίαν
1302 4339 1641 4412 τειχίζεσθαι
1671 4342 1739 4411 τῇ
1782 4356 1992 4411 παρου-

417 4442 509 4514 σίᾳ
534 4442 628 4495 τοῦ
664 4438 1003 4509 Πνεῦματος.

2094 3263 2196 3328 sio,
2227 3276 2294 3316 eo
2325 3260 2470 3330 quod
2506 3256 2703 3312 imitati
2748 3263 2879 3311 sunt
2924 3259 3115 3325 gentes
3158 3242 3623 3319 pmvaricatrices
3655 3257 3672 3306 ;

2093 3364 2149 3410 et
2170 3352 2453 3425 praedictio
2496 3348 2886 3406 destructionis
2933 3345 3202 3402 idolorum
3257 3349 3314 3397 et
3354 3333 3675 3411 perditionis

2093 3447 2563 3517 blasphemorum.
2978 3431 2996 3445 ’

2163 3536 2253 3593 lV.
2290 3535 2575 3592 Prsedictio
2605 3541 2847 3589 veterem
2877 3527 3181 3586 Jerusalem
3213 3523 3376 3580 bonis
3401 3522 3672 3577 adventus

2094 3628 2296 3683 Christi
2330 3626 2604 3697 privatum
2633 3623 2721 3685 iri,
2753 3636 2818 3675 eo
2847 3618 3016 3689 quod,
3047 3622 3248 3686 prater
3300 3619 3528 3667 caeteras
3557 3622 3676 3661 ma-

2095 3721 2260 3783 litias,
2314 3715 2649 3786 insurgendo
2692 3713 2956 3767 adversus
2986 3709 3266 3763 Christum
3315 3701 3673 3757 Sodomorum

2094 3808 2603 3880 praevaricationem
2643 3801 2840 3856 imitati
2883 3808 3032 3854 sunt.

2165 3892 2231 3947 V.
2267 3892 2538 3947 Detractio
2568 3888 2797 3944 luxuriae
2829 3886 3038 3942 Judaicl
3074 3881 3280 3955 populi,
3311 3891 3368 3937 et
3397 3879 3677 3951 praedictio

2094 3985 2370 4041 nudidatis
2416 3981 2777 4051 superborum
2829 3977 2975 4049 apud
3018 3978 3166 4047 ipsos
3204 3993 3217 4028 :
3267 3983 3323 4029 et
3355 3972 3674 4029 vaticinium

2094 4078 2441 4149 operatioues
2472 4073 2707 4144 Spiritus
2744 4069 2975 4125 aedilicio
3023 4066 3231 4122 Christi
3272 4062 3678 4120 connectendas

2097 4170 2250 4231 fore;
2305 4169 2495 4237 sicque
2532 4181 2598 4223 ex
2641 4161 3060 4219 circumcisione
3102 4158 3393 4214 credentes
3422 4153 3676 4209 invitam

2095 4264 2315 4326 ascribi,
2364 4270 2420 4316 et
2462 4262 2774 4315 universam
2818 4255 3116 4310 Ecclesiam
3165 4267 3262 4323 pro
3308 4266 3465 4306 muro
3494 4244 3677 4303 fulciri

2095 4355 2383 4428 praesentia
2408 4351 2664 4422 Spiritus.

485 4538 560 4597 ς’.
617 4530 884 4601 Ἀποϐολὴ
920 4529 1015 4583 τοῦ
1059 4526 1351 4581 Ἰουδαϊκοῦ
1400 4526 1742 4598 ἀμπελῶνος,
1773 4525 1889 4580 ἀνθ’
1920 4518 1984 4581 ὧι

2172 4538 2263 4593 Ἦ.
2304 4534 2527 4592 Eversio
2556 4534 2797 4590 Iudaicae
2831 4533 3025 4595 vineae,
3057 4544 3123 4585 eo
3152 4528 3299 4600 quod
3337 4529 3394 4583 in
3440 4526 3676 4583 adventu

418 4628 478 4679 ὲν
499 4628 568 4695 τῇ
597 4623 873 4695 παρουσίᾳ.
903 4640 997 4677 του
1031 4619 1268 4693 Χριστοῦ
1299 4619 1759 4691 ἐκαρποφόρησαν
1793 4619 1997 4690 ἀνταρ-

421 4735 528 4772 σιν.

2095 4630 2297 4686 Christi
2320 4626 2792 4683 fructiﬁcaverunt
2816 4622 3153 4694 insurgendo
3174 4622 3231 4675 in
3256 4635 3404 4676 eum.

2166 4724 2280 4778 Vll.
2320 4720 2553 4788 Querela
2588 4718 2849 4774 adversus
2884 4729 2982 4771 eos
3013 4715 3106 4786 qui
3143 4714 3200 4769 in
3242 4715 3496 4786 superbia
3534 4721 3590 4769 et
3622 4714 3677 4767 in

488 4808 555 4874 ζ’.
597 4806 968 4878 Σχετλιασμὸς
1011 4808 1154 4863 κατά
1192 4808 1304 4863 τῶν
1351 4810 1410 4863 ὲν
1466 4804 1756 4876 πλεονεξίᾳ
1794 4804 1892 4857 καὶ
1937 4803 1984 4856 ἐκ

2101 4812 2372 4885 illegitima
2397 4811 2589 4864 vivunt
2609 4809 2919 4878 voluptate;
2958 4814 3014 4862 et
3042 4804 3318 4876 quomodo
3352 4804 3486 4875 ipsis
3511 4804 3681 4858 infer-

422 4900 729 4972 παρανόμῳ
757 4900 1017 4971 βιούντων
1044 4903 1223 4972 τρυφῇ
1246 4917 1261 4932 ·
1298 4901 1392 4954 καὶ
1445 4901 1595 4961 ὅπως
1640 4897 1726 4948 ἐπ’
1768 4895 1999 4955 ἐκείνοις

427 4992 574 5064 μὲνό
609 4993 741 5063 ᾅδης
779 4994 808 5045 ὁ
850 4992 1041 5062 νοητὸς
1093 4991 1443 5055 πλατύνεται,
1485 4990 1514 5042 ό
1560 4989 1692 5050 Θεὸς
1739 4987 1795 5040 δὲ
1842 4989 1900 5039 ὲν
1928 4989 1997 5057 τῇ

421 5086 601 5153 κρίσει
627 5084 1041 5156 δοξασθήσεται,
1072 5084 1577 5156 ἀπολαμϐανόντων
1609 5079 1732 5133 τότε
1774 5079 1883 5133 τῶν
1921 5078 2000 5131 δι-

423 5178 594 5232 καίων
614 5179 711 5232 ὅσα
739 5178 834 5232 νῦν
863 5178 1242 5251 ἀφῃρέθησαν.

495 5277 564 5341 η’.
609 5269 955 5343 Ταλανισμδς
1000 5273 1109 5326 τῶν
1183 5271 1463 5342 ἁμαρτίας
1522 5269 1828 5340 ἁμαρτίαις
1883 5285 2006 5321 συν-

426 5362 727 5427 απτόντων,
775 5366 869 5418 καὶ
909 5365 980 5417 τὰ
1024 5364 1165 5418 καλά
1209 5361 1626 5425 διαϐαλλόντων,
1657 5361 1726 5414 τὰ
1758 5359 1904 5414 κακὰ
1943 5359 2002 5413 δὲ

427 5454 839 5522 συνιστώντων,
892 5457 987 5511 καὶ
1040 5455 1135 5509 ἐπὶ
1192 5455 1354 5526 σοφίᾳ
1394 5453 1572 5525 οἰκείᾳ
1618 5451 1995 5525 θαρρούντων,

2096 4921 2200 4960 nus
2250 4902 2511 4973 spiritalis
2582 4901 2876 4966 dilatatur;
2925 4899 3071 4954 Deus
3124 4904 3304 4952 autem
3359 4897 3416 4951 in
3469 4895 3679 4965 judicio

2100 4994 2506 5067 gloriﬁcabitur,
2556 4992 2944 5064 recipientibus
2989 5001 3121 5047 tunc
3168 4988 3366 5061 justis,
3413 4995 3677 5058 quantum

2101 5103 2250 5143 nunc
2271 5086 2493 5157 spoliati
2518 5084 2759 5140 fuerunt.

2179 5269 2312 5325 Vili.
2346 5269 2561 5325 Miseria
2594 5283 2784 5324 eorum
2815 5267 2907 5339 qui
2938 5264 3181 5336 peccatis
3205 5270 3427 5334 peccata
3451 5259 3677 5318 addunt.

2104 5370 2162 5414 et
2194 5360 2286 5428 qui
2336 5358 2495 5414 bonis
2530 5359 2790 5429 operibus
2838 5353 3154 5419 detrahunt,
3205 5351 3361 5405 malis
3380 5359 3564 5404 autem
3596 5348 3677 5401 in-

2107 5451 2333 5517 sistunt,
2374 5460 2430 5506 et
2463 5452 2557 5521 qui
2608 5451 2661 5505 in
2711 5466 2808 5506 sua
2847 5448 3116 5521 sapientia
3156 5445 3460 5510 confidunt,
3506 5450 3563 5499 et
3585 5440 3676 5512 qui

1942 5632 2172 5689 NOTAE.

498 5754 607 5821 (15)
641 5752 781 5823 Lege
809 5751 946 5823 ἀλλὰ
975 5753 1069 5806 καὶ
1099 5753 1198 5807 ὅσα
1221 5747 1374 5806 εἶπεν
1396 5750 1579 5823 αύτός.

496 5825 610 5891 (14)
644 5821 786 5892 Lege
814 5822 1193 5893 ὲπεδευτέρου,
1226 5824 1309 5879 vel
1330 5838 1395 5878 ex
1437 5821 1743 5891 Epiphanio
1773 5821 2195 5892 ἐπεδευτὲρωσε.
