  <div class='ocr_page' id='page_1' title='image "/cluster/home/n/w/nwhite01/storage/ocr_20150623/93/mdp.39015078384313/693.png"; bbox 0 0 4038 6226; ppageno 0'>
   <div class='ocr_carea' id='block_1_1' title="bbox 387 330 514 396">
    <p class='ocr_par' dir='ltr' id='par_1_1' title="bbox 387 330 514 396">
     <span class='ocr_line' id='line_1_1' title="bbox 387 330 514 396; baseline 0.008 -2"><span class='ocrx_word' id='word_1_1' title='bbox 387 330 514 396; x_wconf 85' lang='lat' dir='ltr'><strong>l37l</strong></span> 
     </span>
    </p>
   </div>
   <div class='ocr_carea' id='block_1_2' title="bbox 1559 336 2445 404">
    <p class='ocr_par' dir='ltr' id='par_1_2' title="bbox 1559 336 2445 404">
     <span class='ocr_line' id='line_1_2' title="bbox 1559 336 2445 404; baseline 0.006 -5"><span class='ocrx_word' id='word_1_2' title='bbox 1559 336 1925 400; x_wconf 87' lang='lat' dir='ltr'><strong>HESYCHII</strong></span> <span class='ocrx_word' id='word_1_3' title='bbox 1968 339 2445 404; x_wconf 80' lang='lat' dir='ltr'><strong>PRESBYTERI</strong></span> 
     </span>
    </p>
   </div>
   <div class='ocr_carea' id='block_1_3' title="bbox 3518 332 3671 400">
    <p class='ocr_par' dir='ltr' id='par_1_3' title="bbox 3518 332 3671 400">
     <span class='ocr_line' id='line_1_3' title="bbox 3518 332 3671 400; baseline 0 -2"><span class='ocrx_word' id='word_1_4' title='bbox 3518 332 3671 400; x_wconf 77' lang='lat'><strong>1372</strong></span> 
     </span>
    </p>
   </div>
   <div class='ocr_carea' id='block_1_4' title="bbox 383 443 1989 525">
    <p class='ocr_par' dir='ltr' id='par_1_4' title="bbox 383 443 1972 520">
     <span class='ocr_line' id='line_1_4' title="bbox 383 443 1972 520; baseline 0.004 -22"><span class='ocrx_word' id='word_1_5' title='bbox 383 443 640 499; x_wconf 77' lang='lat' dir='ltr'><strong>ebrietati</strong></span> <span class='ocrx_word' id='word_1_6' title='bbox 668 452 722 500; x_wconf 91' lang='lat' dir='ltr'><strong>et</strong></span> <span class='ocrx_word' id='word_1_7' title='bbox 748 459 1040 500; x_wconf 85' lang='lat' dir='ltr'><strong>munerum</strong></span> <span class='ocrx_word' id='word_1_8' title='bbox 1073 445 1379 517; x_wconf 87' lang='lat' dir='ltr'><strong>acceptioni</strong></span> <span class='ocrx_word' id='word_1_9' title='bbox 1402 446 1727 520; x_wconf 84' lang='lat' dir='ltr'><strong>indulgent;</strong></span> <span class='ocrx_word' id='word_1_10' title='bbox 1760 460 1816 505; x_wconf 88' lang='lat' dir='ltr'><strong>et</strong></span> <span class='ocrx_word' id='word_1_11' title='bbox 1834 458 1972 505; x_wconf 84' lang='lat' dir='ltr'><strong>vati-</strong></span> 
     </span>
    </p>
   </div>
   <div class='ocr_carea' id='block_1_5' title="bbox 2098 443 3673 525">
    <p class='ocr_par' dir='ltr' id='par_1_5' title="bbox 2098 447 3673 525">
     <span class='ocr_line' id='line_1_5' title="bbox 2098 447 3673 525; baseline -0.002 -21"><span class='ocrx_word' id='word_1_12' title='bbox 2098 451 2221 524; x_wconf 77' lang='grc' dir='ltr'><strong>ιέοῃ</strong></span> <span class='ocrx_word' id='word_1_13' title='bbox 2249 470 2306 507; x_wconf 87' lang='grc' dir='ltr'><strong>τε</strong></span> <span class='ocrx_word' id='word_1_14' title='bbox 2333 453 2434 508; x_wconf 77' lang='grc' dir='ltr'>καὶ</span> <span class='ocrx_word' id='word_1_15' title='bbox 2469 451 2772 525; x_wconf 75' lang='grc' dir='ltr'><strong>δωροδοκίᾳ</strong></span> <span class='ocrx_word' id='word_1_16' title='bbox 2800 448 3173 522; x_wconf 73' lang='grc' dir='ltr'><strong>σχολαζόντων</strong></span> <span class='ocrx_word' id='word_1_17' title='bbox 3191 465 3204 480; x_wconf 74' lang='grc'><strong><em>⁸</em></strong></span> <span class='ocrx_word' id='word_1_18' title='bbox 3236 447 3337 506; x_wconf 73' lang='grc' dir='ltr'>καὶ</span> <span class='ocrx_word' id='word_1_19' title='bbox 3356 450 3673 520; x_wconf 77' lang='grc' dir='ltr'>προφητεία</span> 
     </span>
    </p>
   </div>
   <div class='ocr_carea' id='block_1_6' title="bbox 387 536 1974 611">
    <p class='ocr_par' dir='ltr' id='par_1_6' title="bbox 387 536 1974 611">
     <span class='ocr_line' id='line_1_6' title="bbox 387 536 1974 611; baseline 0.004 -21"><span class='ocrx_word' id='word_1_20' title='bbox 387 536 589 590; x_wconf 81' lang='lat' dir='ltr'><strong>ciuium</strong></span> <span class='ocrx_word' id='word_1_21' title='bbox 607 537 871 593; x_wconf 89' lang='lat' dir='ltr'><strong>malorum</strong></span> <span class='ocrx_word' id='word_1_22' title='bbox 896 539 1098 609; x_wconf 82' lang='lat' dir='ltr'><strong>quibus</strong></span> <span class='ocrx_word' id='word_1_23' title='bbox 1120 537 1175 592; x_wconf 87' lang='lat' dir='ltr'><strong>hi</strong></span> <span class='ocrx_word' id='word_1_24' title='bbox 1200 540 1466 609; x_wconf 84' lang='lat' dir='ltr'><strong>puniendi</strong></span> <span class='ocrx_word' id='word_1_25' title='bbox 1482 549 1614 596; x_wconf 90' lang='lat' dir='ltr'><strong>sunt</strong></span> <span class='ocrx_word' id='word_1_26' title='bbox 1632 559 1648 607; x_wconf 87' lang='lat'><strong>;</strong></span> <span class='ocrx_word' id='word_1_27' title='bbox 1665 550 1719 596; x_wconf 90' lang='lat' dir='ltr'><strong>et</strong></span> <span class='ocrx_word' id='word_1_28' title='bbox 1740 543 1974 611; x_wconf 88' lang='lat' dir='ltr'><strong>promis-</strong></span> 
     </span>
    </p>
   </div>
   <div class='ocr_carea' id='block_1_7' title="bbox 387 626 1969 702">
    <p class='ocr_par' dir='ltr' id='par_1_7' title="bbox 387 626 1969 702">
     <span class='ocr_line' id='line_1_7' title="bbox 387 626 1969 702; baseline 0.003 -21"><span class='ocrx_word' id='word_1_29' title='bbox 387 626 472 681; x_wconf 83' lang='lat' dir='ltr'><strong>sio</strong></span> <span class='ocrx_word' id='word_1_30' title='bbox 496 627 791 683; x_wconf 77' lang='lat' dir='ltr'><strong>vocationis</strong></span> <span class='ocrx_word' id='word_1_31' title='bbox 823 632 1067 700; x_wconf 85' lang='lat' dir='ltr'><strong>gentium</strong></span> <span class='ocrx_word' id='word_1_32' title='bbox 1099 636 1154 684; x_wconf 91' lang='lat' dir='ltr'><strong>et</strong></span> <span class='ocrx_word' id='word_1_33' title='bbox 1183 630 1513 702; x_wconf 64' lang='lat' dir='ltr'><strong>evangelicae</strong></span> <span class='ocrx_word' id='word_1_34' title='bbox 1540 631 1969 701; x_wconf 83' lang='lat' dir='ltr'><strong>praedicationis.</strong></span> 
     </span>
    </p>
   </div>
   <div class='ocr_carea' id='block_1_8' title="bbox 385 718 1942 791">
    <p class='ocr_par' dir='ltr' id='par_1_8' title="bbox 385 718 1942 791">
     <span class='ocr_line' id='line_1_8' title="bbox 385 718 1942 791; baseline 0.003 -20"><span class='ocrx_word' id='word_1_35' title='bbox 385 727 443 772; x_wconf 95' lang='lat' dir='ltr'><strong>et</strong></span> <span class='ocrx_word' id='word_1_36' title='bbox 466 718 894 788; x_wconf 73' lang='lat' dir='ltr'><strong>perturbationis</strong></span> <span class='ocrx_word' id='word_1_37' title='bbox 918 736 1080 791; x_wconf 88' lang='lat' dir='ltr'><strong>quam</strong></span> <span class='ocrx_word' id='word_1_38' title='bbox 1110 721 1236 776; x_wconf 89' lang='lat' dir='ltr'><strong>inde</strong></span> <span class='ocrx_word' id='word_1_39' title='bbox 1261 720 1514 777; x_wconf 84' lang='lat' dir='ltr'><strong>diabolus</strong></span> <span class='ocrx_word' id='word_1_40' title='bbox 1539 736 1808 791; x_wconf 83' lang='lat' dir='ltr'><strong>passurus</strong></span> <span class='ocrx_word' id='word_1_41' title='bbox 1835 734 1942 776; x_wconf 70' lang='grc' dir='ltr'>εει.</span> 
     </span>
    </p>
   </div>
   <div class='ocr_carea' id='block_1_9' title="bbox 457 809 1975 884">
    <p class='ocr_par' dir='ltr' id='par_1_9' title="bbox 457 809 1975 884">
     <span class='ocr_line' id='line_1_9' title="bbox 457 809 1975 884; baseline 0.003 -21"><span class='ocrx_word' id='word_1_42' title='bbox 457 809 548 866; x_wconf 80' lang='lat' dir='ltr'><strong>IX.</strong></span> <span class='ocrx_word' id='word_1_43' title='bbox 584 811 855 881; x_wconf 86' lang='lat' dir='ltr'><strong>Aspectus</strong></span> <span class='ocrx_word' id='word_1_44' title='bbox 887 813 1072 884; x_wconf 82' lang='lat' dir='ltr'><strong>gloriae</strong></span> <span class='ocrx_word' id='word_1_45' title='bbox 1118 814 1233 878; x_wconf 85' lang='lat' dir='ltr'><strong>Dei,</strong></span> <span class='ocrx_word' id='word_1_46' title='bbox 1281 821 1339 869; x_wconf 91' lang='lat' dir='ltr'><strong>et</strong></span> <span class='ocrx_word' id='word_1_47' title='bbox 1384 814 1635 870; x_wconf 72' lang='lat' dir='ltr'><strong>stationis</strong></span> <span class='ocrx_word' id='word_1_48' title='bbox 1665 829 1883 869; x_wconf 87' lang='lat' dir='ltr'><strong>necnon</strong></span> <span class='ocrx_word' id='word_1_49' title='bbox 1918 824 1975 868; x_wconf 90' lang='lat' dir='ltr'><strong>et</strong></span> 
     </span>
    </p>
   </div>
   <div class='ocr_carea' id='block_1_10' title="bbox 387 903 1973 977">
    <p class='ocr_par' dir='ltr' id='par_1_10' title="bbox 387 903 1973 977">
     <span class='ocr_line' id='line_1_10' title="bbox 387 903 1973 977; baseline 0.004 -22"><span class='ocrx_word' id='word_1_50' title='bbox 387 903 637 959; x_wconf 72' lang='lat' dir='ltr'><strong>melodiae</strong></span> <span class='ocrx_word' id='word_1_51' title='bbox 660 903 972 975; x_wconf 89' lang='lat' dir='ltr'><strong>Seraphim.</strong></span> <span class='ocrx_word' id='word_1_52' title='bbox 997 906 1207 963; x_wconf 84' lang='lat' dir='ltr'><strong>Electio</strong></span> <span class='ocrx_word' id='word_1_53' title='bbox 1231 907 1516 977; x_wconf 70' lang='lat' dir='ltr'><strong>propheta:</strong></span> <span class='ocrx_word' id='word_1_54' title='bbox 1531 907 1599 963; x_wconf 92' lang='lat' dir='ltr'><strong>ad</strong></span> <span class='ocrx_word' id='word_1_55' title='bbox 1628 907 1973 975; x_wconf 79' lang='lat' dir='ltr'><strong>arguendum</strong></span> 
     </span>
    </p>
   </div>
   <div class='ocr_carea' id='block_1_11' title="bbox 385 991 1975 1069">
    <p class='ocr_par' dir='ltr' id='par_1_11' title="bbox 385 991 1975 1069">
     <span class='ocr_line' id='line_1_11' title="bbox 385 991 1975 1069; baseline 0.004 -22"><span class='ocrx_word' id='word_1_56' title='bbox 385 991 603 1049; x_wconf 62' lang='lat' dir='ltr'><strong>Jualzeos</strong></span> <span class='ocrx_word' id='word_1_57' title='bbox 637 995 810 1062; x_wconf 88' lang='lat' dir='ltr'><strong>missi,</strong></span> <span class='ocrx_word' id='word_1_58' title='bbox 840 1005 899 1050; x_wconf 87' lang='lat' dir='ltr'><strong>et</strong></span> <span class='ocrx_word' id='word_1_59' title='bbox 926 997 993 1052; x_wconf 89' lang='lat' dir='ltr'><strong>ad</strong></span> <span class='ocrx_word' id='word_1_60' title='bbox 1025 998 1435 1067; x_wconf 68' lang='lat' dir='ltr'><strong>praedicandum</strong></span> <span class='ocrx_word' id='word_1_61' title='bbox 1469 1015 1536 1054; x_wconf 86' lang='lat' dir='ltr'><strong>ea</strong></span> <span class='ocrx_word' id='word_1_62' title='bbox 1571 1015 1691 1069; x_wconf 68' lang='lat' dir='ltr'><strong>qua:</strong></span> <span class='ocrx_word' id='word_1_63' title='bbox 1735 1016 1804 1055; x_wconf 81' lang='lat' dir='ltr'><strong>ex</strong></span> <span class='ocrx_word' id='word_1_64' title='bbox 1843 1000 1975 1055; x_wconf 84' lang='lat' dir='ltr'><strong>obe-</strong></span> 
     </span>
    </p>
   </div>
   <div class='ocr_carea' id='block_1_12' title="bbox 388 1086 1336 1159">
    <p class='ocr_par' dir='ltr' id='par_1_12' title="bbox 388 1086 1336 1159">
     <span class='ocr_line' id='line_1_12' title="bbox 388 1086 1336 1159; baseline 0.005 -18"><span class='ocrx_word' id='word_1_65' title='bbox 388 1086 593 1141; x_wconf 89' lang='lat' dir='ltr'><strong>dientia</strong></span> <span class='ocrx_word' id='word_1_66' title='bbox 620 1087 754 1157; x_wconf 91' lang='lat' dir='ltr'><strong>ipsis</strong></span> <span class='ocrx_word' id='word_1_67' title='bbox 779 1090 1208 1159; x_wconf 80' lang='lat' dir='ltr'><strong>exspectandum</strong></span> <span class='ocrx_word' id='word_1_68' title='bbox 1233 1099 1336 1146; x_wconf 89' lang='lat' dir='ltr'><strong>est.</strong></span> 
     </span>
    </p>
   </div>
   <div class='ocr_carea' id='block_1_13' title="bbox 460 1175 1973 1259">
    <p class='ocr_par' dir='ltr' id='par_1_13' title="bbox 460 1175 1973 1259">
     <span class='ocr_line' id='line_1_13' title="bbox 460 1175 1973 1259; baseline 0.004 -29"><span class='ocrx_word' id='word_1_69' title='bbox 460 1175 529 1230; x_wconf 83' lang='lat' dir='ltr'><strong>X.</strong></span> <span class='ocrx_word' id='word_1_70' title='bbox 570 1175 819 1259; x_wconf 77' lang='lat' dir='ltr'><strong>Narratio</strong></span> <span class='ocrx_word' id='word_1_71' title='bbox 862 1179 1230 1248; x_wconf 80' lang='lat' dir='ltr'><strong>expeditionis</strong></span> <span class='ocrx_word' id='word_1_72' title='bbox 1274 1180 1417 1252; x_wconf 85' lang='lat' dir='ltr'><strong>regis</strong></span> <span class='ocrx_word' id='word_1_73' title='bbox 1463 1180 1728 1236; x_wconf 86' lang='lat' dir='ltr'><strong>Samariae</strong></span> <span class='ocrx_word' id='word_1_74' title='bbox 1782 1191 1973 1237; x_wconf 89' lang='lat' dir='ltr'><strong>contra</strong></span> 
     </span>
    </p>
   </div>
   <div class='ocr_carea' id='block_1_14' title="bbox 393 1267 1974 1344">
    <p class='ocr_par' dir='ltr' id='par_1_14' title="bbox 393 1267 1974 1344">
     <span class='ocr_line' id='line_1_14' title="bbox 393 1267 1974 1344; baseline 0.006 -23"><span class='ocrx_word' id='word_1_75' title='bbox 393 1282 574 1339; x_wconf 88' lang='lat' dir='ltr'><strong>regem</strong></span> <span class='ocrx_word' id='word_1_76' title='bbox 614 1267 791 1334; x_wconf 68' lang='lat' dir='ltr'><strong>Iudae,</strong></span> <span class='ocrx_word' id='word_1_77' title='bbox 839 1279 897 1325; x_wconf 91' lang='lat' dir='ltr'><strong>et</strong></span> <span class='ocrx_word' id='word_1_78' title='bbox 927 1271 1105 1340; x_wconf 89' lang='lat' dir='ltr'><strong>jussio</strong></span> <span class='ocrx_word' id='word_1_79' title='bbox 1147 1271 1239 1329; x_wconf 88' lang='lat' dir='ltr'><strong>Dei</strong></span> <span class='ocrx_word' id='word_1_80' title='bbox 1272 1273 1339 1327; x_wconf 89' lang='lat' dir='ltr'><strong>ad</strong></span> <span class='ocrx_word' id='word_1_81' title='bbox 1374 1275 1720 1344; x_wconf 87' lang='lat' dir='ltr'><strong>prephctam,</strong></span> <span class='ocrx_word' id='word_1_82' title='bbox 1757 1274 1974 1329; x_wconf 76' lang='lat' dir='ltr'><strong>confor-</strong></span> 
     </span>
    </p>
   </div>
   <div class='ocr_carea' id='block_1_15' title="bbox 393 1360 1973 1437">
    <p class='ocr_par' dir='ltr' id='par_1_15' title="bbox 393 1360 1973 1437">
     <span class='ocr_line' id='line_1_15' title="bbox 393 1360 1973 1437; baseline 0.006 -25"><span class='ocrx_word' id='word_1_83' title='bbox 393 1367 599 1415; x_wconf 88' lang='lat' dir='ltr'><strong>tantem</strong></span> <span class='ocrx_word' id='word_1_84' title='bbox 640 1375 825 1431; x_wconf 89' lang='lat' dir='ltr'><strong>regem</strong></span> <span class='ocrx_word' id='word_1_85' title='bbox 862 1360 1037 1427; x_wconf 66' lang='lat' dir='ltr'><strong>Judai,</strong></span> <span class='ocrx_word' id='word_1_86' title='bbox 1080 1364 1291 1420; x_wconf 88' lang='lat' dir='ltr'><strong>scilicet</strong></span> <span class='ocrx_word' id='word_1_87' title='bbox 1327 1366 1663 1436; x_wconf 85' lang='lat' dir='ltr'><strong>insurgentis</strong></span> <span class='ocrx_word' id='word_1_88' title='bbox 1701 1367 1756 1421; x_wconf 92' lang='lat' dir='ltr'><strong>in</strong></span> <span class='ocrx_word' id='word_1_89' title='bbox 1796 1368 1973 1437; x_wconf 90' lang='lat' dir='ltr'><strong>ipsum</strong></span> 
     </span>
    </p>
   </div>
   <div class='ocr_carea' id='block_1_16' title="bbox 391 1451 1976 1530">
    <p class='ocr_par' dir='ltr' id='par_1_16' title="bbox 391 1451 1976 1530">
     <span class='ocr_line' id='line_1_16' title="bbox 391 1451 1976 1530; baseline 0.009 -30"><span class='ocrx_word' id='word_1_90' title='bbox 391 1463 532 1508; x_wconf 82' lang='lat' dir='ltr'><strong>vana</strong></span> <span class='ocrx_word' id='word_1_91' title='bbox 567 1451 845 1515; x_wconf 81' lang='lat' dir='ltr'><strong>statuisse,</strong></span> <span class='ocrx_word' id='word_1_92' title='bbox 884 1466 1011 1507; x_wconf 89' lang='lat' dir='ltr'><strong>eum</strong></span> <span class='ocrx_word' id='word_1_93' title='bbox 1043 1454 1290 1510; x_wconf 78' lang='lat' dir='ltr'><strong>Samaria</strong></span> <span class='ocrx_word' id='word_1_94' title='bbox 1323 1457 1424 1511; x_wconf 90' lang='lat' dir='ltr'><strong>sub</strong></span> <span class='ocrx_word' id='word_1_95' title='bbox 1455 1457 1684 1527; x_wconf 87' lang='lat' dir='ltr'><strong>imperio</strong></span> <span class='ocrx_word' id='word_1_96' title='bbox 1734 1458 1976 1530; x_wconf 75' lang='lat' dir='ltr'><strong>Assyrio-</strong></span> 
     </span>
    </p>
   </div>
   <div class='ocr_carea' id='block_1_17' title="bbox 395 1540 962 1613">
    <p class='ocr_par' dir='ltr' id='par_1_17' title="bbox 395 1540 962 1613">
     <span class='ocr_line' id='line_1_17' title="bbox 395 1540 962 1613; baseline 0.011 -20"><span class='ocrx_word' id='word_1_97' title='bbox 395 1554 516 1597; x_wconf 89' lang='lat' dir='ltr'><strong>rum</strong></span> <span class='ocrx_word' id='word_1_98' title='bbox 548 1540 621 1594; x_wconf 90' lang='lat' dir='ltr'><strong>sit</strong></span> <span class='ocrx_word' id='word_1_99' title='bbox 647 1542 962 1613; x_wconf 73' lang='lat' dir='ltr'><strong>redigenda.</strong></span> 
     </span>
    </p>
   </div>
   <div class='ocr_carea' id='block_1_18' title="bbox 463 1719 1977 1805">
    <p class='ocr_par' dir='ltr' id='par_1_18' title="bbox 463 1719 1977 1805">
     <span class='ocr_line' id='line_1_18' title="bbox 463 1719 1977 1805; baseline 0.011 -32"><span class='ocrx_word' id='word_1_100' title='bbox 463 1720 556 1775; x_wconf 83' lang='lat' dir='ltr'><strong>Xl.</strong></span> <span class='ocrx_word' id='word_1_101' title='bbox 587 1719 914 1779; x_wconf 88' lang='lat' dir='ltr'><strong>Vaticinium</strong></span> <span class='ocrx_word' id='word_1_102' title='bbox 945 1726 1315 1796; x_wconf 79' lang='lat' dir='ltr'><strong>generationis</strong></span> <span class='ocrx_word' id='word_1_103' title='bbox 1340 1726 1639 1786; x_wconf 83' lang='lat' dir='ltr'><strong>Salvatoris</strong></span> <span class='ocrx_word' id='word_1_104' title='bbox 1668 1746 1732 1786; x_wconf 82' lang='lat' dir='ltr'><strong>ex</strong></span> <span class='ocrx_word' id='word_1_105' title='bbox 1754 1732 1977 1805; x_wconf 84' lang='lat' dir='ltr'><strong>Virgine</strong></span> 
     </span>
    </p>
   </div>
   <div class='ocr_carea' id='block_1_19' title="bbox 394 1812 2058 1892">
    <p class='ocr_par' dir='ltr' id='par_1_19' title="bbox 394 1812 2058 1892">
     <span class='ocr_line' id='line_1_19' title="bbox 394 1812 2058 1892; baseline 0.01 -26"><span class='ocrx_word' id='word_1_106' title='bbox 394 1812 487 1867; x_wconf 85' lang='lat' dir='ltr'><strong>Dei</strong></span> <span class='ocrx_word' id='word_1_107' title='bbox 520 1813 817 1880; x_wconf 86' lang='lat' dir='ltr'><strong>Genitrice,</strong></span> <span class='ocrx_word' id='word_1_108' title='bbox 849 1825 905 1872; x_wconf 92' lang='lat' dir='ltr'><strong>et</strong></span> <span class='ocrx_word' id='word_1_109' title='bbox 928 1818 1316 1875; x_wconf 88' lang='lat' dir='ltr'><strong>miraculorum</strong></span> <span class='ocrx_word' id='word_1_110' title='bbox 1348 1837 1468 1892; x_wconf 68' lang='lat' dir='ltr'><strong>quae</strong></span> <span class='ocrx_word' id='word_1_111' title='bbox 1508 1822 1764 1881; x_wconf 89' lang='lat' dir='ltr'><strong>Christus</strong></span> <span class='ocrx_word' id='word_1_112' title='bbox 1801 1826 1984 1882; x_wconf 86' lang='lat' dir='ltr'><strong>adhuc</strong></span> <span class='ocrx_word' id='word_1_113' title='bbox 2014 1818 2058 1874; x_wconf 79' lang='grc' dir='ltr'>Β</span> 
     </span>
    </p>
   </div>
   <div class='ocr_carea' id='block_1_20' title="bbox 395 1906 1985 1985">
    <p class='ocr_par' dir='ltr' id='par_1_20' title="bbox 395 1906 1985 1985">
     <span class='ocr_line' id='line_1_20' title="bbox 395 1906 1985 1985; baseline 0.012 -29"><span class='ocrx_word' id='word_1_114' title='bbox 395 1906 653 1972; x_wconf 86' lang='lat' dir='ltr'><strong>parvulus</strong></span> <span class='ocrx_word' id='word_1_115' title='bbox 706 1917 1033 1977; x_wconf 87' lang='lat' dir='ltr'><strong>operaturus</strong></span> <span class='ocrx_word' id='word_1_116' title='bbox 1071 1919 1219 1974; x_wconf 89' lang='lat' dir='ltr'><strong>erat,</strong></span> <span class='ocrx_word' id='word_1_117' title='bbox 1260 1920 1372 1967; x_wconf 90' lang='lat' dir='ltr'><strong>tum</strong></span> <span class='ocrx_word' id='word_1_118' title='bbox 1431 1914 1533 1985; x_wconf 89' lang='lat' dir='ltr'><strong>ipsi</strong></span> <span class='ocrx_word' id='word_1_119' title='bbox 1582 1914 1783 1972; x_wconf 65' lang='lat' dir='ltr'><strong>Judaezc</strong></span> <span class='ocrx_word' id='word_1_120' title='bbox 1823 1919 1985 1974; x_wconf 88' lang='lat' dir='ltr'><strong>bene-</strong></span> 
     </span>
    </p>
   </div>
   <div class='ocr_carea' id='block_1_21' title="bbox 392 1998 1982 2070">
    <p class='ocr_par' dir='ltr' id='par_1_21' title="bbox 392 1998 1982 2070">
     <span class='ocr_line' id='line_1_21' title="bbox 392 1998 1982 2070; baseline 0.01 -21"><span class='ocrx_word' id='word_1_121' title='bbox 392 1998 620 2064; x_wconf 76' lang='lat' dir='ltr'><strong>t&#39;acicns,</strong></span> <span class='ocrx_word' id='word_1_122' title='bbox 657 2007 768 2053; x_wconf 87' lang='lat' dir='ltr'><strong>tum</strong></span> <span class='ocrx_word' id='word_1_123' title='bbox 800 2010 990 2070; x_wconf 80' lang='lat' dir='ltr'><strong>gentes</strong></span> <span class='ocrx_word' id='word_1_124' title='bbox 1023 2018 1246 2066; x_wconf 88' lang='lat' dir='ltr'><strong>vocans,</strong></span> <span class='ocrx_word' id='word_1_125' title='bbox 1288 2013 1404 2059; x_wconf 88' lang='lat' dir='ltr'><strong>tum</strong></span> <span class='ocrx_word' id='word_1_126' title='bbox 1439 2006 1719 2062; x_wconf 78' lang='lat' dir='ltr'><strong>diabolum</strong></span> <span class='ocrx_word' id='word_1_127' title='bbox 1766 2009 1982 2064; x_wconf 90' lang='lat' dir='ltr'><strong>irritum</strong></span> 
     </span>
    </p>
   </div>
   <div class='ocr_carea' id='block_1_22' title="bbox 394 2091 1981 2171">
    <p class='ocr_par' dir='ltr' id='par_1_22' title="bbox 394 2091 1981 2171">
     <span class='ocr_line' id='line_1_22' title="bbox 394 2091 1981 2171; baseline 0.011 -27"><span class='ocrx_word' id='word_1_128' title='bbox 394 2091 622 2158; x_wconf 73' lang='lat' dir='ltr'><strong>faciens,</strong></span> <span class='ocrx_word' id='word_1_129' title='bbox 662 2100 775 2147; x_wconf 89' lang='lat' dir='ltr'><strong>tum</strong></span> <span class='ocrx_word' id='word_1_130' title='bbox 812 2096 1002 2166; x_wconf 65' lang='lat' dir='ltr'><strong>gratiae</strong></span> <span class='ocrx_word' id='word_1_131' title='bbox 1034 2097 1237 2153; x_wconf 80' lang='lat' dir='ltr'><strong>fontem</strong></span> <span class='ocrx_word' id='word_1_132' title='bbox 1279 2101 1573 2171; x_wconf 88' lang='lat' dir='ltr'><strong>aperiens,</strong></span> <span class='ocrx_word' id='word_1_133' title='bbox 1619 2113 1734 2158; x_wconf 90' lang='lat' dir='ltr'><strong>tum</strong></span> <span class='ocrx_word' id='word_1_134' title='bbox 1778 2104 1981 2160; x_wconf 89' lang='lat' dir='ltr'><strong>sterili-</strong></span> 
     </span>
    </p>
   </div>
   <div class='ocr_carea' id='block_1_23' title="bbox 393 2186 1981 2256">
    <p class='ocr_par' dir='ltr' id='par_1_23' title="bbox 393 2186 1981 2256">
     <span class='ocr_line' id='line_1_23' title="bbox 393 2186 1981 2256; baseline 0.009 -16"><span class='ocrx_word' id='word_1_135' title='bbox 393 2193 562 2240; x_wconf 62' lang='lat' dir='ltr'><strong>tatem</strong></span> <span class='ocrx_word' id='word_1_136' title='bbox 593 2194 750 2242; x_wconf 76' lang='lat' dir='ltr'><strong>terrae</strong></span> <span class='ocrx_word' id='word_1_137' title='bbox 771 2186 828 2242; x_wconf 89' lang='lat' dir='ltr'><strong>in</strong></span> <span class='ocrx_word' id='word_1_138' title='bbox 871 2188 1134 2245; x_wconf 85' lang='lat' dir='ltr'><strong>virtutum</strong></span> <span class='ocrx_word' id='word_1_139' title='bbox 1162 2191 1558 2250; x_wconf 83' lang='lat' dir='ltr'><strong>fecunditatem</strong></span> <span class='ocrx_word' id='word_1_140' title='bbox 1587 2203 1981 2256; x_wconf 88' lang='lat' dir='ltr'><strong>transmutans.</strong></span> 
     </span>
    </p>
   </div>
   <div class='ocr_carea' id='block_1_24' title="bbox 468 2275 1986 2363">
    <p class='ocr_par' dir='ltr' id='par_1_24' title="bbox 468 2275 1986 2363">
     <span class='ocr_line' id='line_1_24' title="bbox 468 2275 1986 2363; baseline 0.011 -33"><span class='ocrx_word' id='word_1_141' title='bbox 468 2275 586 2332; x_wconf 83' lang='grc' dir='ltr'>ΧιΙ.</span> <span class='ocrx_word' id='word_1_142' title='bbox 624 2278 912 2337; x_wconf 68' lang='grc' dir='ltr'>Ριτεᾱίοιὶο</span> <span class='ocrx_word' id='word_1_143' title='bbox 957 2285 1286 2355; x_wconf 72' lang='lat' dir='ltr'><strong>evangeliea:</strong></span> <span class='ocrx_word' id='word_1_144' title='bbox 1328 2285 1635 2358; x_wconf 61' lang='lat' dir='ltr'><strong>Scriptura;</strong></span> <span class='ocrx_word' id='word_1_145' title='bbox 1690 2305 1721 2345; x_wconf 91' lang='lat' dir='ltr'><strong>a</strong></span> <span class='ocrx_word' id='word_1_146' title='bbox 1762 2291 1881 2363; x_wconf 82' lang='lat' dir='ltr'><strong>lege</strong></span> <span class='ocrx_word' id='word_1_147' title='bbox 1929 2299 1986 2347; x_wconf 89' lang='lat' dir='ltr'><strong>et</strong></span> 
     </span>
    </p>
   </div>
   <div class='ocr_carea' id='block_1_25' title="bbox 396 2370 1986 2451">
    <p class='ocr_par' dir='ltr' id='par_1_25' title="bbox 396 2370 1986 2451">
     <span class='ocr_line' id='line_1_25' title="bbox 396 2370 1986 2451; baseline 0.013 -30"><span class='ocrx_word' id='word_1_148' title='bbox 396 2370 677 2440; x_wconf 87' lang='lat' dir='ltr'><strong>prophetis</strong></span> <span class='ocrx_word' id='word_1_149' title='bbox 710 2373 991 2431; x_wconf 77' lang='lat' dir='ltr'><strong>aﬂirmatae</strong></span> <span class='ocrx_word' id='word_1_150' title='bbox 1022 2383 1079 2431; x_wconf 91' lang='lat' dir='ltr'><strong>et</strong></span> <span class='ocrx_word' id='word_1_151' title='bbox 1109 2380 1483 2448; x_wconf 85' lang='lat' dir='ltr'><strong>generationis</strong></span> <span class='ocrx_word' id='word_1_152' title='bbox 1519 2380 1749 2451; x_wconf 85' lang='lat' dir='ltr'><strong>Christi,</strong></span> <span class='ocrx_word' id='word_1_153' title='bbox 1792 2394 1847 2441; x_wconf 91' lang='lat' dir='ltr'><strong>et</strong></span> <span class='ocrx_word' id='word_1_154' title='bbox 1890 2385 1986 2442; x_wconf 88' lang='lat' dir='ltr'><strong>de-</strong></span> 
     </span>
    </p>
   </div>
   <div class='ocr_carea' id='block_1_26' title="bbox 397 2462 972 2521">
    <p class='ocr_par' dir='ltr' id='par_1_26' title="bbox 397 2462 972 2521">
     <span class='ocr_line' id='line_1_26' title="bbox 397 2462 972 2521; baseline 0.007 -4"><span class='ocrx_word' id='word_1_155' title='bbox 397 2462 718 2519; x_wconf 82' lang='lat' dir='ltr'><strong>struetionis</strong></span> <span class='ocrx_word' id='word_1_156' title='bbox 747 2465 972 2521; x_wconf 89' lang='lat' dir='ltr'><strong>diaboli.</strong></span> 
     </span>
    </p>
   </div>
   <div class='ocr_carea' id='block_1_27' title="bbox 467 2551 1984 2634">
    <p class='ocr_par' dir='ltr' id='par_1_27' title="bbox 467 2551 1984 2634">
     <span class='ocr_line' id='line_1_27' title="bbox 467 2551 1984 2634; baseline 0.012 -27"><span class='ocrx_word' id='word_1_157' title='bbox 467 2551 608 2610; x_wconf 83' lang='lat' dir='ltr'><strong>XIII.</strong></span> <span class='ocrx_word' id='word_1_158' title='bbox 651 2555 810 2628; x_wconf 75' lang='lat' dir='ltr'><strong>Minae</strong></span> <span class='ocrx_word' id='word_1_159' title='bbox 833 2557 888 2613; x_wconf 90' lang='lat' dir='ltr'><strong>in</strong></span> <span class='ocrx_word' id='word_1_160' title='bbox 910 2557 1149 2628; x_wconf 66' lang='lat' dir='ltr'><strong>Judmos,</strong></span> <span class='ocrx_word' id='word_1_161' title='bbox 1180 2578 1280 2631; x_wconf 92' lang='lat' dir='ltr'><strong>pro</strong></span> <span class='ocrx_word' id='word_1_162' title='bbox 1304 2579 1371 2619; x_wconf 92' lang='lat' dir='ltr'><strong>eo</strong></span> <span class='ocrx_word' id='word_1_163' title='bbox 1393 2566 1540 2634; x_wconf 88' lang='lat' dir='ltr'><strong>quod</strong></span> <span class='ocrx_word' id='word_1_164' title='bbox 1560 2567 1791 2623; x_wconf 84' lang='lat' dir='ltr'><strong>verbum</strong></span> <span class='ocrx_word' id='word_1_165' title='bbox 1812 2585 1984 2625; x_wconf 87' lang='lat' dir='ltr'><strong>evan-</strong></span> 
     </span>
    </p>
   </div>
   <div class='ocr_carea' id='block_1_28' title="bbox 398 2648 1984 2722">
    <p class='ocr_par' dir='ltr' id='par_1_28' title="bbox 398 2648 1984 2722">
     <span class='ocr_line' id='line_1_28' title="bbox 398 2648 1984 2722; baseline 0.01 -20"><span class='ocrx_word' id='word_1_166' title='bbox 398 2648 584 2716; x_wconf 80' lang='lat' dir='ltr'><strong>gelicae</strong></span> <span class='ocrx_word' id='word_1_167' title='bbox 612 2650 805 2720; x_wconf 75' lang='lat' dir='ltr'><strong>gratia:</strong></span> <span class='ocrx_word' id='word_1_168' title='bbox 839 2662 1179 2722; x_wconf 85' lang='lat' dir='ltr'><strong>renuerunt;</strong></span> <span class='ocrx_word' id='word_1_169' title='bbox 1215 2666 1273 2712; x_wconf 90' lang='lat' dir='ltr'><strong>et</strong></span> <span class='ocrx_word' id='word_1_170' title='bbox 1292 2657 1415 2713; x_wconf 87' lang='lat' dir='ltr'><strong>ideo</strong></span> <span class='ocrx_word' id='word_1_171' title='bbox 1434 2660 1535 2714; x_wconf 85' lang='lat' dir='ltr'><strong>sub</strong></span> <span class='ocrx_word' id='word_1_172' title='bbox 1561 2675 1751 2718; x_wconf 88' lang='lat' dir='ltr'><strong>errore</strong></span> <span class='ocrx_word' id='word_1_173' title='bbox 1783 2662 1984 2719; x_wconf 84' lang='lat' dir='ltr'><strong>diaboli</strong></span> 
     </span>
    </p>
   </div>
   <div class='ocr_carea' id='block_1_29' title="bbox 396 2742 1982 2823">
    <p class='ocr_par' dir='ltr' id='par_1_29' title="bbox 396 2742 1982 2823">
     <span class='ocr_line' id='line_1_29' title="bbox 396 2742 1982 2823; baseline 0.013 -32"><span class='ocrx_word' id='word_1_174' title='bbox 396 2742 787 2798; x_wconf 75' lang='lat' dir='ltr'><strong>versabuntur.</strong></span> <span class='ocrx_word' id='word_1_175' title='bbox 841 2742 908 2798; x_wconf 86' lang='lat' dir='ltr'><strong>Et</strong></span> <span class='ocrx_word' id='word_1_176' title='bbox 957 2744 1365 2803; x_wconf 79' lang='lat' dir='ltr'><strong>animadversio</strong></span> <span class='ocrx_word' id='word_1_177' title='bbox 1413 2760 1606 2807; x_wconf 88' lang='lat' dir='ltr'><strong>contra</strong></span> <span class='ocrx_word' id='word_1_178' title='bbox 1663 2753 1982 2823; x_wconf 60' lang='lat' dir='ltr'><strong>daemones,</strong></span> 
     </span>
    </p>
   </div>
   <div class='ocr_carea' id='block_1_30' title="bbox 399 2828 1984 2914">
    <p class='ocr_par' dir='ltr' id='par_1_30' title="bbox 399 2828 1984 2914">
     <span class='ocr_line' id='line_1_30' title="bbox 399 2828 1984 2914; baseline 0.012 -31"><span class='ocrx_word' id='word_1_179' title='bbox 399 2828 611 2885; x_wconf 85' lang='lat' dir='ltr'><strong>scilicet</strong></span> <span class='ocrx_word' id='word_1_180' title='bbox 637 2831 893 2900; x_wconf 85' lang='lat' dir='ltr'><strong>quamvis</strong></span> <span class='ocrx_word' id='word_1_181' title='bbox 926 2835 993 2889; x_wconf 91' lang='lat' dir='ltr'><strong>ad</strong></span> <span class='ocrx_word' id='word_1_182' title='bbox 1033 2844 1251 2907; x_wconf 86' lang='lat' dir='ltr'><strong>tempus</strong></span> <span class='ocrx_word' id='word_1_183' title='bbox 1278 2849 1469 2899; x_wconf 88' lang='lat' dir='ltr'><strong>contra</strong></span> <span class='ocrx_word' id='word_1_184' title='bbox 1505 2857 1606 2898; x_wconf 92' lang='lat' dir='ltr'><strong>nos</strong></span> <span class='ocrx_word' id='word_1_185' title='bbox 1632 2846 1984 2914; x_wconf 78' lang='lat' dir='ltr'><strong>praevaleant,</strong></span> 
     </span>
    </p>
   </div>
   <div class='ocr_carea' id='block_1_31' title="bbox 401 2924 1989 3000">
    <p class='ocr_par' dir='ltr' id='par_1_31' title="bbox 401 2924 1989 3000">
     <span class='ocr_line' id='line_1_31' title="bbox 401 2924 1989 3000; baseline 0.012 -26"><span class='ocrx_word' id='word_1_186' title='bbox 401 2929 662 2992; x_wconf 86' lang='lat' dir='ltr'><strong>attamen,</strong></span> <span class='ocrx_word' id='word_1_187' title='bbox 696 2924 808 2980; x_wconf 89' lang='lat' dir='ltr'><strong>Deo</strong></span> <span class='ocrx_word' id='word_1_188' title='bbox 834 2928 1253 3000; x_wconf 89' lang='lat' dir='ltr'><strong>eommilitante,</strong></span> <span class='ocrx_word' id='word_1_189' title='bbox 1273 2932 1583 2989; x_wconf 85' lang='lat' dir='ltr'><strong>vincentur.</strong></span> <span class='ocrx_word' id='word_1_190' title='bbox 1619 2937 1687 2991; x_wconf 86' lang='lat' dir='ltr'><strong>Et</strong></span> <span class='ocrx_word' id='word_1_191' title='bbox 1711 2939 1989 2993; x_wconf 87' lang='lat' dir='ltr'><strong>accusatio</strong></span> 
     </span>
    </p>
   </div>
   <div class='ocr_carea' id='block_1_32' title="bbox 342 3016 1985 3099">
    <p class='ocr_par' dir='ltr' id='par_1_32' title="bbox 342 3016 1985 3099">
     <span class='ocr_line' id='line_1_32' title="bbox 342 3016 1985 3099; baseline 0.004 -22"><span class='ocrx_word' id='word_1_192' title='bbox 342 3056 344 3059; x_wconf 61' lang='grc' dir='ltr'><strong>τ</strong></span> <span class='ocrx_word' id='word_1_193' title='bbox 397 3016 711 3077; x_wconf 66' lang='lat' dir='ltr'><strong>Iudaeorum</strong></span> <span class='ocrx_word' id='word_1_194' title='bbox 742 3023 888 3091; x_wconf 88' lang='lat' dir='ltr'><strong>quod</strong></span> <span class='ocrx_word' id='word_1_195' title='bbox 933 3024 1158 3080; x_wconf 88' lang='lat' dir='ltr'><strong>Christo</strong></span> <span class='ocrx_word' id='word_1_196' title='bbox 1199 3041 1309 3083; x_wconf 88' lang='lat' dir='ltr'><strong>non</strong></span> <span class='ocrx_word' id='word_1_197' title='bbox 1348 3028 1704 3095; x_wconf 81' lang='lat' dir='ltr'><strong>crediderint,</strong></span> <span class='ocrx_word' id='word_1_198' title='bbox 1745 3039 1800 3083; x_wconf 89' lang='lat' dir='ltr'><strong>et</strong></span> <span class='ocrx_word' id='word_1_199' title='bbox 1841 3030 1985 3099; x_wconf 90' lang='lat' dir='ltr'><strong>quod</strong></span> 
     </span>
    </p>
   </div>
   <div class='ocr_carea' id='block_1_33' title="bbox 401 3110 2059 3224">
    <p class='ocr_par' dir='ltr' id='par_1_33' title="bbox 401 3110 2059 3224">
     <span class='ocr_line' id='line_1_33' title="bbox 401 3110 2059 3224; baseline 0.007 -57"><span class='ocrx_word' id='word_1_200' title='bbox 401 3110 587 3167; x_wconf 81' lang='lat' dir='ltr'><strong>vivant</strong></span> <span class='ocrx_word' id='word_1_201' title='bbox 614 3112 671 3167; x_wconf 88' lang='lat' dir='ltr'><strong>in</strong></span> <span class='ocrx_word' id='word_1_202' title='bbox 720 3114 1015 3185; x_wconf 78' lang='lat' dir='ltr'><strong>Ityporrisi,</strong></span> <span class='ocrx_word' id='word_1_203' title='bbox 1049 3130 1247 3189; x_wconf 85' lang='lat' dir='ltr'><strong>sponte</strong></span> <span class='ocrx_word' id='word_1_204' title='bbox 1284 3120 1456 3191; x_wconf 86' lang='lat' dir='ltr'><strong>legem</strong></span> <span class='ocrx_word' id='word_1_205' title='bbox 1498 3122 1986 3191; x_wconf 84' lang='lat' dir='ltr'><strong>transgredientes,</strong></span> <span class='ocrx_word' id='word_1_206' title='bbox 2016 3166 2059 3224; x_wconf 60' lang='grc' dir='ltr'>Ο</span> 
     </span>
    </p>
   </div>
   <div class='ocr_carea' id='block_1_34' title="bbox 402 3205 1916 3277">
    <p class='ocr_par' dir='ltr' id='par_1_34' title="bbox 402 3205 1916 3277">
     <span class='ocr_line' id='line_1_34' title="bbox 402 3205 1916 3277; baseline 0.006 -16"><span class='ocrx_word' id='word_1_207' title='bbox 402 3213 457 3261; x_wconf 86' lang='lat' dir='ltr'><strong>et</strong></span> <span class='ocrx_word' id='word_1_208' title='bbox 491 3205 691 3263; x_wconf 77' lang='lat' dir='ltr'><strong>frustra</strong></span> <span class='ocrx_word' id='word_1_209' title='bbox 716 3207 988 3277; x_wconf 73' lang='lat' dir='ltr'><strong>iactantes</strong></span> <span class='ocrx_word' id='word_1_210' title='bbox 1014 3226 1168 3265; x_wconf 90' lang='lat' dir='ltr'><strong>suam</strong></span> <span class='ocrx_word' id='word_1_211' title='bbox 1201 3211 1258 3266; x_wconf 89' lang='lat' dir='ltr'><strong>in</strong></span> <span class='ocrx_word' id='word_1_212' title='bbox 1301 3212 1471 3268; x_wconf 88' lang='lat' dir='ltr'><strong>Deum</strong></span> <span class='ocrx_word' id='word_1_213' title='bbox 1503 3213 1916 3270; x_wconf 85' lang='lat' dir='ltr'><strong>conﬁdentiam.</strong></span> 
     </span>
    </p>
   </div>
   <div class='ocr_carea' id='block_1_35' title="bbox 472 3393 1988 3474">
    <p class='ocr_par' dir='ltr' id='par_1_35' title="bbox 472 3393 1988 3474">
     <span class='ocr_line' id='line_1_35' title="bbox 472 3393 1988 3474; baseline 0.008 -26"><span class='ocrx_word' id='word_1_214' title='bbox 472 3393 617 3450; x_wconf 81' lang='lat' dir='ltr'><strong>XIV.</strong></span> <span class='ocrx_word' id='word_1_215' title='bbox 658 3395 952 3468; x_wconf 85' lang='lat' dir='ltr'><strong>Prophetia</strong></span> <span class='ocrx_word' id='word_1_216' title='bbox 975 3399 1284 3471; x_wconf 79' lang='lat' dir='ltr'><strong>adoptionis</strong></span> <span class='ocrx_word' id='word_1_217' title='bbox 1304 3402 1541 3458; x_wconf 88' lang='lat' dir='ltr'><strong>ﬁliorum</strong></span> <span class='ocrx_word' id='word_1_218' title='bbox 1567 3419 1666 3474; x_wconf 89' lang='lat' dir='ltr'><strong>per</strong></span> <span class='ocrx_word' id='word_1_219' title='bbox 1687 3404 1988 3469; x_wconf 86' lang='lat' dir='ltr'><strong>Christum,</strong></span> 
     </span>
    </p>
   </div>
   <div class='ocr_carea' id='block_1_36' title="bbox 399 3487 1993 3564">
    <p class='ocr_par' dir='ltr' id='par_1_36' title="bbox 399 3487 1993 3564">
     <span class='ocr_line' id='line_1_36' title="bbox 399 3487 1993 3564; baseline 0.006 -21"><span class='ocrx_word' id='word_1_220' title='bbox 399 3487 553 3557; x_wconf 70' lang='lat' dir='ltr'><strong>juxta</strong></span> <span class='ocrx_word' id='word_1_221' title='bbox 588 3490 830 3559; x_wconf 86' lang='lat' dir='ltr'><strong>prodigia</strong></span> <span class='ocrx_word' id='word_1_222' title='bbox 870 3492 939 3545; x_wconf 70' lang='lat' dir='ltr'><strong>alt</strong></span> <span class='ocrx_word' id='word_1_223' title='bbox 978 3491 1097 3562; x_wconf 87' lang='lat' dir='ltr'><strong>ipso</strong></span> <span class='ocrx_word' id='word_1_224' title='bbox 1138 3495 1401 3564; x_wconf 87' lang='lat' dir='ltr'><strong>patranda</strong></span> <span class='ocrx_word' id='word_1_225' title='bbox 1453 3496 1506 3549; x_wconf 93' lang='lat' dir='ltr'><strong>in</strong></span> <span class='ocrx_word' id='word_1_226' title='bbox 1557 3494 1896 3562; x_wconf 85' lang='lat' dir='ltr'><strong>Jerusalem;</strong></span> <span class='ocrx_word' id='word_1_227' title='bbox 1937 3507 1993 3553; x_wconf 89' lang='lat' dir='ltr'><strong>et</strong></span> 
     </span>
    </p>
   </div>
   <div class='ocr_carea' id='block_1_37' title="bbox 403 3580 1989 3659">
    <p class='ocr_par' dir='ltr' id='par_1_37' title="bbox 403 3580 1989 3659">
     <span class='ocr_line' id='line_1_37' title="bbox 403 3580 1989 3659; baseline 0.008 -24"><span class='ocrx_word' id='word_1_228' title='bbox 403 3580 674 3637; x_wconf 85' lang='lat' dir='ltr'><strong>dissuasio</strong></span> <span class='ocrx_word' id='word_1_229' title='bbox 711 3598 781 3638; x_wconf 89' lang='lat' dir='ltr'><strong>ne</strong></span> <span class='ocrx_word' id='word_1_230' title='bbox 818 3584 1134 3640; x_wconf 87' lang='lat' dir='ltr'><strong>intendatur</strong></span> <span class='ocrx_word' id='word_1_231' title='bbox 1171 3586 1239 3642; x_wconf 89' lang='lat' dir='ltr'><strong>ad</strong></span> <span class='ocrx_word' id='word_1_232' title='bbox 1288 3588 1526 3657; x_wconf 86' lang='lat' dir='ltr'><strong>gentiles</strong></span> <span class='ocrx_word' id='word_1_233' title='bbox 1582 3589 1989 3659; x_wconf 85' lang='lat' dir='ltr'><strong>divinationes;</strong></span> 
     </span>
    </p>
   </div>
   <div class='ocr_carea' id='block_1_38' title="bbox 405 3675 1993 3752">
    <p class='ocr_par' dir='ltr' id='par_1_38' title="bbox 405 3675 1993 3752">
     <span class='ocr_line' id='line_1_38' title="bbox 405 3675 1993 3752; baseline 0.008 -24"><span class='ocrx_word' id='word_1_234' title='bbox 405 3684 462 3729; x_wconf 78' lang='lat' dir='ltr'><strong>et</strong></span> <span class='ocrx_word' id='word_1_235' title='bbox 488 3675 764 3731; x_wconf 84' lang='lat' dir='ltr'><strong>accusatio</strong></span> <span class='ocrx_word' id='word_1_236' title='bbox 811 3676 1127 3734; x_wconf 68' lang='lat' dir='ltr'><strong>Iudaeorum</strong></span> <span class='ocrx_word' id='word_1_237' title='bbox 1181 3678 1326 3749; x_wconf 89' lang='lat' dir='ltr'><strong>quod</strong></span> <span class='ocrx_word' id='word_1_238' title='bbox 1367 3690 1643 3750; x_wconf 88' lang='lat' dir='ltr'><strong>acceptam</strong></span> <span class='ocrx_word' id='word_1_239' title='bbox 1702 3683 1877 3752; x_wconf 85' lang='lat' dir='ltr'><strong>legem</strong></span> <span class='ocrx_word' id='word_1_240' title='bbox 1912 3683 1993 3741; x_wconf 91' lang='lat' dir='ltr'><strong>eis</strong></span> 
     </span>
    </p>
   </div>
   <div class='ocr_carea' id='block_1_39' title="bbox 404 3765 1993 3849">
    <p class='ocr_par' dir='ltr' id='par_1_39' title="bbox 404 3765 1993 3849">
     <span class='ocr_line' id='line_1_39' title="bbox 404 3765 1993 3849; baseline 0.009 -32"><span class='ocrx_word' id='word_1_241' title='bbox 404 3780 516 3817; x_wconf 78' lang='lat' dir='ltr'><strong>non</strong></span> <span class='ocrx_word' id='word_1_242' title='bbox 544 3765 860 3823; x_wconf 68' lang='lat' dir='ltr'><strong>adlimreudi</strong></span> <span class='ocrx_word' id='word_1_243' title='bbox 899 3784 1006 3823; x_wconf 88' lang='lat' dir='ltr'><strong>non</strong></span> <span class='ocrx_word' id='word_1_244' title='bbox 1040 3770 1403 3849; x_wconf 85' lang='lat' dir='ltr'><strong>servaverint,</strong></span> <span class='ocrx_word' id='word_1_245' title='bbox 1437 3781 1493 3827; x_wconf 88' lang='lat' dir='ltr'><strong>et</strong></span> <span class='ocrx_word' id='word_1_246' title='bbox 1531 3772 1655 3828; x_wconf 90' lang='lat' dir='ltr'><strong>ideo</strong></span> <span class='ocrx_word' id='word_1_247' title='bbox 1688 3773 1743 3828; x_wconf 87' lang='lat' dir='ltr'><strong>in</strong></span> <span class='ocrx_word' id='word_1_248' title='bbox 1782 3776 1993 3848; x_wconf 83' lang='lat' dir='ltr'><strong>magnis</strong></span> 
     </span>
    </p>
   </div>
   <div class='ocr_carea' id='block_1_40' title="bbox 405 3854 1101 3914">
    <p class='ocr_par' dir='ltr' id='par_1_40' title="bbox 405 3854 1101 3914">
     <span class='ocr_line' id='line_1_40' title="bbox 405 3854 1101 3914; baseline 0.007 -5"><span class='ocrx_word' id='word_1_249' title='bbox 405 3854 807 3911; x_wconf 83' lang='lat' dir='ltr'><strong>calamitatibus</strong></span> <span class='ocrx_word' id='word_1_250' title='bbox 836 3856 1101 3914; x_wconf 86' lang='lat' dir='ltr'><strong>incidunt.</strong></span> 
     </span>
    </p>
   </div>
   <div class='ocr_carea' id='block_1_41' title="bbox 380 3945 1995 4021">
    <p class='ocr_par' dir='ltr' id='par_1_41' title="bbox 380 3945 1995 4021">
     <span class='ocr_line' id='line_1_41' title="bbox 380 3945 1995 4021; baseline 0.009 -22"><span class='ocrx_word' id='word_1_251' title='bbox 380 3956 385 3963; x_wconf 86' lang='lat'>&#39;</span> <span class='ocrx_word' id='word_1_252' title='bbox 480 3945 597 4001; x_wconf 73' lang='lat' dir='ltr'><strong>XV.</strong></span> <span class='ocrx_word' id='word_1_253' title='bbox 635 3947 860 4004; x_wconf 89' lang='lat' dir='ltr'><strong>Vocatio</strong></span> <span class='ocrx_word' id='word_1_254' title='bbox 894 3951 1135 4021; x_wconf 88' lang='lat' dir='ltr'><strong>gentium</strong></span> <span class='ocrx_word' id='word_1_255' title='bbox 1185 3963 1243 4008; x_wconf 92' lang='lat' dir='ltr'><strong>et</strong></span> <span class='ocrx_word' id='word_1_256' title='bbox 1290 3952 1608 4009; x_wconf 87' lang='lat' dir='ltr'><strong>vaticinium</strong></span> <span class='ocrx_word' id='word_1_257' title='bbox 1652 3954 1995 4014; x_wconf 89' lang='lat' dir='ltr'><strong>liberationis</strong></span> 
     </span>
    </p>
   </div>
   <div class='ocr_carea' id='block_1_42' title="bbox 406 4043 1994 4117">
    <p class='ocr_par' dir='ltr' id='par_1_42' title="bbox 406 4043 1994 4117">
     <span class='ocr_line' id='line_1_42' title="bbox 406 4043 1994 4117; baseline 0.006 -23"><span class='ocrx_word' id='word_1_258' title='bbox 406 4056 619 4108; x_wconf 84' lang='lat' dir='ltr'><strong>earum,</strong></span> <span class='ocrx_word' id='word_1_259' title='bbox 641 4051 695 4097; x_wconf 89' lang='lat' dir='ltr'><strong>et</strong></span> <span class='ocrx_word' id='word_1_260' title='bbox 717 4043 935 4098; x_wconf 63' lang='lat' dir='ltr'><strong>malitia:</strong></span> <span class='ocrx_word' id='word_1_261' title='bbox 956 4046 1286 4111; x_wconf 67' lang='lat' dir='ltr'><strong>daemonum,</strong></span> <span class='ocrx_word' id='word_1_262' title='bbox 1307 4057 1362 4102; x_wconf 90' lang='lat' dir='ltr'><strong>et</strong></span> <span class='ocrx_word' id='word_1_263' title='bbox 1384 4048 1536 4117; x_wconf 86' lang='lat' dir='ltr'><strong>pravi</strong></span> <span class='ocrx_word' id='word_1_264' title='bbox 1565 4048 1665 4103; x_wconf 90' lang='lat' dir='ltr'><strong>zeli</strong></span> <span class='ocrx_word' id='word_1_265' title='bbox 1682 4047 1994 4105; x_wconf 71' lang='lat' dir='ltr'><strong>Judteorum</strong></span> 
     </span>
    </p>
   </div>
   <div class='ocr_carea' id='block_1_43' title="bbox 408 4136 1994 4210">
    <p class='ocr_par' dir='ltr' id='par_1_43' title="bbox 408 4136 1994 4210">
     <span class='ocr_line' id='line_1_43' title="bbox 408 4136 1994 4210; baseline 0.006 -23"><span class='ocrx_word' id='word_1_266' title='bbox 408 4136 479 4187; x_wconf 87' lang='lat' dir='ltr'><strong>de</strong></span> <span class='ocrx_word' id='word_1_267' title='bbox 526 4136 877 4205; x_wconf 84' lang='lat' dir='ltr'><strong>generatione</strong></span> <span class='ocrx_word' id='word_1_268' title='bbox 917 4136 1121 4193; x_wconf 88' lang='lat' dir='ltr'><strong>Christi</strong></span> <span class='ocrx_word' id='word_1_269' title='bbox 1167 4140 1262 4209; x_wconf 86' lang='lat' dir='ltr'><strong>qui</strong></span> <span class='ocrx_word' id='word_1_270' title='bbox 1322 4154 1550 4210; x_wconf 84' lang='lat' dir='ltr'><strong>regnum</strong></span> <span class='ocrx_word' id='word_1_271' title='bbox 1598 4141 1770 4197; x_wconf 89' lang='lat' dir='ltr'><strong>David</strong></span> <span class='ocrx_word' id='word_1_272' title='bbox 1827 4159 1994 4198; x_wconf 89' lang='lat' dir='ltr'><strong>reno-</strong></span> 
     </span>
    </p>
   </div>
   <div class='ocr_carea' id='block_1_44' title="bbox 410 4230 583 4278">
    <p class='ocr_par' dir='ltr' id='par_1_44' title="bbox 410 4230 583 4278">
     <span class='ocr_line' id='line_1_44' title="bbox 410 4230 583 4278; baseline -0.012 -1"><span class='ocrx_word' id='word_1_273' title='bbox 410 4230 583 4278; x_wconf 61' lang='grc' dir='ltr'>ναῖοι.</span> 
     </span>
    </p>
   </div>
   <div class='ocr_carea' id='block_1_45' title="bbox 473 4315 1994 4390">
    <p class='ocr_par' dir='ltr' id='par_1_45' title="bbox 473 4315 1994 4390">
     <span class='ocr_line' id='line_1_45' title="bbox 473 4315 1994 4390; baseline 0.005 -21"><span class='ocrx_word' id='word_1_274' title='bbox 473 4315 615 4370; x_wconf 74' lang='lat' dir='ltr'><strong>XVI.</strong></span> <span class='ocrx_word' id='word_1_275' title='bbox 656 4315 946 4370; x_wconf 68' lang='lat' dir='ltr'><strong>Prmdietio</strong></span> <span class='ocrx_word' id='word_1_276' title='bbox 991 4316 1399 4385; x_wconf 89' lang='lat' dir='ltr'><strong>corrcptionum</strong></span> <span class='ocrx_word' id='word_1_277' title='bbox 1434 4333 1465 4372; x_wconf 90' lang='lat' dir='ltr'><strong>a</strong></span> <span class='ocrx_word' id='word_1_278' title='bbox 1526 4317 1638 4372; x_wconf 91' lang='lat' dir='ltr'><strong>Deo</strong></span> <span class='ocrx_word' id='word_1_279' title='bbox 1678 4320 1994 4390; x_wconf 87' lang='lat' dir='ltr'><strong>missarum,</strong></span> 
     </span>
    </p>
   </div>
   <div class='ocr_carea' id='block_1_46' title="bbox 374 4390 1994 4480">
    <p class='ocr_par' dir='ltr' id='par_1_46' title="bbox 374 4390 1994 4480">
     <span class='ocr_line' id='line_1_46' title="bbox 374 4390 1994 4480; baseline 0.001 -17"><span class='ocrx_word' id='word_1_280' title='bbox 374 4390 377 4393; x_wconf 14' lang='grc' dir='ltr'>Ἴ</span> <span class='ocrx_word' id='word_1_281' title='bbox 410 4418 527 4464; x_wconf 90' lang='lat' dir='ltr'><strong>tum</strong></span> <span class='ocrx_word' id='word_1_282' title='bbox 553 4404 778 4468; x_wconf 68' lang='lat' dir='ltr'><strong>Iudaeis,</strong></span> <span class='ocrx_word' id='word_1_283' title='bbox 814 4415 927 4460; x_wconf 90' lang='lat' dir='ltr'><strong>tum</strong></span> <span class='ocrx_word' id='word_1_284' title='bbox 956 4406 1041 4460; x_wconf 80' lang='lat' dir='ltr'><strong>his</strong></span> <span class='ocrx_word' id='word_1_285' title='bbox 1069 4407 1159 4475; x_wconf 88' lang='lat' dir='ltr'><strong>qui</strong></span> <span class='ocrx_word' id='word_1_286' title='bbox 1187 4416 1549 4462; x_wconf 87' lang='lat' dir='ltr'><strong>contemnunt</strong></span> <span class='ocrx_word' id='word_1_287' title='bbox 1588 4424 1784 4463; x_wconf 89' lang='lat' dir='ltr'><strong>novam</strong></span> <span class='ocrx_word' id='word_1_288' title='bbox 1826 4408 1994 4480; x_wconf 87' lang='lat' dir='ltr'><strong>Sion;</strong></span> 
     </span>
    </p>
   </div>
   <div class='ocr_carea' id='block_1_47' title="bbox 410 4498 1993 4573">
    <p class='ocr_par' dir='ltr' id='par_1_47' title="bbox 410 4498 1993 4573">
     <span class='ocr_line' id='line_1_47' title="bbox 410 4498 1993 4573; baseline 0.001 -17"><span class='ocrx_word' id='word_1_289' title='bbox 410 4510 466 4556; x_wconf 87' lang='lat' dir='ltr'><strong>et</strong></span> <span class='ocrx_word' id='word_1_290' title='bbox 495 4499 765 4556; x_wconf 86' lang='lat' dir='ltr'><strong>detractio</strong></span> <span class='ocrx_word' id='word_1_291' title='bbox 794 4498 1109 4555; x_wconf 73' lang='lat' dir='ltr'><strong>Judreorum</strong></span> <span class='ocrx_word' id='word_1_292' title='bbox 1147 4499 1482 4569; x_wconf 87' lang='lat' dir='ltr'><strong>principum,</strong></span> <span class='ocrx_word' id='word_1_293' title='bbox 1529 4516 1598 4556; x_wconf 91' lang='lat' dir='ltr'><strong>eo</strong></span> <span class='ocrx_word' id='word_1_294' title='bbox 1631 4503 1778 4571; x_wconf 88' lang='lat' dir='ltr'><strong>quod</strong></span> <span class='ocrx_word' id='word_1_295' title='bbox 1815 4518 1993 4573; x_wconf 90' lang='lat' dir='ltr'><strong>popu-</strong></span> 
     </span>
    </p>
   </div>
   <div class='ocr_carea' id='block_1_48' title="bbox 412 4591 1991 4667">
    <p class='ocr_par' dir='ltr' id='par_1_48' title="bbox 412 4591 1991 4667">
     <span class='ocr_line' id='line_1_48' title="bbox 412 4591 1991 4667; baseline 0.004 -21"><span class='ocrx_word' id='word_1_296' title='bbox 412 4594 525 4647; x_wconf 89' lang='lat' dir='ltr'><strong>lum</strong></span> <span class='ocrx_word' id='word_1_297' title='bbox 566 4592 621 4646; x_wconf 91' lang='lat' dir='ltr'><strong>in</strong></span> <span class='ocrx_word' id='word_1_298' title='bbox 655 4607 901 4648; x_wconf 90' lang='lat' dir='ltr'><strong>errorem</strong></span> <span class='ocrx_word' id='word_1_299' title='bbox 939 4592 1276 4648; x_wconf 76' lang='lat' dir='ltr'><strong>induxerint.</strong></span> <span class='ocrx_word' id='word_1_300' title='bbox 1306 4591 1371 4647; x_wconf 90' lang='lat' dir='ltr'><strong>Et</strong></span> <span class='ocrx_word' id='word_1_301' title='bbox 1395 4594 1645 4650; x_wconf 88' lang='lat' dir='ltr'><strong>narratio</strong></span> <span class='ocrx_word' id='word_1_302' title='bbox 1683 4598 1991 4667; x_wconf 82' lang='lat' dir='ltr'><strong>correptio-</strong></span> 
     </span>
    </p>
   </div>
   <div class='ocr_carea' id='block_1_49' title="bbox 413 4684 1994 4757">
    <p class='ocr_par' dir='ltr' id='par_1_49' title="bbox 413 4684 1994 4757">
     <span class='ocr_line' id='line_1_49' title="bbox 413 4684 1994 4757; baseline 0.004 -20"><span class='ocrx_word' id='word_1_303' title='bbox 413 4700 544 4738; x_wconf 88' lang='lat' dir='ltr'><strong>num</strong></span> <span class='ocrx_word' id='word_1_304' title='bbox 574 4685 855 4754; x_wconf 66' lang='lat' dir='ltr'><strong>quaeipsis</strong></span> <span class='ocrx_word' id='word_1_305' title='bbox 888 4684 985 4739; x_wconf 88' lang='lat' dir='ltr'><strong>Dei</strong></span> <span class='ocrx_word' id='word_1_306' title='bbox 1020 4685 1213 4741; x_wconf 82' lang='lat' dir='ltr'><strong>dextra</strong></span> <span class='ocrx_word' id='word_1_307' title='bbox 1246 4686 1412 4742; x_wconf 77' lang='lat' dir='ltr'><strong>illata:</strong></span> <span class='ocrx_word' id='word_1_308' title='bbox 1455 4694 1608 4743; x_wconf 90' lang='lat' dir='ltr'><strong>sunt.</strong></span> <span class='ocrx_word' id='word_1_309' title='bbox 1650 4687 1716 4741; x_wconf 82' lang='lat' dir='ltr'><strong>Et</strong></span> <span class='ocrx_word' id='word_1_310' title='bbox 1762 4696 1994 4757; x_wconf 86' lang='lat' dir='ltr'><strong>questus</strong></span> 
     </span>
    </p>
   </div>
   <div class='ocr_carea' id='block_1_50' title="bbox 413 4776 1993 4848">
    <p class='ocr_par' dir='ltr' id='par_1_50' title="bbox 413 4776 1993 4848">
     <span class='ocr_line' id='line_1_50' title="bbox 413 4776 1993 4848; baseline 0.003 -16"><span class='ocrx_word' id='word_1_311' title='bbox 413 4785 606 4832; x_wconf 83' lang='lat' dir='ltr'><strong>contra</strong></span> <span class='ocrx_word' id='word_1_312' title='bbox 649 4776 836 4845; x_wconf 85' lang='lat' dir='ltr'><strong>inique</strong></span> <span class='ocrx_word' id='word_1_313' title='bbox 864 4776 1199 4846; x_wconf 84' lang='lat' dir='ltr'><strong>judicantes,</strong></span> <span class='ocrx_word' id='word_1_314' title='bbox 1247 4779 1394 4848; x_wconf 90' lang='lat' dir='ltr'><strong>quod</strong></span> <span class='ocrx_word' id='word_1_315' title='bbox 1446 4781 1719 4834; x_wconf 82' lang='lat' dir='ltr'><strong>excitetur</strong></span> <span class='ocrx_word' id='word_1_316' title='bbox 1772 4779 1854 4834; x_wconf 91' lang='lat' dir='ltr'><strong>ira</strong></span> <span class='ocrx_word' id='word_1_317' title='bbox 1897 4779 1993 4836; x_wconf 93' lang='lat' dir='ltr'><strong>Dei</strong></span> 
     </span>
    </p>
   </div>
   <div class='ocr_carea' id='block_1_51' title="bbox 414 4866 1133 4938">
    <p class='ocr_par' dir='ltr' id='par_1_51' title="bbox 414 4866 1133 4938">
     <span class='ocr_line' id='line_1_51' title="bbox 414 4866 1133 4938; baseline 0.006 -18"><span class='ocrx_word' id='word_1_318' title='bbox 414 4866 690 4938; x_wconf 61' lang='lat' dir='ltr'><strong>praecipue</strong></span> <span class='ocrx_word' id='word_1_319' title='bbox 720 4881 912 4923; x_wconf 88' lang='lat' dir='ltr'><strong>eorum</strong></span> <span class='ocrx_word' id='word_1_320' title='bbox 947 4883 1133 4924; x_wconf 88' lang='lat' dir='ltr'><strong>causa.</strong></span> 
     </span>
    </p>
   </div>
   <div class='ocr_carea' id='block_1_52' title="bbox 487 5055 1993 5129">
    <p class='ocr_par' dir='ltr' id='par_1_52' title="bbox 487 5055 1993 5129">
     <span class='ocr_line' id='line_1_52' title="bbox 487 5055 1993 5129; baseline 0.001 -15"><span class='ocrx_word' id='word_1_321' title='bbox 487 5055 650 5114; x_wconf 82' lang='lat' dir='ltr'><strong>XVll.</strong></span> <span class='ocrx_word' id='word_1_322' title='bbox 691 5056 848 5112; x_wconf 68' lang='lat' dir='ltr'><strong>Minae</strong></span> <span class='ocrx_word' id='word_1_323' title='bbox 897 5072 955 5111; x_wconf 84' lang='lat' dir='ltr'><strong>in</strong></span> <span class='ocrx_word' id='word_1_324' title='bbox 1005 5055 1280 5129; x_wconf 83' lang='lat' dir='ltr'><strong>Assyrios,</strong></span> <span class='ocrx_word' id='word_1_325' title='bbox 1324 5057 1426 5113; x_wconf 91' lang='lat' dir='ltr'><strong>sub</strong></span> <span class='ocrx_word' id='word_1_326' title='bbox 1474 5072 1709 5128; x_wconf 89' lang='lat' dir='ltr'><strong>quorum</strong></span> <span class='ocrx_word' id='word_1_327' title='bbox 1759 5074 1993 5129; x_wconf 84' lang='lat' dir='ltr'><strong>persona</strong></span> 
     </span>
    </p>
   </div>
   <div class='ocr_carea' id='block_1_53' title="bbox 413 5148 1999 5222">
    <p class='ocr_par' dir='ltr' id='par_1_53' title="bbox 413 5148 1999 5222">
     <span class='ocr_line' id='line_1_53' title="bbox 413 5148 1999 5222; baseline 0.001 -16"><span class='ocrx_word' id='word_1_328' title='bbox 413 5152 691 5208; x_wconf 66' lang='lat' dir='ltr'><strong>daemones</strong></span> <span class='ocrx_word' id='word_1_329' title='bbox 730 5149 939 5206; x_wconf 89' lang='lat' dir='ltr'><strong>indicat</strong></span> <span class='ocrx_word' id='word_1_330' title='bbox 983 5158 1193 5205; x_wconf 89' lang='lat' dir='ltr'><strong>etcum</strong></span> <span class='ocrx_word' id='word_1_331' title='bbox 1233 5148 1315 5203; x_wconf 81' lang='lat' dir='ltr'><strong>eis</strong></span> <span class='ocrx_word' id='word_1_332' title='bbox 1355 5149 1658 5220; x_wconf 85' lang='lat' dir='ltr'><strong>diabolum,</strong></span> <span class='ocrx_word' id='word_1_333' title='bbox 1706 5153 1863 5222; x_wconf 89' lang='lat' dir='ltr'><strong>quasi</strong></span> <span class='ocrx_word' id='word_1_334' title='bbox 1910 5153 1999 5207; x_wconf 82' lang='lat' dir='ltr'><strong>in-</strong></span> 
     </span>
    </p>
   </div>
   <div class='ocr_carea' id='block_1_54' title="bbox 414 5239 1995 5315">
    <p class='ocr_par' dir='ltr' id='par_1_54' title="bbox 414 5239 1995 5315">
     <span class='ocr_line' id='line_1_54' title="bbox 414 5239 1995 5315; baseline -0.001 -15"><span class='ocrx_word' id='word_1_335' title='bbox 414 5252 726 5315; x_wconf 75' lang='lat' dir='ltr'><strong>surgentem</strong></span> <span class='ocrx_word' id='word_1_336' title='bbox 777 5251 971 5297; x_wconf 88' lang='lat' dir='ltr'><strong>eontra</strong></span> <span class='ocrx_word' id='word_1_337' title='bbox 1012 5239 1207 5308; x_wconf 86' lang='lat' dir='ltr'><strong>Deum,</strong></span> <span class='ocrx_word' id='word_1_338' title='bbox 1237 5248 1294 5296; x_wconf 91' lang='lat' dir='ltr'><strong>et</strong></span> <span class='ocrx_word' id='word_1_339' title='bbox 1323 5239 1672 5297; x_wconf 84' lang='lat' dir='ltr'><strong>aﬁ&#39;eetantem</strong></span> <span class='ocrx_word' id='word_1_340' title='bbox 1714 5242 1995 5298; x_wconf 69' lang='lat' dir='ltr'><strong>universa:</strong></span> 
     </span>
    </p>
   </div>
   <div class='ocr_carea' id='block_1_55' title="bbox 418 5333 1997 5405">
    <p class='ocr_par' dir='ltr' id='par_1_55' title="bbox 418 5333 1997 5405">
     <span class='ocr_line' id='line_1_55' title="bbox 418 5333 1997 5405; baseline 0 -14"><span class='ocrx_word' id='word_1_341' title='bbox 418 5346 576 5392; x_wconf 81' lang='lat' dir='ltr'><strong>terrae</strong></span> <span class='ocrx_word' id='word_1_342' title='bbox 591 5335 1037 5397; x_wconf 86' lang='lat' dir='ltr'><strong>dominationem.</strong></span> <span class='ocrx_word' id='word_1_343' title='bbox 1066 5348 1171 5389; x_wconf 88' lang='lat' dir='ltr'><strong>nec</strong></span> <span class='ocrx_word' id='word_1_344' title='bbox 1196 5333 1530 5404; x_wconf 82' lang='lat' dir='ltr'><strong>cogitantem</strong></span> <span class='ocrx_word' id='word_1_345' title='bbox 1561 5348 1621 5389; x_wconf 89' lang='lat' dir='ltr'><strong>se</strong></span> <span class='ocrx_word' id='word_1_346' title='bbox 1645 5348 1743 5405; x_wconf 88' lang='lat' dir='ltr'><strong>per</strong></span> <span class='ocrx_word' id='word_1_347' title='bbox 1776 5350 1997 5391; x_wconf 88' lang='lat' dir='ltr'><strong>conces-</strong></span> 
     </span>
    </p>
   </div>
   <div class='ocr_carea' id='block_1_56' title="bbox 414 5423 1423 5494">
    <p class='ocr_par' dir='ltr' id='par_1_56' title="bbox 414 5423 1423 5494">
     <span class='ocr_line' id='line_1_56' title="bbox 414 5423 1423 5494; baseline -0.004 -12"><span class='ocrx_word' id='word_1_348' title='bbox 414 5428 626 5482; x_wconf 66' lang='lat' dir='ltr'><strong>sionem</strong></span> <span class='ocrx_word' id='word_1_349' title='bbox 659 5425 714 5481; x_wconf 93' lang='lat' dir='ltr'><strong>in</strong></span> <span class='ocrx_word' id='word_1_350' title='bbox 742 5423 1018 5480; x_wconf 88' lang='lat' dir='ltr'><strong>modicum</strong></span> <span class='ocrx_word' id='word_1_351' title='bbox 1048 5424 1423 5494; x_wconf 71' lang='lat' dir='ltr'><strong>praevaluisse.</strong></span> 
     </span>
    </p>
   </div>
   <div class='ocr_carea' id='block_1_57' title="bbox 485 5518 1997 5592">
    <p class='ocr_par' dir='ltr' id='par_1_57' title="bbox 485 5518 1997 5592">
     <span class='ocr_line' id='line_1_57' title="bbox 485 5518 1997 5592; baseline -0.001 -15"><span class='ocrx_word' id='word_1_352' title='bbox 485 5518 676 5577; x_wconf 76' lang='lat' dir='ltr'><strong>XVIII.</strong></span> <span class='ocrx_word' id='word_1_353' title='bbox 710 5521 983 5577; x_wconf 75' lang='lat' dir='ltr'><strong>Allocutio</strong></span> <span class='ocrx_word' id='word_1_354' title='bbox 1022 5522 1166 5576; x_wconf 88' lang='lat' dir='ltr'><strong>ﬁdeli</strong></span> <span class='ocrx_word' id='word_1_355' title='bbox 1208 5522 1412 5592; x_wconf 87' lang='lat' dir='ltr'><strong>popqu</strong></span> <span class='ocrx_word' id='word_1_356' title='bbox 1453 5538 1521 5577; x_wconf 91' lang='lat' dir='ltr'><strong>ne</strong></span> <span class='ocrx_word' id='word_1_357' title='bbox 1563 5523 1754 5577; x_wconf 88' lang='lat' dir='ltr'><strong>timeat</strong></span> <span class='ocrx_word' id='word_1_358' title='bbox 1786 5520 1997 5577; x_wconf 65' lang='lat' dir='ltr'><strong>dieme-</strong></span> 
     </span>
    </p>
   </div>
   <div class='ocr_carea' id='block_1_58' title="bbox 416 5612 1991 5685">
    <p class='ocr_par' dir='ltr' id='par_1_58' title="bbox 416 5612 1991 5685">
     <span class='ocr_line' id='line_1_58' title="bbox 416 5612 1991 5685; baseline -0.001 -18"><span class='ocrx_word' id='word_1_359' title='bbox 416 5624 537 5675; x_wconf 82' lang='lat' dir='ltr'><strong>nes,</strong></span> <span class='ocrx_word' id='word_1_360' title='bbox 589 5621 777 5680; x_wconf 88' lang='lat' dir='ltr'><strong>utpote</strong></span> <span class='ocrx_word' id='word_1_361' title='bbox 806 5627 1041 5681; x_wconf 90' lang='lat' dir='ltr'><strong>quorum</strong></span> <span class='ocrx_word' id='word_1_362' title='bbox 1072 5613 1314 5685; x_wconf 87' lang='lat' dir='ltr'><strong>tyrannis</strong></span> <span class='ocrx_word' id='word_1_363' title='bbox 1354 5629 1480 5668; x_wconf 80' lang='lat' dir='ltr'><strong>mox</strong></span> <span class='ocrx_word' id='word_1_364' title='bbox 1516 5614 1588 5668; x_wconf 90' lang='lat' dir='ltr'><strong>sit</strong></span> <span class='ocrx_word' id='word_1_365' title='bbox 1620 5612 1991 5678; x_wconf 89' lang='lat' dir='ltr'><strong>conterenda;</strong></span> 
     </span>
    </p>
   </div>
   <div class='ocr_carea' id='block_1_59' title="bbox 418 5701 1997 5773">
    <p class='ocr_par' dir='ltr' id='par_1_59' title="bbox 418 5701 1997 5773">
     <span class='ocr_line' id='line_1_59' title="bbox 418 5701 1997 5773; baseline 0.001 -15"><span class='ocrx_word' id='word_1_366' title='bbox 418 5711 476 5758; x_wconf 84' lang='lat' dir='ltr'><strong>et</strong></span> <span class='ocrx_word' id='word_1_367' title='bbox 505 5701 768 5757; x_wconf 81' lang='lat' dir='ltr'><strong>iudicium</strong></span> <span class='ocrx_word' id='word_1_368' title='bbox 805 5704 1142 5770; x_wconf 86' lang='lat' dir='ltr'><strong>operationis</strong></span> <span class='ocrx_word' id='word_1_369' title='bbox 1177 5704 1460 5760; x_wconf 75' lang='lat' dir='ltr'><strong>diabolica:</strong></span> <span class='ocrx_word' id='word_1_370' title='bbox 1491 5720 1655 5773; x_wconf 89' lang='lat' dir='ltr'><strong>quam</strong></span> <span class='ocrx_word' id='word_1_371' title='bbox 1695 5704 1749 5758; x_wconf 88' lang='lat' dir='ltr'><strong>in</strong></span> <span class='ocrx_word' id='word_1_372' title='bbox 1794 5704 1997 5760; x_wconf 66' lang='lat' dir='ltr'><strong>Iudaeis</strong></span> 
     </span>
    </p>
   </div>
   <div class='ocr_carea' id='block_1_60' title="bbox 423 5787 1997 5865">
    <p class='ocr_par' dir='ltr' id='par_1_60' title="bbox 423 5787 1997 5865">
     <span class='ocr_line' id='line_1_60' title="bbox 423 5787 1997 5865; baseline 0.004 -21"><span class='ocrx_word' id='word_1_373' title='bbox 423 5804 523 5860; x_wconf 84' lang='lat' dir='ltr'><strong>per</strong></span> <span class='ocrx_word' id='word_1_374' title='bbox 548 5787 749 5843; x_wconf 82' lang='lat' dir='ltr'><strong>caedem</strong></span> <span class='ocrx_word' id='word_1_375' title='bbox 779 5804 1077 5864; x_wconf 86' lang='lat' dir='ltr'><strong>puerorum</strong></span> <span class='ocrx_word' id='word_1_376' title='bbox 1120 5794 1188 5849; x_wconf 88' lang='lat' dir='ltr'><strong>ab</strong></span> <span class='ocrx_word' id='word_1_377' title='bbox 1224 5794 1435 5848; x_wconf 86' lang='lat' dir='ltr'><strong>llerode</strong></span> <span class='ocrx_word' id='word_1_378' title='bbox 1464 5803 1823 5849; x_wconf 81' lang='lat' dir='ltr'><strong>mactatorum</strong></span> <span class='ocrx_word' id='word_1_379' title='bbox 1861 5810 1997 5865; x_wconf 89' lang='lat' dir='ltr'><strong>ope-</strong></span> 
     </span>
    </p>
   </div>
   <div class='ocr_carea' id='block_1_61' title="bbox 2083 538 3670 618">
    <p class='ocr_par' dir='ltr' id='par_1_61' title="bbox 2083 538 3670 618">
     <span class='ocr_line' id='line_1_61' title="bbox 2083 538 3670 618; baseline -0.001 -21"><span class='ocrx_word' id='word_1_380' title='bbox 2083 538 2158 598; x_wconf 83' lang='grc' dir='ltr'>ὧν</span> <span class='ocrx_word' id='word_1_381' title='bbox 2197 539 2346 599; x_wconf 74' lang='grc' dir='ltr'>οὗτοι</span> <span class='ocrx_word' id='word_1_382' title='bbox 2375 546 2739 618; x_wconf 77' lang='grc' dir='ltr'>τιμωρεῖσθαι</span> <span class='ocrx_word' id='word_1_383' title='bbox 2763 543 3049 615; x_wconf 73' lang='grc' dir='ltr'>μέλλουσιο</span> <span class='ocrx_word' id='word_1_384' title='bbox 3078 542 3177 597; x_wconf 76' lang='grc' dir='ltr'>καὶ</span> <span class='ocrx_word' id='word_1_385' title='bbox 3207 541 3503 612; x_wconf 76' lang='grc' dir='ltr'><strong>ὑπόσχεσις</strong></span> <span class='ocrx_word' id='word_1_386' title='bbox 3530 541 3670 610; x_wconf 82' lang='grc' dir='ltr'>κλή-</span> 
     </span>
    </p>
   </div>
   <div class='ocr_carea' id='block_1_62' title="bbox 2083 633 3670 708">
    <p class='ocr_par' dir='ltr' id='par_1_62' title="bbox 2083 633 3670 708">
     <span class='ocr_line' id='line_1_62' title="bbox 2083 633 3670 708; baseline -0.001 -19"><span class='ocrx_word' id='word_1_387' title='bbox 2083 653 2221 701; x_wconf 89' lang='grc' dir='ltr'>σεως</span> <span class='ocrx_word' id='word_1_388' title='bbox 2252 639 2448 705; x_wconf 79' lang='grc' dir='ltr'>ὲθνῶν,</span> <span class='ocrx_word' id='word_1_389' title='bbox 2481 640 2578 695; x_wconf 74' lang='grc' dir='ltr'><strong>καὶ</strong></span> <span class='ocrx_word' id='word_1_390' title='bbox 2609 638 2977 696; x_wconf 81' lang='grc' dir='ltr'>ἁποστολικοῦ</span> <span class='ocrx_word' id='word_1_391' title='bbox 3019 635 3401 708; x_wconf 78' lang='grc' dir='ltr'><strong>κηρύγματος,</strong></span> <span class='ocrx_word' id='word_1_392' title='bbox 3436 634 3533 688; x_wconf 86' lang='grc' dir='ltr'><strong>καί</strong></span> <span class='ocrx_word' id='word_1_393' title='bbox 3571 633 3670 688; x_wconf 88' lang='grc' dir='ltr'>θο-</span> 
     </span>
    </p>
   </div>
   <div class='ocr_carea' id='block_1_63' title="bbox 2081 728 3542 803">
    <p class='ocr_par' dir='ltr' id='par_1_63' title="bbox 2081 728 3542 803">
     <span class='ocr_line' id='line_1_63' title="bbox 2081 728 3542 803; baseline 0.001 -22"><span class='ocrx_word' id='word_1_394' title='bbox 2081 729 2248 800; x_wconf 75' lang='grc' dir='ltr'>ρύϐου</span> <span class='ocrx_word' id='word_1_395' title='bbox 2280 731 2341 785; x_wconf 75' lang='grc' dir='ltr'>ὃν</span> <span class='ocrx_word' id='word_1_396' title='bbox 2367 732 2620 788; x_wconf 71' lang='grc' dir='ltr'>ἐντεῦθεν</span> <span class='ocrx_word' id='word_1_397' title='bbox 2644 731 2875 803; x_wconf 76' lang='grc' dir='ltr'>ἔμελλεν</span> <span class='ocrx_word' id='word_1_398' title='bbox 2895 733 2924 785; x_wconf 87' lang='grc' dir='ltr'><strong>ό</strong></span> <span class='ocrx_word' id='word_1_399' title='bbox 2954 729 3206 793; x_wconf 78' lang='grc' dir='ltr'>διάσολος</span> <span class='ocrx_word' id='word_1_400' title='bbox 3237 728 3542 783; x_wconf 84' lang='grc' dir='ltr'>πείσεσθαι.</span> 
     </span>
    </p>
   </div>
   <div class='ocr_carea' id='block_1_64' title="bbox 2155 819 3669 897">
    <p class='ocr_par' dir='ltr' id='par_1_64' title="bbox 2155 819 3669 897">
     <span class='ocr_line' id='line_1_64' title="bbox 2155 819 3669 897; baseline -0.002 -22"><span class='ocrx_word' id='word_1_401' title='bbox 2155 821 2221 876; x_wconf 88' lang='grc' dir='ltr'>θ’.</span> <span class='ocrx_word' id='word_1_402' title='bbox 2260 822 2480 896; x_wconf 80' lang='grc' dir='ltr'><strong>Θεωρία</strong></span> <span class='ocrx_word' id='word_1_403' title='bbox 2498 824 2656 895; x_wconf 77' lang='grc' dir='ltr'>δόξης</span> <span class='ocrx_word' id='word_1_404' title='bbox 2673 822 2832 889; x_wconf 87' lang='grc' dir='ltr'>Θεοῦ,</span> <span class='ocrx_word' id='word_1_405' title='bbox 2863 823 2961 876; x_wconf 81' lang='grc' dir='ltr'>καὶ</span> <span class='ocrx_word' id='word_1_406' title='bbox 2990 822 3096 897; x_wconf 74' lang='grc' dir='ltr'>τῆς</span> <span class='ocrx_word' id='word_1_407' title='bbox 3121 821 3231 876; x_wconf 85' lang='grc' dir='ltr'>τῶν</span> <span class='ocrx_word' id='word_1_408' title='bbox 3251 821 3505 890; x_wconf 78' lang='grc' dir='ltr'>Σεραφὶμ</span> <span class='ocrx_word' id='word_1_409' title='bbox 3530 819 3669 873; x_wconf 84' lang='grc' dir='ltr'>στά-</span> 
     </span>
    </p>
   </div>
   <div class='ocr_carea' id='block_1_65' title="bbox 2082 910 3666 986">
    <p class='ocr_par' dir='ltr' id='par_1_65' title="bbox 2082 910 3666 986">
     <span class='ocr_line' id='line_1_65' title="bbox 2082 910 3666 986; baseline -0.001 -22"><span class='ocrx_word' id='word_1_410' title='bbox 2082 910 2221 976; x_wconf 84' lang='grc' dir='ltr'>σεώς</span> <span class='ocrx_word' id='word_1_411' title='bbox 2250 929 2309 966; x_wconf 91' lang='grc' dir='ltr'><strong>τε</strong></span> <span class='ocrx_word' id='word_1_412' title='bbox 2332 916 2426 968; x_wconf 74' lang='grc' dir='ltr'><strong>καὶ</strong></span> <span class='ocrx_word' id='word_1_413' title='bbox 2444 914 2723 986; x_wconf 83' lang='grc' dir='ltr'>ὑμνῳδίας</span> <span class='ocrx_word' id='word_1_414' title='bbox 2747 931 2760 945; x_wconf 88' lang='grc'>·</span> <span class='ocrx_word' id='word_1_415' title='bbox 2780 914 2877 968; x_wconf 62' lang='grc' dir='ltr'><strong>καί¹</strong></span> <span class='ocrx_word' id='word_1_416' title='bbox 2896 912 3201 985; x_wconf 83' lang='grc' dir='ltr'>χειροτονία</span> <span class='ocrx_word' id='word_1_417' title='bbox 3224 911 3318 966; x_wconf 90' lang='grc' dir='ltr'><strong>τοῦ</strong></span> <span class='ocrx_word' id='word_1_418' title='bbox 3357 911 3666 981; x_wconf 79' lang='grc' dir='ltr'><strong>προφήτου,</strong></span> 
     </span>
    </p>
   </div>
   <div class='ocr_carea' id='block_1_66' title="bbox 2080 1003 3670 1077">
    <p class='ocr_par' dir='ltr' id='par_1_66' title="bbox 2080 1003 3670 1077">
     <span class='ocr_line' id='line_1_66' title="bbox 2080 1003 3670 1077; baseline -0.001 -20"><span class='ocrx_word' id='word_1_419' title='bbox 2080 1005 2462 1077; x_wconf 81' lang='grc' dir='ltr'>κατηγορῆσαι</span> <span class='ocrx_word' id='word_1_420' title='bbox 2497 1006 2608 1061; x_wconf 86' lang='grc' dir='ltr'><strong>τῶν</strong></span> <span class='ocrx_word' id='word_1_421' title='bbox 2662 1005 2937 1061; x_wconf 77' lang='grc' dir='ltr'><strong>Ἰουδαίων</strong></span> <span class='ocrx_word' id='word_1_422' title='bbox 2971 1003 3339 1075; x_wconf 70' lang='grc' dir='ltr'><strong>πεμφθέντος,</strong></span> <span class='ocrx_word' id='word_1_423' title='bbox 3371 1004 3463 1057; x_wconf 72' lang='grc' dir='ltr'><strong>καὶ</strong></span> <span class='ocrx_word' id='word_1_424' title='bbox 3491 1004 3670 1073; x_wconf 83' lang='grc' dir='ltr'>κηρύ-</span> 
     </span>
    </p>
   </div>
   <div class='ocr_carea' id='block_1_67' title="bbox 2082 1096 3541 1169">
    <p class='ocr_par' dir='ltr' id='par_1_67' title="bbox 2082 1096 3541 1169">
     <span class='ocr_line' id='line_1_67' title="bbox 2082 1096 3541 1169; baseline -0.001 -18"><span class='ocrx_word' id='word_1_425' title='bbox 2082 1096 2170 1160; x_wconf 86' lang='grc' dir='ltr'><strong>ξαι</strong></span> <span class='ocrx_word' id='word_1_426' title='bbox 2191 1096 2337 1169; x_wconf 82' lang='grc' dir='ltr'>ἆπερ</span> <span class='ocrx_word' id='word_1_427' title='bbox 2365 1099 2430 1152; x_wconf 79' lang='grc' dir='ltr'>ἐκ</span> <span class='ocrx_word' id='word_1_428' title='bbox 2459 1099 2557 1169; x_wconf 77' lang='grc' dir='ltr'><strong>τῆς</strong></span> <span class='ocrx_word' id='word_1_429' title='bbox 2595 1099 2848 1168; x_wconf 81' lang='grc' dir='ltr'><strong>ὑπακοῆς</strong></span> <span class='ocrx_word' id='word_1_430' title='bbox 2868 1098 3093 1169; x_wconf 75' lang='grc' dir='ltr'>ἔμελλον</span> <span class='ocrx_word' id='word_1_431' title='bbox 3117 1097 3541 1168; x_wconf 82' lang='grc' dir='ltr'>ὑποστήσεσθαι.</span> 
     </span>
    </p>
   </div>
   <div class='ocr_carea' id='block_1_68' title="bbox 2154 1187 3672 1263">
    <p class='ocr_par' dir='ltr' id='par_1_68' title="bbox 2154 1187 3672 1263">
     <span class='ocr_line' id='line_1_68' title="bbox 2154 1187 3672 1263; baseline 0.001 -21"><span class='ocrx_word' id='word_1_432' title='bbox 2154 1187 2206 1242; x_wconf 88' lang='grc' dir='ltr'>ι’.</span> <span class='ocrx_word' id='word_1_433' title='bbox 2246 1191 2513 1263; x_wconf 87' lang='grc' dir='ltr'>Διήγησις</span> <span class='ocrx_word' id='word_1_434' title='bbox 2537 1190 2631 1244; x_wconf 85' lang='grc' dir='ltr'><strong>τοῦ</strong></span> <span class='ocrx_word' id='word_1_435' title='bbox 2663 1190 2927 1261; x_wconf 74' lang='grc' dir='ltr'>βασιλέως</span> <span class='ocrx_word' id='word_1_436' title='bbox 2947 1191 3262 1263; x_wconf 78' lang='grc' dir='ltr'><strong>Σαμαρείας</strong></span> <span class='ocrx_word' id='word_1_437' title='bbox 3288 1192 3432 1246; x_wconf 69' lang='grc' dir='ltr'>κατὰ</span> <span class='ocrx_word' id='word_1_438' title='bbox 3448 1190 3542 1244; x_wconf 89' lang='grc' dir='ltr'><strong>τοῦ</strong></span> <span class='ocrx_word' id='word_1_439' title='bbox 3570 1189 3672 1261; x_wconf 81' lang='grc' dir='ltr'><strong>βα-</strong></span> 
     </span>
    </p>
   </div>
   <div class='ocr_carea' id='block_1_69' title="bbox 2083 1280 3671 1353">
    <p class='ocr_par' dir='ltr' id='par_1_69' title="bbox 2083 1280 3671 1353">
     <span class='ocr_line' id='line_1_69' title="bbox 2083 1280 3671 1353; baseline 0 -19"><span class='ocrx_word' id='word_1_440' title='bbox 2083 1280 2275 1343; x_wconf 80' lang='grc' dir='ltr'>σιλέως</span> <span class='ocrx_word' id='word_1_441' title='bbox 2309 1282 2410 1351; x_wconf 85' lang='grc' dir='ltr'>τῆς</span> <span class='ocrx_word' id='word_1_442' title='bbox 2439 1282 2697 1347; x_wconf 88' lang='grc' dir='ltr'>Ἰουδαίας</span> <span class='ocrx_word' id='word_1_443' title='bbox 2737 1282 3160 1347; x_wconf 72' lang='grc' dir='ltr'><strong>ἐπαναστάσεως</strong></span> <span class='ocrx_word' id='word_1_444' title='bbox 3179 1300 3195 1315; x_wconf 86' lang='grc'><strong>·</strong></span> <span class='ocrx_word' id='word_1_445' title='bbox 3227 1284 3323 1337; x_wconf 76' lang='grc' dir='ltr'><strong>καὶ</strong></span> <span class='ocrx_word' id='word_1_446' title='bbox 3338 1283 3671 1353; x_wconf 77' lang='grc' dir='ltr'><strong>πρόσταγμα</strong></span> 
     </span>
    </p>
   </div>
   <div class='ocr_carea' id='block_1_70' title="bbox 2080 1371 3673 1447">
    <p class='ocr_par' dir='ltr' id='par_1_70' title="bbox 2080 1371 3673 1447">
     <span class='ocr_line' id='line_1_70' title="bbox 2080 1371 3673 1447; baseline 0.003 -23"><span class='ocrx_word' id='word_1_447' title='bbox 2080 1371 2177 1425; x_wconf 90' lang='grc' dir='ltr'><strong>τοῦ</strong></span> <span class='ocrx_word' id='word_1_448' title='bbox 2211 1371 2348 1425; x_wconf 82' lang='grc' dir='ltr'><strong>Θεοῦ</strong></span> <span class='ocrx_word' id='word_1_449' title='bbox 2391 1373 2526 1443; x_wconf 82' lang='grc' dir='ltr'>πρὸς</span> <span class='ocrx_word' id='word_1_450' title='bbox 2558 1374 2648 1428; x_wconf 80' lang='grc' dir='ltr'><strong>τδν</strong></span> <span class='ocrx_word' id='word_1_451' title='bbox 2702 1376 3012 1447; x_wconf 62' lang='grc' dir='ltr'>προφήτην,</span> <span class='ocrx_word' id='word_1_452' title='bbox 3045 1373 3542 1446; x_wconf 73' lang='grc' dir='ltr'>παραθαρρύνοντα</span> <span class='ocrx_word' id='word_1_453' title='bbox 3576 1375 3673 1428; x_wconf 63' lang='grc' dir='ltr'><strong>τὸν</strong></span> 
     </span>
    </p>
   </div>
   <div class='ocr_carea' id='block_1_71' title="bbox 2085 1464 3672 1535">
    <p class='ocr_par' dir='ltr' id='par_1_71' title="bbox 2085 1464 3672 1535">
     <span class='ocr_line' id='line_1_71' title="bbox 2085 1464 3672 1535; baseline 0.001 -19"><span class='ocrx_word' id='word_1_454' title='bbox 2085 1464 2306 1534; x_wconf 85' lang='grc' dir='ltr'>βασιλέα</span> <span class='ocrx_word' id='word_1_455' title='bbox 2349 1465 2444 1534; x_wconf 82' lang='grc' dir='ltr'>τῆς</span> <span class='ocrx_word' id='word_1_456' title='bbox 2481 1465 2763 1535; x_wconf 73' lang='grc' dir='ltr'><strong>Ἰουδαίας,</strong></span> <span class='ocrx_word' id='word_1_457' title='bbox 2811 1466 2888 1531; x_wconf 80' lang='grc' dir='ltr'>ὡς</span> <span class='ocrx_word' id='word_1_458' title='bbox 2941 1467 3051 1521; x_wconf 83' lang='grc' dir='ltr'><strong>τῶν</strong></span> <span class='ocrx_word' id='word_1_459' title='bbox 3099 1466 3528 1520; x_wconf 75' lang='grc' dir='ltr'>ἐπαναστάντων</span> <span class='ocrx_word' id='word_1_460' title='bbox 3545 1467 3672 1520; x_wconf 78' lang='grc' dir='ltr'>κατ’</span> 
     </span>
    </p>
   </div>
   <div class='ocr_carea' id='block_1_72' title="bbox 2082 1556 3673 1630">
    <p class='ocr_par' dir='ltr' id='par_1_72' title="bbox 2082 1556 3673 1630">
     <span class='ocr_line' id='line_1_72' title="bbox 2082 1556 3673 1630; baseline 0.001 -21"><span class='ocrx_word' id='word_1_461' title='bbox 2082 1556 2250 1610; x_wconf 83' lang='grc' dir='ltr'>αὑτοῦ</span> <span class='ocrx_word' id='word_1_462' title='bbox 2320 1557 2552 1627; x_wconf 78' lang='grc' dir='ltr'>μάταια.</span> <span class='ocrx_word' id='word_1_463' title='bbox 2585 1558 3062 1630; x_wconf 82' lang='grc' dir='ltr'>βουλευσαμένων,</span> <span class='ocrx_word' id='word_1_464' title='bbox 3103 1559 3405 1630; x_wconf 83' lang='grc' dir='ltr'>μελλούσης</span> <span class='ocrx_word' id='word_1_465' title='bbox 3465 1558 3519 1612; x_wconf 84' lang='grc' dir='ltr'>δὲ</span> <span class='ocrx_word' id='word_1_466' title='bbox 3568 1558 3673 1627; x_wconf 75' lang='grc' dir='ltr'>τῆς</span> 
     </span>
    </p>
   </div>
   <div class='ocr_carea' id='block_1_73' title="bbox 2084 1649 3669 1722">
    <p class='ocr_par' dir='ltr' id='par_1_73' title="bbox 2084 1649 3669 1722">
     <span class='ocr_line' id='line_1_73' title="bbox 2084 1649 3669 1722; baseline 0.001 -22"><span class='ocrx_word' id='word_1_467' title='bbox 2084 1649 2403 1718; x_wconf 76' lang='grc' dir='ltr'>Σαμαρείας</span> <span class='ocrx_word' id='word_1_468' title='bbox 2428 1650 2532 1703; x_wconf 76' lang='grc' dir='ltr'><strong>ὑπὸ</strong></span> <span class='ocrx_word' id='word_1_469' title='bbox 2550 1650 2650 1722; x_wconf 86' lang='grc' dir='ltr'><strong>τὴν</strong></span> <span class='ocrx_word' id='word_1_470' title='bbox 2681 1650 2961 1722; x_wconf 85' lang='grc' dir='ltr'>βασιλείαν</span> <span class='ocrx_word' id='word_1_471' title='bbox 2990 1652 3294 1722; x_wconf 73' lang='grc' dir='ltr'>Ἀσσυρίων</span> <span class='ocrx_word' id='word_1_472' title='bbox 3321 1650 3669 1721; x_wconf 80' lang='grc' dir='ltr'>γενήσεσθαι.</span> 
     </span>
    </p>
   </div>
   <div class='ocr_carea' id='block_1_74' title="bbox 2159 1739 3673 1815">
    <p class='ocr_par' dir='ltr' id='par_1_74' title="bbox 2159 1739 3673 1815">
     <span class='ocr_line' id='line_1_74' title="bbox 2159 1739 3673 1815; baseline 0 -22"><span class='ocrx_word' id='word_1_473' title='bbox 2159 1739 2250 1797; x_wconf 90' lang='grc' dir='ltr'>ια’.</span> <span class='ocrx_word' id='word_1_474' title='bbox 2295 1741 2613 1813; x_wconf 59' lang='grc' dir='ltr'>Προφήτεία</span> <span class='ocrx_word' id='word_1_475' title='bbox 2640 1745 2739 1814; x_wconf 78' lang='grc' dir='ltr'>τῆς</span> <span class='ocrx_word' id='word_1_476' title='bbox 2768 1743 2867 1797; x_wconf 85' lang='grc' dir='ltr'><strong>τοῦ</strong></span> <span class='ocrx_word' id='word_1_477' title='bbox 2895 1744 3149 1815; x_wconf 86' lang='grc' dir='ltr'>Σωτῆρος</span> <span class='ocrx_word' id='word_1_478' title='bbox 3174 1746 3237 1797; x_wconf 81' lang='grc' dir='ltr'><strong>ὲκ</strong></span> <span class='ocrx_word' id='word_1_479' title='bbox 3260 1743 3363 1812; x_wconf 85' lang='grc' dir='ltr'>τῆς</span> <span class='ocrx_word' id='word_1_480' title='bbox 3391 1742 3673 1813; x_wconf 79' lang='grc' dir='ltr'>Παρθένου</span> 
     </span>
    </p>
   </div>
   <div class='ocr_carea' id='block_1_75' title="bbox 2084 1829 3673 1906">
    <p class='ocr_par' dir='ltr' id='par_1_75' title="bbox 2084 1829 3673 1906">
     <span class='ocr_line' id='line_1_75' title="bbox 2084 1829 3673 1906; baseline 0.001 -23"><span class='ocrx_word' id='word_1_481' title='bbox 2084 1832 2184 1900; x_wconf 81' lang='grc' dir='ltr'>τῆς</span> <span class='ocrx_word' id='word_1_482' title='bbox 2210 1832 2475 1886; x_wconf 79' lang='grc' dir='ltr'>Θεοτόκου</span> <span class='ocrx_word' id='word_1_483' title='bbox 2510 1836 2851 1906; x_wconf 81' lang='grc' dir='ltr'>γεννήσεως·</span> <span class='ocrx_word' id='word_1_484' title='bbox 2889 1835 2983 1888; x_wconf 68' lang='grc' dir='ltr'><strong>καὶ</strong></span> <span class='ocrx_word' id='word_1_485' title='bbox 3017 1829 3093 1889; x_wconf 81' lang='grc' dir='ltr'>ὧν</span> <span class='ocrx_word' id='word_1_486' title='bbox 3122 1836 3149 1887; x_wconf 85' lang='grc' dir='ltr'>ὁ</span> <span class='ocrx_word' id='word_1_487' title='bbox 3182 1834 3417 1905; x_wconf 84' lang='grc' dir='ltr'>Χριστὸς</span> <span class='ocrx_word' id='word_1_488' title='bbox 3456 1833 3673 1902; x_wconf 87' lang='grc' dir='ltr'>Θαυμα-</span> 
     </span>
    </p>
   </div>
   <div class='ocr_carea' id='block_1_76' title="bbox 2083 1916 3676 1996">
    <p class='ocr_par' dir='ltr' id='par_1_76' title="bbox 2083 1916 3676 1996">
     <span class='ocr_line' id='line_1_76' title="bbox 2083 1916 3676 1996; baseline 0.002 -23"><span class='ocrx_word' id='word_1_489' title='bbox 2083 1923 2338 1992; x_wconf 86' lang='grc' dir='ltr'>τουργεϊν</span> <span class='ocrx_word' id='word_1_490' title='bbox 2381 1921 2462 1975; x_wconf 78' lang='grc' dir='ltr'>ἔτι</span> <span class='ocrx_word' id='word_1_491' title='bbox 2497 1922 2696 1994; x_wconf 73' lang='grc' dir='ltr'>βρέφος</span> <span class='ocrx_word' id='word_1_492' title='bbox 2733 1916 3094 1994; x_wconf 75' lang='grc' dir='ltr'>ὤν’έμελλεν,</span> <span class='ocrx_word' id='word_1_493' title='bbox 3132 1924 3305 1996; x_wconf 80' lang='grc' dir='ltr'>αὐτήν</span> <span class='ocrx_word' id='word_1_494' title='bbox 3326 1940 3385 1978; x_wconf 87' lang='grc' dir='ltr'><strong>τε</strong></span> <span class='ocrx_word' id='word_1_495' title='bbox 3408 1924 3505 1993; x_wconf 78' lang='grc' dir='ltr'><strong>τήν</strong></span> <span class='ocrx_word' id='word_1_496' title='bbox 3540 1922 3676 1976; x_wconf 86' lang='grc' dir='ltr'>Ἰου-</span> 
     </span>
    </p>
   </div>
   <div class='ocr_carea' id='block_1_77' title="bbox 2083 2012 3679 2088">
    <p class='ocr_par' dir='ltr' id='par_1_77' title="bbox 2083 2012 3679 2088">
     <span class='ocr_line' id='line_1_77' title="bbox 2083 2012 3679 2088; baseline 0.001 -23"><span class='ocrx_word' id='word_1_497' title='bbox 2083 2012 2242 2066; x_wconf 88' lang='grc' dir='ltr'>δαίαν</span> <span class='ocrx_word' id='word_1_498' title='bbox 2265 2014 2598 2087; x_wconf 79' lang='grc' dir='ltr'>εὐεργετῶν,</span> <span class='ocrx_word' id='word_1_499' title='bbox 2632 2018 2727 2070; x_wconf 77' lang='grc' dir='ltr'>καὶ</span> <span class='ocrx_word' id='word_1_500' title='bbox 2757 2017 2823 2070; x_wconf 81' lang='grc' dir='ltr'><strong>τὰ</strong></span> <span class='ocrx_word' id='word_1_501' title='bbox 2849 2017 2978 2088; x_wconf 77' lang='grc' dir='ltr'>ἔθνη</span> <span class='ocrx_word' id='word_1_502' title='bbox 3017 2017 3224 2082; x_wconf 85' lang='grc' dir='ltr'>καλῶν,</span> <span class='ocrx_word' id='word_1_503' title='bbox 3251 2018 3345 2070; x_wconf 74' lang='grc' dir='ltr'>καὶ</span> <span class='ocrx_word' id='word_1_504' title='bbox 3374 2016 3467 2070; x_wconf 77' lang='grc' dir='ltr'><strong>τὸν</strong></span> <span class='ocrx_word' id='word_1_505' title='bbox 3494 2014 3679 2069; x_wconf 78' lang='grc' dir='ltr'>διάϐο-</span> 
     </span>
    </p>
   </div>
   <div class='ocr_carea' id='block_1_78' title="bbox 2083 2106 3679 2181">
    <p class='ocr_par' dir='ltr' id='par_1_78' title="bbox 2083 2106 3679 2181">
     <span class='ocr_line' id='line_1_78' title="bbox 2083 2106 3679 2181; baseline 0.001 -22"><span class='ocrx_word' id='word_1_506' title='bbox 2083 2106 2177 2162; x_wconf 87' lang='grc' dir='ltr'><strong>λον</strong></span> <span class='ocrx_word' id='word_1_507' title='bbox 2227 2109 2545 2180; x_wconf 81' lang='grc' dir='ltr'>καταργῷν,</span> <span class='ocrx_word' id='word_1_508' title='bbox 2599 2110 2697 2164; x_wconf 74' lang='grc' dir='ltr'>καὶ</span> <span class='ocrx_word' id='word_1_509' title='bbox 2740 2110 2840 2181; x_wconf 83' lang='grc' dir='ltr'>τὴν</span> <span class='ocrx_word' id='word_1_510' title='bbox 2895 2110 3062 2181; x_wconf 80' lang='grc' dir='ltr'>χάριν</span> <span class='ocrx_word' id='word_1_511' title='bbox 3101 2110 3395 2180; x_wconf 78' lang='grc' dir='ltr'>πηγάζων,</span> <span class='ocrx_word' id='word_1_512' title='bbox 3442 2110 3538 2161; x_wconf 72' lang='grc' dir='ltr'><strong>καὶ</strong></span> <span class='ocrx_word' id='word_1_513' title='bbox 3576 2106 3679 2174; x_wconf 79' lang='grc' dir='ltr'>τὴν</span> 
     </span>
    </p>
   </div>
   <div class='ocr_carea' id='block_1_79' title="bbox 2084 2198 3676 2274">
    <p class='ocr_par' dir='ltr' id='par_1_79' title="bbox 2084 2198 3676 2274">
     <span class='ocr_line' id='line_1_79' title="bbox 2084 2198 3676 2274; baseline 0.001 -21"><span class='ocrx_word' id='word_1_514' title='bbox 2084 2200 2367 2270; x_wconf 86' lang='grc' dir='ltr'>ἀκαρπίαν</span> <span class='ocrx_word' id='word_1_515' title='bbox 2382 2203 2482 2272; x_wconf 83' lang='grc' dir='ltr'>τῆς</span> <span class='ocrx_word' id='word_1_516' title='bbox 2495 2202 2598 2273; x_wconf 81' lang='grc' dir='ltr'>γῆς</span> <span class='ocrx_word' id='word_1_517' title='bbox 2618 2203 2698 2266; x_wconf 83' lang='grc' dir='ltr'>εἰς</span> <span class='ocrx_word' id='word_1_518' title='bbox 2718 2201 2929 2272; x_wconf 80' lang='grc' dir='ltr'>ἀρετῶν</span> <span class='ocrx_word' id='word_1_519' title='bbox 2945 2202 3314 2274; x_wconf 78' lang='grc' dir='ltr'>καρπογονίαν</span> <span class='ocrx_word' id='word_1_520' title='bbox 3335 2198 3676 2271; x_wconf 78' lang='grc' dir='ltr'>μεταβαλών.</span> 
     </span>
    </p>
   </div>
   <div class='ocr_carea' id='block_1_80' title="bbox 2155 2290 3680 2365">
    <p class='ocr_par' dir='ltr' id='par_1_80' title="bbox 2155 2290 3680 2365">
     <span class='ocr_line' id='line_1_80' title="bbox 2155 2290 3680 2365; baseline -0.002 -20"><span class='ocrx_word' id='word_1_521' title='bbox 2155 2292 2243 2362; x_wconf 78' lang='grc' dir='ltr'>ιβ’.</span> <span class='ocrx_word' id='word_1_522' title='bbox 2290 2291 2608 2365; x_wconf 78' lang='grc' dir='ltr'>Πρόρρησις</span> <span class='ocrx_word' id='word_1_523' title='bbox 2647 2293 3017 2364; x_wconf 80' lang='grc' dir='ltr'>εύαγγελικῆς</span> <span class='ocrx_word' id='word_1_524' title='bbox 3058 2292 3415 2365; x_wconf 71' lang='grc' dir='ltr'>συγγραφῆς,</span> <span class='ocrx_word' id='word_1_525' title='bbox 3457 2290 3564 2343; x_wconf 81' lang='grc' dir='ltr'><strong>ὑπὸ</strong></span> <span class='ocrx_word' id='word_1_526' title='bbox 3590 2291 3680 2343; x_wconf 88' lang='grc' dir='ltr'>νό-</span> 
     </span>
    </p>
   </div>
   <div class='ocr_carea' id='block_1_81' title="bbox 2089 2384 3681 2459">
    <p class='ocr_par' dir='ltr' id='par_1_81' title="bbox 2089 2384 3681 2459">
     <span class='ocr_line' id='line_1_81' title="bbox 2089 2384 3681 2459; baseline -0.003 -18"><span class='ocrx_word' id='word_1_527' title='bbox 2089 2405 2193 2459; x_wconf 89' lang='grc' dir='ltr'><strong>μου</strong></span> <span class='ocrx_word' id='word_1_528' title='bbox 2240 2388 2336 2442; x_wconf 73' lang='grc' dir='ltr'><strong>καλ⁷</strong></span> <span class='ocrx_word' id='word_1_529' title='bbox 2378 2388 2678 2458; x_wconf 78' lang='grc' dir='ltr'>προφητῶν</span> <span class='ocrx_word' id='word_1_530' title='bbox 2724 2387 3210 2459; x_wconf 82' lang='grc' dir='ltr'>μαρτυρουμένης,</span> <span class='ocrx_word' id='word_1_531' title='bbox 3236 2385 3331 2439; x_wconf 76' lang='grc' dir='ltr'>καὶ</span> <span class='ocrx_word' id='word_1_532' title='bbox 3366 2384 3681 2454; x_wconf 80' lang='grc' dir='ltr'>γεννήσεως</span> 
     </span>
    </p>
   </div>
   <div class='ocr_carea' id='block_1_82' title="bbox 2084 2478 3139 2552">
    <p class='ocr_par' dir='ltr' id='par_1_82' title="bbox 2084 2478 3139 2552">
     <span class='ocr_line' id='line_1_82' title="bbox 2084 2478 3139 2552; baseline -0.001 -19"><span class='ocrx_word' id='word_1_533' title='bbox 2084 2478 2348 2551; x_wconf 81' lang='grc' dir='ltr'>Χριστοῦ,</span> <span class='ocrx_word' id='word_1_534' title='bbox 2378 2480 2474 2533; x_wconf 74' lang='grc' dir='ltr'>καὶ</span> <span class='ocrx_word' id='word_1_535' title='bbox 2509 2479 2761 2534; x_wconf 75' lang='grc' dir='ltr'>διαϐόλου</span> <span class='ocrx_word' id='word_1_536' title='bbox 2794 2480 3139 2552; x_wconf 85' lang='grc' dir='ltr'>πορθήσεως.</span> 
     </span>
    </p>
   </div>
   <div class='ocr_carea' id='block_1_83' title="bbox 2159 2564 3681 2643">
    <p class='ocr_par' dir='ltr' id='par_1_83' title="bbox 2159 2564 3681 2643">
     <span class='ocr_line' id='line_1_83' title="bbox 2159 2564 3681 2643; baseline -0.001 -18"><span class='ocrx_word' id='word_1_537' title='bbox 2159 2572 2247 2642; x_wconf 89' lang='grc' dir='ltr'>ιγ’.</span> <span class='ocrx_word' id='word_1_538' title='bbox 2302 2573 2526 2643; x_wconf 76' lang='grc' dir='ltr'>’Δπειλὴ</span> <span class='ocrx_word' id='word_1_539' title='bbox 2547 2576 2690 2628; x_wconf 75' lang='grc' dir='ltr'>κατὰ</span> <span class='ocrx_word' id='word_1_540' title='bbox 2712 2573 2821 2626; x_wconf 83' lang='grc' dir='ltr'><strong>τῶν</strong></span> <span class='ocrx_word' id='word_1_541' title='bbox 2854 2572 3144 2636; x_wconf 73' lang='grc' dir='ltr'>Ἰουδαίων,</span> <span class='ocrx_word' id='word_1_542' title='bbox 3170 2571 3286 2626; x_wconf 78' lang='grc' dir='ltr'>ἀνθ’</span> <span class='ocrx_word' id='word_1_543' title='bbox 3303 2564 3380 2626; x_wconf 81' lang='grc' dir='ltr'>ὧν</span> <span class='ocrx_word' id='word_1_544' title='bbox 3399 2569 3491 2623; x_wconf 81' lang='grc' dir='ltr'><strong>τὸν</strong></span> <span class='ocrx_word' id='word_1_545' title='bbox 3515 2568 3681 2636; x_wconf 84' lang='grc' dir='ltr'>λόγον</span> 
     </span>
    </p>
   </div>
   <div class='ocr_carea' id='block_1_84' title="bbox 2085 2660 3680 2735">
    <p class='ocr_par' dir='ltr' id='par_1_84' title="bbox 2085 2660 3680 2735">
     <span class='ocr_line' id='line_1_84' title="bbox 2085 2660 3680 2735; baseline -0.001 -21"><span class='ocrx_word' id='word_1_546' title='bbox 2085 2663 2184 2730; x_wconf 83' lang='grc' dir='ltr'><strong>τῆς</strong></span> <span class='ocrx_word' id='word_1_547' title='bbox 2229 2662 2598 2732; x_wconf 82' lang='grc' dir='ltr'>εύαγγελικῆς</span> <span class='ocrx_word' id='word_1_548' title='bbox 2655 2665 3044 2735; x_wconf 79' lang='grc' dir='ltr'>παρῃτήσαντο</span> <span class='ocrx_word' id='word_1_549' title='bbox 3106 2663 3353 2734; x_wconf 74' lang='grc' dir='ltr'>χάριτος,</span> <span class='ocrx_word' id='word_1_550' title='bbox 3400 2661 3496 2714; x_wconf 71' lang='grc' dir='ltr'>καὶ</span> <span class='ocrx_word' id='word_1_551' title='bbox 3569 2660 3680 2713; x_wconf 78' lang='grc' dir='ltr'><strong>ὐπδ</strong></span> 
     </span>
    </p>
   </div>
   <div class='ocr_carea' id='block_1_85' title="bbox 2086 2747 3680 2823">
    <p class='ocr_par' dir='ltr' id='par_1_85' title="bbox 2086 2747 3680 2823">
     <span class='ocr_line' id='line_1_85' title="bbox 2086 2747 3680 2823; baseline -0.003 -18"><span class='ocrx_word' id='word_1_552' title='bbox 2086 2753 2184 2823; x_wconf 87' lang='grc' dir='ltr'><strong>τὴν</strong></span> <span class='ocrx_word' id='word_1_553' title='bbox 2222 2753 2438 2821; x_wconf 85' lang='grc' dir='ltr'>πλάνην</span> <span class='ocrx_word' id='word_1_554' title='bbox 2480 2752 2576 2805; x_wconf 90' lang='grc' dir='ltr'><strong>τοῦ</strong></span> <span class='ocrx_word' id='word_1_555' title='bbox 2616 2751 2868 2806; x_wconf 77' lang='grc' dir='ltr'>διαϐόλου</span> <span class='ocrx_word' id='word_1_556' title='bbox 2893 2751 2980 2805; x_wconf 72' lang='grc' dir='ltr'><strong>διὰ</strong></span> <span class='ocrx_word' id='word_1_557' title='bbox 3006 2750 3166 2805; x_wconf 87' lang='grc' dir='ltr'>τοῦτο</span> <span class='ocrx_word' id='word_1_558' title='bbox 3188 2752 3538 2821; x_wconf 89' lang='grc' dir='ltr'>γενήσονται.</span> <span class='ocrx_word' id='word_1_559' title='bbox 3564 2747 3680 2801; x_wconf 78' lang='grc' dir='ltr'><strong>Καὶ</strong></span> 
     </span>
    </p>
   </div>
   <div class='ocr_carea' id='block_1_86' title="bbox 2088 2840 3677 2916">
    <p class='ocr_par' dir='ltr' id='par_1_86' title="bbox 2088 2840 3677 2916">
     <span class='ocr_line' id='line_1_86' title="bbox 2088 2840 3677 2916; baseline -0.003 -18"><span class='ocrx_word' id='word_1_560' title='bbox 2088 2845 2346 2916; x_wconf 71' lang='grc' dir='ltr'>ἐπιτιμία</span> <span class='ocrx_word' id='word_1_561' title='bbox 2382 2844 2528 2899; x_wconf 84' lang='grc' dir='ltr'>κατὰ</span> <span class='ocrx_word' id='word_1_562' title='bbox 2562 2844 2858 2915; x_wconf 79' lang='grc' dir='ltr'>δαιμόνων,</span> <span class='ocrx_word' id='word_1_563' title='bbox 2895 2844 2977 2897; x_wconf 86' lang='grc' dir='ltr'><strong>ὃτι</strong></span> <span class='ocrx_word' id='word_1_564' title='bbox 3020 2843 3123 2897; x_wconf 83' lang='grc' dir='ltr'>κᾶν</span> <span class='ocrx_word' id='word_1_565' title='bbox 3154 2842 3291 2913; x_wconf 71' lang='grc' dir='ltr'>πρὸς</span> <span class='ocrx_word' id='word_1_566' title='bbox 3329 2842 3522 2912; x_wconf 80' lang='grc' dir='ltr'>καιρὸν</span> <span class='ocrx_word' id='word_1_567' title='bbox 3550 2840 3677 2894; x_wconf 82' lang='grc' dir='ltr'>καθ’</span> 
     </span>
    </p>
   </div>
   <div class='ocr_carea' id='block_1_87' title="bbox 2089 2932 3677 3008">
    <p class='ocr_par' dir='ltr' id='par_1_87' title="bbox 2089 2932 3677 3008">
     <span class='ocr_line' id='line_1_87' title="bbox 2089 2932 3677 3008; baseline -0.004 -18"><span class='ocrx_word' id='word_1_568' title='bbox 2089 2939 2246 3008; x_wconf 75' lang='grc' dir='ltr'>ήμῶν</span> <span class='ocrx_word' id='word_1_569' title='bbox 2272 2936 2590 3006; x_wconf 84' lang='grc' dir='ltr'>ίσχύσωσιν,</span> <span class='ocrx_word' id='word_1_570' title='bbox 2612 2936 2751 2990; x_wconf 85' lang='grc' dir='ltr'>ἀλλὰ</span> <span class='ocrx_word' id='word_1_571' title='bbox 2774 2933 2868 2988; x_wconf 89' lang='grc' dir='ltr'><strong>τοῦ</strong></span> <span class='ocrx_word' id='word_1_572' title='bbox 2889 2933 3027 2988; x_wconf 88' lang='grc' dir='ltr'>Θεοῦ</span> <span class='ocrx_word' id='word_1_573' title='bbox 3062 2932 3481 3005; x_wconf 76' lang='grc' dir='ltr'>συμμαχοῦντος</span> <span class='ocrx_word' id='word_1_574' title='bbox 3504 2934 3677 3002; x_wconf 80' lang='grc' dir='ltr'>ἡττη-</span> 
     </span>
    </p>
   </div>
   <div class='ocr_carea' id='block_1_88' title="bbox 2091 3024 3683 3099">
    <p class='ocr_par' dir='ltr' id='par_1_88' title="bbox 2091 3024 3683 3099">
     <span class='ocr_line' id='line_1_88' title="bbox 2091 3024 3683 3099; baseline -0.003 -19"><span class='ocrx_word' id='word_1_575' title='bbox 2091 3030 2370 3099; x_wconf 82' lang='grc' dir='ltr'>θήσονται.</span> <span class='ocrx_word' id='word_1_576' title='bbox 2408 3028 2518 3081; x_wconf 76' lang='grc' dir='ltr'><strong>Καὶ</strong></span> <span class='ocrx_word' id='word_1_577' title='bbox 2539 3025 2850 3098; x_wconf 82' lang='grc' dir='ltr'>κατηγορία</span> <span class='ocrx_word' id='word_1_578' title='bbox 2893 3026 3188 3092; x_wconf 80' lang='grc' dir='ltr'>Ἰουδαίων,</span> <span class='ocrx_word' id='word_1_579' title='bbox 3208 3026 3285 3088; x_wconf 87' lang='grc' dir='ltr'>ὡς</span> <span class='ocrx_word' id='word_1_580' title='bbox 3307 3024 3683 3079; x_wconf 80' lang='grc' dir='ltr'>ἀπειθούντων</span> 
     </span>
    </p>
   </div>
   <div class='ocr_carea' id='block_1_89' title="bbox 2091 3117 3682 3191">
    <p class='ocr_par' dir='ltr' id='par_1_89' title="bbox 2091 3117 3682 3191">
     <span class='ocr_line' id='line_1_89' title="bbox 2091 3117 3682 3191; baseline -0.004 -15"><span class='ocrx_word' id='word_1_581' title='bbox 2091 3121 2169 3190; x_wconf 83' lang='grc' dir='ltr'><strong>τῷ</strong></span> <span class='ocrx_word' id='word_1_582' title='bbox 2192 3118 2436 3191; x_wconf 82' lang='grc' dir='ltr'>Χριστῷ,</span> <span class='ocrx_word' id='word_1_583' title='bbox 2464 3119 2561 3172; x_wconf 78' lang='grc' dir='ltr'>καὶ</span> <span class='ocrx_word' id='word_1_584' title='bbox 2586 3119 2884 3187; x_wconf 82' lang='grc' dir='ltr'>διαγόντων</span> <span class='ocrx_word' id='word_1_585' title='bbox 2914 3119 3014 3189; x_wconf 87' lang='grc' dir='ltr'>μὲν</span> <span class='ocrx_word' id='word_1_586' title='bbox 3062 3121 3120 3172; x_wconf 81' lang='grc' dir='ltr'>ὲν</span> <span class='ocrx_word' id='word_1_587' title='bbox 3156 3118 3463 3190; x_wconf 84' lang='grc' dir='ltr'>ὑποκρίσει,</span> <span class='ocrx_word' id='word_1_588' title='bbox 3494 3117 3682 3171; x_wconf 75' lang='grc' dir='ltr'>ἑκοντὶ</span> 
     </span>
    </p>
   </div>
   <div class='ocr_carea' id='block_1_90' title="bbox 2092 3210 3684 3284">
    <p class='ocr_par' dir='ltr' id='par_1_90' title="bbox 2092 3210 3684 3284">
     <span class='ocr_line' id='line_1_90' title="bbox 2092 3210 3684 3284; baseline -0.001 -18"><span class='ocrx_word' id='word_1_589' title='bbox 2092 3215 2149 3267; x_wconf 80' lang='grc' dir='ltr'><strong>δὲ</strong></span> <span class='ocrx_word' id='word_1_590' title='bbox 2174 3215 2275 3266; x_wconf 85' lang='grc' dir='ltr'><strong>τὸν</strong></span> <span class='ocrx_word' id='word_1_591' title='bbox 2300 3214 2465 3284; x_wconf 89' lang='grc' dir='ltr'>νόμον</span> <span class='ocrx_word' id='word_1_592' title='bbox 2514 3212 2992 3282; x_wconf 78' lang='grc' dir='ltr'>παραϐαινόντων,</span> <span class='ocrx_word' id='word_1_593' title='bbox 3030 3213 3127 3266; x_wconf 75' lang='grc' dir='ltr'>καὶ</span> <span class='ocrx_word' id='word_1_594' title='bbox 3157 3212 3335 3283; x_wconf 81' lang='grc' dir='ltr'>μάτην</span> <span class='ocrx_word' id='word_1_595' title='bbox 3362 3210 3684 3282; x_wconf 83' lang='grc' dir='ltr'>αὐχούντων</span> 
     </span>
    </p>
   </div>
   <div class='ocr_carea' id='block_1_91' title="bbox 2092 3303 2826 3376">
    <p class='ocr_par' dir='ltr' id='par_1_91' title="bbox 2092 3303 2826 3376">
     <span class='ocr_line' id='line_1_91' title="bbox 2092 3303 2826 3376; baseline 0 -18"><span class='ocrx_word' id='word_1_596' title='bbox 2092 3304 2191 3376; x_wconf 81' lang='grc' dir='ltr'><strong>τὴν</strong></span> <span class='ocrx_word' id='word_1_597' title='bbox 2219 3306 2298 3367; x_wconf 84' lang='grc' dir='ltr'><strong>είς</strong></span> <span class='ocrx_word' id='word_1_598' title='bbox 2324 3303 2458 3357; x_wconf 82' lang='grc' dir='ltr'>Θεὸν</span> <span class='ocrx_word' id='word_1_599' title='bbox 2483 3303 2826 3373; x_wconf 83' lang='grc' dir='ltr'>πεποίθησιν.</span> 
     </span>
    </p>
   </div>
   <div class='ocr_carea' id='block_1_92' title="bbox 2165 3393 3687 3467">
    <p class='ocr_par' dir='ltr' id='par_1_92' title="bbox 2165 3393 3687 3467">
     <span class='ocr_line' id='line_1_92' title="bbox 2165 3393 3687 3467; baseline -0.002 -18"><span class='ocrx_word' id='word_1_600' title='bbox 2165 3397 2247 3450; x_wconf 85' lang='grc' dir='ltr'>ιδ’.</span> <span class='ocrx_word' id='word_1_601' title='bbox 2292 3397 2610 3466; x_wconf 82' lang='grc' dir='ltr'>Προφητεία</span> <span class='ocrx_word' id='word_1_602' title='bbox 2649 3395 2930 3460; x_wconf 83' lang='grc' dir='ltr'>υἱοθεσίας</span> <span class='ocrx_word' id='word_1_603' title='bbox 2965 3395 3054 3449; x_wconf 84' lang='grc' dir='ltr'><strong>διὰ</strong></span> <span class='ocrx_word' id='word_1_604' title='bbox 3084 3394 3328 3467; x_wconf 82' lang='grc' dir='ltr'>Χριστοῦ</span> <span class='ocrx_word' id='word_1_605' title='bbox 3376 3395 3519 3448; x_wconf 84' lang='grc' dir='ltr'>κατά</span> <span class='ocrx_word' id='word_1_606' title='bbox 3570 3393 3687 3447; x_wconf 84' lang='grc' dir='ltr'>τῶν</span> 
     </span>
    </p>
   </div>
   <div class='ocr_carea' id='block_1_93' title="bbox 2093 3484 3686 3558">
    <p class='ocr_par' dir='ltr' id='par_1_93' title="bbox 2093 3484 3686 3558">
     <span class='ocr_line' id='line_1_93' title="bbox 2093 3484 3686 3558; baseline -0.001 -19"><span class='ocrx_word' id='word_1_607' title='bbox 2093 3486 2373 3558; x_wconf 80' lang='grc' dir='ltr'>ἐσομένων</span> <span class='ocrx_word' id='word_1_608' title='bbox 2406 3487 2539 3558; x_wconf 85' lang='grc' dir='ltr'>παρ’</span> <span class='ocrx_word' id='word_1_609' title='bbox 2572 3485 2740 3541; x_wconf 85' lang='grc' dir='ltr'>αὐτοῦ</span> <span class='ocrx_word' id='word_1_610' title='bbox 2775 3487 3019 3558; x_wconf 87' lang='grc' dir='ltr'>σημείων</span> <span class='ocrx_word' id='word_1_611' title='bbox 3058 3488 3116 3541; x_wconf 80' lang='grc' dir='ltr'>ἐν</span> <span class='ocrx_word' id='word_1_612' title='bbox 3162 3486 3552 3558; x_wconf 77' lang='grc' dir='ltr'>Ἰερουσαλήμ’</span> <span class='ocrx_word' id='word_1_613' title='bbox 3587 3484 3686 3538; x_wconf 73' lang='grc' dir='ltr'>καὶ</span> 
     </span>
    </p>
   </div>
   <div class='ocr_carea' id='block_1_94' title="bbox 2093 3578 3686 3654">
    <p class='ocr_par' dir='ltr' id='par_1_94' title="bbox 2093 3578 3686 3654">
     <span class='ocr_line' id='line_1_94' title="bbox 2093 3578 3686 3654; baseline -0.003 -19"><span class='ocrx_word' id='word_1_614' title='bbox 2093 3580 2381 3652; x_wconf 81' lang='grc' dir='ltr'>ἀποτροπὴ</span> <span class='ocrx_word' id='word_1_615' title='bbox 2401 3579 2496 3634; x_wconf 89' lang='grc' dir='ltr'><strong>τοῦ</strong></span> <span class='ocrx_word' id='word_1_616' title='bbox 2528 3580 2820 3654; x_wconf 80' lang='grc' dir='ltr'>προσέχειν</span> <span class='ocrx_word' id='word_1_617' title='bbox 2861 3579 3203 3651; x_wconf 84' lang='grc' dir='ltr'>Ἑλληνικαῖς</span> <span class='ocrx_word' id='word_1_618' title='bbox 3238 3580 3555 3650; x_wconf 78' lang='grc' dir='ltr'>μαντείαις’</span> <span class='ocrx_word' id='word_1_619' title='bbox 3586 3578 3686 3631; x_wconf 83' lang='grc' dir='ltr'><strong>καὶ</strong></span> 
     </span>
    </p>
   </div>
   <div class='ocr_carea' id='block_1_95' title="bbox 2095 3669 3687 3746">
    <p class='ocr_par' dir='ltr' id='par_1_95' title="bbox 2095 3669 3687 3746">
     <span class='ocr_line' id='line_1_95' title="bbox 2095 3669 3687 3746; baseline -0.004 -18"><span class='ocrx_word' id='word_1_620' title='bbox 2095 3675 2403 3746; x_wconf 88' lang='grc' dir='ltr'>κατηγορία</span> <span class='ocrx_word' id='word_1_621' title='bbox 2433 3674 2540 3727; x_wconf 85' lang='grc' dir='ltr'>τῶν</span> <span class='ocrx_word' id='word_1_622' title='bbox 2607 3673 2904 3739; x_wconf 85' lang='grc' dir='ltr'>Ἰουδαίων,</span> <span class='ocrx_word' id='word_1_623' title='bbox 2933 3673 3018 3726; x_wconf 77' lang='grc' dir='ltr'>ὅτι</span> <span class='ocrx_word' id='word_1_624' title='bbox 3061 3673 3230 3742; x_wconf 89' lang='grc' dir='ltr'>νόμον</span> <span class='ocrx_word' id='word_1_625' title='bbox 3262 3673 3520 3734; x_wconf 74' lang='grc' dir='ltr'>λαϐόντες</span> <span class='ocrx_word' id='word_1_626' title='bbox 3539 3669 3687 3723; x_wconf 82' lang='grc' dir='ltr'>ὥστε</span> 
     </span>
    </p>
   </div>
   <div class='ocr_carea' id='block_1_96' title="bbox 2095 3764 3689 3838">
    <p class='ocr_par' dir='ltr' id='par_1_96' title="bbox 2095 3764 3689 3838">
     <span class='ocr_line' id='line_1_96' title="bbox 2095 3764 3689 3838; baseline -0.004 -17"><span class='ocrx_word' id='word_1_627' title='bbox 2095 3768 2307 3832; x_wconf 83' lang='grc' dir='ltr'>τούτοις</span> <span class='ocrx_word' id='word_1_628' title='bbox 2353 3770 2428 3838; x_wconf 83' lang='grc' dir='ltr'>μὴ</span> <span class='ocrx_word' id='word_1_629' title='bbox 2468 3767 2781 3838; x_wconf 80' lang='grc' dir='ltr'>προσέχειν,</span> <span class='ocrx_word' id='word_1_630' title='bbox 2829 3765 3255 3835; x_wconf 60' lang='grc' dir='ltr'>οὐκρὲφύλαξαν</span> <span class='ocrx_word' id='word_1_631' title='bbox 3281 3781 3295 3794; x_wconf 86' lang='grc'><strong>·</strong></span> <span class='ocrx_word' id='word_1_632' title='bbox 3350 3765 3445 3818; x_wconf 75' lang='grc' dir='ltr'>καὶ</span> <span class='ocrx_word' id='word_1_633' title='bbox 3490 3764 3689 3826; x_wconf 81' lang='grc' dir='ltr'>κακοῖς</span> 
     </span>
    </p>
   </div>
   <div class='ocr_carea' id='block_1_97' title="bbox 2094 3857 3114 3928">
    <p class='ocr_par' dir='ltr' id='par_1_97' title="bbox 2094 3857 3114 3928">
     <span class='ocr_line' id='line_1_97' title="bbox 2094 3857 3114 3928; baseline 0 -16"><span class='ocrx_word' id='word_1_634' title='bbox 2094 3859 2183 3913; x_wconf 85' lang='grc' dir='ltr'>διὰ</span> <span class='ocrx_word' id='word_1_635' title='bbox 2212 3858 2375 3912; x_wconf 85' lang='grc' dir='ltr'>τοῦτο</span> <span class='ocrx_word' id='word_1_636' title='bbox 2410 3859 2672 3926; x_wconf 80' lang='grc' dir='ltr'>μεγάλοις</span> <span class='ocrx_word' id='word_1_637' title='bbox 2699 3857 3114 3928; x_wconf 88' lang='grc' dir='ltr'>περιπίπτουσι.</span> 
     </span>
    </p>
   </div>
   <div class='ocr_carea' id='block_1_98' title="bbox 2174 3946 3688 4022">
    <p class='ocr_par' dir='ltr' id='par_1_98' title="bbox 2174 3946 3688 4022">
     <span class='ocr_line' id='line_1_98' title="bbox 2174 3946 3688 4022; baseline -0.003 -18"><span class='ocrx_word' id='word_1_638' title='bbox 2174 3958 2256 4006; x_wconf 87' lang='grc' dir='ltr'>ιε’.</span> <span class='ocrx_word' id='word_1_639' title='bbox 2300 3951 2510 4022; x_wconf 84' lang='grc' dir='ltr'>Κλῆσις</span> <span class='ocrx_word' id='word_1_640' title='bbox 2547 3950 2741 4015; x_wconf 78' lang='grc' dir='ltr'>ἐθνῶν,</span> <span class='ocrx_word' id='word_1_641' title='bbox 2805 3951 2901 4004; x_wconf 72' lang='grc' dir='ltr'><strong>καὶ</strong></span> <span class='ocrx_word' id='word_1_642' title='bbox 2962 3949 3272 4021; x_wconf 80' lang='grc' dir='ltr'>προφητεία</span> <span class='ocrx_word' id='word_1_643' title='bbox 3326 3949 3428 4019; x_wconf 82' lang='grc' dir='ltr'>τῆς</span> <span class='ocrx_word' id='word_1_644' title='bbox 3476 3946 3688 4001; x_wconf 79' lang='grc' dir='ltr'>τούτων</span> 
     </span>
    </p>
   </div>
   <div class='ocr_carea' id='block_1_99' title="bbox 2097 4041 3686 4117">
    <p class='ocr_par' dir='ltr' id='par_1_99' title="bbox 2097 4041 3686 4117">
     <span class='ocr_line' id='line_1_99' title="bbox 2097 4041 3686 4117; baseline -0.004 -19"><span class='ocrx_word' id='word_1_645' title='bbox 2097 4045 2436 4117; x_wconf 77' lang='grc' dir='ltr'>ἐλευθερίας,</span> <span class='ocrx_word' id='word_1_646' title='bbox 2486 4044 2581 4098; x_wconf 86' lang='grc' dir='ltr'><strong>καί</strong></span> <span class='ocrx_word' id='word_1_647' title='bbox 2600 4044 2702 4115; x_wconf 80' lang='grc' dir='ltr'>τῆς</span> <span class='ocrx_word' id='word_1_648' title='bbox 2749 4044 2860 4097; x_wconf 85' lang='grc' dir='ltr'><strong>τῶν</strong></span> <span class='ocrx_word' id='word_1_649' title='bbox 2903 4044 3176 4114; x_wconf 86' lang='grc' dir='ltr'>δαιμόνων</span> <span class='ocrx_word' id='word_1_650' title='bbox 3244 4042 3531 4113; x_wconf 84' lang='grc' dir='ltr'>πονηρίας,</span> <span class='ocrx_word' id='word_1_651' title='bbox 3587 4041 3686 4094; x_wconf 79' lang='grc' dir='ltr'>καὶ</span> 
     </span>
    </p>
   </div>
   <div class='ocr_carea' id='block_1_100' title="bbox 2099 4125 3685 4210">
    <p class='ocr_par' dir='ltr' id='par_1_100' title="bbox 2099 4125 3685 4210">
     <span class='ocr_line' id='line_1_100' title="bbox 2099 4125 3685 4210; baseline -0.005 -18"><span class='ocrx_word' id='word_1_652' title='bbox 2099 4138 2269 4210; x_wconf 75' lang='grc' dir='ltr'>ζήλου</span> <span class='ocrx_word' id='word_1_653' title='bbox 2299 4136 2544 4208; x_wconf 88' lang='grc' dir='ltr'>πονηροῦ</span> <span class='ocrx_word' id='word_1_654' title='bbox 2576 4137 2685 4192; x_wconf 86' lang='grc' dir='ltr'><strong>τῶν</strong></span> <span class='ocrx_word' id='word_1_655' title='bbox 2732 4137 3023 4199; x_wconf 74' lang='grc' dir='ltr'>Ἰουδαίων,</span> <span class='ocrx_word' id='word_1_656' title='bbox 3062 4137 3155 4190; x_wconf 73' lang='grc' dir='ltr'><strong>ἐπὶ</strong></span> <span class='ocrx_word' id='word_1_657' title='bbox 3202 4138 3268 4207; x_wconf 78' lang='grc' dir='ltr'>τῇ</span> <span class='ocrx_word' id='word_1_658' title='bbox 3305 4125 3556 4204; x_wconf 83' lang='grc' dir='ltr'>γεννήσεὶ</span> <span class='ocrx_word' id='word_1_659' title='bbox 3585 4131 3685 4184; x_wconf 83' lang='grc' dir='ltr'><strong>τοῦ</strong></span> 
     </span>
    </p>
   </div>
   <div class='ocr_carea' id='block_1_101' title="bbox 2094 4227 3611 4303">
    <p class='ocr_par' dir='ltr' id='par_1_101' title="bbox 2094 4227 3611 4303">
     <span class='ocr_line' id='line_1_101' title="bbox 2094 4227 3611 4303; baseline -0.005 -17"><span class='ocrx_word' id='word_1_660' title='bbox 2094 4231 2358 4303; x_wconf 86' lang='grc' dir='ltr'>Χριστοῦ,</span> <span class='ocrx_word' id='word_1_661' title='bbox 2393 4232 2545 4293; x_wconf 85' lang='grc' dir='ltr'>ὅστις</span> <span class='ocrx_word' id='word_1_662' title='bbox 2569 4229 2665 4299; x_wconf 82' lang='grc' dir='ltr'>τὴν</span> <span class='ocrx_word' id='word_1_663' title='bbox 2694 4227 2972 4300; x_wconf 86' lang='grc' dir='ltr'>βασιλείαν</span> <span class='ocrx_word' id='word_1_664' title='bbox 3000 4228 3096 4280; x_wconf 89' lang='grc' dir='ltr'><strong>τοῦ</strong></span> <span class='ocrx_word' id='word_1_665' title='bbox 3128 4227 3292 4281; x_wconf 80' lang='grc' dir='ltr'>Δαυῒδ</span> <span class='ocrx_word' id='word_1_666' title='bbox 3323 4227 3611 4281; x_wconf 81' lang='grc' dir='ltr'>ἀνενέωσε.</span> 
     </span>
    </p>
   </div>
   <div class='ocr_carea' id='block_1_102' title="bbox 2170 4315 3686 4394">
    <p class='ocr_par' dir='ltr' id='par_1_102' title="bbox 2170 4315 3686 4394">
     <span class='ocr_line' id='line_1_102' title="bbox 2170 4315 3686 4394; baseline -0.007 -16"><span class='ocrx_word' id='word_1_667' title='bbox 2170 4331 2269 4390; x_wconf 80' lang='grc' dir='ltr'>ις’.</span> <span class='ocrx_word' id='word_1_668' title='bbox 2313 4325 2629 4394; x_wconf 82' lang='grc' dir='ltr'>Πρόῤῥησις</span> <span class='ocrx_word' id='word_1_669' title='bbox 2698 4321 2808 4374; x_wconf 84' lang='grc' dir='ltr'><strong>τῶν</strong></span> <span class='ocrx_word' id='word_1_670' title='bbox 2868 4320 3290 4374; x_wconf 82' lang='grc' dir='ltr'>ἀποσταλέντων</span> <span class='ocrx_word' id='word_1_671' title='bbox 3349 4316 3498 4390; x_wconf 85' lang='grc' dir='ltr'><strong>παρὰ</strong></span> <span class='ocrx_word' id='word_1_672' title='bbox 3544 4315 3686 4369; x_wconf 83' lang='grc' dir='ltr'>Θεοῦ</span> 
     </span>
    </p>
   </div>
   <div class='ocr_carea' id='block_1_103' title="bbox 2100 4408 3686 4477">
    <p class='ocr_par' dir='ltr' id='par_1_103' title="bbox 2100 4408 3686 4477">
     <span class='ocr_line' id='line_1_103' title="bbox 2100 4408 3686 4477; baseline -0.004 -9"><span class='ocrx_word' id='word_1_673' title='bbox 2100 4414 2359 4470; x_wconf 83' lang='grc' dir='ltr'>παιδειῶν</span> <span class='ocrx_word' id='word_1_674' title='bbox 2407 4416 2520 4477; x_wconf 82' lang='grc' dir='ltr'>τοῖς</span> <span class='ocrx_word' id='word_1_675' title='bbox 2571 4430 2632 4466; x_wconf 88' lang='grc' dir='ltr'><strong>τε</strong></span> <span class='ocrx_word' id='word_1_676' title='bbox 2678 4411 2959 4475; x_wconf 86' lang='grc' dir='ltr'>Ἰουδαίοις</span> <span class='ocrx_word' id='word_1_677' title='bbox 3025 4413 3118 4466; x_wconf 75' lang='grc' dir='ltr'><strong>καὶ</strong></span> <span class='ocrx_word' id='word_1_678' title='bbox 3174 4415 3288 4475; x_wconf 86' lang='grc' dir='ltr'>τοῖς</span> <span class='ocrx_word' id='word_1_679' title='bbox 3341 4408 3686 4476; x_wconf 79' lang='grc' dir='ltr'>ὲξουθενοῦσι</span> 
     </span>
    </p>
   </div>
   <div class='ocr_carea' id='block_1_104' title="bbox 2029 4501 3686 4580">
    <p class='ocr_par' dir='ltr' id='par_1_104' title="bbox 2029 4501 3686 4580">
     <span class='ocr_line' id='line_1_104' title="bbox 2029 4501 3686 4580; baseline -0.006 -15"><span class='ocrx_word' id='word_1_680' title='bbox 2029 4511 2070 4566; x_wconf 89' lang='lat' dir='ltr'><strong>D</strong></span> <span class='ocrx_word' id='word_1_681' title='bbox 2101 4509 2200 4580; x_wconf 83' lang='grc' dir='ltr'>τὴν</span> <span class='ocrx_word' id='word_1_682' title='bbox 2228 4506 2356 4561; x_wconf 79' lang='grc' dir='ltr'>νέαν</span> <span class='ocrx_word' id='word_1_683' title='bbox 2408 4506 2580 4560; x_wconf 84' lang='grc' dir='ltr'>Σιών’</span> <span class='ocrx_word' id='word_1_684' title='bbox 2616 4505 2711 4558; x_wconf 75' lang='grc' dir='ltr'><strong>καὶ</strong></span> <span class='ocrx_word' id='word_1_685' title='bbox 2742 4504 2965 4575; x_wconf 79' lang='grc' dir='ltr'>διαϐολὴ</span> <span class='ocrx_word' id='word_1_686' title='bbox 2991 4506 3102 4558; x_wconf 84' lang='grc' dir='ltr'><strong>τῶν</strong></span> <span class='ocrx_word' id='word_1_687' title='bbox 3149 4503 3463 4558; x_wconf 82' lang='grc' dir='ltr'>Ἰουδαϊκῶν</span> <span class='ocrx_word' id='word_1_688' title='bbox 3483 4501 3686 4573; x_wconf 82' lang='grc' dir='ltr'>ἀρχόν-</span> 
     </span>
    </p>
   </div>
   <div class='ocr_carea' id='block_1_105' title="bbox 2094 4595 3688 4670">
    <p class='ocr_par' dir='ltr' id='par_1_105' title="bbox 2094 4595 3688 4670">
     <span class='ocr_line' id='line_1_105' title="bbox 2094 4595 3688 4670; baseline -0.003 -16"><span class='ocrx_word' id='word_1_689' title='bbox 2094 4619 2225 4668; x_wconf 86' lang='grc' dir='ltr'>των,</span> <span class='ocrx_word' id='word_1_690' title='bbox 2262 4601 2349 4670; x_wconf 70' lang='grc' dir='ltr'><strong>ἐφ’</strong></span> <span class='ocrx_word' id='word_1_691' title='bbox 2397 4595 2478 4663; x_wconf 83' lang='grc' dir='ltr'><strong>οἷς</strong></span> <span class='ocrx_word' id='word_1_692' title='bbox 2509 4599 2602 4653; x_wconf 81' lang='grc' dir='ltr'><strong>τὸν</strong></span> <span class='ocrx_word' id='word_1_693' title='bbox 2638 4599 2764 4651; x_wconf 85' lang='grc' dir='ltr'>λαὸν</span> <span class='ocrx_word' id='word_1_694' title='bbox 2802 4600 3082 4653; x_wconf 82' lang='grc' dir='ltr'>ὲπλὰνων·</span> <span class='ocrx_word' id='word_1_695' title='bbox 3132 4597 3229 4652; x_wconf 82' lang='grc' dir='ltr'>καὶ</span> <span class='ocrx_word' id='word_1_696' title='bbox 3276 4597 3528 4667; x_wconf 85' lang='grc' dir='ltr'>διήγησις</span> <span class='ocrx_word' id='word_1_697' title='bbox 3572 4595 3688 4649; x_wconf 77' lang='grc' dir='ltr'><strong>τῶν</strong></span> 
     </span>
    </p>
   </div>
   <div class='ocr_carea' id='block_1_106' title="bbox 2095 4688 3705 4762">
    <p class='ocr_par' dir='ltr' id='par_1_106' title="bbox 2095 4688 3705 4762">
     <span class='ocr_line' id='line_1_106' title="bbox 2095 4688 3705 4762; baseline -0.004 -15"><span class='ocrx_word' id='word_1_698' title='bbox 2095 4693 2381 4759; x_wconf 82' lang='grc' dir='ltr'>παιδειῶν,</span> <span class='ocrx_word' id='word_1_699' title='bbox 2418 4692 2654 4756; x_wconf 75' lang='grc' dir='ltr'>αἵτινες</span> <span class='ocrx_word' id='word_1_700' title='bbox 2704 4692 2889 4755; x_wconf 83' lang='grc' dir='ltr'>αὐτοῖς</span> <span class='ocrx_word' id='word_1_701' title='bbox 2936 4692 3002 4744; x_wconf 79' lang='grc' dir='ltr'>ἐκ</span> <span class='ocrx_word' id='word_1_702' title='bbox 3057 4692 3155 4762; x_wconf 85' lang='grc' dir='ltr'>τῆς</span> <span class='ocrx_word' id='word_1_703' title='bbox 3189 4689 3284 4744; x_wconf 88' lang='grc' dir='ltr'><strong>τοῦ</strong></span> <span class='ocrx_word' id='word_1_704' title='bbox 3338 4690 3474 4743; x_wconf 84' lang='grc' dir='ltr'>Θεοῦ</span> <span class='ocrx_word' id='word_1_705' title='bbox 3500 4688 3705 4757; x_wconf 75' lang='grc' dir='ltr'>δεξιᾶς,</span> 
     </span>
    </p>
   </div>
   <div class='ocr_carea' id='block_1_107' title="bbox 2096 4762 3702 4866">
    <p class='ocr_par' dir='ltr' id='par_1_107' title="bbox 2096 4762 3702 4866">
     <span class='ocr_line' id='line_1_107' title="bbox 2096 4762 3702 4866; baseline -0.006 -25"><span class='ocrx_word' id='word_1_706' title='bbox 2096 4786 2504 4857; x_wconf 77' lang='grc' dir='ltr'>ὲπενέχθησανο</span> <span class='ocrx_word' id='word_1_707' title='bbox 2548 4787 2643 4839; x_wconf 74' lang='grc' dir='ltr'>καὶ</span> <span class='ocrx_word' id='word_1_708' title='bbox 2695 4784 3079 4855; x_wconf 78' lang='grc' dir='ltr'>σχετλιασμὸς,</span> <span class='ocrx_word' id='word_1_709' title='bbox 3122 4784 3265 4837; x_wconf 79' lang='grc' dir='ltr'>κατὰ</span> <span class='ocrx_word' id='word_1_710' title='bbox 3298 4782 3410 4835; x_wconf 84' lang='grc' dir='ltr'><strong>τῶν</strong></span> <span class='ocrx_word' id='word_1_711' title='bbox 3446 4762 3702 4866; x_wconf 63' lang='grc' dir='ltr'>παρανό-ξ</span> 
     </span>
    </p>
   </div>
   <div class='ocr_carea' id='block_1_108' title="bbox 2099 4871 3685 4951">
    <p class='ocr_par' dir='ltr' id='par_1_108' title="bbox 2099 4871 3685 4951">
     <span class='ocr_line' id='line_1_108' title="bbox 2099 4871 3685 4951; baseline -0.004 -19"><span class='ocrx_word' id='word_1_712' title='bbox 2099 4898 2212 4951; x_wconf 87' lang='grc' dir='ltr'><strong>μως</strong></span> <span class='ocrx_word' id='word_1_713' title='bbox 2240 4879 2555 4949; x_wconf 84' lang='grc' dir='ltr'>κρινόντων,</span> <span class='ocrx_word' id='word_1_714' title='bbox 2586 4877 2661 4941; x_wconf 87' lang='grc' dir='ltr'>ὼς</span> <span class='ocrx_word' id='word_1_715' title='bbox 2692 4875 3049 4948; x_wconf 82' lang='grc' dir='ltr'>ἀκμαζούσης</span> <span class='ocrx_word' id='word_1_716' title='bbox 3079 4876 3180 4946; x_wconf 83' lang='grc' dir='ltr'>τῆς</span> <span class='ocrx_word' id='word_1_717' title='bbox 3204 4875 3375 4946; x_wconf 82' lang='grc' dir='ltr'>ὀργῆς</span> <span class='ocrx_word' id='word_1_718' title='bbox 3408 4873 3504 4927; x_wconf 89' lang='grc' dir='ltr'><strong>τοῦ</strong></span> <span class='ocrx_word' id='word_1_719' title='bbox 3522 4871 3685 4937; x_wconf 82' lang='grc' dir='ltr'>Θεοῦ,</span> 
     </span>
    </p>
   </div>
   <div class='ocr_carea' id='block_1_109' title="bbox 2096 4966 2758 5038">
    <p class='ocr_par' dir='ltr' id='par_1_109' title="bbox 2096 4966 2758 5038">
     <span class='ocr_line' id='line_1_109' title="bbox 2096 4966 2758 5038; baseline -0.005 -12"><span class='ocrx_word' id='word_1_720' title='bbox 2096 4969 2276 5026; x_wconf 70' lang='grc' dir='ltr'>αὐτῶν</span> <span class='ocrx_word' id='word_1_721' title='bbox 2304 4968 2470 5023; x_wconf 79' lang='grc' dir='ltr'>ἓνεκα</span> <span class='ocrx_word' id='word_1_722' title='bbox 2487 4966 2758 5038; x_wconf 64' lang='grc' dir='ltr'>μάλιστα.</span> 
     </span>
    </p>
   </div>
   <div class='ocr_carea' id='block_1_110' title="bbox 2169 5054 3688 5134">
    <p class='ocr_par' dir='ltr' id='par_1_110' title="bbox 2169 5054 3688 5134">
     <span class='ocr_line' id='line_1_110' title="bbox 2169 5054 3688 5134; baseline -0.003 -18"><span class='ocrx_word' id='word_1_723' title='bbox 2169 5062 2255 5127; x_wconf 78' lang='grc' dir='ltr'>ιζ’.</span> <span class='ocrx_word' id='word_1_724' title='bbox 2310 5061 2536 5131; x_wconf 86' lang='grc' dir='ltr'>Ἀπειλὴ</span> <span class='ocrx_word' id='word_1_725' title='bbox 2569 5060 2712 5114; x_wconf 86' lang='grc' dir='ltr'>κατὰ</span> <span class='ocrx_word' id='word_1_726' title='bbox 2756 5059 3084 5134; x_wconf 83' lang='grc' dir='ltr'>Ἀσσυρίων,</span> <span class='ocrx_word' id='word_1_727' title='bbox 3118 5062 3174 5114; x_wconf 82' lang='grc' dir='ltr'>ὲν</span> <span class='ocrx_word' id='word_1_728' title='bbox 3206 5054 3388 5134; x_wconf 77' lang='grc' dir='ltr'>ᾗτοὺς</span> <span class='ocrx_word' id='word_1_729' title='bbox 3423 5058 3688 5129; x_wconf 86' lang='grc' dir='ltr'>δαίμονας</span> 
     </span>
    </p>
   </div>
   <div class='ocr_carea' id='block_1_111' title="bbox 2096 5150 3688 5222">
    <p class='ocr_par' dir='ltr' id='par_1_111' title="bbox 2096 5150 3688 5222">
     <span class='ocr_line' id='line_1_111' title="bbox 2096 5150 3688 5222; baseline -0.002 -14"><span class='ocrx_word' id='word_1_730' title='bbox 2096 5154 2416 5216; x_wconf 77' lang='grc' dir='ltr'>αἰνίττεται,</span> <span class='ocrx_word' id='word_1_731' title='bbox 2452 5153 2548 5207; x_wconf 78' lang='grc' dir='ltr'><strong>καὶ</strong></span> <span class='ocrx_word' id='word_1_732' title='bbox 2577 5154 2676 5207; x_wconf 79' lang='grc' dir='ltr'><strong>σὺν</strong></span> <span class='ocrx_word' id='word_1_733' title='bbox 2711 5153 2898 5217; x_wconf 81' lang='grc' dir='ltr'>αὐτοῖς</span> <span class='ocrx_word' id='word_1_734' title='bbox 2920 5153 3011 5207; x_wconf 86' lang='grc' dir='ltr'><strong>τὸν</strong></span> <span class='ocrx_word' id='word_1_735' title='bbox 3048 5151 3315 5218; x_wconf 75' lang='grc' dir='ltr'>διάϐολον,</span> <span class='ocrx_word' id='word_1_736' title='bbox 3343 5152 3419 5214; x_wconf 86' lang='grc' dir='ltr'>ὼς</span> <span class='ocrx_word' id='word_1_737' title='bbox 3445 5150 3688 5222; x_wconf 83' lang='grc' dir='ltr'>ἀρθέντα</span> 
     </span>
    </p>
   </div>
   <div class='ocr_carea' id='block_1_112' title="bbox 2097 5241 3685 5315">
    <p class='ocr_par' dir='ltr' id='par_1_112' title="bbox 2097 5241 3685 5315">
     <span class='ocr_line' id='line_1_112' title="bbox 2097 5241 3685 5315; baseline -0.005 -13"><span class='ocrx_word' id='word_1_738' title='bbox 2097 5248 2241 5302; x_wconf 86' lang='grc' dir='ltr'>κατὰ</span> <span class='ocrx_word' id='word_1_739' title='bbox 2262 5245 2427 5312; x_wconf 80' lang='grc' dir='ltr'>Θεοῦ,</span> <span class='ocrx_word' id='word_1_740' title='bbox 2461 5245 2557 5298; x_wconf 76' lang='grc' dir='ltr'><strong>καὶ</strong></span> <span class='ocrx_word' id='word_1_741' title='bbox 2597 5245 2782 5315; x_wconf 86' lang='grc' dir='ltr'>πάσης</span> <span class='ocrx_word' id='word_1_742' title='bbox 2807 5243 2910 5314; x_wconf 84' lang='grc' dir='ltr'>τῆς</span> <span class='ocrx_word' id='word_1_743' title='bbox 2940 5243 3044 5315; x_wconf 84' lang='grc' dir='ltr'>γῆς</span> <span class='ocrx_word' id='word_1_744' title='bbox 3071 5242 3344 5313; x_wconf 84' lang='grc' dir='ltr'>κρατῆσαι</span> <span class='ocrx_word' id='word_1_745' title='bbox 3374 5241 3685 5313; x_wconf 81' lang='grc' dir='ltr'>προσδοκή-</span> 
     </span>
    </p>
   </div>
   <div class='ocr_carea' id='block_1_113' title="bbox 2100 5334 3685 5412">
    <p class='ocr_par' dir='ltr' id='par_1_113' title="bbox 2100 5334 3685 5412">
     <span class='ocr_line' id='line_1_113' title="bbox 2100 5334 3685 5412; baseline -0.006 -18"><span class='ocrx_word' id='word_1_746' title='bbox 2100 5358 2291 5410; x_wconf 85' lang='grc' dir='ltr'>σαντα,</span> <span class='ocrx_word' id='word_1_747' title='bbox 2312 5343 2406 5394; x_wconf 77' lang='grc' dir='ltr'><strong>καὶ</strong></span> <span class='ocrx_word' id='word_1_748' title='bbox 2445 5340 2519 5412; x_wconf 83' lang='grc' dir='ltr'>μὴ</span> <span class='ocrx_word' id='word_1_749' title='bbox 2553 5338 2936 5407; x_wconf 86' lang='grc' dir='ltr'>λογισάμενον,</span> <span class='ocrx_word' id='word_1_750' title='bbox 2967 5336 3159 5408; x_wconf 71' lang='grc' dir='ltr'>ὅτιπερ</span> <span class='ocrx_word' id='word_1_751' title='bbox 3184 5337 3249 5388; x_wconf 86' lang='grc' dir='ltr'>ὲκ</span> <span class='ocrx_word' id='word_1_752' title='bbox 3281 5334 3685 5406; x_wconf 79' lang='grc' dir='ltr'>συγχωρήσεως</span> 
     </span>
    </p>
   </div>
   <div class='ocr_carea' id='block_1_114' title="bbox 2097 5426 3224 5501">
    <p class='ocr_par' dir='ltr' id='par_1_114' title="bbox 2097 5426 3224 5501">
     <span class='ocr_line' id='line_1_114' title="bbox 2097 5426 3224 5501; baseline -0.006 -16"><span class='ocrx_word' id='word_1_753' title='bbox 2097 5431 2233 5485; x_wconf 84' lang='grc' dir='ltr'>Θεοῦ</span> <span class='ocrx_word' id='word_1_754' title='bbox 2271 5429 2409 5501; x_wconf 82' lang='grc' dir='ltr'>πρὸς</span> <span class='ocrx_word' id='word_1_755' title='bbox 2439 5428 2618 5497; x_wconf 83' lang='grc' dir='ltr'>ὀλίγον</span> <span class='ocrx_word' id='word_1_756' title='bbox 2650 5426 2947 5499; x_wconf 76' lang='grc' dir='ltr'>ἐκράτησε.</span> <span class='ocrx_word' id='word_1_757' title='bbox 3213 5480 3224 5491; x_wconf 69' lang='grc'><em>,</em></span> 
     </span>
    </p>
   </div>
   <div class='ocr_carea' id='block_1_115' title="bbox 2171 5512 3685 5592">
    <p class='ocr_par' dir='ltr' id='par_1_115' title="bbox 2171 5512 3685 5592">
     <span class='ocr_line' id='line_1_115' title="bbox 2171 5512 3685 5592; baseline -0.005 -18"><span class='ocrx_word' id='word_1_758' title='bbox 2171 5529 2260 5592; x_wconf 86' lang='grc' dir='ltr'>ιη’.</span> <span class='ocrx_word' id='word_1_759' title='bbox 2304 5519 2709 5591; x_wconf 75' lang='grc' dir='ltr'>Προσφώνησις</span> <span class='ocrx_word' id='word_1_760' title='bbox 2751 5516 2829 5588; x_wconf 90' lang='grc' dir='ltr'><strong>τῷ</strong></span> <span class='ocrx_word' id='word_1_761' title='bbox 2882 5515 3061 5586; x_wconf 83' lang='grc' dir='ltr'>πιστῷ</span> <span class='ocrx_word' id='word_1_762' title='bbox 3116 5515 3253 5585; x_wconf 90' lang='grc' dir='ltr'>λαῷ,</span> <span class='ocrx_word' id='word_1_763' title='bbox 3310 5515 3386 5585; x_wconf 84' lang='grc' dir='ltr'>μὴ</span> <span class='ocrx_word' id='word_1_764' title='bbox 3449 5512 3685 5569; x_wconf 82' lang='grc' dir='ltr'>δεδιέναι</span> 
     </span>
    </p>
   </div>
   <div class='ocr_carea' id='block_1_116' title="bbox 2097 5606 3688 5684">
    <p class='ocr_par' dir='ltr' id='par_1_116' title="bbox 2097 5606 3688 5684">
     <span class='ocr_line' id='line_1_116' title="bbox 2097 5606 3688 5684; baseline -0.008 -15"><span class='ocrx_word' id='word_1_765' title='bbox 2097 5616 2225 5678; x_wconf 74' lang='grc' dir='ltr'>τοὺς</span> <span class='ocrx_word' id='word_1_766' title='bbox 2263 5614 2547 5684; x_wconf 90' lang='grc' dir='ltr'>δαίμονας,</span> <span class='ocrx_word' id='word_1_767' title='bbox 2582 5612 2658 5674; x_wconf 85' lang='grc' dir='ltr'>ὡς</span> <span class='ocrx_word' id='word_1_768' title='bbox 2690 5610 2854 5680; x_wconf 85' lang='grc' dir='ltr'>τάχος</span> <span class='ocrx_word' id='word_1_769' title='bbox 2887 5608 3071 5664; x_wconf 82' lang='grc' dir='ltr'>αὐτῶν</span> <span class='ocrx_word' id='word_1_770' title='bbox 3115 5607 3420 5679; x_wconf 86' lang='grc' dir='ltr'>μελλούσης</span> <span class='ocrx_word' id='word_1_771' title='bbox 3449 5606 3548 5675; x_wconf 84' lang='grc' dir='ltr'>τῆς</span> <span class='ocrx_word' id='word_1_772' title='bbox 3587 5622 3688 5657; x_wconf 71' lang='grc' dir='ltr'>τυο</span> 
     </span>
    </p>
   </div>
   <div class='ocr_carea' id='block_1_117' title="bbox 2101 5692 3686 5777">
    <p class='ocr_par' dir='ltr' id='par_1_117' title="bbox 2101 5692 3686 5777">
     <span class='ocr_line' id='line_1_117' title="bbox 2101 5692 3686 5777; baseline -0.008 -19"><span class='ocrx_word' id='word_1_773' title='bbox 2101 5704 2348 5777; x_wconf 84' lang='grc' dir='ltr'>ραννίδος</span> <span class='ocrx_word' id='word_1_774' title='bbox 2388 5701 2811 5774; x_wconf 82' lang='grc' dir='ltr'>συντρίϐεσθαι·</span> <span class='ocrx_word' id='word_1_775' title='bbox 2846 5699 2939 5753; x_wconf 78' lang='grc' dir='ltr'><strong>καὶ</strong></span> <span class='ocrx_word' id='word_1_776' title='bbox 2972 5697 3205 5768; x_wconf 85' lang='grc' dir='ltr'>αἴνιγμα</span> <span class='ocrx_word' id='word_1_777' title='bbox 3244 5696 3345 5768; x_wconf 84' lang='grc' dir='ltr'>τῆς</span> <span class='ocrx_word' id='word_1_778' title='bbox 3369 5692 3686 5764; x_wconf 79' lang='grc' dir='ltr'>διαϐολικῆς</span> 
     </span>
    </p>
   </div>
   <div class='ocr_carea' id='block_1_118' title="bbox 2102 5787 3685 5867">
    <p class='ocr_par' dir='ltr' id='par_1_118' title="bbox 2102 5787 3685 5867">
     <span class='ocr_line' id='line_1_118' title="bbox 2102 5787 3685 5867; baseline -0.009 -15"><span class='ocrx_word' id='word_1_779' title='bbox 2102 5797 2401 5867; x_wconf 80' lang='grc' dir='ltr'>ἐνεργείας,</span> <span class='ocrx_word' id='word_1_780' title='bbox 2429 5797 2496 5860; x_wconf 82' lang='grc' dir='ltr'>ἣν</span> <span class='ocrx_word' id='word_1_781' title='bbox 2517 5797 2574 5850; x_wconf 82' lang='grc' dir='ltr'><strong>ὲν</strong></span> <span class='ocrx_word' id='word_1_782' title='bbox 2607 5796 2716 5856; x_wconf 81' lang='grc' dir='ltr'>τοῖς</span> <span class='ocrx_word' id='word_1_783' title='bbox 2758 5791 3032 5858; x_wconf 83' lang='grc' dir='ltr'>Ἰουδαίοις</span> <span class='ocrx_word' id='word_1_784' title='bbox 3055 5790 3141 5843; x_wconf 81' lang='grc' dir='ltr'>διὰ</span> <span class='ocrx_word' id='word_1_785' title='bbox 3162 5789 3261 5859; x_wconf 81' lang='grc' dir='ltr'>τῆς</span> <span class='ocrx_word' id='word_1_786' title='bbox 3294 5787 3533 5858; x_wconf 83' lang='grc' dir='ltr'>Ἡρώδου</span> <span class='ocrx_word' id='word_1_787' title='bbox 3557 5803 3685 5840; x_wconf 79' lang='grc' dir='ltr'>παι-</span> 
     </span>
    </p>
   </div>
  </div>
