3968 6220
333 371 470 437 1373

1762 373 1839 432 IN
1883 370 2165 434 ISAIAM.

3466 373 3602 441 1374

330 487 609 549 δοκτονίας
638 485 913 558 ἐνήργησε
941 504 956 518 ·
992 488 1087 541 καὶ
1120 487 1467 558 παράκλησις
1496 486 1632 558 πρὸς
1668 484 1769 556 τὴν
1798 483 1910 536 νέαι

2032 493 2185 537 ratus
2237 495 2358 550 est;
2416 493 2470 539 et
2528 486 2830 541 consolatio
2878 487 2942 541 ad
2991 502 3187 541 novam
3238 488 3390 554 Sion,
3454 494 3597 558 quo]

336 581 496 647 Σιὼν,
521 580 598 646 ὡς
632 580 942 653 ὀλοθρεύειν
973 580 1069 634 τοῦ
1099 580 1337 650 Χριστοῦ
1375 580 1465 633 τὸν
1500 579 1912 651 ψευδόχριστον,

335 672 428 727 καὶ
459 673 586 737 τοὺς
610 672 706 726 σὺν
727 672 873 742 αὑτῷ
896 672 1204 743 μέλλοντος.

408 764 491 818 ια’.
534 763 951 833 Εὑαγγελισμὺς
979 765 1317 834 σαρκώσεως
1348 763 1612 836 Χριστοῦ,
1635 763 1730 816 καὶ
1766 764 1917 828 ὅπως

331 858 385 910 ἐν
421 854 579 926 αὐτῷ
608 855 670 908 τὸ
703 853 979 926 πλήρωμα
1032 857 1353 925 κατοικήσει
1401 854 1497 908 τοῦ
1557 855 1913 925 Πνεύματος·

331 948 427 1001 καὶ
455 950 603 1011 ὅπως
643 948 771 1012 τοὺς
805 948 907 1019 μὲν
941 950 1218 1011 ἐναντίους
1245 948 1552 1020 διαφθερεῖ,
1585 947 1815 1020 ἀληθεία
1857 948 1915 1001 δὲ

332 1040 427 1090 καὶ
465 1037 781 1111 δικαιοσύνῃ
817 1037 955 1108 πρὸς
991 1040 1118 1101 τοὺς
1151 1036 1478 1109 ἀνθρώπους
1500 1039 1786 1110 χρήσεται,
1821 1040 1917 1092 καὶ

337 1128 474 1201 μετὰ
511 1128 740 1184 δικαίων
782 1128 1032 1201 ἀθροίσει
1074 1131 1201 1193 τοὺς
1243 1128 1304 1196 ἐξ
1343 1130 1622 1202 ἁμαρτίας
1656 1130 1917 1202 ἐπιστρέ-

336 1228 535 1291 φοντας
558 1237 572 1252 ⁸
613 1223 708 1276 καὶ
748 1222 847 1293 τὴν
894 1224 959 1275 ἐκ
999 1222 1273 1294 δαιμόνων
1311 1224 1652 1295 καταργήσει
1685 1222 1912 1295 βλάϐην,

335 1314 750 1386 πληθυνομένης
779 1316 880 1384 τῆς
910 1315 1170 1379 πίστεως.

406 1413 474 1459 κ’.
521 1407 643 1460 Ὀτι
704 1406 877 1461 ἐθνῶν
925 1410 954 1461 ὁ
1005 1407 1243 1479 Χριστὸς
1296 1409 1631 1481 προσδοκία·
1664 1411 1915 1473 καὶτοὺς

335 1498 673 1568 πανταχόθεν
705 1501 785 1563 εἰς
822 1501 1098 1572 σωτηρίαν
1130 1500 1367 1568 συνάξει,
1406 1501 1500 1555 καὶ
1544 1505 1654 1566 τοῖς
1683 1502 1916 1567 δικαίοις

332 1589 459 1653 τοὺς
506 1590 1036 1662 ἐξομολογουμένους
1078 1592 1441 1662 ἁμαρτωλοὺς
1502 1592 1765 1663 συνάψει·
1822 1596 1915 1648 καὶ

331 1683 444 1744 τοῖς
486 1682 583 1751 μὲν
616 1679 826 1734 ἔθνεσιν
862 1682 1140 1753 ἐκπέμψει
1176 1685 1304 1749 τοὺς
1355 1685 1692 1749 ἀποστόλους
1740 1686 1913 1757 κήρυ-

332 1790 468 1836 κας·
505 1776 561 1826 ἐν
602 1774 864 1845 Αἰγύπτῳ
902 1776 961 1830 δέ
1006 1778 1041 1847 ἡ
1073 1776 1275 1846 γνῶσις
1310 1778 1783 1852 πληθυνθήσεται·
1817 1779 1914 1833 καὶ

331 1866 613 1937 προτροπὴ
663 1868 953 1931 κοινωνίας
1011 1868 1429 1941 βαπτίσματοςο
1482 1872 1576 1925 καὶ
1633 1871 1911 1941 δοξολογία

331 1955 593 2027 Χριστοῦ,
616 1956 700 2025 ἐφ’
729 1950 811 2019 οἷς
838 1957 896 2010 ἐν
914 1959 980 2028 τῇ
1008 1956 1149 2013 Σιὼν
1174 1959 1606 2031 ἐμυσταγώγησε
1642 1960 1909 2033 θαύμασι.

402 2044 508 2099 κα⁰,
550 2046 867 2117 Προφητεία
912 2047 1161 2119 κλήσεως
1202 2049 1373 2103 ἐθνῶν
1397 2050 1485 2105 διὰ
1526 2051 1793 2123 Χριστοῦ,
1817 2046 1921 2116 καὶ⁵

331 2135 596 2208 ἀφίξεως,
627 2139 722 2192 καὶ
746 2139 857 2192 τῶν
881 2139 1157 2211 ἐσομένων
1186 2142 1244 2195 ἐν
1278 2141 1355 2213 τῷ
1383 2142 1562 2214 καιρῷ
1594 2143 1696 2214 τῆς
1723 2161 1912 2197 συντε-

331 2228 479 2293 λείας
520 2231 579 2282 ἐν
612 2232 680 2302 τῇ
725 2232 796 2302 γῇ
849 2232 1083 2296 καὶτοῖς
1121 2233 1411 2304 στοιχείοις
1457 2234 1657 2288 ἅπασιο
1694 2235 1788 2289 καὶ
1812 2235 1913 2306 τῆς

330 2323 442 2376 τῶν
472 2324 687 2394 ἀνόμων
719 2322 1042 2395 διαφθορᾶς,
1085 2324 1182 2378 καὶ
1207 2324 1309 2396 τῆς
1338 2326 1447 2380 τῶν
1468 2326 1697 2381 δικαίων
1728 2327 1908 2398 δόξης·

332 2415 426 2467 καὶ
453 2409 542 2467 οἶα
589 2414 869 2468 πείσονται
906 2416 957 2468 oi.
1000 2415 1293 2472 ὑπεύθυνοι
1317 2417 1439 2471 τότε
1486 2419 1557 2495 τῇ
1598 2419 1725 2492 δίκῃ
1765 2422 1914 2493 εὑρι-

334 2505 609 2575 σχόμενοι.

405 2600 513 2669 κβο.
552 2599 892 2671 Προφητεία,
923 2599 1005 2655 ὃτι
1034 2599 1102 2654 τὰ
1137 2600 1265 2672 ἔθνη
1295 2602 1437 2656 κατὰ
1468 2603 1741 2675 δαιμόνων
1781 2605 1913 2659 ἀνα-

336 2691 617 2762 στήσεται,
645 2690 741 2744 καὶ
758 2689 1189 2760 ἀφανισθήσεται
1210 2691 1537 2767 παράὑτῶν
1572 2694 1605 2763 ἡ
1639 2692 1748 2747 τῶν
1769 2690 1914 2751 eiicit-

334 2782 441 2835 λων
462 2781 745 2854 σύγχυσις,
761 2780 978 2854 Ἰσραὴλ
994 2782 1048 2835 δὲ
1070 2783 1253 2845 αὐτοῖς
1274 2784 1301 2837 ό
1326 2782 1594 2837 πιστεύων
1606 2782 1911 2854 ἀναμιχθή-

334 2892 506 2941 σεται,
540 2878 635 2929 καὶ
668 2874 864 2949 θρῆνος
891 2874 1140 2933 ἐντεῦθεν
1167 2875 1243 2946 τῷ
1267 2875 1498 2946 διαϐόλῳ
1528 2876 1841 2947 γενήσεται.

404 2966 512 3035 κγ’.
552 2966 715 3040 Χαρὰ
751 2965 861 3020 τῶν
888 2966 1078 3034 ἐθνῶν,
1106 2967 1202 3019 καὶ
1235 2966 1596 3039 σχετλιασμὸς
1636 2967 1743 3020 τῶν
1784 2967 1912 3021 ἀσε-

334 3058 444 3111 ϐῶν
472 3059 564 3110 ἐπὶ
596 3057 675 3129 τῷ
715 3059 974 3129 πτώματι
1008 3057 1105 3112 τοῦ
1136 3058 1385 3112 διαϐόλου
1405 3072 1421 3088 ⁸
1446 3059 1539 3112 καὶ
1592 3058 1910 3129 ἐπιτίμησις

336 3152 455 3205 κατ’
482 3150 650 3204 αὑτοῦ
674 3150 828 3220 παρὰ
850 3150 946 3204 τοῦ
966 3151 1125 3215 Θεοῦ,
1159 3151 1397 3222 παντελῆ
1430 3152 1530 3222 μὲν
1563 3151 1784 3222 ὄλεθρον
1809 3152 1907 3205 αὐ-

332 3243 425 3296 τοῦ
452 3260 510 3297 τε
536 3244 631 3298 καὶ
655 3243 765 3297 τῶν
800 3242 989 3311 αὐτοῦ,
1028 3242 1323 3315 βεϐαίωσιν
1355 3243 1412 3296 δὲ
1446 3244 1544 3315 τῆς
1574 3242 1772 3314 βουλῆς
1806 3245 1907 3315 τῆς

335 3333 483 3396 θείας
516 3335 985 3404 καταγγέλλουσα.

404 3426 504 3481 κδ’.
550 3428 939 3502 Προσφώνησις
988 3433 1099 3495 τοῖς
1146 3432 1390 3502 δαίμοσι,
1431 3431 1505 3502 μὴ
1557 3430 1781 3503 θαρρεῖν
1829 3427 1910 3499 τῷ

346 3518 624 3591 Ἰουδαῖκῴ
661 3521 939 3592 πτώματι,
974 3522 1162 3594 ἐπειδὴ
1193 3524 1409 3594 χαλεπὰ
1458 3523 1610 3594 παρὰ
1653 3522 1764 3575 τῶν
1798 3523 1909 3585 τοῖς

336 3611 655 3674 ἀποστόλοις
681 3613 1128 3682 μαθητευθέντων
1158 3614 1460 3668 πείσονται.

409 3701 510 3760 κε’.
551 3703 868 3773 Προφητεία
898 3705 1037 3757 κατὰ
1066 3705 1167 3774 τῆς
1192 3705 1633 3776 είδωλολατρείας
1659 3708 1717 3758 ἐν
1743 3707 1912 3775 αινίγ-

338 3814 471 3869 ματι
501 3796 599 3865 τῆς
629 3793 804 3850 Μωάϐ
823 3809 836 3823 ·
864 3787 933 3864 ἦν
963 3793 1073 3865 γὰρ
1110 3794 1248 3865 αὑτὴ
1296 3795 1624 3859 κατείδωλος
1645 3812 1658 3827 θ
1687 3796 1785 3849 καὶ
1811 3797 1914 3867 τῆς

334 3889 629 3962 ἐπιδημίας
669 3887 768 3956 τῆς
814 3886 909 3940 τοῦ
950 3890 1157 3958 Κυρίου
1184 3888 1520 3961 πρόρρησις·
1557 3889 1776 3960 καὶτῆς
1803 3888 1913 3943 τῶν

336 3984 773 4055 πεπλανημένων
793 3981 964 4036 ἐθνῶν
993 3982 1339 4053 διορθώσεως
1366 3984 1619 4055 μήνυσις.

404 4083 518 4143 κς¹.
562 4074 896 4148 Προφητεία,
945 4074 1046 4146 τὴν
1088 4074 1299 4146 πλάνην
1349 4075 1445 4128 καὶ
1494 4076 1560 4129 ἐκ
1616 4072 1911 4146 Δαμασκοῦ

335 4168 639 4225 παύεσθαι·
676 4167 773 4222 καὶ
818 4167 1127 4239 πρόρρησις
1154 4167 1256 4238 τῆς
1312 4165 1406 4246 τοῦ
1461 4166 1593 4221 λαοῦ
1626 4168 1738 4220 τῶν
1777 4168 1911 4220 Ἰου-

333 4262 496 4316 δαίων
550 4257 918 4327 ἐλαττώσεως,
969 4259 1139 4312 ἐθνῶν
1181 4276 1242 4312 τε
1295 4260 1662 4332 ἐπιστροφῆς
1695 4259 1790 4313 καὶ
1822 4254 1911 4313 οἷα

333 4352 442 4405 τῶν
486 4348 756 4405 Ἰουδαίων
806 4349 855 4401 oi
913 4348 1102 4411 παῖδες
1131 4345 1218 4400 διὰ
1246 4346 1345 4418 τὴν
1371 4337 1451 4410 είς
1494 4346 1728 4417 Χριστὸν
1781 4346 1911 4400 ἀπι-

334 4445 488 4502 στίαν
515 4440 838 4497 πεπόνθασι.

2015 578 2268 632 Christus
2337 580 2808 648 pseudochristum
2858 587 2914 634 et
2967 580 3060 653 qui
3112 597 3235 635 cum
3283 596 3349 636 eo
3392 592 3595 647 erunt,

2015 673 2297 727 occisurus
2319 673 2409 727 sit.

2086 765 2228 820 XIX.
2266 765 2623 820 Anuuntiatio
2666 766 3065 822 incarnationis
3106 767 3334 835 Christi,
3369 779 3419 823 et
3457 785 3596 838 quo-

2014 859 2180 913 modo
2240 857 2298 911 in
2340 857 2460 926 ipso
2512 857 2840 913 inhabitahit
2891 859 3172 927 plenitudo
3226 860 3497 930 Spiritus;
3543 870 3600 916 et

2014 950 2287 1021 quomodo
2316 949 2568 1004 inimicos
2596 949 2818 1019 quidem
2851 951 3119 1015 destruet,
3154 953 3384 1007 veritate
3414 960 3597 1007 autem

2014 1051 2071 1095 et
2097 1040 2307 1111 iustitia
2350 1039 2403 1094 in
2442 1041 2692 1095 homines
2736 1048 2943 1105 utetur,
2991 1052 3201 1097 etcum
3239 1042 3402 1111 iustis
3462 1059 3596 1099 con-

2015 1132 2259 1206 gregabit
2293 1149 2389 1189 eos
2429 1132 2522 1202 qui
2563 1147 2628 1186 ex
2674 1140 2899 1202 peccato
2945 1133 3199 1188 conversi
3251 1133 3500 1201 fuerint;
3540 1142 3599 1190 et

2016 1224 2328 1280 daemonum
2415 1222 2618 1278 delebit
2695 1221 3152 1295 perversitatem,
3237 1224 3596 1295 multiplicata

2018 1315 2148 1370 ﬁde.

2084 1405 2205 1461 XX.
2246 1404 2403 1473 Quod
2447 1403 2702 1459 Christus
2724 1403 2830 1458 erit
2862 1404 3201 1473 exspectatio
3231 1404 3495 1475 gentium,
3538 1414 3597 1460 et

2015 1512 2209 1553 omnes
2246 1496 2488 1565 undique
2533 1493 2589 1548 in
2623 1492 2854 1548 salutem
2907 1494 3283 1566 congregabit,
3324 1504 3381 1549 et
3431 1496 3596 1566 justis

2014 1600 2333 1666 peccatores
2362 1588 2688 1644 conﬁtentes
2721 1587 2999 1657 adiunget,
3045 1597 3101 1642 et
3139 1588 3389 1658 gentibus
3419 1589 3597 1643 mittet

2015 1698 2297 1754 praecones
2330 1681 2630 1752 apostolos,
2669 1688 2725 1734 et
2752 1680 2806 1733 in
2849 1678 3085 1750 ιιΕεςγριο
3118 1681 3313 1734 notitia
3358 1691 3591 1736 crescet.

2016 1775 2081 1832 Et
2130 1774 2439 1832 exhortatio
2483 1774 2551 1827 ad
2592 1772 3067 1843 participationem
3120 1772 3497 1842 baptismatis;
3538 1784 3595 1828 et

2015 1870 2182 1943 gloria
2212 1868 2414 1926 Christi
2446 1876 2669 1950 propter
2700 1866 2962 1923 miracula
2992 1881 3113 1941 quae
3141 1865 3195 1920 in
3230 1865 3362 1920 Sion
3390 1881 3594 1936 opera-

2016 1973 2102 2018 lUS
2132 1973 2237 2019 εει.

2087 2054 2228 2112 XXI.
2274 2052 2603 2109 Vaticinium
2650 2052 2953 2108 vocationis
3001 2050 3247 2122 gentium
3297 2063 3396 2121 per
3431 2049 3595 2105 Chri—

2015 2158 2181 2217 stum,
2214 2158 2269 2204 et
2301 2149 2588 2209 adventus,
2609 2158 2664 2201 et
2708 2146 3017 2200 futurorum
3064 2145 3119 2199 in
3163 2152 3408 2213 tempore
3459 2158 3595 2199 con-

2015 2241 2398 2301 summationis
2435 2240 2491 2294 in
2543 2248 2686 2293 terra
2721 2248 2777 2293 et
2818 2237 2872 2291 in
2901 2237 3156 2292 omnibus
3199 2236 3504 2303 elementis,
3540 2245 3596 2292 et

2015 2334 2324 2403 iniquorum
2358 2330 2705 2401 perditionis,
2744 2329 3092 2398 etjustorum
3116 2328 3338 2399 gloriae;
3370 2337 3425 2382 et
3449 2344 3597 2398 quae-

2015 2439 2144 2479 nam
2185 2422 2464 2493 patientur
2512 2420 2565 2475 hi
2603 2420 2692 2489 qui
2739 2426 2868 2475 tunc
2906 2419 3116 2491 judicio
3165 2418 3388 2475 obnoxii
3438 2418 3594 2474 iuve-

2015 2515 2256 2570 nicntur.

2083 2607 2257 2663 XXII.
2300 2604 2632 2665 Vaticinium
2683 2611 2876 2672 gentes
2913 2603 2969 2657 in
3015 2602 3293 2658 dat-mones
3347 2602 3592 2657 insurre-

2014 2710 2198 2757 eturas
2230 2714 2373 2762 esse,
2406 2705 2461 2753 et
2488 2698 2556 2752 ab
2595 2698 2676 2751 eis
2706 2695 2990 2751 delendam
3020 2693 3289 2748 idolorum
3319 2693 3595 2748 confusio-

2016 2809 2164 2850 nem.
2217 2791 2385 2847 Israel
2434 2797 2618 2844 autem
2665 2786 2839 2841 ﬁdelis
2869 2799 2993 2840 cum
3039 2784 3119 2838 eis
3158 2782 3495 2849 miscebitur,
3538 2790 3597 2838 et

2016 2886 2253 2960 gemitus
2279 2883 2405 2938 inde
2424 2880 2643 2937 diabolo
2667 2879 2779 2933 ﬁet.

2086 2972 2281 3029 XXIII.
2321 2969 2593 3025 Gaudium
2638 2965 2882 3038 gentium
2913 2973 2968 3017 et
2996 2960 3264 3018 desolatio
3300 2961 3593 3031 impiorum

2014 3070 2070 3124 in
2108 3065 2269 3120 ruina
2305 3059 2545 3125 diaboli;
2599 3067 2656 3113 et
2688 3053 3089 3110 animadversio
3121 3051 3177 3106 in
3214 3066 3340 3105 eum
3375 3068 3403 3104 ιι
3461 3052 3593 3116 Deo,

2015 3159 2338 3229 completam
2383 3152 2529 3207 illius
2561 3148 2928 3221 perditionem
2970 3146 3199 3216 ejusque
3231 3143 3590 3208 asseclarum,

2011 3248 2487 3317 confirmationem
2566 3257 2698 3300 vero
2763 3240 2964 3297 divinae
3016 3237 3309 3294 sententiae
3371 3252 3592 3292 annun-

2011 3360 2271 3492 uaIIZXIV.
2310 3429 2581 3486 Allocutio
2628 3426 2693 3481 ad
2727 3425 3023 3486 daemones,
3053 3423 3265 3478 scilicet
3303 3437 3373 3477 ne
3420 3422 3596 3477 conti-

2010 3527 2143 3583 daut
2181 3524 2495 3579 Iudaeorum
2539 3516 2733 3579 ruinae,
2763 3513 3021 3584 quoniam
3063 3512 3249 3583 gravia
3278 3512 3348 3566 ab
3382 3512 3469 3567 his
3497 3511 3592 3582 qui

2011 3618 2078 3672 ab
2108 3615 2367 3686 apostolis
2402 3610 2583 3665 edocti
2612 3607 2841 3672 fuerint,
2872 3605 3176 3675 patientur.

2081 3705 2250 3760 XXV.
2284 3701 2619 3758 Vaticinium
2663 3707 2854 3753 contra
2897 3697 3259 3751 idololatriam
3291 3696 3393 3750 suh
3424 3695 3594 3766 ﬁgura

2011 3796 2204 3862 llloab;
2246 3803 2365 3849 erat
2414 3791 2564 3847 enim
2598 3791 2716 3860 ipsa
2757 3788 2916 3843 idolis
2952 3787 3156 3841 dedita.
3203 3785 3270 3839 Et
3312 3787 3595 3856 praedictio

2012 3889 2282 3945 adventus
2326 3881 2563 3947 Domini,
2604 3893 2661 3935 et
2703 3879 2970 3934 indicium
3009 3878 3420 3933 restaurationis
3457 3895 3595 3950 gen-

2015 3980 2149 4036 tium
2174 3978 2229 4032 in
2262 3975 2544 4032 erroribus
2572 3971 2935 4027 versantium.

2082 4069 2273 4125 XXVI.
2310 4064 2660 4129 Vaticinium,
2702 4078 2946 4119 errorem
2988 4062 3152 4118 etiam
3206 4078 3275 4117 ex
3332 4062 3595 4117 Damasco

2011 4162 2313 4218 desituram
2358 4174 2515 4225 esse;
2543 4166 2598 4213 et
2638 4155 2918 4227 praedictio
2968 4155 3367 4210 imminutionis
3407 4155 3591 4226 populi

2010 4254 2327 4311 Iudaeorum
2374 4260 2429 4306 et
2485 4249 2862 4307 conversionis
2904 4249 3186 4319 gentium;
3252 4259 3307 4305 et
3347 4250 3593 4319 quantam

2010 4340 2322 4397 Iudaeorum
2352 4339 2471 4404 lilii,
2504 4354 2570 4394 eo
2598 4337 2827 4409 quodin
2859 4337 3137 4392 Christum
3196 4353 3307 4392 non
3343 4338 3593 4393 credide-
3676 4368 3683 4377 -

2015 4437 2151 4499 rint,
2188 4436 2399 4508 passuri
2423 4444 2568 4490 sunt.

404 4530 507 4596 κζ’.
548 4530 779 4601 Κατάρα
810 4530 953 4584 κατὰ
986 4529 1094 4582 τῶν
1134 4528 1304 4582 ἐθνῶν
1328 4529 1463 4599 ὁμοῦ
1491 4528 1632 4581 κατὰ
1656 4528 1766 4581 τῶν
1794 4527 1909 4582 δαι·

2078 4527 2303 4581 ‘XXVII.
2346 4526 2483 4582 Dira:
2521 4526 2577 4580 in
2608 4535 2798 4597 gentes
2823 4524 2982 4580 simul
3022 4534 3078 4579 et
3114 4524 3166 4579 in
3202 4525 3507 4592 daemones;
3542 4534 3597 4581 et

338 4625 517 4694 μόνων
535 4639 549 4653 ο
573 4624 671 4677 καὶ
701 4624 1010 4695 πρόρρησις
1037 4621 1405 4676 ἀποστολικοῦ
1442 4622 1645 4693 δρόμου
1673 4622 1810 4694 πρὸς
1838 4620 1909 4674 τὰ

336 4716 484 4786 ἔθνη,
509 4716 605 4770 καὶ
632 4715 729 4784 τῆς
754 4715 862 4768 τῶν
890 4715 1138 4769 ἀπίστων
1173 4712 1565 4785 ὀλοθρεύσεως,
1596 4712 1707 4767 τῶν
1737 4712 1798 4779 ἐξ
1824 4712 1910 4766 ἐθ-

335 4807 442 4860 νῶν
469 4806 527 4860 δὲ
550 4806 958 4865 πιστευσάντων
984 4805 1122 4877 πρὸς
1143 4804 1214 4859 τὰ
1243 4805 1521 4877 μυστήρια
1544 4804 1612 4859 τὰ
1636 4805 1735 4876 τῆς
1770 4802 1910 4858 Σιὼν

334 4898 594 4971 ἀφίξεως.

404 4997 512 5062 κη’.
551 4991 885 5063 Πρόῤῥησις,
938 4987 1027 5045 οἷα
1075 4994 1202 5055 τοὺς
1262 4990 1595 5060 Αἰγυπτίους
1632 4992 1660 5043 ὁ
1707 4989 1912 5063 Κύριος

336 5083 534 5154 βρέφος
567 5085 705 5155 πρὸς
737 5084 935 5148 αὐτοὺς
966 5084 1211 5148 καταϐὰς
1244 5082 1649 5155 εὐηργέτησεν·
1675 5083 1823 5145 ὅπως
1850 5097 1908 5134 τε

336 5177 519 5230 αὐτῶν
556 5179 662 5231 πᾶν
691 5177 850 5246 γένος
875 5177 979 5247 τῆς
1012 5177 1229 5247 ἀπάτης
1274 5175 1595 5245 ἐξηφάνισε,
1638 5174 1733 5227 καὶ
1785 5173 1912 5233 τοὺς

338 5268 536 5336 σοφοὺς
564 5271 691 5329 τοὺς
739 5270 869 5340 παρ’
902 5270 1087 5332 αὐτοῖς
1136 5267 1530 5338 νομιζομένους
1567 5266 1787 5338 ᾔσχυνε,
1816 5264 1913 5317 καὶ

339 5359 580 5430 φοϐερὰν
610 5362 792 5423 αὐτοῖς
823 5362 918 5432 τὴν
951 5361 1149 5431 βουλίην
1193 5359 1292 5432 τὴν
1324 5360 1533 5414 οἰκείαν
1582 5358 1907 5428 κατέστησε.

415 5538 516 5594 κθ⁹.
558 5542 873 5610 Προφητεία
914 5543 1013 5611 τῆς
1060 5542 1378 5609 Αἰγυπτίων
1441 5540 1577 5610 πρὸς
1627 5539 1720 5592 τὸν
1780 5538 1914 5590 Θεὸν

338 5633 714 5702 ἐπιστροφῆς·
750 5633 844 5686 καὶ
877 5634 1027 5695 ὅπως
1078 5632 1217 5701 μετὰ
1249 5632 1358 5683 τῶν
1411 5630 1586 5684 ἄλλων
1631 5627 1806 5682 ἐθνῶν
1846 5628 1913 5681 τὰ

336 5725 583 5795 πρωτεῖα
605 5723 746 5777 κατᾶ
768 5722 862 5777 τοῦ
895 5722 1110 5793 Ἰσραὴλ
1140 5723 1343 5788 ἕξουσι.

406 5814 475 5873 λ’.
519 5813 916 5888 Προσφώνησις
940 5813 1017 5887 τῷ
1061 5814 1281 5884 Ἡσαΐᾳ,
1308 5798 1540 5884 κηρῦξαι
1562 5812 1657 5884 τὴν
1687 5814 1911 5883 γενομέ-

2011 4620 2292 4691 ρνωάἰοιίο
2328 4620 2702 4690 apostolorum
2745 4633 2940 4674 cursus
2998 4618 3050 4672 in
3087 4628 3298 4688 gentes,
3332 4629 3386 4674 et
3414 4618 3595 4674 incre-

2010 4711 2262 4766 dolorum
2295 4710 2649 4781 perditionis,
2679 4719 2735 4763 et
2760 4724 2949 4765 eorum
2976 4709 3065 4779 qui
3090 4725 3155 4763 ex
3195 4709 3449 4779 gentibus
3472 4724 3595 4765 cre-

2010 4801 2272 4856 diderunt
2305 4800 2640 4857 accessionis
2678 4798 2745 4855 ad
2782 4799 3039 4872 mysteria
3074 4796 3227 4856 Sion.

2087 5003 2323 5058 XXVIII.
2367 5003 2699 5060 Vaticinium
2748 5003 3143 5059 beneﬁciorum
3180 5018 3302 5072 qua:
3337 5001 3389 5055 in
3428 5000 3593 5072 Egy-

2013 5094 2158 5165 ptios
2200 5095 2466 5150 Dominus
2527 5094 2708 5149 adhuc
2770 5110 2909 5164 puer
2937 5094 3002 5147 ad
3052 5093 3201 5162 ipsos
3253 5092 3593 5147 descendens

2012 5186 2263 5250 contulit,
2325 5195 2379 5239 et
2423 5186 2699 5255 quomodo
2744 5186 2812 5240 ab
2856 5185 2937 5240 eis
2967 5199 3130 5239 omne
3178 5199 3352 5254 genus
3392 5184 3592 5240 erroris

2014 5276 2239 5340 amovit,
2278 5284 2334 5330 et
2373 5275 2467 5345 qui
2512 5275 2656 5331 inter
2707 5276 2858 5345 ipsos
2906 5274 3184 5344 sapientes
3223 5274 3584 5329 censebantur

2014 5367 2284 5433 confudit,
2331 5377 2385 5422 et
2436 5368 2711 5438 prepriam
2752 5365 2886 5436 ipsis
2915 5366 3246 5421 sententiam
3288 5364 3587 5420 terribilem

2016 5459 2219 5514 etl'ecit.

2091 5550 2277 5605 XXIX.
2321 5550 2652 5607 Vaticinium
2697 5549 3074 5606 conversionis
3108 5549 3487 5624 Egyptiorum
3520 5552 3591 5610 ad

2018 5642 2210 5708 Deum,
2243 5654 2298 5698 et
2320 5644 2594 5713 quomodo
2627 5658 2749 5698 cum
2776 5642 2899 5697 aliis
2940 5644 3156 5715 populis
3201 5646 3494 5717 primatum
3533 5646 3589 5704 in

2020 5735 2272 5789 Israelem
2296 5734 2640 5792 obtinebunt.

2088 5823 2256 5879 XXX.
2295 5825 2560 5885 Allocutio
2588 5829 2655 5886 ad
2686 5828 2881 5886 Isaiam
2922 5842 2979 5886 ut
3006 5830 3293 5887 denuntiet
3314 5846 3434 5888 eam
3466 5842 3589 5902 qua:
