4038 6226
288 582 293 593 ν

345 332 478 397 1375

1518 321 1878 384 HESYCIIII
1916 320 2389 382 PRESBYTERI

3455 308 3590 376 1376

337 441 597 513 gentibus
615 438 867 497 ﬁdelibus
896 436 1111 494 eveniet
1143 450 1213 491 ex
1246 433 1518 491 idolorum
1549 432 1814 489 servitute
1839 433 1906 487 li-

2027 445 2111 499 θην
2148 432 2259 493 τοίς
2307 429 2519 490 πιστοῖς
2561 426 2770 481 ἔθνεσιν
2816 426 2882 479 ἐκ
2908 402 3008 496 τῆς
3049 424 3158 480 τῶν
3190 423 3428 479 εἰδώλων
3465 425 3583 494 αἰχ·-
3642 416 3651 429 “

339 536 408 591 be
440 536 702 590 ationem.

414 622 609 677 XXXI.
648 621 811 678 Minae
850 621 906 675 in
946 619 1164 691 impios,
1198 628 1255 673 et
1282 618 1523 689 mysticae
1566 632 1767 673 mensae
1791 616 1921 671 vati-

326 714 579 776 ‘cinium;
610 722 666 769 et
685 724 940 784 aspectus
961 711 1365 782 praedicationis
1394 709 1539 766 Petri
1569 718 1624 764 et
1652 710 1825 774 Pauli,
1865 717 1920 761 et

339 807 540 861 Christi
583 805 638 859 in
690 808 807 860 suis
868 803 1341 868 commorationis,
1374 818 1472 873 per
1510 818 1673 873 quam
1711 802 1919 872 dejecta

340 908 470 956 sunt
501 899 811 953 daemonum
838 896 1153 951 simulacra.

413 989 629 1045 XXXII.
668 988 892 1043 Vocatio
943 988 1186 1060 gentium
1231 997 1286 1044 et
1343 986 1626 1058 praedictio
1670 1000 1919 1042 commu-

340 1081 525 1137 nionis
554 1081 956 1152 mysteriorum,
999 1090 1059 1135 et
1094 1080 1489 1152 prtenuntiatio
1534 1077 1921 1135 destructionis

343 1175 577 1231 telorum
612 1173 903 1228 idolorum.

412 1266 659 1322 XXXIII.
697 1263 983 1335 Tragoedia
1010 1262 1209 1317 veteris
1236 1261 1558 1327 Jerusalem,
1589 1269 1644 1317 et
1672 1274 1920 1330 quamam

345 1358 421 1413 illi
452 1375 482 1412 a
510 1358 767 1429 gentibus
792 1372 911 1425 qua:
947 1354 1283 1411 crediderint
1328 1355 1626 1425 patientur,
1672 1368 1740 1409 eo
1777 1353 1920 1423 quod

345 1468 537 1509 eorum
566 1451 787 1521 quidem
819 1446 1201 1519 pteuitentiam
1247 1446 1566 1513 celaverint,
1617 1445 1796 1501 minas
1822 1459 1922 1500 au-

348 1556 457 1600 tem
487 1543 582 1597 Dei
614 1541 944 1611 spreverint.

418 1633 658 1689 XXXIV.
697 1632 983 1688 Praedictio
1033 1630 1398 1687 sacerdotium
1437 1627 1748 1686 Iudaeorum
1792 1644 1922 1700 per-

348 1727 574 1788 iturum,
604 1721 812 1777 Christi
862 1728 1047 1776 autem
1095 1720 1153 1775 in
1201 1719 1323 1791 ejus
1362 1718 1485 1776 loco
1533 1735 1916 1775 successurum
1953 1761 1996 1817 Β

346 1828 634 1958 essifXXV.
675 1901 971 1973 Prophetia
1011 1900 1321 1972 perdendos
1369 1914 1490 1956 esse
1535 1915 1731 1955 avaros
1785 1914 1922 1968 quos

349 1996 453 2055 sub
502 1997 674 2066 figura
719 2001 1091 2050 mercatorum
1143 1992 1312 2047 maris
1358 1992 1647 2061 exposuit;
1698 2005 1923 2045 casuros

343 2101 469 2143 esse
497 2086 662 2140 etiam
691 2084 966 2156 Assyrios,
1009 2081 1282 2154 spiritales
1321 2082 1598 2147 videlicet,
1628 2089 1683 2135 et
1717 2080 1922 2135 daemo-

346 2194 467 2241 nes,
499 2178 737 2234 minatus
760 2185 865 2233 est.
906 2176 1230 2231 Salvandam
1265 2190 1388 2230 esse
1417 2190 1517 2244 per
1548 2174 1921 2244 paenitentiam

348 2269 647 2325 Ecclesiam
675 2268 916 2340 gentium
941 2266 1211 2338 promisit,
1247 2266 1349 2321 sub
1386 2263 1558 2336 ﬁgura
1599 2262 1726 2336 Tyri
1777 2262 1922 2316 illam

347 2361 655 2417 delineans.

411 2451 660 2508 XXXVI.
728 2451 978 2506 Narratio
1046 2449 1358 2506 futurorum
1416 2447 1803 2519 peccatoribus
1870 2454 1925 2502 et

340 2544 510 2616 justis
538 2543 592 2597 in
616 2543 816 2598 satculo
857 2550 1113 2606 venturo,
1156 2548 1214 2595 et
1254 2547 1781 2610 superventurorum
1811 2535 1924 2592 ele-

346 2635 546 2690 mentis
580 2636 637 2688 in
678 2632 1174 2698 consummatione,
1217 2639 1273 2686 et
1315 2630 1501 2702 gloriae
1543 2629 1769 2695 Christi,
1818 2645 1925 2700 qua

346 2728 680 2802 gloriﬁcatus
704 2733 789 2782 est
808 2725 1119 2797 appareudo
1140 2726 1197 2778 in
1221 2739 1404 2779 carne.

412 2909 684 2969 XXXVII.
725 2908 968 2983 Hymnus
1001 2909 1069 2966 ad
1100 2908 1267 2965 Deum
1294 2923 1398 2981 pro
1429 2924 1496 2964 eo
1528 2910 1676 2980 quod
1699 2907 1925 2965 Jerusa-

345 3005 454 3060 lem
499 3013 658 3059 vetus
699 3012 924 3074 propter
961 3002 1300 3073 impietatem
1346 3001 1568 3069 cecidit,
1620 3000 1926 3057 ﬂoruerunt

2022 520 2303 590 μαλωσίας
2334 518 2637 590 γύμνωσιν.

2087 610 2189 665 λα’.
2238 610 2462 683 Ἀπειλὴ
2514 611 2656 664 κατά
2678 611 2788 665 τῶν
2831 608 3079 664 ἀσεϐῶν·
3133 608 3230 663 καί
3280 602 3590 680 προφητεία

2020 702 2117 772 τῆς
2142 702 2414 772 μυστικῆς
2438 701 2722 773 τραπέζης
2743 717 2756 731 ·
2794 700 2890 754 καί
2920 698 3128 770 Θεωρία
3160 699 3254 751 τοῦ
3285 698 3585 768 κηρύγμα-

2018 812 2108 858 τος
2138 794 2348 865 Πέτρου
2382 794 2477 848 καί
2511 792 2749 858 Παύλου,
2781 792 2877 845 καί
2915 791 3014 861 τῆς
3042 789 3305 861 ἐνδημίας
3331 788 3426 842 τοῦ
3455 790 3590 859 Χρι-

2021 883 2171 948 στοῦ,
2194 885 2261 939 δι’
2288 880 2355 957 ἧς
2379 884 2689 956 κατεϐλήθη
2718 886 2787 937 τὰ
2812 884 2922 937 τῶν
2952 881 3223 952 δαιμόνων
3248 876 3461 936 είδωλα.

2089 976 2187 1046 λβ’.
2232 977 2442 1047 Κλῆσις
2468 975 2656 1041 ἐθνῶν,
2693 974 2904 1045 καὶτῆς
2932 973 3217 1037 κοινωνίας
3246 972 3353 1026 τῶν
3382 990 3593 1043 μυστη-

2023 1068 2154 1138 ρίων
2194 1067 2518 1139 πρόρρησις,
2554 1068 2650 1121 καί
2683 1067 2783 1137 τῆς
2830 1066 2941 1119 τῶν
2986 1063 3284 1119 εἰδωλικῶν
3328 1063 3594 1136 τοξευμά-
3692 1131 3698 1137 ,

2020 1173 2127 1209 των
2156 1156 2433 1221 ἀπωλείας
2465 1157 2887 1229 προαγόρευσις.

2090 1247 2190 1316 λγ’.
2232 1249 2526 1320 Τραγῳδία
2590 1249 2689 1319 τῆς
2736 1248 2969 1320 ἀρχαίας
3040 1248 3434 1320 Ἰερουσαλήμ·
3497 1250 3593 1303 καί

2023 1336 2350 1404 προφητεία,
2402 1330 2490 1388 οἷα
2530 1336 2679 1404 παρά
2725 1335 2833 1390 τῶν
2881 1335 3051 1390 ἐθνῶν
3082 1337 3190 1390 τῶν
3225 1336 3593 1391 πιστευόντων

2023 1427 2321 1492 πείσονται,
2350 1426 2466 1480 ἀνθ’
2493 1419 2567 1481 ὧν
2600 1426 2844 1499 ἔκρυψαν
2874 1427 2972 1499 μὲν
2993 1427 3054 1494 ἐξ
3084 1428 3265 1483 αὐτῶν
3295 1429 3395 1502 τὴν
3425 1432 3593 1499 μετά-

2020 1534 2191 1584 νοιαν,
2222 1517 2323 1587 τῆς
2350 1518 2579 1589 ἀπειλῆς
2612 1517 2669 1571 δὲ
2696 1519 2790 1571 τοῦ
2818 1518 2955 1571 Θεοῦ
2986 1521 3426 1593 κατεφρόνησαν.

2091 1606 2187 1660 λδ’.
2231 1606 2567 1679 Πρόρρησις,
2634 1607 2733 1679 τὴν
2784 1607 2896 1662 τῶν
2965 1607 3234 1662 Ἰουδαίων
3292 1609 3595 1681 ἱερωσύνην

2024 1696 2427 1769 φθαρήσεσθαι,
2474 1697 2571 1770 τὴν
2617 1698 2712 1752 τοῦ
2759 1698 2998 1772 Χριστοῦ
3033 1697 3090 1752 δὲ
3116 1700 3232 1755 ἀντ’
3259 1700 3431 1770 αὐτῆς
3464 1704 3597 1756 ἁνα-

2026 1788 2338 1858 στήσεσθαι.

2091 1878 2185 1934 λε’.
2228 1881 2565 1954 Προφητεία,
2615 1883 2931 1939 ἀπολεῖσθαι
3015 1884 3142 1949 τοὺς
3201 1885 3593 1959 φιλαργύρους,

2022 1970 2117 2037 οὓς
2145 1973 2224 2036 εἰς
2244 1972 2474 2045 αἴνιγμα
2498 1974 2605 2027 τῶν
2635 1976 2894 2047 ἐμπόρων
2920 1978 3018 2048 τῆς
3044 1977 3317 2049 θαλάσσης
3343 1971 3612 2046 ἐξέθετο(

2023 2062 2307 2117 πεσεῖσθαι
2355 2064 2414 2118 δὲ
2469 2065 2727 2130 καὶτοὺς
2767 2069 3086 2139 Ἀσσυρίους
3130 2070 3415 2142 ἠπείλησε,
3469 2073 3597 2135 τοὺς

2022 2160 2247 2227 νοητοὺς
2297 2157 2564 2229 δηλονότι,
2619 2162 2745 2225 τοὺς
2795 2161 3096 2232 δαίμονας·
3134 2162 3480 2235 σωθήσεσθαι
3507 2164 3597 2219 διὰ

2027 2248 2316 2317 μετανοίας
2369 2251 2469 2323 τὴν
2517 2253 2581 2304 ἐκ
2634 2251 2741 2305 τῶν
2791 2251 2962 2306 ἐθνῶν
3024 2254 3369 2327 Ἐκκλησίαν,
3406 2259 3484 2322 εἱς
3535 2256 3597 2310 τὸ

2024 2341 2320 2411 πρόσωπον
2351 2342 2525 2412 αὐτὴν
2556 2340 2735 2413 Τύρου
2764 2347 3198 2418 χαρακτηρίσας,
3232 2348 3522 2418 ὑπέσχετο.

2095 2432 2203 2497 λς’.
2244 2436 2512 2505 Διήγησις
2536 2435 2645 2489 τῶν
2683 2437 2957 2507 ἐσομένων
2982 2441 3091 2502 τοῖς
3128 2440 3473 2511 ἁμαρτωλοῖς
3504 2443 3595 2496 καὶ

2025 2526 2136 2588 τοῖς
2167 2526 2394 2589 δικαίοις
2433 2530 2489 2580 ἐν
2549 2527 2625 2598 τῷ
2670 2527 2831 2584 αἰῶνι
2854 2528 2932 2601 τῷ
2966 2528 3248 2599 μέλλοντι·
3285 2528 3379 2583 καὶ
3400 2534 3507 2584 τῶν
3538 2534 3597 2585 ἐν

2025 2620 2089 2688 τῇ
2116 2618 2399 2690 συντελείᾳ
2426 2621 2539 2684 τοῖς
2578 2621 2843 2692 στοιχέοις
2872 2621 3310 2693 συμϐησομένων
3330 2640 3344 2655 ·
3383 2624 3476 2678 καί
3500 2625 3596 2696 τῆς

2024 2708 2187 2793 δόξης
2208 2711 2303 2764 τοῦ
2333 2711 2592 2782 Χριστοῦ,
2626 2712 2695 2784 ἢν
2724 2713 2812 2767 διά
2843 2715 3046 2785 σαρκὸς
3086 2715 3251 2769 αὐτὸν
3298 2716 3597 2788 ἐμφανίσε-

2028 2803 2151 2856 σθαι
2179 2802 2513 2870 δεδόξασται.

2099 2893 2199 2961 λζ’.
2251 2896 2581 2968 Ὑμνολογία
2631 2897 2788 2963 Θεοῦ,
2819 2897 2906 2969 ἐφ’
2930 2892 3010 2963 οἷς
3052 2899 3409 2973 Ἰερουσαλὴμ
3434 2903 3466 2973 ή
3495 2903 3597 2974 ἀρ-

2027 2985 2158 3057 χαία
2207 2985 2283 3049 ὼς
2332 2988 2607 3041 ἀσεϐοὗσα
2658 2988 2875 3056 ἔπεσεν,
2912 2989 3115 3061 ἤνθησε
3153 2991 3208 3044 δὲ
3254 2993 3352 3064 τῆς
3396 2994 3596 3065 Ἰερου-

347 3106 530 3152 autem
587 3111 742 3152 novae
785 3094 1089 3151 Jerusalem
1167 3096 1456 3164 mysteria,
1504 3103 1563 3150 et
1612 3094 1787 3150 deleta
1842 3100 1922 3150 est

2030 3076 2211 3148 σαλὴμ
2244 3078 2345 3148 τῆς
2376 3078 2499 3143 νέας
2524 3080 2592 3133 τά
2623 3084 2926 3151 μυστήρια·
2953 3082 3047 3136 καὶ
3092 3086 3416 3157 κατηργήθη
3448 3088 3547 3158 μὲν
3569 3089 3597 3142 ό

347 3204 517 3254 mors,
548 3197 605 3244 et
635 3189 953 3243 conculcata
983 3196 1069 3243 est
1095 3187 1363 3243 idolorum
1397 3187 1668 3256 impietas,
1705 3199 1921 3239 necnon

346 3290 403 3335 et
430 3281 592 3350 hujus
622 3288 815 3335 auctor
845 3280 1134 3347 diabolus;
1168 3289 1367 3350 praeter
1398 3277 1541 3347 quod
1581 3276 1921 3331 vocationem

347 3373 594 3444 gentium
652 3388 751 3445 per
798 3388 950 3444 spem
1007 3373 1064 3429 in
1111 3372 1282 3427 Deum
1330 3369 1580 3442 praedixit
1641 3375 1923 3439 prophetae

347 3466 611 3520 calamus.
1784 3454 1793 3461 ’

421 3557 707 3614 XXXVIII.
746 3556 1026 3614 Canticum
1075 3556 1357 3627 propheta:
1406 3553 1772 3624 perditionem
1801 3556 1923 3611 dia-

350 3651 482 3718 boli,
517 3658 570 3706 et
591 3650 903 3707 Iudaeorum
932 3649 1290 3720 ignorantiam
1319 3655 1373 3702 et
1412 3646 1671 3702 invidiam
1702 3663 1919 3703 annun-

353 3742 511 3805 tians,
553 3749 610 3796 et
660 3740 961 3811 praedicans
1020 3739 1236 3809 piorum
1297 3752 1449 3807 spem
1494 3738 1549 3792 in
1594 3737 1784 3806 Deum,
1830 3737 1923 3808 qui

350 3831 579 3888 suscitat
605 3839 848 3888 mortuos
873 3846 1015 3903 quos
1042 3828 1238 3884 medici
1268 3844 1377 3884 non
1408 3839 1655 3900 possunt.

420 4012 662 4069 XXXIX.
705 4013 1038 4081 Consolatio,
1088 4012 1182 4068 Dei
1226 4012 1437 4067 scilicet
1482 4012 1616 4067 iram
1650 4011 1925 4079 imminui,

351 4111 425 4165 ita
454 4119 515 4164 ut
555 4109 828 4163 diabolum
876 4108 1163 4172 destruat;
1210 4114 1266 4160 et
1310 4105 1588 4160 accusatio
1624 4106 1928 4162 sterilitatis

349 4200 692 4265 Judznorum;
725 4206 777 4252 et
811 4196 1127 4251 vaticinium
1156 4205 1359 4250 terram
1399 4196 1463 4249 ad
1490 4195 1766 4250 Christum
1798 4213 1931 4251 ven-

352 4303 572 4359 turam;
607 4300 662 4345 et
682 4290 973 4361 promissio
1001 4289 1269 4344 salvatum
1300 4286 1417 4341 fore
1445 4303 1474 4341 a
1507 4286 1727 4343 Christo
1762 4290 1929 4345 Israel

351 4399 701 4442 conversum,
738 4389 794 4436 ct
818 4380 1148 4436 destruenda
1184 4378 1350 4442 idola,
1376 4387 1432 4435 et
1468 4377 1798 4436 dedicandus
1840 4396 1928 4435 ra-
1965 4438 1989 4447 ,ἰ

354 4476 643 4532 tionabiles
665 4489 817 4530 oves.

424 4645 540 4698 XL.
582 4643 807 4698 Vocatio
856 4642 1146 4697 mulierum
1185 4656 1306 4711 quae
1376 4638 1633 4694 viderunt
1677 4655 1926 4695 resurre-

353 4738 587 4794 ctionem
619 4733 819 4789 Christi
843 4751 860 4800 ;
882 4743 940 4787 et
961 4733 1242 4803 praedictio
1272 4732 1545 4801 quomodo
1576 4748 1674 4802 per
1703 4747 1931 4803 evange-

352 4832 514 4889 licam
568 4824 1006 4896 praedicationem
1050 4823 1246 4892 peribit
1298 4824 1571 4894 impietas.
1616 4823 1699 4878 Ira
1743 4833 1926 4879 autem

354 4925 411 4978 in
461 4919 702 4982 Judaeos,
736 4931 803 4971 eo
852 4915 998 4985 quod
1036 4930 1147 4969 non
1196 4914 1375 4969 solum
1425 4915 1692 4970 idolorum
1740 4931 1928 4972 errore

354 5009 609 5068 inebriati
669 5016 841 5073 sunt,
885 5006 979 5062 sed
1037 5013 1095 5060 et
1144 5005 1515 5076 praedicationi
1548 5009 1923 5077 apostolorum

352 5115 459 5153 non
490 5097 857 5163 crediderunt,
882 5094 1026 5150 unde
1057 5093 1356 5151 incredulis
1377 5096 1636 5166 perditio,
1658 5097 1805 5152 salus
1833 5114 1930 5152 au-

356 5202 464 5247 tem
497 5189 848 5245 credentibus
871 5196 1142 5257 speratur.

422 5281 558 5337 XLI.
600 5282 758 5338 Minae
804 5284 859 5338 in
899 5296 994 5337 eos
1026 5281 1122 5352 qui
1172 5278 1489 5335 existimant
1547 5296 1606 5336 se
1651 5281 1930 5351 impietate

354 5375 689 5444 adjuvandos
750 5373 898 5439 fore;
957 5379 1013 5427 et
1065 5371 1377 5428 exhortatio
1440 5373 1507 5428 ad
1564 5374 1927 5429 obediendum

355 5464 594 5528 Christo,
620 5462 733 5534 qui,
774 5470 899 5533 post
928 5462 1407 5526 resurrectionem,
1442 5464 1578 5517 iram
1614 5464 1928 5529 incredulis,

355 5557 586 5612 salutem
631 5570 763 5610 vero
811 5569 1081 5609 summam
1137 5555 1253 5611 orbi
1292 5564 1448 5611 terra;
1503 5556 1694 5620 mittit,
1731 5568 1784 5611 et
1838 5557 1929 5627 qui

354 5645 595 5717 primum
645 5645 763 5715 lege
807 5654 861 5700 et
907 5655 1095 5715 postea
1142 5648 1429 5717 praeceptis
1457 5649 1782 5719 cvangelicis
1832 5668 1929 5706 nos

356 5733 544 5799 coluit.

2028 3166 2278 3231 θάνατος,
2316 3169 2630 3236 πεπάτηται
2675 3170 2731 3222 δὲ
2780 3171 2887 3224 τῶν
2919 3172 3154 3225 εἰδώλων
3183 3175 3214 3244 ἡ
3248 3176 3476 3230 ἀσέϐεια
3505 3181 3598 3233 καὶ

2024 3258 2052 3309 ὁ
2076 3257 2281 3325 ταύτην
2312 3258 2611 3325 ἐνεργήσας
2634 3258 2876 3321 διάϐολος
2895 3277 2909 3290 ·
2937 3263 3022 3326 ἐφ’
3048 3258 3127 3325 οἷς
3159 3265 3258 3333 τὴν
3292 3266 3403 3319 τῶν
3426 3269 3598 3323 ἐθνῶν

2024 3346 2216 3416 κλῆσιν
2248 3345 2335 3398 διὰ
2354 3348 2452 3415 τῆς
2484 3347 2563 3408 εἰς
2589 3345 2723 3398 Θεὸν
2743 3346 2958 3409 ἐλπίδος
2987 3344 3388 3423 ἁξπροφητικὸς
3422 3376 3596 3427 προσ-

2023 3435 2205 3507 εφώνη
2214 3453 2271 3488 σε
2302 3434 2567 3505 κάλαμος.

2093 3527 2195 3600 λη’.
2248 3527 2370 3599 ’ῼδὴ
2399 3527 2493 3581 τοῦ
2526 3528 2832 3598 προφήτου,
2877 3529 3157 3585 ἀπώλειαν
3206 3532 3301 3586 τοῦ
3344 3533 3594 3592 διαϐόλου

2024 3618 2120 3673 καὶ
2147 3618 2255 3671 τῶν
2299 3617 2568 3671 Ἰουδαίων
2597 3619 2821 3686 ἄγνοιαν
2850 3619 2944 3672 καὶ
2970 3620 3161 3688 φθόνον
3192 3626 3594 3694 καταγγέλλου-

2028 3730 2126 3766 σα·
2160 3713 2254 3767 καὶ
2293 3712 2402 3766 τῶν
2430 3712 2670 3765 εὐσεϐῶν
2694 3713 2791 3784 τὴν
2821 3713 3015 3767 ἐλπίδα
3051 3715 3132 3777 εἰς
3157 3715 3292 3769 Θεὸν
3318 3715 3457 3772 εἶναι
3493 3739 3596 3791 κη-

2030 3804 2315 3878 ρύττουσα,
2350 3804 2443 3859 τὸν
2485 3804 2769 3874 ἐγείροντα
2809 3806 2936 3869 τοὺς
2979 3808 3229 3877 νεκροὺς,
3277 3807 3373 3874 οὓς
3425 3812 3600 3884 ἰατροί

2033 3896 2107 3968 μὴ
2140 3897 2418 3951 δύνανται.

2100 3988 2196 4044 λθ’.
2241 3989 2592 4060 Παραίνεσις,
2625 3987 2725 4058 τὴν
2758 3987 2928 4059 ὀργὴν
2967 3988 3057 4041 τοῦ
3099 3988 3235 4043 Θεοῦ
3275 3990 3602 4047 ὑποστέλλε-

2030 4079 2174 4140 σθαι,
2205 4078 2280 4143 ὡς
2312 4080 2404 4132 καὶ
2432 4078 2598 4132 αὐτὸν
2631 4080 2872 4149 ἀναιρεῖν
2897 4079 2987 4131 τὸν
3012 4079 3260 4134 διάϐολον
3278 4082 3607 4151 μέλλουσαντ

2028 4171 2123 4223 καί
2172 4170 2477 4241 κατηγορία
2530 4170 2631 4239 τῆς
2679 4169 2787 4222 τῶν
2837 4171 3108 4224 Ἰουδαίων
3166 4173 3472 4244 ἀκαρπίας·
3507 4181 3601 4230 καί

2029 4263 2358 4335 προφητεία,
2412 4264 2512 4333 τὴν
2560 4265 2663 4333 γῆν
2711 4261 2787 4332 τῷ
2824 4264 3047 4333 Χριστῷ
3096 4266 3598 4334 προσελεύσεσθαι·

2030 4356 2125 4409 καί
2160 4357 2474 4425 ὑπόσχεσις,
2520 4353 2863 4425 σωθήσεσθαι
2898 4356 3048 4426 παρά
3093 4356 3332 4429 Χριστοῦ
3356 4358 3448 4413 τὸν
3480 4363 3601 4413 ἐπι-

2030 4448 2330 4520 στρέφοντα
2368 4445 2606 4517 Ἰσραὴλ,
2658 4446 2754 4499 καὶ
2796 4446 3123 4501 ἀπολεῖσθαι
3171 4450 3239 4503 τὰ
3291 4450 3508 4521 εἴδωλα,
3534 4453 3601 4508 τὰ

1982 4552 1991 4563 '
2028 4540 2220 4610 λογικὰ
2245 4538 2299 4593 δὲ
2323 4537 2693 4610 ἀναθήσεσθαι
2718 4538 2988 4609 πρόϐατα.

2101 4638 2174 4702 μ’.
2216 4632 2425 4701 Κλῆσις
2509 4630 2805 4700 γυναικῶν,
2861 4632 3061 4694 αἵτινες
3133 4632 3447 4704 ἐθεώρησαν
3507 4637 3601 4689 τοῦ

2028 4724 2271 4796 Χριστοῦ
2297 4725 2397 4794 τὴν
2435 4724 2767 4778 ἀνάστασιν·
2818 4725 2911 4777 καί
2963 4726 3270 4796 πρόρρησις
3316 4728 3465 4791 ὅπως
3514 4727 3603 4781 διά

2028 4817 2122 4871 τοῦ
2150 4815 2506 4885 εὐαγγελικοῢ
2548 4815 2902 4886 κηρύγματος
2952 4815 3233 4869 ἀπολεῖται
3270 4818 3301 4888 ἡ
3345 4819 3598 4874 ἀσέϐεια·

2028 4909 2166 4980 ὀργὴ
2196 4910 2253 4962 δὲ
2286 4912 2400 4973 τοῖς
2441 4908 2735 4971 Ἰουδαίοις,
2771 4908 2887 4961 ἀνθ’
2920 4901 2994 4961 ὧν
3024 4909 3086 4961 ού
3131 4908 3291 4978 μόνον
3325 4913 3392 4981 τῇ
3426 4911 3601 4984 πλάνῃ

2028 5000 2141 5055 τῶν
2184 5001 2415 5055 εἰδώλων
2459 4998 2857 5070 ἐμεθύσθησαν,
2882 4999 3021 5053 ἀλλά
3055 5000 3149 5053 καὶ
3171 4999 3248 5070 τῷ
3282 5001 3600 5072 κηρύγματι

2029 5093 2141 5146 τῶν
2171 5092 2486 5146 ἀποστόλων
2527 5091 2628 5143 οὐκ
2663 5089 3024 5159 ἐπείσθησαν·
3049 5088 3109 5154 ἐξ
3131 5082 3190 5142 οὗ
3213 5093 3323 5153 τοῖς
3352 5085 3599 5155 ἀπίστοις

2031 5184 2299 5247 ἀπώλεια,
2336 5184 2579 5255 σωτηρία
2608 5183 2664 5236 δέ
2691 5184 2803 5245 τοῖς
2836 5184 3050 5244 πιστοῖς
3082 5182 3384 5245 ἐλπίζεται.

2106 5273 2216 5346 μα’.
2270 5275 2494 5346 Ἀπειλὴ
2541 5272 2682 5327 κατά
2737 5270 2845 5325 τῶν
2898 5270 3161 5341 οἰομένων
3202 5272 3307 5324 ὑπὸ
3350 5272 3449 5341 τῆς
3477 5277 3605 5328 ace-

2034 5367 2181 5430 ϐείας
2234 5364 2573 5436 βοηθεῖσθαι·
2621 5364 2713 5416 καὶ
2760 5361 3106 5432 παραίνεσις,
3160 5360 3471 5415 ὑπακοῦσαι
3523 5360 3602 5432 τῷ

2034 5459 2274 5532 Χριστῷ,
2309 5457 2388 5529 τῷ
2421 5458 2560 5527 μετὰ
2616 5455 2714 5525 τὴν
2764 5455 3065 5509 ἀνάστασιν
3112 5454 3285 5525 ὀργὴν
3316 5458 3427 5517 τοῖς
3477 5454 3605 5507 ἀπί-

2035 5570 2203 5617 στοις,
2235 5550 2507 5620 σωτηρίαν
2538 5548 2595 5601 δὲ
2624 5547 2887 5617 σύντομον
2917 5547 3304 5600 ἀποστέλλοντι
3332 5550 3396 5618 τῇ
3423 5550 3603 5601 οἰκου-

2039 5645 2196 5716 μένῃ,
2240 5643 2498 5713 κήρυγμα
2540 5641 2633 5692 καί
2679 5639 2948 5709 πρότερον
2994 5638 3069 5707 τῷ
3119 5638 3292 5710 νόμῳ,
3332 5639 3425 5694 καὶ
3465 5637 3603 5708 μετὰ

2034 5737 2189 5790 τοῦτο
2208 5738 2328 5797 ταῖς
2355 5731 2739 5801 εύαγγελικαίς
2764 5733 2908 5801 ἡμᾶς
2940 5731 3178 5793 ἐντολαῖς
3201 5730 3604 5802 γεωργήσαντι.
