3968 6220
398 343 532 410 1377

1825 359 1907 418 IN
1955 363 2236 424 lb‘AIAM.

3516 380 3652 442 1378

465 454 575 528 μβ’.
618 440 997 529 Σχετλιασμὸς
1021 461 1160 513 κατὰ
1182 461 1282 530 τῆς
1305 462 1541 532 ἀρχαίας
1580 463 1956 538 Ἰερουσαλήμι

2144 468 2301 523 XLII.
2343 470 2576 536 Querela
2621 474 2886 531 adversus
2923 488 3167 534 veterem
3218 479 3545 552 Jerusalem,
3596 500 3650 542 et

391 553 486 603 καὶ
511 552 711 622 ἀπειλὴ
751 553 895 605 κατὰ
930 552 1227 623 δαιμόνων,
1261 554 1371 606 τῶν
1398 554 1572 625 αὐτὴν
1594 559 1971 626 τυραννησάν⁸

390 662 501 698 των
521 660 532 673 ο
563 644 658 697 καὶ
685 645 994 714 κατηγορία
1026 646 1128 714 τῆς
1153 645 1264 697 τῶν
1301 646 1577 699 Ἰουδαίων
1607 648 1925 719 πωρώσεως
1952 667 1966 682 ’

392 737 488 791 καὶ
515 737 665 800 ὅπως
700 737 763 790 τὸ
812 737 1149 805 Εὐαγγέλιον
1194 740 1309 800 τοῖς
1371 738 1654 803 Ἰουδαίοις
1698 741 1969 811 ἐσφράγι-

393 848 537 897 σται,
569 831 848 898 ἀγνοεῖται
879 830 935 884 δὲ
967 831 1100 901 πρὶν
1123 831 1191 884 τὰ
1224 831 1342 885 θεῖα
1376 832 1755 903 παιδευθῆναι.

464 930 577 993 μγθ.
616 924 945 995 Κατηγορία
990 922 1100 996 [Ζσ.
1145 924 1482 998 προφητεία]
1530 926 1631 996 τῆς
1679 926 1790 979 τῶν
1838 927 1969 980 ’1ου-

2074 560 2234 613 minae
2268 559 2322 613 in
2347 561 2626 619 daemones
2644 566 2737 635 qui
2763 582 2882 621 eam
2914 570 3276 642 subegerunt;
3301 584 3357 629 et
3376 579 3652 634 accusatio

2072 651 2291 706 duritiae
2314 651 2647 721 Iudaeorum,
2688 668 2743 714 et
2776 662 3048 730 quomodo
3072 664 3421 736 Evangelium
3451 668 3653 725 Iudaeis

2072 745 2342 799 sancitum
2373 757 2488 812 est;
2520 765 2627 804 non
2669 755 2936 825 accipitur
2978 768 3160 812 autem
3207 761 3523 831 priusquam
3562 763 3652 818 di-

2071 836 2195 891 vina
2227 839 2581 897 edoceantur.

2144 926 2328 983 XLIII.
2368 931 2661 1001 Prophetia
2688 936 2877 1005 judicii
2901 940 3235 1005 Iudaeorum,
3278 955 3333 998 et
3365 946 3650 1014 prtcdietio

390 1017 554 1071 δαίων
584 1017 988 1086 κατακρίσεως,
1021 1017 1120 1070 καὶ
1155 1018 1462 1088 πρόρρησις
1518 1019 1618 1087 τῆς
1654 1019 1764 1071 τῶν
1795 1020 1956 1073 ὲθνῶκ

2077 1019 2275 1076 notitia:
2312 1021 2407 1077 Dei
2445 1025 2589 1093 apud
2616 1038 2828 1096 gentes,
2860 1039 2916 1084 et
2956 1034 3278 1102 perditionis
3321 1052 3510 1091 eorum
3556 1039 3646 1107 qui

391 1111 744 1178 θεογνωσίας,
781 1113 874 1163 καὶ
904 1111 1004 1178 τῆς
1039 1109 1321 1168 ἀπωλείας
1349 1110 1459 1163 τῶν
1502 1110 1649 1180 ἔργῳ
1693 1112 1790 1165 καὶ
1821 1113 1956 1184 λόγῳ

2077 1112 2235 1166 verbo
2267 1121 2323 1167 et
2345 1129 2512 1183 opere
2544 1118 2806 1186 populum
2836 1123 3248 1189 scandalizant;
3289 1134 3345 1179 et
3376 1129 3648 1195 quomodo

389 1201 481 1254 τὸν
524 1200 653 1253 λαὸν
704 1200 1208 1265 σκανδαλιζὸντωψ
1246 1204 1340 1254 καὶ
1369 1202 1520 1265 ὅπως
1549 1205 1663 1264 τοῖς
1694 1204 1789 1258 τοῦ
1830 1206 1966 1275 Χρι-

391 1292 519 1347 στοῦ
554 1293 799 1363 θαύμασι
835 1295 902 1346 τὰ
936 1294 1036 1363 μὲν
1064 1293 1191 1362 ἔθνη
1229 1293 1674 1365 παιδευθήσεται,
1717 1296 1964 1352 Ἰουδαῖοι

387 1385 446 1437 δὲ
482 1384 961 1455 αἰσχυνθήσονται,
1013 1384 1088 1447 ὡς
1137 1385 1475 1449 ἀποστάντες
1534 1385 1816 1451 Θεοῦ,καὶ
1868 1387 1963 1441 ⁶τοῦ

389 1476 582 1546 νοητοῦ
610 1475 710 1545 τὴν
744 1476 1068 1547 συμμαχίαν
1103 1476 1376 1545 ἑλόμενοι.
1561 1535 1567 1542 _

460 1567 565 1638 μδ.
605 1567 794 1631 Ὅπως
843 1568 913 1621 τὰ
967 1567 1118 1637 παρὰ
1166 1567 1281 1620 τῶν
1330 1568 1609 1639 δαιμόνων
1667 1569 1959 1641 ἀνωφελῆ.

386 1660 615 1724 τούτους
653 1661 762 1731 γὰρ
810 1661 922 1722 τοῖς
965 1658 1178 1730 θηρίοις
1236 1659 1600 1729 παρείκασεν,
1631 1660 1768 1731 ὅπερ
1799 1661 1857 1712 ἐν
1885 1661 1963 1713 εί-

2065 1214 2257 1273 genles
2286 1204 2489 1261 Christi
2526 1209 2810 1265 miraculis
2850 1212 3217 1298 docebuntur.
3265 1217 3436 1273 Judati
3464 1227 3647 1274 autem

2066 1295 2497 1361 eonfundentur,
2523 1299 2729 1368 quippe
2758 1303 2851 1370 qui
2879 1318 2906 1356 a
2933 1295 3043 1360 Deo
3075 1306 3399 1373 defecerint,
3449 1310 3650 1366 diaboli

2067 1393 2250 1440 autem
2281 1389 2548 1445 auxilium
2574 1394 2941 1460 praetulerint.

2138 1568 2320 1624 XLIV.
2357 1571 2643 1637 Quomodo
2687 1591 2806 1644 quae
2842 1594 2874 1632 a
2915 1580 3277 1645 daemonibus.
3320 1595 3451 1641 sunt
3483 1603 3647 1645 vana.

2066 1658 2175 1714 llos
2203 1660 2347 1714 enim
2382 1659 2512 1716 feris
2536 1664 2804 1721 assimilat
2827 1684 2841 1733 ;
2866 1670 3006 1737 quod
3040 1671 3092 1724 in
3127 1672 3297 1744 ﬁgura
3323 1675 3444 1729 libri
3478 1692 3650 1733 evan-

385 1754 504 1806 κόνι
547 1753 650 1822 τῆς
688 1750 1057 1821 εὐαγγελικῆς
1102 1748 1289 1820 βίϐλου
1324 1751 1537 1822 γράψαι
1592 1753 1622 1804 ὁ
1669 1753 1956 1823 προφήτης

2077 1751 2220 1817 gelici
2278 1751 2521 1806 scribere
2558 1756 2822 1825 propheta
2860 1760 3104 1829 jubetnr.
3146 1763 3213 1818 Et
3241 1767 3514 1833 quomodo
3554 1784 3651 1824 au-

386 1844 699 1898 κελεύεται·
740 1845 834 1896 καὶ
862 1845 1010 1908 ὅπως
1039 1843 1263 1897 ἀκούειν
1296 1844 1542 1898 Ἰουδαῖοι
1568 1845 1639 1898 τὰ
1669 1844 1789 1898 θεῖα
1820 1862 1956 1915 παρ-

2077 1840 2181 1896 .lire
2202 1840 2385 1897 divina
2407 1840 2578 1897 Judaei
2624 1862 2750 1902 eum
2791 1854 3101 1918 renuerint,
3154 1854 3313 1910 ruina
3358 1857 3647 1914 insanabili

389 1935 728 2008 αιτούμενοι,
771 1934 975 2007 πτῶμα
1003 1936 1224 1990 ἀνίατον
1250 1937 1537 1990 πίπτουσι.

458 2036 565 2100 με’.
607 2028 937 2100 Παραίνεσις
975 2028 1267 2098 μετανοίας
1304 2028 1385 2099 τῷ
1430 2028 1670 2099 Ἰσραὴλ,
1710 2029 1805 2081 καὶ
1833 2027 1964 2082 ἀνά-

385 2139 586 2192 μνησις
617 2115 706 2173 οἷα
734 2121 894 2174 αὐτοὶ
920 2119 1260 2182 ἀποστάντες
1288 2119 1398 2172 ἀπὸ
1434 2115 1569 2173 Θεοῦ
1607 2118 1963 2172 ἐϐουλεύσαν-

380 2231 464 2276 το,
494 2215 522 2267 ὁ
548 2211 786 2283 Χριστὸς
812 2211 871 2266 δὲ
898 2211 986 2264 διὰ
1015 2213 1116 2283 τῆς
1137 2210 1347 2275 οἰκείας
1389 2209 1722 2282 σαρκώσεως
1751 2212 1959 2265 οἰκονο-

383 2307 507 2377 μεῖν
536 2304 917 2376 εὐτρέπισται.

456 2428 576 2492 μς’.
621 2421 937 2492 Πρόρρησις
972 2419 1070 2473 τοῦ
1122 2415 1372 2491 Χριστοῦ
1406 2418 1507 2490 τῆς
1546 2416 1812 2489 δευτέρας
1857 2419 1961 2487 ἀφ-

2065 1933 2290 1988 cadent.

2136 2025 2295 2079 XLV.
2341 2027 2662 2086 Exhortatio
2685 2033 3020 2103 pmnitentiae
3048 2037 3115 2091 ad
3145 2037 3347 2105 Israel;
3382 2049 3436 2095 et
3479 2058 3649 2097 reme-

2065 2118 2298 2173 moratio
2327 2121 2508 2190 qualia
2541 2123 2667 2194 ipsi,
2712 2139 2837 2178 cum
2873 2141 2904 2179 a
2951 2125 3062 2183 Deo
3102 2129 3427 2198 defecerint,
3461 2134 3646 2189 consi-

2064 2209 2174 2263 liati
2206 2210 2343 2279 sint;
2381 2212 2635 2271 Christus
2660 2224 2844 2271 autem
2874 2232 2973 2288 per
3011 2235 3162 2275 suam
3219 2224 3647 2282 incarnationem

2064 2300 2262 2356 bonam
2288 2302 2691 2363 institutionem
2728 2316 2905 2379 parat.

2136 2415 2318 2472 XLVI.
2378 2418 2672 2477 Praedictio
2716 2424 2943 2479 secundi
2994 2428 3261 2483 adventus
3312 2428 3546 2495 Christi;
3590 2440 3649 2487 et

385 2514 542 2581 ίξεως
558 2529 571 2542 ·
593 2514 689 2566 καὶ
704 2511 919 2585 άπειλὴῖ
934 2512 1073 2567 κατὰ
1093 2510 1203 2565 τῶν
1221 2511 1507 2580 άποκεχρη
1515 2509 1691 2579 μένων
1720 2508 1798 2580 τῷ
1827 2509 1956 2581 οἴκῳ

2077 2506 2224 2564 uiuae
2253 2510 2308 2564 in
2337 2525 2433 2566 eos
2460 2513 2552 2582 qui
2583 2514 2738 2569 ahusi
2774 2525 2905 2570 sunt
2928 2516 3092 2571 domo
3133 2520 3248 2585 Dei,
3284 2530 3333 2575 et
3369 2521 3421 2576 in
3455 2523 3649 2579 diabo-

380 2605 476 2660 τοῦ
506 2603 664 2669 Θεοῦ,
701 2605 796 2659 καὶ
824 2584 967 2657 κατὰ
1009 2602 1103 2656 τοῦ
1138 2601 1386 2657 διαϐόλου
1428 2603 1524 2655 καὶ
1554 2600 1663 2655 τῶν
1686 2604 1774 2655 ἐπ’
1809 2602 1961 2674 αύτῷ

382 2697 756 2752 πεποιθότων
795 2696 888 2750 καὶ
934 2696 1084 2759 ὅπως
1113 2696 1147 2766 ἡ
1201 2693 1297 2749 τοῦ
1355 2692 1612 2766 Σωτῆρος
1669 2695 1956 2766 ἐπιδημία,

381 2794 667 2863 ἀναίρεσις
704 2792 802 2863 τῆς
826 2788 1038 2853 πλάνης
1064 2787 1174 2843 τῶν
1204 2786 1463 2855 εἰδώλων,
1498 2788 1595 2842 καὶ
1623 2787 1718 2842 τοῦ
1748 2788 1959 2861 ταύτην

380 2888 468 2940 ὲνε
479 2885 787 2956 ργήσαντος
814 2881 1048 2951 γίνεται.

451 2974 562 3049 μς.
604 2973 973 3046 Μακαρισμδς
1000 2973 1108 3026 τῶν
1138 2972 1519 3043 φυλαττόντων
1549 2971 1649 3044 τὴν
1676 2971 1813 3043 πρὸς
1857 2970 1954 3025 Ἰε-

380 3069 663 3142 ρουσαλὴμ
701 3068 801 3140 τὴν
832 3068 1031 3140 νοητὴν
1077 3067 1423 3136 συγγένειαν,
1456 3059 1573 3140 ὲνῇ
1610 3068 1839 3136 φανεροῖ
1856 3065 1957 3137 τῆς

2061 2599 2173 2656 lum
2208 2611 2264 2657 et
2303 2603 2359 2657 in
2400 2618 2496 2659 eos
2543 2606 2634 2676 qui
2686 2608 2970 2664 conﬁdunt
3003 2610 3060 2664 in
3112 2626 3198 2666 eo.
3253 2613 3322 2667 Et
3368 2616 3648 2684 quomodo

2061 2690 2359 2748 Salvatoris
2388 2695 2657 2752 adventus
2682 2697 2775 2752 ﬁat
2804 2699 3110 2755 destructio
3138 2705 3339 2759 erroris
3380 2705 3646 2764 idolorum

2059 2792 2114 2839 et
2136 2784 2258 2856 ejus
2283 2784 2376 2856 qui
2398 2801 2516 2841 eam
2543 2787 2794 2860 inspirat.

2128 2969 2335 3027 XLVII.
2375 2971 2666 3031 Beatitudo
2712 2991 2901 3032 eorum
2947 2978 3040 3048 qui
3082 2990 3303 3037 servant
3344 2983 3643 3052 spiritalem

2057 3079 2181 3118 eum
2228 3062 2529 3122 Jerusalem
2599 3071 3020 3141 cognationem,
3073 3073 3128 3127 in
3168 3090 3273 3143 qua
3325 3077 3645 3134 manifestat

378 3159 587 3221 οἰκείας
615 3156 914 3228 ἐπιδημίας
953 3159 982 3210 ὁ
1031 3155 1270 3226 Χριστὸς
1298 3156 1370 3210 τὰ
1404 3157 1704 3228 μυστήρια,
1739 3155 1831 3209 καὶ
1855 3156 1956 3227 τὴν

2077 3152 2312 3209 3hristus
2351 3156 2436 3209 sui
2471 3157 2743 3213 adventus
2780 3161 3055 3231 mysteria,
3103 3171 3157 3216 et
3199 3163 3511 3222 Iudaeorum
3547 3184 3644 3224 su-

377 3252 487 3306 τῶν
532 3250 806 3305 Ἰουδαίων
859 3248 1182 3314 ἀλαζονείαν
1233 3247 1419 3316 παύει,
1471 3248 1680 3319 βεϐαιοῖ
1732 3248 1798 3302 δὲ
1846 3247 1955 3302 τῶν

377 3343 587 3400 πιστῶν
615 3344 716 3416 τὴν
744 3341 1055 3397 εὐσέϐειαν.

451 3467 565 3533 μην.
606 3457 1027 3530 Εὖαγγελισμδς
1058 3457 1182 3530 ⁸τῶν
1221 3452 1585 3528 Ἐκκλησιῶν,
1618 3457 1715 3511 καὶ
1754 3455 1954 3528 θρῆνος

374 3552 485 3606 τῶν
516 3551 828 3607 Ἰουδαϊκῶν
865 3549 1200 3619 συναγωγῶν
1224 3565 1237 3579 ο
1261 3550 1356 3601 καὶ
1387 3548 1587 3620 ἀπειλὴ
1612 3549 1710 3615 τῆς
1751 3549 1953 3619 Ἰερου-

378 3642 563 3711 σαλὴμ
592 3640 948 3711 ἐρημώσεως,
984 3639 1180 3708 μέχρις
1199 3637 1266 3691 ἂν
1293 3637 1513 3707 δέξηται
1544 3635 1642 3707 τὴν
1672 3637 1953 3690 κοινωνίαν

376 3732 469 3786 τοῦ
501 3731 838 3801 Πνεύματος,
868 3732 934 3799 ἢν
962 3730 1030 3782 τὰ
1067 3728 1198 3796 ἔθνη
1225 3728 1515 3798 δεχόμενα,
1552 3727 1817 3797 ἐλεύθερα
1848 3728 1955 3781 πά-

378 3842 478 3897 σης
514 3823 719 3895 βλάϐης
748 3820 1102 3893 φυλάττεται,
1150 3819 1395 3873 Ἰουδαῖοι
1444 3821 1499 3874 δὲ
1549 3819 1851 3893 διασπορὰς
1877 3820 1954 3883 ὡς

375 3917 731 3981 ἀπειθοῦντες
758 3914 1056 3970 πείσονται.

448 4031 560 4104 μθ’.
599 4028 890 4098 Δοξολογία
916 4027 1060 4083 Θεοῦ
1089 4027 1309 4083 καὶτῶν
1334 4026 1575 4097 ἀγαθῶν,
1614 4027 1759 4098 ἅπερ
1788 4025 1954 4091 αὐτὸς

375 4124 694 4197 χαρίζεταιο
735 4122 831 4177 καὶ
880 4121 1210 4195 πρόρρησις,
1254 4119 1640 4192 φθαρήσεσθαι
1677 4122 1776 4191 τὴν
1821 4119 1953 4173 ἀσέ-

376 4218 531 4273 ϐειαν
561 4216 629 4270 δι’
654 4214 1008 4278 ἀναστάσεως
1049 4211 1294 4284 Χριστοῦ
1331 4212 1429 4267 καὶ
1465 4210 1808 4283 ἀναλήψεως,
1856 4209 1952 4265 καὶ

377 4315 484 4369 τῶν
515 4313 690 4370 ἄλλων
727 4310 1070 4383 μυστηρίων,
1111 4307 1259 4380 ἅπερ
1298 4309 1378 4372 είς
1422 4307 1731 4377 ἀφανισμὸν
1770 4306 1951 4375 πάσης

375 4408 585 4474 πλάνης
632 4403 878 4460 ἐπιτελεῖ
929 4402 1342 4475 σαρκούμενος·
1372 4401 1435 4468 ἐξ
1465 4395 1539 4454 ὧν
1594 4399 1734 4454 Σιὼν
1786 4399 1886 4470 μὲν
1915 4401 1949 4470 ἡ

2057 3245 2263 3314 perbiae
2308 3246 2474 3302 ﬁnem
2530 3249 2783 3321 imponit,
2822 3263 2878 3308 et
2918 3253 3211 3310 conﬁrmat
3251 3256 3491 3315 ﬁdelium
3529 3263 3645 3332 pie-

2060 3344 2243 3391 [810111.

2125 3448 2358 3505 XLVIII.
2400 3450 2611 3508 Laetitia
2634 3452 2998 3511 Ecclesiarum
3020 3467 3075 3512 et
3100 3459 3424 3520 lamentatio
3448 3465 3638 3522 Iudai-

2055 3553 2246 3595 carum
2296 3556 2684 3615 synagogarum
2715 3554 2773 3602 et
2814 3548 2976 3603 minae
3026 3548 3381 3608 d‘esolationis
3412 3555 3638 3613 Jerusa-

2054 3630 2198 3696 lem,
2247 3633 2422 3688 donee
2480 3636 2707 3705 recipiat
2759 3640 3318 3696 communicationem
3364 3643 3635 3714 Spiritus,

2055 3735 2216 3789 quam
2245 3723 2573 3791 recipientes
2595 3734 2808 3793 gentes,
2831 3727 3104 3783 immunes
3132 3742 3423 3785 servantur
3450 3737 3637 3791 omnis

2056 3828 2245 3880 noxae;
2289 3813 2466 3869 Judaei
2513 3824 2699 3870 autem
2744 3832 2846 3887 pro
2875 3833 2975 3873 sua
3006 3818 3388 3879 incredulitate
3427 3825 3637 3898 disper-

2056 3902 2274 3959 sionem
2305 3904 2607 3975 patientur.

2124 4016 2313 4075 XLIX.
2354 3995 2689 4078 Cloriﬁcatio
2717 4020 2813 4079 Dei
2839 4030 2892 4078 et
2924 4023 3196 4083 bonorum
3225 4044 3348 4099 qua
3379 4031 3495 4101 ipse
3529 4033 3655 4088 lar?

2052 4110 2234 4182 gitur;
2260 4121 2317 4167 et
2342 4113 2626 4183 praedictio
2661 4114 3084 4185 disperdendam
3112 4119 3232 4175 fore
3274 4120 3634 4192 impietatem,

2052 4219 2148 4274 per
2171 4203 2373 4260 Christi
2404 4207 2859 4262 resurrectionem
2906 4217 2963 4263 et
2996 4212 3373 4267 ascensionem
3415 4215 3629 4285 aliaque

2053 4297 2308 4368 mysteria
2332 4314 2454 4368 quae
2486 4298 2543 4354 in
2565 4298 2913 4356 abolitionem
2947 4303 3128 4358 omnis
3153 4306 3358 4361 erroris
3384 4309 3636 4376 perﬁciet

2050 4387 2390 4456 incarnatus,
2446 4406 2544 4460 per
2584 4406 2707 4460 quae
2754 4407 2898 4447 nova
2943 4392 3075 4448 Sion
3122 4395 3449 4453 inconcussa
3503 4401 3633 4467 erit,

373 4500 470 4555 νέα
498 4498 796 4561 ἀσάλευτος
816 4495 993 4562 ἔσται,
1025 4498 1082 4550 αἰ
1113 4494 1433 4565 συναγωγαὶ
1458 4492 1516 4547 δὲ
1536 4492 1647 4547 τῶν
1683 4491 1951 4548 Ἰουδαίων

2077 4498 2338 4555 ινιιεεοεεε
2366 4494 2549 4540 autem
2579 4483 2889 4541 Iudaeorum
2921 4486 3257 4556 quatientur.

376 4590 632 4646 σείονται.

444 4708 509 4759 ν’.
550 4700 865 4772 Πῴῥρησιις
896 4697 1209 4760 συντελείας
1234 4696 1335 4767 τῆς
1369 4696 1655 4766 ὁρωμένης
1694 4695 1950 4762 κτίσεως,

378 4793 500 4847 καθ’
526 4793 593 4865 ἢν
624 4790 986 4861 ἀφανίζονται
1031 4791 1192 4862 θυμῷ
1226 4788 1325 4845 τοῦ
1355 4790 1492 4845 Θεοῦ
1529 4790 1670 4861 μετὰ
1695 4790 1801 4860 τῆς
1828 4792 1955 4843 ἀσε-

377 4887 529 4952 ϐείας
558 4886 609 4940 oi
642 4885 815 4956 ταύτῃ
862 4884 1385 4956 προσχωρήσαντες,
1438 4883 1555 4945 τοῖς
1601 4880 1849 4935 εὐσεϐέσι
1894 4882 1951 4936 δὲ

374 4976 711 5051 κληρονομία
737 4976 967 5030 δίδοται.

444 5071 543 5128 va’.
584 5070 1002 5142 Εὐαγγελισμδς
1063 5068 1161 5123 τοῦ
1205 5067 1308 5139 τῆς
1354 5065 1683 5136 Ἐκκλησίας
1731 5065 1947 5131 ἄνθους,

376 5166 468 5218 καὶ
493 5166 606 5218 τῶν
635 5164 935 5236 θαυμάτων
960 5162 1003 5217 ὃ,
1042 5160 1352 5234 σαρκωθιὶς
1372 5165 1403 5217 ὁ
1431 5158 1671 5232 Χριστὸς
1704 5158 1947 5225 ὲδέξατο,

376 5257 473 5311 καὶ
500 5257 609 5312 τῶν
639 5256 862 5327 ἀγαθῶν
893 5256 993 5326 τῆς
1012 5255 1224 5327 δωρεᾶς
1246 5253 1348 5307 τοῦ
1372 5251 1773 5325 βαπτίσματος.

444 5369 545 5440 νβ’.
621 5372 910 5442 Διήγησις,
964 5366 1054 5424 οἷα
1111 5367 1396 5439 Ῥαψάκης
1448 5367 1516 5437 τῇ
1589 5365 1951 5436 Ἰερουσαλὴμ

375 5465 529 5533 παρὰ
581 5459 677 5514 τοῦ
720 5462 1087 5533 Σεναχειρεὶμ
1132 5459 1467 5521 ἀποσταλεὶς
1497 5456 1801 5528 ἠπείλησε·
1853 5456 1948 5510 καὶ

371 5554 520 5618 ὅπως
549 5552 649 5623 τὴν
686 5553 916 5623 ἀπειλὴν
957 5552 1207 5618 Ἐζεκίας
1262 5547 1470 5621 μαθὼν,
1529 5548 1667 5619 πρὸς
1724 5546 1949 5600 Ἡσαΐαν

370 5647 499 5711 τοὺς
522 5645 666 5717 ὑπὲρ
690 5645 865 5715 αὐτῆς
885 5645 1147 5716 δεηθῆναι
1176 5640 1629 5715 παρακαλοῦντας
1662 5636 1946 5710 ἔπελμψενί

370 5739 399 5791 ὁ
424 5735 826 5805 δὲ·ἀσφά).ειαν
860 5735 1011 5807 παρὰ
1035 5733 1169 5788 Θεοῦ
1195 5737 1262 5805 τῇ
1296 5733 1473 5796 πόλει,
1503 5732 1859 5802 ἀποστροφὴν
1891 5730 1947 5784 δὲ

370 5829 465 5885 τοῦ
490 5829 824 5900 Σεναχειρὶμ
849 5829 928 5893 εἰς
960 5828 1057 5899 τὴν
1087 5826 1272 5900 χώραν
1311 5824 1409 5898 τὴν
1440 5825 1651 5878 οίκείαν
1681 5824 1943 5895 ἐμήνυσε.

2125 4686 2188 4740 L.
2232 4685 2525 4743 Praedictio
2543 4688 3043 4746 consummationis
3056 4692 3349 4750 creationis
3367 4693 3631 4763 visibilis,

2053 4779 2109 4834 in
2143 4795 2249 4849 qua
2272 4779 2364 4834 Dei
2392 4779 2579 4835 furore
2608 4780 2865 4835 delentur
2888 4791 2943 4837 et
2972 4782 3227 4854 impietas
3258 4794 3315 4841 et
3343 4785 3379 4841 ii
3404 4789 3495 4859 qui
3525 4788 3634 4844 im-

2051 4869 2237 4938 pietati
2271 4867 2648 4936 adhaeserunt,
2683 4869 2790 4942 piis
2829 4879 3014 4928 autem
3057 4873 3292 4935 donatur
3320 4876 3630 4937 hiet-editas.

2124 5071 2214 5126 ω.
2251 5072 2462 5127 Laetum
2490 5072 2745 5127 ninnium
2770 5071 2928 5128 noris
2966 5073 3249 5144 Ecclesiae,
3297 5086 3353 5133 et
3390 5078 3633 5136 miracu-

2049 5148 2227 5217 lorum
2252 5179 2375 5233 qua:
2392 5164 2643 5243 Christus
2668 5163 2985 5221 incarnatus
3005 5167 3255 5237 perfecit,
3280 5180 3337 5225 et
3360 5170 3629 5227 bonorum

2051 5256 2179 5310 doni
2215 5254 2578 5324 baptismatis.

2120 5368 2234 5424 LII.
2275 5368 2551 5438 Expositio
2584 5370 2849 5426 malorum
2878 5386 3000 5440 quae
3038 5366 3329 5438 Rabsaces,
3362 5389 3393 5429 a
3421 5373 3628 5433 Senna-

2048 5462 2238 5517 cherib
2273 5462 2494 5527 missus,
2517 5460 2821 5517 Jerusalem
2851 5465 3090 5519 minatus
3110 5474 3215 5529 est,
3249 5476 3307 5521 et
3331 5470 3623 5538 quomodo,

2051 5554 2137 5609 his
2161 5554 2382 5617 auditis,
2417 5553 2683 5609 Ezechias
2711 5554 2778 5609 ad
2817 5555 3011 5610 Isaiam
3061 5557 3211 5613 misit
3238 5560 3331 5629 qui
3362 5576 3486 5616 eum
3527 5563 3627 5617 de-

2049 5656 2405 5716 precarentur
2430 5655 2491 5700 ut
2510 5655 2695 5700 oraret
2724 5661 2825 5715 pro
2853 5647 2934 5703 eis
2965 5665 2978 5700 :
3023 5648 3114 5704 ille
3143 5652 3323 5706 autem
3366 5646 3624 5709 securita-

2050 5748 2158 5794 tem
2194 5755 2223 5793 a
2250 5739 2360 5793 Deo
2401 5740 2628 5807 civitati,
2664 5754 2966 5808 regressum
3006 5758 3135 5799 vero
3167 5746 3625 5804 Sennacheribin

2050 5845 2204 5886 suam
2242 5829 2519 5901 regionem
2543 5829 2911 5907 annuntiavit.
