3968 6220
411 323 548 389 I379

409 542 518 587 tem
556 530 655 601 ipsi
701 527 971 600 prophcta
1021 524 1396 588 denuntiavit;
1451 521 1768 592 deprecanti
1815 534 1996 575 autem

409 621 552 676 Dens
587 631 802 690 tempus
830 620 954 674 vitte
986 617 1214 682 addidit;
1251 625 1304 670 ct
1337 615 1609 669 canticum
1644 613 1914 684 ejusdem,
1948 620 2003 665 et

407 726 635 766 munera
667 727 696 764 a
729 708 910 763 Persis
945 714 1202 776 accepta;
1247 713 1468 774 propter
1518 719 1661 773 qum,
1707 717 1831 756 cum
1884 702 2002 755 the-

406 817 598 856 sauros
628 801 984 864 ostendisset,
1008 798 1276 869 prepheta
1309 797 1410 867 ipsi
1435 795 1673 850 futuram
1696 795 2000 850 Jerusalem

409 894 780 964 captivitatem
813 892 1160 948 vaticinatur.

479 1105 618 1161 LIV.
658 1105 956 1160 Promissio
983 1104 1046 1157 ad
1081 1103 1249 1158 Israel
1277 1102 1620 1157 remissionis
1652 1112 2002 1172 peccatorum

409 1207 466 1253 ct
493 1198 763 1251 adventus
789 1195 1027 1259 Christi;
1061 1204 1116 1248 ct
1150 1195 1498 1250 annuntiatio
1531 1210 1720 1247 eorum
1751 1209 1876 1262 quze
1908 1208 2004 1247 ve-

412 1294 571 1347 niens
603 1293 965 1355 instaurabit;
1000 1267 1053 1346 et
1086 1290 1336 1359 ejusdem
1370 1287 1712 1359 gloriﬁcatio,
1737 1288 2006 1342 detractio

411 1393 594 1438 autem
633 1399 823 1437 eorum
859 1385 952 1452 qui
992 1382 1202 1436 faciunt
1235 1381 1546 1436 simulacra.

487 1493 594 1550 LV.
638 1493 906 1550 Allocutio
941 1495 1008 1548 ad
1045 1494 1232 1559 Israel,
1267 1509 1338 1546 ne
1367 1508 1521 1546 suam
1554 1491 1896 1561 praatendant
1920 1493 2007 1544 in-

415 1587 791 1643 credulitatem
820 1587 874 1640 in
903 1587 1209 1651 Christum,
1245 1585 1432 1640 mundi
1457 1584 1677 1653 quidem
1711 1583 2004 1648 factorem,

417 1681 654 1735 fidelium
686 1689 869 1734 autem
909 1679 1349 1737 benefactorem:
1389 1685 1444 1732 et
1491 1676 1776 1730 renovatio
1818 1674 1999 1728 Eccle-

1611 313 1978 373 IIESYCIIII
2017 313 2491 375 PRESBYTERI

478 437 613 494 LIII.
653 434 902 491 Narratio
927 416 1262 488 inﬁrmitatis
1311 430 1576 494 Ezechhe.
1609 431 1662 483 in
1705 446 1814 500 qua
1851 446 1999 482 mor-
2034 438 2073 488 Α

2176 439 2274 497 νγ’.
2317 435 2584 502 Διήγησις
2628 433 2728 503 τῆς
2776 435 3091 506 ἀρρωστίας
3132 436 3400 502 Ἐζεκίου,
3434 437 3492 487 ἐν
3602 436 3724 490 θα-

2107 542 2266 578 νατον
2297 526 2397 595 μὲν
2425 526 2576 597 αῦτῷ
2603 529 2630 580 ό
2670 530 2962 598 προφήτης
2988 529 3287 598 ἐμήνυσεν,
3324 529 3628 600 εὐξαμένῳ
3655 529 3727 581 δὲ

2103 620 2131 671 6
2158 619 2291 680 Θεὸς
2321 621 2513 689 χρόνον
2539 621 2685 691 ζωῆς
2718 621 3032 690 προσέθηκε
3052 638 3065 652 '
3101 622 3195 674 καὶ
3232 621 3344 694 ᾠδὴ
3375 623 3469 674 τοῦ
3499 621 3722 674 αὺτοῦ-

2105 713 2200 765 καὶ
2231 713 2381 783 δῶρα
2407 715 2472 766 ἐκ
2507 714 2760 784 Περσῶν,
2794 715 2879 782 ἐφ’
2911 709 2996 777 οἷς
3023 715 3186 779 αὐτὸς
3218 716 3318 786 μὲν
3339 715 3465 779 τοὺς
3491 715 3731 784 θησαυ-

2107 805 2235 875 ροὺς
2287 805 2415 868 τοὺς
2465 806 2707 867 οἰκείους
2755 806 2945 876 ἐπειδὴ
2993 805 3186 870 ἔδειξε,
3227 808 3256 859 6
3297 809 3597 877 προφήτης
3658 807 3729 860 δὲ

2105 897 2258 964 αὐτῷ
2289 899 2391 968 τὴν
2423 899 2694 970 ἐσομένην
2725 901 2824 970 τῆς
2867 899 3234 971 Ἰερουσαλὴμ
3279 900 3732 970 προεφήτευσεν

2107 988 2329 1042 ἅλωσιν.

2178 1104 2272 1159 νδ’.
2325 1103 2657 1173 ’Υπὸσχεσις
2725 1104 2804 1174 τῷ
2844 1104 3066 1176 Ἰσραὴλ
3127 1104 3542 1175 ἁμαρτημάτων
3606 1104 3731 1172 ἀφ-

2108 1197 2298 1260 έσεως,
2338 1198 2435 1251 καὶ
2477 1195 2784 1268 παρουσίας
2825 1197 3096 1268 Χριστοῦ’
3154 1199 3251 1251 καὶ
3297 1197 3731 1266 εύαγγέλισμὸς

2110 1283 2185 1343 ὧν
2219 1289 2570 1360 ἐπιδημήσας
2610 1289 2972 1358 κατώρθωσεο
3019 1291 3112 1343 καὶ
3151 1289 3318 1342 αὐτοῦ
3356 1291 3454 1360 μὲν
3488 1289 3725 1354 603010-

2111 1382 2223 1451 γία,
2258 1381 2482 1453 διαϐολή
2509 1381 2566 1434 δὲ
2593 1382 2703 1436 τῶν
2745 1383 3046 1436 ποιούντων
3079 1383 3144 1436 τὰ
3175 1381 3394 1436 εἴδωλα.

2181 1505 2277 1550 νεν.
2323 1493 2724 1566 Προσφώνησις
2769 1494 2847 1564 τῷ
2894 1493 3136 1565 Ἰσραὴλ,
3179 1495 3255 1565 μὴ
3297 1492 3723 1565 προϐάλλεσθαι

2109 1589 2208 1658 τὴν
2245 1589 2325 1652 είς
2359 1588 2598 1659 Χριστὸν
2645 1585 2896 1654 ἄγνοιαν,
2925 1585 3020 1638 τοῦ
3057 1584 3266 1656 κόσμου
3311 1585 3408 1656 μὲν
3441 1585 3720 1654 Ποιητὴν,

2111 1682 2221 1734 τῶν
2256 1679 2465 1733 πιστῶν
2515 1678 2574 1731 δὲ
2617 1679 2917 1749 εὐεργέτην
2949 1677 3310 1747 ὑπάρχοντα·
3357 1677 3454 1729 καὶ
3514 1677 3722 1744 ἐγκαι-

415 1773 618 1828 siarum
663 1789 762 1844 per
795 1773 1078 1828 Christum
1119 1773 1210 1842 qui
1254 1771 1593 1841 impietatem
1630 1769 1926 1828 destruxit.
1956 1778 2013 1822 et

2134 1771 2312 1842 ιισμὸς
2341 1769 2452 1823 τῶν
2497 1770 2838 1841 Ἐκκλησιῶν
2869 1772 2956 1824 διὰ
2986 1768 3226 1841 Χριστοῦ
3251 1768 3572 1832 καθελόντος
3612 1769 3718 1837 τὴν

415 1874 605 1935 gentes
666 1864 981 1935 stupefecit.
1039 1863 1109 1917 Et
1158 1863 1433 1933 expositio
1497 1861 1792 1916 debilitatis
1852 1860 2014 1915 idolo-

420 1973 567 2012 TIIIII.

489 2067 628 2123 LVI.
667 2067 960 2122 Pratdictio
1001 2066 1288 2122 electionis
1315 2064 1442 2119 novi
1479 2063 1666 2126 Israel,
1708 2065 1797 2135 qui
1839 2065 2008 2120 conii-

420 2160 550 2214 dcre
590 2159 835 2230 iubetur.
889 2156 1049 2211 Min-.e
1096 2156 1370 2210 antem-in
1424 2170 1519 2210 eos
1572 2156 1662 2224 qui
1708 2157 1756 2210 ei
1809 2156 2009 2212 infensi

419 2262 567 2309 sunt.
620 2251 686 2306 Et
728 2252 988 2308 Ecclesia:
1040 2251 1289 2321 praedicit
1352 2249 1641 2320 mysteria;
1699 2258 1754 2304 et
1817 2251 2014 2306 irridet

419 2347 715 2410 diemones,
749 2353 811 2398 ut
858 2344 949 2414 qui
992 2343 1129 2397 nihil
1181 2342 1358 2398 sciant
1412 2357 1590 2411 neque
1624 2343 1691 2396 de
1725 2345 2016 2413 praeteritis

420 2454 598 2509 neque
631 2439 697 2494 de
728 2437 946 2504 futuris,
975 2436 1248 2508 simulque
1303 2451 1426 2492 cum
1478 2437 1560 2490 eis
1606 2437 1922 2502 siinulacra,
1956 2446 2016 2492 ut

421 2546 585 2587 sensu
620 2529 885 2585 carentia.

496 2643 654 2699 LVII.
686 2645 969 2699 -Allocutio
995 2643 1171 2701 Patris
1202 2645 1270 2700 de
1305 2644 1597 2700 dilectione
1628 2642 1773 2712 Filii,
1806 2653 1861 2700 ct
1891 2659 2014 2700 cum

421 2747 624 2808 quanta
663 2737 849 2792 veniet
875 2737 1046 2793 Filius
1083 2738 1459 2810 benignitate;
1484 2748 1538 2793 et
1565 2748 1764 2808 quanta
1789 2779 1804 2803 ,
1838 2737 2016 2794 Patris

427 2830 565 2882 bona
590 2826 889 2889 voluntate,
918 2825 1249 2880 instaurabit
1286 2843 1298 2878 :
1342 2835 1397 2879 et
1421 2825 1486 2879 ad
1516 2825 1809 2879 Ecclesiam
1835 2826 2014 2880 laetum

428 2919 680 2972 nuntium
711 2918 778 2971 de
805 2917 963 2970 bonis
990 2931 1112 2986 qua:
1152 2914 1253 2986 ipsi
1294 2914 1547 2970 Christus
1588 2914 1888 2985 pnestabit,
1918 2915 2016 2968 de-

425 3011 668 3080 Iebitque
695 3008 966 3063 idolorum
993 3007 1357 3076 impietatem.

501 3193 685 3247 LVIII.
723 3190 1036 3263 Objurgatio
1065 3192 1132 3246 ad
1173 3191 1341 3246 Israel
1372 3199 1596 3261 propter
1631 3191 1833 3244 mentis
1860 3189 2014 3243 duri-

436 3287 592 3344 tiam.
641 3300 705 3339 ex
760 3301 825 3339 eo
860 3285 1029 3353 quod,
1093 3299 1218 3338 cum
1271 3283 1582 3337 divinorum
1633 3279 2016 3351 spoliationem

431 3374 800 3439 sustinuisset,
858 3373 1163 3442 permansit
1214 3381 1398 3426 tamen
1454 3386 1618 3426 sensu
1674 3385 1890 3425 carens.
1956 3369 2019 3422 lit

433 3467 615 3518 laetum
651 3463 930 3527 nuntium,
967 3461 1176 3516 scilicet
1217 3477 1419 3517 novum
1455 3461 1616 3516 Israel
1649 3477 1680 3515 a
1717 3460 1829 3516 Deo
1858 3461 2018 3529 adju-

429 3559 544 3612 vari
566 3567 622 3612 et
645 3557 1006 3627 undequaque
1037 3556 1236 3627 colligi.
1268 3555 1332 3610 Et
1358 3555 1669 3610 testiﬁcatio
1690 3555 1758 3610 de
1779 3554 2016 3622 Christo,

429 3650 596 3720 quod,
626 3665 750 3704 cum
769 3658 914 3706 esset
938 3657 1064 3704 ante
1085 3650 1269 3721 omnia
1297 3649 1500 3704 saecula
1538 3648 1700 3715 Deus,
1735 3649 2018 3704 hominum

432 3743 663 3798 instituit
689 3742 1150 3812 redemptionem.

503 3833 643 3890 LIX.
698 3835 1019 3889 Exhortatio
1059 3834 1128 3889 ad
1174 3833 1342 3889 Israel
1385 3848 1456 3888 ne
1511 3834 1790 3890 adlimreat
1841 3837 2016 3891 veteri

432 3925 557 3996 legi,
589 3925 684 3981 sed
715 3925 974 3980 Ecclesiae
995 3925 1288 3998 mysteriis,
1325 3940 1452 3980 cum
1484 3923 1628 3980 Deus
1654 3941 1763 3982 non
1791 3923 2020 3982 Iudaica

431 4018 701 4072 sacriﬁcia
727 4019 980 4088 accipiat,
1010 4033 1108 4088 per
1133 4018 1511 4088 paenitentiam
1538 4027 1722 4073 autem
1753 4019 2022 4075 adeuntes

432 4112 625 4166 salvet.
677 4111 742 4166 Et
803 4116 1093 4183 promissio
1156 4131 1298 4172 novo
1344 4115 1512 4171 Israel
1559 4117 1706 4186 quod
1749 4116 2021 4174 eIlIorebit

432 4203 580 4260 dono
607 4204 970 4274 baptismatis.
1165 4196 1174 4214 ’

504 4383 617 4438 LX.
655 4385 927 4440 Allocutio
958 4387 1026 4442 de
1061 4386 1282 4442 Christo
1329 4397 1586 4458 tanquam
1627 4398 1838 4445 aeterno
1886 4389 2016 4444 Deo.

2121 1865 2406 1931 ἀσέϐειαν,
2435 1863 2532 1918 καὶ
2561 1863 2628 1917 τὰ
2662 1863 2792 1934 ἔθνη
2828 1861 3277 1933 καταπλήξαντος
3298 1877 3311 1890 ·
3348 1861 3443 1914 καὶ
3472 1861 3571 1931 τῆς
3599 1861 3716 1914 τῶν

2123 1954 2358 2010 εἰδώλων
2388 1956 2677 2018 ἀσθενείας
2715 1954 2877 2025 διήγη
2889 1971 2992 2017 σις.

2193 2077 2300 2135 νς’.
2343 2068 2740 2140 Προσφώνησις
2780 2068 2880 2137 τῆς
2910 2065 3144 2136 ἐκλογῆς
3175 2065 3269 2119 τοῦ
3297 2065 3417 2118 νέου
3464 2064 3708 2134 Ἰσραὴλ,

2121 2164 2178 2227 ὃς
2219 2164 2445 2234 θαρρεῖν
2482 2159 2870 2230 ὲγκελεύεται*
2901 2158 3100 2230 ἀπειλὴ
3133 2158 3190 2211 δὲ
3219 2162 3333 2221 τοῖς
3377 2157 3513 2229 πρὸς
3542 2157 3711 2210 αὐτὸν

2123 2256 2444 2326 ὲκθρένουσι
2478 2254 2829 2327 [ὲχορεύουσι
2930 2254 3039 2324 (15)
3073 2255 3169 2306 καὶ
3207 2253 3305 2324 τῆς
3339 2253 3438 2322 μὲν
3473 2253 3708 2320 Ἐκκλη·

2125 2349 2247 2411 σίας
2286 2347 2550 2419 προλέγει
2601 2346 2672 2400 τὰ
2721 2347 3021 2418 μυστήρια,
3057 2347 3255 2398 σκοπεῖ
3293 2344 3350 2396 δὲ
3387 2342 3554 2413 μηδὲν
3589 2343 3710 2393 ἐπι-

2125 2437 2426 2509 σταμένους
2451 2440 2512 2492 οὑ
2547 2438 2656 2490 τῶν
2683 2438 2950 2509 ἀρχαίων,
2984 2437 3045 2490 ού
3077 2437 3187 2488 τῶν
3217 2434 3542 2505 μελλόντων,
3580 2433 3708 2496 τοὺς

2123 2533 2410 2605 δαίμονας,
2438 2531 2534 2585 καὶ
2571 2529 2641 2583 τὰ
2667 2530 2864 2583 εἴδωλα
2899 2530 2996 2583 σὺν
3030 2529 3238 2591 αὐτοῖς,
3271 2526 3347 2590 ὡς
3379 2525 3703 2595 ἀναίσθητα.

2196 2646 2294 2713 νζ’.
2337 2643 2740 2717 Προσφὼνησις
2790 2643 2886 2697 τοῦ
2928 2643 3142 2714 Πατρδς
3188 2641 3320 2713 περὶ
3362 2641 3460 2711 τῆς
3482 2640 3701 2709 ἀγάπης

2122 2741 2220 2796 τοῦ
2251 2740 2382 2796 Υίοῦ
2405 2758 2418 2770 ·
2454 2739 2546 2794 καὶ
2586 2738 2704 2810 μεθ’
2735 2739 2867 2808 ὅσης
2891 2735 3032 2807 μὲνό
3067 2735 3195 2799 Υἱὸς
3243 2734 3502 2805 ἐπιδημεῖ
3534 2730 3702 2800 πραόο

2123 2853 2309 2908 τητος,
2343 2836 2444 2888 ὅσα
2499 2833 2558 2886 δὲ
2609 2830 2832 2900 εὐδοκία
2880 2829 2978 2882 τοῦ
3027 2828 3240 2899 [ἰατρὸς
3287 2825 3576 2897 κατορθοῖ·
3610 2825 3702 2876 καὶ

2125 2931 2530 3003 εὐαγγελισμδς
2570 2931 2636 2999 τῇ
2683 2928 3006 2998 Ἐκκλησία.
3051 2928 3137 2994 ἐφ’
3168 2919 3247 2988 οἷς
3280 2927 3307 2978 6
3331 2923 3565 2994 Χριστὸς
3603 2922 3699 2974 a6-

2123 3030 2222 3101 τὴν
2261 3027 2360 3099 μὲν
2395 3026 2692 3096 εὐεργετεῖ,
2723 3024 2940 3094 ἀναιρεί
2967 3021 3024 3075 δὲ
3053 3021 3154 3094 τὴν
3179 3019 3287 3074 τῶν
3317 3019 3548 3072 εἰδώλων
3574 3017 3700 3071 ἀσέ-

2125 3120 2299 3176 ϐειαν.

2192 3211 2294 3283 νη’.
2348 3207 2684 3278 Ὀνειδισμὸς
2724 3206 2802 3277 τῷ
2860 3205 3077 3277 Ἰσραὴλ
3127 3206 3227 3277 τῆς
3279 3208 3423 3260 κατὰ
3481 3203 3702 3274 γνώμην

2125 3302 2457 3373 πωρώσεως,
2494 3299 2555 3363 ἐξ
2608 3294 2676 3372 ἧς
2722 3300 2823 3368 τὴν
2855 3297 2964 3350 τῶν
3010 3297 3170 3351 θείων
3212 3297 3526 3368 διαρπαγὴν
3573 3296 3702 3348 ὑπο·

2127 3397 2335 3468 μείνας,
2367 3394 2587 3465 ἔμεινεν
2607 3393 2759 3462 ὅμως
2780 3392 3139 3464 ἀναίσθητοςο
3166 3392 3262 3444 καὶ
3286 3388 3695 3460 εύαγγελισμδς,

2121 3489 2215 3542 τὸν
2249 3488 2370 3542 νέον
2421 3486 2642 3558 Ἰσραὴλ
2673 3485 2824 3556 παρὰ
2872 3484 3008 3538 Θεοῦ
3064 3482 3402 3554 βοηθεῖσθαι,
3439 3483 3532 3536 καὶ
3566 3499 3695 3534 παν-

2121 3581 2353 3653 ταχόθεν
2382 3578 2764 3652 ἀθροίζεσθαι·
2786 3577 2881 3632 καὶ
2906 3576 3283 3649 διαμαρτυρία
3317 3574 3412 3630 τοῦ
3447 3573 3694 3646 Χριστοῦ,

2120 3676 2196 3741 ὼς
2232 3673 2398 3729 αὐτοῦ
2437 3673 2536 3744 μὲν
2581 3671 2732 3736 ὄντος
2783 3671 3115 3741 προαιωνίου
3137 3667 3295 3735 Θεοῦ,
3324 3667 3490 3724 αὑτοῦ
3521 3668 3574 3721 δὲ
3603 3669 3696 3736 τὴν

2121 3767 2230 3821 τῶν
2268 3765 2576 3836 ἀνθρώπων
2610 3765 3074 3835 οἱκονομήσαντος
3109 3762 3404 3834 λύτρωσιν.

2194 3859 2294 3914 νθ’.
2335 3857 2670 3927 Παραίνεσις
2721 3854 2802 3927 τῷ
2862 3855 3107 3928 Ἰσραὴλ,
3165 3855 3240 3926 μὴ
3290 3855 3580 3926 προσέχειν
3631 3855 3693 3921 τῇ

2123 3951 2330 4024 ἀρχαίᾳ
2373 3949 2647 4019 πολιτείᾳ,
2681 3947 2819 4002 ἀλλὰ
2844 3951 2957 4011 τοῖς
2985 3948 3085 4018 τῆς
3129 3946 3462 4017 Ἐκκλησίας
3495 3961 3693 4016 μυστη-

2129 4045 2268 4118 ρίοις
2293 4061 2308 4074 ο
2347 4043 2423 4106 ὡς
2451 4041 2545 4096 τοῦ
2587 4040 2724 4095 Θεοῦ
2771 4039 2872 4103 τὰς
2917 4039 3216 4102 Ἰουδαῖκὰς
3268 4039 3368 4109 μὲν
3414 4037 3598 4100 θυσίας
3637 4035 3692 4088 οὐ

2125 4135 2472 4198 καθελόν-ως,
2505 4133 2594 4188 διὰ
2629 4132 2923 4204 μετανοίας
2973 4131 3030 4185 δὲ
3065 4132 3193 4193 τοὺς
3241 4129 3566 4200 προσιόντας
3595 4126 3693 4179 σὼ-

2126 4227 2344 4294 ζοντος·
2380 4226 2475 4280 καὶ
2506 4225 2799 4294 ὑπόσχεσις
2829 4223 2906 4294 τῷ
2935 4223 3042 4294 νέῳ
3083 4221 3318 4294 Ἰσραὴλ,
3351 4220 3441 4275 διὰ
3487 4222 3580 4289 τῆς
3602 4218 3694 4271 δω-

2129 4322 2258 4392 ρεᾶς
2289 4319 2554 4390 ἀνθήσειν
2581 4316 2676 4372 τοῦ
2711 4316 3115 4388 βαπτίσματος.

2199 4414 2263 4480 ξ’.
2305 4411 2705 4484 Προσφὼνησις
2735 4411 2866 4480 περὶ
2898 4409 3164 4480 Χριστοῦ,
3195 4409 3272 4473 ὡς
3312 4407 3380 4461 ἂν
3428 4407 3523 4461 τοῦ
3568 4404 3695 4459 Θεοῦ

433 4474 502 4529 Et
529 4476 798 4532 detractio
828 4492 1016 4533 eorum
1050 4478 1141 4548 qui
1206 4478 1500 4534 simulacra
1546 4479 1770 4544 faciunt,
1804 4490 1859 4536 et
1889 4481 2014 4536 ado-

2134 4474 2753 4576 αἰωνίουτυγχάνοντος
2778 4517 2792 4532 °
2813 4474 2924 4556 ’καὶ
2952 4474 3182 4572 διαόολὴ
3233 4500 3346 4554 τῶν
3389 4501 3459 4554 τὰ
3513 4497 3695 4552 εἴδωλα

435 4577 558 4622 rant
589 4585 652 4624 ea
676 4585 797 4641 quae
831 4569 898 4625 de
938 4571 1164 4626 materia
1211 4572 1376 4628 debili
1416 4571 1795 4630 confecerunt.
1828 4573 1896 4628 Et
1933 4581 2029 4628 ex-

434 4659 672 4716 hortatio
710 4661 779 4717 ad
818 4662 1006 4730 Israel,
1041 4680 1111 4720 ne
1133 4665 1230 4722 Dei
1259 4665 1633 4723 obliviscatur.

505 4863 644 4920 LXI.
709 4867 917 4923 Laatum
989 4871 1246 4926 nuntium
1322 4873 1758 4944 redemptionis,
1831 4890 2026 4944 quam,

432 4956 627 5012 ablatis
651 4956 957 5014 daemonum
1000 4960 1310 5030 praestigiis,
1354 4961 1607 5020 Christus
1661 4965 1912 5034 perfecit,
1965 4977 2020 5023 et

432 5063 636 5103 novum
666 5051 926 5120 populum
971 5051 1254 5116 stabilivit,
1288 5067 1452 5122 quem
1491 5056 1594 5110 sub
1622 5071 1853 5126 persona
1893 5057 2015 5129 Cyri

431 5138 719 5208 prophetia
748 5141 959 5212 ﬁgurat,
989 5149 1274 5210 postquam
1299 5140 1606 5200 Jerusalem
1632 5157 1869 5203 veterem
1897 5148 2015 5218 ipse

433 5227 489 5282 in
523 5243 720 5284 novam
753 5230 1128 5301 congregavit.

2126 4597 2450 4660 ποιούντων,
2497 4597 2594 4648 καὶ
2643 4593 3100 4665 προσκυνούντων
3128 4591 3276 4662 ἅπερ
3302 4590 3461 4644 αὐτοὶ
3487 4590 3547 4654 ἐξ
3575 4582 3725 4654 ῦλης’

2126 4689 2390 4750 ἀσθενοῦς
2420 4687 2837 4742 κατεσκεύασαν
2861 4703 2876 4716 ο
2897 4687 2991 4741 καὶ
3009 4685 3332 4756 παραίνεσις
3362 4683 3443 4755 τῷ
3472 4681 3698 4753 Ἰσραὴλ,

2125 4783 2298 4854 λήθην
2323 4780 2461 4835 Θεοῦ
2496 4780 2570 4850 μὴ
2599 4777 2930 4849 κτήσασθαι.

2201 4873 2299 4936 Ea’.
2343 4870 2760 4939 Εὐαγγελισμδς
2787 4868 2888 4938 τῆς
2931 4866 3278 4938 λυτρώσεως,
3313 4867 3400 4936 ἢν,
3431 4865 3704 4934 καταργή-

2131 4982 2230 5028 σας
2259 4963 2359 5026 τὰς
2391 4963 2501 5016 τῶν
2527 4961 2800 5033 δαιμόνων
2861 4959 3227 5031 μαγγανείας,
3259 4960 3288 5012 ὁ
3341 4957 3578 5030 Χριστὸς
3611 4959 3706 5009 ὲπ-

2127 5056 2364 5122 ετέλεσε,
2403 5055 2497 5108 καὶ
2546 5053 2640 5108 τὸν
2682 5052 2812 5107 λαὸν
2843 5052 2936 5106 τὸν
2986 5053 3107 5106 νέον
3143 5050 3512 5106 ἐϐεϐαίωσεν·
3548 5050 3605 5102 ὃν
3634 5048 3706 5110 είς

2126 5148 2419 5220 πρόσωπον
2444 5145 2630 5217 Κύρου
2655 5145 2688 5216 ἡ
2712 5142 3022 5216 προφητεία
3048 5144 3368 5210 αἰνίττεται,
3391 5140 3582 5211 ἐπειδὴ
3612 5139 3707 5192 Ἱε-

2127 5239 2408 5312 ρουσαλὴμ
2422 5239 2521 5308 τὴν
2543 5237 2777 5311 ἀρχαίαν
2805 5236 3034 5300 ἐκεῖνος,
3059 5230 3215 5299 οὗτος
3231 5236 3330 5306 τὴν
3356 5235 3484 5288 νέαν
3501 5233 3706 5304 ἤγειρε.

1958 5413 2188 5472 NOTAE.

510 5554 628 5634 (I5).
666 5555 1065 5625 Ἑκθρένουσι.
1107 5557 1419 5634 Legendum
1450 5563 1534 5634 vel
1567 5563 1911 5634 ὲχθρεύουσι,
1935 5565 2019 5620 vel

431 5621 834 5697 ἐχθραίνουσι”
895 5621 1214 5697 ιιιῐυιῐιίιυθν
1236 5632 1462 5686 verbum
1514 5621 1802 5697 Bibiiéum,
1847 5621 2016 5690 ιῖέυα.

436 5695 594 5780 ξιξιιι,
611 5695 996 5780 22,ὲχθρε.ύσω
1015 5695 1129 5780 τοῖς
1151 5702 1508 5780 ἐχθροῖςΑσ-ου.
1533 5703 1691 5780 Num.
1715 5695 1908 5780 manu,
1927 5709 2017 5766 55.

437 5765 830 5836 ἔχθρεύσουσιν
863 5770 1010 5842 ὑμῖν.
1051 5765 1456 5845 Ibid."cap.25,
1485 5791 1534 5830 ν.
1581 5777 1668 5844 I7,
1703 5765 2017 5847 ἐχθραίνετε

2125 5569 2256 5641 τοῖς.
2292 5568 2680 5641 Μαδιηναίοις.
2733 5568 2987 5641 Ejusdem
3048 5566 3292 5641 notionis
3350 5565 3708 5641 compositum

2129 5637 2282 5692 illud.
2311 5637 2474 5693 Prov.
2510 5657 2588 5704 ιιι,
2622 5639 2718 5694 5ον
2747 5641 2838 5709 Μὴ
2891 5640 3262 5709 φιλεχθρήσῃς
3316 5640 3453 5708 πρὸς
3490 5637 3712 5709 ἀνθρωτ-

2130 5723 2232 5758 πον
2282 5709 2500 5779 μάτην,
2548 5711 2695 5781 quod
2753 5707 2975 5766 Laertio
3019 5708 3326 5780 φιλέχθρως
3364 5707 3524 5780 ἔχειν
3580 5707 3710 5778 πρός

2128 5795 2266 5832 τινα.
