  <div class='ocr_page' id='page_1' title='image "/cluster/home/n/w/nwhite01/storage/ocr_20150623/93/mdp.39015078384313/698.png"; bbox 0 0 4038 6226; ppageno 0'>
   <div class='ocr_carea' id='block_1_1' title="bbox 383 237 518 306">
    <p class='ocr_par' dir='ltr' id='par_1_1' title="bbox 383 237 518 306">
     <span class='ocr_line' id='line_1_1' title="bbox 383 237 518 306; baseline -0.052 0"><span class='ocrx_word' id='word_1_1' title='bbox 383 237 518 306; x_wconf 81' lang='grc'><strong>1381</strong></span> 
     </span>
    </p>
   </div>
   <div class='ocr_carea' id='block_1_2' title="bbox 1816 229 2228 289">
    <p class='ocr_par' dir='ltr' id='par_1_2' title="bbox 1816 229 2228 289">
     <span class='ocr_line' id='line_1_2' title="bbox 1816 229 2228 289; baseline 0.002 -1"><span class='ocrx_word' id='word_1_2' title='bbox 1816 229 1897 288; x_wconf 69' lang='lat' dir='ltr'><strong>IN</strong></span> <span class='ocrx_word' id='word_1_3' title='bbox 1939 230 2228 289; x_wconf 81' lang='lat' dir='ltr'><strong>ISAIAM.</strong></span> 
     </span>
    </p>
   </div>
   <div class='ocr_carea' id='block_1_3' title="bbox 3513 228 3654 297">
    <p class='ocr_par' dir='ltr' id='par_1_3' title="bbox 3513 228 3654 297">
     <span class='ocr_line' id='line_1_3' title="bbox 3513 228 3654 297; baseline 0.014 -2"><span class='ocrx_word' id='word_1_4' title='bbox 3513 228 3654 297; x_wconf 75' lang='grc'><strong>1382</strong></span> 
     </span>
    </p>
   </div>
   <div class='ocr_carea' id='block_1_4' title="bbox 456 338 1978 418">
    <p class='ocr_par' dir='ltr' id='par_1_4' title="bbox 456 338 1964 418">
     <span class='ocr_line' id='line_1_4' title="bbox 456 338 1964 418; baseline -0.007 -16"><span class='ocrx_word' id='word_1_5' title='bbox 456 349 555 418; x_wconf 72' lang='grc' dir='ltr'>ξβ’.</span> <span class='ocrx_word' id='word_1_6' title='bbox 600 345 994 417; x_wconf 67' lang='grc' dir='ltr'>Προσφόινησις</span> <span class='ocrx_word' id='word_1_7' title='bbox 1062 345 1172 404; x_wconf 73' lang='grc' dir='ltr'>τοῖς</span> <span class='ocrx_word' id='word_1_8' title='bbox 1227 340 1535 410; x_wconf 76' lang='grc' dir='ltr'><strong>στοιχείοις,</strong></span> <span class='ocrx_word' id='word_1_9' title='bbox 1589 339 1678 392; x_wconf 77' lang='grc' dir='ltr'>διὰ</span> <span class='ocrx_word' id='word_1_10' title='bbox 1721 339 1822 409; x_wconf 79' lang='grc' dir='ltr'>τὴν</span> <span class='ocrx_word' id='word_1_11' title='bbox 1870 338 1964 393; x_wconf 87' lang='grc' dir='ltr'><strong>τοῦ</strong></span> 
     </span>
    </p>
   </div>
   <div class='ocr_carea' id='block_1_5' title="bbox 2081 338 3654 418">
    <p class='ocr_par' dir='ltr' id='par_1_5' title="bbox 2143 339 3654 415">
     <span class='ocr_line' id='line_1_5' title="bbox 2143 339 3654 415; baseline 0.006 -19"><span class='ocrx_word' id='word_1_12' title='bbox 2143 340 2306 396; x_wconf 86' lang='lat' dir='ltr'><strong>LXII.</strong></span> <span class='ocrx_word' id='word_1_13' title='bbox 2348 339 2618 397; x_wconf 83' lang='lat' dir='ltr'><strong>Allocutio</strong></span> <span class='ocrx_word' id='word_1_14' title='bbox 2652 342 2722 398; x_wconf 83' lang='lat' dir='ltr'><strong>ad</strong></span> <span class='ocrx_word' id='word_1_15' title='bbox 2773 343 3041 398; x_wconf 85' lang='lat' dir='ltr'><strong>elementa</strong></span> <span class='ocrx_word' id='word_1_16' title='bbox 3094 352 3153 397; x_wconf 85' lang='grc' dir='ltr'><strong>ιιι</strong></span> <span class='ocrx_word' id='word_1_17' title='bbox 3194 358 3415 415; x_wconf 64' lang='lat' dir='ltr'><strong>promer</strong></span> <span class='ocrx_word' id='word_1_18' title='bbox 3456 347 3551 405; x_wconf 86' lang='lat' dir='ltr'><strong>Dei</strong></span> <span class='ocrx_word' id='word_1_19' title='bbox 3598 349 3654 404; x_wconf 88' lang='lat' dir='ltr'><strong>in</strong></span> 
     </span>
    </p>
   </div>
   <div class='ocr_carea' id='block_1_6' title="bbox 384 429 1965 506">
    <p class='ocr_par' dir='ltr' id='par_1_6' title="bbox 384 429 1965 506">
     <span class='ocr_line' id='line_1_6' title="bbox 384 429 1965 506; baseline -0.006 -12"><span class='ocrx_word' id='word_1_20' title='bbox 384 438 522 494; x_wconf 80' lang='grc' dir='ltr'>Θεοῦ</span> <span class='ocrx_word' id='word_1_21' title='bbox 576 438 709 506; x_wconf 74' lang='grc' dir='ltr'>περὶ</span> <span class='ocrx_word' id='word_1_22' title='bbox 748 435 856 489; x_wconf 90' lang='grc' dir='ltr'><strong>τῶν</strong></span> <span class='ocrx_word' id='word_1_23' title='bbox 898 432 1202 505; x_wconf 79' lang='grc' dir='ltr'>ἀνθρώπων</span> <span class='ocrx_word' id='word_1_24' title='bbox 1230 429 1648 500; x_wconf 79' lang='grc' dir='ltr'><strong>φιλανθρωπίαν</strong></span> <span class='ocrx_word' id='word_1_25' title='bbox 1675 430 1965 501; x_wconf 80' lang='grc' dir='ltr'>εὐφραίνε-</span> 
     </span>
    </p>
   </div>
   <div class='ocr_carea' id='block_1_7' title="bbox 388 520 1966 595">
    <p class='ocr_par' dir='ltr' id='par_1_7' title="bbox 388 520 1966 595">
     <span class='ocr_line' id='line_1_7' title="bbox 388 520 1966 595; baseline -0.005 -12"><span class='ocrx_word' id='word_1_26' title='bbox 388 529 542 583; x_wconf 66' lang='grc' dir='ltr'>σθαι*</span> <span class='ocrx_word' id='word_1_27' title='bbox 577 527 670 579; x_wconf 69' lang='grc' dir='ltr'><strong>καὶ</strong></span> <span class='ocrx_word' id='word_1_28' title='bbox 698 525 955 594; x_wconf 84' lang='grc' dir='ltr'>ἐπιτιμία</span> <span class='ocrx_word' id='word_1_29' title='bbox 987 526 1100 587; x_wconf 88' lang='grc' dir='ltr'>τοῖς</span> <span class='ocrx_word' id='word_1_30' title='bbox 1131 520 1426 591; x_wconf 79' lang='grc' dir='ltr'><strong>ἐγκαλοῦσι</strong></span> <span class='ocrx_word' id='word_1_31' title='bbox 1462 520 1539 593; x_wconf 78' lang='grc' dir='ltr'>τῷ</span> <span class='ocrx_word' id='word_1_32' title='bbox 1586 521 1811 595; x_wconf 80' lang='grc' dir='ltr'><strong>Χριστῷ</strong></span> <span class='ocrx_word' id='word_1_33' title='bbox 1836 522 1966 593; x_wconf 74' lang='grc' dir='ltr'>περὶ</span> 
     </span>
    </p>
   </div>
   <div class='ocr_carea' id='block_1_8' title="bbox 385 609 1966 689">
    <p class='ocr_par' dir='ltr' id='par_1_8' title="bbox 385 609 1966 689">
     <span class='ocr_line' id='line_1_8' title="bbox 385 609 1966 689; baseline -0.003 -16"><span class='ocrx_word' id='word_1_34' title='bbox 385 614 462 674; x_wconf 80' lang='grc' dir='ltr'>ὧν</span> <span class='ocrx_word' id='word_1_35' title='bbox 487 620 785 689; x_wconf 72' lang='grc' dir='ltr'>οἰκονομεῖ,</span> <span class='ocrx_word' id='word_1_36' title='bbox 826 617 947 669; x_wconf 88' lang='grc' dir='ltr'>δέον</span> <span class='ocrx_word' id='word_1_37' title='bbox 983 615 1288 684; x_wconf 77' lang='grc' dir='ltr'>δοξολογεῐν</span> <span class='ocrx_word' id='word_1_38' title='bbox 1318 609 1381 669; x_wconf 77' lang='grc' dir='ltr'>οὗ</span> <span class='ocrx_word' id='word_1_39' title='bbox 1414 616 1580 686; x_wconf 84' lang='grc' dir='ltr'>μόνου</span> <span class='ocrx_word' id='word_1_40' title='bbox 1611 614 1966 687; x_wconf 84' lang='grc' dir='ltr'>προγνώστου</span> 
     </span>
    </p>
   </div>
   <div class='ocr_carea' id='block_1_9' title="bbox 387 706 1968 779">
    <p class='ocr_par' dir='ltr' id='par_1_9' title="bbox 387 706 1968 779">
     <span class='ocr_line' id='line_1_9' title="bbox 387 706 1968 779; baseline -0.001 -16"><span class='ocrx_word' id='word_1_41' title='bbox 387 712 483 763; x_wconf 71' lang='grc' dir='ltr'>καὶ</span> <span class='ocrx_word' id='word_1_42' title='bbox 512 708 735 779; x_wconf 81' lang='grc' dir='ltr'>ποιητοῦ</span> <span class='ocrx_word' id='word_1_43' title='bbox 770 709 1131 777; x_wconf 81' lang='grc' dir='ltr'>τυγχάνοντος</span> <span class='ocrx_word' id='word_1_44' title='bbox 1156 723 1169 736; x_wconf 91' lang='grc'><strong>·</strong></span> <span class='ocrx_word' id='word_1_45' title='bbox 1206 707 1301 760; x_wconf 84' lang='grc' dir='ltr'>καὶ</span> <span class='ocrx_word' id='word_1_46' title='bbox 1348 708 1438 760; x_wconf 74' lang='grc' dir='ltr'><strong>διὰ</strong></span> <span class='ocrx_word' id='word_1_47' title='bbox 1473 706 1634 761; x_wconf 89' lang='grc' dir='ltr'>τοῦτο</span> <span class='ocrx_word' id='word_1_48' title='bbox 1664 708 1968 778; x_wconf 83' lang='grc' dir='ltr'><strong>τρεχόντων</strong></span> 
     </span>
    </p>
   </div>
   <div class='ocr_carea' id='block_1_10' title="bbox 390 799 1600 873">
    <p class='ocr_par' dir='ltr' id='par_1_10' title="bbox 390 799 1600 873">
     <span class='ocr_line' id='line_1_10' title="bbox 390 799 1600 873; baseline 0 -18"><span class='ocrx_word' id='word_1_49' title='bbox 390 803 528 873; x_wconf 72' lang='grc' dir='ltr'>πρὸς</span> <span class='ocrx_word' id='word_1_50' title='bbox 552 802 714 855; x_wconf 81' lang='grc' dir='ltr'>αὐτὸν</span> <span class='ocrx_word' id='word_1_51' title='bbox 740 800 849 853; x_wconf 86' lang='grc' dir='ltr'><strong>τῶν</strong></span> <span class='ocrx_word' id='word_1_52' title='bbox 878 799 1050 853; x_wconf 75' lang='grc' dir='ltr'>ἐθνῶν</span> <span class='ocrx_word' id='word_1_53' title='bbox 1082 800 1163 863; x_wconf 79' lang='grc' dir='ltr'>εἰς</span> <span class='ocrx_word' id='word_1_54' title='bbox 1196 802 1600 871; x_wconf 80' lang='grc' dir='ltr'>προσκύνησιν.</span> 
     </span>
    </p>
   </div>
   <div class='ocr_carea' id='block_1_11' title="bbox 464 914 1972 989">
    <p class='ocr_par' dir='ltr' id='par_1_11' title="bbox 464 914 1972 989">
     <span class='ocr_line' id='line_1_11' title="bbox 464 914 1972 989; baseline -0.002 -16"><span class='ocrx_word' id='word_1_55' title='bbox 464 915 565 987; x_wconf 77' lang='grc' dir='ltr'>ξγ’.</span> <span class='ocrx_word' id='word_1_56' title='bbox 627 916 947 989; x_wconf 75' lang='grc' dir='ltr'>Προφητεία</span> <span class='ocrx_word' id='word_1_57' title='bbox 1009 914 1352 987; x_wconf 86' lang='grc' dir='ltr'>Ἑκκλησιῶν</span> <span class='ocrx_word' id='word_1_58' title='bbox 1434 914 1827 987; x_wconf 74' lang='grc' dir='ltr'>ἐγκαινισμοῦο</span> <span class='ocrx_word' id='word_1_59' title='bbox 1874 916 1972 970; x_wconf 77' lang='grc' dir='ltr'>καὶ</span> 
     </span>
    </p>
   </div>
   <div class='ocr_carea' id='block_1_12' title="bbox 390 1005 1973 1080">
    <p class='ocr_par' dir='ltr' id='par_1_12' title="bbox 390 1005 1973 1080">
     <span class='ocr_line' id='line_1_12' title="bbox 390 1005 1973 1080; baseline -0.001 -17"><span class='ocrx_word' id='word_1_60' title='bbox 390 1009 593 1072; x_wconf 82' lang='grc' dir='ltr'>ὃπωςό</span> <span class='ocrx_word' id='word_1_61' title='bbox 646 1008 880 1080; x_wconf 75' lang='grc' dir='ltr'>Χριστὸς</span> <span class='ocrx_word' id='word_1_62' title='bbox 910 1007 986 1071; x_wconf 82' lang='grc' dir='ltr'>ὡς</span> <span class='ocrx_word' id='word_1_63' title='bbox 1028 1006 1161 1069; x_wconf 83' lang='grc' dir='ltr'><strong>Θεὸς</strong></span> <span class='ocrx_word' id='word_1_64' title='bbox 1202 1005 1300 1059; x_wconf 72' lang='grc' dir='ltr'><strong>καὶ</strong></span> <span class='ocrx_word' id='word_1_65' title='bbox 1347 1008 1691 1077; x_wconf 81' lang='grc' dir='ltr'>Δημιουργὸς</span> <span class='ocrx_word' id='word_1_66' title='bbox 1741 1007 1973 1078; x_wconf 86' lang='grc' dir='ltr'>μάταιον</span> 
     </span>
    </p>
   </div>
   <div class='ocr_carea' id='block_1_13' title="bbox 395 1097 1970 1172">
    <p class='ocr_par' dir='ltr' id='par_1_13' title="bbox 395 1097 1970 1172">
     <span class='ocr_line' id='line_1_13' title="bbox 395 1097 1970 1172; baseline -0.001 -17"><span class='ocrx_word' id='word_1_67' title='bbox 395 1103 496 1172; x_wconf 72' lang='grc' dir='ltr'><strong>μὲν</strong></span> <span class='ocrx_word' id='word_1_68' title='bbox 530 1100 681 1154; x_wconf 65' lang='grc' dir='ltr'>οὐδὲν</span> <span class='ocrx_word' id='word_1_69' title='bbox 710 1100 788 1170; x_wconf 80' lang='grc' dir='ltr'>τῷ</span> <span class='ocrx_word' id='word_1_70' title='bbox 832 1099 1052 1171; x_wconf 81' lang='grc' dir='ltr'>Ἰσραὴλ</span> <span class='ocrx_word' id='word_1_71' title='bbox 1084 1097 1418 1165; x_wconf 78' lang='grc' dir='ltr'>ἐντέλλεται,</span> <span class='ocrx_word' id='word_1_72' title='bbox 1450 1100 1518 1153; x_wconf 84' lang='grc' dir='ltr'>τὰ</span> <span class='ocrx_word' id='word_1_73' title='bbox 1551 1099 1680 1168; x_wconf 71' lang='grc' dir='ltr'>ἔθνη</span> <span class='ocrx_word' id='word_1_74' title='bbox 1715 1101 1773 1154; x_wconf 84' lang='grc' dir='ltr'>δὲ</span> <span class='ocrx_word' id='word_1_75' title='bbox 1805 1101 1970 1155; x_wconf 78' lang='grc' dir='ltr'>καλεῖ</span> 
     </span>
    </p>
   </div>
   <div class='ocr_carea' id='block_1_14' title="bbox 393 1191 1969 1262">
    <p class='ocr_par' dir='ltr' id='par_1_14' title="bbox 393 1191 1969 1262">
     <span class='ocr_line' id='line_1_14' title="bbox 393 1191 1969 1262; baseline 0.001 -18"><span class='ocrx_word' id='word_1_76' title='bbox 393 1194 488 1246; x_wconf 76' lang='grc' dir='ltr'>καὶ</span> <span class='ocrx_word' id='word_1_77' title='bbox 511 1192 695 1256; x_wconf 79' lang='grc' dir='ltr'><strong>σώζει⁹</strong></span> <span class='ocrx_word' id='word_1_78' title='bbox 718 1192 816 1245; x_wconf 71' lang='grc' dir='ltr'><strong>καὶ</strong></span> <span class='ocrx_word' id='word_1_79' title='bbox 838 1193 988 1261; x_wconf 84' lang='grc' dir='ltr'>αὐτῷ</span> <span class='ocrx_word' id='word_1_80' title='bbox 1022 1192 1120 1262; x_wconf 80' lang='grc' dir='ltr'>μὲν</span> <span class='ocrx_word' id='word_1_81' title='bbox 1142 1194 1251 1246; x_wconf 77' lang='grc' dir='ltr'><strong>πᾶν</strong></span> <span class='ocrx_word' id='word_1_82' title='bbox 1275 1192 1406 1260; x_wconf 87' lang='grc' dir='ltr'><strong>γόνυ</strong></span> <span class='ocrx_word' id='word_1_83' title='bbox 1427 1192 1664 1262; x_wconf 64' lang='grc' dir='ltr'>κάμψευ</span> <span class='ocrx_word' id='word_1_84' title='bbox 1684 1191 1755 1246; x_wconf 85' lang='grc' dir='ltr'>τὰ</span> <span class='ocrx_word' id='word_1_85' title='bbox 1772 1192 1969 1247; x_wconf 88' lang='grc' dir='ltr'>είδωλα</span> 
     </span>
    </p>
   </div>
   <div class='ocr_carea' id='block_1_15' title="bbox 390 1282 1966 1355">
    <p class='ocr_par' dir='ltr' id='par_1_15' title="bbox 390 1282 1966 1355">
     <span class='ocr_line' id='line_1_15' title="bbox 390 1282 1966 1355; baseline 0.001 -20"><span class='ocrx_word' id='word_1_86' title='bbox 390 1282 449 1336; x_wconf 86' lang='grc' dir='ltr'><strong>δέ</strong></span> <span class='ocrx_word' id='word_1_87' title='bbox 481 1284 614 1352; x_wconf 84' lang='grc' dir='ltr'>παρ’</span> <span class='ocrx_word' id='word_1_88' title='bbox 649 1284 814 1336; x_wconf 82' lang='grc' dir='ltr'>αὐτοῦ</span> <span class='ocrx_word' id='word_1_89' title='bbox 866 1285 1288 1355; x_wconf 79' lang='grc' dir='ltr'>συντριϐήσεται</span> <span class='ocrx_word' id='word_1_90' title='bbox 1320 1299 1334 1315; x_wconf 74' lang='grc'><strong><em>³</em></strong></span> <span class='ocrx_word' id='word_1_91' title='bbox 1365 1284 1460 1337; x_wconf 78' lang='grc' dir='ltr'><strong>καὶ</strong></span> <span class='ocrx_word' id='word_1_92' title='bbox 1504 1285 1817 1355; x_wconf 77' lang='grc' dir='ltr'>κατηγορία</span> <span class='ocrx_word' id='word_1_93' title='bbox 1870 1284 1966 1338; x_wconf 87' lang='grc' dir='ltr'><strong>τοῦ</strong></span> 
     </span>
    </p>
   </div>
   <div class='ocr_carea' id='block_1_16' title="bbox 407 1373 1969 1447">
    <p class='ocr_par' dir='ltr' id='par_1_16' title="bbox 407 1373 1969 1447">
     <span class='ocr_line' id='line_1_16' title="bbox 407 1373 1969 1447; baseline 0.001 -21"><span class='ocrx_word' id='word_1_94' title='bbox 407 1373 624 1445; x_wconf 85' lang='grc' dir='ltr'>Ἰσραὴλ</span> <span class='ocrx_word' id='word_1_95' title='bbox 673 1374 769 1428; x_wconf 75' lang='grc' dir='ltr'>ἐπὶ</span> <span class='ocrx_word' id='word_1_96' title='bbox 812 1377 878 1446; x_wconf 79' lang='grc' dir='ltr'>τῇ</span> <span class='ocrx_word' id='word_1_97' title='bbox 928 1375 1181 1446; x_wconf 74' lang='grc' dir='ltr'>εξδωλικῇ</span> <span class='ocrx_word' id='word_1_98' title='bbox 1238 1375 1417 1447; x_wconf 83' lang='grc' dir='ltr'>πλάνῃ</span> <span class='ocrx_word' id='word_1_99' title='bbox 1442 1390 1456 1405; x_wconf 86' lang='grc'><strong>·</strong></span> <span class='ocrx_word' id='word_1_100' title='bbox 1487 1374 1586 1428; x_wconf 72' lang='grc' dir='ltr'><strong>καὶ</strong></span> <span class='ocrx_word' id='word_1_101' title='bbox 1615 1375 1969 1447; x_wconf 77' lang='grc' dir='ltr'>παραίνεσις,</span> 
     </span>
    </p>
   </div>
   <div class='ocr_carea' id='block_1_17' title="bbox 394 1466 1973 1541">
    <p class='ocr_par' dir='ltr' id='par_1_17' title="bbox 394 1466 1973 1541">
     <span class='ocr_line' id='line_1_17' title="bbox 394 1466 1973 1541; baseline 0.003 -23"><span class='ocrx_word' id='word_1_102' title='bbox 394 1466 770 1538; x_wconf 82' lang='grc' dir='ltr'>προσδραμεῖν</span> <span class='ocrx_word' id='word_1_103' title='bbox 790 1468 868 1537; x_wconf 81' lang='grc' dir='ltr'><strong>τῷ</strong></span> <span class='ocrx_word' id='word_1_104' title='bbox 898 1466 1120 1538; x_wconf 82' lang='grc' dir='ltr'>Χριστῷ</span> <span class='ocrx_word' id='word_1_105' title='bbox 1141 1467 1217 1530; x_wconf 88' lang='grc' dir='ltr'>ὡς</span> <span class='ocrx_word' id='word_1_106' title='bbox 1244 1470 1552 1537; x_wconf 65' lang='grc' dir='ltr'>οἰκονομεῖν</span> <span class='ocrx_word' id='word_1_107' title='bbox 1586 1467 1653 1521; x_wconf 86' lang='grc' dir='ltr'>τὰ</span> <span class='ocrx_word' id='word_1_108' title='bbox 1695 1469 1973 1541; x_wconf 85' lang='grc' dir='ltr'>μυστήρια</span> 
     </span>
    </p>
   </div>
   <div class='ocr_carea' id='block_1_18' title="bbox 398 1558 1974 1634">
    <p class='ocr_par' dir='ltr' id='par_1_18' title="bbox 398 1558 1974 1634">
     <span class='ocr_line' id='line_1_18' title="bbox 398 1558 1974 1634; baseline 0.004 -22"><span class='ocrx_word' id='word_1_109' title='bbox 398 1560 666 1629; x_wconf 81' lang='grc' dir='ltr'>μέλλοντι,</span> <span class='ocrx_word' id='word_1_110' title='bbox 727 1558 873 1630; x_wconf 75' lang='grc' dir='ltr'>άπερ</span> <span class='ocrx_word' id='word_1_111' title='bbox 922 1562 1003 1624; x_wconf 85' lang='grc' dir='ltr'><strong>είς</strong></span> <span class='ocrx_word' id='word_1_112' title='bbox 1069 1559 1343 1630; x_wconf 80' lang='grc' dir='ltr'>σωτηρίαν</span> <span class='ocrx_word' id='word_1_113' title='bbox 1410 1560 1491 1631; x_wconf 83' lang='grc' dir='ltr'>τῷ</span> <span class='ocrx_word' id='word_1_114' title='bbox 1560 1560 1781 1632; x_wconf 78' lang='grc' dir='ltr'>Ἰσραὴλ</span> <span class='ocrx_word' id='word_1_115' title='bbox 1841 1581 1974 1634; x_wconf 90' lang='grc' dir='ltr'>προ-</span> 
     </span>
    </p>
   </div>
   <div class='ocr_carea' id='block_1_19' title="bbox 396 1646 569 1701">
    <p class='ocr_par' dir='ltr' id='par_1_19' title="bbox 396 1646 569 1701">
     <span class='ocr_line' id='line_1_19' title="bbox 396 1646 569 1701; baseline 0.012 -2"><span class='ocrx_word' id='word_1_116' title='bbox 396 1646 569 1701; x_wconf 78' lang='grc' dir='ltr'>έθετο.</span> 
     </span>
    </p>
   </div>
   <div class='ocr_carea' id='block_1_20' title="bbox 469 1760 1974 1838">
    <p class='ocr_par' dir='ltr' id='par_1_20' title="bbox 469 1760 1974 1838">
     <span class='ocr_line' id='line_1_20' title="bbox 469 1760 1974 1838; baseline 0.002 -22"><span class='ocrx_word' id='word_1_117' title='bbox 469 1762 563 1828; x_wconf 83' lang='grc' dir='ltr'>ξδ’.</span> <span class='ocrx_word' id='word_1_118' title='bbox 592 1760 989 1832; x_wconf 82' lang='grc' dir='ltr'>Προσφώνησις</span> <span class='ocrx_word' id='word_1_119' title='bbox 1019 1765 1084 1833; x_wconf 81' lang='grc' dir='ltr'>τῇ</span> <span class='ocrx_word' id='word_1_120' title='bbox 1129 1763 1340 1833; x_wconf 81' lang='grc' dir='ltr'>ἀρχαίᾳ</span> <span class='ocrx_word' id='word_1_121' title='bbox 1408 1763 1767 1838; x_wconf 79' lang='grc' dir='ltr'>Ἰερουσαλὴμ</span> <span class='ocrx_word' id='word_1_122' title='bbox 1788 1808 1803 1831; x_wconf 92' lang='grc'><strong>,</strong></span> <span class='ocrx_word' id='word_1_123' title='bbox 1840 1782 1974 1819; x_wconf 86' lang='grc' dir='ltr'>πεν-</span> 
     </span>
    </p>
   </div>
   <div class='ocr_carea' id='block_1_21' title="bbox 398 1854 1974 1928">
    <p class='ocr_par' dir='ltr' id='par_1_21' title="bbox 398 1854 1974 1928">
     <span class='ocr_line' id='line_1_21' title="bbox 398 1854 1974 1928; baseline 0.001 -18"><span class='ocrx_word' id='word_1_124' title='bbox 398 1856 513 1910; x_wconf 82' lang='grc' dir='ltr'>θεῖν</span> <span class='ocrx_word' id='word_1_125' title='bbox 543 1855 629 1909; x_wconf 78' lang='grc' dir='ltr'>διὰ</span> <span class='ocrx_word' id='word_1_126' title='bbox 650 1855 751 1924; x_wconf 85' lang='grc' dir='ltr'><strong>τὴν</strong></span> <span class='ocrx_word' id='word_1_127' title='bbox 771 1854 1047 1920; x_wconf 81' lang='grc' dir='ltr'>ἀσέϐειαν,</span> <span class='ocrx_word' id='word_1_128' title='bbox 1084 1856 1207 1908; x_wconf 87' lang='grc' dir='ltr'>ὅθεν</span> <span class='ocrx_word' id='word_1_129' title='bbox 1235 1856 1373 1928; x_wconf 81' lang='grc' dir='ltr'>αὐτῇ</span> <span class='ocrx_word' id='word_1_130' title='bbox 1420 1857 1481 1909; x_wconf 85' lang='grc' dir='ltr'><strong>τό</strong></span> <span class='ocrx_word' id='word_1_131' title='bbox 1513 1858 1616 1927; x_wconf 75' lang='grc' dir='ltr'>τῆς</span> <span class='ocrx_word' id='word_1_132' title='bbox 1654 1857 1974 1923; x_wconf 85' lang='grc' dir='ltr'>Βαϐυλῶνος</span> 
     </span>
    </p>
   </div>
   <div class='ocr_carea' id='block_1_22' title="bbox 398 1946 1976 2025">
    <p class='ocr_par' dir='ltr' id='par_1_22' title="bbox 398 1946 1976 2025">
     <span class='ocr_line' id='line_1_22' title="bbox 398 1946 1976 2025; baseline 0.003 -24"><span class='ocrx_word' id='word_1_133' title='bbox 398 1946 727 2019; x_wconf 83' lang='grc' dir='ltr'>περιέθηκεν</span> <span class='ocrx_word' id='word_1_134' title='bbox 776 1946 1091 2019; x_wconf 84' lang='grc' dir='ltr'>πρόσωπον,</span> <span class='ocrx_word' id='word_1_135' title='bbox 1123 1948 1199 2012; x_wconf 87' lang='grc' dir='ltr'>ὼς</span> <span class='ocrx_word' id='word_1_136' title='bbox 1238 1948 1308 2003; x_wconf 84' lang='grc' dir='ltr'>τὰ</span> <span class='ocrx_word' id='word_1_137' title='bbox 1355 1948 1575 2020; x_wconf 76' lang='grc' dir='ltr'>ἐκείνης</span> <span class='ocrx_word' id='word_1_138' title='bbox 1614 1954 1976 2025; x_wconf 70' lang='grc' dir='ltr'>μιμησαμένη</span> 
     </span>
    </p>
   </div>
   <div class='ocr_carea' id='block_1_23' title="bbox 399 2039 1977 2116">
    <p class='ocr_par' dir='ltr' id='par_1_23' title="bbox 399 2039 1977 2116">
     <span class='ocr_line' id='line_1_23' title="bbox 399 2039 1977 2116; baseline 0.002 -23"><span class='ocrx_word' id='word_1_139' title='bbox 399 2039 579 2093; x_wconf 87' lang='grc' dir='ltr'>κακά·</span> <span class='ocrx_word' id='word_1_140' title='bbox 612 2040 708 2092; x_wconf 73' lang='grc' dir='ltr'>καὶ</span> <span class='ocrx_word' id='word_1_141' title='bbox 756 2040 981 2110; x_wconf 80' lang='grc' dir='ltr'>ἀπειλὴ,</span> <span class='ocrx_word' id='word_1_142' title='bbox 1013 2040 1107 2094; x_wconf 78' lang='grc' dir='ltr'><strong>τδν</strong></span> <span class='ocrx_word' id='word_1_143' title='bbox 1162 2041 1413 2096; x_wconf 89' lang='grc' dir='ltr'>διάϐολον</span> <span class='ocrx_word' id='word_1_144' title='bbox 1464 2044 1546 2106; x_wconf 84' lang='grc' dir='ltr'><strong>είς</strong></span> <span class='ocrx_word' id='word_1_145' title='bbox 1597 2043 1660 2098; x_wconf 78' lang='grc' dir='ltr'>τὸ</span> <span class='ocrx_word' id='word_1_146' title='bbox 1715 2044 1829 2116; x_wconf 89' lang='grc' dir='ltr'><strong>πῦρ</strong></span> <span class='ocrx_word' id='word_1_147' title='bbox 1874 2047 1977 2116; x_wconf 79' lang='grc' dir='ltr'>τῆς</span> 
     </span>
    </p>
   </div>
   <div class='ocr_carea' id='block_1_24' title="bbox 398 2132 1107 2206">
    <p class='ocr_par' dir='ltr' id='par_1_24' title="bbox 398 2132 1107 2206">
     <span class='ocr_line' id='line_1_24' title="bbox 398 2132 1107 2206; baseline 0.001 -19"><span class='ocrx_word' id='word_1_148' title='bbox 398 2136 626 2204; x_wconf 78' lang='grc' dir='ltr'>γεέννης</span> <span class='ocrx_word' id='word_1_149' title='bbox 662 2132 1107 2206; x_wconf 83' lang='grc' dir='ltr'>πεμφθήσεσθαι.</span> 
     </span>
    </p>
   </div>
   <div class='ocr_carea' id='block_1_25' title="bbox 472 2211 2000 2320">
    <p class='ocr_par' dir='ltr' id='par_1_25' title="bbox 472 2211 2000 2320">
     <span class='ocr_line' id='line_1_25' title="bbox 472 2211 2000 2320; baseline 0.001 -21"><span class='ocrx_word' id='word_1_150' title='bbox 472 2248 565 2315; x_wconf 81' lang='grc' dir='ltr'>ξε’.</span> <span class='ocrx_word' id='word_1_151' title='bbox 614 2248 939 2317; x_wconf 81' lang='grc' dir='ltr'>Κατηγορία</span> <span class='ocrx_word' id='word_1_152' title='bbox 984 2247 1082 2315; x_wconf 87' lang='grc' dir='ltr'>τῆς</span> <span class='ocrx_word' id='word_1_153' title='bbox 1135 2247 1231 2300; x_wconf 90' lang='grc' dir='ltr'><strong>τοῦ</strong></span> <span class='ocrx_word' id='word_1_154' title='bbox 1269 2246 1489 2320; x_wconf 81' lang='grc' dir='ltr'>Ἰσραὴλ</span> <span class='ocrx_word' id='word_1_155' title='bbox 1541 2211 1884 2319; x_wconf 70' lang='grc' dir='ltr'>ὑποκρίσεώς</span> <span class='ocrx_word' id='word_1_156' title='bbox 1917 2220 2000 2302; x_wconf 47' lang='grc' dir='ltr'>τε.</span> 
     </span>
    </p>
   </div>
   <div class='ocr_carea' id='block_1_26' title="bbox 403 2338 1979 2411">
    <p class='ocr_par' dir='ltr' id='par_1_26' title="bbox 403 2338 1979 2411">
     <span class='ocr_line' id='line_1_26' title="bbox 403 2338 1979 2411; baseline 0 -18"><span class='ocrx_word' id='word_1_157' title='bbox 403 2341 503 2394; x_wconf 78' lang='grc' dir='ltr'>καὶ</span> <span class='ocrx_word' id='word_1_158' title='bbox 525 2338 659 2410; x_wconf 75' lang='grc' dir='ltr'>σκλη</span> <span class='ocrx_word' id='word_1_159' title='bbox 670 2338 960 2411; x_wconf 87' lang='grc' dir='ltr'>ροκαρδίας</span> <span class='ocrx_word' id='word_1_160' title='bbox 981 2355 995 2368; x_wconf 90' lang='grc'><strong>·</strong></span> <span class='ocrx_word' id='word_1_161' title='bbox 1035 2340 1132 2392; x_wconf 74' lang='grc' dir='ltr'><strong>καὶ</strong></span> <span class='ocrx_word' id='word_1_162' title='bbox 1161 2338 1531 2411; x_wconf 83' lang='grc' dir='ltr'>διαμαρτυρία</span> <span class='ocrx_word' id='word_1_163' title='bbox 1555 2340 1664 2393; x_wconf 81' lang='grc' dir='ltr'><strong>τῶν</strong></span> <span class='ocrx_word' id='word_1_164' title='bbox 1700 2340 1979 2410; x_wconf 77' lang='grc' dir='ltr'>ἐσομένων</span> 
     </span>
    </p>
   </div>
   <div class='ocr_carea' id='block_1_27' title="bbox 404 2428 1976 2502">
    <p class='ocr_par' dir='ltr' id='par_1_27' title="bbox 404 2428 1976 2502">
     <span class='ocr_line' id='line_1_27' title="bbox 404 2428 1976 2502; baseline -0.001 -19"><span class='ocrx_word' id='word_1_165' title='bbox 404 2433 471 2502; x_wconf 78' lang='grc' dir='ltr'>τῇ</span> <span class='ocrx_word' id='word_1_166' title='bbox 521 2429 822 2501; x_wconf 70' lang='grc' dir='ltr'>Ἐκκλησία</span> <span class='ocrx_word' id='word_1_167' title='bbox 874 2430 1213 2499; x_wconf 88' lang='grc' dir='ltr'>μυστηρίων,</span> <span class='ocrx_word' id='word_1_168' title='bbox 1247 2430 1344 2482; x_wconf 73' lang='grc' dir='ltr'><strong>καὶ</strong></span> <span class='ocrx_word' id='word_1_169' title='bbox 1396 2430 1495 2499; x_wconf 87' lang='grc' dir='ltr'>τῆς</span> <span class='ocrx_word' id='word_1_170' title='bbox 1539 2429 1635 2483; x_wconf 90' lang='grc' dir='ltr'><strong>τοῦ</strong></span> <span class='ocrx_word' id='word_1_171' title='bbox 1685 2428 1976 2483; x_wconf 86' lang='grc' dir='ltr'>Ἰουδαϊκοῦ</span> 
     </span>
    </p>
   </div>
   <div class='ocr_carea' id='block_1_28' title="bbox 404 2516 1981 2591">
    <p class='ocr_par' dir='ltr' id='par_1_28' title="bbox 404 2516 1981 2591">
     <span class='ocr_line' id='line_1_28' title="bbox 404 2516 1981 2591; baseline 0 -19"><span class='ocrx_word' id='word_1_172' title='bbox 404 2520 533 2573; x_wconf 90' lang='grc' dir='ltr'>λαοῦ</span> <span class='ocrx_word' id='word_1_173' title='bbox 558 2516 1049 2591; x_wconf 85' lang='grc' dir='ltr'>ἀπαλλοτριώσεως</span> <span class='ocrx_word' id='word_1_174' title='bbox 1072 2532 1089 2550; x_wconf 76' lang='grc' dir='ltr'><strong>ο</strong></span> <span class='ocrx_word' id='word_1_175' title='bbox 1130 2520 1226 2572; x_wconf 76' lang='grc' dir='ltr'>καὶ</span> <span class='ocrx_word' id='word_1_176' title='bbox 1253 2518 1331 2582; x_wconf 83' lang='grc' dir='ltr'>ὡς</span> <span class='ocrx_word' id='word_1_177' title='bbox 1359 2521 1387 2572; x_wconf 85' lang='grc' dir='ltr'>ὁ</span> <span class='ocrx_word' id='word_1_178' title='bbox 1413 2519 1652 2589; x_wconf 81' lang='grc' dir='ltr'>Χριστὸς</span> <span class='ocrx_word' id='word_1_179' title='bbox 1676 2520 1837 2583; x_wconf 76' lang='grc' dir='ltr'>αὐτὸς</span> <span class='ocrx_word' id='word_1_180' title='bbox 1872 2520 1981 2589; x_wconf 77' lang='grc' dir='ltr'><strong>πρὸ</strong></span> 
     </span>
    </p>
   </div>
   <div class='ocr_carea' id='block_1_29' title="bbox 404 2610 1980 2683">
    <p class='ocr_par' dir='ltr' id='par_1_29' title="bbox 404 2610 1980 2683">
     <span class='ocr_line' id='line_1_29' title="bbox 404 2610 1980 2683; baseline -0.001 -17"><span class='ocrx_word' id='word_1_181' title='bbox 404 2612 619 2667; x_wconf 85' lang='grc' dir='ltr'>αίὼνων</span> <span class='ocrx_word' id='word_1_182' title='bbox 669 2610 766 2664; x_wconf 77' lang='grc' dir='ltr'>καὶ</span> <span class='ocrx_word' id='word_1_183' title='bbox 811 2610 899 2664; x_wconf 84' lang='grc' dir='ltr'>ἐπ’</span> <span class='ocrx_word' id='word_1_184' title='bbox 923 2610 1170 2681; x_wconf 85' lang='grc' dir='ltr'>ἐσχάτων</span> <span class='ocrx_word' id='word_1_185' title='bbox 1214 2611 1487 2664; x_wconf 72' lang='grc' dir='ltr'>ἐστί’καὶ</span> <span class='ocrx_word' id='word_1_186' title='bbox 1536 2611 1846 2682; x_wconf 82' lang='grc' dir='ltr'>ὀνειδισμὸς</span> <span class='ocrx_word' id='word_1_187' title='bbox 1900 2611 1980 2683; x_wconf 83' lang='grc' dir='ltr'>τῷ</span> 
     </span>
    </p>
   </div>
   <div class='ocr_carea' id='block_1_30' title="bbox 415 2702 1976 2776">
    <p class='ocr_par' dir='ltr' id='par_1_30' title="bbox 415 2702 1976 2776">
     <span class='ocr_line' id='line_1_30' title="bbox 415 2702 1976 2776; baseline -0.001 -17"><span class='ocrx_word' id='word_1_188' title='bbox 415 2704 651 2776; x_wconf 81' lang='grc' dir='ltr'>Ἰσραὴλ,</span> <span class='ocrx_word' id='word_1_189' title='bbox 670 2704 745 2768; x_wconf 81' lang='grc' dir='ltr'>ὡς</span> <span class='ocrx_word' id='word_1_190' title='bbox 770 2703 870 2775; x_wconf 80' lang='grc' dir='ltr'><strong>οὑχ</strong></span> <span class='ocrx_word' id='word_1_191' title='bbox 890 2702 1269 2757; x_wconf 80' lang='grc' dir='ltr'>ὑπακούσαντι</span> <span class='ocrx_word' id='word_1_192' title='bbox 1289 2719 1301 2733; x_wconf 77' lang='grc' dir='ltr'><strong><em>ο</em></strong></span> <span class='ocrx_word' id='word_1_193' title='bbox 1330 2703 1522 2774; x_wconf 79' lang='grc' dir='ltr'>κλῆσις</span> <span class='ocrx_word' id='word_1_194' title='bbox 1543 2703 1600 2758; x_wconf 84' lang='grc' dir='ltr'>δὲ</span> <span class='ocrx_word' id='word_1_195' title='bbox 1630 2708 1741 2769; x_wconf 84' lang='grc' dir='ltr'>τοῖς</span> <span class='ocrx_word' id='word_1_196' title='bbox 1779 2705 1976 2771; x_wconf 72' lang='grc' dir='ltr'>ἔθνεσι,</span> 
     </span>
    </p>
   </div>
   <div class='ocr_carea' id='block_1_31' title="bbox 404 2796 1696 2869">
    <p class='ocr_par' dir='ltr' id='par_1_31' title="bbox 404 2796 1696 2869">
     <span class='ocr_line' id='line_1_31' title="bbox 404 2796 1696 2869; baseline -0.001 -17"><span class='ocrx_word' id='word_1_197' title='bbox 404 2798 496 2852; x_wconf 73' lang='grc' dir='ltr'>καὶ</span> <span class='ocrx_word' id='word_1_198' title='bbox 526 2798 818 2867; x_wconf 78' lang='grc' dir='ltr'>ὑπόσχεσις</span> <span class='ocrx_word' id='word_1_199' title='bbox 846 2797 945 2868; x_wconf 85' lang='grc' dir='ltr'>τῆς</span> <span class='ocrx_word' id='word_1_200' title='bbox 970 2797 1157 2869; x_wconf 83' lang='grc' dir='ltr'>πηγῆς</span> <span class='ocrx_word' id='word_1_201' title='bbox 1181 2796 1277 2850; x_wconf 91' lang='grc' dir='ltr'><strong>τοῦ</strong></span> <span class='ocrx_word' id='word_1_202' title='bbox 1301 2797 1696 2869; x_wconf 85' lang='grc' dir='ltr'>βαπτίσματος.</span> 
     </span>
    </p>
   </div>
   <div class='ocr_carea' id='block_1_32' title="bbox 473 2907 1978 2981">
    <p class='ocr_par' dir='ltr' id='par_1_32' title="bbox 473 2907 1978 2981">
     <span class='ocr_line' id='line_1_32' title="bbox 473 2907 1978 2981; baseline 0.001 -19"><span class='ocrx_word' id='word_1_203' title='bbox 473 2909 579 2973; x_wconf 80' lang='grc' dir='ltr'>ξς·’.</span> <span class='ocrx_word' id='word_1_204' title='bbox 616 2907 828 2978; x_wconf 83' lang='grc' dir='ltr'>Κλῆσις</span> <span class='ocrx_word' id='word_1_205' title='bbox 886 2908 1078 2974; x_wconf 83' lang='grc' dir='ltr'>ἐθνῶν,</span> <span class='ocrx_word' id='word_1_206' title='bbox 1111 2908 1206 2961; x_wconf 74' lang='grc' dir='ltr'>καὶ</span> <span class='ocrx_word' id='word_1_207' title='bbox 1245 2908 1551 2980; x_wconf 89' lang='grc' dir='ltr'>προφητεία</span> <span class='ocrx_word' id='word_1_208' title='bbox 1593 2910 1689 2963; x_wconf 91' lang='grc' dir='ltr'><strong>τοῦ</strong></span> <span class='ocrx_word' id='word_1_209' title='bbox 1717 2908 1978 2981; x_wconf 78' lang='grc' dir='ltr'>Χριστοῦ,</span> 
     </span>
    </p>
   </div>
   <div class='ocr_carea' id='block_1_33' title="bbox 402 2999 1979 3073">
    <p class='ocr_par' dir='ltr' id='par_1_33' title="bbox 402 2999 1979 3073">
     <span class='ocr_line' id='line_1_33' title="bbox 402 2999 1979 3073; baseline 0.001 -19"><span class='ocrx_word' id='word_1_210' title='bbox 402 3001 480 3062; x_wconf 85' lang='grc' dir='ltr'><strong>ὡς</strong></span> <span class='ocrx_word' id='word_1_211' title='bbox 509 3001 590 3062; x_wconf 87' lang='grc' dir='ltr'><strong>είς</strong></span> <span class='ocrx_word' id='word_1_212' title='bbox 630 3000 821 3052; x_wconf 88' lang='grc' dir='ltr'>δούλου</span> <span class='ocrx_word' id='word_1_213' title='bbox 854 2999 1069 3073; x_wconf 80' lang='grc' dir='ltr'>μορφὴν</span> <span class='ocrx_word' id='word_1_214' title='bbox 1100 3000 1295 3055; x_wconf 72' lang='grc' dir='ltr'>ἑαυτὸν</span> <span class='ocrx_word' id='word_1_215' title='bbox 1335 3001 1429 3053; x_wconf 75' lang='grc' dir='ltr'><strong>ἐπὶ</strong></span> <span class='ocrx_word' id='word_1_216' title='bbox 1475 3001 1723 3073; x_wconf 78' lang='grc' dir='ltr'>σωτηρία</span> <span class='ocrx_word' id='word_1_217' title='bbox 1749 3003 1858 3055; x_wconf 89' lang='grc' dir='ltr'><strong>τῶν</strong></span> <span class='ocrx_word' id='word_1_218' title='bbox 1887 3004 1979 3055; x_wconf 84' lang='grc' dir='ltr'>ἐθ-</span> 
     </span>
    </p>
   </div>
   <div class='ocr_carea' id='block_1_34' title="bbox 403 3091 1983 3167">
    <p class='ocr_par' dir='ltr' id='par_1_34' title="bbox 403 3091 1983 3167">
     <span class='ocr_line' id='line_1_34' title="bbox 403 3091 1983 3167; baseline 0.001 -20"><span class='ocrx_word' id='word_1_219' title='bbox 403 3093 512 3147; x_wconf 84' lang='grc' dir='ltr'><strong>νῶν</strong></span> <span class='ocrx_word' id='word_1_220' title='bbox 548 3093 908 3165; x_wconf 78' lang='grc' dir='ltr'>κηρύξαντος,</span> <span class='ocrx_word' id='word_1_221' title='bbox 942 3091 1124 3165; x_wconf 81' lang='grc' dir='ltr'>καιρῷ</span> <span class='ocrx_word' id='word_1_222' title='bbox 1161 3109 1222 3146; x_wconf 89' lang='grc' dir='ltr'><strong>τε</strong></span> <span class='ocrx_word' id='word_1_223' title='bbox 1257 3092 1430 3164; x_wconf 77' lang='grc' dir='ltr'>αὐτὴν</span> <span class='ocrx_word' id='word_1_224' title='bbox 1462 3093 1878 3165; x_wconf 75' lang='grc' dir='ltr'>οἱκονομοῦντος</span> <span class='ocrx_word' id='word_1_225' title='bbox 1905 3095 1983 3167; x_wconf 83' lang='grc' dir='ltr'>τῷ</span> 
     </span>
    </p>
   </div>
   <div class='ocr_carea' id='block_1_35' title="bbox 403 3183 600 3239">
    <p class='ocr_par' dir='ltr' id='par_1_35' title="bbox 403 3183 600 3239">
     <span class='ocr_line' id='line_1_35' title="bbox 403 3183 600 3239; baseline 0.01 -2"><span class='ocrx_word' id='word_1_226' title='bbox 403 3183 600 3239; x_wconf 78' lang='grc' dir='ltr'>δέοντι.</span> 
     </span>
    </p>
   </div>
   <div class='ocr_carea' id='block_1_36' title="bbox 477 3272 1983 3353">
    <p class='ocr_par' dir='ltr' id='par_1_36' title="bbox 477 3272 1983 3353">
     <span class='ocr_line' id='line_1_36' title="bbox 477 3272 1983 3353; baseline 0.002 -22"><span class='ocrx_word' id='word_1_227' title='bbox 477 3277 580 3344; x_wconf 77' lang='grc' dir='ltr'>ξζ’.</span> <span class='ocrx_word' id='word_1_228' title='bbox 614 3277 1011 3351; x_wconf 71' lang='grc' dir='ltr'>Προσφώνησις</span> <span class='ocrx_word' id='word_1_229' title='bbox 1057 3272 1174 3343; x_wconf 87' lang='grc' dir='ltr'>τοῖς</span> <span class='ocrx_word' id='word_1_230' title='bbox 1226 3280 1534 3352; x_wconf 87' lang='grc' dir='ltr'>στοιχείοις,</span> <span class='ocrx_word' id='word_1_231' title='bbox 1563 3281 1844 3353; x_wconf 80' lang='grc' dir='ltr'>ἑορτάζειν</span> <span class='ocrx_word' id='word_1_232' title='bbox 1881 3280 1983 3352; x_wconf 78' lang='grc' dir='ltr'><strong>τῆς</strong></span> 
     </span>
    </p>
   </div>
   <div class='ocr_carea' id='block_1_37' title="bbox 409 3370 1984 3444">
    <p class='ocr_par' dir='ltr' id='par_1_37' title="bbox 409 3370 1984 3444">
     <span class='ocr_line' id='line_1_37' title="bbox 409 3370 1984 3444; baseline 0.002 -19"><span class='ocrx_word' id='word_1_233' title='bbox 409 3370 685 3441; x_wconf 85' lang='grc' dir='ltr'>σωτηρίας</span> <span class='ocrx_word' id='word_1_234' title='bbox 719 3371 827 3426; x_wconf 91' lang='grc' dir='ltr'><strong>τῶν</strong></span> <span class='ocrx_word' id='word_1_235' title='bbox 852 3371 1158 3443; x_wconf 83' lang='grc' dir='ltr'>ἀνθρώπων</span> <span class='ocrx_word' id='word_1_236' title='bbox 1187 3372 1352 3426; x_wconf 69' lang='grc' dir='ltr'>ἕνεκα</span> <span class='ocrx_word' id='word_1_237' title='bbox 1380 3388 1394 3401; x_wconf 89' lang='grc'><strong>·</strong></span> <span class='ocrx_word' id='word_1_238' title='bbox 1425 3374 1519 3427; x_wconf 71' lang='grc' dir='ltr'><strong>καί⁸</strong></span> <span class='ocrx_word' id='word_1_239' title='bbox 1546 3374 1841 3444; x_wconf 80' lang='grc' dir='ltr'>ὑπόσχεσις</span> <span class='ocrx_word' id='word_1_240' title='bbox 1883 3373 1984 3442; x_wconf 82' lang='grc' dir='ltr'>τῆς</span> 
     </span>
    </p>
   </div>
   <div class='ocr_carea' id='block_1_38' title="bbox 406 3464 1984 3537">
    <p class='ocr_par' dir='ltr' id='par_1_38' title="bbox 406 3464 1984 3537">
     <span class='ocr_line' id='line_1_38' title="bbox 406 3464 1984 3537; baseline 0.001 -19"><span class='ocrx_word' id='word_1_241' title='bbox 406 3464 675 3536; x_wconf 76' lang='grc' dir='ltr'>ἐσομένης</span> <span class='ocrx_word' id='word_1_242' title='bbox 728 3466 1113 3529; x_wconf 86' lang='grc' dir='ltr'>πολυπαιδίας,</span> <span class='ocrx_word' id='word_1_243' title='bbox 1154 3465 1327 3520; x_wconf 88' lang='grc' dir='ltr'>ἐθνῶν</span> <span class='ocrx_word' id='word_1_244' title='bbox 1367 3483 1425 3518; x_wconf 86' lang='grc' dir='ltr'><strong>τε</strong></span> <span class='ocrx_word' id='word_1_245' title='bbox 1484 3467 1829 3537; x_wconf 72' lang='grc' dir='ltr'>συναγωγὴς,</span> <span class='ocrx_word' id='word_1_246' title='bbox 1889 3466 1984 3520; x_wconf 78' lang='grc' dir='ltr'><strong>καὶ</strong></span> 
     </span>
    </p>
   </div>
   <div class='ocr_carea' id='block_1_39' title="bbox 404 3553 1984 3629">
    <p class='ocr_par' dir='ltr' id='par_1_39' title="bbox 404 3553 1984 3629">
     <span class='ocr_line' id='line_1_39' title="bbox 404 3553 1984 3629; baseline 0.001 -22"><span class='ocrx_word' id='word_1_247' title='bbox 404 3553 656 3608; x_wconf 87' lang='grc' dir='ltr'>διαϐόλου</span> <span class='ocrx_word' id='word_1_248' title='bbox 679 3555 1043 3621; x_wconf 84' lang='grc' dir='ltr'>σκυλεύσεως,</span> <span class='ocrx_word' id='word_1_249' title='bbox 1070 3555 1347 3620; x_wconf 82' lang='grc' dir='ltr'>ἀπωλείας</span> <span class='ocrx_word' id='word_1_250' title='bbox 1363 3573 1427 3629; x_wconf 79' lang='grc' dir='ltr'><strong>τε</strong></span> <span class='ocrx_word' id='word_1_251' title='bbox 1442 3556 1735 3629; x_wconf 85' lang='grc' dir='ltr'>δαιμόνων,</span> <span class='ocrx_word' id='word_1_252' title='bbox 1762 3559 1856 3610; x_wconf 64' lang='grc' dir='ltr'><strong>καλ¹</strong></span> <span class='ocrx_word' id='word_1_253' title='bbox 1874 3556 1984 3610; x_wconf 85' lang='grc' dir='ltr'><strong>τῶν</strong></span> 
     </span>
    </p>
   </div>
   <div class='ocr_carea' id='block_1_40' title="bbox 407 3626 1428 3716">
    <p class='ocr_par' dir='ltr' id='par_1_40' title="bbox 407 3645 992 3716">
     <span class='ocr_line' id='line_1_40' title="bbox 407 3645 992 3716; baseline 0.009 -19"><span class='ocrx_word' id='word_1_254' title='bbox 407 3646 616 3699; x_wconf 88' lang='grc' dir='ltr'>πιστῶν</span> <span class='ocrx_word' id='word_1_255' title='bbox 643 3645 992 3716; x_wconf 85' lang='grc' dir='ltr'>λυτρώσεως.</span> 
     </span>
    </p>
   </div>
   <div class='ocr_carea' id='block_1_41' title="bbox 479 3753 1983 3827">
    <p class='ocr_par' dir='ltr' id='par_1_41' title="bbox 479 3753 1983 3827">
     <span class='ocr_line' id='line_1_41' title="bbox 479 3753 1983 3827; baseline 0 -18"><span class='ocrx_word' id='word_1_256' title='bbox 479 3754 581 3826; x_wconf 81' lang='grc' dir='ltr'>ξη’.</span> <span class='ocrx_word' id='word_1_257' title='bbox 627 3755 963 3825; x_wconf 86' lang='grc' dir='ltr'>Ὀνειδισμός</span> <span class='ocrx_word' id='word_1_258' title='bbox 982 3753 1059 3826; x_wconf 82' lang='grc' dir='ltr'>τῷ</span> <span class='ocrx_word' id='word_1_259' title='bbox 1100 3756 1344 3827; x_wconf 80' lang='grc' dir='ltr'>Ἰσραὴλ,</span> <span class='ocrx_word' id='word_1_260' title='bbox 1377 3757 1470 3811; x_wconf 78' lang='grc' dir='ltr'><strong>καὶ</strong></span> <span class='ocrx_word' id='word_1_261' title='bbox 1502 3756 1603 3827; x_wconf 82' lang='grc' dir='ltr'>τῆς</span> <span class='ocrx_word' id='word_1_262' title='bbox 1635 3756 1767 3826; x_wconf 86' lang='grc' dir='ltr'>παρ’</span> <span class='ocrx_word' id='word_1_263' title='bbox 1800 3757 1983 3821; x_wconf 83' lang='grc' dir='ltr'>αὐτοῖς</span> 
     </span>
    </p>
   </div>
   <div class='ocr_carea' id='block_1_42' title="bbox 407 3847 1985 3918">
    <p class='ocr_par' dir='ltr' id='par_1_42' title="bbox 407 3847 1985 3918">
     <span class='ocr_line' id='line_1_42' title="bbox 407 3847 1985 3918; baseline 0 -17"><span class='ocrx_word' id='word_1_264' title='bbox 407 3847 735 3917; x_wconf 85' lang='grc' dir='ltr'>συναγωγῆς</span> <span class='ocrx_word' id='word_1_265' title='bbox 757 3848 1000 3917; x_wconf 80' lang='grc' dir='ltr'>ἀποϐολή</span> <span class='ocrx_word' id='word_1_266' title='bbox 1027 3861 1040 3876; x_wconf 90' lang='grc'><strong>·</strong></span> <span class='ocrx_word' id='word_1_267' title='bbox 1074 3847 1172 3901; x_wconf 72' lang='grc' dir='ltr'>καὶ</span> <span class='ocrx_word' id='word_1_268' title='bbox 1201 3847 1428 3914; x_wconf 78' lang='grc' dir='ltr'>ἔνδειξις</span> <span class='ocrx_word' id='word_1_269' title='bbox 1463 3847 1646 3918; x_wconf 77' lang='grc' dir='ltr'>ἰσχύος</span> <span class='ocrx_word' id='word_1_270' title='bbox 1682 3847 1818 3902; x_wconf 87' lang='grc' dir='ltr'>Θεοῦ</span> <span class='ocrx_word' id='word_1_271' title='bbox 1844 3865 1859 3881; x_wconf 78' lang='grc' dir='ltr'><strong>ο</strong></span> <span class='ocrx_word' id='word_1_272' title='bbox 1887 3848 1985 3902; x_wconf 73' lang='grc' dir='ltr'><strong>καὶ</strong></span> 
     </span>
    </p>
   </div>
   <div class='ocr_carea' id='block_1_43' title="bbox 406 3936 1983 4011">
    <p class='ocr_par' dir='ltr' id='par_1_43' title="bbox 406 3936 1983 4011">
     <span class='ocr_line' id='line_1_43' title="bbox 406 3936 1983 4011; baseline -0.001 -19"><span class='ocrx_word' id='word_1_273' title='bbox 406 3937 717 4011; x_wconf 86' lang='grc' dir='ltr'>προφητεία</span> <span class='ocrx_word' id='word_1_274' title='bbox 744 3936 854 3991; x_wconf 89' lang='grc' dir='ltr'><strong>τῶν</strong></span> <span class='ocrx_word' id='word_1_275' title='bbox 877 3936 975 3990; x_wconf 88' lang='grc' dir='ltr'><strong>τοῦ</strong></span> <span class='ocrx_word' id='word_1_276' title='bbox 1003 3936 1210 4003; x_wconf 82' lang='grc' dir='ltr'>Κυρίου</span> <span class='ocrx_word' id='word_1_277' title='bbox 1246 3937 1434 3990; x_wconf 89' lang='grc' dir='ltr'>παθῶν</span> <span class='ocrx_word' id='word_1_278' title='bbox 1454 3953 1468 3968; x_wconf 76' lang='grc' dir='ltr'><strong>ο</strong></span> <span class='ocrx_word' id='word_1_279' title='bbox 1492 3937 1589 3991; x_wconf 77' lang='grc' dir='ltr'><strong>καὶ</strong></span> <span class='ocrx_word' id='word_1_280' title='bbox 1621 3937 1819 4008; x_wconf 81' lang='grc' dir='ltr'>ἀπειλὴ</span> <span class='ocrx_word' id='word_1_281' title='bbox 1840 3937 1983 3992; x_wconf 85' lang='grc' dir='ltr'>κατὰ</span> 
     </span>
    </p>
   </div>
   <div class='ocr_carea' id='block_1_44' title="bbox 405 4026 1984 4100">
    <p class='ocr_par' dir='ltr' id='par_1_44' title="bbox 405 4026 1984 4100">
     <span class='ocr_line' id='line_1_44' title="bbox 405 4026 1984 4100; baseline -0.001 -18"><span class='ocrx_word' id='word_1_282' title='bbox 405 4028 516 4082; x_wconf 86' lang='grc' dir='ltr'><strong>τῶν</strong></span> <span class='ocrx_word' id='word_1_283' title='bbox 554 4026 850 4093; x_wconf 87' lang='grc' dir='ltr'>Ἰουδαίων,</span> <span class='ocrx_word' id='word_1_284' title='bbox 883 4027 958 4090; x_wconf 85' lang='grc' dir='ltr'>ὡς</span> <span class='ocrx_word' id='word_1_285' title='bbox 983 4028 1165 4080; x_wconf 80' lang='grc' dir='ltr'>αὐτῶν</span> <span class='ocrx_word' id='word_1_286' title='bbox 1200 4028 1587 4083; x_wconf 86' lang='grc' dir='ltr'>σκευασάντων</span> <span class='ocrx_word' id='word_1_287' title='bbox 1633 4030 1733 4100; x_wconf 78' lang='grc' dir='ltr'>τὴν</span> <span class='ocrx_word' id='word_1_288' title='bbox 1778 4027 1984 4083; x_wconf 79' lang='grc' dir='ltr'>οἰκείαν</span> 
     </span>
    </p>
   </div>
   <div class='ocr_carea' id='block_1_45' title="bbox 409 4119 707 4175">
    <p class='ocr_par' dir='ltr' id='par_1_45' title="bbox 409 4119 707 4175">
     <span class='ocr_line' id='line_1_45' title="bbox 409 4119 707 4175; baseline 0 0"><span class='ocrx_word' id='word_1_289' title='bbox 409 4119 707 4175; x_wconf 82' lang='grc' dir='ltr'>ἀπώλειαν.</span> 
     </span>
    </p>
   </div>
   <div class='ocr_carea' id='block_1_46' title="bbox 482 4231 1980 4306">
    <p class='ocr_par' dir='ltr' id='par_1_46' title="bbox 482 4231 1980 4306">
     <span class='ocr_line' id='line_1_46' title="bbox 482 4231 1980 4306; baseline 0.001 -20"><span class='ocrx_word' id='word_1_290' title='bbox 482 4232 580 4299; x_wconf 82' lang='grc' dir='ltr'>ξθ’.</span> <span class='ocrx_word' id='word_1_291' title='bbox 614 4231 1012 4305; x_wconf 81' lang='grc' dir='ltr'>Προσφώνησις</span> <span class='ocrx_word' id='word_1_292' title='bbox 1035 4232 1113 4304; x_wconf 82' lang='grc' dir='ltr'>τῷ</span> <span class='ocrx_word' id='word_1_293' title='bbox 1147 4234 1386 4306; x_wconf 84' lang='grc' dir='ltr'>Ἰσραὴλ,</span> <span class='ocrx_word' id='word_1_294' title='bbox 1420 4234 1716 4306; x_wconf 79' lang='grc' dir='ltr'>προσέχειν</span> <span class='ocrx_word' id='word_1_295' title='bbox 1753 4236 1867 4297; x_wconf 82' lang='grc' dir='ltr'>τοῖς</span> <span class='ocrx_word' id='word_1_296' title='bbox 1888 4233 1980 4288; x_wconf 88' lang='grc' dir='ltr'><strong>τοῦ</strong></span> 
     </span>
    </p>
   </div>
   <div class='ocr_carea' id='block_1_47' title="bbox 408 4325 1982 4399">
    <p class='ocr_par' dir='ltr' id='par_1_47' title="bbox 408 4325 1982 4399">
     <span class='ocr_line' id='line_1_47' title="bbox 408 4325 1982 4399; baseline 0 -21"><span class='ocrx_word' id='word_1_297' title='bbox 408 4325 582 4395; x_wconf 82' lang='grc' dir='ltr'>τάφου</span> <span class='ocrx_word' id='word_1_298' title='bbox 631 4327 727 4379; x_wconf 89' lang='grc' dir='ltr'><strong>τοῦ</strong></span> <span class='ocrx_word' id='word_1_299' title='bbox 769 4326 1102 4382; x_wconf 89' lang='grc' dir='ltr'>Δεσποτικοῦ</span> <span class='ocrx_word' id='word_1_300' title='bbox 1142 4326 1384 4397; x_wconf 83' lang='grc' dir='ltr'>θαύμασι</span> <span class='ocrx_word' id='word_1_301' title='bbox 1416 4343 1431 4359; x_wconf 71' lang='grc'>⁸</span> <span class='ocrx_word' id='word_1_302' title='bbox 1466 4326 1562 4380; x_wconf 82' lang='grc' dir='ltr'>καὶ</span> <span class='ocrx_word' id='word_1_303' title='bbox 1590 4326 1687 4381; x_wconf 92' lang='grc' dir='ltr'><strong>τοῦ</strong></span> <span class='ocrx_word' id='word_1_304' title='bbox 1729 4326 1982 4399; x_wconf 77' lang='grc' dir='ltr'>Ἀϐραὰμ</span> 
     </span>
    </p>
   </div>
   <div class='ocr_carea' id='block_1_48' title="bbox 409 4415 1981 4490">
    <p class='ocr_par' dir='ltr' id='par_1_48' title="bbox 409 4415 1981 4490">
     <span class='ocr_line' id='line_1_48' title="bbox 409 4415 1981 4490; baseline 0.003 -22"><span class='ocrx_word' id='word_1_305' title='bbox 409 4416 508 4485; x_wconf 83' lang='grc' dir='ltr'><strong>τὴν</strong></span> <span class='ocrx_word' id='word_1_306' title='bbox 532 4415 784 4485; x_wconf 80' lang='grc' dir='ltr'>εὐλογίαν</span> <span class='ocrx_word' id='word_1_307' title='bbox 815 4417 1129 4485; x_wconf 78' lang='grc' dir='ltr'>λογίζεσθαι</span> <span class='ocrx_word' id='word_1_308' title='bbox 1150 4435 1163 4448; x_wconf 84' lang='grc'>⁶</span> <span class='ocrx_word' id='word_1_309' title='bbox 1198 4418 1295 4473; x_wconf 61' lang='grc' dir='ltr'><strong>καὶ¹</strong></span> <span class='ocrx_word' id='word_1_310' title='bbox 1319 4420 1421 4489; x_wconf 83' lang='grc' dir='ltr'>τῆς</span> <span class='ocrx_word' id='word_1_311' title='bbox 1450 4417 1590 4475; x_wconf 88' lang='grc' dir='ltr'>Σιὼν</span> <span class='ocrx_word' id='word_1_312' title='bbox 1620 4418 1981 4490; x_wconf 82' lang='grc' dir='ltr'>ἐγκαινισμὺν</span> 
     </span>
    </p>
   </div>
   <div class='ocr_carea' id='block_1_49' title="bbox 413 4509 1985 4582">
    <p class='ocr_par' dir='ltr' id='par_1_49' title="bbox 413 4509 1985 4582">
     <span class='ocr_line' id='line_1_49' title="bbox 413 4509 1985 4582; baseline 0.003 -21"><span class='ocrx_word' id='word_1_313' title='bbox 413 4509 829 4581; x_wconf 80' lang='grc' dir='ltr'>προσδέχεσθαι,</span> <span class='ocrx_word' id='word_1_314' title='bbox 871 4510 1043 4565; x_wconf 87' lang='grc' dir='ltr'>ἐθνῶν</span> <span class='ocrx_word' id='word_1_315' title='bbox 1093 4511 1476 4582; x_wconf 82' lang='grc' dir='ltr'>προσέλευσιν,</span> <span class='ocrx_word' id='word_1_316' title='bbox 1534 4512 1630 4564; x_wconf 72' lang='grc' dir='ltr'><strong>καὶ</strong></span> <span class='ocrx_word' id='word_1_317' title='bbox 1675 4510 1785 4567; x_wconf 87' lang='grc' dir='ltr'><strong>τῶν</strong></span> <span class='ocrx_word' id='word_1_318' title='bbox 1837 4529 1985 4565; x_wconf 90' lang='grc' dir='ltr'>στοι-</span> 
     </span>
    </p>
   </div>
   <div class='ocr_carea' id='block_1_50' title="bbox 407 4601 1984 4676">
    <p class='ocr_par' dir='ltr' id='par_1_50' title="bbox 407 4601 1984 4676">
     <span class='ocr_line' id='line_1_50' title="bbox 407 4601 1984 4676; baseline 0.003 -23"><span class='ocrx_word' id='word_1_319' title='bbox 407 4601 572 4671; x_wconf 87' lang='grc' dir='ltr'>χείων</span> <span class='ocrx_word' id='word_1_320' title='bbox 605 4602 922 4657; x_wconf 79' lang='grc' dir='ltr'>συντέλειαν</span> <span class='ocrx_word' id='word_1_321' title='bbox 952 4620 967 4635; x_wconf 89' lang='grc'><strong>·</strong></span> <span class='ocrx_word' id='word_1_322' title='bbox 1002 4606 1097 4657; x_wconf 72' lang='grc' dir='ltr'><strong>καὶ</strong></span> <span class='ocrx_word' id='word_1_323' title='bbox 1121 4604 1450 4674; x_wconf 84' lang='grc' dir='ltr'>παραίνεσις</span> <span class='ocrx_word' id='word_1_324' title='bbox 1478 4604 1592 4668; x_wconf 83' lang='grc' dir='ltr'>τοῖς</span> <span class='ocrx_word' id='word_1_325' title='bbox 1626 4606 1872 4669; x_wconf 86' lang='grc' dir='ltr'>πιστοῖς,</span> <span class='ocrx_word' id='word_1_326' title='bbox 1907 4604 1984 4676; x_wconf 82' lang='grc' dir='ltr'>μὴ</span> 
     </span>
    </p>
   </div>
   <div class='ocr_carea' id='block_1_51' title="bbox 409 4691 1561 4765">
    <p class='ocr_par' dir='ltr' id='par_1_51' title="bbox 409 4691 1561 4765">
     <span class='ocr_line' id='line_1_51' title="bbox 409 4691 1561 4765; baseline 0.003 -21"><span class='ocrx_word' id='word_1_327' title='bbox 409 4691 692 4761; x_wconf 80' lang='grc' dir='ltr'>φοϐεῖσθαι</span> <span class='ocrx_word' id='word_1_328' title='bbox 720 4692 830 4747; x_wconf 90' lang='grc' dir='ltr'><strong>τῶν</strong></span> <span class='ocrx_word' id='word_1_329' title='bbox 854 4694 1101 4748; x_wconf 85' lang='grc' dir='ltr'>ἀπίστων</span> <span class='ocrx_word' id='word_1_330' title='bbox 1129 4696 1197 4747; x_wconf 67' lang='grc' dir='ltr'>τὰ</span> <span class='ocrx_word' id='word_1_331' title='bbox 1228 4692 1561 4765; x_wconf 84' lang='grc' dir='ltr'>σκώμματα.</span> 
     </span>
    </p>
   </div>
   <div class='ocr_carea' id='block_1_52' title="bbox 478 4801 1984 4876">
    <p class='ocr_par' dir='ltr' id='par_1_52' title="bbox 478 4801 1984 4876">
     <span class='ocr_line' id='line_1_52' title="bbox 478 4801 1984 4876; baseline -0.001 -19"><span class='ocrx_word' id='word_1_332' title='bbox 478 4801 542 4857; x_wconf 87' lang='lat' dir='ltr'><strong>o&#39;.</strong></span> <span class='ocrx_word' id='word_1_333' title='bbox 593 4803 953 4874; x_wconf 84' lang='grc' dir='ltr'>Παράκλησις</span> <span class='ocrx_word' id='word_1_334' title='bbox 981 4806 1045 4875; x_wconf 85' lang='grc' dir='ltr'>τῇ</span> <span class='ocrx_word' id='word_1_335' title='bbox 1087 4802 1463 4876; x_wconf 86' lang='grc' dir='ltr'>Ἰερουσαλὴμ,</span> <span class='ocrx_word' id='word_1_336' title='bbox 1496 4805 1571 4869; x_wconf 84' lang='grc' dir='ltr'>ὡς</span> <span class='ocrx_word' id='word_1_337' title='bbox 1614 4803 1747 4859; x_wconf 91' lang='grc' dir='ltr'>λαοῦ</span> <span class='ocrx_word' id='word_1_338' title='bbox 1787 4805 1984 4859; x_wconf 81' lang='grc' dir='ltr'>πιστοῦ</span> 
     </span>
    </p>
   </div>
   <div class='ocr_carea' id='block_1_53' title="bbox 407 4895 1985 4970">
    <p class='ocr_par' dir='ltr' id='par_1_53' title="bbox 407 4895 1985 4970">
     <span class='ocr_line' id='line_1_53' title="bbox 407 4895 1985 4970; baseline 0.001 -19"><span class='ocrx_word' id='word_1_339' title='bbox 407 4897 467 4951; x_wconf 82' lang='grc' dir='ltr'><strong>ἐν</strong></span> <span class='ocrx_word' id='word_1_340' title='bbox 494 4897 632 4968; x_wconf 76' lang='grc' dir='ltr'>αὐτῇ</span> <span class='ocrx_word' id='word_1_341' title='bbox 661 4895 1074 4952; x_wconf 82' lang='grc' dir='ltr'>συνελεύσεσθαι</span> <span class='ocrx_word' id='word_1_342' title='bbox 1110 4897 1414 4967; x_wconf 65' lang='grc' dir='ltr'>μέλλοντος</span> <span class='ocrx_word' id='word_1_343' title='bbox 1440 4899 1534 4952; x_wconf 75' lang='grc' dir='ltr'>καὶ</span> <span class='ocrx_word' id='word_1_344' title='bbox 1563 4899 1864 4970; x_wconf 79' lang='grc' dir='ltr'>προτροπὴ,</span> <span class='ocrx_word' id='word_1_345' title='bbox 1891 4901 1985 4954; x_wconf 75' lang='grc' dir='ltr'><strong>ἐπὶ</strong></span> 
     </span>
    </p>
   </div>
   <div class='ocr_carea' id='block_1_54' title="bbox 408 4988 1986 5062">
    <p class='ocr_par' dir='ltr' id='par_1_54' title="bbox 408 4988 1986 5062">
     <span class='ocr_line' id='line_1_54' title="bbox 408 4988 1986 5062; baseline 0.004 -22"><span class='ocrx_word' id='word_1_346' title='bbox 408 4988 528 5058; x_wconf 80' lang='grc' dir='ltr'><strong>8εῷ</strong></span> <span class='ocrx_word' id='word_1_347' title='bbox 566 4988 915 5042; x_wconf 78' lang='grc' dir='ltr'>πεποιθέναιο</span> <span class='ocrx_word' id='word_1_348' title='bbox 968 4989 1063 5041; x_wconf 81' lang='grc' dir='ltr'>καὶ</span> <span class='ocrx_word' id='word_1_349' title='bbox 1119 4988 1444 5060; x_wconf 84' lang='grc' dir='ltr'>ὑπόσχεσις,</span> <span class='ocrx_word' id='word_1_350' title='bbox 1495 4989 1593 5062; x_wconf 81' lang='grc' dir='ltr'>τὴν</span> <span class='ocrx_word' id='word_1_351' title='bbox 1637 4990 1758 5044; x_wconf 85' lang='grc' dir='ltr'>κατ’</span> <span class='ocrx_word' id='word_1_352' title='bbox 1814 4992 1986 5062; x_wconf 85' lang='grc' dir='ltr'>αὐτῆς</span> 
     </span>
    </p>
   </div>
   <div class='ocr_carea' id='block_1_55' title="bbox 408 5080 1479 5151">
    <p class='ocr_par' dir='ltr' id='par_1_55' title="bbox 408 5080 1479 5151">
     <span class='ocr_line' id='line_1_55' title="bbox 408 5080 1479 5151; baseline 0.003 -19"><span class='ocrx_word' id='word_1_353' title='bbox 408 5080 579 5149; x_wconf 83' lang='grc' dir='ltr'>ὀργὴν</span> <span class='ocrx_word' id='word_1_354' title='bbox 603 5080 746 5133; x_wconf 83' lang='grc' dir='ltr'>κατὰ</span> <span class='ocrx_word' id='word_1_355' title='bbox 781 5080 1052 5150; x_wconf 85' lang='grc' dir='ltr'>δαιμόνων</span> <span class='ocrx_word' id='word_1_356' title='bbox 1080 5080 1479 5151; x_wconf 82' lang='grc' dir='ltr'>τραπήσεσθαι.</span> 
     </span>
    </p>
   </div>
   <div class='ocr_carea' id='block_1_56' title="bbox 479 5192 1986 5266">
    <p class='ocr_par' dir='ltr' id='par_1_56' title="bbox 479 5192 1986 5266">
     <span class='ocr_line' id='line_1_56' title="bbox 479 5192 1986 5266; baseline 0.004 -23"><span class='ocrx_word' id='word_1_357' title='bbox 479 5196 581 5244; x_wconf 88' lang='grc' dir='ltr'>οα’.</span> <span class='ocrx_word' id='word_1_358' title='bbox 633 5193 967 5265; x_wconf 87' lang='grc' dir='ltr'>Παραίνεσις</span> <span class='ocrx_word' id='word_1_359' title='bbox 1020 5196 1087 5265; x_wconf 79' lang='grc' dir='ltr'>τῇ</span> <span class='ocrx_word' id='word_1_360' title='bbox 1143 5192 1316 5257; x_wconf 86' lang='grc' dir='ltr'>Σιὼν,</span> <span class='ocrx_word' id='word_1_361' title='bbox 1351 5193 1425 5256; x_wconf 89' lang='grc' dir='ltr'>ὡς</span> <span class='ocrx_word' id='word_1_362' title='bbox 1457 5193 1557 5265; x_wconf 82' lang='grc' dir='ltr'>τῆς</span> <span class='ocrx_word' id='word_1_363' title='bbox 1609 5194 1986 5266; x_wconf 80' lang='grc' dir='ltr'>αἰχμαλωσίας</span> 
     </span>
    </p>
   </div>
   <div class='ocr_carea' id='block_1_57' title="bbox 410 5272 1987 5358">
    <p class='ocr_par' dir='ltr' id='par_1_57' title="bbox 410 5272 1987 5358">
     <span class='ocr_line' id='line_1_57' title="bbox 410 5272 1987 5358; baseline 0.007 -25"><span class='ocrx_word' id='word_1_364' title='bbox 410 5280 681 5354; x_wconf 76' lang='grc' dir='ltr'>μελλούσῃ</span> <span class='ocrx_word' id='word_1_365' title='bbox 702 5272 1157 5338; x_wconf 84' lang='grc' dir='ltr'>ἀπαλλάττεσθαι·</span> <span class='ocrx_word' id='word_1_366' title='bbox 1183 5286 1277 5338; x_wconf 78' lang='grc' dir='ltr'>καὶ</span> <span class='ocrx_word' id='word_1_367' title='bbox 1302 5285 1630 5357; x_wconf 80' lang='grc' dir='ltr'>ἀνάμνησις,</span> <span class='ocrx_word' id='word_1_368' title='bbox 1651 5282 1738 5341; x_wconf 74' lang='grc' dir='ltr'>οἷα</span> <span class='ocrx_word' id='word_1_369' title='bbox 1769 5289 1987 5358; x_wconf 82' lang='grc' dir='ltr'>Ἰσραὴλ</span> 
     </span>
    </p>
   </div>
   <div class='ocr_carea' id='block_1_58' title="bbox 409 5370 1987 5453">
    <p class='ocr_par' dir='ltr' id='par_1_58' title="bbox 409 5370 1987 5453">
     <span class='ocr_line' id='line_1_58' title="bbox 409 5370 1987 5453; baseline 0.005 -26"><span class='ocrx_word' id='word_1_370' title='bbox 409 5378 438 5427; x_wconf 87' lang='grc' dir='ltr'><strong>ό</strong></span> <span class='ocrx_word' id='word_1_371' title='bbox 479 5370 708 5437; x_wconf 82' lang='grc' dir='ltr'>παλαιὸς</span> <span class='ocrx_word' id='word_1_372' title='bbox 752 5374 1015 5447; x_wconf 73' lang='grc' dir='ltr'>ὴνόμησε’</span> <span class='ocrx_word' id='word_1_373' title='bbox 1055 5378 1151 5430; x_wconf 79' lang='grc' dir='ltr'>καὶ</span> <span class='ocrx_word' id='word_1_374' title='bbox 1178 5378 1518 5451; x_wconf 79' lang='grc' dir='ltr'>πρόρρησις,</span> <span class='ocrx_word' id='word_1_375' title='bbox 1548 5379 1623 5443; x_wconf 85' lang='grc' dir='ltr'>ὡς</span> <span class='ocrx_word' id='word_1_376' title='bbox 1678 5381 1926 5453; x_wconf 82' lang='grc' dir='ltr'>ἐνδημῶν</span> <span class='ocrx_word' id='word_1_377' title='bbox 1959 5384 1987 5436; x_wconf 85' lang='grc' dir='ltr'>ὁ</span> 
     </span>
    </p>
   </div>
   <div class='ocr_carea' id='block_1_59' title="bbox 409 5463 1988 5543">
    <p class='ocr_par' dir='ltr' id='par_1_59' title="bbox 409 5463 1988 5543">
     <span class='ocr_line' id='line_1_59' title="bbox 409 5463 1988 5543; baseline 0.006 -25"><span class='ocrx_word' id='word_1_378' title='bbox 409 5463 640 5535; x_wconf 86' lang='grc' dir='ltr'>Χριστὸς</span> <span class='ocrx_word' id='word_1_379' title='bbox 671 5464 767 5518; x_wconf 79' lang='grc' dir='ltr'>καὶ</span> <span class='ocrx_word' id='word_1_380' title='bbox 791 5466 1049 5537; x_wconf 79' lang='grc' dir='ltr'>γνωρίζει</span> <span class='ocrx_word' id='word_1_381' title='bbox 1074 5469 1142 5522; x_wconf 80' lang='grc' dir='ltr'>τὰ</span> <span class='ocrx_word' id='word_1_382' title='bbox 1173 5470 1348 5524; x_wconf 81' lang='grc' dir='ltr'>οἰκεῖα</span> <span class='ocrx_word' id='word_1_383' title='bbox 1373 5472 1672 5543; x_wconf 83' lang='grc' dir='ltr'>μυστήρια,</span> <span class='ocrx_word' id='word_1_384' title='bbox 1693 5475 1789 5529; x_wconf 79' lang='grc' dir='ltr'><strong>καὶ</strong></span> <span class='ocrx_word' id='word_1_385' title='bbox 1813 5476 1988 5528; x_wconf 84' lang='grc' dir='ltr'>ἀπαλ-</span> 
     </span>
    </p>
   </div>
   <div class='ocr_carea' id='block_1_60' title="bbox 408 5555 1985 5638">
    <p class='ocr_par' dir='ltr' id='par_1_60' title="bbox 408 5555 1985 5638">
     <span class='ocr_line' id='line_1_60' title="bbox 408 5555 1985 5638; baseline 0.01 -31"><span class='ocrx_word' id='word_1_386' title='bbox 408 5555 581 5628; x_wconf 83' lang='grc' dir='ltr'>λαγὴν</span> <span class='ocrx_word' id='word_1_387' title='bbox 628 5555 808 5620; x_wconf 82' lang='grc' dir='ltr'>αὐτοῖς</span> <span class='ocrx_word' id='word_1_388' title='bbox 861 5556 963 5626; x_wconf 79' lang='grc' dir='ltr'>τῆς</span> <span class='ocrx_word' id='word_1_389' title='bbox 1010 5559 1245 5628; x_wconf 82' lang='grc' dir='ltr'>ἀρχαίας</span> <span class='ocrx_word' id='word_1_390' title='bbox 1293 5561 1649 5636; x_wconf 82' lang='grc' dir='ltr'>Ἰερουσαλὴμ</span> <span class='ocrx_word' id='word_1_391' title='bbox 1675 5566 1752 5632; x_wconf 84' lang='grc' dir='ltr'>ὡς</span> <span class='ocrx_word' id='word_1_392' title='bbox 1780 5585 1985 5638; x_wconf 77' lang='grc' dir='ltr'>τυγχα-</span> 
     </span>
    </p>
   </div>
   <div class='ocr_carea' id='block_1_61' title="bbox 410 5643 1287 5718">
    <p class='ocr_par' dir='ltr' id='par_1_61' title="bbox 410 5643 1287 5718">
     <span class='ocr_line' id='line_1_61' title="bbox 410 5643 1287 5718; baseline 0.001 -16"><span class='ocrx_word' id='word_1_393' title='bbox 410 5643 606 5718; x_wconf 84' lang='grc' dir='ltr'>νούσης</span> <span class='ocrx_word' id='word_1_394' title='bbox 635 5646 946 5718; x_wconf 83' lang='grc' dir='ltr'>ἀκαθάρτου</span> <span class='ocrx_word' id='word_1_395' title='bbox 981 5647 1287 5718; x_wconf 79' lang='grc' dir='ltr'>χαρίζεται.</span> 
     </span>
    </p>
   </div>
   <div class='ocr_carea' id='block_1_62' title="bbox 2075 432 3650 508">
    <p class='ocr_par' dir='ltr' id='par_1_62' title="bbox 2075 432 3650 508">
     <span class='ocr_line' id='line_1_62' title="bbox 2075 432 3650 508; baseline 0.008 -23"><span class='ocrx_word' id='word_1_396' title='bbox 2075 432 2322 487; x_wconf 83' lang='lat' dir='ltr'><strong>homines</strong></span> <span class='ocrx_word' id='word_1_397' title='bbox 2346 432 2787 488; x_wconf 78' lang='lat' dir='ltr'><strong>benevolentiam</strong></span> <span class='ocrx_word' id='word_1_398' title='bbox 2812 434 3083 490; x_wconf 69' lang='lat' dir='ltr'><strong>laetentur.</strong></span> <span class='ocrx_word' id='word_1_399' title='bbox 3110 436 3175 492; x_wconf 84' lang='lat' dir='ltr'><strong>Et</strong></span> <span class='ocrx_word' id='word_1_400' title='bbox 3202 441 3561 508; x_wconf 81' lang='lat' dir='ltr'><strong>reprehensio</strong></span> <span class='ocrx_word' id='word_1_401' title='bbox 3597 442 3650 497; x_wconf 92' lang='lat' dir='ltr'><strong>iu</strong></span> 
     </span>
    </p>
   </div>
   <div class='ocr_carea' id='block_1_63' title="bbox 2072 524 3652 600">
    <p class='ocr_par' dir='ltr' id='par_1_63' title="bbox 2072 524 3652 600">
     <span class='ocr_line' id='line_1_63' title="bbox 2072 524 3652 600; baseline 0.003 -20"><span class='ocrx_word' id='word_1_402' title='bbox 2072 540 2167 580; x_wconf 88' lang='lat' dir='ltr'><strong>eos</strong></span> <span class='ocrx_word' id='word_1_403' title='bbox 2194 525 2286 596; x_wconf 91' lang='lat' dir='ltr'><strong>qui</strong></span> <span class='ocrx_word' id='word_1_404' title='bbox 2322 524 2618 581; x_wconf 87' lang='lat' dir='ltr'><strong>detrahunt</strong></span> <span class='ocrx_word' id='word_1_405' title='bbox 2644 524 2865 582; x_wconf 76' lang='lat' dir='ltr'><strong>Christo</strong></span> <span class='ocrx_word' id='word_1_406' title='bbox 2894 527 2961 582; x_wconf 90' lang='lat' dir='ltr'><strong>de</strong></span> <span class='ocrx_word' id='word_1_407' title='bbox 2990 528 3077 584; x_wconf 87' lang='lat' dir='ltr'><strong>his</strong></span> <span class='ocrx_word' id='word_1_408' title='bbox 3102 544 3225 600; x_wconf 80' lang='lat' dir='ltr'><strong>qua:</strong></span> <span class='ocrx_word' id='word_1_409' title='bbox 3263 530 3501 597; x_wconf 77' lang='lat' dir='ltr'><strong>ordinat,</strong></span> <span class='ocrx_word' id='word_1_410' title='bbox 3528 548 3652 587; x_wconf 85' lang='lat' dir='ltr'><strong>cum</strong></span> 
     </span>
    </p>
   </div>
   <div class='ocr_carea' id='block_1_64' title="bbox 2074 619 3651 693">
    <p class='ocr_par' dir='ltr' id='par_1_64' title="bbox 2074 619 3651 693">
     <span class='ocr_line' id='line_1_64' title="bbox 2074 619 3651 693; baseline 0.004 -21"><span class='ocrx_word' id='word_1_411' title='bbox 2074 619 2458 690; x_wconf 72' lang='lat' dir='ltr'><strong>gloriﬁcandus</strong></span> <span class='ocrx_word' id='word_1_412' title='bbox 2483 619 2555 674; x_wconf 92' lang='lat' dir='ltr'><strong>sit</strong></span> <span class='ocrx_word' id='word_1_413' title='bbox 2594 627 2851 691; x_wconf 75' lang='lat' dir='ltr'><strong>tanquam</strong></span> <span class='ocrx_word' id='word_1_414' title='bbox 2888 621 3085 676; x_wconf 89' lang='lat' dir='ltr'><strong>unicus</strong></span> <span class='ocrx_word' id='word_1_415' title='bbox 3114 622 3283 677; x_wconf 81' lang='lat' dir='ltr'><strong>futuri</strong></span> <span class='ocrx_word' id='word_1_416' title='bbox 3318 623 3579 693; x_wconf 69' lang='lat' dir='ltr'><strong>praescius</strong></span> <span class='ocrx_word' id='word_1_417' title='bbox 3603 635 3651 678; x_wconf 75' lang='lat' dir='ltr'><strong>et</strong></span> 
     </span>
    </p>
   </div>
   <div class='ocr_carea' id='block_1_65' title="bbox 2075 713 3655 782">
    <p class='ocr_par' dir='ltr' id='par_1_65' title="bbox 2075 713 3655 782">
     <span class='ocr_line' id='line_1_65' title="bbox 2075 713 3655 782; baseline 0.003 -18"><span class='ocrx_word' id='word_1_418' title='bbox 2075 721 2312 776; x_wconf 84' lang='lat' dir='ltr'><strong>creator,</strong></span> <span class='ocrx_word' id='word_1_419' title='bbox 2347 719 2403 767; x_wconf 90' lang='lat' dir='ltr'><strong>et</strong></span> <span class='ocrx_word' id='word_1_420' title='bbox 2447 721 2739 782; x_wconf 80' lang='lat' dir='ltr'><strong>propterea</strong></span> <span class='ocrx_word' id='word_1_421' title='bbox 2779 713 2846 767; x_wconf 87' lang='lat' dir='ltr'><strong>ad</strong></span> <span class='ocrx_word' id='word_1_422' title='bbox 2877 726 3003 767; x_wconf 91' lang='lat' dir='ltr'><strong>eum</strong></span> <span class='ocrx_word' id='word_1_423' title='bbox 3039 722 3374 769; x_wconf 85' lang='lat' dir='ltr'><strong>concurrant</strong></span> <span class='ocrx_word' id='word_1_424' title='bbox 3394 714 3655 769; x_wconf 86' lang='lat' dir='ltr'><strong>nationes</strong></span> 
     </span>
    </p>
   </div>
   <div class='ocr_carea' id='block_1_66' title="bbox 2077 802 2544 858">
    <p class='ocr_par' dir='ltr' id='par_1_66' title="bbox 2077 802 2544 858">
     <span class='ocr_line' id='line_1_66' title="bbox 2077 802 2544 858; baseline 0 -2"><span class='ocrx_word' id='word_1_425' title='bbox 2077 802 2145 858; x_wconf 85' lang='lat' dir='ltr'><strong>ad</strong></span> <span class='ocrx_word' id='word_1_426' title='bbox 2179 802 2544 858; x_wconf 84' lang='lat' dir='ltr'><strong>adorandum.</strong></span> 
     </span>
    </p>
   </div>
   <div class='ocr_carea' id='block_1_67' title="bbox 2147 912 3657 980">
    <p class='ocr_par' dir='ltr' id='par_1_67' title="bbox 2147 912 3657 980">
     <span class='ocr_line' id='line_1_67' title="bbox 2147 912 3657 980; baseline 0.002 -14"><span class='ocrx_word' id='word_1_427' title='bbox 2147 912 2332 969; x_wconf 85' lang='lat' dir='ltr'><strong>LXIII.</strong></span> <span class='ocrx_word' id='word_1_428' title='bbox 2376 913 2703 971; x_wconf 82' lang='lat' dir='ltr'><strong>Vaticinium</strong></span> <span class='ocrx_word' id='word_1_429' title='bbox 2746 914 3116 970; x_wconf 88' lang='lat' dir='ltr'><strong>renovationis</strong></span> <span class='ocrx_word' id='word_1_430' title='bbox 3168 914 3559 980; x_wconf 74' lang='lat' dir='ltr'><strong>Ecclesnarum,</strong></span> <span class='ocrx_word' id='word_1_431' title='bbox 3603 925 3657 969; x_wconf 88' lang='lat' dir='ltr'><strong>et</strong></span> 
     </span>
    </p>
   </div>
   <div class='ocr_carea' id='block_1_68' title="bbox 2076 1006 3656 1076">
    <p class='ocr_par' dir='ltr' id='par_1_68' title="bbox 2076 1006 3656 1076">
     <span class='ocr_line' id='line_1_68' title="bbox 2076 1006 3656 1076; baseline -0.001 -17"><span class='ocrx_word' id='word_1_432' title='bbox 2076 1006 2353 1076; x_wconf 89' lang='lat' dir='ltr'><strong>quomodo</strong></span> <span class='ocrx_word' id='word_1_433' title='bbox 2384 1007 2658 1074; x_wconf 81' lang='lat' dir='ltr'><strong>Christus,</strong></span> <span class='ocrx_word' id='word_1_434' title='bbox 2683 1015 2743 1062; x_wconf 82' lang='lat' dir='ltr'><strong>ut</strong></span> <span class='ocrx_word' id='word_1_435' title='bbox 2770 1006 2912 1063; x_wconf 84' lang='lat' dir='ltr'><strong>Deus</strong></span> <span class='ocrx_word' id='word_1_436' title='bbox 2939 1016 2995 1062; x_wconf 86' lang='lat' dir='ltr'><strong>et</strong></span> <span class='ocrx_word' id='word_1_437' title='bbox 3015 1016 3250 1070; x_wconf 77' lang='lat' dir='ltr'><strong>creator,</strong></span> <span class='ocrx_word' id='word_1_438' title='bbox 3275 1006 3414 1062; x_wconf 84' lang='lat' dir='ltr'><strong>nihil</strong></span> <span class='ocrx_word' id='word_1_439' title='bbox 3439 1006 3656 1075; x_wconf 84' lang='lat' dir='ltr'><strong>quidem</strong></span> 
     </span>
    </p>
   </div>
   <div class='ocr_carea' id='block_1_69' title="bbox 2081 1097 3654 1169">
    <p class='ocr_par' dir='ltr' id='par_1_69' title="bbox 2081 1097 3654 1169">
     <span class='ocr_line' id='line_1_69' title="bbox 2081 1097 3654 1169; baseline 0 -18"><span class='ocrx_word' id='word_1_440' title='bbox 2081 1098 2203 1151; x_wconf 87' lang='lat' dir='ltr'><strong>vani</strong></span> <span class='ocrx_word' id='word_1_441' title='bbox 2233 1098 2298 1151; x_wconf 90' lang='lat' dir='ltr'><strong>ad</strong></span> <span class='ocrx_word' id='word_1_442' title='bbox 2330 1097 2493 1152; x_wconf 84' lang='lat' dir='ltr'><strong>Israel</strong></span> <span class='ocrx_word' id='word_1_443' title='bbox 2513 1098 2691 1168; x_wconf 85' lang='lat' dir='ltr'><strong>jubet,</strong></span> <span class='ocrx_word' id='word_1_444' title='bbox 2731 1108 2922 1169; x_wconf 76' lang='lat' dir='ltr'><strong>gentes</strong></span> <span class='ocrx_word' id='word_1_445' title='bbox 2959 1107 3142 1152; x_wconf 87' lang='lat' dir='ltr'><strong>autem</strong></span> <span class='ocrx_word' id='word_1_446' title='bbox 3174 1108 3333 1153; x_wconf 84' lang='lat' dir='ltr'><strong>vocat</strong></span> <span class='ocrx_word' id='word_1_447' title='bbox 3370 1108 3425 1152; x_wconf 89' lang='lat' dir='ltr'><strong>et</strong></span> <span class='ocrx_word' id='word_1_448' title='bbox 3449 1098 3654 1165; x_wconf 85' lang='lat' dir='ltr'><strong>salvat;</strong></span> 
     </span>
    </p>
   </div>
   <div class='ocr_carea' id='block_1_70' title="bbox 2081 1187 3658 1260">
    <p class='ocr_par' dir='ltr' id='par_1_70' title="bbox 2081 1187 3658 1260">
     <span class='ocr_line' id='line_1_70' title="bbox 2081 1187 3658 1260; baseline 0.001 -18"><span class='ocrx_word' id='word_1_449' title='bbox 2081 1198 2136 1242; x_wconf 91' lang='lat' dir='ltr'><strong>et</strong></span> <span class='ocrx_word' id='word_1_450' title='bbox 2172 1187 2275 1256; x_wconf 88' lang='lat' dir='ltr'><strong>ipsi</strong></span> <span class='ocrx_word' id='word_1_451' title='bbox 2323 1202 2484 1242; x_wconf 79' lang='lat' dir='ltr'><strong>omne</strong></span> <span class='ocrx_word' id='word_1_452' title='bbox 2528 1202 2671 1258; x_wconf 83' lang='lat' dir='ltr'><strong>genu</strong></span> <span class='ocrx_word' id='word_1_453' title='bbox 2712 1190 2995 1256; x_wconf 78' lang='lat' dir='ltr'><strong>ﬂectetur;</strong></span> <span class='ocrx_word' id='word_1_454' title='bbox 3051 1189 3193 1244; x_wconf 89' lang='lat' dir='ltr'><strong>idola</strong></span> <span class='ocrx_word' id='word_1_455' title='bbox 3244 1204 3375 1245; x_wconf 86' lang='lat' dir='ltr'><strong>vero</strong></span> <span class='ocrx_word' id='word_1_456' title='bbox 3416 1189 3486 1244; x_wconf 84' lang='lat' dir='ltr'><strong>ab</strong></span> <span class='ocrx_word' id='word_1_457' title='bbox 3537 1189 3658 1260; x_wconf 91' lang='lat' dir='ltr'><strong>ipso</strong></span> 
     </span>
    </p>
   </div>
   <div class='ocr_carea' id='block_1_71' title="bbox 2082 1280 3657 1351">
    <p class='ocr_par' dir='ltr' id='par_1_71' title="bbox 2082 1280 3657 1351">
     <span class='ocr_line' id='line_1_71' title="bbox 2082 1280 3657 1351; baseline 0.002 -17"><span class='ocrx_word' id='word_1_458' title='bbox 2082 1288 2456 1334; x_wconf 88' lang='lat' dir='ltr'><strong>conterentur.</strong></span> <span class='ocrx_word' id='word_1_459' title='bbox 2497 1280 2563 1334; x_wconf 69' lang='grc' dir='ltr'>ιιι</span> <span class='ocrx_word' id='word_1_460' title='bbox 2603 1281 2879 1336; x_wconf 85' lang='lat' dir='ltr'><strong>accusatio</strong></span> <span class='ocrx_word' id='word_1_461' title='bbox 2919 1280 3082 1336; x_wconf 89' lang='lat' dir='ltr'><strong>Israel</strong></span> <span class='ocrx_word' id='word_1_462' title='bbox 3120 1290 3346 1351; x_wconf 87' lang='lat' dir='ltr'><strong>propter</strong></span> <span class='ocrx_word' id='word_1_463' title='bbox 3387 1280 3657 1337; x_wconf 87' lang='lat' dir='ltr'><strong>idolorum</strong></span> 
     </span>
    </p>
   </div>
   <div class='ocr_carea' id='block_1_72' title="bbox 2079 1371 3655 1442">
    <p class='ocr_par' dir='ltr' id='par_1_72' title="bbox 2079 1371 3655 1442">
     <span class='ocr_line' id='line_1_72' title="bbox 2079 1371 3655 1442; baseline 0.003 -17"><span class='ocrx_word' id='word_1_464' title='bbox 2079 1387 2356 1438; x_wconf 86' lang='lat' dir='ltr'><strong>errorem;</strong></span> <span class='ocrx_word' id='word_1_465' title='bbox 2391 1382 2447 1426; x_wconf 91' lang='lat' dir='ltr'><strong>et</strong></span> <span class='ocrx_word' id='word_1_466' title='bbox 2473 1372 2778 1427; x_wconf 81' lang='lat' dir='ltr'><strong>exhortatio</strong></span> <span class='ocrx_word' id='word_1_467' title='bbox 2808 1374 2873 1428; x_wconf 90' lang='lat' dir='ltr'><strong>ad</strong></span> <span class='ocrx_word' id='word_1_468' title='bbox 2903 1374 3231 1427; x_wconf 91' lang='lat' dir='ltr'><strong>currendum</strong></span> <span class='ocrx_word' id='word_1_469' title='bbox 3254 1373 3321 1427; x_wconf 84' lang='lat' dir='ltr'><strong>ad</strong></span> <span class='ocrx_word' id='word_1_470' title='bbox 3354 1371 3655 1442; x_wconf 82' lang='lat' dir='ltr'><strong>Christum,</strong></span> 
     </span>
    </p>
   </div>
   <div class='ocr_carea' id='block_1_73' title="bbox 2079 1466 3660 1538">
    <p class='ocr_par' dir='ltr' id='par_1_73' title="bbox 2079 1466 3660 1538">
     <span class='ocr_line' id='line_1_73' title="bbox 2079 1466 3660 1538; baseline 0 -16"><span class='ocrx_word' id='word_1_471' title='bbox 2079 1469 2282 1538; x_wconf 87' lang='lat' dir='ltr'><strong>quippe</strong></span> <span class='ocrx_word' id='word_1_472' title='bbox 2315 1468 2405 1536; x_wconf 91' lang='lat' dir='ltr'><strong>qui</strong></span> <span class='ocrx_word' id='word_1_473' title='bbox 2439 1466 2852 1535; x_wconf 88' lang='lat' dir='ltr'><strong>dispensaturus</strong></span> <span class='ocrx_word' id='word_1_474' title='bbox 2886 1466 2958 1520; x_wconf 90' lang='lat' dir='ltr'><strong>sit</strong></span> <span class='ocrx_word' id='word_1_475' title='bbox 2993 1467 3248 1534; x_wconf 85' lang='lat' dir='ltr'><strong>mysteria</strong></span> <span class='ocrx_word' id='word_1_476' title='bbox 3288 1481 3409 1535; x_wconf 79' lang='lat' dir='ltr'><strong>quae</strong></span> <span class='ocrx_word' id='word_1_477' title='bbox 3462 1482 3660 1538; x_wconf 86' lang='lat' dir='ltr'><strong>propo-</strong></span> 
     </span>
    </p>
   </div>
   <div class='ocr_carea' id='block_1_74' title="bbox 2080 1557 2758 1615">
    <p class='ocr_par' dir='ltr' id='par_1_74' title="bbox 2080 1557 2758 1615">
     <span class='ocr_line' id='line_1_74' title="bbox 2080 1557 2758 1615; baseline -0.007 0"><span class='ocrx_word' id='word_1_478' title='bbox 2080 1560 2190 1615; x_wconf 91' lang='lat' dir='ltr'><strong>suit</strong></span> <span class='ocrx_word' id='word_1_479' title='bbox 2214 1559 2280 1614; x_wconf 89' lang='lat' dir='ltr'><strong>ad</strong></span> <span class='ocrx_word' id='word_1_480' title='bbox 2310 1557 2541 1615; x_wconf 80' lang='lat' dir='ltr'><strong>salutem</strong></span> <span class='ocrx_word' id='word_1_481' title='bbox 2571 1557 2758 1612; x_wconf 84' lang='lat' dir='ltr'><strong>Israel.</strong></span> 
     </span>
    </p>
   </div>
   <div class='ocr_carea' id='block_1_75' title="bbox 2146 1754 3659 1820">
    <p class='ocr_par' dir='ltr' id='par_1_75' title="bbox 2146 1754 3659 1820">
     <span class='ocr_line' id='line_1_75' title="bbox 2146 1754 3659 1820; baseline -0.002 -7"><span class='ocrx_word' id='word_1_482' title='bbox 2146 1756 2334 1813; x_wconf 73' lang='lat' dir='ltr'><strong>LXIV.</strong></span> <span class='ocrx_word' id='word_1_483' title='bbox 2375 1758 2651 1813; x_wconf 86' lang='lat' dir='ltr'><strong>AIlocutio</strong></span> <span class='ocrx_word' id='word_1_484' title='bbox 2680 1758 2747 1811; x_wconf 88' lang='lat' dir='ltr'><strong>ad</strong></span> <span class='ocrx_word' id='word_1_485' title='bbox 2772 1766 3013 1812; x_wconf 85' lang='lat' dir='ltr'><strong>veterem</strong></span> <span class='ocrx_word' id='word_1_486' title='bbox 3035 1754 3358 1820; x_wconf 81' lang='lat' dir='ltr'><strong>Jerusalem,</strong></span> <span class='ocrx_word' id='word_1_487' title='bbox 3390 1764 3450 1809; x_wconf 90' lang='lat' dir='ltr'><strong>ut</strong></span> <span class='ocrx_word' id='word_1_488' title='bbox 3474 1754 3659 1810; x_wconf 82' lang='lat' dir='ltr'><strong>doleat</strong></span> 
     </span>
    </p>
   </div>
   <div class='ocr_carea' id='block_1_76' title="bbox 2077 1848 3656 1923">
    <p class='ocr_par' dir='ltr' id='par_1_76' title="bbox 2077 1848 3656 1923">
     <span class='ocr_line' id='line_1_76' title="bbox 2077 1848 3656 1923; baseline -0.004 -14"><span class='ocrx_word' id='word_1_489' title='bbox 2077 1870 2232 1909; x_wconf 89' lang='lat' dir='ltr'><strong>suam</strong></span> <span class='ocrx_word' id='word_1_490' title='bbox 2270 1853 2630 1923; x_wconf 89' lang='lat' dir='ltr'><strong>impietatem,</strong></span> <span class='ocrx_word' id='word_1_491' title='bbox 2663 1851 2804 1905; x_wconf 90' lang='lat' dir='ltr'><strong>unde</strong></span> <span class='ocrx_word' id='word_1_492' title='bbox 2832 1849 2932 1921; x_wconf 88' lang='lat' dir='ltr'><strong>ipsi</strong></span> <span class='ocrx_word' id='word_1_493' title='bbox 2958 1849 3244 1921; x_wconf 83' lang='lat' dir='ltr'><strong>Babylonis</strong></span> <span class='ocrx_word' id='word_1_494' title='bbox 3274 1848 3489 1904; x_wconf 79' lang='lat' dir='ltr'><strong>induxit</strong></span> <span class='ocrx_word' id='word_1_495' title='bbox 3522 1848 3656 1919; x_wconf 77' lang='lat' dir='ltr'><strong>(Igu-</strong></span> 
     </span>
    </p>
   </div>
   <div class='ocr_carea' id='block_1_77' title="bbox 2078 1940 3659 2016">
    <p class='ocr_par' dir='ltr' id='par_1_77' title="bbox 2078 1940 3659 2016">
     <span class='ocr_line' id='line_1_77' title="bbox 2078 1940 3659 2016; baseline -0.003 -16"><span class='ocrx_word' id='word_1_496' title='bbox 2078 1962 2215 2012; x_wconf 90' lang='lat' dir='ltr'><strong>ram,</strong></span> <span class='ocrx_word' id='word_1_497' title='bbox 2276 1955 2531 2016; x_wconf 83' lang='lat' dir='ltr'><strong>tanquam</strong></span> <span class='ocrx_word' id='word_1_498' title='bbox 2582 1941 2860 1998; x_wconf 86' lang='lat' dir='ltr'><strong>imitatrici</strong></span> <span class='ocrx_word' id='word_1_499' title='bbox 2923 1941 3145 1996; x_wconf 65' lang='lat' dir='ltr'><strong>malitiae</strong></span> <span class='ocrx_word' id='word_1_500' title='bbox 3176 1941 3316 2012; x_wconf 83' lang='lat' dir='ltr'><strong>ejus.</strong></span> <span class='ocrx_word' id='word_1_501' title='bbox 3376 1940 3440 1996; x_wconf 84' lang='lat' dir='ltr'><strong>Et</strong></span> <span class='ocrx_word' id='word_1_502' title='bbox 3495 1941 3659 1995; x_wconf 68' lang='lat' dir='ltr'><strong>mina!</strong></span> 
     </span>
    </p>
   </div>
   <div class='ocr_carea' id='block_1_78' title="bbox 2078 2037 3456 2110">
    <p class='ocr_par' dir='ltr' id='par_1_78' title="bbox 2078 2037 3456 2110">
     <span class='ocr_line' id='line_1_78' title="bbox 2078 2037 3456 2110; baseline -0.004 -14"><span class='ocrx_word' id='word_1_503' title='bbox 2078 2041 2355 2097; x_wconf 87' lang='lat' dir='ltr'><strong>diabolum</strong></span> <span class='ocrx_word' id='word_1_504' title='bbox 2383 2039 2713 2095; x_wconf 86' lang='lat' dir='ltr'><strong>mittendum</strong></span> <span class='ocrx_word' id='word_1_505' title='bbox 2739 2038 2857 2094; x_wconf 79' lang='lat' dir='ltr'><strong>fore</strong></span> <span class='ocrx_word' id='word_1_506' title='bbox 2882 2037 2935 2093; x_wconf 91' lang='lat' dir='ltr'><strong>iu</strong></span> <span class='ocrx_word' id='word_1_507' title='bbox 2966 2037 3144 2110; x_wconf 79' lang='lat' dir='ltr'><strong>ignem</strong></span> <span class='ocrx_word' id='word_1_508' title='bbox 3174 2038 3456 2109; x_wconf 73' lang='lat' dir='ltr'><strong>gehennae.</strong></span> 
     </span>
    </p>
   </div>
   <div class='ocr_carea' id='block_1_79' title="bbox 2151 2233 3659 2309">
    <p class='ocr_par' dir='ltr' id='par_1_79' title="bbox 2151 2233 3659 2309">
     <span class='ocr_line' id='line_1_79' title="bbox 2151 2233 3659 2309; baseline -0.003 -15"><span class='ocrx_word' id='word_1_509' title='bbox 2151 2237 2313 2294; x_wconf 81' lang='lat' dir='ltr'><strong>LXV.</strong></span> <span class='ocrx_word' id='word_1_510' title='bbox 2366 2236 2660 2293; x_wconf 85' lang='lat' dir='ltr'><strong>Accusatio</strong></span> <span class='ocrx_word' id='word_1_511' title='bbox 2719 2236 3020 2309; x_wconf 86' lang='lat' dir='ltr'><strong>hypocrisis</strong></span> <span class='ocrx_word' id='word_1_512' title='bbox 3091 2244 3146 2290; x_wconf 90' lang='lat' dir='ltr'><strong>et</strong></span> <span class='ocrx_word' id='word_1_513' title='bbox 3205 2233 3419 2290; x_wconf 68' lang='lat' dir='ltr'><strong>duritia:</strong></span> <span class='ocrx_word' id='word_1_514' title='bbox 3475 2235 3659 2290; x_wconf 82' lang='lat' dir='ltr'><strong>ccrdis</strong></span> 
     </span>
    </p>
   </div>
   <div class='ocr_carea' id='block_1_80' title="bbox 2081 2324 3660 2398">
    <p class='ocr_par' dir='ltr' id='par_1_80' title="bbox 2081 2324 3660 2398">
     <span class='ocr_line' id='line_1_80' title="bbox 2081 2324 3660 2398; baseline -0.001 -13"><span class='ocrx_word' id='word_1_515' title='bbox 2081 2331 2265 2397; x_wconf 84' lang='lat' dir='ltr'><strong>Israel,</strong></span> <span class='ocrx_word' id='word_1_516' title='bbox 2299 2339 2355 2385; x_wconf 90' lang='lat' dir='ltr'><strong>et</strong></span> <span class='ocrx_word' id='word_1_517' title='bbox 2387 2329 2762 2385; x_wconf 89' lang='lat' dir='ltr'><strong>testimonium</strong></span> <span class='ocrx_word' id='word_1_518' title='bbox 2802 2324 3116 2383; x_wconf 53' lang='lat' dir='ltr'><strong>futurorum</strong></span> <span class='ocrx_word' id='word_1_519' title='bbox 3164 2326 3423 2383; x_wconf 68' lang='lat' dir='ltr'><strong>Ecclesiae</strong></span> <span class='ocrx_word' id='word_1_520' title='bbox 3468 2337 3660 2398; x_wconf 84' lang='lat' dir='ltr'><strong>myste-</strong></span> 
     </span>
    </p>
   </div>
   <div class='ocr_carea' id='block_1_81' title="bbox 2081 2420 3660 2491">
    <p class='ocr_par' dir='ltr' id='par_1_81' title="bbox 2081 2420 3660 2491">
     <span class='ocr_line' id='line_1_81' title="bbox 2081 2420 3660 2491; baseline 0 -14"><span class='ocrx_word' id='word_1_521' title='bbox 2081 2426 2284 2479; x_wconf 89' lang='lat' dir='ltr'><strong>riorum</strong></span> <span class='ocrx_word' id='word_1_522' title='bbox 2325 2431 2376 2477; x_wconf 88' lang='lat' dir='ltr'><strong>et</strong></span> <span class='ocrx_word' id='word_1_523' title='bbox 2419 2420 2633 2477; x_wconf 70' lang='lat' dir='ltr'><strong>Iudaici</strong></span> <span class='ocrx_word' id='word_1_524' title='bbox 2689 2420 2875 2491; x_wconf 89' lang='lat' dir='ltr'><strong>populi</strong></span> <span class='ocrx_word' id='word_1_525' title='bbox 2919 2420 3369 2487; x_wconf 87' lang='lat' dir='ltr'><strong>abalienationis;</strong></span> <span class='ocrx_word' id='word_1_526' title='bbox 3410 2426 3466 2475; x_wconf 88' lang='lat' dir='ltr'><strong>et</strong></span> <span class='ocrx_word' id='word_1_527' title='bbox 3512 2420 3660 2490; x_wconf 78' lang='lat' dir='ltr'><strong>quod</strong></span> 
     </span>
    </p>
   </div>
   <div class='ocr_carea' id='block_1_82' title="bbox 2080 2498 3651 2583">
    <p class='ocr_par' dir='ltr' id='par_1_82' title="bbox 2080 2498 3651 2583">
     <span class='ocr_line' id='line_1_82' title="bbox 2080 2498 3651 2583; baseline -0.001 -13"><span class='ocrx_word' id='word_1_528' title='bbox 2080 2514 2331 2570; x_wconf 82' lang='lat' dir='ltr'><strong>Christus</strong></span> <span class='ocrx_word' id='word_1_529' title='bbox 2347 2498 2432 2569; x_wconf 85' lang='lat' dir='ltr'><strong>est</strong></span> <span class='ocrx_word' id='word_1_530' title='bbox 2452 2521 2581 2568; x_wconf 88' lang='lat' dir='ltr'><strong>ante</strong></span> <span class='ocrx_word' id='word_1_531' title='bbox 2607 2513 2805 2568; x_wconf 68' lang='lat' dir='ltr'><strong>saecula</strong></span> <span class='ocrx_word' id='word_1_532' title='bbox 2833 2521 2889 2567; x_wconf 90' lang='lat' dir='ltr'><strong>et</strong></span> <span class='ocrx_word' id='word_1_533' title='bbox 2908 2513 2961 2566; x_wconf 89' lang='lat' dir='ltr'><strong>in</strong></span> <span class='ocrx_word' id='word_1_534' title='bbox 2991 2512 3175 2567; x_wconf 84' lang='lat' dir='ltr'><strong>ﬁnem.</strong></span> <span class='ocrx_word' id='word_1_535' title='bbox 3208 2510 3275 2567; x_wconf 89' lang='lat' dir='ltr'><strong>Et</strong></span> <span class='ocrx_word' id='word_1_536' title='bbox 3299 2513 3651 2583; x_wconf 83' lang='lat' dir='ltr'><strong>exprobratio</strong></span> 
     </span>
    </p>
   </div>
   <div class='ocr_carea' id='block_1_83' title="bbox 2080 2602 3659 2676">
    <p class='ocr_par' dir='ltr' id='par_1_83' title="bbox 2080 2602 3659 2676">
     <span class='ocr_line' id='line_1_83' title="bbox 2080 2602 3659 2676; baseline -0.001 -15"><span class='ocrx_word' id='word_1_537' title='bbox 2080 2608 2148 2661; x_wconf 84' lang='lat' dir='ltr'><strong>ad</strong></span> <span class='ocrx_word' id='word_1_538' title='bbox 2192 2606 2380 2671; x_wconf 87' lang='lat' dir='ltr'><strong>Israel,</strong></span> <span class='ocrx_word' id='word_1_539' title='bbox 2413 2620 2479 2661; x_wconf 92' lang='lat' dir='ltr'><strong>eo</strong></span> <span class='ocrx_word' id='word_1_540' title='bbox 2509 2606 2657 2676; x_wconf 87' lang='lat' dir='ltr'><strong>quod</strong></span> <span class='ocrx_word' id='word_1_541' title='bbox 2699 2620 2810 2660; x_wconf 88' lang='lat' dir='ltr'><strong>non</strong></span> <span class='ocrx_word' id='word_1_542' title='bbox 2844 2603 3171 2659; x_wconf 84' lang='lat' dir='ltr'><strong>obediverit.</strong></span> <span class='ocrx_word' id='word_1_543' title='bbox 3219 2602 3443 2660; x_wconf 77' lang='lat' dir='ltr'><strong>Vocatio</strong></span> <span class='ocrx_word' id='word_1_544' title='bbox 3473 2612 3659 2660; x_wconf 89' lang='lat' dir='ltr'><strong>autem</strong></span> 
     </span>
    </p>
   </div>
   <div class='ocr_carea' id='block_1_84' title="bbox 2082 2697 3327 2773">
    <p class='ocr_par' dir='ltr' id='par_1_84' title="bbox 2082 2697 3327 2773">
     <span class='ocr_line' id='line_1_84' title="bbox 2082 2697 3327 2773; baseline -0.002 -18"><span class='ocrx_word' id='word_1_545' title='bbox 2082 2700 2349 2773; x_wconf 78' lang='lat' dir='ltr'><strong>gentium,</strong></span> <span class='ocrx_word' id='word_1_546' title='bbox 2372 2708 2428 2756; x_wconf 91' lang='lat' dir='ltr'><strong>et</strong></span> <span class='ocrx_word' id='word_1_547' title='bbox 2450 2700 2742 2771; x_wconf 86' lang='lat' dir='ltr'><strong>promissio</strong></span> <span class='ocrx_word' id='word_1_548' title='bbox 2766 2698 2934 2754; x_wconf 82' lang='lat' dir='ltr'><strong>fontis</strong></span> <span class='ocrx_word' id='word_1_549' title='bbox 2962 2697 3327 2768; x_wconf 85' lang='lat' dir='ltr'><strong>baptismatis.</strong></span> 
     </span>
    </p>
   </div>
   <div class='ocr_carea' id='block_1_85' title="bbox 2154 2894 3661 2974">
    <p class='ocr_par' dir='ltr' id='par_1_85' title="bbox 2154 2894 3661 2974">
     <span class='ocr_line' id='line_1_85' title="bbox 2154 2894 3661 2974; baseline -0.007 -13"><span class='ocrx_word' id='word_1_550' title='bbox 2154 2904 2339 2960; x_wconf 83' lang='lat' dir='ltr'><strong>LXVI.</strong></span> <span class='ocrx_word' id='word_1_551' title='bbox 2384 2903 2608 2959; x_wconf 82' lang='lat' dir='ltr'><strong>Vocatio</strong></span> <span class='ocrx_word' id='word_1_552' title='bbox 2658 2902 2901 2974; x_wconf 82' lang='lat' dir='ltr'><strong>gentium</strong></span> <span class='ocrx_word' id='word_1_553' title='bbox 2950 2908 3006 2955; x_wconf 90' lang='lat' dir='ltr'><strong>et</strong></span> <span class='ocrx_word' id='word_1_554' title='bbox 3058 2895 3375 2953; x_wconf 88' lang='lat' dir='ltr'><strong>vaticinium</strong></span> <span class='ocrx_word' id='word_1_555' title='bbox 3436 2894 3661 2962; x_wconf 81' lang='lat' dir='ltr'><strong>Christi,</strong></span> 
     </span>
    </p>
   </div>
   <div class='ocr_carea' id='block_1_86' title="bbox 2086 2991 3662 3066">
    <p class='ocr_par' dir='ltr' id='par_1_86' title="bbox 2086 2991 3662 3066">
     <span class='ocr_line' id='line_1_86' title="bbox 2086 2991 3662 3066; baseline -0.005 -15"><span class='ocrx_word' id='word_1_556' title='bbox 2086 3008 2341 3066; x_wconf 76' lang='lat' dir='ltr'><strong>tanquam</strong></span> <span class='ocrx_word' id='word_1_557' title='bbox 2380 2996 2434 3049; x_wconf 92' lang='lat' dir='ltr'><strong>in</strong></span> <span class='ocrx_word' id='word_1_558' title='bbox 2472 2994 2701 3049; x_wconf 82' lang='lat' dir='ltr'><strong>formam</strong></span> <span class='ocrx_word' id='word_1_559' title='bbox 2727 2992 2871 3048; x_wconf 84' lang='lat' dir='ltr'><strong>servi</strong></span> <span class='ocrx_word' id='word_1_560' title='bbox 2903 2991 3144 3062; x_wconf 85' lang='lat' dir='ltr'><strong>seipsum</strong></span> <span class='ocrx_word' id='word_1_561' title='bbox 3175 2991 3229 3045; x_wconf 92' lang='lat' dir='ltr'><strong>in</strong></span> <span class='ocrx_word' id='word_1_562' title='bbox 3264 2991 3493 3045; x_wconf 87' lang='lat' dir='ltr'><strong>salutem</strong></span> <span class='ocrx_word' id='word_1_563' title='bbox 3525 3004 3662 3061; x_wconf 76' lang='lat' dir='ltr'><strong>gen-</strong></span> 
     </span>
    </p>
   </div>
   <div class='ocr_carea' id='block_1_87' title="bbox 2087 3082 3662 3157">
    <p class='ocr_par' dir='ltr' id='par_1_87' title="bbox 2087 3082 3662 3157">
     <span class='ocr_line' id='line_1_87' title="bbox 2087 3082 3662 3157; baseline -0.004 -12"><span class='ocrx_word' id='word_1_564' title='bbox 2087 3091 2220 3145; x_wconf 86' lang='lat' dir='ltr'><strong>tium</strong></span> <span class='ocrx_word' id='word_1_565' title='bbox 2269 3086 2667 3151; x_wconf 89' lang='lat' dir='ltr'><strong>annuntiautis,</strong></span> <span class='ocrx_word' id='word_1_566' title='bbox 2719 3096 2775 3140; x_wconf 87' lang='lat' dir='ltr'><strong>et</strong></span> <span class='ocrx_word' id='word_1_567' title='bbox 2819 3099 2943 3140; x_wconf 91' lang='lat' dir='ltr'><strong>eam</strong></span> <span class='ocrx_word' id='word_1_568' title='bbox 2989 3082 3356 3153; x_wconf 86' lang='lat' dir='ltr'><strong>dispensantis</strong></span> <span class='ocrx_word' id='word_1_569' title='bbox 3416 3091 3662 3157; x_wconf 85' lang='lat' dir='ltr'><strong>tempore</strong></span> 
     </span>
    </p>
   </div>
   <div class='ocr_carea' id='block_1_88' title="bbox 2084 3190 2415 3254">
    <p class='ocr_par' dir='ltr' id='par_1_88' title="bbox 2084 3190 2415 3254">
     <span class='ocr_line' id='line_1_88' title="bbox 2084 3190 2415 3254; baseline -0.009 -16"><span class='ocrx_word' id='word_1_570' title='bbox 2084 3190 2415 3254; x_wconf 84' lang='lat' dir='ltr'><strong>opportuno.</strong></span> 
     </span>
    </p>
   </div>
   <div class='ocr_carea' id='block_1_89' title="bbox 2158 3267 3663 3339">
    <p class='ocr_par' dir='ltr' id='par_1_89' title="bbox 2158 3267 3663 3339">
     <span class='ocr_line' id='line_1_89' title="bbox 2158 3267 3663 3339; baseline -0.007 -9"><span class='ocrx_word' id='word_1_571' title='bbox 2158 3274 2367 3330; x_wconf 84' lang='lat' dir='ltr'><strong>LXVII.</strong></span> <span class='ocrx_word' id='word_1_572' title='bbox 2403 3272 2675 3329; x_wconf 84' lang='lat' dir='ltr'><strong>Allocutio</strong></span> <span class='ocrx_word' id='word_1_573' title='bbox 2704 3270 2773 3325; x_wconf 88' lang='lat' dir='ltr'><strong>ad</strong></span> <span class='ocrx_word' id='word_1_574' title='bbox 2806 3271 3077 3325; x_wconf 82' lang='lat' dir='ltr'><strong>elementa</strong></span> <span class='ocrx_word' id='word_1_575' title='bbox 3102 3274 3162 3323; x_wconf 86' lang='lat' dir='ltr'><strong>ut</strong></span> <span class='ocrx_word' id='word_1_576' title='bbox 3184 3267 3421 3339; x_wconf 88' lang='lat' dir='ltr'><strong>jubilent</strong></span> <span class='ocrx_word' id='word_1_577' title='bbox 3440 3274 3663 3337; x_wconf 84' lang='lat' dir='ltr'><strong>propter</strong></span> 
     </span>
    </p>
   </div>
   <div class='ocr_carea' id='block_1_90' title="bbox 2086 3359 3664 3434">
    <p class='ocr_par' dir='ltr' id='par_1_90' title="bbox 2086 3359 3664 3434">
     <span class='ocr_line' id='line_1_90' title="bbox 2086 3359 3664 3434; baseline -0.008 -9"><span class='ocrx_word' id='word_1_578' title='bbox 2086 3371 2371 3425; x_wconf 87' lang='lat' dir='ltr'><strong>hominum</strong></span> <span class='ocrx_word' id='word_1_579' title='bbox 2413 3367 2665 3433; x_wconf 85' lang='lat' dir='ltr'><strong>salutem,</strong></span> <span class='ocrx_word' id='word_1_580' title='bbox 2697 3374 2753 3420; x_wconf 90' lang='lat' dir='ltr'><strong>et</strong></span> <span class='ocrx_word' id='word_1_581' title='bbox 2772 3362 3060 3434; x_wconf 89' lang='lat' dir='ltr'><strong>promissio</strong></span> <span class='ocrx_word' id='word_1_582' title='bbox 3076 3361 3273 3417; x_wconf 64' lang='lat' dir='ltr'><strong>futurae</strong></span> <span class='ocrx_word' id='word_1_583' title='bbox 3315 3359 3664 3415; x_wconf 79' lang='lat' dir='ltr'><strong>fecunditatis</strong></span> 
     </span>
    </p>
   </div>
   <div class='ocr_carea' id='block_1_91' title="bbox 2084 3448 3661 3531">
    <p class='ocr_par' dir='ltr' id='par_1_91' title="bbox 2084 3448 3661 3531">
     <span class='ocr_line' id='line_1_91' title="bbox 2084 3448 3661 3531; baseline -0.008 -17"><span class='ocrx_word' id='word_1_584' title='bbox 2084 3468 2139 3515; x_wconf 91' lang='lat' dir='ltr'><strong>et</strong></span> <span class='ocrx_word' id='word_1_585' title='bbox 2175 3458 2414 3531; x_wconf 80' lang='lat' dir='ltr'><strong>gentium</strong></span> <span class='ocrx_word' id='word_1_586' title='bbox 2450 3453 2913 3525; x_wconf 79' lang='lat' dir='ltr'><strong>congregationis,</strong></span> <span class='ocrx_word' id='word_1_587' title='bbox 2957 3461 3013 3507; x_wconf 92' lang='lat' dir='ltr'><strong>et</strong></span> <span class='ocrx_word' id='word_1_588' title='bbox 3063 3450 3262 3507; x_wconf 88' lang='lat' dir='ltr'><strong>diaboli</strong></span> <span class='ocrx_word' id='word_1_589' title='bbox 3298 3448 3661 3519; x_wconf 86' lang='lat' dir='ltr'><strong>spoliationis,</strong></span> 
     </span>
    </p>
   </div>
   <div class='ocr_carea' id='block_1_92' title="bbox 2084 3540 3663 3617">
    <p class='ocr_par' dir='ltr' id='par_1_92' title="bbox 2084 3540 3663 3617">
     <span class='ocr_line' id='line_1_92' title="bbox 2084 3540 3663 3617; baseline -0.009 -10"><span class='ocrx_word' id='word_1_590' title='bbox 2084 3552 2394 3607; x_wconf 67' lang='lat' dir='ltr'><strong>daemonum</strong></span> <span class='ocrx_word' id='word_1_591' title='bbox 2454 3558 2636 3604; x_wconf 87' lang='lat' dir='ltr'><strong>autem</strong></span> <span class='ocrx_word' id='word_1_592' title='bbox 2678 3544 3023 3617; x_wconf 86' lang='lat' dir='ltr'><strong>perditionis,</strong></span> <span class='ocrx_word' id='word_1_593' title='bbox 3069 3552 3124 3599; x_wconf 88' lang='lat' dir='ltr'><strong>et</strong></span> <span class='ocrx_word' id='word_1_594' title='bbox 3174 3541 3415 3597; x_wconf 80' lang='lat' dir='ltr'><strong>ﬁdelium</strong></span> <span class='ocrx_word' id='word_1_595' title='bbox 3451 3540 3663 3595; x_wconf 86' lang='lat' dir='ltr'><strong>redem-</strong></span> 
     </span>
    </p>
   </div>
   <div class='ocr_carea' id='block_1_93' title="bbox 2084 3642 2307 3713">
    <p class='ocr_par' dir='ltr' id='par_1_93' title="bbox 2084 3642 2307 3713">
     <span class='ocr_line' id='line_1_93' title="bbox 2084 3642 2307 3713; baseline -0.013 -16"><span class='ocrx_word' id='word_1_596' title='bbox 2084 3642 2307 3713; x_wconf 83' lang='lat' dir='ltr'><strong>ptionis.</strong></span> 
     </span>
    </p>
   </div>
   <div class='ocr_carea' id='block_1_94' title="bbox 2155 3743 3663 3821">
    <p class='ocr_par' dir='ltr' id='par_1_94' title="bbox 2155 3743 3663 3821">
     <span class='ocr_line' id='line_1_94' title="bbox 2155 3743 3663 3821; baseline -0.007 -14"><span class='ocrx_word' id='word_1_597' title='bbox 2155 3751 2386 3809; x_wconf 78' lang='lat' dir='ltr'><strong>LXVIII.</strong></span> <span class='ocrx_word' id='word_1_598' title='bbox 2413 3747 2776 3821; x_wconf 83' lang='lat' dir='ltr'><strong>Exprobratio</strong></span> <span class='ocrx_word' id='word_1_599' title='bbox 2787 3748 2854 3802; x_wconf 90' lang='lat' dir='ltr'><strong>ad</strong></span> <span class='ocrx_word' id='word_1_600' title='bbox 2880 3743 3065 3808; x_wconf 89' lang='lat' dir='ltr'><strong>Israel,</strong></span> <span class='ocrx_word' id='word_1_601' title='bbox 3090 3753 3143 3800; x_wconf 90' lang='lat' dir='ltr'><strong>et</strong></span> <span class='ocrx_word' id='word_1_602' title='bbox 3161 3744 3455 3816; x_wconf 58' lang='lat' dir='ltr'><strong>Synagoga‘.</strong></span> <span class='ocrx_word' id='word_1_603' title='bbox 3473 3759 3663 3799; x_wconf 83' lang='lat' dir='ltr'><strong>eorum</strong></span> 
     </span>
    </p>
   </div>
   <div class='ocr_carea' id='block_1_95' title="bbox 2083 3834 3664 3916">
    <p class='ocr_par' dir='ltr' id='par_1_95' title="bbox 2083 3834 3664 3916">
     <span class='ocr_line' id='line_1_95' title="bbox 2083 3834 3664 3916; baseline -0.006 -17"><span class='ocrx_word' id='word_1_604' title='bbox 2083 3844 2372 3916; x_wconf 79' lang='lat' dir='ltr'><strong>abnegatio</strong></span> <span class='ocrx_word' id='word_1_605' title='bbox 2413 3851 2512 3908; x_wconf 90' lang='lat' dir='ltr'><strong>;et</strong></span> <span class='ocrx_word' id='word_1_606' title='bbox 2537 3839 2936 3896; x_wconf 87' lang='lat' dir='ltr'><strong>demonstratio</strong></span> <span class='ocrx_word' id='word_1_607' title='bbox 2973 3836 3232 3908; x_wconf 68' lang='lat' dir='ltr'><strong>potentia:</strong></span> <span class='ocrx_word' id='word_1_608' title='bbox 3266 3834 3398 3899; x_wconf 84' lang='lat' dir='ltr'><strong>Dei,</strong></span> <span class='ocrx_word' id='word_1_609' title='bbox 3436 3844 3492 3890; x_wconf 88' lang='lat' dir='ltr'><strong>et</strong></span> <span class='ocrx_word' id='word_1_610' title='bbox 3522 3834 3664 3889; x_wconf 89' lang='lat' dir='ltr'><strong>vati-</strong></span> 
     </span>
    </p>
   </div>
   <div class='ocr_carea' id='block_1_96' title="bbox 2084 3928 3667 4003">
    <p class='ocr_par' dir='ltr' id='par_1_96' title="bbox 2084 3928 3667 4003">
     <span class='ocr_line' id='line_1_96' title="bbox 2084 3928 3667 4003; baseline -0.006 -11"><span class='ocrx_word' id='word_1_611' title='bbox 2084 3937 2289 3992; x_wconf 89' lang='lat' dir='ltr'><strong>cinium</strong></span> <span class='ocrx_word' id='word_1_612' title='bbox 2325 3934 2536 3989; x_wconf 90' lang='lat' dir='ltr'><strong>Domini</strong></span> <span class='ocrx_word' id='word_1_613' title='bbox 2561 3932 2899 4003; x_wconf 89' lang='lat' dir='ltr'><strong>passionum,</strong></span> <span class='ocrx_word' id='word_1_614' title='bbox 2936 3939 2992 3985; x_wconf 90' lang='lat' dir='ltr'><strong>et</strong></span> <span class='ocrx_word' id='word_1_615' title='bbox 3022 3929 3184 3985; x_wconf 65' lang='lat' dir='ltr'><strong>minae</strong></span> <span class='ocrx_word' id='word_1_616' title='bbox 3218 3931 3274 3983; x_wconf 91' lang='lat' dir='ltr'><strong>in</strong></span> <span class='ocrx_word' id='word_1_617' title='bbox 3309 3928 3551 3993; x_wconf 64' lang='lat' dir='ltr'><strong>Judmos,</strong></span> <span class='ocrx_word' id='word_1_618' title='bbox 3603 3936 3667 3983; x_wconf 77' lang='lat' dir='ltr'><strong>ut</strong></span> 
     </span>
    </p>
   </div>
   <div class='ocr_carea' id='block_1_97' title="bbox 2083 4020 3397 4098">
    <p class='ocr_par' dir='ltr' id='par_1_97' title="bbox 2083 4020 3397 4098">
     <span class='ocr_line' id='line_1_97' title="bbox 2083 4020 3397 4098; baseline -0.005 -16"><span class='ocrx_word' id='word_1_619' title='bbox 2083 4027 2175 4098; x_wconf 91' lang='lat' dir='ltr'><strong>qui</strong></span> <span class='ocrx_word' id='word_1_620' title='bbox 2202 4026 2305 4096; x_wconf 91' lang='lat' dir='ltr'><strong>ipsi</strong></span> <span class='ocrx_word' id='word_1_621' title='bbox 2345 4024 2448 4081; x_wconf 89' lang='lat' dir='ltr'><strong>sibi</strong></span> <span class='ocrx_word' id='word_1_622' title='bbox 2479 4022 2794 4095; x_wconf 84' lang='lat' dir='ltr'><strong>paraverint</strong></span> <span class='ocrx_word' id='word_1_623' title='bbox 2821 4038 2976 4078; x_wconf 90' lang='lat' dir='ltr'><strong>suam</strong></span> <span class='ocrx_word' id='word_1_624' title='bbox 3007 4020 3397 4091; x_wconf 87' lang='lat' dir='ltr'><strong>perditionem.</strong></span> 
     </span>
    </p>
   </div>
   <div class='ocr_carea' id='block_1_98' title="bbox 2082 4224 3662 4294">
    <p class='ocr_par' dir='ltr' id='par_1_98' title="bbox 2082 4224 3662 4294">
     <span class='ocr_line' id='line_1_98' title="bbox 2082 4224 3662 4294; baseline -0.006 -5"><span class='ocrx_word' id='word_1_625' title='bbox 2158 4232 2346 4289; x_wconf 84' lang='lat' dir='ltr'><strong>LXIX.</strong></span> <span class='ocrx_word' id='word_1_626' title='bbox 2382 4231 2651 4287; x_wconf 79' lang='lat' dir='ltr'><strong>Allocutio</strong></span> <span class='ocrx_word' id='word_1_627' title='bbox 2677 4229 2745 4285; x_wconf 88' lang='lat' dir='ltr'><strong>ad</strong></span> <span class='ocrx_word' id='word_1_628' title='bbox 2769 4228 2956 4294; x_wconf 85' lang='lat' dir='ltr'><strong>Israel,</strong></span> <span class='ocrx_word' id='word_1_629' title='bbox 2994 4235 3055 4282; x_wconf 92' lang='lat' dir='ltr'><strong>ut</strong></span> <span class='ocrx_word' id='word_1_630' title='bbox 3109 4226 3356 4282; x_wconf 88' lang='lat' dir='ltr'><strong>attendat</strong></span> <span class='ocrx_word' id='word_1_631' title='bbox 3384 4224 3662 4280; x_wconf 88' lang='lat' dir='ltr'><strong>miraculis</strong></span> 
     </span>
    </p>
   </div>
   <div class='ocr_carea' id='block_1_99' title="bbox 2087 4317 3657 4399">
    <p class='ocr_par' dir='ltr' id='par_1_99' title="bbox 2087 4317 3657 4399">
     <span class='ocr_line' id='line_1_99' title="bbox 2087 4317 3657 4399; baseline -0.009 -14"><span class='ocrx_word' id='word_1_632' title='bbox 2087 4328 2322 4399; x_wconf 87' lang='lat' dir='ltr'><strong>sepulcri</strong></span> <span class='ocrx_word' id='word_1_633' title='bbox 2377 4325 2592 4381; x_wconf 89' lang='lat' dir='ltr'><strong>Domini</strong></span> <span class='ocrx_word' id='word_1_634' title='bbox 2619 4333 2675 4380; x_wconf 92' lang='lat' dir='ltr'><strong>et</strong></span> <span class='ocrx_word' id='word_1_635' title='bbox 2716 4324 2986 4379; x_wconf 88' lang='lat' dir='ltr'><strong>rationem</strong></span> <span class='ocrx_word' id='word_1_636' title='bbox 3017 4322 3216 4376; x_wconf 79' lang='lat' dir='ltr'><strong>habent</strong></span> <span class='ocrx_word' id='word_1_637' title='bbox 3256 4317 3657 4375; x_wconf 88' lang='lat' dir='ltr'><strong>benedictionis</strong></span> 
     </span>
    </p>
   </div>
   <div class='ocr_carea' id='block_1_100' title="bbox 2084 4412 3661 4487">
    <p class='ocr_par' dir='ltr' id='par_1_100' title="bbox 2084 4412 3661 4487">
     <span class='ocr_line' id='line_1_100' title="bbox 2084 4412 3661 4487; baseline -0.008 -10"><span class='ocrx_word' id='word_1_638' title='bbox 2084 4421 2348 4487; x_wconf 77' lang='lat' dir='ltr'><strong>Abrahte;</strong></span> <span class='ocrx_word' id='word_1_639' title='bbox 2383 4418 2793 4474; x_wconf 87' lang='lat' dir='ltr'><strong>reuovationem</strong></span> <span class='ocrx_word' id='word_1_640' title='bbox 2823 4417 2976 4482; x_wconf 90' lang='lat' dir='ltr'><strong>Sion,</strong></span> <span class='ocrx_word' id='word_1_641' title='bbox 3002 4416 3244 4486; x_wconf 77' lang='lat' dir='ltr'><strong>gentium</strong></span> <span class='ocrx_word' id='word_1_642' title='bbox 3268 4412 3661 4475; x_wconf 86' lang='lat' dir='ltr'><strong>accessionem,</strong></span> 
     </span>
    </p>
   </div>
   <div class='ocr_carea' id='block_1_101' title="bbox 2085 4503 3669 4574">
    <p class='ocr_par' dir='ltr' id='par_1_101' title="bbox 2085 4503 3669 4574">
     <span class='ocr_line' id='line_1_101' title="bbox 2085 4503 3669 4574; baseline -0.006 -5"><span class='ocrx_word' id='word_1_643' title='bbox 2085 4523 2141 4569; x_wconf 90' lang='lat' dir='ltr'><strong>et</strong></span> <span class='ocrx_word' id='word_1_644' title='bbox 2176 4512 2572 4568; x_wconf 82' lang='lat' dir='ltr'><strong>elementorum</strong></span> <span class='ocrx_word' id='word_1_645' title='bbox 2596 4508 3126 4564; x_wconf 90' lang='lat' dir='ltr'><strong>consummationem</strong></span> <span class='ocrx_word' id='word_1_646' title='bbox 3157 4512 3455 4574; x_wconf 82' lang='lat' dir='ltr'><strong>exspectat.</strong></span> <span class='ocrx_word' id='word_1_647' title='bbox 3479 4503 3546 4558; x_wconf 87' lang='lat' dir='ltr'><strong>Et</strong></span> <span class='ocrx_word' id='word_1_648' title='bbox 3563 4518 3669 4561; x_wconf 79' lang='lat' dir='ltr'><strong>ex-</strong></span> 
     </span>
    </p>
   </div>
   <div class='ocr_carea' id='block_1_102' title="bbox 2086 4594 3664 4662">
    <p class='ocr_par' dir='ltr' id='par_1_102' title="bbox 2086 4594 3664 4662">
     <span class='ocr_line' id='line_1_102' title="bbox 2086 4594 3664 4662; baseline -0.006 -1"><span class='ocrx_word' id='word_1_649' title='bbox 2086 4604 2327 4662; x_wconf 86' lang='lat' dir='ltr'><strong>hortatio</strong></span> <span class='ocrx_word' id='word_1_650' title='bbox 2358 4602 2422 4658; x_wconf 86' lang='lat' dir='ltr'><strong>ad</strong></span> <span class='ocrx_word' id='word_1_651' title='bbox 2456 4601 2640 4656; x_wconf 84' lang='lat' dir='ltr'><strong>ﬁdeles</strong></span> <span class='ocrx_word' id='word_1_652' title='bbox 2673 4609 2734 4654; x_wconf 92' lang='lat' dir='ltr'><strong>ut</strong></span> <span class='ocrx_word' id='word_1_653' title='bbox 2757 4598 3164 4654; x_wconf 88' lang='lat' dir='ltr'><strong>incredulorum</strong></span> <span class='ocrx_word' id='word_1_654' title='bbox 3195 4595 3427 4651; x_wconf 86' lang='lat' dir='ltr'><strong>ludibria</strong></span> <span class='ocrx_word' id='word_1_655' title='bbox 3459 4609 3570 4649; x_wconf 89' lang='lat' dir='ltr'><strong>non</strong></span> <span class='ocrx_word' id='word_1_656' title='bbox 3601 4594 3664 4651; x_wconf 85' lang='lat' dir='ltr'><strong>ti-</strong></span> 
     </span>
    </p>
   </div>
   <div class='ocr_carea' id='block_1_103' title="bbox 2085 4705 2292 4752">
    <p class='ocr_par' dir='ltr' id='par_1_103' title="bbox 2085 4705 2292 4752">
     <span class='ocr_line' id='line_1_103' title="bbox 2085 4705 2292 4752; baseline -0.01 0"><span class='ocrx_word' id='word_1_657' title='bbox 2085 4705 2292 4752; x_wconf 87' lang='lat' dir='ltr'><strong>meant.</strong></span> 
     </span>
    </p>
   </div>
   <div class='ocr_carea' id='block_1_104' title="bbox 2155 4800 3664 4870">
    <p class='ocr_par' dir='ltr' id='par_1_104' title="bbox 2155 4800 3664 4870">
     <span class='ocr_line' id='line_1_104' title="bbox 2155 4800 3664 4870; baseline -0.007 -6"><span class='ocrx_word' id='word_1_658' title='bbox 2155 4807 2318 4864; x_wconf 88' lang='lat' dir='ltr'><strong>LXX.</strong></span> <span class='ocrx_word' id='word_1_659' title='bbox 2352 4806 2668 4863; x_wconf 84' lang='lat' dir='ltr'><strong>Consolatio</strong></span> <span class='ocrx_word' id='word_1_660' title='bbox 2692 4804 2758 4860; x_wconf 91' lang='lat' dir='ltr'><strong>ad</strong></span> <span class='ocrx_word' id='word_1_661' title='bbox 2786 4802 3109 4869; x_wconf 84' lang='lat' dir='ltr'><strong>Jerusalem,</strong></span> <span class='ocrx_word' id='word_1_662' title='bbox 3132 4817 3195 4858; x_wconf 89' lang='lat' dir='ltr'><strong>ex</strong></span> <span class='ocrx_word' id='word_1_663' title='bbox 3221 4816 3288 4855; x_wconf 92' lang='lat' dir='ltr'><strong>eo</strong></span> <span class='ocrx_word' id='word_1_664' title='bbox 3311 4800 3454 4870; x_wconf 92' lang='lat' dir='ltr'><strong>quod</strong></span> <span class='ocrx_word' id='word_1_665' title='bbox 3490 4812 3664 4868; x_wconf 82' lang='lat' dir='ltr'><strong>popu-</strong></span> 
     </span>
    </p>
   </div>
   <div class='ocr_carea' id='block_1_105' title="bbox 2084 4889 3664 4962">
    <p class='ocr_par' dir='ltr' id='par_1_105' title="bbox 2084 4889 3664 4962">
     <span class='ocr_line' id='line_1_105' title="bbox 2084 4889 3664 4962; baseline -0.008 -3"><span class='ocrx_word' id='word_1_666' title='bbox 2084 4905 2172 4960; x_wconf 90' lang='lat' dir='ltr'><strong>Ius</strong></span> <span class='ocrx_word' id='word_1_667' title='bbox 2198 4902 2370 4958; x_wconf 83' lang='lat' dir='ltr'><strong>ﬁdelis</strong></span> <span class='ocrx_word' id='word_1_668' title='bbox 2394 4901 2451 4955; x_wconf 91' lang='lat' dir='ltr'><strong>in</strong></span> <span class='ocrx_word' id='word_1_669' title='bbox 2482 4915 2601 4956; x_wconf 87' lang='lat' dir='ltr'><strong>eam</strong></span> <span class='ocrx_word' id='word_1_670' title='bbox 2633 4905 2896 4954; x_wconf 88' lang='lat' dir='ltr'><strong>venturus</strong></span> <span class='ocrx_word' id='word_1_671' title='bbox 2930 4896 3021 4962; x_wconf 90' lang='lat' dir='ltr'><strong>sit,</strong></span> <span class='ocrx_word' id='word_1_672' title='bbox 3053 4902 3108 4950; x_wconf 91' lang='lat' dir='ltr'><strong>et</strong></span> <span class='ocrx_word' id='word_1_673' title='bbox 3135 4893 3442 4949; x_wconf 81' lang='lat' dir='ltr'><strong>exhortatio</strong></span> <span class='ocrx_word' id='word_1_674' title='bbox 3469 4901 3527 4945; x_wconf 91' lang='lat' dir='ltr'><strong>ut</strong></span> <span class='ocrx_word' id='word_1_675' title='bbox 3550 4889 3664 4946; x_wconf 89' lang='lat' dir='ltr'><strong>Deo</strong></span> 
     </span>
    </p>
   </div>
   <div class='ocr_carea' id='block_1_106' title="bbox 2086 4987 3660 5063">
    <p class='ocr_par' dir='ltr' id='par_1_106' title="bbox 2086 4987 3660 5063">
     <span class='ocr_line' id='line_1_106' title="bbox 2086 4987 3660 5063; baseline -0.008 -14"><span class='ocrx_word' id='word_1_676' title='bbox 2086 4996 2291 5059; x_wconf 89' lang='lat' dir='ltr'><strong>credat,</strong></span> <span class='ocrx_word' id='word_1_677' title='bbox 2314 5001 2369 5047; x_wconf 90' lang='lat' dir='ltr'><strong>et</strong></span> <span class='ocrx_word' id='word_1_678' title='bbox 2392 4990 2687 5063; x_wconf 88' lang='lat' dir='ltr'><strong>promissio</strong></span> <span class='ocrx_word' id='word_1_679' title='bbox 2708 4987 2853 5059; x_wconf 91' lang='lat' dir='ltr'><strong>quod</strong></span> <span class='ocrx_word' id='word_1_680' title='bbox 2887 4988 2966 5041; x_wconf 89' lang='lat' dir='ltr'><strong>ira</strong></span> <span class='ocrx_word' id='word_1_681' title='bbox 2994 5000 3115 5055; x_wconf 66' lang='lat' dir='ltr'><strong>quae</strong></span> <span class='ocrx_word' id='word_1_682' title='bbox 3153 4993 3343 5040; x_wconf 88' lang='lat' dir='ltr'><strong>contra</strong></span> <span class='ocrx_word' id='word_1_683' title='bbox 3372 4997 3493 5037; x_wconf 87' lang='lat' dir='ltr'><strong>eam</strong></span> <span class='ocrx_word' id='word_1_684' title='bbox 3522 4991 3660 5048; x_wconf 88' lang='lat' dir='ltr'><strong>erat,</strong></span> 
     </span>
    </p>
   </div>
   <div class='ocr_carea' id='block_1_107' title="bbox 2087 5087 2861 5141">
    <p class='ocr_par' dir='ltr' id='par_1_107' title="bbox 2087 5087 2861 5141">
     <span class='ocr_line' id='line_1_107' title="bbox 2087 5087 2861 5141; baseline -0.009 0"><span class='ocrx_word' id='word_1_685' title='bbox 2087 5087 2141 5141; x_wconf 90' lang='lat' dir='ltr'><strong>in</strong></span> <span class='ocrx_word' id='word_1_686' title='bbox 2171 5087 2448 5141; x_wconf 66' lang='lat' dir='ltr'><strong>daemones</strong></span> <span class='ocrx_word' id='word_1_687' title='bbox 2482 5091 2861 5139; x_wconf 85' lang='lat' dir='ltr'><strong>convertetur.</strong></span> 
     </span>
    </p>
   </div>
   <div class='ocr_carea' id='block_1_108' title="bbox 2158 5186 3662 5261">
    <p class='ocr_par' dir='ltr' id='par_1_108' title="bbox 2158 5186 3662 5261">
     <span class='ocr_line' id='line_1_108' title="bbox 2158 5186 3662 5261; baseline -0.008 -7"><span class='ocrx_word' id='word_1_688' title='bbox 2158 5198 2345 5254; x_wconf 85' lang='lat' dir='ltr'><strong>LXXI.</strong></span> <span class='ocrx_word' id='word_1_689' title='bbox 2377 5197 2695 5253; x_wconf 78' lang='lat' dir='ltr'><strong>Exhortatio</strong></span> <span class='ocrx_word' id='word_1_690' title='bbox 2729 5195 2796 5251; x_wconf 91' lang='lat' dir='ltr'><strong>ad</strong></span> <span class='ocrx_word' id='word_1_691' title='bbox 2829 5193 2959 5250; x_wconf 83' lang='lat' dir='ltr'><strong>Sion</strong></span> <span class='ocrx_word' id='word_1_692' title='bbox 3013 5201 3267 5261; x_wconf 86' lang='lat' dir='ltr'><strong>tauquam</strong></span> <span class='ocrx_word' id='word_1_693' title='bbox 3294 5205 3324 5243; x_wconf 88' lang='lat' dir='ltr'><strong>a</strong></span> <span class='ocrx_word' id='word_1_694' title='bbox 3348 5186 3662 5258; x_wconf 75' lang='lat' dir='ltr'><strong>captivitate</strong></span> 
     </span>
    </p>
   </div>
   <div class='ocr_carea' id='block_1_109' title="bbox 2084 5281 3658 5356">
    <p class='ocr_par' dir='ltr' id='par_1_109' title="bbox 2084 5281 3658 5356">
     <span class='ocr_line' id='line_1_109' title="bbox 2084 5281 3658 5356; baseline -0.008 -10"><span class='ocrx_word' id='word_1_695' title='bbox 2084 5290 2420 5347; x_wconf 87' lang='lat' dir='ltr'><strong>liberandam</strong></span> <span class='ocrx_word' id='word_1_696' title='bbox 2446 5307 2460 5356; x_wconf 88' lang='lat'><strong>;</strong></span> <span class='ocrx_word' id='word_1_697' title='bbox 2480 5298 2537 5343; x_wconf 90' lang='lat' dir='ltr'><strong>et</strong></span> <span class='ocrx_word' id='word_1_698' title='bbox 2558 5287 2939 5343; x_wconf 87' lang='lat' dir='ltr'><strong>rememoratio</strong></span> <span class='ocrx_word' id='word_1_699' title='bbox 2955 5293 3155 5355; x_wconf 88' lang='lat' dir='ltr'><strong>quanta</strong></span> <span class='ocrx_word' id='word_1_700' title='bbox 3178 5291 3333 5338; x_wconf 89' lang='lat' dir='ltr'><strong>vetus</strong></span> <span class='ocrx_word' id='word_1_701' title='bbox 3350 5281 3509 5336; x_wconf 76' lang='lat' dir='ltr'><strong>Israel</strong></span> <span class='ocrx_word' id='word_1_702' title='bbox 3533 5294 3658 5350; x_wconf 88' lang='lat' dir='ltr'><strong>pec-</strong></span> 
     </span>
    </p>
   </div>
   <div class='ocr_carea' id='block_1_110' title="bbox 2086 5373 3659 5451">
    <p class='ocr_par' dir='ltr' id='par_1_110' title="bbox 2086 5373 3659 5451">
     <span class='ocr_line' id='line_1_110' title="bbox 2086 5373 3659 5451; baseline -0.006 -13"><span class='ocrx_word' id='word_1_703' title='bbox 2086 5383 2313 5446; x_wconf 79' lang='lat' dir='ltr'><strong>caverit,</strong></span> <span class='ocrx_word' id='word_1_704' title='bbox 2363 5390 2419 5437; x_wconf 90' lang='lat' dir='ltr'><strong>et</strong></span> <span class='ocrx_word' id='word_1_705' title='bbox 2473 5380 2756 5451; x_wconf 67' lang='lat' dir='ltr'><strong>praedictio</strong></span> <span class='ocrx_word' id='word_1_706' title='bbox 2785 5379 3062 5434; x_wconf 88' lang='lat' dir='ltr'><strong>Christum</strong></span> <span class='ocrx_word' id='word_1_707' title='bbox 3103 5377 3157 5431; x_wconf 89' lang='lat' dir='ltr'><strong>in</strong></span> <span class='ocrx_word' id='word_1_708' title='bbox 3192 5390 3290 5429; x_wconf 90' lang='lat' dir='ltr'><strong>sua</strong></span> <span class='ocrx_word' id='word_1_709' title='bbox 3349 5373 3659 5428; x_wconf 87' lang='lat' dir='ltr'><strong>venientem</strong></span> 
     </span>
    </p>
   </div>
   <div class='ocr_carea' id='block_1_111' title="bbox 2087 5467 3661 5546">
    <p class='ocr_par' dir='ltr' id='par_1_111' title="bbox 2087 5467 3661 5546">
     <span class='ocr_line' id='line_1_111' title="bbox 2087 5467 3661 5546; baseline -0.005 -14"><span class='ocrx_word' id='word_1_710' title='bbox 2087 5475 2484 5546; x_wconf 82' lang='lat' dir='ltr'><strong>patefacturum</strong></span> <span class='ocrx_word' id='word_1_711' title='bbox 2515 5488 2613 5528; x_wconf 89' lang='lat' dir='ltr'><strong>sua</strong></span> <span class='ocrx_word' id='word_1_712' title='bbox 2647 5472 2924 5544; x_wconf 88' lang='lat' dir='ltr'><strong>mysteria,</strong></span> <span class='ocrx_word' id='word_1_713' title='bbox 2956 5478 3011 5527; x_wconf 90' lang='lat' dir='ltr'><strong>et</strong></span> <span class='ocrx_word' id='word_1_714' title='bbox 3031 5470 3112 5525; x_wconf 89' lang='lat' dir='ltr'><strong>eis</strong></span> <span class='ocrx_word' id='word_1_715' title='bbox 3141 5467 3518 5523; x_wconf 83' lang='lat' dir='ltr'><strong>liberationem</strong></span> <span class='ocrx_word' id='word_1_716' title='bbox 3560 5479 3661 5524; x_wconf 78' lang='lat' dir='ltr'><strong>ve-</strong></span> 
     </span>
    </p>
   </div>
   <div class='ocr_carea' id='block_1_112' title="bbox 2088 5561 3465 5641">
    <p class='ocr_par' dir='ltr' id='par_1_112' title="bbox 2088 5561 3465 5641">
     <span class='ocr_line' id='line_1_112' title="bbox 2088 5561 3465 5641; baseline -0.007 -17"><span class='ocrx_word' id='word_1_717' title='bbox 2088 5568 2219 5625; x_wconf 87' lang='lat' dir='ltr'><strong>teris</strong></span> <span class='ocrx_word' id='word_1_718' title='bbox 2246 5566 2547 5625; x_wconf 80' lang='lat' dir='ltr'><strong>Jerusalem</strong></span> <span class='ocrx_word' id='word_1_719' title='bbox 2584 5577 2840 5641; x_wconf 81' lang='lat' dir='ltr'><strong>tanquam</strong></span> <span class='ocrx_word' id='word_1_720' title='bbox 2870 5564 3090 5635; x_wconf 62' lang='lat' dir='ltr'><strong>pollutae</strong></span> <span class='ocrx_word' id='word_1_721' title='bbox 3120 5561 3465 5633; x_wconf 79' lang='lat' dir='ltr'><strong>largiturum.</strong></span> 
     </span>
    </p>
   </div>
  </div>
