4038 6226
411 345 549 410 1383

1593 330 1953 391 IlESYCllll
1997 325 2469 388 PRESBYTERI

3532 315 3667 378 1384

484 455 696 520 LXXII,
722 447 1052 507 Vaticinium
1087 445 1272 517 gloriae
1301 443 1505 498 Christi
1557 452 1613 495 et
1642 442 1761 512 ejus
1793 441 1846 494 in
1884 456 1979 495 sua

2154 412 2259 504 οβ’.
2282 431 2597 505 Προφήτεία
2618 433 2717 500 τῆς
2748 428 2843 483 τοῦ
2880 427 3117 498 Χριστοῦ
3147 425 3450 497 δόξης,’κα“ι
3479 425 3577 495 τῆς
3609 432 3666 479 ἐν

411 549 667 619 passione
690 538 1079 598 humiliationis
1094 556 1109 605 ;
1124 547 1177 593 et
1196 535 1472 607 quomodo
1494 542 1718 605 propter
1749 543 1986 587 uestram

413 640 643 694 salutem
677 635 919 705 seipsum
954 631 1012 686 in
1039 629 1318 686 victimam
1345 627 1587 691 tradidit,
1611 641 1772 697 quam
1805 625 1982 687 Pater,

410 740 724 787 nostrorum
768 733 1118 798 peccatorum
1173 721 1600 792 redemptionem
1646 720 1986 790 dispensans,

411 823 646 894 benigne
675 819 906 890 excepit.

483 910 715 967 LXXIII.
747 909 1033 966 Praedictio
1054 907 1235 980 gaudii
1269 915 1324 961 et
1352 904 1674 960 incrementi
1708 902 1987 967 Ecclesiae.

413 1014 471 1059 et
492 1001 892 1072 quod,modico
930 1010 1175 1068 tempore
1208 996 1584 1068 castigationis
1617 1010 1781 1051 causa
1812 1011 1843 1048 a
1878 994 1989 1047 Deo

415 1095 693 1157 derelicta,
719 1092 1172 1161 reprehendetur.
1191 1091 1259 1145 Et
1286 1089 1586 1160 prophetia:
1617 1086 1804 1158 gloriae
1834 1100 1990 1140 nova:

410 1182 708 1237 Jenisalem
743 1179 964 1245 tutum,
985 1187 1040 1233 et
1067 1179 1372 1232 daemonum
1399 1175 1502 1246 ipsi
1533 1175 1872 1257 infensorum
1890 1175 1990 1229 de-

413 1276 754 1333 structionis.

483 1444 719 1502 LXXIV.
738 1443 1096 1499 Anauntiatio
1130 1441 1463 1497 hereditatis
1480 1439 1745 1510 gentium,
1760 1446 1816 1493 et
1838 1453 1993 1507 aqua:

418 1540 680 1611 mysticae,
711 1548 766 1591 et
788 1537 1011 1592 hederis
1035 1533 1353 1604 evangelici,
1390 1542 1446 1587 et
1475 1530 1810 1586 adoratiouis
1835 1529 1994 1584 Chri-

421 1634 490 1686 sti
522 1648 551 1685 a
601 1631 873 1701 gentibus.
928 1629 996 1681 Et
1036 1627 1340 1681 exhortatio
1389 1627 1455 1680 ad
1490 1623 1892 1694 paenitentiam,
1940 1631 1995 1677 et

418 1722 710 1794 promissio
733 1720 1092 1774 multitudinis
1113 1720 1378 1772 bonorum
1414 1733 1512 1786 per
1540 1731 1683 1769 eam.

2089 527 2202 587 τοῖς
2234 523 2439 594 πάθησι
2480 519 2703 593 [ἔθνεσι]
2748 518 3172 582 ταπεινώσεως·
3227 517 3323 570 καὶ
3371 517 3519 579 ὅπως
3568 517 3668 586 τῆς

2086 615 2367 687 ἡμετέρας
2395 614 2560 667 ἕνεκα
2599 613 2873 682 σωτηρίας
2918 610 3109 663 ἑαυτὸν
3138 612 3217 673 είς
3246 609 3440 663 Θυσίαν
3464 608 3669 662 ἐπέδω-

2088 721 2202 760 κεν·
2235 707 2302 776 ἢν
2331 707 2359 758 ὁ
2389 705 2598 774 Πατὴρ,
2634 703 2734 773 τὴν
2784 702 2891 755 τῶν
2934 701 3221 772 ἡμετέρων
3256 700 3670 771 ἁμαρτημάτων

2087 799 2359 871 λύτρωσιν
2387 796 2711 868 οἰκονομῶν,
2743 796 3025 863 εὑδόκησε.

2159 888 2259 958 ογ¹.
2311 889 2703 960 Προσφώνησις
2759 891 2824 959 τῇ
2867 887 3162 958 Ἐκκλησία
3229 889 3401 957 χαρᾶς
3454 902 3513 938 τε
3573 885 3669 937 καὶ⁸

2090 983 2409 1052 αὐξήσεως·
2463 981 2558 1035 καὶ
2616 982 2698 1034 ὅτι
2746 983 2937 1053 χρόνον
2989 981 3166 1049 ὀλίγον
3206 981 3391 1032 ἕνεκεν
3424 978 3669 1040 παιδείας

2090 1074 2519 1153 καταλειφθείσα
2565 1075 2718 1143 παρὰ
2777 1074 2912 1128 Θεοῦ
2962 1072 3493 1143 προσμεμφθήσεται
3522 1087 3538 1103 ·
3574 1071 3671 1124 καὶ

2090 1168 2397 1237 προφητεία
2430 1168 2527 1234 τῆς
2563 1166 2827 1234 ἐσομένης
2862 1170 2927 1237 τῇ
2966 1167 3059 1236 νέᾳ
3094 1162 3452 1235 Ἰερουσαλὴμ
3486 1162 3667 1231 δόξης,

2092 1259 2187 1312 καὶ
2240 1260 2542 1327 δαιμόνων,
2589 1259 2697 1311 τῶν
2749 1258 3148 1327 ἐκθραινὸντων
3201 1253 3670 1328 [ἐχθραινόντων]

2094 1349 2230 1419 πρὸς
2263 1350 2452 1420 αὐτὴν,
2489 1350 2870 1419 ὀλοθρεῦσεως.

2162 1440 2255 1495 οδ’.
2317 1441 2646 1509 Ἐπαγγελία
2700 1441 3068 1514 κληρονομίας
3116 1439 3309 1504 ἐθνῶν,
3344 1438 3436 1492 καὶ
3482 1437 3672 1500 ὓδατος

2094 1533 2384 1605 μυστικοῦ,
2416 1534 2512 1587 καὶ
2552 1534 2819 1605 διαθήκης
2848 1533 3231 1602 εὑαγγελικῆς,
3273 1533 3364 1586 καὶ
3396 1530 3565 1585 ἐθνῶν
3592 1531 3672 1591 είς

2092 1627 2329 1698 Χριστὸν
2369 1626 2827 1699 προσκυνήσεως·
2878 1627 2972 1699 καὶ
3022 1624 3307 1696 προτροπὴ
3360 1623 3670 1694 μετανοίας,

2095 1721 2189 1773 καὶ
2220 1719 2439 1789 ἀγαθῶν
2486 1720 2724 1788 πλήθους
2755 1720 2844 1772 διὰ
2872 1719 3077 1788 ταύτης
3109 1717 3421 1787 ὑπόσχεσις.

485 1810 696 1866 LXXV.
728 1810 1036 1865 Declaratio
1066 1826 1165 1880 pro
1203 1809 1452 1864 Sabhatis
1496 1808 1590 1862 Dei
1622 1807 1794 1862 teneri
1824 1806 1994 1861 absti-

2164 1818 2259 1866 σε’.
2310 1811 2610 1879 Ἀπόιρασις
2651 1811 2797 1865 Θεοῦ·
2832 1811 3126 1867 Σαδόἁτων
3162 1808 3410 1880 ἡγεῖσθαι
3433 1808 3532 1879 τὴν
3564 1807 3674 1860 τῶν

418 1905 660 1960 nentiam
691 1920 721 1956 a
755 1902 915 1966 malo,
943 1911 1000 1956 et
1027 1902 1166 1956 ultra
1199 1901 1430 1954 ﬁliorum
1465 1898 1867 1971 generationem
1900 1898 1995 1951 ha-

418 1995 532 2051 beri
551 1994 690 2064 apud
715 1994 888 2063 ipsum
913 1994 1288 2049 mandatorum
1316 1989 1993 2044 rectamobservationem.

420 2086 488 2141 Et
520 2084 796 2141 accusatio
838 2083 1022 2148 Israel,
1055 2099 1120 2137 eo
1154 2082 1296 2152 quod
1330 2082 1502 2151 legem
1533 2094 1641 2133 non
1684 2078 1896 2143 fecerit,
1944 2084 1998 2130 et

421 2177 770 2235 dissolutioni
801 2192 860 2231 se
887 2175 1121 2231 dederit.
1632 2156 1634 2159 V

480 2289 1006 2347 LXXVlAcousatio
1026 2287 1354 2350 Iudaeorum,
1372 2285 1463 2356 qui
1480 2282 1800 2354 perniciem,
1814 2295 1997 2352 quam,
2056 2305 2062 2311 -

421 2385 638 2441 Christo
667 2385 900 2455 perdito,
935 2382 1254 2445 subierunt,
1295 2394 1407 2435 non
1438 2376 1845 2440 intellexerunt,
1882 2372 2000 2427 ido-

424 2479 492 2535 lis
512 2488 694 2533 autem
730 2492 790 2533 se
821 2476 1093 2531 dederunt
1125 2489 1140 2540 ;
1164 2480 1219 2527 et
1259 2480 1484 2543 propter
1510 2469 1820 2539 superbiam
1844 2483 1873 2521 a
1892 2466 2002 2521 Deo

421 2570 759 2628 defecerunt.
788 2568 854 2624 Et
894 2564 1238 2637 exprobratio
1273 2562 1572 2618 Jerusalem
1600 2561 1888 2617 simulacra
1911 2574 2002 2613 su-

424 2663 705 2735 praDeum
737 2660 1002 2715 timentis.
1019 2657 1086 2713 Et
1116 2656 1412 2728 promissio
1441 2655 1619 2710 salvos
1647 2652 1762 2707 fore
1793 2652 2000 2707 ﬁdclcs.

494 2861 752 2920 LXXVII.
779 2862 1013 2917 Jubetur
1046 2860 1326 2931 propheta:
1358 2859 1668 2914 Judzeorum
1717 2858 1857 2913 mala
1906 2858 2002 2912 de-

426 2957 687 3021 nuntiare
712 2973 728 3023 ;
753 2965 809 3011 et
837 2954 1063 3024 exponit
1089 2953 1235 3009 Deus
1267 2969 1370 3022 qua
1403 2952 1469 3007 de
1492 2967 1659 3005 causa
1690 2951 2002 3006 Judaeorum

2096 1902 2282 1954 κακῶν
2313 1901 2543 1972 ἀποχὴν.
2583 1903 2676 1953 καὶ
2699 1902 2837 1974 ὑπὲρ
2881 1901 3226 1970 τεκνογονίαν
3256 1899 3520 1970 τιμᾶσθαι
3546 1899 3674 1967 παρ’

2097 1993 2244 2062 αὑτῴ
2271 1993 2380 2047 τῶν
2418 1994 2647 2047 ἐντολῶν
2692 1994 2790 2064 τὴν
2837 1994 3195 2064 κατόρθωσιν·
3229 1994 3324 2050 καὶ
3370 1991 3677 2062 κατηγορία

2097 2084 2190 2137 τοῦ
2228 2086 2464 2156 Ἰσραὴλ,
2498 2085 2573 2149 ὡς
2607 2087 2730 2138 οὔτε
2754 2087 2844 2139 τὸν
2874 2087 3037 2155 νόμον
3070 2084 3372 2154 μειοῦντος,
3401 2083 3496 2139 καὶ
3527 2084 3675 2137 ἀσω-

2096 2176 2190 2247 τίᾳ
2218 2177 2587 2247 σχολάζοντος.
3486 2168 3493 2174 ’

2173 2299 2280 2356 og’.
2314 2294 2641 2363 Κατηγορία
2682 2292 2789 2349 τῶν
2833 2292 3105 2350 Ἰουδαίων
3151 2293 3225 2363 μή
3257 2291 3553 2346 συνιέντων
3576 2290 3677 2361 τὴν

2105 2383 2332 2454 βλάϐην,
2362 2385 2428 2454 ἢν
2458 2385 2549 2439 τὸν
2571 2386 2807 2455 Χριστὸν
2839 2385 3209 2455 ζημιωθέντες
3237 2385 3574 2456 ὑπέστησαν,
3598 2387 3677 2437 εί-

2101 2475 2291 2538 δώλοις
2339 2477 2396 2529 δέ
2451 2477 2850 2547 σχολασάντων,
2889 2478 2983 2531 καὶ
3016 2477 3085 2531 δι’
3117 2477 3494 2546 ὑπερηφανίαν
3541 2477 3679 2530 ἀπο-

2106 2570 2347 2623 στάντων
2372 2568 2528 2621 Θεοῦ·
2557 2571 2650 2622 καὶ
2678 2570 2979 2641 ὀνειδισμὸς
3005 2571 3105 2640 τῆς
3138 2570 3509 2640 Ἰερουσαλὴμ,
3542 2569 3681 2640 ὑπὲρ

2102 2659 2194 2713 τὸν
2223 2660 2355 2714 Θεὸν
2386 2660 2723 2731 φοϐηθείσης
2757 2661 2824 2715 τὰ
2863 2662 3074 2717 εἴδωλα·
3110 2662 3206 2716 καὶ
3235 2663 3549 2733 ὑπόσχεσις,
3588 2661 3682 2717 τὸν

2104 2754 2295 2807 πιστὶν
2332 2754 2698 2824 σωθήσεσθαι.

2172 2861 2271 2926 οξ.
2314 2861 2655 2934 Πρόσταγμα
2707 2862 2786 2933 τῷ
2833 2862 3090 2934 προφήτῃ
3134 2863 3202 2919 τὰ
3252 2863 3363 2919 τῶν
3410 2864 3683 2925 Ἰουδαίων

2106 2954 2344 3026 κηρῦξαι
2378 2956 2559 3011 κακά’
2593 2955 2688 3009 καὶ
2723 2956 2983 3026 ἐξήγησις
3034 2954 3129 3009 τοῦ
3166 2952 3324 3015 Θεοῦ,
3379 2956 3526 3019 τίνος
3586 2956 3685 3026 μὲν

421 3050 694 3121 jejunium
733 3047 1018 3116 abiecerit,
1067 3046 1224 3119 quale
1248 3044 1518 3115 jejunium
1561 3044 1665 3099 sihi
1719 3054 2001 3112 acceptum

2108 3047 2266 3117 χάριν
2298 3047 2405 3099 τῶν
2446 3046 2718 3105 Ἰουδαίων
2745 3047 2844 3114 τὴν
2876 3047 3128 3117 νηστείαν
3151 3047 3390 3101 ἀπέϐαλε
3410 3086 3427 3113 ,
3465 3049 3595 3119 ποίᾳ
3627 3049 3684 3105 δὲ

429 3142 520 3199 sit.
551 3141 800 3210 qualibus
832 3139 1079 3194 Sabbatis
1113 3137 1430 3192 delectetur.

503 3232 787 3287 LXXVIII.
825 3232 1104 3301 Expositio
1165 3248 1262 3285 cur
1327 3229 1470 3284 Deus
1497 3228 1660 3283 Israel
1693 3226 1912 3291 oderit;
1948 3235 2004 3280 et

430 3327 557 3397 quia
585 3327 740 3379 malis
761 3326 1021 3397 operibus
1049 3323 1356 3389 studentes,
1390 3339 1456 3379 ex
1493 3323 1601 3377 illis
1628 3320 1838 3373 nullum
1890 3318 2005 3372 fru-

431 3430 579 3474 ctum
617 3418 943 3484 retulerunt,
968 3417 1070 3472 sed
1102 3416 1156 3470 in
1182 3415 1496 3488 ignorantiae
1525 3412 1822 3471 caecitatem
1853 3408 2002 3467 ceci-

432 3514 651 3567 derunt.

505 3623 749 3679 LXXIX.
767 3623 1151 3694 Prosopupceia
1170 3622 1446 3692 prophetae
1467 3616 1867 3679 accusationem
1895 3632 2002 3673 ma-

430 3719 563 3772 litia:
585 3717 895 3771 Judreorum
919 3717 1157 3780 habens;
1175 3713 1401 3767 etmina!
1422 3710 1675 3765 vindictae
1692 3709 1787 3765 Dei
1808 3711 1863 3763 in
1890 3724 2005 3764 eos.

436 3804 501 3859 Et
538 3805 819 3873 praedictio
863 3801 1237 3859 conversionis
1266 3799 1507 3871 gentium
1545 3806 1601 3853 et
1634 3796 1839 3853 Christi
1872 3812 2012 3869 pra:-

434 3897 627 3952 sentiae
669 3905 725 3951 et
755 3896 978 3952 hederis
1009 3893 1328 3966 evangelici,
1365 3893 1569 3963 Spiritu
1601 3891 1822 3961 quidem
1864 3890 2012 3946 obsi-

434 3988 606 4060 gnati,
642 3988 1018 4043 indesinenter
1042 3995 1223 4041 autem
1250 3985 1505 4057 gentibus
1549 3983 1848 4039 observati.

510 4168 727 4225 LXXX.
759 4170 1116 4225 Annuntiatio
1146 4170 1451 4239 praesentia
1496 4168 1698 4223 Christi
1730 4183 1884 4223 novae
1924 4168 2014 4224 Je-

438 4264 697 4329 rusalem,
739 4273 795 4317 et
823 4260 1254 4332 congregationis
1287 4259 1550 4329 gentium,
1579 4266 1635 4313 et
1662 4275 1854 4314 cursus
1878 4275 2012 4328 apo-

438 4354 638 4418 stolici,
664 4363 720 4408 et
754 4352 950 4407 futurae
976 4344 1233 4407 Ecclesiae
1264 4348 1470 4417 gloriae,
1492 4347 2013 4419 illuminationisque

437 4456 692 4512 aeternae;
727 4455 781 4501 et
826 4441 1149 4499 incrementi
1180 4454 1351 4511 usque
1393 4440 1459 4494 ad
1488 4439 1760 4496 inﬁnitum
1813 4456 2013 4495 nume-

440 4553 584 4595 rum.

516 4647 763 4703 LXXXI;
795 4647 1129 4704 Vaticinium
1160 4646 1425 4701 adventus
1468 4640 1675 4698 Christi
1708 4648 1763 4695 et
1813 4638 2015 4711 praedi-

439 4739 675 4795 cationis
722 4739 1070 4809 evangelicae,
1107 4747 1164 4793 et
1187 4737 1388 4793 latitia:
1427 4736 1483 4790 in
1524 4735 1657 4789 Sion
1696 4733 1894 4789 futura:
1944 4732 2013 4788 de

441 4828 866 4902 congregatione
892 4828 1159 4900 gentium,
1185 4828 1509 4898 quibuscum
1537 4835 1803 4882 aeternum
1834 4824 2015 4881 foedus

446 4922 596 4977 Deus
626 4919 750 4974 init.

513 5009 777 5068 LXXXII.
821 5009 1125 5065 Declaratio
1147 5008 1504 5081 iucunditatis
1541 5026 1608 5066 ex
1644 5010 1797 5066 vultu
1838 5009 2015 5066 ﬁdelis

444 5105 629 5176 populi
665 5102 988 5175 prodeuntis
1029 5118 1043 5168 ;
1087 5111 1143 5158 et
1165 5102 1509 5158 annuntiatio
1533 5100 1665 5158 Sion
1694 5103 1894 5158 futurae
1916 5116 2013 5172 per

440 5197 722 5253 Christum
748 5195 951 5267 gloriae,
986 5202 1042 5249 et
1065 5194 1307 5265 ejusdem
1338 5210 1462 5249 cum
1486 5194 1604 5264 ipso
1634 5194 2016 5264 desponsatio-

445 5288 554 5352 nis,
583 5296 641 5342 et
661 5286 970 5342 divinorum
998 5285 1384 5355 mysteriorum
1415 5284 1796 5354 possessionis,
1824 5294 1888 5339 et
1916 5300 2016 5356 po-

447 5377 558 5448 puli
588 5378 834 5450 gentium
860 5375 1192 5433 accessionis
1217 5384 1275 5432 et
1306 5376 1732 5446 redemptionis.

394 5544 395 5553 ‘
450 5587 459 5596 -
523 5558 807 5614 LXXXIII.
829 5558 1069 5626 Quaestio
1092 5558 1160 5615 de
1178 5560 1378 5617 Christi
1412 5561 1666 5632 passione
1683 5577 1712 5615 a
1739 5560 1877 5618 facie
1901 5564 2016 5619 vir-

446 5654 623 5704 tutum
659 5650 964 5704 caelestium
1001 5667 1017 5707 :
1053 5659 1111 5705 et
1162 5653 1449 5723 responsio
1469 5653 1674 5710 Christi
1705 5670 1763 5710 se
1794 5665 2017 5726 propter

449 5739 732 5794 hominum
772 5743 999 5798 salutem
1034 5758 1099 5798 ca
1134 5744 1485 5810 sustinuisse,
1518 5745 1584 5800 de
1635 5746 1835 5816 quibus
1864 5747 2013 5802 illum

2109 3139 2335 3210 νηστείᾳ
2372 3139 2673 3208 τέρπεται,
2709 3141 2879 3202 ποίοις
2908 3139 3205 3204 Σαόὄάτοις
3244 3141 3562 3210 ἀρέσκεται.

2178 3233 2278 3295 οη’.
2325 3228 2639 3296 Ἐξήγησις,
2679 3229 2827 3290 τίνος
2875 3229 3037 3298 χάριν
3077 3231 3104 3282 ὁ
3141 3229 3273 3292 Θεὸς
3322 3230 3414 3282 τὸν
3472 3230 3688 3302 Ἰσραὴλ

2107 3317 2523 3387 ἀπέστραπται·
2566 3320 2663 3371 καὶ
2717 3319 2799 3371 ὅτι
2847 3319 3060 3389 πονηρά
3110 3319 3477 3388 μελετῶντες,
3530 3323 3689 3376 οὐδὲν

2108 3407 2297 3477 κέρδος
2331 3407 2391 3470 ἐξ
2424 3407 2602 3460 αὐτῶν
2633 3407 3037 3478 ἀπηνέγκαντο,
3063 3407 3181 3461 ἀλλ’
3215 3410 3295 3471 είς
3333 3410 3435 3479 τὴν
3466 3411 3687 3479 τύφλω-

2110 3516 2194 3552 σιν
2229 3501 2330 3568 τῆς
2359 3499 2583 3569 ἀγνοίας
2612 3499 2897 3556 ἐνέπεσαν.

2179 3609 2277 3662 σθ’.
2314 3611 2733 3680 Προσωποποιῖα
2762 3609 2854 3664 τοῦ
2900 3612 3201 3683 προφήτου,
3227 3615 3559 3684 κατηγορίαν
3586 3613 3687 3684 τῆς

2112 3700 2311 3763 κακίας
2337 3699 2446 3754 τῶν
2483 3699 2754 3753 Ἰουδαίων
2806 3700 3002 3770 ἔχουσα
3027 3717 3039 3729 ·
3090 3703 3186 3757 καὶ
3227 3703 3425 3774 ἀπειλὴ
3460 3703 3560 3774 τῆς
3593 3704 3687 3758 τοῦ

2111 3792 2248 3846 Θεοῦ
2280 3794 2399 3847 κατ’
2435 3795 2617 3849 αὑτῶν
2665 3795 3031 3868 ἐκδικήσεως·
3060 3797 3157 3851 καὶ
3181 3798 3493 3870 πρόρρησις
3518 3798 3691 3852 ἐθνῶν

2112 3887 2470 3956 ἐπιστροφῆς,
2521 3887 2615 3941 καὶ
2659 3887 2895 3958 Χριστοῦ
2926 3889 3251 3959 παρουσίας,
3295 3890 3390 3943 καὶ
3423 3890 3691 3962 διαθήκης

2112 3978 2492 4049 εὑαγγελικῆς,
2525 3978 2965 4050 σφραγιζομένης
2994 3980 3097 4050 μὲν
3116 3982 3692 4052 πνεύματι,διηνεκῶς

2112 4072 2167 4124 δὲ
2208 4071 2592 4143 μελετωμένης
2621 4074 2735 4135 τοῖς
2773 4072 2973 4127 ἔθνεσι.

2184 4161 2257 4217 π’.
2290 4163 2705 4231 Εὑαγγελισμὸς
2738 4165 2805 4234 τῇ
2838 4164 2934 4234 νέᾳ
2978 4162 3336 4234 Ἰερουσαλὴμ
3386 4166 3690 4236 παρουσίας

2115 4255 2388 4324 Χριστοῦ,
2438 4258 2534 4309 καὶ
2583 4256 2914 4325 Συναγωγῆς
2958 4255 3149 4321 ἐθνῶν,
3202 4257 3296 4310 καὶ
3330 4256 3690 4311 ἀποστολικοῦ

2114 4346 2339 4416 δρόμου,
2373 4347 2466 4401 καὶ
2495 4349 2594 4417 τῆς
2628 4348 2897 4417 ἐσομένης
2923 4348 2989 4417 τῇ
3027 4347 3324 4417 Ἐκκλησία
3363 4342 3541 4419 δόξης,
3575 4367 3717 4420 φω-,

2110 4439 2313 4509 τισμοῦ
2357 4456 2416 4492 τε
2471 4439 2714 4504 αἰωνίου,
2764 4439 2858 4492 καὶ
2888 4438 3166 4511 αὐξήσεως
3213 4440 3310 4509 τῆς
3349 4442 3428 4502 εἰς
3457 4443 3693 4513 ἀριθμὸν

2119 4533 2362 4602 ἄπειρον.

2191 4654 2303 4703 ,πα’.
2336 4647 2654 4720 Προφητεία
2674 4645 2976 4718 παρουσίας
3003 4646 3244 4719 Χριστοῦ
3273 4666 3367 4702 και
3398 4648 3692 4721 κηρύγμα-

2119 4756 2212 4800 τος
2235 4739 2616 4807 εὑαγγελικοῦ,
2654 4739 2747 4797 καὶ
2785 4740 2885 4809 τῆς
2931 4739 3196 4811 ἐσομένης
3227 4741 3401 4811 χαρᾶς
3429 4741 3526 4811 τῆς
3553 4739 3694 4798 Σιὼν

2115 4831 2209 4884 ἐπὶ
2234 4834 2298 4901 τῇ
2330 4834 2630 4903 Συναγωγῇ
2661 4832 2769 4886 τῶν
2799 4831 2988 4898 ἐθνῶν,
3038 4825 3121 4896 οἷς
3162 4830 3384 4886 αἰώνιον
3423 4833 3694 4905 διαθήκην

2114 4924 2143 4977 δ
2175 4923 2306 4987 Θεὸς
2335 4924 2649 4981 διατίθεται.
3660 4992 3663 4993 ν

2188 5016 2297 5087 πβ¹.
2356 5015 2734 5087 Ἀναφώνησις
2791 5017 3131 5089 εὐφροσύνης
3175 5018 3238 5070 ἐκ
3274 5017 3568 5091 προσώπου
3594 5018 3692 5075 τοῦ

2115 5108 2308 5162 πιστοῦ
2335 5107 2489 5162 λαοῦ·
2522 5109 2616 5164 καὶ
2646 5110 3041 5179 εὐαγγελισμδς
3069 5112 3169 5180 τῆς
3197 5109 3334 5164 Σιὼν
3365 5110 3463 5178 τῆς
3496 5112 3691 5183 ἐσομέ-

2115 5216 2214 5269 νης
2252 5199 2389 5272 αὐτῇ
2441 5198 2534 5253 διὰ
2572 5200 2810 5269 Χριστοῦ
2861 5200 3020 5270 δόξης
3069 5200 3291 5270 καὶτῆς
3339 5202 3475 5271 πρὸς
3530 5200 3691 5257 αὑτὸν

2115 5289 2491 5360 νυμφεύσεως,
2519 5291 2613 5344 καὶ
2646 5289 2808 5342 θείων
2838 5289 3154 5361 μυστηρίων
3195 5288 3568 5357 ἀπολαύσεως,
3597 5293 3694 5347 καὶ

2113 5382 2213 5450 τῆς
2246 5381 2338 5435 τοῦ
2386 5380 2520 5435 λαοῦ
2567 5380 2680 5434 τῶν
2727 5379 2898 5433 ἐθνῶν
2948 5381 3314 5453 προσαγωγῆς
3357 5382 3449 5436 καὶ
3481 5379 3695 5454 λυτρώ-

2118 5489 2273 5535 σεως.

2189 5570 2301 5632 πγ’.
2336 5563 2540 5627 Πεῦσις
2571 5564 2700 5633 περὶ
2743 5562 2839 5617 τοῦ
2874 5563 3155 5634 Κυριακοῦ
3185 5564 3393 5629 πάθους
3422 5566 3488 5619 ἐκ
3524 5581 3699 5636 προσ-

2114 5654 2270 5708 ὠπου
2295 5655 2407 5709 τῶν
2436 5656 2707 5726 οὐρανίων
2757 5656 3038 5727 δυνάμεων
3061 5677 3075 5690 ο
3133 5659 3226 5712 καὶ
3274 5658 3565 5728 ἀπόκρισις
3600 5657 3697 5710 τοῦ

2117 5746 2392 5814 Χριστοῦ,
2424 5745 2499 5810 ὡς
2531 5747 2629 5819 τῆς
2675 5750 2943 5821 σωτηρίας
2990 5751 3087 5823 τῆς
3139 5751 3490 5823 ἀνθρωπίνης
3532 5750 3699 5805 ἕνεκα
