3968 6220
346 307 480 374 ί3ὃ5

1450 312 1910 371 FRAGMENTA
1943 314 2020 373 [Ν
2053 315 2557 382 EZECHIELEM.

3453 319 3585 386 1388

344 419 672 486 κατεδέξατο
692 460 706 484 ,
738 419 824 490 ἐφ’
853 414 933 484 οἷς
976 418 1135 473 αὐτὸν
1164 417 1192 470 ὁ
1234 419 1522 490 προφήτης
1563 419 1722 488 ὑμνεῖ
1737 423 1761 450 ·’
1781 436 1899 473 κατ-

2023 423 2285 491 propheta
2313 425 2579 480 collaudat
2614 443 2626 478 :
2671 405 2884 484 incusat
2909 433 3087 480 autem
3117 426 3351 495 Iudaeos,
3388 438 3442 484 et
3471 430 3585 506 pris

343 518 536 585 ηγορεί
579 515 636 567 δὲ
668 514 778 570 τῶν
819 515 1122 580 Ἰουδαίων,
1157 515 1254 568 καλ⁸
1291 514 1399 566 τῶν
1438 513 1732 582 θαυμάτων
1779 512 1908 567 ἁνα-

345 607 645 677 μιμνήσκει
683 606 787 660 τῶν
821 605 1152 677 ἔμπροσθεν.

410 695 516 750 πδ’.
548 697 827 761 Ἕντευξις
855 699 947 750 τοῦ
985 698 1269 768 προφήτου
1316 696 1450 767 πρὸς
1484 696 1574 748 τὸν
1606 695 1738 746 Θεὸν
1771 693 1910 763 ὑπὲρ

340 787 434 840 τοῦ
477 790 710 859 Ἰσραὴλ,
740 791 813 854 ὡς
849 791 1222 861 παροφθέντος
1265 791 1351 844 διά
1381 792 1480 862 τὴν
1517 789 1908 859 πρόσκρουσιν,

340 879 433 936 καὶ
481 883 579 943 τὰς
634 883 907 958 ἁμαρτίας
956 882 1038 935 ἔτι
1090 882 1290 952 μᾶλλον
1343 880 1765 942 πλεονάσαντοςο
1815 879 1909 932 καί

342 972 608 1042 ἱκετηρία,
645 974 719 1046 μὴ
755 974 917 1045 μέχρι
948 975 1136 1038 τέλους
1170 974 1603 1044 παρασιωπῆσαι
1635 972 1727 1025 τὸν
1753 972 1906 1034 Θεὸν,

338 1063 475 1121 ἀλλὰ
519 1067 608 1118 τὸν
653 1066 852 1120 ἑαυτοῦ
887 1066 1014 1121 λαὸν
1049 1067 1145 1127 καὶ
1172 1066 1268 1138 τὴν
1303 1064 1656 1140 Ἰερουσαλὴμ
1688 1064 1911 1120 ἐπισκέ-

335 1157 561 1225 ψασθαι.

405 1249 512 1304 πε’.
568 1251 894 1322 Ὑπόσχεσις
935 1253 1196 1323 Χριστοῦ,
1229 1255 1340 1318 τοῖς
1371 1253 1579 1307 ἔθνεσιν
1609 1252 1769 1308 αὐτὸν
1803 1255 1905 1326 ἑμ-

336 1341 770 1413 φανισθήσεσθαι
796 1361 808 1373 ·
846 1346 939 1398 καὶ
963 1345 1160 1414 ἀπειλὴ
1191 1344 1330 1398 κατά
1361 1344 1468 1400 τῶν
1511 1345 1799 1410 Ἰουδαίων,
1831 1344 1906 1408 ὡς

333 1433 745 1502 ἀπειθησάντων
763 1437 818 1488 ὲν
841 1435 919 1506 τῷ
944 1435 1183 1506 σταυρῷ,
1198 1435 1290 1487 καὶ
1312 1434 1548 1501 εἰδώλοις
1573 1435 1670 1506 μὲν
1686 1435 1903 1489 δουλευ-

333 1523 561 1587 σάντων,
613 1525 838 1589 ὲαυτοὺς
882 1526 939 1579 δὲ
1000 1526 1388 1594 δικαιούντων,
1422 1527 1564 1598 ὑπὲρ
1608 1521 1684 1582 ὧν
1721 1529 1903 1591 αὐτοῖς

331 1612 630 1670 ἀποδώσειν
658 1617 756 1676 τὰς
789 1616 1070 1686 ἁμαρτίας
1091 1618 1413 1688 ἠπείλησεν.

303 1724 312 1780 ς
405 1710 526 1768 πς’.
570 1704 873 1775 Ἀπόφασις
927 1708 1086 1773 Θεοῦ,
1125 1711 1218 1765 τὸν
1252 1709 1468 1781 Ἰσραὴλ
1518 1710 1592 1781 μὴ
1627 1711 1706 1773 είς
1749 1709 1902 1773 τέλος

2021 509 2159 562 stina
2195 512 2440 582 prodigia
2472 513 2526 567 in
2564 515 2881 575 memoriam
2923 528 3159 577 revocat.

2089 692 2368 748 LXXXIV.
2407 694 2727 765 Deprecatio
2753 700 3028 769 propheta:
3066 701 3130 756 ad
3163 703 3329 758 Deum
3373 720 3470 774 pro
3507 705 3583 760 Is-

2018 784 2150 850 rael,
2185 795 2242 838 ut
2270 794 2398 855 pote
2417 787 2504 856 qui
2531 799 2755 859 propter
2794 792 3123 848 offensiones
3149 794 3495 865 despiciatur,
3527 809 3584 854 et

2016 876 2110 947 qui
2141 885 2363 948 peccata
2399 893 2498 934 sua
2527 880 2758 950 amplius
2781 883 2944 936 etiam
2975 885 3298 954 multiplicet
3331 905 3344 954 ;
3377 897 3430 942 et
3455 905 3582 968 sup-

2017 967 2236 1034 plicatio
2275 984 2346 1023 ne
2381 969 2523 1024 Deus
2557 971 2712 1025 sileat
2739 971 2791 1025 in
2825 972 2984 1030 finem
3013 978 3102 1030 scd
3131 992 3285 1031 suum
3324 967 3580 1056 populum

2017 1066 2070 1111 et
2094 1056 2396 1114 Jerusalem
2430 1061 2630 1117 visitet.

2080 1238 2340 1300 LXXXV.
2376 1243 2671 1300 Promissio
2697 1246 2923 1314 Christi,
2959 1250 3208 1305 videlicet
3230 1268 3289 1306 se
3329 1255 3580 1324 gentibus

2012 1331 2490 1389 manifestaturum
2535 1354 2548 1401 ;
2591 1348 2646 1392 et
2687 1338 2850 1394 mina:
2894 1341 2947 1393 in
2976 1341 3212 1410 Iudaeos,
3254 1359 3319 1398 eo
3343 1347 3487 1414 quod
3522 1351 3578 1400 in

2011 1419 2186 1476 Cruce
2215 1440 2326 1479 non
2355 1427 2707 1494 crediderint,
2735 1439 2789 1484 et
2833 1431 2987 1486 idolis
3022 1434 3238 1502 quidem
3267 1437 3576 1501 servierint,

2011 1512 2218 1582 seipsos
2257 1527 2440 1572 autem
2473 1521 2836 1576 condemuent
2861 1523 2929 1578 iis
2951 1541 3050 1594 pro
3069 1528 3268 1596 quibus
3295 1528 3428 1604 ipsis
3446 1545 3576 1600 pec-

2009 1616 2256 1661 catorum
2293 1610 2557 1666 ultionem
2589 1613 2826 1668 minatus
2850 1625 2956 1682 est,

2083 1698 2366 1759 LXXXVI.
2399 1703 2702 1762 Declaratio
2734 1705 2824 1760 Dei
2865 1723 2975 1765 non
3001 1707 3060 1762 in
3088 1708 3247 1764 linem
3276 1712 3436 1771 Israel
3480 1730 3577 1791 pe-

329 1794 731 1866 φθαρήσεσθαι,
793 1798 930 1852 ἀλλὰ
981 1799 1107 1862 τοὺς
1159 1800 1517 1864 ἀπειθοῦντας
1562 1801 1898 1866 ἀπολεῖσθαι,

2016 1790 2261 1853 riturum.
2285 1795 2381 1848 sed
2405 1795 2715 1852 incredulos
2741 1799 2960 1873 quidem
2989 1802 3296 1870 perdendos
3320 1790 3575 1870 lore,l)eo

327 1885 452 1945 τοὺς
478 1885 824 1950 δουλεύοντας
853 1889 909 1942 δὲ
957 1889 1074 1960 Θεῷ
1110 1892 1203 1945 καὶ
1249 1893 1563 1962 μυστηρίων
1600 1893 1898 1946 ἀπόλαυσιν

329 1977 421 2028 καὶ
467 1978 730 2048 ὀνόματος
776 1981 967 2036 καινοῦ
1020 1981 1327 2048 τεύξεσθαι,
1377 1983 1474 2036 καὶ
1525 1982 1602 2054 τῷ
1654 1984 1768 2053 ναῷ
1799 1987 1898 2054 τῆς

325 2069 450 2131 νέας
500 2068 852 2142 Ἰερουσαλὴμ
894 2075 1107 2144 ἀρετῶν
1143 2074 1365 2128 ἔσεσθαι
1411 2074 1728 2145 τελειότητα
1756 2115 1769 2136 ,
1804 2076 1898 2127 καὶ

324 2160 431 2213 τῶν
462 2163 638 2214 πόνων
667 2163 776 2216 τῶν
813 2165 1029 2219 οἰκείων
1059 2167 1382 2220 ἀπόλαυσιν.

389 2253 496 2317 πξ’.
542 2255 845 2325 Ἀπόφασις
880 2258 1035 2322 Θεοῦ,
1087 2257 1270 2324 οῐκους
1303 2259 1595 2331 αἰσθητοὺς
1637 2260 1711 2331 μὴ
1745 2260 1897 2314 ὲκλέ-
1954 2326 1971 2338 ⁸

324 2346 536 2410 γεσθαι,
573 2348 709 2417 μηδὲ
733 2351 852 2413 ταῖς
879 2349 938 2413 ἐξ
960 2350 1170 2415 ἀδικίας
1198 2351 1408 2414 θυσίαις
1433 2352 1777 2422 ἀρέσκεσθαι·
1803 2352 1898 2405 καί

325 2435 644 2501 παραίνεσις
681 2441 806 2502 ’τοῖς
868 2445 1080 2504 πιστοῖς
1111 2481 1125 2507 ,
1175 2443 1522 2507 ἀνεξικακίαν
1578 2445 1714 2515 πρὸς
1768 2446 1894 2508 τοὺς

324 2524 552 2596 ἐχθροὺς
587 2528 958 2584 ἐνδείκνυσθαι
984 2548 997 2561 ·
1026 2533 1120 2585 καὶ
1155 2534 1460 2604 πρόρρησις
1511 2535 1604 2588 τοῦ
1642 2535 1897 2607 τεχθησο-

326 2617 488 2684 μένου
525 2615 655 2668 λαοῦ
703 2620 768 2693 τῇ
815 2621 912 2690 νέᾳ
954 2620 1122 2674 Σιών·
1165 2625 1257 2676 καὶ
1290 2624 1674 2695 προσφώνησις
1696 2627 1894 2696 somno-

324 2706 491 2776 σύνης
538 2710 632 2761 ἐπὶ
670 2714 782 2774 τοῖς
812 2711 1067 2780 ἀγαθοῖς,
1108 2713 1144 2767 ἃ.
1176 2717 1240 2786 τῇ
1282 2715 1378 2786 νέᾳ
1427 2715 1778 2788 Ἰερουσαλὴμ
1802 2718 1894 2770 εὑ-

321 2798 656 2866 τρεπίζεται.

383 2894 496 2953 πην.
540 2890 854 2961 Προφητεία
885 2892 1143 2964 δευτέρας
1171 2898 1408 2968 Χριστοῦ
1443 2901 1769 2970 παρουσίας,
1803 2903 1895 2956 καὶ

2005 1891 2190 1936 autem
2220 1885 2540 1953 servientes,
2593 1896 2703 1942 tum
2735 1894 3116 1961 mysteriorum
3148 1896 3570 1968 possessionem,

1987 1981 2118 2026 tum
2139 1990 2336 2029 nomen
2357 1993 2558 2032 novum
2576 1983 2866 2037 sortituros
2893 1998 3034 2051 esse,
3051 1985 3176 2039 etin
3198 1987 3398 2057 templo
3419 2004 3572 2043 novae.

2003 2062 2302 2120 Jerusalem
2338 2069 2601 2126 virtutum
2647 2074 3038 2142 perfectionem
3076 2080 3314 2134 futuram
3356 2097 3477 2136 esse
3520 2091 3574 2138 et

2003 2156 2246 2214 laborum
2281 2175 2504 2216 suorum
2537 2165 2931 2236 liberationem.

2067 2249 2373 2318 LXXXVII,
2397 2254 2695 2314 Declaratio
2717 2260 2812 2314 Dei
2836 2262 3024 2318 domos
3040 2266 3321 2321 sensuales
3342 2283 3452 2322 non
3475 2269 3570 2324 eli-

2003 2341 2072 2413 gi,
2095 2359 2195 2399 nec
2221 2361 2280 2400 se
2302 2347 2542 2405 victimis
2571 2367 2636 2405 ex
2671 2352 2953 2423 iniquitate
2992 2366 3305 2414 contentum
3333 2376 3470 2415 esse.
3505 2363 3570 2417 Iit

2001 2433 2305 2492 exhortatio
2327 2439 2393 2493 ad
2417 2440 2629 2509 'ﬁdeles,
2673 2452 2730 2498 ut
2765 2445 3079 2515 patientiam
3111 2449 3176 2503 ad
3209 2451 3454 2513 inimicos
3484 2469 3572 2508 os-

2004 2527 2252 2594 tendant,
2278 2530 2350 2583 Et
2388 2533 2670 2601 praedictio
2707 2538 2891 2608 populi
2938 2539 2994 2593 in
3029 2540 3160 2595 Sion
3204 2545 3485 2610 nascituri,
3514 2555 3568 2600 et

2001 2621 2283 2689 praedictio
2318 2623 2676 2693 iucunditatis
2703 2630 2769 2684 de
2814 2631 2974 2691 bonis
3005 2648 3126 2702 quae
3157 2649 3311 2692 novae
3354 2636 3569 2692 Jerusa-

2002 2711 2107 2768 lem
2139 2725 2537 2783 praeparantur.

2067 2900 2400 2968 LXXXVIII,
2433 2903 2761 2963 Vaticinium
2795 2911 3018 2970 secundi
3053 2911 3254 2973 Christi
3279 2915 3566 2982 adventus,

320 2978 596 3044 ἀπωλείαξ
621 2984 728 3034 τῶν
753 2984 990 3042 ἀσεσῶν·
1021 2991 1113 3040 καὶ
1139 2990 1444 3060 πρόρρησις
1465 2992 1562 3061 τῆς
1581 2994 1692 3047 τῶν
1723 2994 1894 3048 ἐθνῶν

2016 3002 2055 3046 3t
2078 2993 2368 3063 impiorum
2402 2997 2722 3064 perditionis
2753 3016 2766 3066 ;
2821 3003 3173 3070 etpraedictio
3217 3005 3570 3076 ingressionis

323 3070 467 3136 μετά
497 3070 653 3142 δόξης
697 3075 776 3137 εἰς
825 3077 926 3146 τὴν
958 3079 1084 3131 νέαν
1128 3081 1485 3152 Ἰερουσαλὴμ
1519 3084 1760 3152 συνόδου,
1797 3088 1892 3138 καὶ

2016 3089 2244 3158 gentium
2272 3105 2394 3144 cum
2430 3093 2598 3162 gloria
2637 3093 2692 3147 in
2719 3110 2914 3149 novam
2955 3097 3276 3166 Jerusalem,
3323 3110 3378 3156 et
3415 3117 3570 3158 nova:

319 3159 419 3229 τῆς
454 3161 542 3216 διὰ
574 3164 812 3233 Χριστοῦ
842 3169 1038 3239 καινῆς
1077 3172 1326 3236 κτίσεως
1363 3175 1457 3227 καὶ
1484 3176 1629 3238 ὅπως
1650 3177 1720 3229 τὰ
1753 3178 1895 3231 κατά

2016 3195 2097 3234 )er
2148 3183 2428 3238 Christum
2467 3187 2761 3242 creationis
2793 3205 2806 3254 ;
2839 3199 2896 3243 et
2942 3193 3214 3260 quomodo
3274 3210 3394 3264 qua:
3443 3205 3571 3251 sunt

319 3252 412 3308 τοῦ
467 3252 597 3306 λαοῦ
637 3256 744 3310 τῶν
793 3259 1061 3316 Ἰουδαίων
1103 3266 1216 3327 τοῖς
1276 3265 1485 3320 ἔθνεσιν
1537 3270 1616 3330 είς
1666 3270 1899 3341 θεωρίαν

2016 3281 2188 3328 rontra
2217 3273 2457 3339 Judaeos,
2491 3277 2744 3347 gentibus
2770 3252 2824 3332 in
2848 3252 3337 3339 considerationem
3367 3299 3570 3357 propo.

319 3345 696 3414 προκείσεται.

2020 3373 2222 3431 lentur,

404 3433 633 3500 Ἡσαΐας
670 3439 698 3490 ό
729 3443 1020 3515 προφήτης
1053 3446 1273 3514 ἐγένετο
1307 3449 1407 3520 μὲν
1439 3454 1498 3505 ἐν
1542 3452 1900 3528 Ἰερουσαλὴμ

320 3524 383 3575 ἐκ
411 3526 584 3595 φυλῆς
633 3529 820 3597 Ἰούδα,
855 3533 1078 3604 θνήσκει
1122 3538 1178 3590 δὲ
1220 3540 1325 3593 ὑπὸ
1353 3524 1626 3614 Μανασσῆ
1663 3546 1758 3599 τοῦ
1802 3524 1900 3617 ei-

320 3614 511 3680 σιλέως
527 3618 698 3672 Ἰούδα
717 3621 925 3691 [πρίονι
949 3626 1557 3700 ξυλίνῳ](16)πρισθεὶς
1578 3636 1656 3696 εἰς
1672 3635 1783 3700 δύο,
1802 3614 1896 3690 καὶ

319 3702 478 3771 ὲτέθη
527 3706 783 3766 ὑποκάτω
830 3710 992 3780 δρυὸς
1027 3712 1258 3784 Ῥωγὴλ,
1304 3718 1546 3788 ἐχόμενα·
1573 3723 1673 3792 τῆς
1701 3723 1894 3778 διαϐά-

320 3807 459 3854 σεως
482 3794 592 3847 τῶν
620 3799 851 3867 ὑδάτων,
886 3796 960 3855 ὧν
992 3804 1276 3861 ἀπώλεσεν
1298 3807 1556 3876 Ἐζεκίας
1583 3816 1611 3867 ό
1638 3815 1892 3885 βασιλεὺς

319 3881 501 3954 χώσας
530 3889 685 3948 αὐτὰ.
858 3886 866 3898 ’

2069 3458 2233 3514 Isaias
2272 3463 2535 3532 propheta
2576 3472 2738 3520 natus
2767 3473 2851 3520 est
2880 3465 2935 3520 in
2969 3467 3264 3524 Jerusalem
3313 3469 3381 3526 de
3426 3472 3569 3526 tribu

2000 3550 2137 3605 Juda
2160 3563 2438 3616 ;mortuus
2461 3564 2544 3611 est
2564 3567 2750 3612 autem
2773 3569 3038 3628 regnante
3066 3561 3120 3614 in
3135 3561 3272 3615 Juda
3301 3563 3565 3621 Manasse.

2003 3644 2176 3710 (serra
2228 3644 2430 3714 lignea)
2461 3657 2644 3700 sectus
2677 3648 2731 3701 in
2762 3649 2893 3714 duo,
2919 3659 2973 3704 et
3033 3653 3276 3721 sepultus
3338 3662 3421 3707 est
3468 3655 3569 3710 sub

1998 3748 2202 3800 quercu
2236 3733 2478 3807 Rhogel,
2521 3741 2675 3807 juxta
2736 3742 3165 3809 przeterﬂuentes
3209 3761 3396 3815 aquas,
3432 3762 3568 3818 quas

1999 3825 2236 3892 perdidit
2258 3825 2520 3884 Ezechias
2547 3845 2643 3884 rex
2667 3840 2810 3886 terra
2835 3833 3097 3906 defossas,

335 4056 3552 4118 -——————_____________________________________

1010 4243 1720 4341 FRAGMENTA
1829 4259 1955 4347 IN
2074 4259 2875 4362 EZECHIELEM.

1505 4442 1949 4518 IVILLALPANDUS,
1992 4461 2030 4509 t.
2067 4455 2109 4519 Ι,
2135 4471 2192 4525 p.
2228 4457 2378 4530 I30.)

1899 4634 1969 4647 ἓ

387 4752 520 4822 Cap.
554 4753 645 4818 IX,
678 4771 730 4809 ν.
764 4755 816 4811 6.
865 4777 884 4810 ι
920 4759 986 4815 Et
1027 4775 1057 4814 a
1084 4766 1399 4820 sanctuario
1433 4783 1555 4824 meo
1581 4771 1823 4849 incipite.
1859 4793 1879 4826 ι
1915 4783 1960 4838 D
1988 4777 2449 4837 Murmurantibus
2497 4784 2674 4838 Aaron
2717 4794 2772 4841 et
2822 4783 2984 4842 Maria
3025 4788 3289 4846 adversus
3332 4792 3517 4849 Mosen
3540 4833 3557 4860 ,

317 4841 586 4907 Quoniam
623 4844 814 4901 habitu
845 4848 1019 4904 solum
1059 4855 1257 4922 sancti,
1287 4873 1397 4912 non
1425 4875 1612 4920 revera
1644 4882 1658 4920 :
1687 4841 1812 4920 nam
1843 4868 1888 4922 si

316 4936 635 4993 habuissent
667 4940 917 5011 signum,
952 4959 1062 4999 non
1097 4963 1286 5004 revera
1312 4991 1327 5016 ,
1359 4961 1523 5028 atque
1553 4956 1641 5010 alii
1673 4959 1888 5015 delendi

314 5028 581 5095 fuissent,
639 5041 746 5086 etc.
790 5034 1002 5092 Novum
1061 5056 1234 5109 genus
1285 5045 1449 5101 audio
1506 5050 1886 5119 providentiae,

315 5117 543 5175 Domine
593 5123 736 5179 Deus
763 5168 777 5191 ,
828 5128 1093 5187 adversus
1136 5135 1416 5192 ministros
1458 5143 1754 5198 sanctuarii
1787 5145 1884 5200 tui.

315 5206 452 5263 Olim
506 5215 650 5268 enim
696 5221 1007 5277 errantibus
1063 5228 1432 5297 connivebas,
1475 5235 1736 5301 parcebas
1787 5239 1880 5294 de-

314 5299 722 5373 linquentibus;
755 5324 862 5378 quo
903 5319 997 5372 tuo
1028 5319 1235 5372 nomini
1265 5330 1319 5375 et
1361 5321 1553 5383 honori
1602 5342 1873 5402 parceres.

393 5483 410 5513 ⁸
443 5481 546 5538 Isa.
578 5500 725 5551 xxnv,
756 5487 811 5543 2.

1988 4870 2076 4925 illa
2109 4873 2333 4941 punitur
2364 4874 2534 4948 lepra,
2579 4876 2668 4932 ille
2722 4879 2994 4936 innocuus
3047 4883 3248 4937 evadit.
3291 4883 3470 4939 Aaron
3504 4897 3562 4940 et

1987 4961 2199 5033 Moyses
2223 4965 2548 5041 delinquunt
2577 4969 2643 5024 ad
2670 4985 2841 5044 aquas
2867 4973 3333 5040 contradictionis,
3366 4975 3558 5030 conni-

1985 5065 2077 5112 vet
2109 5057 2252 5112 Dens
2281 5061 2498 5132 utrique
2528 5064 2699 5118 multo
2726 5073 2998 5136 tempore,
3032 5069 3382 5138 quantumvis
3413 5081 3560 5125 esset

1987 5146 2319 5219 indignatus.
2348 5152 2646 5209 Abiatharo
2672 5155 2837 5227 digno
2867 5167 3044 5213 morte
3078 5159 3252 5233 parcit
3279 5161 3560 5224 Salomon.

1989 5240 2116 5308 quia
2148 5242 2348 5296 tulerat
2368 5258 2548 5299 arcam
2575 5247 2812 5302 Domini.
2838 5249 2908 5302 At
2936 5265 3081 5305 nunc
3103 5251 3204 5305 erit
3228 5251 3362 5306 sicut
3390 5268 3558 5322 popu-

1986 5331 2087 5397 lm,
2119 5335 2194 5388 sic
2221 5335 2465 5389 sacerdos
2489 5337 2502 5367 '
2530 5336 2553 5389 ?
2581 5337 2686 5392 imo
2712 5353 2841 5392 vero
2871 5339 3012 5394 sicut
3044 5340 3318 5409 sacerdos,
3343 5341 3424 5398 sic
3452 5357 3553 5415 po-

1814 5621 2042 5682 NOTAE.

380 5721 494 5792 (16)
522 5723 726 5790 ιΙρίονι
752 5724 1001 5794 ξυλίνῳ.
1039 5729 1094 5785 Id
1123 5748 1188 5786 ex
1220 5734 1434 5793 Justino
1464 5735 1717 5811 Martyrc.

556 5821 836 5885 PATROL.
885 5827 1002 5890 Gn.
1050 5829 1264 5893 XCIII.

2884 5847 2967 5916 ,Ιώ
