4038 6226
457 317 589 382 1387

1608 313 1974 374 HESYCHII
2015 313 2484 374 PRESBYTERI

3541 372 3544 374 ν
3583 309 3723 373 1388
3821 399 3825 401 _

453 429 637 498 pulus,
673 424 980 482 interfectis
1026 424 1235 479 sanctis
1283 432 1410 478 ante
1464 425 1802 494 populares?
1833 424 2036 480 Verum
2067 438 2114 493 Α
2144 423 2420 494 supplicio
2451 437 2668 494 quoque
2700 431 2922 478 anteeat
2961 430 3273 495 populares,
3310 433 3371 480 ut
3400 423 3601 494 quibus
3629 440 3719 478 oc-

454 522 535 577 l‘as
558 530 665 587 est,
697 536 729 574 ο
763 521 910 588 juste
939 517 1108 588 judex
1135 557 1152 584 ,
1199 532 1326 572 eum
1371 517 1463 588 qui
1505 519 1756 588 exemplo
1810 530 2035 573 cancros

452 613 764 685 pra-cedere
803 613 1086 668 debuisset
1110 654 1125 676 .
1176 611 1223 667 si
1268 611 1478 668 scelere
1506 612 1746 683 reliquos
1786 611 2034 678 excellat,

525 752 546 783 ³
572 749 763 808 lPetr.
787 768 862 819 tv,
897 751 984 807 17.

2145 517 2293 571 casio
2321 515 2426 570 fuit
2452 515 2650 582 ruinas,
2679 515 2990 586 exemplum
3021 517 3094 571 sit
3135 518 3308 572 necis.
3353 515 3578 586 Tempus
3625 528 3720 581 est,

2143 613 2220 668 ait
2248 612 2462 677 Petrus,
2491 623 2547 666 ut
2580 611 2800 680 incipiat
2826 611 3086 681 judicium
3113 627 3145 664 a
3172 612 3326 666 domo
3351 609 3450 666 Dei
3471 612 3516 665 ‘.

1177 1098 1996 1187 FBAGMENTUM
2107 1097 2233 1186 IN
2341 1096 3000 1186 DANIELEM.

1235 1289 1388 1359 (Anc.
1430 1288 1557 1354 Mn,
1585 1289 1842 1356 Scriptor.
1881 1287 1990 1342 Vet.
2015 1286 2258 1353 Collect.,
2287 1299 2325 1344 t.
2361 1289 2404 1357 l,
2441 1298 2580 1360 part.
2609 1307 2692 1356 ιιι,
2717 1307 2772 1362 p.
2797 1290 2912 1360 54.)

2039 1470 2109 1484 _

522 1619 658 1690 Cap.
683 1617 747 1684 11,
768 1636 820 1672 v.
850 1618 939 1672 55.
972 1638 990 1670 ι
1008 1616 1214 1673 Pedum
1237 1617 1482 1688 quaedam
1505 1632 1632 1687 pars
1653 1628 1768 1674 erat
1785 1617 1984 1673 ferrea.
2013 1632 2035 1669 ι

455 1709 560 1766 Per
573 1712 726 1780 pedes
743 1711 1032 1781 imperium
1051 1710 1356 1766 Romanum
1376 1709 1647 1781 designat,
1670 1711 1872 1781 quippe
1892 1711 2037 1781 quod

455 1800 745 1868 ultimum;
781 1805 975 1876 ferreos
1005 1818 1137 1859 vero
1175 1811 1362 1874 utpote
1400 1802 1638 1859 validum
1684 1811 1740 1858 et
1792 1804 2036 1859 omnium

449 1893 768 1951 dominator
793 1896 1085 1952 exsisteus.

2220 1635 2240 1669 ‹
2281 1618 2344 1670 Οἱ
2383 1619 2542 1683 πόδες
2586 1618 2754 1688 μέρος
2787 1618 2886 1689 μέν
2919 1636 2972 1673 τι
3009 1617 3286 1690 σιδηροῦν.
3317 1638 3336 1672 ι
3375 1619 3573 1685 Πόδας
3621 1616 3724 1691 τὴ)

2143 1709 2252 1762 τῶν
2299 1707 2588 1778 Ῥωμαίων
2619 1708 2899 1779 βασιλείαν
2936 1709 3012 1772 ὡς
3055 1711 3315 1780 ἐσχάτην·
3346 1708 3638 1778 σιδηροῦς
3664 1708 3723 1761 δὲ

2143 1800 2218 1864 ὡς
2268 1801 2498 1872 ἰσχυρὰν
2533 1800 2628 1855 καὶ
2683 1801 3060 1870 ὑποτακτικὴν
3113 1801 3372 1856 ἁπάντων
3411 1799 3722 1870 τυγχάνου-

2148 1908 2270 1946 σαν.
2960 1907 2963 1910 ’

886 2200 1608 2321 FRAGMENTA
1713 2227 1842 2316 IN
1949 2226 2235 2316 ACTA
2342 2227 3276 2321 APOSTOLORUM.

2039 2451 2110 2463 -α

525 2607 667 2676 Cap.
701 2603 762 2670 11,
794 2619 848 2657 v.
880 2602 972 2654 27.
1029 2619 1048 2653 ι
1082 2600 1352 2667 Quoniam
1398 2615 1510 2655 non
1539 2573 1887 2671 derelinques
1917 2601 2037 2656 ani-

2215 2625 2234 2657 ι
2275 2606 2400 2660 ’Ότι
2453 2605 2553 2659 οὐκ
2608 2592 3034 2677 ἐγκαταλείψεις
3097 2609 3196 2680 τὴν
3252 2612 3434 2686 ψυχήν
3484 2632 3584 2685 μου
3642 2619 3722 2682 είς

463 2712 608 2752 mam
642 2709 820 2749 meam
871 2693 925 2747 in
982 2692 1218 2747 inferno.
1257 2693 1725 2758 Quemadmodum
1765 2693 2038 2764 justorum

462 2789 662 2844 anima:
703 2802 771 2841 ex
816 2784 1170 2839 inferioribus
1199 2784 1335 2838 locis
1364 2799 1488 2838 cum
1520 2784 1801 2840 Salvatore
1847 2801 2042 2841 ascen-

459 2881 686 2935 derunt.

537 2971 671 3042 Cap.
708 2969 796 3033 IV,
831 2985 882 3022 ν.
913 2966 1004 3020 27.
1048 2984 1067 3017 i
1093 2964 1486 3022 Convenerunt
1523 2967 1669 3022 enim
1694 2981 1822 3022 vere
1853 2967 2046 3022 adver-

460 3080 562 3121 sus
589 3072 836 3118 sanctum
862 3075 1091 3130 puerum
1122 3068 1272 3113 tuum
1302 3057 1509 3114 Jesum.
1527 3077 1543 3108 ι
1579 3058 1866 3113 Dominum
1888 3067 2046 3113 vocat

465 3157 712 3221 Patrem,
734 3154 1016 3210 Christum
1037 3153 1160 3223 jure
1179 3151 1400 3206 Filium.
1429 3152 1643 3207 Insidiae
1666 3151 1814 3206 enim
1835 3151 1891 3205 in
1909 3151 2043 3206 Uni-

467 3247 716 3319 genitum
747 3244 1069 3319 ceciderunt
1097 3243 1152 3297 in
1187 3240 1401 3296 Patrem
1452 3242 1544 3311 qui
1581 3243 1635 3296 in
1673 3241 1808 3296 Filio
1847 3241 2044 3310 injuria

470 3337 702 3394 alﬁcitur
733 3378 747 3402 ,
797 3335 923 3404 quia
955 3332 1294 3403 beneplacito
1323 3332 1498 3386 Patris
1546 3333 1677 3386 fecit
1717 3331 2044 3402 Unigenitus

457 3429 733 3503 .quidquid
763 3429 829 3482 de
864 3425 1262 3495 redemptionis
1289 3434 1492 3480 nostrae
1523 3423 1781 3497 mysterio
1808 3423 1935 3493 egit.

526 3607 676 3676 Cap.
702 3603 816 3670 VII,
850 3620 905 3659 ν.
939 3602 1029 3657 57.
1077 3621 1095 3654 ι
1124 3602 1432 3658 Clamantes
1470 3618 1618 3658 vero.
1657 3621 1677 3654 i
1726 3600 1863 3656 Cum
1896 3598 2043 3654 enim

457 3700 674 3756 Judacis
719 3698 792 3752 ob
837 3711 1030 3750 eorum
1077 3695 1516 3750 incredulitatem
1564 3693 1867 3764 indigeret,
1918 3705 2044 3745 eum

471 3792 727 3864 gentibus
762 3787 1044 3843 abundare
1082 3785 1214 3841 fecit
1237 3827 1252 3852 ,
1290 3796 1577 3856 postquam
1614 3800 1645 3840 a
1697 3784 1900 3839 dextris
1930 3783 2046 3838 suis

459 3884 760 3942 collocavit
787 3900 801 3936 :
831 3880 974 3950 quod
999 3888 1057 3934 tu
1087 3879 1308 3948 quidem
1342 3879 1596 3947 exiguum
1625 3884 1680 3932 et
1715 3877 1835 3932 leve
1862 3885 2043 3947 putas,

2141 2697 2296 2770 ᾅδην.
2329 2718 2348 2750 ι
2386 2699 2598 2768 Ὥσπερ
2627 2699 2681 2752 αἱ
2711 2698 2882 2769 ψυχαὶ
2925 2700 3033 2754 τῶν
3058 2702 3286 2758 δικαίων
3315 2707 3456 2776 μετὰ
3483 2707 3578 2760 τοῦ
3611 2710 3724 2761 Σω-

2139 2791 2312 2860 τῆρος
2347 2793 2411 2842 ὲκ
2460 2791 2570 2842 τῶν
2601 2791 2754 2845 κάτω
2784 2795 3002 2863 χωρίων
3043 2794 3272 2868 ἐτριψαν
3300 2800 3718 2858 ἀναϐαίνουσαι.

2146 2881 2402 2953 [Canem
2425 2881 2520 2948 111,
2555 2881 2674 2954 47.]

2219 2993 2237 3025 ι
2271 2975 2627 3044 Συνήχθησαν
2677 2974 2788 3046 γὰρ
2844 2976 2932 3030 ἐπ’
2978 2977 3238 3048 ἀληθείας
3291 2983 3383 3034 ἐπὶ
3430 2983 3522 3038 τὸν
3563 2985 3722 3050 ἅγιον

2144 3067 2311 3121 παῖδά
2342 3083 2436 3119 σου
2483 3066 2712 3137 Ἰησοῦν.
2769 3087 2788 3121 ι
2843 3069 3050 3142 Κύριον
3111 3073 3270 3126 καλεί
3323 3075 3418 3130 τὸν
3475 3078 3720 3148 Πατέρα,

2143 3158 2376 3225 Χριστὸν
2406 3157 2636 3220 εἰκότως
2668 3158 2762 3211 τὸν
2791 3160 2942 3213 Υἱόν·
2967 3164 3032 3231 τῇ
3065 3161 3174 3231 γὰρ
3205 3163 3344 3216 κατὰ
3369 3164 3461 3218 τοῦ
3489 3167 3728 3234 Μονογε-

2143 3247 2268 3310 νοῦς
2297 3247 2584 3316 ἐπιϐουλῇ,
2614 3247 2688 3305 ὼς
2717 3248 3074 3319 ὑϐριζόμενον
3110 3254 3166 3304 ἐν
3191 3255 3358 3323 αὐτῷ,
3386 3256 3475 3307 τὸν
3501 3257 3724 3330 Πατέρα

2143 3337 2486 3400 συνέπλεξεν·
2520 3339 2816 3408 ἐπειδήπερ
2847 3340 3064 3410 εὐδοκία
3110 3343 3203 3394 τοῦ
3239 3345 3471 3414 Πατρὸς.
3516 3347 3636 3400 ὅλον
3664 3349 3723 3400 τὸ

2141 3430 2285 3500 ὑπὲρ
2317 3430 2473 3501 ἡμῶν
2507 3429 2803 3500 μυστήριον
2849 3431 2879 3481 ὀ
2911 3429 3228 3503 Μονογενὴς
3272 3434 3527 3504 ἔπραξεν.
3561 3435 3721 3506 [Cm-

2141 3538 2266 3577 usa.
2294 3521 2386 3586 Ill,
2415 3520 2547 3598 81.]

2221 3631 2238 3663 ι
2277 3610 2587 3680 Κράζοντες
2625 3607 2681 3662 δὲ
2723 3609 2900 3679 φωνῇ.
2954 3627 2974 3661 ι
3015 3609 3104 3662 Ἐν
3129 3610 3236 3682 γὰρ
3293 3613 3404 3674 τοῖς
3445 3612 3720 3677 Ἰουδαίοις

2145 3703 2312 3758 αὐτὴν
2339 3701 2428 3755 διὰ
2458 3701 2556 3772 τὴν
2581 3701 2807 3754 ἐκείνων
2843 3701 3104 3756 ἀπιστίαν
3128 3703 3426 3772 πενόμενον
3467 3704 3722 3759 πλουτεῖν

2148 3793 2453 3866 πεποίηκεν
2483 3794 2540 3846 ἐν
2571 3795 2684 3855 τοῖς
2736 3791 2967 3858 ἔθνεσιν,
3015 3793 3080 3846 ὲκ
3133 3793 3324 3857 δεξιῶν
3370 3795 3532 3848 αὐτοῦ
3579 3813 3724 3867 παρ-

2153 3886 2326 3949 ιστὰς,
2371 3886 2508 3953 ὅπερ
2552 3885 2616 3936 σὺ
2661 3883 2759 3953 μὲν
2782 3883 2956 3946 δοκεῖς
2987 3879 3129 3937 εἶναι
3170 3885 3444 3948 ταπεινὸν,
3494 3885 3608 3938 ἐστι
3668 3886 3726 3942 δὲ

457 3992 597 4032 cum
621 3974 884 4055 eximium
926 3972 1083 4026 valde
1125 3970 1230 4036 sit,
1258 3977 1314 4025 et
1352 3970 1419 4024 de
1462 3969 1578 4024 solo
1595 3968 1745 4034 _Fi1io
1787 3977 2044 4038 tanquam

2149 3974 2352 4044 σφόδρα
2389 3973 2613 4042 ὑψηλὸν,
2661 3974 2752 4025 καὶ
2803 3975 2932 4043 περὶ
2975 3974 3138 4043 μόνου
3171 3973 3300 4027 Υίοῦ
3346 3975 3421 4038 ὡς
3459 3976 3595 4029 Θεοῦ
3632 3980 3727 4030 καὶ

476 4068 616 4133 Deo,
645 4065 823 4119 Patris
865 4062 1082 4132 aequali,
1119 4061 1223 4115 dici
1257 4061 1449 4131 possit.
1493 4059 1645 4115 Sicut
1685 4061 1832 4115 enim
1877 4059 2044 4113 Filius

473 4174 584 4213 non
619 4157 796 4212 solum
830 4171 860 4208 a
891 4153 1100 4208 dextris
1127 4152 1306 4206 Patris
1344 4153 1516 4216 sedet,
1556 4151 1651 4206 sed
1697 4159 1752 4206 et
1784 4166 1814 4204 a
1843 4149 2047 4205 dextris

474 4259 619 4314 stat,
653 4248 964 4317 Stephanus
996 4244 1141 4299 enim
1168 4244 1244 4298 ait
1274 4262 1288 4299 :
1331 4241 1452 4298 Vidi
1471 4243 1620 4298 caelos
1648 4253 1877 4312 apertos,
1905 4251 2044 4306 etc.;

474 4343 547 4397 ita
582 4349 638 4396 et
671 4341 834 4394 Pater
878 4346 1023 4391 stare
1055 4335 1254 4390 dicitur
1305 4349 1336 4389 a
1388 4335 1594 4389 dextris
1635 4334 1786 4399 Filii,
1833 4343 1894 4387 ut
1924 4331 2048 4387 inde

461 4437 752 4492 discamus
806 4429 1051 4486 eamdem
1103 4442 1226 4484 esse
1254 4425 1379 4481 Filii
1407 4436 1464 4482 et
1496 4426 1678 4482 Patris
1706 4425 2045 4497 dignitatem.

534 4717 679 4788 Cap.
704 4716 849 4782 XIII,
876 4733 930 4771 v.
959 4718 1051 4772 53.
1098 4737 1117 4770 ι
1147 4719 1301 4775 Sicut
1331 4726 1386 4773 et
1429 4718 1487 4772 iu
1536 4715 1748 4786 psalmo
1786 4716 2052 4787 scriptum

475 4817 557 4863 est
585 4826 598 4862 :
633 4808 805 4862 Filius
835 4823 991 4862 meus
1017 4824 1076 4863 es
1131 4819 1209 4875 tu,
1261 4825 1360 4881 ego
1382 4807 1546 4863 hodie
1573 4807 1736 4877 genui
1762 4815 1834 4862 te.
1867 4827 1884 4859 ›
1931 4807 2056 4864 Haec

475 4901 640 4957 verba
672 4902 726 4954 in
756 4900 1188 4956 incarnationem
1239 4901 1447 4956 Christi
1497 4899 1723 4955 omnino
1763 4901 2053 4970 quadrant,

473 5009 594 5064 quae
637 4995 691 5048 in
712 5000 970 5063 tempore
997 5008 1054 5049 se
1087 4993 1350 5052 exseruit.
1386 4993 1560 5049 Voces
1609 4993 1756 5048 enim
1810 4995 1960 5049 hodie
2004 5006 2059 5050 et

473 5101 591 5142 cras
621 5087 743 5141 dies
774 5085 1037 5140 inferunt.
1073 5085 1298 5141 APatre
1325 5084 1469 5138 enim
1498 5092 1626 5138 ante
1655 5094 1892 5156 tempus,
1913 5087 2059 5157 quod

473 5186 530 5233 ct
557 5177 946 5234 haereticorum
980 5175 1078 5233 ﬁlii
1102 5176 1457 5250 proﬁtentur,
1485 5175 1736 5248 gignitur.

547 5356 614 5413 ν.
647 5357 743 5411 '55.
789 5356 960 5412 «Non
1013 5357 1304 5430 permittes
1360 5365 1610 5410 sanctum
1661 5365 1813 5410 tuum
1866 5356 2054 5411 videre

368 5456 370 5458 '
476 5446 908 5518 corruptionem.
943 5468 961 5502 ι
1004 5449 1258 5504 Christus
1303 5445 1451 5501 enim
1497 5455 1742 5516 tempore
1784 5444 2054 5516 passionis

2089 5307 2136 5363 D

2147 4063 2434 4134 ὁμοουσίου
2465 4064 2767 4134 δυνάμενον
2801 4064 3079 4133 λέγεσθαι.
3113 4067 3325 4136 Ὥσπερ
3372 4068 3481 4137 γὰρ
3535 4070 3563 4122 ὁ
3599 4069 3724 4132 Υἱὸς

2147 4157 2208 4208 οὐ
2251 4155 2410 4225 μόνον
2441 4155 2675 4226 κάθηται
2714 4158 2778 4209 ὲκ
2822 4156 3010 4222 δεξιῶν
3042 4157 3138 4210 τοῦ
3171 4158 3406 4227 Πατρδς,
3436 4160 3573 4212 ἀλλὰ
3631 4164 3727 4215 καὶ

2149 4251 2213 4302 ὲκ
2261 4248 2451 4315 δεξιῶν
2486 4248 2721 4304 ἵσταται.
2775 4250 2918 4319 Φησὶ
2973 4249 3084 4320 γὰρ
3135 4250 3162 4302 ὁ
3216 4250 3509 4319 Στέφανοςο
3546 4253 3728 4306 Εἶδον

2149 4339 2289 4407 τοὺς
2333 4341 2630 4408 οὐρανοὺς
2670 4339 3088 4410 ἀνεῳγμένους
3112 4357 3128 4372 ο
3162 4340 3306 4395 οὕτω
3338 4343 3430 4394 καὶ
3453 4343 3499 4395 ,ὁ
3536 4345 3726 4414 Πατὴρ

2151 4431 2406 4486 ἵστασθαι
2435 4431 2510 4502 (1)
2566 4432 2631 4485 ὲκ
2659 4431 2853 4499 δεξιῶν
2903 4431 3127 4499 λέγεται
3164 4431 3259 4485 τοῦ
3295 4433 3446 4498 Tia-5,
3479 4434 3567 4486 ἵνα
3601 4436 3728 4504 μίαν

2151 4525 2314 4594 ἡμεῖς
2361 4523 2516 4590 ἀξίαν
2571 4523 2701 4577 Υἱοῦ
2759 4523 2856 4578 καὶ
2908 4524 3125 4596 Πατρὸς
3185 4524 3472 4596 μάθωμεν.
3513 4525 3725 4598 [Woux

2151 4617 2346 4671 Anecd.
2380 4617 2546 4673 Graec.
2572 4625 2612 4670 t.
2651 4615 2737 4681 Ill,
2760 4633 2814 4688 p.
2840 4617 2988 4688 153.]

2229 4730 2248 4762 ι
2276 4710 2360 4774 Ὡς
2391 4710 2487 4763 καὶ
2533 4711 2591 4763 ὲν
2621 4708 2824 4781 ψαλμῷ
2868 4709 3182 4781 γέγραπται
3205 4725 3220 4741 ο
3253 4709 3385 4772 Υἱός
3415 4727 3516 4780 μου
3539 4705 3592 4763 εἴ
3640 4711 3728 4773 σὺ,

2156 4803 2266 4872 ἐγὼ
2314 4803 2554 4874 σήμερον
2613 4802 2924 4873 γεγέννηκά
2981 4818 3062 4854 σε.
3103 4819 3120 4852 ι
3157 4799 3346 4854 Ταῦτα
3366 4803 3429 4871 τῇ
3458 4800 3731 4872 ὲνανθρω·

2157 4895 2321 4963 πήσει
2354 4894 2447 4947 τοῦ
2492 4893 2734 4964 Χριστοῦ
2780 4893 2983 4964 πρέπει
3016 4892 3189 4964 δήπου
3241 4891 3311 4945 τὰ
3343 4893 3588 4963 ῥήματα,
3610 4895 3734 4962 ἥτις

2157 4985 2415 5057 χρονικὴν
2470 4981 2586 5056 εἶχε
2631 4985 2733 5054 τὴν
2781 4984 3160 5055 ὲπιφοίτησιν.
3192 4984 3276 5038 Τὰ
3317 4985 3428 5054 γὰρ
3469 4983 3737 5053 σήμερον

2159 5079 2253 5132 καὶ
2283 5078 2493 5148 αὔριον
2540 5076 2767 5148 ἡμερῶν
2822 5077 2941 5128 ἐστι
2990 5075 3422 5147 παραστατικὸν.
3465 5075 3737 5145 Ἀχρόνως

2159 5171 2266 5240 γὰρ
2313 5171 2470 5241 παρὰ
2516 5170 2609 5222 τοῦ
2665 5167 2880 5240 Πατρὺς
2923 5166 3000 5230 ὡς
3049 5167 3145 5219 καὶ
3207 5168 3399 5230 παῖδες
3445 5165 3737 5236 αἱρετικῶν

2160 5261 2508 5333 ὁμολογοῦσι,
2542 5262 2812 5314 τίκτεται.
2845 5257 3186 5331 [Νοιεκίοε.
3219 5257 3308 5310 cit.
3346 5255 3495 5328 175.]

2240 5372 2258 5405 ι
2291 5355 2364 5406 Οὐ
2393 5353 2590 5416 δώσεις
2620 5353 2712 5405 τὸν
2756 5351 2904 5404 ὅσιόν
2940 5367 3034 5403 σου
3088 5350 3216 5402 ἰδεῖν
3247 5348 3567 5418 διαφθοράν.
3607 5367 3626 5400 ›
3678 5346 3740 5402 Ὀ

2161 5446 2270 5518 γὰρ
2299 5446 2537 5516 Χριστὸς
2585 5444 2727 5498 κατὰ
2759 5443 2851 5496 τὸν
2894 5441 3086 5510 καιρὸν
3121 5440 3215 5495 τοῦ
3247 5441 3452 5504 πάθους
3496 5441 3590 5494 κα)⁸
3639 5439 3742 5511 τὴν

551 5651 629 5718 (1)
666 5651 1006 5707 Ἵστασθαι.
1036 5651 1293 5709 Fortasse
1327 5651 1551 5722 respicit
1577 5650 1774 5708 Noster
1794 5652 1934 5724 psal.
1971 5667 2079 5720 cur,
2106 5652 2196 5722 5|,
2235 5654 2328 5725 qui
2360 5659 2444 5709 est
2466 5648 2841 5722 propheticus,
2867 5647 2934 5704 ad
2975 5645 3224 5702 Messium
3255 5646 3310 5700 in
3341 5644 3532 5716 primis
3567 5643 3743 5719 perti-

483 5729 645 5775 nens.
