4038 6226
369 312 506 376 1389
598 363 604 368 ,
1355 316 1819 378 FRAGMENTA
1859 315 1940 374 IN
1977 315 2216 376 EPIST.
2354 317 2601 379 PETRI.
3304 288 3305 291 ί
3487 325 3619 389 1390

363 426 542 498 ψυχὴν
588 430 781 486 ἑαυτοῦ
816 432 909 486 καὶ
941 432 1000 484 τὸ
1046 431 1204 500 σῶμα
1252 431 1422 501 χωρὶς
1454 430 1658 500 φθορᾶς
1712 429 1787 492 ὡς
1813 426 1948 490 Θεὸς

2051 441 2163 482 suae
2187 437 2240 483 et
2268 429 2503 483 animam
2544 446 2697 484 suam
2745 439 2798 484 et
2824 446 3021 500 corpus
3067 449 3095 487 a
3143 436 3512 508 corruptione,
3563 453 3620 494 ut

366 523 706 593 διεφύλαξεν.
741 522 954 594 [Νοιγ.
993 523 1089 576 loc.
1131 523 1221 576 cit.
1257 520 1406 594 l77.]

1302 520 1406 594 77.]
2055 517 2224 586 Deus,
2263 519 2505 575 immune
2532 524 2897 578 conservavit.

1783 695 2092 706 —-——-——-_

2099 695 2297 708 _._.—_

686 853 1404 948 FRAGMENTA
1504 855 1631 944 IN
1740 853 2527 946 EPISTOLAMI
2633 858 2726 946 S.
2843 859 3298 954 JACOBI.

1465 1046 1655 1118 (Vorm.
1711 1047 1908 1102 Anecd.
1937 1046 2104 1106 Gram.
2137 1056 2177 1103 t.
2209 1047 2301 1112 111,
2336 1065 2386 1119 p.
2422 1050 2534 1120 58.)

453 1383 473 1416 ι
505 1362 778 1423 Ἕκαστος
821 1359 879 1412 δὲ
932 1353 1277 1428 πειράζεται,
1312 1353 1418 1408 ὑπὸ
1463 1354 1560 1424 τῆς
1598 1354 1730 1418 ἰδίας
1761 1355 1954 1410 ἐπιθυ-

2128 1356 2260 1426 Cap.
2302 1357 2341 1422 Ι,
2387 1357 2560 1411 v.14.
2619 1377 2638 1410 ι
2680 1358 3071 1431 Unusquisque
3125 1377 3252 1418 vero
3305 1372 3542 1420 tentatur
3594 1385 3621 1422 a

381 1456 507 1526 μίας
534 1453 908 1522 ἐξελκόμενος.
949 1469 968 1502 ι
1016 1449 1215 1510 Ὧδῖνες
1249 1447 1483 1502 θανάτου
1517 1447 1573 1499 αί
1613 1446 1723 1499 τῶν
1775 1447 1954 1517 ἁμαρ-

2057 1447 2504 1518 concupiscentia
2529 1464 2627 1502 sua
2654 1450 2982 1506 abstractus.
3021 1473 3037 1504 ι
3071 1455 3410 1527 Cupiditates
3434 1473 3627 1528 pecca—

377 1547 563 1613 τωλῶν
594 1543 878 1614 ἐπιθυμίαι
906 1541 1262 1611 τυγχάνουσι.

2060 1550 2236 1595 torum
2275 1550 2402 1594 sunt
2424 1539 2640 1594 dolores
2667 1543 2860 1598 mortis
2893 1544 2992 1614 (2).

341 1637 349 1693 '.
455 1656 474 1687 ι
534 1635 959 1704 Κατακαυχᾶται
1011 1632 1162 1694 ἕλεος
1223 1629 1480 1702 κρίσεως.
1545 1649 1564 1682 ι
1625 1629 1839 1702 Ὠσπερ
1897 1632 1936 1684 τὲ

2131 1630 2264 1700 Cap.
2299 1630 2365 1697 ll,
2409 1647 2460 1684 ν.
2507 1631 2592 1685 15.
2633 1651 2650 1682 ι
2689 1631 2966 1687 Gloriatur
3017 1634 3392 1692 misericordia
3439 1651 3628 1696 contra

379 1727 559 1779 ἔλαιον
589 1723 976 1789 ὲξολισθαίνειν
1006 1723 1136 1785 τοὺς
1181 1721 1420 1792 ἀθλητὰς
1471 1722 1573 1785 τὰς
1621 1725 1811 1792 χεῖρας
1848 1721 1958 1776 τῶν

2055 1722 2343 1793 judicium.
2376 1741 2393 1773 ι
2448 1721 2604 1777 Sicut
2650 1723 2831 1778 oleum
2865 1723 3028 1779 efficit
3074 1735 3132 1780 ut
3172 1728 3389 1784 athletae
3430 1731 3629 1786 adver-

381 1816 673 1871 ἀντιδίκων
727 1817 891 1880 ποιεῖ,
922 1814 1096 1878 οὕτως
1142 1815 1177 1885 ἡ
1219 1814 1564 1885 ἐλεημοσύνη
1597 1815 1725 1877 τοὺς
1752 1813 1959 1881 ταύτης

2061 1813 2331 1868 sariorum
2363 1827 2588 1868 suorum
2623 1813 2876 1867 manibus
2906 1813 3226 1882 elabantur;
3271 1815 3345 1870 ita
3387 1817 3628 1873 eleemo-

381 1905 756 1973 ἀσκουμένους
783 1903 1054 1956 ἐκκλίνειν
1086 1903 1182 1956 καὶ
1223 1901 1560 1971 ἀποφεύγειν
1605 1902 1960 1971 παρασκευά-

2062 1917 2320 1974 synarum
2358 1904 2576 1974 largitio
2603 1902 2790 1969 efficit,
2825 1913 2904 1968 ut,
2932 1905 3025 1976 qui
3050 1905 3126 1960 illi
3145 1905 3383 1973 student,
3419 1906 3627 1963 dzemo-

381 1993 616 2058 ζειτοῦς
653 1995 938 2064 δαίμονας.
1105 1981 1126 2002 ’

2063 2009 2161 2048 nes
2188 1994 2450 2066 effugiant
2478 2003 2534 2050 et
2571 1997 2797 2050 evitent.

457 2104 475 2138 ι
515 2086 624 2157 Τὴν
650 2087 706 2139 δὲ
732 2085 982 2154 γλῶσσαν
1007 2083 1203 2148 οὐδείς.
1240 2103 1259 2137 ι
1302 2083 1574 2156 Καθάπερ
1611 2085 1720 2153 γὰρ
1755 2087 1789 2156 ἡ
1821 2088 1960 2158 ῥομ-

2132 2084 2265 2155 Cap.
2308 2086 2414 2149 lll,
2465 2102 2518 2141 v.
2565 2087 2618 2140 8.
2661 2086 2964 2156 «Linguam
3010 2102 3140 2142 vero
3187 2104 3368 2145 nemo.
3401 2108 3419 2142 ι
3479 2090 3633 2149 Sicut

395 2178 532 2245 φαία
558 2177 880 2247 ὲτοιμοτέρα
907 2177 1042 2246 πρὸς
1071 2176 1267 2247 τομὴν,
1321 2174 1388 2229 ἂν
1414 2175 1681 2248 ἁκονηθῇ,
1710 2178 1804 2231 καὶ
1841 2179 1964 2244 ὀξυ-

2063 2176 2210 2231 enim
2239 2176 2470 2248 gladius,
2501 2177 2546 2233 si
2581 2190 2839 2244 acuatur,
2868 2178 2936 2233 ad
2963 2180 3280 2235 caedendum
3327 2182 3506 2252 aptior
3529 2225 3544 2248 ,
3576 2192 3633 2238 et

381 2268 516 2339 τέρα
577 2269 714 2338 προς
777 2268 1060 2337 ἀναίρεσιν
1131 2267 1392 2335 γίνεται,
1445 2266 1619 2332 οὕτως
1666 2270 1700 2338 ἡ
1746 2267 1964 2337 γλῶσσα

2063 2267 2129 2322 ad
2159 2269 2513 2324 occidendum
2544 2271 2753 2325 acutior
2796 2271 3040 2326 redditur
3069 2289 3083 2326 :
3119 2273 3193 2328 ita
3230 2273 3412 2345 lingua
3441 2316 3455 2339 ,
3508 2291 3629 2345 qua

380 2357 669 2429 δυσχερὴς,
689 2359 784 2412 καὶ
812 2357 935 2412 καθ’
963 2358 1164 2430 ἑαυτὴν
1190 2360 1269 2422 εἰς
1290 2359 1349 2410 τὸ
1375 2359 1602 2429 ⁴ὴρεμεῖν
1620 2361 1964 2430 τυγχάνουσα

2065 2374 2163 2430 per
2189 2375 2249 2414 se
2278 2360 2569 2416 difficulter
2618 2362 2673 2416 in
2714 2363 2899 2432 quiete
2927 2364 3239 2418 continetur
3262 2404 3277 2430 ,
3334 2381 3437 2421 nec
3476 2366 3631 2423 facile

383 2452 478 2504 xui.
523 2449 911 2516 δυσκάθεκτος,
966 2451 1087 2504 τότε
1144 2451 1502 2521 χαλεπωτέρα
1553 2451 1792 2518 γίνεται,
1835 2451 1963 2504 ὅταν

2063 2451 2305 2505 coerceri
2324 2459 2524 2522 potest,
2548 2452 2867 2507 insolentior
2898 2453 3099 2520 evadit,
3127 2455 3224 2509 sia
3249 2455 3406 2512 malis
3423 2455 3631 2524 fallere,

384 2541 539 2614 παρὰ
567 2540 676 2594 τῶν
722 2541 980 2611 πονηρῶν
1025 2543 1383 2610 συκοφαντεῖν
1417 2541 1515 2595 καὶ
1553 2541 1818 2611 λοιδορεῖν
1869 2545 1964 2596 καὶ

1417 2541 1515 2595 καὶ
1553 2541 1818 2611 λοιδορεῖν
1869 2545 1964 2596 καὶ
2063 2541 2386 2596 calumniari
2415 2552 2469 2597 et
2505 2542 2781 2598 criminari
2812 2543 3008 2599 discat.

383 2633 692 2706 διαϐάλλειν
725 2632 994 2702 ἐθίζηται.

465 2745 484 2779 ι
527 2725 917 2795 Ταπεινώοητε
948 2724 1178 2778 ἐνώπιον
1209 2724 1303 2777 τοῦ
1335 2725 1564 2796 Κυρίου.
1613 2744 1631 2777 ι
1672 2725 1962 2794 Μακάρων

2134 2717 2262 2787 Cap.
2300 2716 2389 2784 ιν,
2436 2737 2488 2774 v.
2535 2718 2619 2773 10.
2664 2739 2682 2772 ι
2714 2718 3090 2790 Subjiciamini
3121 2738 3300 2778 coram
3327 2723 3573 2781 Domino.
3609 2748 3627 2780 ι

385 2816 619 2870 ἐνώπιον
649 2815 786 2869 Θεοῦ
829 2815 1240 2869 ταπεινοῦσθαι.
1290 2815 1430 2885 Φησὶ
1473 2817 1581 2887 γὰρ
1610 2818 1638 2868 ὁ
1687 2816 1962 2880 Ἰάκωϐος·

2065 2809 2226 2864 Beata
2262 2824 2370 2874 res,
2414 2823 2598 2863 coram
2620 2810 2732 2864 Deo
2763 2805 3058 2867 humiliari.
3083 2811 3321 2869 Jacobus
3351 2817 3496 2871 enim
3524 2820 3633 2876 ait:

393 2905 798 2974 Ταπεινώθητε
820 2907 1079 2960 ἐνώπιον
1107 2907 1350 2973 Κυρίου,
1373 2906 1472 2960 καὶ
1511 2907 1744 2975 ὑψώσει
1789 2906 1962 2976 ὑμᾶς.

2065 2894 2366 2949 Humilietis
2385 2912 2469 2949 vos
2482 2913 2660 2950 coram
2672 2897 2917 2963 Domino,
2936 2910 2984 2954 et
3003 2902 3260 2956 exaltabit
3280 2921 3386 2959 vos.
3409 2905 3637 2972 Quando

389 2999 561 3052 Ὅταν
606 2999 788 3052 τοίνυν
821 2998 965 3052 οὕτω
1008 2997 1456 3069 ταπεινωθῶμεν,
1489 2998 1590 3051 κᾶν
1623 2999 1726 3051 ὑπὸ
1753 2997 1964 3069 ἀνθρὼ-

2066 2984 2248 3055 itaque
2278 2987 2357 3041 sic
2386 2987 2620 3042 humiles
2657 2990 2967 3056 reddimur,
3000 2993 3212 3048 etiamsi
3237 3011 3266 3050 a
3297 2996 3637 3055 damonibus

389 3105 508 3142 πων
540 3088 842 3158 μισούντων
897 3088 997 3151 τὰς
1037 3088 1238 3159 ἀρετὰς
1293 3087 1714 3159 πολεμηθῶμεν,
1765 3087 1960 3159 ἔχομεν

2070 3088 2352 3134 struantur
2376 3078 2610 3144 insidiae,
2641 3082 2853 3136 etiamsi
2887 3083 2954 3137 ab
3003 3084 3317 3142 hominibus
3376 3091 3637 3147 virtutum

389 3180 480 3233 τὸν
509 3179 641 3232 Θεὸν
697 3177 1104 3249 ἐξαιρούμενον,
1143 3178 1304 3248 μόνον
1351 3178 1438 3232 ἵνα
1484 3179 1577 3232 τοῦ
1602 3181 1766 3250 νόμου
1795 3179 1962 3233 αὐτοῦ

2069 3171 2318 3225 osoribus
2347 3184 2725 3241 Oppugnemur
2749 3213 2762 3236 ,
2800 3172 2970 3228 Deum
3008 3182 3189 3230 tamen
3224 3178 3490 3236 habemus
3539 3199 3637 3238 nos

394 3273 469 3342 μὴ
493 3268 900 3339 ἐπιλαθώμεθα,
940 3267 1074 3340 μηδὲ
1105 3268 1479 3337 ἀποκακῶμεν
1507 3270 1563 3324 ὲν
1591 3271 1710 3332 ταῖς
1729 3268 1962 3339 θλίψεσι.

2070 3261 2420 3323 exaltantem,
2449 3262 2610 3317 modo
2639 3263 2772 3334 legis
2797 3265 2915 3335 ejus
2948 3282 3056 3320 non
3096 3269 3505 3337 obliviscamur,
3538 3290 3640 3329 ne-

390 3362 528 3432 ψησι
557 3348 665 3432 γάρ
703 3362 731 3413 ὁ
777 3359 940 3413 Δαϐίδ
962 3375 978 3390 ο
1015 3358 1137 3414 Ἴδε
1167 3359 1280 3428 τὴν
1308 3360 1672 3414 ταπείνωσιν
1693 3377 1834 3429 μου,
1866 3361 1967 3415 και

2071 3366 2178 3421 que
2207 3351 2262 3406 in
2291 3351 2692 3408 calamitatibus
2717 3353 3151 3426 languescamus.
3184 3357 3350 3416 David
3383 3363 3527 3417 enim
3555 3364 3641 3421 in-

389 3452 609 3518 ὲξελοῦ
654 3471 754 3524 με,
801 3452 890 3506 ὅτι
925 3451 1032 3506 τοῦ
1058 3452 1244 3522 νόμου
1269 3468 1388 3506 σου
1424 3453 1536 3507 οὐκ
1565 3453 1965 3522 ἐπελαθόμην.

2071 3443 2225 3512 quit:
2261 3443 2384 3498 Vide
2416 3444 2758 3514 dejectionem
2815 3463 2986 3500 meam
3010 3487 3025 3512 ,
3061 3458 3108 3502 et
3143 3449 3307 3509 libera
3345 3470 3424 3507 me
3445 3494 3460 3520 ,
3513 3458 3638 3525 quia

1552 3526 1558 3536 ’
2072 3532 2196 3603 legis
2230 3542 2333 3586 tua:
2363 3549 2466 3588 non
2491 3550 2606 3588 sum
2637 3533 2830 3589 oblitus
2858 3537 2897 3589 ¹.

471 3648 491 3682 ι
521 3631 658 3700 Ἀγε
685 3628 801 3695 νῦν,
829 3629 878 3681 oi
908 3623 1175 3679 πλούσιοι.
1203 3642 1220 3675 ι
1255 3625 1520 3693 Προλέγει
1545 3626 1642 3693 τὴν
1668 3621 1960 3692 τιμωρίαν,

2139 3621 2274 3691 Cap.
2309 3622 2371 3688 V,
2403 3639 2456 3677 v.
2494 3623 2544 3676 1.
2592 3641 2609 3673 ι
2635 3623 2789 3693 Agite
2829 3624 3030 3692 itaque,
3061 3640 3095 3678 ο
3133 3626 3348 3682 divites.
3381 3647 3400 3680 ι
3433 3629 3637 3684 Praadi-

393 3722 482 3774 διὰ
511 3718 944 3788 φιλανθρωπίαν,
992 3713 1079 3765 ίνα
1112 3715 1547 3784 μετανοήσαντες
1587 3712 1692 3777 ἔξω
1721 3713 1964 3779 γένοιντο

2069 3710 2397 3781 οἰιρωηιιηι,
2424 3728 2610 3766 amore
2643 3713 2928 3768 hominum
2961 3715 3181 3781 ductus,
3205 3726 3286 3786 ut,
3318 3722 3633 3788 pmnitentia

354 3811 356 3814 ’
395 3808 502 3863 τῶν
530 3809 958 3877 ἀπειλουμένων.

2069 3809 2207 3864 acta,
2238 3800 2394 3854 liberi
2425 3801 2724 3855 evaderent
2765 3819 2794 3855 a
2834 3804 2988 3858 malis
3033 3805 3495 3875 impendentibus.

467 3946 485 3978 ί
515 3941 658 3998 Psal.
682 3959 867 4009 cxvm,
905 3944 1026 3998 155.

3259 4110 3573 4125 _———..-

672 4272 1495 4364 FRAGMENTUM
1603 4271 1728 4359 IN
1837 4264 2504 4359 EPISTOLAM
2611 4271 2646 4358 1
2753 4270 2847 4361 S.
2956 4272 3354 4364 PETRI.

3628 4481 3638 4492 ,
3673 4399 3681 4487 ξ

359 4608 365 4624 ’
468 4617 487 4650 ι
511 4599 572 4650 '0
594 4595 702 4666 γὰρ
751 4595 922 4650 θέλων
951 4595 1097 4666 ζωὴν
1138 4598 1379 4668 ἀγαπᾷν.
1420 4615 1440 4650 ι
1471 4597 1547 4667 (5)
1610 4597 1875 4651 Ἐνταῦθα
1905 4598 1954 4652 τὶ

2036 4613 2044 4652 ι
2134 4599 2266 4667 Cap.
2299 4597 2392 4663 111,
2426 4615 2478 4653 v.
2510 4598 2596 4654 10.
2628 4615 2646 4650 ι
2671 4595 2776 4664 Qui
2799 4599 2947 4653 enim
2987 4599 3154 4654 vitam
3191 4600 3305 4656 vult
3340 4599 3584 4672 diligere.
3613 4621 3631 4654 ι

396 4691 529 4757 Τίς;
555 4691 654 4759 οὐχ
682 4689 759 4753 ὼς
788 4688 1124 4760 ἀποροῦντος
1151 4689 1247 4744 τοῦ
1275 4690 1564 4760 προφήτου
1594 4694 1792 4754 κεῖται,
1823 4689 1960 4744 ἀλλὰ

2070 4688 2187 4744 Vox
2220 4688 2393 4753 Quis?
2431 4689 2534 4744 hoc
2562 4689 2682 4744 loco
2725 4704 2835 4743 non
2874 4698 2958 4744 est
2998 4691 3280 4760 propheta
3314 4691 3635 4762 dubitantis,

392 4783 806 4854 μακαρίζοντος,
843 4783 939 4836 xui.
974 4781 1173 4851 μᾶλλον
1212 4783 1636 4854 προτρέποντος,
1681 4783 1812 4846 ἴσως
1864 4783 1960 4838 καὶ

2066 4779 2160 4834 sed
2188 4778 2399 4834 felicem
2428 4779 2800 4849 praedicantis,
2831 4780 2916 4834 vel
2957 4781 3138 4851 potius
3171 4783 3481 4851 excitantis,
3521 4783 3637 4840 for-

389 4873 741 4945 ὰποροῦντος.
782 4875 845 4926 Oi
897 4873 1005 4945 γὰρ
1052 4873 1238 4927 πολλοὶ
1281 4875 1342 4928 οὐ
1398 4873 1612 4928 θέλουσι
1665 4874 1764 4946 τὴν
1791 4874 1959 4940 ὅντως

2067 4880 2211 4925 tasse
2244 4877 2426 4924 tamen
2463 4869 2628 4923 etiam
2682 4870 3002 4927 dubitantis.
3032 4871 3286 4944 Plerique
3335 4876 3480 4930 enim
3527 4891 3635 4930 non

391 4966 538 5038 ζωὴν
591 4965 694 5018 ὑπὸ
722 4966 820 5035 τῆς
871 4964 967 5019 τοῦ
1023 4966 1362 5037 προσκαίρου
1409 4965 1810 5036 δελεαζόμενοι,
1835 4964 1958 5018 οὐδὲ

2064 4971 2250 5017 amant
2285 4961 2457 5018 vitam
2496 4977 2624 5017 vere
2652 4963 2838 5029 talem,
2863 4965 3090 5020 inescati
3121 4967 3327 5022 scilicet
3355 4983 3384 5021 a
3413 4975 3636 5022 temera-

392 5059 519 5111 ἰδεῖν
549 5059 840 5127 ἀγαπῶσιν
890 5059 1108 5130 ἡμέρας
1157 5059 1372 5128 ἀγαθὰς
1397 5059 1498 5123 τὰς
1529 5059 1625 5113 τοῦ
1679 5058 1963 5129 μέλλοντος

2062 5053 2141 5106 ria
2170 5052 2294 5119 ista,
2325 5068 2505 5123 neque
2555 5052 2744 5109 videre
2791 5055 3108 5112 desiderant
3143 5058 3260 5113 dies
3302 5057 3488 5113 felices
3512 5059 3636 5112 vitae

385 5152 454 5219 τῇ
483 5150 624 5204 κατὰ
652 5153 744 5205 τδν
765 5153 1010 5224 παρόντα
1039 5151 1156 5223 βίον
1173 5152 1446 5224 εὐημερίᾳ
1474 5152 1855 5222 προσέχοντες.

2063 5142 2400 5200 imminentis
2428 5184 2444 5211 ,
2497 5147 2876 5216 tranquillitati
2910 5151 3198 5220 praesentis
3247 5150 3372 5205 vita:
3426 5155 3637 5206 tantum

2063 5239 2280 5296 intenti.

459 5370 535 5440 (2)
597 5370 692 5457 Est
731 5373 834 5457 ille
863 5373 1054 5455 procul
1101 5373 1265 5457 dubio
1312 5371 1656 5457 Hesycbius.
1678 5369 1959 5457 presbyter
2059 5389 2341 5457 mos,_quae
2363 5385 2562 5457 exstat,
2587 5376 2785 5457 frustra
2809 5379 3199 5457 quaesiviquod
3230 5381 3367 5435 etde
3387 5379 3633 5448 reliquis,

387 5439 931 5518 Hiemsotymitamis,
953 5443 1395 5518 scriptorsaiculi
1422 5439 1664 5518 v,'cu_jus
1700 5439 1959 5508 frequens
2056 5439 2292 5518 quaa’hic
2322 5439 2645 5518 sequuntur,
2675 5439 2993 5518 fragmentis
3023 5439 3228 5505 dictum
3262 5461 3363 5507 est.

388 5520 472 5567 est
502 5511 554 5564 in
586 5509 806 5587 Catenis
851 5509 1135 5582 speciatim
1183 5513 1235 5566 in
1268 5511 1531 5587 Psalmos.
1562 5511 1616 5563 in
1644 5525 1781 5578 quos
1806 5526 1958 5562 com-
2073 5509 2089 5514 ’
2133 5515 2208 5584 (ὅ)
2231 5509 2415 5587 Locus'
2433 5517 2521 5571 hic
2538 5509 2789 5585 lleSychii
2820 5521 3008 5587 procul
3039 5521 3204 5575 dubio
3230 5539 3294 5576 ex
3325 5523 3638 5579 Comment.

389 5582 686 5664 mentiarius
709 5583 828 5649 ejus
863 5598 991 5636 mss.
1021 5591 1273 5664 eat-parte
1307 5582 1448 5664 apud
1478 5595 1563 5664 me
1590 5587 1784 5641 exstat,
1807 5594 1961 5664 meq-
2059 5582 2267 5664 ejusin
2296 5586 2537 5664 Psaltpos
2566 5582 2905 5664 petitu_s__est,
2929 5590 3027 5664 91ιίΔ
3056 5606 3249 5664 xxsm,
3274 5593 3340 5648 15
3397 5594 3595 5664 legitur
3622 5609 3636 5646 :

373 5653 485 5730 'ti_o.
523 5651 685 5730 Forte
724 5667 956 5730 sequens
976 5650 1268 5730 eﬁplicatio
1307 5654 1373 5705 ad
1405 5650 1679 5730 Psalmum
1725 5664 1857 5730 imi,
1905 5650 1959 5730 ξ,

2060 5650 2156 5730 Ιξίς
2187 5658 2335 5730 εστιν
2365 5650 2650 5730 ἄνθριοτὶος
2677 5660 2705 5710 ὁ
2731 5650 2904 5711 θέλων
2925 5650 3101 5730 ζωήνς
3138 5660 3194 5718 In
3217 5650 3418 5728 Catena
3451 5650 3635 5722 tamen

395 5724 460 5778 ab
480 5738 546 5778 eo
568 5723 727 5778 allata
756 5719 878 5778 fuit.
910 5723 969 5777 ln
999 5722 1242 5778 Corderii
1275 5730 1457 5776 tamen
1491 5721 1691 5775 Catena
1725 5720 1776 5771 in
1813 5719 1960 5774 l’sal-
2059 5725 2392 5782 Corderiana
2433 5719 2486 5780 in
2525 5726 2764 5784 l’salmos
2802 5743 2914 5784 non
2935 5719 3167 5802 legitur,
