4038 6226
432 390 570 456 1395

503 593 620 647 Non
644 591 890 648 absolute
913 591 1163 647 Christus
1196 593 1264 647 de
1300 593 1392 646 illo
1422 591 1594 646 dixit:
1623 589 1722 645 Hic
1755 599 1827 644 est
1859 589 2009 644 Elius

432 682 524 751 qui
549 690 806 735 venturus
831 691 946 746 est;
985 681 1077 737 sed
1108 681 1434 751 praeposuit:
1471 679 1529 734 Si
1563 679 1717 734 vultis
1756 681 2009 747 recipere,

434 772 517 823 hic
545 779 621 824 est
660 770 831 824 Elias.
863 769 976 825 Hoc
1001 779 1183 826 autem
1219 771 1469 826 elocutus
1497 779 1601 835 est,
1641 769 1788 840 quod
1819 770 1866 823 is
1911 770 2014 823 mi-

436 862 728 917 nisterium
767 861 898 918 Elia:
927 863 1326 932 adimpleverit.
1369 863 1589 918 Exstitit
1619 863 1819 932 quippe
1857 858 2016 915 Joan-

1616 387 1974 450 HESYCHII
2023 383 2497 446 PRESBYTERI

1104 503 1330 558 Salutio.
2039 504 2085 558 Α

3556 355 3691 422 1396

2795 485 3004 549 Λύσις.

2184 586 2296 640 Ούκ
2321 579 2784 653 ἀπροσδιορίστως
2805 579 2833 630 ὁ
2859 573 3092 646 Χριστὸς
3122 571 3250 642 περὶ
3277 567 3443 623 αὐτοῦ
3486 561 3640 620 εἶπεν
3673 586 3686 599 ο

2119 676 2309 746 οὗτός
2340 679 2510 732 ἐστιν
2568 674 2770 738 Ἠλίας
2813 674 2846 725 d
2887 669 3134 739 μέλλων
3176 666 3462 734 ἔρχεσθαι
3488 679 3503 694 ο
3553 661 3691 716 ἀλλὰ

2117 771 2416 842 προέταξεν
2459 769 2541 832 τὸ,
2581 768 2648 821 Et
2694 764 2900 820 θέλετε
2951 759 3261 825 δέξασθαι,
3285 752 3466 821 οὗτός
3519 755 3694 808 ἐστιν

2129 866 2356 929 Ἠλίας.
2381 861 2554 938 Τοῦτο
2587 860 2645 913 δὲ
2687 854 2830 920 εἷπε,
2859 856 2948 910 διὰ
2975 854 3042 910 τὸ
3081 851 3180 922 τὴν
3217 847 3493 903 διακονίαν
3531 843 3696 938 αὑτὸν

439 966 536 1005 nes
575 949 884 1008 Praecursor
914 953 1073 1022 primi
1109 953 1307 1007 Christi
1347 955 1637 1019 adventus,
1682 952 1823 1007 sicut
1870 952 2016 1006 Elias

2152 957 2207 1011 οὔ
2252 955 2432 1010 Ἠλιοῦ
2485 936 2930 1023 πεπληρωκέναι.
2955 945 3272 1016 Πρόδρομος
3325 940 3435 1009 γὰρ
3467 938 3568 1009 τῆς
3597 936 3694 990 τοῦ

438 1043 546 1096 erit
576 1045 825 1099 secundi.

1034 1216 1320 1288 Diﬂicultas
1363 1232 1440 1271 ιιι.

514 1308 634 1377 Quo
666 1311 827 1365 modo
861 1311 1098 1366 Joannes
1121 1311 1452 1381 evangelista
1487 1309 1691 1364 inducit
1723 1307 2016 1378 Baptistam

2115 1046 2354 1118 Χριστοῦ
2435 1041 2742 1114 παρουσίας
2809 1039 3062 1105 Ἰωάννης
3158 1031 3497 1100 γεγένηται,
3555 1025 3698 1080 καθὰ

2129 1137 2314 1201 Ἠλίας
2353 1135 2454 1206 τῆς
2479 1134 2741 1204 δευτέρας
2769 1130 3084 1199 γενήσεται.

2787 1219 3046 1273 Ἀποοία.

2793 1235 2924 1273 mw
2965 1235 3046 1270 ta.

2194 1316 2318 1380 Πῶς
2350 1316 2604 1385 Ἰωάννης
2637 1315 2664 1365 ὁ
2697 1235 3093 1379 εὐαγγελῗστὴς
3138 1303 3416 1358 ἐκτίθεται
3453 1300 3546 1353 τὸν
3589 1299 3699 1353 Βα-

445 1405 514 1458 tle
539 1404 760 1459 Christo
781 1403 1053 1459 dicentem
1079 1404 1190 1457 sic:
1223 1403 1332 1473 Ego
1359 1402 1646 1456 nesciebam
1681 1417 1797 1454 eum
1820 1401 1866 1452 ’ἲ
1885 1399 2018 1456 Nam

2152 1407 2351 1476 πιστὴν
2381 1406 2456 1477 (5)
2481 1406 2608 1475 περὶ
2637 1403 2728 1456 τοῦ
2753 1399 2990 1472 Χριστοῦ
3019 1397 3267 1465 λέγοντα,
3298 1395 3380 1447 ὅτι
3409 1390 3556 1462 Ἐγὼ
3590 1394 3703 1445 οὐκ

448 1496 495 1550 si
519 1497 816 1558 nesciebat.
842 1512 1011 1566 quare
1052 1496 1201 1549 illum
1243 1494 1506 1564 baptizari
1545 1494 1856 1564 cupientem
1891 1509 2018 1562 pro—

450 1586 673 1642 hibebat
698 1589 741 1653 ⁹,
776 1587 964 1640 dicens
985 1600 1103 1655 quae
1135 1601 1165 1638 a
1203 1584 1454 1639 Matthan
1483 1583 1818 1638 referuntur.

1101 1758 1325 1814 Salutio.

2121 1498 2292 1567 ᾔδειν
2325 1499 2552 1559 αὑτόνς
2586 1497 2648 1548 Εἰ
2689 1493 2799 1564 γὰρ
2849 1493 2949 1545 οὐκ
2999 1490 3139 1560 ᾔδει,
3176 1485 3294 1549 πῶς
3341 1483 3704 1554 βαπτισθῆναι

2123 1589 2346 1640 θέλοντα
2380 1585 2676 1640 διεκώλυεν
2706 1583 2902 1647 αὑτὸν,
2934 1581 3110 1649 λέγων
3149 1579 3294 1648 ἅπερ
3320 1575 3398 1646 τῷ
3430 1575 3701 1644 Ματθαίῳ

2126 1679 2433 1747 ἱστόρηται.

3719 1693 3729 1797 ἐ

2822 1764 3031 1827 Λύσις.

515 1848 651 1904 Cum
680 1849 788 1904 sint
827 1858 1059 1918 quatuor
1109 1851 1480 1921 cognitiones;
1527 1865 1624 1920 per
1681 1851 1884 1913 visum,
1927 1865 2024 1920 per

2197 1858 2494 1928 Τεσσάρων
2523 1857 2777 1927 γνώσεων
2805 1854 2983 1908 ούσῶν
3004 1871 3017 1885 ο
3051 1855 3150 1923 τῆς
3165 1849 3234 1904 δι’
3258 1849 3457 1919 ὅψεως,
3483 1847 3581 1916 τῆς
3617 1844 3705 1898 διὰ

453 1941 813 2010 prophetiam,
876 1957 972 2012 per
1027 1943 1296 2008 auditum,
1342 1952 1396 1996 et
1456 1958 1554 2012 per
1597 1944 2022 2014 experientiam;

2127 1949 2487 2024 προφητείας,
2516 1948 2615 2018 τῆς
2647 1947 2717 2000 δι’
2750 1944 2944 2013 ἀκοῆς,
2969 1943 3069 2012 τῆς
3097 1941 3184 1995 διὰ
3208 1941 3429 2012 πείρας·
3459 1940 3580 1999 ταῖς
3609 1937 3706 2006 μὲν

453 2032 627 2087 tribus
646 2033 864 2104 quidem
894 2033 1167 2104 prioribus
1198 2049 1305 2088 non
1338 2034 1472 2089 dicit
1519 2050 1576 2089 se
1606 2035 1889 2099 nesciisse,
1931 2035 2027 2089 sed

2152 2042 2303 2114 τρισὶν
2331 2040 2390 2093 οὐ
2431 2039 2578 2106 λέγει
2613 2038 2774 2092 αὑτὸν
2811 2034 3163 2105 ἠγνοηκέναι,
3189 2031 3325 2085 ἀλλὰ
3365 2031 3431 2100 τῇ
3471 2028 3704 2097 τετάρτῃ

453 2132 667 2192 quarta,
703 2139 800 2194 per
830 2123 1220 2194 experientiam
1239 2125 1510 2179 videlicet.
1542 2125 1656 2180 Hac
1675 2125 1819 2179 enim
1849 2125 2027 2196 ipsum

2152 2136 2196 2204 τῇ
2223 2131 2313 2185 διὰ
2338 2131 2558 2201 πείρας.
2596 2128 2782 2198 Ταύτῃ
2804 2127 2912 2198 γὰρ
2946 2124 3108 2178 αὑτὸν
3160 2123 3320 2193 μέχρι
3363 2119 3456 2174 τοῦ
3511 2118 3706 2188 βαπτί-

457 2231 626 2285 usque
657 2216 722 2271 ad
758 2216 1110 2286 baptismum,
1145 2227 1200 2270 et
1233 2216 1458 2286 spiritus
1487 2217 2028 2286 contemplationem,

455 2299 760 2370 ignorabat.
799 2299 952 2354 Sicut
979 2309 1034 2355 et
1068 2301 1238 2354 Adam
1273 2301 1474 2355 bonum
1511 2311 1565 2355 et
1593 2302 1793 2357 malum
1825 2303 1867 2333 ¹⁰
1931 2318 2030 2357 ne-

2135 2241 2361 2295 σματος,
2393 2225 2488 2276 καὶ
2520 2219 2610 2274 τοῦ
2643 2219 2959 2289 Πνεύματος
2989 2215 3243 2286 Θεωρίας,
3285 2211 3494 2283 ἠγνόει.
3522 2209 3709 2264 Καθά-

2136 2334 2244 2388 περ
2273 2317 2370 2370 καὶ
2411 2315 2602 2383 Ἀδὰμ,
2634 2313 2696 2366 τὸ
2726 2311 2891 2365 καλὸν
2931 2309 3021 2363 καὶ
3067 2307 3297 2376 πονηρὸν
3343 2305 3444 2357 οὐκ
3481 2303 3600 2373 ⁴ᾔδει
3632 2305 3700 2371 τῇ

457 2387 665 2442 sciebat
712 2389 1024 2460 cognitione
1083 2391 1460 2460 experimenti.
1499 2392 1556 2446 Si
1613 2393 1758 2446 enim
1810 2393 2034 2446 omnino

2152 2387 2224 2461 stat
2254 2406 2450 2473 πείρας
2480 2401 2696 2471 γνώσει.
2733 2400 2796 2454 Et
2827 2399 2936 2470 γὰρ
2967 2395 3246 2458 παντελῶς
3269 2395 3474 2463 ἠγνόει,
3509 2389 3712 2458 ἀγαθὸν

458 2478 783 2548 ignorasset,
813 2481 1017 2536 bonum
1068 2497 1190 2537 esse
1230 2483 1451 2538 obedire
1500 2484 1628 2549 Deo,
1682 2483 1883 2537 malum
1923 2500 2032 2538 non

458 2569 858 2641 obtemperare,
883 2589 992 2640 non
1020 2589 1209 2642 ptenas
1235 2574 1494 2629 dedisset.

1027 2667 1322 2735 Difﬁcultas
1361 2683 1437 2723 tv.

533 2750 706 2816 Quam
731 2752 801 2807 ob
840 2767 954 2808 rem
994 2755 1339 2827 evangelista!
1386 2757 1729 2813 vocationem
1760 2761 2040 2830 apostolo—

461 2852 582 2893 rum
624 2840 837 2896 diverse
865 2844 1276 2912 exposuerunt?
1307 2845 1394 2899 Ait
1438 2846 1706 2916 siquidem
1758 2848 2042 2905 Matthqu

465 2930 670 2986 dixisse
731 2931 1066 2988 Dominum:
1114 2936 1287 2990 Venite
1339 2946 1451 3004 post
1483 2916 1584 3002 me,
1631 2948 1678 2991 et
1725 2939 1919 3002 faciam
1953 2957 2041 2994 vos

464 3022 748 3090 piscatores
796 3025 1066 3080 hominum
1107 3028 1168 3082 “.
1233 3028 1408 3083 Lucas
1445 3038 1625 3084 autem
1655 3041 1777 3100 post
1812 3031 2042 3100 piscium

2141 2500 2239 2571 μὲν
2268 2498 2331 2552 τὸ
2358 2496 2590 2551 ἀκοῦσαι
2624 2493 2784 2560 Θεοῦ,
2820 2493 2990 2547 κακὸν
3021 2491 3080 2544 δὲ
3123 2490 3184 2543 τὸ
3229 2486 3593 2558 παρακοῦσαι,
3615 2485 3715 2538 ούκ

2141 2590 2208 2644 ἂν
2238 2586 2545 2651 ἐκολάζετο.

2806 2674 3071 2742 Ἀπορία.

2214 2769 2371 2833 Τίνος
2393 2767 2552 2839 χάριν
2578 2767 2676 2839 τὴν
2706 2767 2815 2821 τῶν
2859 2764 3172 2819 ἀποστόλων
3213 2762 3407 2831 κλῆσιν
3444 2757 3718 2830 διαφόρως

2143 2861 2192 2915 οἱ
2221 2858 2607 2928 εὐαγγελισταὶ
2647 2857 2995 2922 ὲκτίθενταις
3045 2855 3103 2908 '0
3142 2855 3240 2924 μὲν
3269 2851 3545 2913 Ματθαῑὸς
3585 2866 3717 2920 φησι

2143 2953 2427 3024 εἰρηκέναι
2455 2951 2546 3004 τὸν
2573 2950 2798 3021 Κύριον·
2829 2949 3006 3004 Δεῦτε
3030 2949 3225 3003 ὀπίσω
3257 2961 3392 3012 μου,
3427 2941 3526 2997 καὶ
3553 2939 3722 3005 ποιή-

2146 3060 2235 3098 σω
2282 3041 2443 3112 ὑμᾶς
2484 3041 2672 3107 ἁλιεῖς
2727 3039 3076 3109 ἀνθρώπων.
3109 3039 3324 3100 Λουκᾶς
3352 3036 3410 3090 δὲ
3445 3033 3584 3105 μετὰ
3625 3031 3721 3102 τὴν

467 3122 746 3183 capturam
779 3117 962 3171 retulit
1001 3117 1286 3174 Dominum
1321 3121 1520 3175 dixisse
1547 3122 1710 3176 Petro
1741 3122 1813 3174 "z
1841 3123 1924 3178 Ea:
1951 3125 2046 3180 hoc

473 3203 578 3227 ἔρ..-
616 3206 838 3227 L----.'----
879 3209 970 3227 ___:_
1015 3210 1144 3227 “ds,
1236 3212 1277 3227 ιο

2152 3136 2259 3189 τῶν
2314 3135 2513 3205 ἰχθύων
2571 3134 2749 3203 ἄγραν
2794 3133 3047 3203 ἱστόρησε
3092 3132 3182 3184 τὸν
3213 3129 3416 3199 Κύριον
3443 3128 3614 3180 εἰπεῖν
3643 3122 3721 3193 τῷ

462 3203 582 3270 jam
610 3206 840 3259 homines
867 3209 972 3260 eris
1001 3210 1212 3277 capiens
1236 3212 1297 3266 ”.

1089 3388 1310 3442 Salutio.

545 3473 785 3546 Utraque
830 3479 1042 3533 vocatio
1091 3495 1216 3533 vera
1255 3489 1356 3541 est,
1401 3480 1632 3536 diversis
1675 3499 1875 3554 nempe
1904 3485 2042 3541 facta

474 3569 831 3637 temporibus.
853 3569 987 3624 Nam
1019 3570 1198 3625 verbis
1223 3569 1452 3624 Andreae
1483 3571 1733 3628 inductus
1757 3573 1970 3639 Petrus,
2001 3586 2057 3632 et

474 3659 753 3729 profectus
787 3669 870 3715 est
895 3661 962 3715 ad
1000 3661 1288 3716 Dominum
1315 3679 1330 3729 ;
1361 3663 1700 3734 audiensque
1725 3667 1793 3722 ab
1820 3667 1948 3722 illo:
1979 3667 2054 3721 Tu

474 3752 678 3805 uocaris
707 3750 905 3822 Cephas
938 3753 998 3816 ”,
1041 3753 1220 3807 adhuc
1251 3754 1609 3823 piscationem
1643 3758 1924 3825 exercuit;
1959 3758 2056 3813 de—

479 3841 625 3930 inde,
657 3859 717 3900 ut
747 3845 1001 3901 Matthan
1030 3847 1238 3916 placet;
1273 3847 1560 3916 reﬁcientes
1584 3851 1716 3904 retia
1761 3851 1822 3913 ³³,
1849 3851 1966 3920 ipse
1999 3860 2055 3905 et

479 3935 744 4000 Andreas,
770 3935 1005 3993 Jacobus
1030 3946 1084 3993 et
1107 3938 1366 4006 Joannes,
1390 3954 1420 3994 a
1455 3938 1674 3996 Christo
1702 3942 1875 3997 vocati
1903 3952 2050 3998 sunt.

551 4094 574 4126 ⁸
609 4093 768 4150 Joan.
800 4113 839 4161 ι,
863 4098 952 4151 51.
1025 4097 1047 4128 ⁹
1079 4095 1266 4150 Matth.
1295 4117 1374 4163 ιιι,
1414 4101 1496 4154 14.

484 4163 531 4196 ⁸⁸
562 4165 693 4219 ibid.
734 4166 821 4220 42.
901 4169 942 4198 ⁸³
970 4165 1158 4220 Matth.
1199 4184 1270 4228 tv,
1300 4170 1388 4223 21.

2153 3227 2374 3295 Πέτρῳ·
2429 3223 2561 3278 Ἀπὸ
2613 3224 2719 3276 τοῦ
2776 3223 2894 3276 νῦν
2941 3221 3293 3290 ἀνθρώπους
3319 3219 3435 3288 ἔσῃ
3472 3215 3720 3286 ζωγρῶν.

2163 3317 2414 3385 Ἰωάννης
2445 3313 2501 3366 δὲ
2529 3312 2750 3382 ἑτέρως.

2825 3401 3034 3465 Λύσις.

2234 3494 2502 3564 Ἐκατὲρα
2545 3493 2742 3563 κλῆσις
2783 3491 3008 3562 ἀληθὴς,
3043 3491 3100 3542 ὲν
3128 3488 3409 3558 διαφόροις
3451 3485 3722 3556 γενομένη

2152 3588 2383 3657 καιροῖς.
2410 3586 2534 3648 Τοῖς
2560 3587 2670 3656 γὰρ
2695 3583 2944 3655 Ἀνδρέου
2973 3581 3153 3649 λόγοις
3176 3579 3424 3650 ἐναχθεὶς
3442 3579 3469 3630 ὁ
3494 3578 3722 3648 Πέτρος,

2151 3677 2248 3730 καὶ
2301 3676 2542 3747 ἀπῆλθεν
2584 3675 2722 3748 πρὸς
2772 3674 2868 3726 τὸν
2898 3672 3124 3741 Κύριον,
3161 3671 3256 3724 καλ.
3309 3667 3551 3730 ἀκούσας
3595 3667 3725 3738 παρ’

2152 3767 2320 3820 αὑτοῦ
2345 3785 2360 3800 ο
2400 3767 2482 3821 Σὺ
2535 3765 2818 3835 κληθήσῃ
2870 3762 3098 3832 Κηφᾶς.
3139 3764 3234 3815 καὶ
3279 3761 3352 3814 τὰ
3377 3759 3526 3830 ἑξῆς,
3571 3758 3732 3812 πάλιν

2150 3856 2218 3923 τῇ
2279 3853 2408 3926 ἁλίᾳ
2466 3853 2801 3923 ἐσχόλαζεν·
2831 3849 2971 3912 εἶτα,
3004 3847 3188 3926 καθὼς
3239 3847 3506 3917 Mattiain
3564 3845 3731 3909 δοκεῖ,

2152 3925 2610 4012 Καταρτῖζοντες
2654 3943 2725 3997 τὰ
2772 3941 3004 4004 δίκτυα,
3039 3925 3204 4002 αὑτός
3233 3955 3293 3991 τε
3325 3938 3420 3994 καὶ
3453 3936 3731 4007 Ἀνδρέας,

1608 4102 1648 4132 ¹⁰
1681 4101 1818 4155 Gen.
1856 4119 1933 4167 ιιι,
1973 4103 2024 4166 5,

2229 4103 2269 4134 ¹¹
2305 4101 2497 4155 Matth.
2530 4117 2602 4166 tv,
2654 4099 2739 4154 19.
2819 4101 2859 4130 ¹¹
2890 4097 3024 4151 Luc.
3055 4115 3108 4161 v,
3151 4095 3236 4149 l0.
3317 4094 3362 4126 "
3383 4091 3543 4147 Joan.
3578 4107 3618 4157 ι,
3645 4091 3733 4146 ⁸59.

1999 4319 2234 4374 ΝΟΤΑΞ.

487 4475 744 4541 ἐνταῦθα,
780 4473 878 4546 τὰς
911 4476 1308 4546 νεκυομαντίας
1339 4477 1577 4531 ἐποίουν.
1610 4475 1746 4531 Add.
1775 4473 1912 4546 ἔνθα
1934 4482 2054 4546 ante

2167 4484 2256 4546 tur
2274 4487 2518 4546 personae
2538 4473 2858 4546 electorum.
2881 4469 3034 4526 Unde
3064 4483 3336 4546 noverunt
3358 4471 3539 4546 populi
3563 4474 3738 4546 meriti

486 4549 605 4610 τὰς.
630 4546 746 4600 Alia
782 4544 1021 4612 Catena;
1057 4544 1213 4601 J'oan.
1241 4563 1292 4612 v,
1327 4547 1420 4614 21,
1454 4563 1522 4602 ex
1553 4546 1814 4615 Didymo:
1849 4545 2063 4615 During

486 4616 654 4688 ξτερα
702 4615 980 4688 κτίζοντος
1020 4616 1114 4688 τοῦ
1146 4618 1378 4688 Πατρδς,
1406 4613 1596 4688 ἔτερα
1641 4613 1815 4688 ούξσιοί
1850 4615 1880 4666 ό
1910 4613 2061 4688 Υἱός.

500 4683 814 4757 Ἧκολούμθει
843 4686 1174 4757 γὰρλτούτῳ,
1205 4683 1299 4740 δύο
1335 4683 1538 4757 ἡλίους,
1572 4686 1668 4757 καὶ
1697 4685 1926 4757 ἕκαστον
1956 4683 2066 4757 τῷν

488 4754 666 4807 διττὸν
689 4751 855 4826 εξναι·
889 4751 1002 4826 αλλ’
1038 4758 1098 4808 ού
1125 4751 1383 4826 ’φαίνεται
1422 4756 1564 4809 οὕτω
1605 4755 1796 4826 ἔχοντα
1831 4753 1898 4806 τὰ
1949 4753 2066 4826 κτί-

493 4839 696 4893 σματα.
717 4824 910 4896 lnsigni
935 4821 1159 4896 mendo,
1171 4835 1330 4896 atque
1347 4827 1427 4881 sic
1444 4821 1955 4896 ειιιιιιηᾱο,έκαστον
1977 4821 2067 4874 ὃν·-

490 4892 620 4947 των.
658 4912 676 4944 ι
714 4892 848 4946 Non
880 4892 1026 4947 enim
1066 4897 1168 4949 alia
1207 4892 1429 4951 creante
1463 4896 1643 4961 Patre,
1677 4894 1797 4948 aliis
1824 4893 1918 4947 dat
1944 4907 2067 4946 esse

492 4963 682 5018 Filius.
713 4964 1046 5032 Sequeretur
1073 4965 1218 5019 enim
1252 4966 1400 5027 hinc,
1433 4967 1570 5019 duos
1591 4967 1756 5026 soles,
1785 4969 1841 5016 et
1867 4977 2069 5016 unum-

491 5035 748 5103 quodque
763 5048 953 5089 eorum
967 5050 1088 5102 qum
1109 5043 1238 5088 sunt
1252 5035 1454 5104 duplex
1474 5050 1625 5090 esse:
1653 5049 1844 5090 verum
1864 5049 1972 5104 non
1993 5032 2070 5085 sic

495 5101 616 5160 Sese
648 5101 736 5159 res
759 5113 954 5159 creata:
974 5101 1174 5158 habere
1205 5101 1476 5159 videntur.
1503 5123 1522 5154 ›
1552 5105 1629 5158 Ad
1655 5104 1888 5158 Leonem
1921 5101 2070 5154 Isau-

498 5191 616 5244 rum
634 5174 933 5244 Gregorius
951 5173 1016 5227 Β.
1039 5174 1096 5226 Ρ.
1113 5174 1171 5244 ὃν
1187 5175 1244 5225 αἱ
1261 5175 1435 5244 πᾶσαι
1457 5173 1722 5242 βασιλεῖαι
1738 5175 1834 5244 τῆς
1853 5174 1924 5244 At}
1935 5187 2071 5244 σεως

492 5243 618 5318 [ὼς]
663 5241 794 5318 Θεδν
826 5246 1064 5318 ἐπίγειον
1102 5243 1309 5311 ἔχουσι.
1350 5241 1514 5318 Quem
1559 5244 1736 5318 omnia
1781 5243 2072 5318 occidentis

497 5311 657 5382 regna
677 5313 818 5368 velut
857 5311 1028 5367 Deum
1061 5322 1355 5367 terrestrem
1381 5313 1671 5382 habentJn
1693 5311 1899 5382 synodo
1927 5312 2073 5382 Pho-

498 5381 667 5444 tiana,
684 5383 1010 5439 Oxonicnsis
1033 5383 1298 5453 synodici,
1321 5399 1381 5446 ιι,
1400 5383 1423 5435 l
1442 5385 1486 5443 1,
1505 5382 1633 5448 28%,
1659 5381 1698 5453 Ε
1714 5381 1729 5434 ξ
1749 5383 1836 5435 ἵνα
1848 5381 2070 5453 κυρωθῇ

500 5466 600 5520 pro
626 5454 710 5506 ἵνα
740 5453 1026 5522 ἀκυρωοῇ.
1046 5451 1269 5508 Canonc
1302 5453 1335 5506 6
1357 5453 1602 5521 Gregorii
1632 5451 1882 5522 Nysseni,
1908 5454 2072 5504 etiam

499 5523 643 5587 apud
671 5521 1331 5577 Matthaeuxn'monachum
1355 5523 1456 5576 litt.
1483 5524 1548 5587 ll,
1570 5538 1618 5576 c.
1645 5521 1937 5590 11,τρίτης
1957 5522 2076 5590 loco

499 5593 744 5667 frpI'ttiLg,
767 5606 950 5667 e_ms_s.
977 5609 1216 5667 quoque.
1231 5594 1298 5647 Et
1318 5595 1461 5661 apud
1482 5594 1723 5667 Latinos,
1748 5589 2076 5667 episto_la_5_8

503 5660 648 5735 inter
676 5661 1059 5735 Bonifacianas
1091 5660 1119 5714 τί
1149 5682 1166 5712 ι
1193 5660 1703 5735 Accusamurapud
1731 5661 1954 5735 eum_ab
1988 5660 2078 5735 his

504 5728 600 5799 qui
654 5728 811 5799 nobis
856 5728 1122 5799 invident.
1170 5751 1188 5783 ι
1253 5732 1364 5786 lmo
1413 5734 1554 5799 apud
1590 5728 1758 5784 Deum
1796 5731 1955 5798 epist.
1988 5731 2072 5782 75.

517 5789 543 5841 ἱ
565 5789 845 5853 Interdum
871 5797 1012 5848 enim
1034 5809 1086 5851 ct
1109 5801 1263 5868 juxta
1288 5789 1541 5855 meritum
1566 5789 1845 5869 plebium,-
1864 5800 2077 5868 eligun-

2167 4544 2249 4598 sui
2277 4542 2533 4614 regimen
2579 4542 2836 4613 praeversi
2886 4542 3192 4614 suscepisse
3229 4542 3545 4614 pontiﬁces.
3577 4562 3594 4594 ι
3642 4542 3743 4598 Ubi

2168 4615 2272 4668 tria
2299 4612 2476 4667 errata
2495 4612 2651 4668 tollas
2669 4614 2852 4677 velim,
2878 4613 3231 4666 rescribendo
3260 4631 3272 4664 :
3311 4633 3328 4665 ι
3352 4612 3614 4667 Noverint
3643 4628 3744 4682 po-

2169 4684 2280 4752 puli
2303 4684 2515 4738 meritis
2550 4684 2659 4745 sui,
2692 4683 2934 4754 regimen
2965 4683 3207 4754 perversi
3239 4683 3546 4754 suscepisse
3573 4683 3747 4754 ponti-

2170 4755 2320 4807 ﬁces.
2359 4771 2378 4805 ι
2438 4754 2586 4808 Idem
2624 4752 2936 4807 Bonifacius
2967 4752 3315 4822 Moguntinus
3343 4752 3417 4806 ne
3448 4765 3628 4806 sancto
3653 4752 3745 4804 Li-

2169 4823 2308 4886 vino,
2345 4839 2417 4892 [δ.
2457 4824 2563 4878 249
2615 4842 2628 4876 :
2672 4841 2690 4874 ι
2729 4823 2834 4878 Sed
2865 4837 2974 4875 non
3010 4825 3080 4875 ita
3120 4823 3471 4892 ininjuriatus
3515 4823 3749 4892 emigraf

2311 4891 2514 4979 iJMal‘e
2570 4894 2777 4979 editum
2827 4893 3138 4979 injuriatus.
3185 4891 3748 4979 l)enique‘i’hilasﬁtrii

2171 4962 2375 5017 Ilaaresi
2395 4964 2742 5033 antepenult.
2768 4981 2780 5016 :
2812 4983 2829 5013 ι
2860 4962 3210 5017 Credentium
3238 4974 3384 5033 recte
3413 4971 3577 5030 atque
3605 4977 3749 5033 pau-

2171 5048 2361 5087 corum
2393 5032 2633 5102 perfecte
2672 5033 2834 5086 lectio
2871 5033 3110 5102 (electio)
3147 5032 3504 5102 nuntiabatur
3527 5032 3623 5101 per
3648 5047 3750 5102 anf

2173 5105 2351 5226 gielum
2381 5101 2616 5158 aﬂ‘utura
2644 5119 2658 5168 ;
2697 5113 2758 5157 ut
2787 5103 2993 5157 dictum
3019 5111 3102 5156 est
3128 5118 3141 5154 :
3177 5101 3330 5155 Multi
3355 5103 3554 5166 vocati,
3589 5101 3750 5171 pauci

2173 5192 2202 5226 e
2225 5185 2347 5226 ecll.
2399 5191 2418 5222 ι

2171 5185 2347 5228 618011.
2399 5191 2418 5222 ι

2245 5244 2322 5313 (5)
2366 5243 2476 5296 Τὸν
2529 5241 3118 5313 ΒαπτιστήναΑαεηε
3170 5241 3237 5313 de
3271 5239 3480 5313 Joanne
3513 5239 3754 5313 Baptista

2176 5310 2494 5382 An‘onymus
2528 5313 2825 5367 Vaticanus
2862 5310 3495 5382 icitaveratClementis
3522 5311 3756 5382 Alexan-

2176 5380 2723 5436 drini'Stromateum
2763 5399 2815 5442 ν,
2861 5381 2981 5434 loco
3011 5382 3100 5448 qui
3149 5381 3382 5434 habetur
3413 5380 3546 5434 edit.
3579 5380 3752 5436 Paris.

2176 5468 2231 5521 p.
2266 5453 2393 5514 575,
2445 5453 2765 5521 priusquam
2797 5451 3023 5505 librario
3057 5451 3351 5520 placuisset
3380 5450 3759 5521 nobisiohtrtt-

2176 5520 2306 5575 dere
2359 5520 2690 5576 Stromatam
2733 5521 2930 5574 librum
2994 5537 3117 5584 xcv,
3151 5521 3373 5574 immani
3414 5529 3468 5574 ct
3527 5520 3758 5573 ridiculo

2178 5601 2300 5662 post
2330 5602 2573 5646 veterum
2604 5591 3273 5662 testimoniaaugmento.
3305 5591 3550 5662 Ponatur
3573 5589 3761 5662 itaque

2179 5656 2234 5714 in
2260 5661 2462 5716 Catena
2489 5676 2586 5732 pro
2607 5663 2664 5713 ὲν
2697 5660 2778 5731 με’
2808 5656 3092 5732 στρώματι
3111 5702 3124 5726 ,
3154 5663 3211 5713 ἐν
3235 5661 3274 5712 ε’
3307 5661 3588 5730 στρώματι
3613 5699 3626 5726 ,
3671 5656 3764 5716 vel

2181 5736 2497 5802 στρωματεῖ
2527 5730 2760 5786 Mach.
2795 5745 2886 5784 \‘tt.
