4038 6226
414 346 549 411 1493

1006 455 1303 527 Difﬁcultas
1339 473 1391 512 χ.

479 549 649 618 Cujus
677 547 753 603 rei
802 548 972 619 gratia
1018 548 1306 606 Mattheus
1345 550 1646 606 introducit
1684 550 1986 622 principem

301 650 311 671 ‘
410 642 701 713 Synagogae
718 640 941 698 Christo
974 641 1124 713 loqui
1162 643 1231 698 de
1264 642 1371 698 ﬁlia
1410 658 1507 698 sua
1554 645 1711 714 quasi
1746 645 1864 715 jam
1905 646 1992 700 de.

408 732 595 788 lituum
617 735 695 799 ης
719 732 933 790 Marcus
964 750 1097 790 vero
1142 744 1198 790 et
1227 734 1421 801 Lucas,
1462 745 1722 806 tanquam
1755 736 1812 791 in
1844 736 1992 806 peri-

407 827 530 882 culo
555 826 749 884 mortis
787 828 1084 883 constituta
1124 827 1210 883 ‘°?
1236 827 1301 882 Et
1330 844 1426 883 cur
1475 828 1546 884 de
1589 829 1819 885 muliere
1868 845 1991 899 quae

409 918 691 986 sanguinis
753 918 958 974 ﬂuxum
1004 919 1318 990 patiebatur
1355 920 1398 951 “
1445 929 1632 975 narrat
1681 918 1987 984 Matthaeus,

409 1008 613 1077 absque
648 1009 759 1065 ullo
786 1010 1002 1081 negotio
1041 1010 1369 1080 interposito
1397 1010 1541 1066 illam
1584 1026 1683 1081 per
1707 1010 1987 1067 Christum

410 1098 533 1153 ﬁdei
557 1114 685 1171 ergo
710 1101 927 1156 beatam
961 1103 1311 1173 praedicatam
1350 1102 1559 1168 fuisse;
1595 1110 1651 1157 at
1680 1102 1894 1158 Marcus
1935 1111 1992 1158 et

409 1189 604 1254 Lucas,
645 1201 891 1247 sanatam
925 1207 1047 1247 esse
1076 1194 1238 1249 simul
1275 1210 1340 1249 ac
1377 1175 1572 1266 tetigit;
1618 1194 1832 1251 beatam
1860 1208 1991 1250 vero

408 1288 599 1347 postea
622 1278 974 1349 praedicatum
1004 1280 1092 1333 "?

1093 1371 1319 1428 Salutio.

480 1463 635 1520 Scire
664 1475 898 1535 oportet,
933 1480 1040 1520 non
1071 1481 1240 1520 unum
1267 1465 1502 1535 signum,
1528 1464 1625 1521 sed
1650 1465 1864 1522 diversa
1892 1481 1989 1538 per

416 1557 781 1627 evangelistas
825 1557 1135 1626 conscripta
1180 1556 1370 1611 fuisse.
1410 1555 1515 1622 Qui
1542 1557 1751 1613 etenim
1775 1558 1990 1628 simpli-

406 1646 545 1701 citer
577 1647 830 1717 princeps
870 1655 1097 1703 vocatur
1125 1648 1192 1713 η,
1235 1656 1351 1703 erat
1392 1649 1764 1704 verisimiliter
1801 1649 1987 1705 ethni-

406 1753 523 1803 cus,
555 1739 642 1793 iile
669 1739 813 1807 apud
859 1738 1207 1807 Matthamm;
1258 1740 1402 1797 unde
1453 1749 1507 1796 et
1550 1741 1868 1797 tibicinibus
1919 1742 1988 1798 ad

406 1830 613 1885 luctum
652 1831 935 1898 utebatur;
964 1833 1106 1903 quod
1135 1832 1339 1888 Ιιιάιοίε
1366 1848 1476 1888 non
1505 1834 1724 1890 licebat.
1752 1834 1813 1890 In
1842 1834 1990 1891 Luca

403 1938 535 1977 vero
560 1928 617 1977 et
642 1923 821 1979 Marco
869 1925 1167 1996 Synagoga?
1208 1927 1468 1995 princeps
1515 1936 1571 1981 et
1604 1926 1787 1982 Jairus
1810 1928 1991 1982 nomi-

404 2023 584 2068 natur.
639 2016 708 2071 Et
760 2016 868 2071 illic
910 2016 1132 2086 quidem
1167 2016 1423 2072 Christus
1469 2034 1595 2073 cum
1646 2017 2021 2075 solummodo;

403 2119 627 2159 manum
670 2106 960 2175 tetigisset,
1003 2108 1321 2172 suscitavit;
1365 2109 1457 2163 hic
1490 2117 1674 2164 autem
1702 2111 1869 2165 etiam
1901 2110 1989 2166 in-

403 2196 660 2251 clamavit
697 2198 953 2268 puellam,
1005 2199 1194 2269 sicque
1234 2201 1610 2257 exsuscitavit.
1656 2201 1778 2257 Pari
1825 2203 1990 2261 modo

405 2286 727 2342 miraculum
760 2288 902 2343 circa
931 2289 1214 2348 mulierem
1243 2291 1390 2346 ﬂuxu
1419 2293 1705 2363 sanguinis
1731 2294 1992 2350 laboran-

404 2385 536 2439 tem,
566 2379 793 2433 relatum
820 2396 850 2434 a
875 2380 1057 2436 Marco
1082 2397 1137 2437 et
1160 2381 1328 2449 Luca,
1363 2384 1510 2439 aliud
1537 2394 1621 2440 est
1646 2387 1717 2441 ab
1753 2401 1821 2442 eo
1844 2387 1991 2457 quod

404 2469 460 2522 in
492 2468 743 2526 Matthaeo
770 2473 1007 2541 positum
1035 2484 1139 2529 est.
1170 2475 1265 2529 Illa
1292 2477 1439 2531 enim
1486 2477 1705 2544 mulier,
1738 2479 1795 2532 in
1824 2481 1992 2534 medi-

403 2578 490 2615 cos
516 2580 824 2631 erogaveras
864 2581 1071 2621 omnem
1118 2569 1475 2622 substantiam
1519 2585 1709 2634 suam,
1746 2577 1810 2624 ut
1852 2572 1990 2627 scri-

404 2662 557 2722 ptum
587 2666 671 2711 est
695 2655 776 2722 “;
813 2658 930 2713 haec
957 2675 1088 2715 vero
1113 2660 1251 2714 nihil
1275 2661 1382 2715 tale
1403 2661 1597 2717 iecisse
1627 2673 1901 2718 narratur.

987 2750 1281 2820 Difﬁcultas
1323 2769 1395 2807 x1.

476 2835 591 2903 Qua
619 2838 688 2893 de
713 2853 875 2895 causa
910 2840 1197 2896 Matthzeus
1224 2851 1280 2897 et
1313 2841 1547 2910 Marcus,
1575 2853 1702 2914 post
1725 2844 1845 2900 dies
1869 2860 1989 2912 sex,

407 2926 583 2983 Lucas
607 2940 787 2985 autem
818 2940 943 3002 post
984 2933 1100 2988 dies
1144 2941 1290 2999 octo,
1341 2948 1372 2988 a
1422 2935 1790 3004 promissione
1827 2936 1992 2993 disci-

405 3020 548 3090 pulis
574 3018 737 3089 facta,
771 3024 1216 3096 transﬁguratum
1245 3040 1370 3082 esse
1396 3025 1688 3083 Dominum
1715 3029 1873 3085 aiunt
1905 3029 1993 3085 "‘2

1085 3204 1308 3262 Salutio.

476 3288 745 3356 Quoniam
769 3290 845 3346 illi
873 3293 1082 3349 medios
1104 3294 1369 3351 duntaxat
1388 3305 1673 3367 exponunt
1713 3295 1832 3352 dies
1848 3297 1994 3354 inter

405 3382 733 3452 promissum
762 3395 817 3439 et
842 3385 1375 3457 trausﬁgurationem
1400 3406 1414 3455 ;
1448 3400 1505 3444 at
1529 3390 1705 3445 Lucas
1729 3404 1854 3444 cum
1887 3388 1993 3445 illis

405 3488 520 3538 sex,
555 3484 610 3528 et
647 3475 782 3529 alios
823 3476 983 3542 duos,
1025 3494 1260 3548 quorum
1296 3480 1475 3550 primo
1513 3481 1860 3550 promiserat,
1905 3496 1997 3538 se-

404 3565 586 3619 cundo
627 3567 1043 3639 transﬁguratus
1066 3578 1174 3625 est.

990 3660 1283 3732 Diﬂicultas
1324 3678 1424 3719 xu.

471 3747 595 3816 Quo
618 3760 779 3819 pacto
801 3751 979 3809 Lucas
999 3755 1047 3787 “
1073 3744 1462 3826 discipuluma
1483 3758 1693 3815 telonio
1715 3770 1994 3827 vocatum,

406 3834 575 3889 chin
598 3837 803 3907 Alphaai
841 3849 1144 3913 nuncupat,
1173 3859 1299 3899 cum
1326 3846 1510 3901 nullus
1543 3863 1575 3904 e
1609 3848 1895 3906 duodecim
1929 3865 1997 3906 eo

407 3928 631 3982 nomine
663 3928 935 3986 donetur?

1080 4026 1308 4084 Salutio.

482 4108 629 4167 Vero
645 4114 824 4171 simile
849 4127 935 4171 est
961 4117 1107 4173 hunc
1127 4135 1254 4175 esse
1281 4135 1313 4176 e
1339 4136 1577 4178 numero
1606 4124 1674 4181 70
1700 4125 2001 4197 discipulo-

410 4220 553 4258 rum.
584 4204 770 4275 Neque
798 4208 945 4262 enim
981 4210 1205 4265 unicum
1234 4211 1608 4280 publicanum,
1637 4216 1772 4285 quin
1796 4217 2000 4272 multos

409 4295 474 4348 ad
505 4295 893 4365 discipulatum
937 4300 1154 4355 vocavit
1188 4301 1462 4359 Christus.
1493 4304 1765 4371 Quocirca
1795 4314 1857 4361 ut
1897 4320 2000 4375 pu-

410 4387 747 4444 blicanorum
771 4390 980 4447 amicus
1007 4390 1394 4450 infamabatur.
1415 4396 1562 4451 Nihil
1578 4407 1760 4452 autem
1780 4396 1999 4464 mirum,

1600 350 1962 414 HESYCHII
2002 349 2481 413 PRESBYTERI

2018 465 2065 517 Δ

3542 347 3679 409 MM

2759 458 3019 528 Ἄπορία.

2166 550 2323 614 Τίνος
2348 550 2507 622 χάριν
2540 550 2822 615 Ματθαῖος
2852 551 2947 606 τὸν
2978 551 3436 622 ἀρχισυνάγωγον
3470 555 3682 626 ἱστορεῖ

2093 642 2223 713 περὶ
2256 642 2356 713 τῆς
2385 642 2680 714 θυγατρὸς,
2719 643 2795 706 ὼς
2826 644 2928 715 ἤδη
2961 644 3396 716 τελευτησάσης,
3428 645 3507 717 τῷ
3534 648 3678 717 Χρι-

2093 734 2206 806 στῷ
2265 735 2610 805 διαλέγεσθαι
2642 753 2676 771 ὀ
2724 737 2953 808 Μάρκος
3004 739 3062 792 δὲ
3120 739 3216 793 καὶ
3296 740 3536 805 Λουκᾶς,
3599 741 3680 805 ὡς

2094 824 2559 895 κινδυνευούσηςς
2611 825 2694 880 ὅτι
2744 826 3027 891 Ματθαῖος
3072 828 3452 898 ἀπραγμόνως
3503 829 3677 901 αὐτὴν

2095 917 2300 985 ἱστορεῖ
2328 917 2482 988 παρὰ
2506 916 2749 988 Χριστοῦ
2781 918 2876 972 ἐπὶ
2907 921 2976 988 τῇ
3009 918 3194 973 πίστει
3222 921 3637 992 μακαρισθιῖμιαι
3659 938 3677 955 ο

2092 1008 2321 1079 Μάρκος
2364 1009 2421 1062 δὲ
2448 1009 2546 1063 καὶ
2572 1010 2824 1076 Λουκᾶς,
2856 1011 3081 1083 ἰαθῆναι
3116 1013 3238 1084 ἅμα
3275 1015 3345 1085 τῇ
3381 1014 3529 1085 ἁφῇ,
3569 1030 3680 1085 μα-

2092 1099 2425 1171 καρισθῆναι
2457 1100 2517 1155 δὲ
2553 1099 2785 1174 ὕστερον
2811 1119 2828 1171 ;

2760 1368 2976 1435 Λύσις.

2162 1461 2377 1517 Είδέναι
2435 1463 2561 1536 χρὴ,
2597 1463 2682 1518 ὅτι
2733 1464 2832 1535 οὐχ
2888 1464 2948 1517 ἒν
2996 1465 3244 1536 σημεῖον,
3271 1464 3505 1536 διάφορα
3535 1465 3596 1519 δὲ.
3624 1467 3677 1520 οί

2091 1553 2479 1625 εύαγγελισταὶ
2541 1556 2976 1627 συνεγράψαντο.
3049 1555 3111 1612 Ὀ
3165 1557 3265 1628 μὲν
3319 1556 3432 1628 γὰρ
3494 1558 3680 1628 ἄρχων

2091 1644 2394 1719 ἁπλῶς,ἦν
2447 1647 2975 1713 εἰκότως-ἐθνικὸς,
3029 1647 3182 1718 παρὰ
3243 1647 3322 1718 τῷ
3369 1648 3675 1719 Ματθαίῳ·

2089 1740 2213 1794 ὅθεν
2260 1740 2358 1795 καὶ
2390 1740 2653 1811 αὐληταῖς
2689 1739 2831 1815 πρὸς
2861 1741 2924 1793 τὸ
2961 1741 3161 1803 πένθος
3193 1740 3466 1811 ἐκέχρητο
3489 1756 3504 1770 °
3539 1741 3678 1812 ὅπερ

2020 1796 2065 1853 Β
2090 1834 2191 1887 οὐκ
2217 1831 2345 1904 ἐξῆν
2378 1796 2675 1898 Ἰουδαίοις.
2719 1796 2778 1888 ’δ
2807 1796 2866 1889 ob
2888 1832 3044 1906 παρὰ
3073 1796 3157 1905 τῷ
3176 1796 3366 1904 Λουκᾷ
3386 1796 3489 1888 ’καὶ
3514 1796 3676 1904 Μάρὶ

2091 1942 2193 1994 κῳ,
2254 1927 2583 1996 συναγωγῆς
2628 1925 2836 1998 ἄρχων,
2897 1927 3097 1996 Εῐαρος
3119 1937 3145 1967 ο
3177 1926 3499 1998 λεγόμενος.
3564 1927 3678 1981 Καὶ

2091 2015 2212 2069 ἐκεῖ
2257 2014 2357 2085 μὲν
2415 2015 2699 2086 ἁψάμενος
2751 2016 2851 2086 τῆς
2898 2015 3082 2088 χειρὸς
3117 2015 3301 2087 μόνον,
3338 2016 3623 2089 ἐξήγειρεν
3661 2034 3676 2048 ο

2092 2105 2326 2161 ἐνταῦθα
2362 2108 2421 2161 δὲ
2472 2109 2569 2162 καὶ
2615 2110 2877 2179 φωνήσας
2918 2108 2982 2163 τὸ
3032 2108 3292 2180 κοράσιον
3345 2110 3675 2181 ἀνέστησεν.

2103 2197 2382 2262 Ὡσαύτως
2407 2197 2466 2252 δὲ
2512 2198 2573 2252 τὸ
2619 2201 2849 2269 σημεῖον
2876 2198 2939 2253 τὸ
2969 2198 3063 2253 ἐπὶ
3096 2201 3203 2270 τῆς
3237 2200 3675 2272 αίμορροούσης,

2094 2289 2379 2362 ἱστορηθὲν
2404 2290 2508 2344 ὑπὸ
2538 2290 2772 2363 Μάρκου
2819 2291 2912 2345 καὶ
2937 2291 3146 2354 Λουκᾶ,
3172 2290 3362 2361 ἕτερον
3404 2287 3475 2363 ἦν
3522 2293 3680 2363 παρά

2090 2383 2151 2436 τὸ
2180 2384 2239 2436 ὲν
2270 2382 2349 2454 τῷ
2400 2383 2670 2453 Ματθαίῳ
2716 2382 2994 2453 κείμενον.
3041 2379 3103 2435 'H
3131 2379 3235 2450 μὲν
3281 2381 3411 2451 γὰρ,
3437 2381 3532 2436 τὸν
3563 2382 3680 2451 βίον

2089 2476 2282 2545 αὐτῆς
2320 2476 2547 2547 tarpch
2578 2474 3123 2546 πρωανηλωκέναι
3165 2473 3482 2546 γέγραπται
3512 2491 3526 2504 ·
3559 2475 3594 2546 η
3619 2474 3681 2528 δὲ

2090 2569 2246 2624 οὐδὲν
2271 2569 2516 2624 τοιοῦτον
2541 2568 2890 2642 πεπραχέναι
2913 2567 3222 2639 ἱστόρηται.

2760 2746 3025 2802 Ἀπορία.

2765 2765 2904 2802 ’Λπο
2946 2765 3025 2801 ια.

2161 2839 2316 2895 Διατί
2343 2840 2621 2904 Ματθαῑος
2651 2839 2750 2893 καὶ
2773 2765 3003 2911 Magio;
3036 2836 3157 2909 μεθ’
3183 2836 3404 2910 ἡμέρας
3426 2838 3509 2904 ἒξ,
3540 2840 3682 2894 Λου-

2092 2937 2194 2999 κᾶς
2225 2935 2282 2990 δὲ
2341 2935 2464 3006 μεθ’
2496 2936 2714 3008 ἡμέρας
2757 2934 2930 2998 ὀκτὼ,
2963 2936 3066 3004 τῆς
3097 2931 3235 3004 πρὸς
3257 2934 3388 2998 τοὺς
3424 2934 3680 3005 μαθητὰς

2094 3028 2465 3098 ὑποσχέσεως,
2525 3027 3037 3101 μεταμορφωθῆναι
3087 3025 3181 3079 τὸν
3239 3026 3446 3099 Κύριον
3488 3027 3685 3099 λέγου-

2021 3136 2064 3191 c
2101 3137 2232 3186 σινς

2754 3261 2758 3266 .
2805 3213 3019 3279 Λύσις.

2168 3299 2292 3354 Ὀτι
2320 3300 2372 3353 οἱ
2424 3300 2525 3371 μὲν
2573 3302 2678 3366 τὰς
2724 3304 2784 3357 ἐν
2829 3304 2982 3374 μέτῳ
3037 3305 3209 3374 μόνας
3249 3282 3560 3361 ἐκτίθενται
3584 3308 3685 3377 τῆς

2096 3389 2447 3462 ὑποσχέσεως
2471 3392 2567 3446 καὶ
2603 3394 2702 3464 τῆς
2736 3394 3223 3465 μεταμορφώσεως
3247 3416 3261 3430 ·
3294 3398 3323 3449 ὁ
3351 3397 3408 3450 δὲ
3441 3397 3681 3462 Λουκᾶς,

2096 3482 2196 3536 σὺν
2227 3485 2349 3549 ταῖς
2397 3484 2479 3551 ἐξ,
2509 3483 2605 3538 καὶ
2643 3484 2747 3549 τὰς
2774 3482 2891 3549 δύο,
2923 3477 3000 3540 ὧν
3037 3489 3104 3558 τῇ
3159 3487 3262 3559 μὲν
3296 3485 3590 3558 ὑπέσχετο,
3611 3492 3681 3559 τῇ

2095 3573 2151 3628 δὲ
2186 3575 2618 3649 μετεμορφώθη.
3058 3642 3064 3649 ο

2765 3673 2824 3727 Ἀ
2833 3673 3034 3740 ampla.

2169 3759 2294 3820 Πῶς
2340 3761 2433 3814 τὸν
2481 3762 2592 3816 ἀπὸ
2645 3763 2743 3817 τοῦ
2792 3763 3053 3817 τελωνίου
3084 3763 3354 3835 κληθέντα
3386 3763 3685 3835 μαθητὴν,

2095 3850 2259 3904 Λευῒν
2312 3852 2569 3923 Ἁλφαίου
2627 3855 2655 3906 ὁ
2691 3856 2908 3919 Λουκᾶς
2959 3855 3136 3920 καλεῖ,
3173 3854 3402 3926 μηδενὸς
3435 3855 3547 3909 τῶν
3588 3854 3692 3908 δώ-

2095 3941 2229 3996 δεκα
2263 3942 2407 3997 οὕτω
2445 3946 2786 4016 καλουμένου
2815 3964 2830 4013 ;

2786 4038 3003 4103 Λύσις.

2170 4125 2333 4190 Εἰκὸς
2356 4116 2551 4183 τοῦτον
2566 4129 2632 4183 ὲκ
2655 4129 2766 4182 τῶν
2794 4135 2836 4183 ο’
2866 4126 3027 4184 εἶναι.
3060 4130 3137 4184 Οὐ
3164 4128 3273 4203 γὰρ
3300 4129 3400 4184 ἕνα
3423 4129 3688 4199 τελώνην,

2098 4216 2236 4271 ἀλλὰ
2266 4217 2364 4270 καὶ
2388 4218 2622 4282 πολλοὺς
2643 4219 2726 4283 είς
2751 4218 3053 4290 μαθητείαν
3081 4222 3109 4274 ὁ
3135 4220 3376 4292 Χριστὸς
3400 4220 3681 4274 ἐκάλεσεν.

2102 4307 2268 4361 Ὅθεν
2305 4309 2400 4362 καὶ
2442 4310 2519 4373 ώς
2572 4309 2825 4363 τελωνῶν
2873 4311 3029 4379 φίλος
3077 4311 3407 4375 ὠνειδίζετο.
3433 4310 3600 4364 Οὐδὲν
3632 4310 3690 4364 δὲ

2102 4400 2272 4467 ξένον,
2312 4403 2427 4465 τοῖς
2459 4401 2647 4465 αὐτοῖς
2683 4404 2893 4472 ῥήμασι
2920 4403 3011 4456 τὸν
3051 4403 3286 4474 Χριστὸν
3317 4402 3455 4474 πρὸς
3498 4402 3694 4456 ἑκάτε-

408 4479 601 4537 iisdem
656 4483 839 4539 verbis
884 4483 1167 4541 Christum
1209 4487 1279 4543 ad
1326 4498 1621 4559 utrumque
1669 4490 1995 4560 discipulum

2107 4509 2199 4563 ρον
2241 4491 2493 4562 μαθητὴν
2523 4492 2861 4563 χρήσασθαι.

406 4589 570 4629 usum
602 4575 773 4632 fuisse
802 4578 870 4633 δ”.

982 4672 1282 4745 Βίπὶειιιιαε
1309 4693 1434 4731 xm.

474 4755 647 4825 Cujus
678 4760 848 4828 gratia
892 4763 1181 4822 Matthaaus
1221 4782 1345 4822 cum
1392 4768 1640 4833 dixisset,
1688 4758 2002 4835 Dominum.

406 4846 633 4915 quando
677 4846 1045 4909 bcalitudines
1086 4857 1393 4926 proposuit,
1431 4859 1487 4914 in
1539 4867 1782 4914 montem
1811 4875 2005 4915 ascen-

410 4937 577 5004 disse,
614 4939 855 5010 solisque
891 4943 1177 5016 discipulis
1218 4947 1388 5004 fuisse
1428 4949 1692 5013 locutum,
1725 4950 2000 5020 subjecit:

407 5027 545 5083 Cum
577 5044 988 5089 consummasset
1014 5038 1171 5093 verba
1201 5041 1330 5107 hac,
1377 5041 1786 5095 admirabantur
1837 5043 2003 5096 turba:

407 5134 571 5189 super
613 5121 854 5177 doctrina
887 5124 1003 5195 ejus
1026 5127 1093 5193 ⁸⁸,
1129 5144 1249 5198 qua:
1278 5129 1348 5185 ab
1394 5145 1461 5185 eo
1488 5130 1631 5186 dicta
1668 5147 1781 5185 non
1811 5131 2003 5186 audie-

411 5223 539 5268 rant
556 5213 580 5268 ?

485 5397 535 5467 ξ’,
558 5397 751 5454 Μαιιι.
787 5415 861 5458 Ix.
904 5398 989 5454 18.
1100 5399 1145 5430 ⁵ο
1173 5399 1335 5456 Marc.
1367 5416 1418 5462 ν,
1456 5399 1555 5467 25;
1588 5400 1721 5460 Luc.
1756 5420 1875 5465 vm,
1915 5404 2001 5457 42.

2766 4586 3034 4652 Ἀπορία.
3114 4656 3117 4657 ν

2174 4764 2334 4828 Τίνος
2385 4762 2546 4835 χάριν
2584 4762 2872 4821 Ματθαῖος
2926 4761 3096 4815 εἰπὼν
3143 4762 3237 4815 τὸν
3280 4759 3506 4831 Κύριον,
3535 4761 3697 4830 ἡνίκα

2101 4856 2229 4920 τοὺς
2284 4855 2675 4927 μακαρισμοὺς
2708 4854 3056 4920 ὲξέθετο,είς
3114 4853 3172 4906 τὸ
3220 4852 3344 4924 ὅρος
3400 4852 3694 4923 ἀναϐῆναι,

2080 4950 2205 5003 -καὶ
2247 4948 2432 5020 μόνοις
2474 4947 2825 5015 διαλέγεσθαι
2879 4949 2992 5009 τοῖς
3052 4945 3352 5016 μαθηταῖς,
3388 4946 3695 5015 ἐπήγαγεν,

2110 5044 2238 5097 Ὀτι
2266 5042 2366 5096 ὅτε
2390 5040 2634 5096 ἐτέλεσε
2656 5041 2800 5105 τοὺς
2830 5040 3060 5108 λόγους
3088 5038 3365 5102 τούτους,
3390 5037 3699 5109 ἐξεπλήσο

2107 5152 2295 5191 σοντο
2332 5137 2386 5189 οἱ
2425 5134 2598 5204 ὄχλοι
2628 5133 2728 5187 ἐπί
2778 5131 2857 5202 τῇ
2895 5129 3116 5200 διδαχῇ
3146 5130 3362 5196 αὐτοῦ,
3396 5130 3503 5184 τῶν
3536 5131 3695 5200 λεγο-

2113 5229 2291 5299 μένων
2321 5227 2421 5280 ούκ
2443 5224 2740 5287 ἀκούοντες
2770 5241 2784 5289 ;

2117 5402 2158 5432 ⁸¹
2200 5401 2387 5456 Matth.
2421 5417 2499 5459 lx.
2529 5400 2620 5455 20.
2734 5399 2781 5431 "
2817 5398 2983 5454 Marc.
3022 5415 3080 5461 ν,
3108 5397 3216 5464 29;
3257 5397 3390 5455 Luc.
3460 5415 3579 5459 vui,
3607 5399 3697 5453 Η.

414 5467 461 5499 ⁵³
495 5466 684 5523 Matth.
722 5487 796 5527 ιχ.
829 5471 918 5525 25.
996 5468 1043 5501 δ”
1085 5468 1214 5526 Luc.
1252 5470 1473 5531 vutJL’).
1551 5472 1597 5504 ‘5
1629 5473 1816 5528 Matth.
1852 5489 1981 5537 xm,

2109 5471 2275 5527 Marc.
2304 5489 2379 5538 ix,
2416 5472 2462 5537 I,
2505 5470 2638 5527 Luc.
2660 5486 2737 5538 is,
2763 5470 2854 5526 28.
2930 5468 2977 5501 “
2997 5469 3130 5527 Luc.
3166 5486 3198 5525 ν
3220 5512 3235 5538 ,
3259 5468 3351 5526 27.
3429 5469 3474 5501 "
3507 5468 3700 5526 Matth.

310 5536 315 5541 ’
417 5553 496 5603 in,
534 5538 636 5606 i9;
671 5555 746 5602 Ix,
776 5540 829 5595 9.
908 5539 1165 5597 "Matth.
1200 5558 1253 5607 ν,
1290 5543 1349 5607 l;
1385 5557 1480 5607 vn,
1522 5541 1613 5597 9.8.

1732 5718 1962 5772 VARIJ‘Z
2006 5713 2407 5771 LECTIONES.

492 5815 516 5843 ε
567 5805 804 5866 Ἰάειρος,
