4038 6226
365 296 522 356 1409‘

1732 289 2250 359 QU/EST‘IONES.

3488 287 3626 351 1410

360 402 548 454 Ὅταν
571 397 758 466 λαλῇ,
785 398 851 451 τὸ
891 397 1120 466 ψεῦδος
1145 397 1212 449 ἐκ
1235 395 1353 450 τῶν
1389 396 1553 451 ὶδίων
1582 395 1780 451 λαλεῖ·
1814 399 1944 453 ’δτι

2063 405 2256 455 tacium
2285 419 2349 456 ex
2374 403 2600 472 propriis
2621 403 2888 474 loquitur;
2916 406 3039 474 quia
3081 405 3305 458 mendax
3329 415 3423 468 est,
3449 415 3497 460 et
3527 423 3627 475 pa-

361 497 634 566 ψεύστης
662 494 854 560 ἐστὶν,
885 498 982 548 καὶ
1007 497 1040 547 ό
1065 493 1262 561 πατὴρ
1289 491 1500 546 αὑτοῦ.

1058 586 1272 650 Λύσις.

435 677 693 740 Διάϐολον
719 677 976 742 ἐνταῦθα,
1003 678 1036 749 ἢ
1081 678 1171 731 τὸν
1201 676 1616 747 Ἀντίχριστονά
1637 675 1788 730 λαλεῖ
1811 675 1944 747 (16),

365 770 473 824 τὸν
506 769 639 824 υἱὸν
678 769 789 838 τῆς
831 771 1133 836 ἀπωλείας
1187 768 1332 823 κατὰ
1383 767 1618 834 Παῦλον,
1667 769 1723 831 ὃς
1766 768 1841 821 ὅτ’
1881 767 1947 820 ἂν

367 863 500 933 λέγῃ
520 863 580 915 τὸ
612 861 830 932 ψεῦδος,
860 861 1166 916 διαϐάλλων
1197 863 1288 914 τὸν
1321 861 1557 932 Χριστὸν
1581 861 1657 924 ὼς
1680 861 1946 924 ἀντίθεον,

371 956 466 1008 καὶ
503 955 695 1008 ἑαυτὸν
744 954 1010 1007 συνιστῶν
1048 954 1122 1017 ὡς
1155 953 1287 1006 Θεὸν
1313 992 1326 1017 ,
1364 955 1430 1006 ὲκ
1460 953 1568 1005 τῶν
1601 953 1746 1005 ἰδίων
1776 951 1948 1018 λαλεῖ,

368 1045 609 1116 ψεύστης
647 1045 743 1110 ὢν,
775 1045 1034 1115 καθάπερ
1071 1048 1098 1098 6
1125 1047 1312 1116 πατὴρ
1346 1044 1517 1100 αὑτοῦ
1557 1045 1584 1096 6
1615 1045 1884 1106 Σατανᾶς·
1916 1044 1949 1114 ἢ

371 1137 463 1189 τὶν
487 1138 655 1200 Κάῖν,
672 1133 730 1190 οὗ
754 1136 922 1190 τέκνα
942 1136 1167 1200 δικαίως
1187 1138 1314 1200 τοὺς
1348 1135 1636 1200 Ἰουδαίους
1665 1136 1949 1199 ἐκάλεσεν,

371 1229 686 1299 εἰρηκότας,
717 1231 869 1292 υἱοὺς
901 1226 1042 1282 εἶναι
1071 1227 1166 1281 τοῦ
1207 1228 1482 1299 Ἀϐραάμ·
1509 1228 1597 1282 διὰ
1621 1228 1682 1280 τὸ
1707 1228 1953 1298 μιμητὰς

373 1321 706 1390 γεγενῆσθαι
736 1320 845 1374 τῶν
875 1319 972 1374 τοῦ
1005 1321 1146 1375 Κάῖν
1177 1321 1396 1392 τρόπων
1419 1361 1432 1386 ,
1474 1319 1567 1374 τοῦ
1602 1319 1952 1390 ψευσαμένου

378 1409 477 1477 μὲν
504 1409 596 1461 τὸν
626 1409 778 1473 Θεὸν,
808 1409 868 1462 ὲν
884 1408 961 1478 τῷ
979 1411 1152 1463 εἰπεῖν
1169 1425 1183 1440 ⁸
1213 1409 1310 1478 Μὴ
1332 1409 1536 1480 φύλαξ
1555 1409 1661 1464 τοῦ
1683 1409 1954 1480 ἀδελφοῦ

368 1515 522 1564 μου;
543 1498 762 1569 πρώτου
783 1499 839 1552 δὲ
862 1500 1058 1568 φθόνον
1088 1501 1182 1554 καὶ
1201 1500 1361 1569 φόνον
1383 1502 1638 1565 τεκόντος
1660 1503 1715 1554 ὲν
1745 1501 1958 1572 ἀνθρώ-

377 1607 502 1653 ποις
542 1589 682 1662 (17),
716 1590 966 1664 καθάπερ
1000 1592 1095 1646 καὶ
1139 1594 1168 1644 6
1200 1591 1362 1645 τούτο
1397 1593 1581 1663 πατὴρ
1627 1595 1656 1646 6
1685 1593 1953 1657 Σατανᾶς.

1038 1683 1294 1752 Ἀπορία.

2047 502 2126 545 ter
2155 491 2268 560 ejus
2297 491 2362 546 ⁸³.

2725 585 2951 640 Salutio.

2116 675 2231 732 Hoc
2255 675 2373 732 loco
2414 677 2688 732 diabolum
2751 689 2925 744 vocat,
2961 681 3045 734 vel
3092 681 3512 746 Antichristum,
3563 682 3630 749 ﬁ»

2049 771 2178 825 lium
2210 773 2516 841 perditionis
2545 773 2612 838 “,
2644 788 2707 826 ex
2741 772 2940 838 Paulo;
2965 775 3056 844 qui
3105 777 3447 831 mendacium
3499 787 3627 831 cum

2049 865 2266 930 dixerit,
2291 865 2628 920 calumnians
2655 865 2928 921 Christum
2965 876 3024 921 ut
3052 866 3162 922 Deo
3225 870 3537 940 adversum,
3575 879 3633 925 et

2050 955 2399 1025 semetipsum
2425 957 2817 1012 commendans
2837 959 2992 1027 quasi
3019 959 3285 1022 Deum,ex
3312 962 3634 1030 propriislo-

2051 1044 2258 1113 quitur,
2310 1053 2504 1114 utpote
2527 1044 2783 1111 mendax,
2815 1047 2955 1101 sicut
3004 1055 3155 1116 pater
3186 1047 3305 1115 ejus
3364 1047 3631 1116 Satanas;

2053 1134 2139 1190 vel
2166 1135 2418 1200 Cainum,
2448 1136 2606 1205 cujus
2638 1137 2778 1192 ﬁlios
2797 1138 2920 1208 jure
2950 1138 3143 1192 merito
3165 1138 3382 1194 Judaaos
3445 1141 3635 1210 appel-

2053 1225 2204 1290 lavit,
2252 1242 2376 1281 cum
2415 1227 2683 1283 dixissent
2733 1244 2792 1284 se
2849 1245 2969 1284 esse
3000 1231 3136 1284 tilios
3167 1231 3438 1297 Abrahae;
3489 1233 3637 1301 quod

2055 1330 2235 1370 mores
2258 1315 2414 1369 Caini
2453 1316 2817 1381 imitarentur,
2869 1319 2962 1388 qui
2993 1319 3060 1372 ad
3092 1319 3260 1374 Deum
3306 1321 3639 1375 mendaciter

2055 1407 2231 1461 dixit:
2268 1406 2410 1460 Num
2449 1419 2620 1460 custos
2660 1410 2845 1478 fratris
2894 1412 2996 1464 mei
3024 1427 3138 1463 sum
3171 1413 3214 1444 ⁸⁵
3237 1413 3259 1464 ?
3282 1413 3484 1482 quique
3526 1413 3641 1483 pri-

2057 1513 2177 1551 mus
2206 1499 2348 1552 inter
2375 1499 2624 1552 homines
2677 1500 2936 1554 invidiam
2974 1511 3030 1555 et
3063 1503 3421 1558 homicidium
3451 1505 3638 1571 edidit,

2056 1590 2510 1658 quemadmodum
2537 1599 2589 1643 et
2621 1590 2791 1660 ipsius
2825 1603 2976 1660 pater
3000 1590 3248 1649 Satanas.

2649 1681 2941 1750 Difficultas
2965 1699 3054 1736 xx.

444 1772 597 1824 Διατί
634 1773 852 1836 Λουκᾶς
890 1774 1048 1844 φησὶ,
1097 1777 1210 1838 τοῖς
1260 1775 1641 1845 ἑϐδομήκοντα
1674 1776 1955 1847 εἰρηκέναι

2133 1773 2310 1838 Quare
2338 1773 2512 1828 Lucas
2538 1773 2634 1839 ait,
2675 1774 3016 1845 septuaginta
3051 1773 3157 1828 illis
3200 1774 3402 1828 dixisse
3451 1773 3640 1830 Domi-

373 1863 466 1915 τὸν
500 1863 724 1934 Κύριον·
761 1864 916 1918 Ἰδοὺ
949 1865 1064 1934 ἐγὼ
1100 1866 1464 1920 ἀποστέλλω
1489 1865 1646 1936 ὑμᾶς
1693 1867 1770 1932 ὡς
1807 1869 1954 1935 πρόι-

377 1957 523 2007 6ατα
557 1955 626 2007 ἐν
669 1954 841 2023 μέσῳ
884 1957 1110 2022 λύκων,
1145 1957 1239 2010 καὶ
1276 1959 1344 2012 τὰ
1380 1959 1526 2030 ἑξῆς·
1571 1958 1850 2021 Ματθαῖος
1899 1958 1956 2010 δὲ

375 2051 486 2110 τοῖς
519 2046 764 2114 δώδεκα;
804 2049 914 2100 Καὶ
954 2048 1098 2113 τινος
1125 2035 1286 2120 χάριν
1335 2051 1364 2103 6
1397 2051 1614 2112 Λουκᾶς
1653 2049 1762 2102 τῶν
1812 2048 1959 2102 ἐϐδο-

379 2141 628 2211 μήκοντα
664 2142 940 2212 μέμνηται
973 2142 1134 2212 μόνον
1159 2160 1174 2210 ;
1443 2143 1448 2149 ’

1061 2235 1275 2300 Λύσις.

451 2320 573 2375 Ὅτι
626 2322 890 2387 πολλάκις
933 2323 1030 2395 τὴν
1065 2325 1236 2394 αὐτὴν
1283 2325 1638 2380 διδασκαλίαν
1680 2325 1896 2392 ἐξέθετο
1935 2327 1963 2379 6

379 2414 605 2485 Κύριος,
650 2417 711 2467 οὐ
741 2415 917 2484 λόγων
949 2416 1195 2486 ἀπορῶν,
1226 2417 1361 2471 ἀλλὰ
1390 2419 1519 2481 τοὺς
1561 2417 1837 2488 ἀκροατάς
1869 2417 1960 2488 βε-

379 2505 571 2561 ϐαιῶν.
615 2506 781 2558 Ὅθεν
821 2507 1054 2571 καὶτοῖς
1095 2508 1162 2578 ιβ’
1205 2509 1296 2562 καὶ
1347 2508 1460 2572 τοῖς
1511 2506 1553 2562 o'
1593 2511 1650 2562 ὲν
1680 2509 1960 2579 διαφόροις

379 2601 595 2668 καιροῖς
626 2599 696 2651 τὰ
723 2599 861 2653 αὐτὰ
887 2599 1126 2663 ἐξέθετο.

1026 2691 1291 2762 Ἀπορία.

448 2783 605 2847 Τίνος
635 2785 792 2856 χάριν
825 2785 989 2855 φησιν
1022 2787 1050 2840 6
1087 2785 1294 2856 Κύριος
1329 2786 1464 2856 πρὸς
1498 2786 1838 2856 Νικόδημον,
1879 2786 1961 2838 ὅτι

385 2876 595 2942 Οὐδεὶς
626 2878 995 2944 ἀναϐέϐηκεν
1021 2880 1111 2944 εὶς
1147 2879 1254 2932 τὸν
1295 2879 1575 2946 οὐρανὸν,
1607 2881 1658 2932 ει
1693 2877 1780 2946 μὴ
1820 2881 1852 2930 ό
1893 2877 1960 2929 ἐκ

381 2967 489 3020 τοῦ
521 2968 779 3034 οὐρανοῦ
808 2971 1090 3035 καταϐὰς,
1118 2972 1151 3023 o'
1172 2970 1302 3035 Υἱὸς
1325 2969 1432 3024 τοῦ
1466 2968 1782 3037 ἀνθρώπου
1815 2970 1846 3020 ό
1878 2966 1964 3030 ὢν

379 3060 454 3112 ἐν
487 3058 566 3123 τῷ
606 3061 840 3127 οιῖιρανῷ
861 3077 880 3123 ;
915 3061 976 3113 El
1023 3061 1122 3130 μὲν
1156 3061 1265 3133 γάρ
1301 3061 1430 3113 Υἱδν
1472 3059 1762 3130 ἀνθρώπου
1789 3073 1954 3128 προσ-

381 3150 506 3218 ήκει
538 3150 778 3204 νοεῖσθαι
811 3151 909 3221 τὴν
951 3151 1378 3222 άνθρωπότητα,
1429 3149 1569 3220 αὕτη
1621 3149 1680 3214 ἐξ
1722 3146 1958 3219 οὐρανοῦ

379 3241 442 3293 οὐ
474 3242 703 3312 κατέὄηο
738 3245 788 3295 εἰ
838 3243 894 3296 δὲ
945 3242 1066 3295 ὅλον
1101 3243 1192 3295 τὸν
1230 3242 1589 3312 σαρκωθέντα
1618 3241 1801 3311 λόγον,
1845 3240 1962 3305 πῶς

385 3335 552 3404 μήπω
602 3333 937 3404 ἀναληφθεὶς
985 3333 1368 3406 ἀναληφθῆναι
1396 3333 1478 3396 ei;
1523 3331 1790 3404 οὐρανοὺς
1845 3331 1966 3384 ἑλέ-

383 3439 512 3490 γετο
533 3441 546 3488 ;

1070 3516 1281 3580 Λύσις.

452 3609 558 3661 Τὸν
599 3608 911 3677 Νικόδημον
969 3607 1035 3659 ἐκ
1075 3608 1175 3676 τῆς
1223 3605 1528 3674 Ἰουδαϊκῆς
1573 3604 1966 3673 ταπεινότητος

379 3703 456 3765 εἰς
488 3702 550 3754 τὸ
571 3702 681 3756 τῶν
712 3703 1002 3772 δογμάτων
1039 3701 1172 3770 ὕψος
1214 3702 1515 3769 ἀναγαγεῖν
1539 3701 1566 3752 6
1595 3699 1804 3769 Κύριος
1840 3698 1964 3768 βου-

379 3794 627 3863 λόμενος,
676 3794 771 3845 καὶ
815 3793 946 3861 περὶ
985 3791 1087 3861 τῆς
1133 3792 1516 3863 πνευματικῆς
1546 3791 1963 3860 ἀναγεννήσεως

377 3886 570 3938 τοῦτον
600 3886 1058 3956 μυσταγωγῆσαι,
1089 3885 1164 3948 ὡς
1193 3879 1304 3938 εἶδε
1353 3885 1490 3953 πρὸς
1531 3883 1594 3936 τὸ
1644 3881 1779 3953 ὕψος
1829 3882 1962 3950 ἰλιγ-

378 3978 608 4048 γιῶντα,
641 3978 828 4048 φησιν’
864 3981 933 4032 Et
962 3977 1034 4031 τὰ
1051 3978 1283 4047 ἐπίγεια
1318 3973 1494 4032 εἶπον
1530 3976 1710 4047 ὑμῖν,
1750 3976 1849 4030 καὶ
1880 3976 1952 4029 οὐ

449 4155 671 4212 “Joan.
695 4172 817 4217 vm.
846 4157 938 4211 44.
1043 4157 1086 4190 “
1113 4155 1157 4211 ll
1183 4157 1376 4212 Thess.
1422 4172 1482 4221 ll,
1515 4157 1567 4211 3.

404 4226 425 4257 ’
445 4225 605 4282 Joan.
635 4243 719 4293 nt,
753 4226 842 4284 12.

2056 1882 2223 1920 num:
2270 1865 2401 1919 Ecce
2429 1883 2520 1934 ego
2551 1867 2702 1918 mitto
2730 1882 2816 1919 vos
2848 1868 2981 1920 sicut
3020 1883 3182 1936 agnos
3219 1867 3357 1919 inter
3389 1865 3536 1935 lupos
3572 1869 3638 1932 “,

2058 1969 2112 2013 et
2137 1973 2258 2027 qua:
2287 1967 2590 2028 sequuntur
2625 1975 2638 2010 :
2677 1956 2963 2012 Matthzeus
2991 1972 3120 2011 vero
3145 1957 3250 2011 illis
3294 1957 3582 2012 duodecim
3616 1959 3640 2012 ’ἒ

2059 2048 2128 2104 Ει
2163 2064 2332 2118 quare
2355 2049 2501 2104 solus
2549 2049 2726 2104 Lucas
2754 2051 3088 2104 mentionem
3115 2048 3244 2104 facit
3301 2065 3489 2104 eorum
3553 2065 3640 2104 se-

2061 2143 2344 2214 ptuaginta
2371 2143 2412 2174 ⁸⁷
2440 2142 2463 2196 ?

2732 2232 2954 2289 Solutio.

2130 2323 2266 2391 Quia
2295 2339 2438 2393 saepe
2474 2323 2734 2378 Dominus
2759 2325 3003 2379 eamdem
3028 2325 3330 2380 doctrinam
3393 2326 3641 2396 protulit,

2060 2430 2169 2468 non
2201 2415 2382 2484 inepia
2410 2431 2744 2483 sermonum,
2781 2418 2876 2470 sed
2932 2425 2992 2470 ut
3027 2417 3300 2471 auditores
3351 2417 3643 2472 conﬁrma-

2061 2517 2163 2560 ret.
2194 2507 2536 2578 Quapropter
2565 2518 2616 2562 et
2647 2509 2932 2564 duodecim
2963 2518 3018 2564 et
3051 2509 3392 2582 septuaginta
3423 2525 3521 2582 per
3549 2525 3644 2565 va-

2062 2600 2139 2653 ria
2170 2609 2415 2670 tempora
2443 2601 2632 2657 eadem
2668 2601 2940 2671 exposuit.

2629 2693 2922 2765 Difficultas
2960 2711 3070 2748 χχι.

2132 2787 2303 2858 Cujus
2321 2787 2395 2841 rei
2410 2803 2573 2843 causa
2590 2786 2658 2841 ad
2686 2786 3038 2841 Nicodemum
3063 2784 3138 2840 ait
3159 2783 3454 2850 Dominus;
3481 2783 3648 2840 Nemo

2064 2881 2297 2934 ascendit
2322 2880 2378 2933 in
2397 2879 2604 2942 caelum,
2619 2878 2721 2931 nisi
2736 2879 2824 2948 qui
2840 2878 3105 2932 descendit
3129 2878 3192 2931 de
3204 2877 3351 2944 creto,
3368 2876 3540 2933 Filius
3554 2877 3650 2931 Ito-

2065 2971 2244 3038 minis,
2269 2973 2357 3042 qui
2378 2981 2452 3024 est
2471 2971 2525 3023 in
2551 2969 2676 3024 creto
2699 2970 2777 3025 '9?
2799 2970 2857 3023 Si
2881 2971 3028 3024 enim
3050 2985 3147 3040 per
3168 2969 3365 3024 Filium
3408 2971 3652 3027 hominis

2065 3062 2292 3136 intelligi
2317 3064 2509 3118 debeat
2541 3063 2778 3118 humana
2825 3072 3042 3126 natura,
3069 3064 3184 3133 ipsa
3241 3065 3309 3119 de
3348 3065 3488 3119 caelo
3537 3080 3649 3119 non

2063 3156 2379 3221 descendit;
2431 3155 2517 3210 sin
2580 3165 2708 3210 vero
2767 3165 2940 3210 totum
2991 3154 3231 3210 Verbum
3286 3154 3656 3219 incarnatum,

2061 3262 2296 3318 quonam
2325 3246 2509 3311 modo,
2541 3245 2631 3315 qui
2687 3245 2930 3299 nondum
2985 3256 3297 3314 assumptus
3351 3243 3547 3310 fuerat,
3597 3244 3657 3301 in.

2062 3339 2230 3393 caelos
2251 3329 2567 3406 assumptus
2597 3335 2884 3390 dicebatur
2905 3334 2928 3388 ?
3411 3347 3418 3354 '

2729 3513 2956 3571 Salutio.

2132 3608 2334 3664 Volens
2362 3607 2625 3662 Dominus
2657 3605 3010 3660 Nicodemum
3043 3619 3107 3656 ex
3152 3601 3373 3656 Iudaica
3427 3599 3654 3654 humili-

2063 3710 2172 3756 tate
2201 3702 2252 3754 in
2285 3702 2598 3769 dogmatum
2638 3697 3024 3752 sublimitatem
3055 3695 3308 3756 evehere,
3345 3693 3505 3762 eique
3535 3708 3654 3762 ηιξ-ι

2059 3792 2283 3847 sterium
2313 3791 2523 3862 aperire
2575 3787 2869 3857 spiritualis
2930 3783 3376 3854 regenerationis,
3408 3791 3465 3837 ut
3513 3783 3650 3838 vidit

2059 3897 2183 3935 eum
2212 3881 2276 3935 ad
2303 3879 2644 3933 altitudinem
2682 3875 2834 3945 quasi
2863 3873 3416 3944 vertiginelaborare,
3451 3872 3534 3938 Si,
3561 3873 3648 3932 in.

2058 3972 2196 4043 quit,
2228 3980 2434 4024 terrena
2463 3970 2574 4024 dixi
2605 3968 2766 4033 vobis,
2807 3976 2856 4021 et
2887 3982 2988 4020 non
3029 3965 3242 4019 creditis
3264 3965 3328 4019 θ’.
3363 3965 3518 4021 Unde
3563 3981 3650 4029 as:-

1669 4155 1714 4187 ⁸⁸
1745 4155 1884 4210 Gen.
1927 4167 1956 4205 ιε

2067 4189 2081 4204 .
2158 4150 2202 4182 ⁸⁸
2233 4149 2365 4204 Luc.
2407 4163 2464 4214 κ,
2496 4148 2550 4203 3.
2626 4146 2670 4178 ⁸⁷
2703 4143 2891 4199 Matth.
2925 4159 2979 4210 ι,
3011 4141 3099 4198 16.
3175 4141 3221 4174 ⁸⁸
3251 4140 3408 4196 Joan.
3442 4156 3528 4209 ut,
3560 4141 3650 4202 13.

1681 4338 1919 4396 νΑιιιᾹς
1961 4335 2372 4394 LECTIONES.

448 4434 478 4476 ἀ
506 4434 546 4505 Ῑ.
580 4435 756 4491 καλεῖ.

1906 4518 2137 4574 NCT/li.

453 4682 564 4754 (16)
593 4681 1033 4754 Ἀντίχριστον.
1066 4677 1345 4754 ijicient
1393 4677 1588 4754 procul
1623 4675 1792 4731 dubio
1819 4691 1964 4754 _no_n-
1999 4679 2042 4734 D
2070 4689 2198 4754 non
2238 4674 2535 4754 substituat
2591 4673 2650 4754 ἓν
2702 4671 2813 4754 τῶν
2851 4671 3105 4754 κεράτων
3125 4673 3174 4754 .?-
3218 4689 3237 4723 ι
3289 4669 3478 4754 Aiunt
3502 4671 3652 4754 enim

379 4746 650 4812 nulli.'me
679 4746 1009 4805 neEéssariis
1054 4746 1531 4802 obSert'ationiths
1560 4746 1964 4816 praetermissis,

377 4835 632 4879 externas
663 4821 953 4890 minusque
994 4819 1157 4872 utiles
1201 4829 1360 4872 notas
1386 4814 1726 4890 procudere.
1780 4814 1966 4884 Neque

378 4895 590 4949 inlicias
630 4894 782 4955 iero;
837 4889 998 4960 spero
1047 4899 1226 4942 tamen
1274 4889 1489 4960 veniam
1548 4889 1965 4960 impetraturum

378 4982 466 5020 me
496 4967 563 5019 ab
587 4978 745 5033 aequo
787 4957 1016 5022 lectore,
1037 4975 1145 5033 quo
1165 4975 1286 5012 cum
1313 4959 1504 5033 morbo
1533 4957 1751 5033 assiduo
1776 4957 1966 5011 conﬂi-

378 5046 554 5100 ctans,
597 5029 722 5089 cum
763 5049 872 5088 non
921 5032 1128 5102 possim
1172 5045 1313 5083 nova
1355 5029 1707 5102 investigare,
1749 5035 1966 5102 veteres

378 5097 880 5159 animadversiones
921 5097 1085 5156 'velut
1149 5099 1472 5169 protrudere
1537 5097 1832 5169 contendo,
1892 5112 1964 5151 ne

378 5173 629 5228 funditus
672 5184 861 5243 pereat
917 5167 1437 5244 quantuluscunque
1479 5184 1634 5244 meus
1682 5167 1738 5220 in
1777 5167 1975 5244 litteris

378 5244 550 5298 labor.
581 5237 768 5312 Itaque
798 5237 965 5306 nunc,
995 5240 1303 5312 occasione,
1337 5237 1426 5312 vis
1459 5238 1770 5312 occasione,
1808 5237 1973 5312 Anti-

377 5313 593 5378 christi,
627 5307 832 5368 andum
854 5327 1096 5368 errorem
1120 5326 1150 5365 e
1179 5310 1384 5365 Catena
1413 5309 1466 5361 in
1495 5307 1734 5378 Marcum
1762 5307 1968 5372 tollam,

377 5400 499 5453 cap.
538 5384 625 5447 15,
677 5398 819 5437 vers.
867 5382 938 5436 20
981 5400 995 5437 :
1028 5383 1166 5434 Φασὶ
1204 5381 1314 5450 γάρ
1353 5395 1500 5441 τινες
1526 5378 1657 5498 τρία
1685 5377 1782 5446 ἐτη
1807 5381 1970 5446 γενή-

381 5457 571 5498 σεσθαι
622 5453 721 5498 τὴν
759 5454 1120 5498 ἐπικράτειαν
1169 5451 1268 5498 τοῦ
1328 5451 1550 5498 Ἀντινο
1580 5465 1729 5498 στου.
1777 5448 1865 5498 διὰ
1908 5447 1968 5498 τὸ

381 5447 571 5508 σεσθαι
622 5453 1120 5523 τὴνήὲπικράτειαν
1169 5447 1293 5523 τοῦ
1328 5447 1865 5523 ’ᾼντιχρζστουηδιὰ
1908 5447 1968 5499 τὸ

381 5523 635 5594 εἰρῆσθαι
675 5517 752 5593 τῷ
784 5517 1025 5594 Δανιὴλ,Δ
1049 5520 1366 5594 καιρδνῄκαὶ
1395 5517 1636 5594 καιροὺς
1671 5517 1769 5594 καὶἱ
1795 5522 1963 5594 ἣμισυ

381 5587 680 5667 κρατῄσειν
724 5587 950 5667 ’καιροῦ⁷
980 5591 1041 5644 τὸ
1087 5587 1161 5642 ἐν’
1195 5589 1271 5667 τῷ
1311 5587 1570 5667 {caperqu-
1613 5587 1649 5667 ὂ⁶
1685 5587 1840 5667 δηλοῖ⁹
1872 5587 1963 5639 τὸν

393 5657 784 5736 ’Ᾱντίχριστοικ
837 5657 1148 5736 Monstrum
1197 5657 1461 5736 lectionis
1488 5657 1568 5736 ’τὸ
1633 5657 1816 5736 eam};
1871 5674 1964 5736 κε·-

381 5727 787 5806 ράτῳῖῪθτυιιι
842 5733 994 5789 nullo
1024 5732 1247 5801 negotio
1282 5729 1574 5786 domabile.
1627 5727 1762 5796 Quis
1813 5729 1962 5782 cnim

2071 4745 2290 4814 quidam
2316 4745 2555 4799 triennio
2575 4744 2895 4798 duraturam
2926 4742 3268 4811 tyrannidem
3301 4743 3650 4807 Antichristi;

2069 4816 2216 4884 quod
2257 4831 2286 4868 a
2324 4815 2546 4868 Daniele
2575 4815 2782 4867 dictum
2813 4814 2906 4875 sit,
2939 4829 3037 4881 per
3071 4823 3286 4882 tempus
3325 4823 3379 4867 et
3412 4824 3654 4881 tempora

2069 4896 2126 4940 et
2161 4886 2444 4939 dimidium
2475 4884 2737 4953 temporis
2760 4885 3167 4953 prmvaliturum
3194 4899 3363 4937 unum
3408 4898 3438 4936 e
3469 4885 3655 4953 corni-

2067 4956 2382 5078 bus,2glud
2446 4950 2603 5026 quod
2648 4950 2918 5024 signiﬁcat
2974 4955 3393 5008 Antichristum.
3443 4971 3461 5004 ι
3518 4950 3654 5005 Dan.

2070 5043 2174 5078 vn.
2285 5065 2298 5078 .

2070 5043 2174 5091 vn,
2206 5027 2298 5080 25.

2141 5098 2188 5166 (1
2203 5098 2253 5164 7)
2273 5093 2641 5166 Ἀνθρώποις.
2657 5095 2908 5150 Ostendit
2926 5093 3058 5148 mihi
3077 5093 3368 5166 aliquando
3382 5091 3433 5144 in
3457 5105 3655 5166 magno

2070 5161 2252 5238 magni
2284 5165 2386 5220 viri
2403 5166 2682 5238 Glossario
2699 5166 3132 5238 charissimuslet
3153 5162 3488 5238 clarissimus
3516 5161 3655 5213 amio

2069 5234 2503 5292 cus'communis
2527 5235 2670 5290 hanc
2700 5251 2890 5290 vocem
2922 5253 2934 5287 :
2989 5254 3008 5284 ο
3040 5234 3312 5302 Antopius
3341 5234 3655 5300 Anonytnus

2068 5307 2327 5362 Barensis
2369 5307 2424 5361 in
2472 5305 2680 5360 Chron.
2734 5320 2865 5358 ann.
2924 5304 3083 5360 1046.
3155 5301 3289 5355 {Et
3340 5302 3658 5356 ceciderunt

2067 5378 2239 5432 Graeci
2282 5385 2358 5441 et,
2401 5376 2554 5429 multi
2584 5375 2813 5444 antopii,
2843 5383 2947 5429 etc.
2980 5393 3002 5444 γι
3032 5373 3360 5444 Expressit,
3408 5372 3461 5424 ni
3498 5371 3656 5424 fallor

2065 5464 2258 5502 vocem
2313 5446 2489 5503 ϋηο.
2553 5441 2868 5514 ἄνθρὼποι,
2941 5443 3062 5514 viri.
3103 5441 3150 5493 »⁷
3187 5441 3440 5509 Dixitque
3494 5455 3657 5514 posse

2072 5519 2237 5572 etiam
2283 5517 2387 5586 legi
2427 5511 2946 5586 εηιορὶί,’ὲντόπιοι.
2977 5513 3090 5584 Ego
3122 5527 3289 5586 vero,
3323 5521 3378 5586 ut
3422 5511 3658 5586 varietas

2071 5581 2395 5656 opinionum
2429 5581 2686 5654 delectat,
2731 5581 3045 5640 retinebam
3071 5582 3294 5654 antopii,
3329 5583 3432 5640 hoc
3451 5589 3540 5637 est
3564 5581 3661 5637 ἀν-

2070 5674 2288 5714 τωπιοι.
