4038 6226
441 318 575 383 1411

1627 297 1992 364 HESYCHII
2048 292 2534 357 PRESBYTER!

3590 282 3728 348 1112

436 437 573 490 serit
593 434 870 488 neminem
914 425 1228 483 ascendisse
1257 418 1315 478 in
1342 420 1562 489 caelum,
1598 419 1704 475 nisi
1758 433 1885 473 eum
1935 416 2029 485 qui

2150 412 2471 466 τιστεύετε.
2502 406 2668 463 Ὅθεν
2695 405 2830 476 φησὶ
2858 403 3063 474 μηδένα
3092 400 3500 473 ἀνασεόηκέναι
3530 402 3610 464 εἰς
3632 404 3725 453 τὸν

437 526 507 580 de
540 526 678 580 coelo
707 519 1027 584 descendit;
1060 517 1240 587 ipsum
1267 529 1327 570 se
1358 512 1688 585 signiﬁcans,
1716 525 1817 581 per
1836 523 2028 563 ascen-

438 630 559 669 sum
583 620 638 667 et
668 612 1017 673 descensum,
1053 621 1120 661 eo
1164 610 1309 676 quod
1336 605 1548 677 seiungi
1597 619 1710 658 non
1739 602 1911 674 possit
1960 601 2029 656 ab

438 704 680 758 humana
702 702 920 762 natura,
955 713 1066 768 quo
1095 697 1229 752 dicit
1261 696 1571 752 devenisse.
1602 696 1906 750 Ascensum
1932 693 2032 748 ita-

438 809 567 864 que,
590 808 699 848 non
720 792 872 846 illum
903 788 1155 860 intelligit
1178 788 1269 858 qui
1305 788 1398 843 hic
1426 803 1551 844 cum
1584 802 1749 843 carne
1780 786 2029 855 contigit,

439 889 536 942 sed
560 886 711 961 illum
740 888 833 955 qui
856 903 957 957 pro
987 889 1155 942 variis
1184 882 1426 954 antiquis
1482 881 1989 953 dispensationihus
2014 895 2029 944 ;

440 979 509 1033 de
528 978 727 1046 quibus
743 978 819 1032 ait
830 978 1108 1048 Scriptura
1131 995 1144 1033 :
1168 977 1415 1031 Ascendit
1437 975 1577 1029 Deus
1592 974 1658 1028 ab
1676 974 1943 1028 Abraham
1962 973 1982 1002 ⁷
1986 974 2029 1037 ο,

446 1077 739 1138 postquam
783 1069 1021 1124 cessavit
1053 1070 1136 1124 ad.
1177 1084 1307 1124 eum
1359 1066 1550 1136 loqui;
1580 1077 1636 1120 et
1679 1079 1801 1134 qua:
1840 1061 2033 1130 hujus-

442 1158 609 1213 modi.
634 1159 790 1224 Quod
824 1161 869 1214 si
887 1159 1084 1215 Filium
1110 1160 1350 1215 hominis
1374 1157 1609 1229 appellet
1631 1163 1752 1227 post
1779 1155 2034 1209 incarna-

445 1251 647 1306 tionem
695 1253 866 1308 Deum
919 1251 1185 1323 Verbum,
1237 1254 1443 1310 mirum
1466 1250 1635 1306 videri
1683 1264 1790 1304 non
1847 1247 2033 1312 debet,

446 1344 668 1412 quando
695 1355 752 1400 et
774 1361 865 1401 rex
896 1355 951 1402 et
983 1346 1274 1417 praefectus
1321 1344 1484 1409 bello,
1512 1343 1607 1413 qui
1639 1341 1773 1397 cinit
1819 1354 2033 1412 agrum,

448 1441 546 1487 aut
591 1435 997 1490 matrimonium
1036 1436 1308 1491 contraxit
1330 1443 1459 1489 ante
1483 1447 1710 1504 regnum
1739 1439 1796 1487 et
1837 1428 2036 1501 praefe-

449 1532 681 1589 cturam,
709 1541 818 1579 non
844 1525 1025 1579 minus
1053 1534 1242 1594 postea
1268 1524 1442 1590 audit,
1474 1521 1621 1593 quod
1641 1534 1738 1577 rex
1762 1519 1846 1576 vel
1893 1535 2036 1592 prae-

448 1615 626 1670 fectus
652 1631 838 1686 agrum
865 1616 1175 1686 acquisivit.

1000 1814 1298 1885 Diﬁicultas
1341 1830 1474 1870 xxu.

521 1909 696 1977 Quem
738 1908 793 1963 in
820 1907 1041 1963 modum
1092 1907 1280 1963 retulit
1321 1906 1563 1962 Joannes
1597 1903 1803 1961 dixisse
1859 1900 2043 1958 Domi-

450 2017 583 2058 num
604 2001 673 2057 ad
704 1999 954 2056 Indicos:
984 1996 1096 2069 Ego
1119 2007 1169 2052 et
1207 1996 1376 2051 Pater
1400 2012 1565 2050 unum
1584 2010 1766 2050 sumus
1800 1993 1882 2059 τις
1916 2006 2042 2046 cum

452 2097 598 2153 idem
628 2096 842 2161 dixerit,
894 2104 1231 2165 postremum
1275 2091 1421 2147 diem
1452 2105 1633 2161 neque
1658 2086 1899 2160 angelos,
1942 2100 2044 2140 ne-

452 2207 559 2262 que
580 2189 777 2245 Filium
802 2189 963 2252 scire,
993 2187 1090 2242 sed
1119 2187 1294 2241 solum
1321 2184 1538 2239 Patrem
1562 2182 1630 2236 ".

1124 2298 1353 2355 Salutio.

524 2396 682 2464 Quod
712 2394 827 2450 ﬁeri
861 2401 1099 2465 nequeat
1128 2400 1189 2447 ut
1217 2388 1539 2446 saeculorum
1568 2385 1749 2458 opifex
1775 2384 1922 2441 diem
1950 2390 2047 2439 aut

456 2491 651 2546 horam
687 2500 985 2544 extremam
1028 2486 1261 2557 ignoret,
1296 2480 1351 2538 id
1388 2479 1602 2537 cunctis
1665 2479 1856 2548 liquet.
1892 2476 2042 2543 Quo-

457 2581 603 2635 circa
643 2579 818 2634 tribus
861 2577 1038 2631 modis
1063 2573 1369 2630 ostenditur
1420 2587 1576 2628 suam
1606 2570 1909 2627 doctrinam
1949 2584 2048 2624 ex-

458 2670 689 2741 plicasse
709 2668 1018 2733 Dominum,
1043 2675 1099 2722 et
1119 2667 1226 2720 alia
1242 2665 1460 2736 quidem
1486 2671 1744 2733 tanquam
1770 2662 2048 2717 hominem

458 2762 767 2826 disserere;
801 2767 863 2813 ut
883 2757 1231 2830 praepositum
1271 2755 1604 2827 capitulum;
1632 2762 1688 2809 et
1725 2753 1894 2808 illud:
1931 2753 2051 2808 Tri-

460 2850 557 2906 stis
586 2859 658 2905 est
680 2849 863 2902 anima
888 2865 1003 2902 mea
1025 2863 1187 2918 usque
1218 2846 1288 2899 ad
1306 2856 1529 2900 mortem
1547 2843 1615 2895 ⁷⁸.
1640 2843 1884 2912 Itemque
1912 2843 2047 2897 hoc:

463 2940 621 2996 Nunc
648 2941 831 2994 anima
862 2955 977 2992 mea
1002 2938 1213 2991 turbata
1244 2946 1319 2991 est
1338 2935 1402 2991 ⁷⁸.
1434 2934 1709 2990 Interdum
1743 2948 1871 2989 vero
1906 2930 2051 3003 loqui

462 3041 523 3086 ut
563 3032 769 3097 Deum;
813 3029 1030 3100 quando
1071 3044 1270 3099 nempe
1301 3027 1415 3083 ait:
1448 3026 1562 3098 Ego
1589 3034 1639 3080 et
1667 3024 1833 3079 Pater
1888 3041 2049 3078 unum

2135 507 2391 577 οὐρανὸν,
2426 504 2477 557 ει
2513 502 2588 574 μὴ
2623 500 2717 554 τὸν
2748 501 2811 552 ὲκ
2844 497 2942 551 τοῦ
2969 495 3204 567 ούρανοῦ
3227 492 3566 555 καταϐάντα,
3595 493 3724 546 ἑαυ-

2134 602 2227 654 τὸν
2263 597 2568 670 σημαίνων,
2619 595 2709 648 διά
2748 610 2808 646 τε
2843 593 2943 664 τῆς
2975 588 3298 652 ἀναϐάσεως
3343 589 3438 642 καὶ
3482 586 3726 640 καταδά-

2138 711 2300 757 σεως,
2340 691 2430 745 διὰ
2462 689 2524 742 τὸ
2557 688 2634 759 μὴ
2665 685 2929 740 δύνασθαι
2958 681 3353 752 διαζευχθῆναι
3378 678 3479 747 τῆς
3514 677 3726 748 ἀνθρωο

2139 784 2377 852 πότητος
2397 780 2491 833 τὸν
2511 778 2646 832 Θεὸν
2665 777 2862 845 Λόγον,
2884 767 2945 829 οὗ
2962 790 3128 845 φησιν
3144 768 3570 841 κατεληλυθέναι
3587 768 3723 838 (l8).

2155 874 2451 928 ’Δνάδασιν
2483 873 2583 943 μέν
2624 887 2734 937 τοι,
2788 869 2849 923 οὐ
2904 867 3005 939 τὴν
3056 865 3197 936 μετὰ
3237 862 3442 935 σαρκὸς
3487 859 3728 915 ἐνταῦθα

2138 968 2311 1036 λέγει,
2342 964 2483 1019 ἀλλὰ
2504 963 2605 1036 τὴν
2634 963 2778 1034 ὑπὲρ
2804 959 3081 1030 διαφόρων
3108 956 3355 1028 ἀρχαίων
3375 951 3723 1022 οἰκονομιῶν,

2139 1060 2270 1130 περὶ
2284 1051 2361 1111 ὧν
2387 1073 2552 1127 φησιν
2574 1057 2607 1125 ἡ
2624 1053 2843 1126 Γραφήο
2870 1050 3070 1119 Ἀνέϐη
3094 1053 3125 1104 ό
3148 1049 3294 1114 Θεὸς
3312 1046 3432 1102 ἀπὸ
3448 1046 3724 1114 Ἀϐραὰμ,

2140 1151 2305 1221 ἡνίκα
2342 1148 2625 1204 ἐπαύσατο
2666 1145 2848 1198 λαλεῖν
2879 1141 3029 1213 αύτῷ
3051 1183 3066 1203 ,
3096 1141 3195 1195 καὶ
3238 1141 3339 1194 ὅσα
3382 1135 3630 1192 τοιαῦτἀ.
3667 1136 3729 1188 Ei

2140 1242 2200 1296 δὲ
2246 1241 2375 1296 Υῖὸν
2422 1237 2715 1311 ἀνθρώπου
2748 1236 2908 1290 καλεῖ
2950 1231 3091 1303 μετὰ
3138 1232 3237 1302 τὴν
3284 1231 3564 1301 σάρκωσιν
3589 1226 3726 1298 (I9).

2140 1337 2233 1391 τὸν
2262 1334 2395 1389 Θεὸν
2426 1333 2624 1403 Λόγον,
2649 1334 2712 1387 οὐ
2742 1331 3081 1401 θαυμαστόν·
3108 1326 3300 1397 ἐπειδὴ
3336 1325 3432 1379 καὶ
3475 1322 3729 1394 βασιλεὺς

2141 1428 2238 1483 καὶ
2280 1426 2607 1498 στρατηγὸς,
2645 1424 2813 1495 ἀγρὸν
2845 1419 3161 1493 ἠγορακὼς,
3193 1418 3228 1488 ἢ
3264 1417 3429 1488 γάμῳ
3461 1412 3727 1468 συναλλά-

2144 1520 2251 1586 ξας
2288 1519 2398 1592 πρὸ
2443 1520 2546 1590 τῆς
2594 1516 2873 1588 βασιλείας
2924 1514 3146 1583 καὶτῆς
3190 1509 3552 1583 στρατηγίας,
3578 1507 3726 1578 ὅμως

2147 1613 2285 1686 μετὰ
2318 1611 2496 1666 ταῦτα
2526 1610 2772 1680 λέγεται,
2803 1610 2885 1662 ὅτι
2932 1605 3190 1679 βασιλεὺς
3235 1602 3328 1657 τὸν
3366 1600 3536 1674 ἀγρὸν
3565 1599 3729 1670 ἐκτή-

2146 1723 2279 1761 σατο
2303 1705 2336 1776 ἢ
2362 1705 2392 1758 ό
2423 1702 2752 1776 στρατηγός.

2746 1865 2750 1869 .
2802 1814 3070 1869 Ἀποοὶα.

2746 1865 2750 1869 .
2806 1831 2945 1869 Ἀπο
2989 1831 3070 1866 ια.

2215 1911 2340 1975 Πῶς
2365 1911 2457 1964 τὸν
2483 1909 2686 1980 Κύριον
2720 1831 3008 1980 εἰρηκὲνξι
3037 1906 3152 1968 τοῖς
3199 1900 3504 1964 Ἰουδαίοις,
3536 1897 3725 1965 ἔλεγεν

2156 2004 2437 2074 Ἰωάννης·
2474 2000 2614 2071 Ἐγὼ
2637 2002 2735 2056 καὶ
2758 2003 2790 2055 ὁ
2816 1998 3021 2067 Πατὴρ
3043 1997 3113 2052 ἓν
3133 1998 3352 2066 ἐσμεν·
3378 1991 3544 2047 αὐτοῦ
3572 1994 3728 2062 εἰρη-
3808 1990 3827 2056 ζ

2144 2096 2325 2160 κότος,
2359 2094 2459 2167 τὴν
2511 2093 2751 2165 ἐσχάτην
2805 2091 3022 2163 ἡμέραν
3083 2089 3220 2162 μηδὲ
3265 2087 3394 2150 τοὺς
3437 2085 3725 2155 ἀγγέλους,

2149 2188 2286 2259 μηδὲ
2315 2189 2407 2241 τὸν
2442 2186 2571 2239 Υἱὸν
2609 2185 2837 2248 εἰδέναι,
2871 2180 3009 2237 ἀλλὰ
3048 2182 3209 2254 μόνον
3240 2179 3331 2235 τὸν
3366 2177 3623 2250 Πατέρα,

2832 2299 3045 2364 Λύσις.

2222 2391 2348 2447 Ὅτι
2396 2391 2488 2447 τὸν
2522 2392 2630 2447 τῶν
2676 2390 2888 2447 αἰώνων
2943 2390 3176 2460 ποιητὴν
3228 2387 3446 2460 ἡμέραν
3497 2385 3531 2457 ἢ
3576 2384 3729 2457 ὥραν

2147 2487 2418 2557 ἀγνοῆσαι
2463 2488 2766 2558 ἀμήχανον,
2815 2482 2977 2538 τοῦτο
3032 2485 3170 2537 πᾶσι
3220 2481 3399 2552 δῆλον.
3432 2479 3597 2532 Ὅθεν
3627 2477 3732 2534 δείο

2150 2595 2347 2633 κνυται
2380 2579 2526 2633 κατὰ
2555 2581 2705 2649 τρεῖς
2737 2578 2976 2649 τρόπους
3019 2576 3118 2648 τὴν
3157 2573 3324 2630 αὐτοῦ
3374 2570 3730 2628 διδασκαλίαν

2150 2668 2411 2722 ἐκθέσθαι
2440 2669 2533 2722 τὸν
2567 2668 2799 2740 Κύριον.
2835 2669 2945 2722 Καὶ
2978 2667 3049 2723 τὰ
3077 2668 3176 2739 μὲν
3200 2667 3274 2731 ὼς
3304 2665 3591 2737 ἄνθρωπον
3615 2663 3729 2717 δια-

2151 2759 2432 2829 λέγεσθαι’
2466 2759 2543 2823 ὡς
2576 2762 2638 2813 τὸ
2666 2759 2933 2832 προτεθὲν
2960 2760 3281 2830 κεφάλαιον
3307 2759 3403 2812 καὶ
3441 2757 3525 2824 τὸ,
3555 2755 3729 2825 Περί-

2149 2852 2350 2917 λυπός
2381 2852 2554 2907 ἐστιν
2580 2852 2619 2919 ἡ
2655 2853 2827 2922 ψυχή
2866 2870 2987 2921 μου
3020 2851 3134 2919 ἕως
3186 2849 3469 2906 θανάτου’
3503 2849 3598 2903 καὶ
3645 2848 3732 2914 τδ,

2152 2944 2283 2999 Νῦν
2312 2945 2351 3012 ἡ
2397 2944 2568 3014 ψυχή
2618 2961 2739 3013 μου
2794 2943 3167 3010 τετάρακται.
3201 2941 3339 2995 Ποτὲ
3368 2940 3527 3004 δὲὼς
3569 2938 3728 2991 Θεόν·

2154 3036 2231 3089 ὅτ’
2271 3036 2336 3090 ἄν
2379 3052 2565 3105 φησιν·
2614 3034 2759 3104 Ἐγὼ
2807 3035 2903 3088 καὶ
2941 3038 2974 3089 ό
3009 3033 3213 3104 Πατὴρ
3248 3032 3320 3087 ἓν
3363 3033 3579 3102 ἐσμεν*
3616 3030 3732 3094 καὶ,

462 3140 664 3178 sumus.
692 3123 758 3177 Et
781 3139 794 3175 :
825 3122 1155 3192 Quaecunque
1183 3122 1332 3174 habet
1357 3120 1536 3184 Pater,
1564 3135 1679 3174 mea
1709 3127 1828 3172 sunt
1848 3116 1914 3182 ⁷⁸,
1942 3133 2044 3171 εαξ-

2159 3129 2290 3181 ’Ὀτι
2311 3127 2428 3181 ὅσα
2456 3128 2583 3195 ἕχει
2611 3131 2643 3180 ό
2676 3126 2898 3196 Πατὴρ,
2919 3127 3032 3197 ἐμά
3053 3130 3190 3181 εισι*
3227 3126 3321 3180 καὶ
3352 3126 3452 3179 ὅσα
3483 3116 3731 3177 τοιαῦτα.

465 3224 689 3285 teraque
719 3213 934 3269 similia.
976 3213 1255 3267 Interdum
1284 3213 1364 3265 uti
1398 3210 1569 3264 Deum
1626 3216 1683 3264 et
1749 3209 2049 3274 hominem,

463 3307 608 3363 sicut
639 3322 762 3361 cum
790 3305 921 3361 dicit
948 3323 961 3358 :
995 3299 1107 3375 Ego
1137 3320 1254 3358 sum
1285 3303 1460 3372 panis,
1489 3302 1579 3374 qui
1609 3303 1672 3356 de
1695 3301 1819 3356 caelo
1844 3302 2054 3356 descen-

465 3400 521 3454 di
543 3400 609 3451 ⁷⁸.
639 3399 802 3454 Panis
825 3398 992 3464 enim,
1016 3412 1214 3468 corpus
1239 3402 1341 3461 est,
1368 3405 1425 3451 et
1443 3395 1607 3462 Deus,
1633 3395 1725 3465 qui
1747 3396 2049 3451 descendit.

465 3491 533 3547 Et
562 3507 689 3560 cum
717 3491 881 3547 dicit:
910 3490 1232 3545 Potestatem
1252 3488 1414 3541 habeo
1444 3488 1672 3556 ponendi
1708 3488 1966 3553 animam,
2003 3496 2051 3538 et

465 3591 660 3643 iterum
686 3584 927 3640 sumendi
948 3598 1066 3636 eam
1087 3581 1152 3634 ⁷⁷.
1178 3578 1391 3634 Etenim
1423 3593 1490 3635 ex
1522 3587 1821 3651 postestate
1848 3590 2054 3647 ponere

463 3690 523 3736 et
538 3694 774 3742 sumere,
794 3673 1094 3732 divinitatis
1110 3680 1193 3728 est
1213 3688 1228 3739 ;
1245 3671 1428 3726 anima
1447 3681 1653 3737 autem,
1677 3667 2050 3725 humanitatis.

467 3767 583 3824 Hoc
614 3781 775 3836 porro
827 3764 880 3819 in
937 3764 1056 3820 loco
1086 3760 1449 3834 ignorantiam
1516 3776 1631 3830 pra:
1656 3774 1715 3813 se
1765 3758 1910 3823 tulit,
1943 3771 2053 3827 quo

467 3858 858 3930 discipulorum
901 3855 1275 3912 curiositatem
1336 3862 1749 3923 compesceret;
1778 3865 1848 3903 ne
1908 3863 2052 3921 aegre

468 3952 677 4009 ferrent
702 3971 719 4017 ;
744 3950 889 4022 quod
910 3965 1018 4005 non
1049 3948 1171 4018 soli,
1200 3947 1298 4004 sed
1327 3956 1384 4002 et
1414 3961 1539 4002 cum
1571 3944 1775 4016 angelis
1806 3943 1949 3999 diem
1987 3942 2050 3996 il-

467 4046 581 4105 lum
610 4049 941 4120 ignorarent.

1009 4158 1302 4230 Difﬁcultas
1325 4173 1480 4213 χχιιι.
1828 4204 1829 4207 η

537 4254 768 4326 Propter
796 4252 925 4324 quid
950 4251 1152 4309 Judaais
1180 4251 1318 4307 dixit
1340 4248 1638 4305 Dominus:
1674 4254 1865 4307 Omnes
1894 4261 2050 4325 quot-

463 4359 592 4426 quot
621 4357 868 4401 venerunt
897 4355 1020 4400 ante
1042 4361 1142 4411 me,
1175 4345 1316 4415 fures
1363 4354 1413 4398 et
1442 4344 1674 4399 latrones
1688 4354 1809 4398 sunt
1834 4346 1925 4400 ⁷⁸⁸9
1965 4348 2046 4401 An

465 4448 634 4519 igitur
669 4445 847 4502 Moses
868 4447 926 4501 el
955 4437 1234 4514 propheta!
1263 4436 1502 4492 latrones
1534 4436 1732 4492 erant?

2157 3219 2293 3274 Ποτὲ
2341 3219 2398 3272 δὲ
2442 3219 2518 3282 ὡς
2557 3218 2691 3270 Θεὸν
2731 3221 2825 3271 καὶ
2873 3220 3161 3289 ἄνθρωπον
3184 3233 3198 3250 ·
3232 3220 3310 3281 ὡς
3357 3218 3435 3271 ὅτ’
3466 3215 3533 3270 ἂν
3561 3214 3751 3283 λέγει·¹

2167 3310 2311 3379 Ἐγώ
2339 3312 2459 3379 εἰμι
2510 3314 2543 3363 ό
2587 3309 2766 3376 ἄρτος
2800 3313 2834 3362 ό
2862 3309 2931 3362 ἐκ
2991 3310 3100 3364 τοῦ
3133 3308 3396 3376 οὐρανοῦ
3442 3305 3731 3371 καταϐάς.

2157 3403 2356 3472 "Apto;
2385 3403 2493 3469 γὰρ
2537 3399 2597 3453 τὸ
2629 3401 2812 3469 σῶμα,
2849 3400 2984 3462 Θεὸς
3031 3400 3088 3452 δὲ
3135 3402 3165 3454 ό
3197 3398 3463 3461 καταϐάς.
3504 3398 3616 3450 Καὶ
3654 3397 3734 3450 ὅτ’

2153 3492 2220 3547 ἄν
2247 3492 2418 3561 λέγει·
2463 3490 2783 3557 Ἔξουσιάν
2811 3491 2930 3561 ἔχω
2982 3490 3171 3546 θεῖναι
3225 3491 3326 3562 τὴν
3375 3489 3580 3560 ψυχὴν,
3634 3491 3733 3542 καὶ

2153 3585 2344 3640 πάλιν
2370 3585 2579 3640 λαϐεῖν
2614 3585 2832 3654 αὐτήν.
2867 3585 2909 3637 Τ
2912 3586 2941 3638 ὸ
2971 3585 3080 3656 γὰρ
3116 3585 3236 3638 κατ’
3270 3584 3521 3650 ἐξουσίαν
3560 3582 3732 3637 θεῖναι

2154 3677 2252 3731 καὶ
2280 3677 2491 3741 λαϐεῖν,
2522 3676 2812 3748 θεότητος’
2849 3679 2882 3749 ἡ
2929 3677 2987 3731 δὲ
3039 3675 3189 3748 ψυχὴ
3211 3717 3227 3741 ,
3287 3675 3732 3749 ἁνθρωπότητος.

2167 3767 2434 3822 Ἐνταῦθα
2464 3768 2561 3841 μὲν
2587 3768 2686 3839 τὴν
2714 3769 2960 3837 ἄγνοιαν,
2992 3770 3104 3823 τῶν
3140 3768 3402 3841 μαθητῶν
3421 3769 3485 3823 τὸ
3512 3767 3735 3840 περιερ·

2154 3877 2251 3930 γον
2297 3860 2615 3914 ἀναστεῖλαι
2659 3861 3025 3931 βουλόμενος,
3069 3861 3476 3933 προεϐάλλετοο
3523 3861 3612 3915 ἵνα
3657 3860 3735 3932 μὴ

2153 3952 2485 4023 ἀσχαλῶσιν·
2525 3952 2601 4017 ὡς
2652 3955 2714 4006 ού
2763 3955 2936 4024 μόνοι,
2971 3954 3111 4010 ἀλλὰ
3159 3954 3259 4009 καὶ
3311 3952 3454 4025 μετὰ
3487 3953 3733 4023 ἀγγέλων

2150 4045 2251 4116 τὴν
2284 4047 2501 4117 ἡμέραν
2535 4046 2753 4117 ἐκείνην
2783 4048 3138 4115 ἀγνοοῦντες.

2815 4159 3069 4228 Ἀπορία.
3170 4194 3173 4197 ›

2222 4251 2377 4305 Διατε
2410 4254 2521 4315 τοῖς
2581 4252 2859 4317 Ἰουδαίοις
2907 4252 3096 4321 ἔλεγεν
3146 4254 3176 4306 ὁ
3216 4253 3421 4324 Κύριος
3451 4267 3465 4282 ο
3502 4251 3733 4320 Πάντες

2153 4343 2287 4398 ὅσοι
2310 4340 2503 4415 ἦλθον
2530 4345 2645 4413 πρὸ
2670 4344 2838 4414 ἐμοῦ,
2878 4345 3133 4400 κλέπται
3159 4345 3256 4399 καὶ
3278 4345 3506 4413 λῃσταί
3532 4347 3730 4408 εὶσιν;

2151 4430 2303 4508 ’Δρα
2332 4436 2426 4491 οὖν
2455 4436 2653 4509 λῃσταὶ
2699 4437 2942 4509 Μωῦσῆς
2979 4437 3076 4492 καὶ
3104 4438 3156 4491 οἱ
3184 4438 3467 4510 προφῆται
3496 4436 3731 4509 ἐτύγχα-

2080 4546 2280 4603 υνονς
2678 4548 2683 4553 ·

534 4710 581 4742 ⁷⁸
602 4710 742 4766 Gen.
774 4726 924 4777 xvn,
976 4712 1068 4767 22.
1180 4712 1226 4745 ⁷⁸
1257 4710 1419 4767 Joan.
1452 4728 1524 4778 χ,
1568 4711 1658 4769 50.
1767 4715 1814 4746 ⁷²
1848 4712 2038 4770 Matth.

465 4779 514 4813 ﬂ
556 4778 685 4813 Innn
742 4797 830 4813 -.γε
892 4781 959 4813 ιιι
1054 4782 1104 4813 n
1137 4781 1267 4813 ιω...
1315 4795 1370 4813 .n
1430 4782 1487 4813 λι
1592 4784 1636 4813 ﬂ
1668 4781 1797 4813 In-..
1848 4800 1878 4813 ν
1936 4786 2000 4813 ιο

2150 4706 2384 4813 ,ιχὺὸδε
2491 4707 2537 4739 ⁷³
2574 4704 2766 4771 Matth.
2806 4724 2935 4768 xxvn
2962 4750 2979 4783 ,
3018 4709 3108 4769 .58.
3217 4709 3263 4743 ⁷⁸
3287 4709 3456 4779 Joan.
3483 4724 3605 4783 xtl,
3633 4709 3729 4770 27.

543 4778 707 4836 Joan.
742 4797 854 4844 xvi,
892 4781 981 4836 15.
1054 4782 1104 4815 ⁷⁸
1130 4781 1291 4839 Joan.
1315 4795 1395 4848 vt,
1424 4782 1516 4838 4i.
1592 4784 1636 4816 "
1660 4781 1824 4839 Joan.
1848 4800 1903 4850 x,
1936 4786 2021 4841 18.
2096 4786 2142 4817 ⁷⁸
2177 4778 2311 4841 ibid.
2349 4785 2402 4840 8.

2004 4963 2242 5021 NOTAE.

536 5122 658 5196 (18)
688 5110 768 5174 Οὖ
802 5135 997 5192 φησιν
1021 5119 1520 5196 κατεληυζυθέναι.
1551 5121 1612 5175 ln
1640 5138 1743 5178 ms.
1777 5123 2046 5196 scriptum

460 5191 587 5248 erat
602 5191 665 5247 οὗ
697 5191 867 5261 φησιν
886 5234 901 5257 ,
926 5192 1072 5261 quod
1094 5193 1398 5261 mutatione
1421 5202 1682 5248 accentus
1695 5191 1909 5249 correxi
1933 5209 1948 5257 ;
1971 5194 2051 5248 si-

467 5265 691 5334 mulque
712 5251 1041 5334 recordatus
1065 5278 1187 5316 sum
1217 5264 1323 5318 loci
1360 5251 1636 5318 Plutarchi
1656 5263 1798 5317 libro
1828 5263 1904 5318 De
1934 5251 2053 5317 ma-

468 5331 712 5404 ligniiate
756 5331 1050 5401 Herodoti,
1084 5348 1273 5404 “quem
1337 5342 1464 5404 ante
1515 5333 1727 5404 aliquot
1766 5346 1943 5388 annos
1986 5349 2053 5388 ex

465 5402 823 5473 professionis
862 5419 998 5459 meae
1032 5402 1211 5458 olIicio
1259 5402 1505 5473 legebam
1529 5441 1543 5464 ,
1579 5403 1662 5455 ἔτι
1709 5404 1892 5457 τοίνυν
1941 5407 2056 5468 τοῖς

463 5476 561 5525 ἀπ’
608 5473 830 5536 εὐθείας
862 5475 924 5527 οὐ
961 5473 1246 5540 βούλονται
1275 5473 1464 5536 κακῶς
1498 5473 1721 5541 λέγουσι
1758 5473 2054 5528 δυσκολίαν

462 5542 753 5614 ἐπικαλεῖν
799 5545 896 5597 καὶ
933 5545 1258 5614 θρασύτητα
1301 5544 1398 5598 καὶ
1440 5544 1663 5614 μανίαν,
1708 5544 1804 5597 ἐὰν
1838 5546 1915 5614 μὴ
1952 5562 2053 5614 με·

464 5610 788 5689 τριάξωσιν..
829 5614 931 5689 Ubi
974 5610 1281 5689 interpres:
1325 5610 1494 5668 Porro
1524 5614 1615 5689 qui
1659 5610 1851 5689 aperte
1885 5610 2057 5689 malen

468 5679 651 5760 dicere
692 5682 929 5760 uolunt."L
975 5679 1334 5760 morositatem
1374 5679 2052 5760 ρπριίρὺνᾳνεόιῖενοοίαῒην

471 5750 764 5809 insaniam,
799 5750 900 5801 nisi
948 5753 1165 5804 modum
1213 5762 1438 5807 servent.
1484 5750 1876 5822 Conjecta‘bam
1922 5770 2055 5810 vero

2157 5140 2261 5199 ego
2290 5125 2453 5199 scribi
2488 5123 2690 5199 debere
2719 5123 2836 5199 ξστι
2861 5132 2917 5179 et
2940 5125 3003 5199 οὗ
3024 5126 3145 5199 ,hoc
3174 5134 3258 5181 est
3290 5143 3303 5180 :
3341 5114 3542 5183 «licet
3570 5125 3738 5199 igitur

2159 5194 2229 5249 iis
2249 5194 2340 5265 qui
2366 5203 2518 5250 recta
2544 5195 2634 5249 ubi
2662 5196 2853 5250 volunt
2884 5196 3236 5262 maledicunt,
3263 5207 3393 5262 etc.,
3430 5199 3475 5253 si
3513 5194 3735 5253 modum

2159 5275 2617 5338 nonuservent.)
2698 5266 2941 5338 Eamque
2995 5268 3390 5336 conjecturam,
3442 5267 3568 5338 quia
3624 5284 3737 5323 non

2161 5334 2452 5459 ἱξίεριξὲοι,
2487 5336 2577 5391 hic
2615 5352 2679 5391 ex
2711 5334 2999 5392 occaSione
3039 5334 3347 5409 proponere
3388 5334 3570 5410 operae
3607 5353 3736 5409 pre-

2188 5422 2297 5459 lum
2367 5422 2477 5459 uxr.
3666 5436 3671 5441 ι

2162 5414 2297 5460 tium
2328 5414 2477 5463 duxi.
3666 5436 3671 5441 ι

2237 5475 2535 5556 (19).Μετὰ
2567 5475 2683 5543 τὴν
2717 5474 3046 5556 σάρκιασιν.
3077 5477 3306 5556 _Se_nsu_s
3348 5489 3465 5546 est,
3500 5489 3625 5556 post
3651 5481 3742 5556 in-

2162 5547 2533 5601 carnationem
2561 5555 2861 5616 peractam,
2897 5548 3026 5603 dum
3059 5550 3127 5606 de
3159 5547 3339 5606 Verbo
3374 5547 3615 5606 nondum
3650 5553 3739 5605 in-

2164 5627 2389 5691 carnato
2427 5631 2609 5691 sermo
2653 5617 2927 5691 habeturt
2964 5633 3167 5691 nomen
3211 5621 3332 5675 Filii
3365 5622 3603 5676 hominis
3635 5623 3740 5691 ipsi

2165 5685 2419 5769 inditum.
2457 5686 2588 5767 Vide
2623 5687 2667 5769 si
2696 5696 2853 5769 vacat
2895 5688 3189 5762 Origenem
3229 5692 3285 5746 in
3332 5692 3605 5765 principio
3633 5685 3745 5747 lio.

2164 5756 2325 5811 milia:
2357 5769 2515 5811 nonze
2544 5757 2598 5810 in
2621 5756 2939 5814 Jcremiam.
