3968 6220
312 321 452 388 1413

991 443 1207 509 Λύσις.

383 529 954 602 Καταστοχασάμενος
985 532 1231 596 διάϐολος
1261 533 1364 604 τῆς
1401 533 1642 603 Χριστοῦ
1678 552 1888 606 παρου-

312 629 460 692 σίας,
477 628 667 697 ἤγειρε
691 624 799 696 πρὸ
813 625 997 694 ὀλίγου
1023 627 1120 696 τῆς
1141 625 1308 678 αὐτοῦ
1328 626 1485 694 ὲπιδη
1495 625 1643 696 μίας,
1665 643 1892 680 στασια-

313 719 445 782 στάς
477 735 653 782 τινας,
683 718 814 780 τοὺς
861 718 994 787 περὶ
1023 717 1232 771 Θευδᾶν
1266 720 1363 771 καὶ
1407 717 1633 783 Ἰούδαν,
1677 720 1891 782 ἑαυτοῖς

311 811 472 875 δόξαν
493 811 880 882 ἁρπάσαντας,
905 811 999 863 καὶ
1025 811 1152 873 τοὺς
1187 809 1512 874 πεισθέντας
1544 811 1730 875 αὐτοῖς
1761 812 1892 865 ἀνα⁸

313 902 650 965 στώσαντας·
686 903 853 955 οἱκαὶ
886 901 1284 970 διελύθησαν,
1321 902 1468 956 καθὰ
1501 902 1578 973 τῷ
1606 901 1891 973 Γαμαλιὴλ

312 994 551 1065 εἴρηται.
591 993 818 1057 Τούτοις
857 993 1041 1046 τοίνυν
1075 993 1162 1047 διὰ
1193 984 1403 1047 ώύτων
1447 993 1768 1058 αἰνίττεται,
1795 994 1892 1046 καὶ

313 1086 430 1138 ὅσοι
465 1086 672 1138 τούτων
723 1084 964 1155 ζηλωταὶ
995 1085 1306 1154 γεγόνασιν.
1344 1085 1626 1150 Μωυσέως
1671 1085 1773 1156 μέν
1808 1102 1891 1139 τοι

315 1175 408 1228 καὶ
436 1173 544 1227 τῶν
575 1175 893 1244 προφητῶν,
921 1174 1200 1244 ἤκουσαν
1228 1177 1299 1230 τὰ
1324 1176 1606 1244 πρόϐατα.

979 1271 1238 1338 Ἀπορία.

385 1362 544 1424 Τίνος
579 1362 741 1432 χάριν
776 1360 1054 1424 Ματθαῖος
1089 1362 1187 1432 τὴν
1240 1361 1454 1433 μητέρα
1483 1363 1594 1416 τῶν
1627 1359 1762 1416 υἱῶν
1792 1365 1893 1416 Ζε-

316 1453 532 1508 ϐεδαίου
569 1455 795 1524 αἰτῆσαι
848 1453 946 1524 τὴν
980 1455 1045 1506 ὲκ
1088 1453 1281 1518 δεξιῶν
1314 1455 1588 1526 καθέδραν
1612 1455 1726 1519 τοῖς
1760 1453 1892 1518 υἱοῖς

315 1545 406 1614 τὸν
443 1545 648 1618 Κύριον
679 1545 935 1616 ἱστόρησε
961 1561 977 1576 ο
1028 1546 1256 1614 Μάρκος
1302 1546 1359 1598 δὲ
1396 1547 1496 1600 οὐκ
1529 1547 1724 1616 αὐτὴν,
1757 1545 1894 1604 ἀλλὰ

316 1636 443 1701 τοὺς
474 1638 624 1700 υἱοὺς
657 1635 818 1691 τοῦτο
847 1637 1086 1708 αἰτῆσαι
1109 1636 1359 1704 ἐξέθετο;

995 1727 1211 1793 Λύσις.

1683 327 2202 402 QU/ESTIONES.

3440 340 3578 405 liii

2287 513 2291 518 ,
2674 452 2900 510 Salutio.

2063 537 2390 607 Coniectans
2436 541 2685 600 diabolus
2722 546 3015 602 adventum
3068 546 3291 616 Christi,
3325 553 3579 612 excitavit

1994 628 2154 694 paulo
2177 641 2302 683 ante
2335 646 2494 700 quam
2516 634 2748 701 veniret,
2769 637 3058 693 seditiosos
3084 641 3370 708 quosdam,
3393 644 3545 699 Theu
3560 675 3576 685 ο

1991 718 2113 771 dam
2166 728 2220 773 et
2272 720 2465 776 Judam
2511 739 2634 778 cum
2671 730 3016 797 sequacibus,
3073 733 3164 801 qui
3198 735 3423 804 gloriam
3473 737 3575 792 sibi

1992 807 2359 875 arripuerunt,
2388 811 2626 882 ipsisque
2672 817 3013 875 adhaerentes
3057 821 3122 876 ad
3158 825 3447 879 tumultum
3474 827 3577 880 im-

1993 897 2250 964 pulerunt
2277 915 2290 963 ;
2321 901 2414 969 qui
2448 911 2502 954 et
2525 904 2767 973 dissipati
2786 921 2902 963 sunt
2925 912 2989 977 τ’,
3021 900 3080 967 ut
3104 929 3134 968 a
3169 913 3465 971 Gamaliele
3492 919 3575 973 di-

1993 997 2139 1041 ctum
2171 999 2271 1043 est.
2301 989 2412 1045 Hos
2447 991 2630 1063 itaque
2661 1013 2760 1066 per
2785 1000 2900 1055 haec
2949 1004 3112 1058 verba
3141 1005 3413 1078 designat,
3443 1011 3573 1065 reli-

1991 1093 2235 1149 quosque
2256 1084 2348 1152 qui
2375 1099 2470 1141 eos
2492 1090 2728 1144 aemulati
2753 1102 2898 1148 sunt.
2927 1095 2998 1149 At
3021 1095 3208 1152 Mosen
3251 1107 3306 1153 et
3332 1100 3571 1171 praphe-

1995 1178 2075 1226 tas
2099 1188 2213 1226 oves
2245 1177 2548 1233 audierunt.

2546 1269 2834 1339 Dimcultas
2870 1291 3019 1330 xXIv.

2064 1351 2423 1419 Quamobrem
2457 1357 2742 1417 Matthaeus
2762 1366 2946 1420 retulit
2971 1377 3194 1422 matrem
3215 1367 3445 1422 ﬁliorum
3473 1368 3574 1422 Ze-

1992 1443 2165 1499 bedaei
2212 1448 2432 1514 petiisse
2480 1465 2509 1502 a
2536 1450 2764 1509 Domino
2793 1456 2920 1510 (iliis
2963 1460 3148 1513 sedem
3177 1476 3205 1513 a
3249 1461 3454 1514 dextris
3481 1460 3571 1526 l";

1993 1531 2203 1589 Marcus
2228 1551 2357 1590 vero
2385 1551 2494 1591 non
2524 1537 2717 1609 ipsam,
2737 1545 2833 1598 sed
2876 1545 3016 1600 ﬁlios
3047 1547 3097 1601 id
3117 1550 3420 1616 postulasse
3448 1565 3574 1604 nar-

1997 1625 2135 1679 ravit
2156 1627 2198 1658 ⁸¹
2229 1627 2253 1680 ?

2669 1726 2894 1782 Salutio.

388 1820 666 1882 Ματθαῖος
688 1819 1214 1890 λεπτομερεστέρως
1239 1817 1341 1890 τὴν
1358 1817 1475 1890 ἅμα
1501 1821 1613 1882 τοῖς
1638 1819 1776 1882 υἱοῖς
1794 1818 1892 1888 τῆς

2067 1806 2349 1871 Matthaeus
2376 1816 2550 1874 fusius
2577 1829 2632 1876 et
2663 1822 2906 1876 exactius
2936 1822 3125 1876 matris
3152 1837 3260 1876 una
3301 1838 3422 1878 cum
3452 1823 3591 1879 ﬁliis

322 1913 530 1982 μητρὸς
561 1910 862 1982 πρεσϐείαν
889 1909 1122 1975 ἐξέθετο·
1153 1911 1380 1981 Μάρκος
1429 1910 1484 1963 δὲ
1525 1909 1890 1981 βραχυλογίας

319 2005 464 2058 πάνυ
514 2002 917 2075 πεφροντικὼς,
953 2002 1116 2073 μόνον
1148 2003 1257 2057 τῶν
1287 2003 1422 2059 υἱῶν
1460 2003 1888 2073 ἐμνημόνευσεν

317 2095 455 2165 ὅπερ
489 2096 862 2164 ἐναντιολογία
888 2097 992 2148 οὐκ
1020 2095 1183 2149 ἔστιν.

980 2186 1244 2254 Ἀπορία.

393 2273 515 2338 Πῶς
550 2275 580 2328 ὁ
612 2276 833 2339 Λουκᾶς
871 2275 966 2329 τὸν
998 2275 1207 2346 Κύριον
1233 2275 1409 2328 εἰπεῖν
1459 2275 1575 2339 τοῖς
1615 2273 1894 2338 Ἰουδαίοις

321 2365 638 2436 ἐκθέμενος·
664 2369 748 2420 Οὐ
777 2366 864 2436 μή
890 2384 967 2436 με
1012 2366 1176 2434 ιδητε
1200 2365 1420 2435 ἁπάρτι
1445 2366 1555 2432 ἕως
1575 2364 1652 2421 ἂν
1667 2366 1892 2434 εἴπητε·

326 2456 749 2526 Εὐλογημένος
775 2460 807 2510 ό
843 2457 1168 2526 ἐρχόμενος
1217 2456 1288 2510 ἐν
1337 2457 1582 2526 ὀνόματι
1637 2456 1893 2524 Κυρίουο

325 2549 689 2618 συγγενέσθαι
719 2553 834 2614 τοῖς
867 2551 1166 2616 Ἰουδαίοις,
1198 2553 1513 2622 συμφαγεῖν
1531 2568 1593 2604 τε
1618 2550 1779 2604 αὑτὸν
1804 2551 1897 2603 καὶ

322 2641 674 2714 διαλεχθῆναι
722 2643 819 2696 καὶ
873 2642 1364 2714 θαυματουργῆσαι
1408 2643 1503 2696 ἐπὶ
1532 2643 1782 2696 πλεῖστον
1808 2642 1898 2709 ὲξ-

326 2729 511 2796 έθετο;
557 2732 681 2796 Πῶς
723 2731 781 2784 δὲ
814 2734 1147 2801 ἀπαγγεῖλαι
1195 2732 1274 2804 τῷ
1320 2733 1535 2804 Ἡρώδῃ
1581 2734 1707 2796 τοὺς
1733 2734 1900 2804 Φαρι-

328 2823 516 2885 σαίους
547 2823 866 2885 ἐκέλευσεν,
912 2821 1069 2878 Ἰδοὺ
1115 2823 1228 2894 ἐγὼ
1282 2825 1556 2879 ἐκϐάλλω
1599 2825 1894 2895 δαιμόνια,

326 2912 426 2966 καὶ
469 2911 661 2977 ιάσεις
691 2913 945 2968 ἐπιτελῶ
975 2913 1246 2984 σήμερον
1283 2915 1383 2970 καὶ
1428 2917 1658 2985 αὔριον,
1690 2915 1789 2969 καὶ
1823 2913 1898 2984 τῇ

327 3005 492 3072 τρίτῃ
526 3005 886 3074 τελειοῦμαι.
916 3006 1053 3060 Μεθ’
1092 3008 1307 3080 ἡμέρας
1338 3007 1448 3081 γὰρ
1483 3007 1758 3072 πλείονας,
1809 3006 1900 3060 τὸν

331 3096 564 3168 σταυρὸν
596 3097 884 3168 ὑπέμεινε.

1010 3190 1218 3257 Λύσις.

399 3280 473 3333 Τὸ
507 3281 724 3353 πρῶτον
776 3283 1005 3351 ἄπορον,
1057 3283 1266 3353 ταύτην
1319 3281 1433 3353 ἔχει
1485 3281 1586 3353 τὴν
1640 3281 1814 3337 λύσιν·
1845 3282 1903 3334 ἐν

328 3371 591 3442 Γαλιλαίᾳ
623 3375 689 3444 τῇ
719 3373 826 3426 ὑπὸ
864 3371 1112 3444 Ἡρώδην
1144 3373 1396 3446 τελούσῃ,
1425 3373 1518 3427 τοῦ
1570 3373 1776 3444 Κυρίου
1822 3374 1903 3426 δι-

331 3465 558 3534 ἀγοντος
584 3467 682 3520 καὶ
712 3465 1279 3538 θαυματουργοῦντος,
1310 3468 1358 3518 οἱ
1387 3465 1496 3518 τῶν
1528 3465 1707 3518 ἐκεῖσε
1737 3466 1905 3536 Φαρι-

332 3559 524 3620 σαίων,
557 3559 608 3610 οἱ
637 3557 894 3627 φορτικὸν
929 3557 1094 3610 αὐτὸν
1131 3557 1220 3609 διὰ
1247 3555 1318 3608 τὰ
1348 3557 1551 3625 σημεῖα
1581 3557 1676 3608 καὶ
1705 3554 1802 3624 τὴν
1827 3555 1904 3606 δι-

329 3649 631 3703 δασκαλίαν
683 3649 791 3700 ὑπὸ
843 3648 1042 3715 φθόνου
1072 3647 1331 3717 ὁρῶντες,
1379 3646 1473 3698 καὶ
1524 3645 1610 3709 εἰς’
1627 3645 1732 3715 τὴν
1777 3645 1906 3697 ἰου-

329 3739 488 3793 δαίαν
520 3738 711 3791 ἐλάσαι
739 3737 1084 3800 σπεύδοντες,
1117 3736 1302 3801 ἔλεγον
1323 3734 1494 3805 αὐτῷ,
1525 3735 1628 3799 ὅτι,
1654 3734 1906 3798 Ἔξελθε

329 3831 632 3894 ἐντεῦθεν,
667 3829 741 3883 δι’
769 3829 858 3882 ὅτι
893 3827 1154 3897 Ἡρώδης
1177 3828 1335 3882 θέλει
1365 3841 1439 3879 σε
1474 3827 1737 3880 ἀνελεῖν.
1765 3826 1906 3898 Πρὸς

331 3920 425 3986 οὓς
445 3923 473 3974 ό
503 3921 732 3990 Κύριος,
763 3919 945 3982 συνεὶς
979 3918 1098 3990 μεθ’
1120 3919 1240 3982 οἵας
1269 3918 1511 3981 διανοίας
1535 3917 1694 3972 τοῦτο
1721 3917 1906 3982 ἔλεγον

332 4012 504 4083 αὐτῷ,
554 4011 908 4082 ἀπεκρίνατο·
941 4009 1365 4078 Πορευθέντες,
1405 4010 1612 4064 εἴπατε
1641 4008 1715 4078 τῇ
1753 4007 1906 4063 ἀλώ-

332 4119 470 4158 πεκι
498 4105 710 4172 ταύτῃ,
749 4102 953 4174 δηλαδὴ
978 4103 1054 4173 τῷ
1095 4103 1328 4174 Ἡρώδῃ,
1359 4101 1434 4165 ώς
1467 4099 1689 4172 δολερῷ,
1719 4100 1814 4154 καὶ
1831 4101 1906 4154 τὰ

334 4195 483 4267 ἑξῆς.
512 4195 585 4246 Τὸ
612 4191 706 4248 οὖν
750 4194 1054 4247 Ἐκόἁλλω
1085 4193 1384 4263 δαιμόνια,
1417 4193 1517 4245 καὶ
1555 4190 1746 4258 ἰάσεις
1777 4192 1903 4245 ἐπι-

335 4286 488 4341 τελῶ
513 4286 784 4355 σήμερον
827 4285 925 4338 καὶ
958 4285 1185 4357 αὔριον,
1217 4283 1316 4347 τὰς
1363 4285 1578 4355 ἡμέρας
1612 4283 1763 4355 δηλοῖ
1804 4283 1904 4347 τὰς

332 4379 446 4443 δύο,
497 4380 554 4433 ἐν
589 4375 678 4440 αἶς
711 4379 830 4431 ἐκεῖ
858 4377 1154 4448 διατρίϐων
1193 4375 1651 4447 ὲθαυματούργει·
1692 4375 1810 4446 μεθ’
1837 4375 1905 4440 ἃς

1930 3151 1977 3212 C

1997 1914 2188 1969 preces
2210 1911 2496 1978 exposuit;
2521 1913 2732 1969 Marcus
2773 1923 2975 1980 autem,
3005 1915 3447 1986 breviloquentia:
3489 1917 3577 1971 ad-

1998 1993 2219 2049 modum
2275 2001 2571 2070 studiosus,
2633 2005 2926 2061 liberorum
2983 2006 3247 2063 duntaxat
3289 2007 3572 2075 meminit;

1998 2080 2144 2147 quod
2167 2098 2275 2139 non
2306 2097 2384 2142 est
2408 2094 2713 2148 contrarius
2739 2110 2940 2149 sermo.
3007 2123 3014 2131 ε

2565 2183 2858 2253 Βὶῄῑσιιίταε
2884 2201 3007 2240 xxv.

2069 2262 2316 2328 Quonam
2351 2283 2510 2338 pacto
2531 2287 2654 2328 cum
2689 2274 2860 2331 Lucas
2892 2278 3212 2347 prodiderit,
3246 2279 3444 2335 dixisse
3469 2279 3574 2334 Do-

2001 2353 2206 2410 minum
2231 2357 2432 2415 Iudaeis
2455 2379 2468 2415 :
2505 2364 2624 2418 Non
2667 2383 2748 2420 me
2769 2368 3004 2422 videbitis
3034 2373 3225 2424 amodo
3245 2371 3406 2424 donec
3428 2373 3576 2425 dica-

2003 2444 2068 2497 tis
2093 2445 2138 2477 ⁸³
2175 2464 2187 2500 :
2232 2447 2540 2508 Benedictus
2595 2458 2684 2525 qui
2731 2459 2865 2511 venit
2895 2460 2950 2511 in
3003 2462 3208 2515 nomine
3254 2461 3464 2515 Domini
3505 2462 3574 2530 ⁸³,

2001 2537 2250 2593 eumdem
2277 2556 2402 2595 cum
2433 2543 2632 2599 Judaeis
2661 2558 3070 2604 conversantem
3088 2591 3102 2615 ,
3137 2562 3572 2619 convescentem,

2003 2627 2385 2699 disserentem,
2411 2643 2464 2688 et
2497 2638 2639 2706 apud
2673 2654 2768 2694 eos
2806 2641 3064 2696 miracula
3087 2643 3372 2698 facientem
3405 2644 3576 2713 pluri-

2003 2718 2106 2774 bus
2131 2722 2439 2778 deSt'ribat?
2473 2726 2754 2792 Quomodo
2782 2731 2966 2795 etiam,
3001 2732 3196 2787 llerodi
3230 2735 3390 2802 jussit
3425 2736 3576 2790 Pha-

2005 2812 2192 2868 risaeos
2217 2818 2526 2874 renuntiare
2549 2837 2561 2872 :
2602 2821 2734 2875 Ecce
2757 2838 2854 2893 ego
2873 2823 3024 2893 ejicio
3059 2826 3341 2892 dtemonia,
3368 2839 3417 2883 et
3435 2832 3580 2885 sani-

2007 2913 2139 2958 tates
2166 2908 2375 2976 perﬁcio
2398 2910 2548 2964 hodie
2564 2921 2611 2966 et
2635 2931 2771 2977 cras,
2797 2924 2845 2968 et
2877 2917 3028 2969 tertia
3051 2917 3132 2970 die
3159 2935 3488 2975 consummor
3507 2925 3575 2979 ⁸⁸.

2008 2994 2135 3052 Post
2182 3001 2378 3056 multos
2426 3003 2572 3058 enim
2617 3006 2754 3070 dies,
2784 3007 2962 3062 crucis
3023 3009 3346 3078 supplicium
3387 3030 3580 3084 passus

2007 3100 2106 3146 est.

2675 3190 2900 3248 Salutio.

2077 3277 2200 3334 Haec
2220 3279 2504 3336 diﬂicultas
2523 3281 2675 3337 istam
2718 3285 2876 3340 habet
2909 3287 3270 3354 solutionem;
3313 3304 3436 3344 cum
3474 3290 3579 3344 Do-

2004 3367 2186 3422 minus
2210 3369 2429 3438 degeret
2454 3370 2509 3425 in
2535 3370 2768 3436 Galilaea,
2805 3389 2924 3444 quae
2953 3373 3178 3430 Herodis
3197 3377 3423 3447 imperio
3454 3381 3581 3434 sub-

2001 3460 2144 3532 jecta
2177 3471 2310 3529 erat,
2347 3464 2529 3534 ibique
2574 3465 2833 3522 miracula
2886 3469 3089 3532 ederet,
3125 3469 3378 3525 Pharisaei
3437 3473 3580 3526 illius

2004 3552 2258 3622 regionis.
2288 3555 2378 3624 qui
2409 3571 2533 3610 eum
2583 3573 2691 3627 prae
2731 3559 2929 3614 invidia
2981 3549 3085 3614 sibi
3124 3563 3421 3614 cernebant
3458 3577 3580 3618 esse

2005 3646 2289 3700 molestum
2325 3649 2395 3701 ob
2424 3649 2661 3718 prodigia
2697 3661 2752 3704 et
2777 3651 3098 3714 doctrinam,
3141 3653 3581 3722 festinabantque

2006 3735 2157 3789 illum
2200 3737 2252 3790 in
2288 3737 2529 3792 Judaaam
2566 3741 2830 3810 ablegare,
2866 3742 3118 3796 dixerunt
3143 3743 3190 3795 ei
3220 3761 3232 3796 :
3281 3741 3384 3796 Exi
3437 3746 3574 3811 hinc,

2006 3819 2257 3894 quoniam
2285 3827 2511 3881 Herodes
2532 3829 2639 3882 vult
2673 3840 2721 3882 te
2750 3832 3038 3899 inter/icere
3064 3833 3128 3886 ⁸⁵.
3155 3833 3364 3900 Quibus
3398 3835 3579 3890 Domi-

2006 3929 2130 3982 nus,
2157 3917 2247 3986 qui
2295 3918 2616 3989 intelligeret
2641 3935 2746 3988 quo
2804 3922 2984 3975 animo
3021 3923 3073 3977 id
3108 3924 3155 3978 ei
3205 3924 3466 3992 dicerent,
3493 3943 3580 3981 re-

2005 4008 2260 4077 spondit;
2291 4007 2390 4088 Ιξε,
2424 4019 2472 4063 et
2497 4011 2651 4066 dicite
2672 4012 2816 4082 vulpi
2844 4013 2944 4079 illi,
2975 4013 3172 4069 Herodi
3202 4016 3426 4081 scilicet,
3461 4026 3580 4073 tan-

2005 4113 2168 4168 quam
2199 4099 2542 4156 fraudulento
2567 4120 2580 4168 ;
2605 4111 2660 4157 et
2705 4119 2824 4172 qua:
2850 4113 3167 4174 sequuntur.
3227 4106 3364 4162 Illud
3397 4109 3577 4181 igitur,

2006 4188 2181 4258 Ejicio
2237 4192 2517 4259 daemonia,
2551 4202 2600 4247 et
2629 4196 2883 4249 sanitates
2913 4197 3124 4266 perﬁcio
3152 4199 3302 4252 hodie
3330 4208 3377 4253 et
3438 4217 3575 4260 cras,

2006 4281 2143 4336 duos
2168 4281 2289 4337 illos
2312 4283 2428 4338 dies
2457 4285 2678 4351 indicat,
2710 4286 2908 4356 quibus
2937 4288 3044 4344 illic
3077 4304 3437 4354 commorans,
3473 4292 3576 4346 mi-

2007 4375 2188 4428 racula
2217 4375 2418 4443 edidit;
2446 4385 2568 4446 post
2599 4393 2735 4447 quos
2764 4379 2929 4448 coepit
2957 4379 3059 4433 iter
3099 4396 3288 4436 versus
3327 4381 3578 4436 Hieroso-

330 4472 435 4540 τῆς
464 4471 559 4522 ἐπὶ
590 4471 659 4523 τὰ
702 4469 1054 4540 Ἰεροσόλυμα
1084 4467 1288 4540 ἤρξατο
1329 4468 1585 4539 πορείας,
1621 4469 1688 4538 τῇ
1722 4467 1899 4538 ἡμέρᾳ

2009 4465 2170 4536 lyma,
2200 4468 2287 4522 die
2311 4467 2568 4522 nimirum
2599 4469 2783 4534 tertio,
2811 4470 2865 4522 in
2897 4486 3004 4540 quo
3029 4479 3087 4525 et
3118 4486 3176 4525 se
3210 4472 3577 4528 consummari

331 4561 580 4632 δηλονότι
608 4565 674 4630 τῇ
709 4562 870 4634 τρίτη
897 4602 912 4625 ,
951 4565 1009 4615 ὲν
1102 4562 1202 4614 καὶ
1234 4560 1575 4614 τελειοῦσθαι
1610 4577 1795 4631 φησιν,
1832 4559 1909 4622 ὡς

333 4653 393 4705 ὲν
428 4653 567 4722 αὐτῇ
595 4653 981 4723 ἀπαρχόμενος
1011 4655 1111 4723 τῆς
1133 4651 1254 4706 ὀδοῦ
1281 4652 1381 4722 τῆς
1405 4651 1469 4704 τὸ
1499 4653 1607 4705 πᾶν
1629 4651 1716 4705 διὰ
1743 4649 1910 4705 σταυὲ

333 4740 433 4810 ροῦ
472 4741 530 4792 ἐν
571 4741 966 4812 Ἱεροσολύμοις
993 4740 1310 4810 τελειούσης
1342 4742 1665 4815 μυστήριον.
1714 4741 1788 4794 Τὸ
1829 4740 1906 4807 δὲ,

334 4834 422 4901 Οὐ
455 4833 541 4903 μή
574 4850 650 4904 με
681 4833 846 4901 ῑδητε
875 4833 1111 4902 ἀπάρτι,
1149 4833 1287 4906 πρὸς
1319 4835 1446 4898 τοὺς
1490 4829 1782 4906 οἰκήτορας
1815 4835 1910 4887 Ἱε-

331 4925 622 4998 ρουσαλὴμ
649 4921 718 4996 ἦν
757 4927 1068 4997 εἰρημένον,
1105 4927 1169 4998 ἢν
1205 4927 1262 4979 ἐν
1293 4929 1408 4989 τοῖς
1438 4925 1679 4996 πρώτοις
1709 4926 1906 4980 ἐταλάο

327 5035 480 5073 νισεν
501 5017 761 5090 εἰρηκώς·
798 5016 1205 5087 Ἰερουσαλὴμ,
1247 5017 1667 5087 Ἰερουσαλὴμ,
1693 5019 1730 5086 ἡ
1760 5019 1908 5072 ἀπο-

328 5112 656 5166 θέτείνουσα
684 5112 828 5178 τοὺς
860 5112 1193 5180 προφήτας,
1217 5112 1314 5164 καὶ
1339 5111 1741 5165 λιθοϐολοῦσα
1767 5110 1908 5176 τοὺς

328 5203 834 5273 ἀπεσταλμένους
886 5202 1036 5273 πρὸς
1088 5202 1320 5272 αὐτήν·
1354 5203 1388 5273 ἦ
1437 5219 1522 5265 τις
1571 5202 1759 5255 ἔκτοτε
1809 5203 1908 5272 οὐχ

328 5293 547 5365 ἑώρακε
575 5295 668 5347 τὸν
694 5295 920 5365 Κύριον,
949 5295 1110 5366 ἄχρις
1137 5295 1231 5346 ἐπὶ
1262 5294 1442 5347 πώλου
1468 5276 1782 5364 ιίαθήμενον
1815 5294 1910 5347 καὶ

329 5384 676 5456 ὑμνούμενον
708 5387 871 5440 αὐτὸν
920 5388 1025 5440 ὑπὸ
1072 5387 1169 5442 τοῦ
1219 5387 1376 5458 ὄχλου
1426 5386 1664 5442 καὶτῶν
1697 5386 1905 5439 παίδων

329 5477 647 5533 ἐθεάσαντο.
687 5480 924 5533 Δυνατὸν
951 5480 1009 5534 δὲ
1049 5482 1111 5534 τὸ
1139 5481 1358 5550 ἁπάρτι
1394 5479 1654 5552 νοηθῆναι
1693 5479 1787 5532 καὶ
1813 5481 1904 5533 ἐπὶ

2007 4557 2237 4612 aﬂirmat
2258 4559 2403 4628 quod
2429 4575 2495 4615 eo
2521 4561 2610 4615 die
2630 4561 2733 4615 iter
2757 4560 3036 4616 inchoaret
3073 4563 3216 4631 quod
3246 4578 3407 4617 omne
3465 4580 3580 4635 my-

2007 4651 2233 4706 sterium
2270 4652 2652 4724 Hierosolymis
2677 4670 2773 4724 per
2807 4669 3023 4709 crucem
3076 4665 3581 4710 consummaturum

2005 4751 2145 4798 erat.
2179 4743 2317 4798 Illud
2346 4759 2498 4812 vero,
2538 4745 2659 4798 Non
2690 4763 2770 4800 me
2799 4747 3036 4802 videbitis
3065 4749 3274 4814 amodo,
3305 4748 3373 4803 ad
3393 4746 3582 4802 Hiero—

2007 4835 2224 4905 solymre
2251 4835 2458 4890 incolas
2497 4836 2701 4890 dictum
2759 4837 2882 4903 fuit,
2906 4853 3067 4907 quam
3116 4848 3274 4894 antea
3327 4839 3582 4894 miseram

2007 4927 2340 4997 praedicavit,
2369 4929 2456 4985 his
2505 4929 2719 4984 verbis:
2746 4928 3059 4995 Jerusalem,
3114 4928 3440 4995 Jerusalem,
3469 4947 3585 4999 qua:

2008 5017 2198 5071 occidis
2223 5018 2500 5087 prop/tetas
2519 5027 2568 5072 et
2598 5019 2805 5087 lapidas
2826 5036 2910 5073 eos
2935 5020 3024 5090 qui
3054 5021 3331 5072 mittuntur
3355 5020 3423 5071 ad
3445 5031 3494 5073 te
3515 5019 3581 5071 °‘.

2009 5107 2141 5174 Quae
2203 5110 2271 5165 ab
2301 5094 2670 5181 illo'tempore
2708 5127 2820 5166 non
2864 5111 2999 5166 vidit
3045 5111 3353 5174 Dominum,
3411 5109 3586 5163 donec

2009 5217 2135 5256 eum
2169 5204 2317 5272 pullo
2351 5205 2675 5260 insidentem
2709 5213 2764 5259 et
2793 5220 2820 5258 a
2851 5204 3005 5273 plebe
3037 5200 3327 5271 puerisque
3368 5199 3586 5269 hymnis

2011 5294 2346 5348 celebratum
2371 5304 2682 5365 spectarunt
2713 5296 2780 5347 ³⁷.
2808 5293 2993 5348 Potest
3040 5307 3254 5362 quoque
3285 5294 3472 5346 amodo
3497 5291 3584 5343 in-

2013 5387 2176 5460 telligi
2209 5389 2275 5443 de
2306 5389 2451 5443 omni
2488 5397 2750 5458 tempore,
2794 5403 2962 5456 usque
2987 5386 3052 5441 ad
3079 5386 3222 5455 quod
3248 5386 3584 5440 Dominicam

2011 5478 2356 5547 passionem;
2388 5494 2559 5550 usque
2591 5479 2656 5532 ad
2696 5479 2838 5547 quod
2867 5477 3155 5532 Dominum
3183 5474 3361 5528 intuiti
3390 5473 3581 5539 Judaei,

397 5658 442 5730 τ’
462 5659 655 5730 Act.v,
685 5657 774 5730 ὅτ.
822 5658 896 5730 ΠΨ
916 5658 1107 5730 Matth.
1130 5677 1222 5725 xx,
1252 5663 1341 5716 2i.
1420 5661 1463 5694 ⁸¹
1501 5662 1738 5725 Marc.x,
1763 5664 1852 5716 57.

2008 5661 2126 5718 Luc.
2152 5678 2266 5725 xm,
2299 5660 2389 5718 '55.
2465 5661 2512 5694 ⁸³
2541 5660 2729 5717 Matth.
2760 5676 2914 5730 χχιιι,
2940 5659 3029 5718 59.
3103 5660 3148 5695 ⁸⁸
3182 5658 3316 5716 Luc.
3343 5675 3460 5725 xm,
3493 5658 3583 5713 5‘2.

322 5727 369 5763 ⁸⁸
401 5727 534 5784 ibid.
567 5730 656 5785 51.
733 5729 779 5761 ⁸⁸
817 5729 949 5784 ibid.
994 5724 1084 5786 54.
1161 5724 1215 5762 ⁸³7
1241 5730 1375 5787 Luc.
1409 5749 1518 5798 XIX,
1555 5724 1744 5786 Matth.
1776 5750 1888 5790 XXI.
