4038 6226
1611 321 1973 390 HESYCIIII
2011 316 2488 379 PRESBYTERI
3565 301 3700 367 1416

848 463 1078 512 cernent
1101 463 1251 517 eum,
1275 447 1451 503 donec
1495 444 1552 498 in
1591 439 1757 513 gloria
1787 445 2012 513 paterna

2137 427 2321 490 ταντδς
2367 425 2462 478 τοῦ
2491 423 2709 493 χρόνου,
2748 419 2841 474 τοῦ
2890 419 3056 490 μέχρι
3087 417 3178 472 το]
3214 415 3555 474 Δεσποτικοῦ
3592 417 3700 470 πά-

2120 517 2283 579 θους·
2319 514 2512 585 μέχρις
2562 504 2623 566 οὗ
2675 510 2768 564 τὸν
2814 510 3019 580 Κύριον
3073 508 3382 580 ἑωρακότες
3431 506 3699 572 Ἰουδαῖοι,

2119 604 2304 658 οὐκέτι
2342 602 2568 671 ὄψονται
2601 599 2789 664 αὑτὸν,
2824 599 2984 669 ἄχρις
3031 597 3098 653 ἂν
3135 599 3192 651 ὲν
3231 600 3297 666 τῇ
3327 594 3454 667 δόξῃ
3491 598 3559 667 τῇ
3596 612 3704 649 πα-

2117 698 2281 768 τρικῇ
2333 693 2592 766 κρίνοντα
2656 692 2747 745 τὸν
2809 691 3014 760 κόσμον
3064 688 3372 759 θεώμενοι,
3432 688 3700 743 εἴπωσιν

2119 769 2546 856 Εὐλογημένος
2570 786 2603 839 ό
2645 783 2971 853 ἐρχόμενος
3011 781 3081 835 ἐν
3111 781 3358 851 ὀνόματι
3390 781 3632 848 Κυρίου.

984 899 1280 972 Difﬁcultas
1310 911 1458 951 xxvt.

2787 873 3042 941 Ἀπορία.

502 1005 749 1073 Quonam
776 997 938 1055 modo
953 995 1030 1050 ait
1056 992 1231 1046 Lucas
1279 985 1566 1043 Dominum
1595 981 1798 1038 dixisse
1848 975 2018 1031 disci-

2190 973 2318 1036 Πῶς
2363 970 2580 1033 Λουκᾶς
2614 969 2790 1022 εἰπεω
2834 967 2971 1036 φησι
3014 966 3108 1020 τὸν
3145 965 3355 1036 Κύριον
3383 966 3498 1028 τοῖς
3531 963 3708 1034 μαθησ

434 1055 612 1169 pulis:
650 1093 866 1148 Venient
890 1089 1020 1152 dies,
1044 1081 1256 1154 quando
1291 1076 1595 1133 desideretis
1646 1071 1823 1125 videre
1855 1082 2018 1120 unum

2137 1066 2243 1126 tati;
2271 1079 2285 1092 '
2334 1062 2728 1117 Ἐλεύσονται
2783 1056 2996 1126 ἡμέραι
3024 1096 3039 1123 ,
3100 1056 3251 1110 ὅταν
3295 1055 3711 1125 ἐπιθυμήσητε

592 1145 967 1242 Diliihominis
995 1145 1040 1210 “'3
1057 1145 1083 1228 ἐ
1113 1172 1333 1245 quando
1357 1170 1556 1224 referat
1591 1163 1881 1219 Matthteus
1902 1159 2021 1212 haec

2137 1159 2264 1212 λίαν
2288 1154 2406 1208 τῶν
2431 1149 2664 1223 ἡμερῶν
2696 1151 2804 1205 τοῦ
2856 1149 2993 1204 Υἱοῦ
3034 1148 3141 1202 τοῦ
3173 1145 3492 1216 ἀνθρώπου
3537 1145 3706 1201 ἰδεῖν·

427 353 566 418 1115

427 483 530 524 non
577 463 806 534 amplius
848 463 1078 512 cernent
1101 463 1251 517 eum,
1275 463 1451 503 donec
1495 463 1552 498 In
1591 463 1757 513 gloria
1788 463 1985 513 pate...j

425 529 688 631 judicium
745 553 814 608 de
847 549 1053 605 mundo
1113 545 1381 599 ferentem
1437 533 1757 607 conSpicati,
1791 529 2008 590 dicant;

427 630 739 707 Benedictus
769 645 859 716 qui
894 642 1031 698 venit
1057 641 1113 694 in
1141 636 1351 692 nomine
1384 630 1618 686 Domini.

434 1281 687 1336 eumdem
727 1275 965 1330 dixisse:
1003 1268 1133 1324 Ecce
1161 1281 1252 1336 ego
1307 1261 1568 1318 vobiscum
1606 1272 1724 1310 sum
1780 1249 2022 1308 omnibus

2137 1247 2217 1301 ιαι
2265 1264 2348 1300 τοι
2399 1246 2788 1315 ἱστορήσαντος
2838 1239 3123 1295 Ματθαὶου
3164 1239 3450 1310 εἰρηκέναι
3511 1237 3708 1290 αὑτόν·

435 1371 634 1430 rliebus,
658 1382 820 1434 usque
849 1362 918 1416 ad
945 1354 1444 1414 consummationem
1467 1345 1646 1402 saeculi
1669 1345 1737 1400 ⁸⁸.

1104 1527 1332 1584 Salutio.

513 1630 936 1689 Promissionem
961 1640 1114 1682 suam
1137 1621 1372 1691 implens
1391 1614 1676 1678 Dominus,
1689 1618 1814 1681 post
1832 1623 2024 1665 ascen-

443 1730 651 1784 sionem
679 1721 877 1778 mansit
906 1735 1031 1774 cum
1061 1715 1324 1787 apostolis
1356 1731 1369 1766 :
1402 1713 1472 1766 ob
1507 1708 1653 1778 quod
1676 1710 2020 1775 inexpugna-

2137 1709 2269 1780 μετὰ
2304 1710 2403 1781 τὴν
2432 1707 2697 1779 ἀνάληψιν
2898 1706 2996 1758 σὺν
3031 1707 3144 1766 τοῖς
3179 1702 3502 1765 ἀποστόλοις
3525 1718 3538 1731 ”

2123 1806 2217 1857 καὶ
2251 1803 2521 1873 δύσμαχοι
2550 1802 2644 1854 καὶ
2677 1797 3115 1866 ἁκαταγώνιστοι
3161 1797 3278 1858 τοῖς
3311 1794 3715 1864 ἀντιτασσομέ-

2123 1911 2235 1959 νοις
2261 1894 2533 1964 ὑπῆρχον.
2567 1889 2715 1962 Πλὴν
2737 1890 2888 1961 ὅμως
2918 1890 2976 1941 ὲν
3005 1889 3121 1950 τοῖς
3150 1888 3480 1958 πειρασμοῖς
3501 1901 3715 1956 μεμνη-

443 1814 580 1867 biles
603 1821 659 1866 et
689 1807 877 1863 invicti
909 1803 1239 1861 adversariis
1257 1800 1608 1857 exstiterunt.
1631 1796 2020 1851 Verumtamen

441 1906 588 1960 inter
623 1901 955 1956 tentationes
977 1939 992 1963 ,
1045 1894 1319 1952 recordati
1368 1891 1568 1962 prioris
1608 1904 1734 1945 cum
1767 1887 1858 1940 illo
1886 1900 2020 1940 con-

442 1993 792 2057 versationis,
825 1991 935 2046 cibi
965 1987 1293 2052 communis,
1327 1994 1382 2041 et
1411 1981 1654 2039 continui
1676 1992 2019 2049 congressus,

444 2085 613 2154 hujus
641 2082 915 2137 desiderio
945 2080 1295 2134 tenebantur.
1332 2076 1438 2130 Par
1463 2086 1682 2143 quoque
1715 2078 1800 2127 est
1837 2067 2025 2123 ﬁdeles

445 2179 539 2247 qui
566 2177 622 2230 in
650 2177 756 2230 line
784 2173 973 2228 mundi
1005 2171 1376 2233 invenientur,
1410 2171 1728 2237 exspectato
1744 2159 2023 2214 Antichri-

445 2271 514 2325 sti
548 2269 786 2324 adventu
817 2305 833 2330 ,
874 2273 1088 2334 tempus
1129 2259 1569 2320 desideraturos,
1600 2268 1708 2324 quo
1742 2250 2026 2322 discipulis

445 2375 803 2420 commanens
840 2356 1103 2412 Dominus
1130 2350 1391 2409 miracula
1416 2348 1634 2405 edebat.

954 2530 1251 2600 Difﬁcultas
1284 2544 1457 2584 xxvn.

526 2630 642 2696 Qua
671 2627 880 2682 ratione
902 2624 1186 2679 Matthaeus
1206 2623 1345 2678 duos
1379 2634 1553 2675 caecos
1579 2615 1810 2672 Domino
1834 2629 2028 2669 occur-

447 2724 588 2781 risse
615 2721 682 2775 ad
712 2717 962 2781 lericho;
998 2715 1213 2772 Marcus
1248 2724 1432 2767 autem
1467 2725 1635 2765 unum
1657 2751 1671 2776 ,
1721 2717 1778 2764 et
1827 2707 2026 2770 Lucas,

447 2826 652 2882 eosque
684 2810 930 2865 diversos
961 2804 1307 2860 tradiderunt
1327 2802 1413 2855 ὀἳ

1125 2895 1350 2951 Salutio.

518 2993 638 3054 Non
694 3005 863 3048 unum
915 2997 1046 3044 tunc
1092 2985 1349 3045 Christus
1378 3000 1618 3052 caecum,
1657 2998 1838 3055 neque
1868 2985 2027 3051 duos,

2137 1337 2283 1395 Ἰδοὺ
2321 1335 2437 1407 ἐγὼ
2454 1335 2584 1405 μεθ’
2611 1333 2782 1404 ὑμῶν
2809 1333 2924 1402 ειμι
2955 1331 3160 1399 πάσας
3186 1333 3296 1398 τὰς
3322 1330 3572 1400 ἡμέρας,
3602 1328 3712 1394 ἕως

2122 1431 2236 1502 τῆς
2257 1430 2619 1495 συντελείας
2648 1427 2756 1482 τοῦ
2775 1425 2992 1492 αἰῶνος
3011 1442 3032 1492 ;

2794 1520 3025 1576 τΛύσις.

2795 1539 2965 1576 λΛυσι
3007 1558 3025 1575 .

2193 1619 2303 1691 Τὴν
2335 1617 2434 1689 μὲν
2467 1616 2762 1685 ὑπόσχεσιν
2790 1578 2956 1666 αὐτοῦ
2971 1539 3234 1680 ςπληρῶν
3263 1610 3292 1663 ὁ
3343 1609 3572 1680 Κύριος,
3620 1609 3714 1665 καὶ

3591 1702 3714 1756 ὅθεν

2127 1986 2280 2059 μένοι
2313 1987 2413 2057 τῆς
2439 1984 2733 2056 προτέρας
2761 1980 2928 2036 αὑτοῦ
2960 1977 3365 2046 συνδιαγωγῆς,
3423 1977 3716 2032 συνεστιά-

2126 2077 2265 2142 σεώς
2297 2095 2359 2131 τε
2393 2077 2487 2130 καὶ
2521 2073 2783 2146 συνεχοῦς
2817 2071 3062 2143 ὁμιλίας,
3091 2070 3298 2140 ταύτην
3330 2069 3586 2122 ἐπόθουν.
3619 2068 3718 2125 Εἰ-

2131 2167 2225 2230 κὸς
2267 2167 2324 2220 δὲ
2351 2167 2445 2220 καὶ
2477 2167 2604 2228 τοὺς
2637 2166 2697 2218 ὲν
2742 2166 2810 2235 τῇ
2842 2161 3127 2232 συντελείᾳ
3156 2159 3589 2230 εὑρισκομένους
3619 2173 3714 2210 πι-

2127 2261 2306 2323 στοὺς.
2347 2257 2811 2331 προσδοκωμένης
2854 2256 2957 2326 τῆς
3007 2253 3101 2307 τοῦ
3144 2253 3526 2322 Ἀντιχρίστου
3572 2268 3718 2323 παρ-

2126 2350 2337 2414 ουσίας,
2370 2350 2463 2403 τὸν
2494 2349 2685 2417 καιρὸν
2703 2347 3014 2416 ἐπιθυμεῖν,
3048 2344 3174 2400 καθ’
3207 2343 3266 2397 ὃν
3294 2346 3407 2408 τοῖς
3448 2343 3722 2415 μαθηταῖς

2129 2425 2519 2511 συνδιατρίϐων
2546 2438 2988 2508 ὲθαυματούργει
3018 2435 3046 2488 ὁ
3078 2436 3303 2508 Κύριος.

2797 2530 3066 2598 Ἀπορία.

2200 2624 2325 2686 Πῶς
2351 2623 2630 2686 Ματθαῖος
2664 2621 2757 2678 δύο
2796 2623 3030 2692 τυφλοὺς
3075 2620 3410 2690 συναντῆσαι
3434 2619 3513 2690 τῷ
3531 2618 3721 2690 Κυρίῳ

2129 2715 2271 2772 κατὰ
2301 2716 2399 2786 τὴν
2435 2715 2668 2786 Ἰεριχὼ,
2700 2717 2926 2788 Μάρκος
2955 2715 3013 2768 δὲ
3045 2714 3164 2779 ἕνα,
3219 2713 3314 2767 καὶ
3347 2713 3585 2777 Λουκᾶς,
3623 2709 3722 2766 καὶ

2129 2809 2352 2873 τούτους
2375 2809 2663 2878 διαφόρους
2690 2809 2938 2874 ἐξέθεντο
2959 2825 2974 2874 ;

2827 2903 3041 2967 Λύσις,

2202 2993 2316 3063 Οὐχ
2354 2993 2453 3048 ἕνα
2477 2994 2601 3047 τότε
2636 2997 2664 3046 ό
2688 2994 2928 3064 Χριστὸς
2963 2992 3191 3063 τυφλὸν,
3237 2990 3365 3045 οὔτε
3399 2991 3511 3054 δύο,
3574 2989 3720 3046 ἀλλὰ

452 3086 548 3141 sed
579 3085 645 3138 ad
678 3090 914 3152 quatuor
945 3093 1119 3148 usque
1147 3076 1366 3132 sanitati
1398 3076 1652 3131 reddidit.
1695 3074 1874 3131 Unum
1907 3077 2022 3147 qui-

2137 3086 2229 3139 καὶ
2251 3087 2524 3156 τέσσαρας
2557 3087 2849 3155 ἰασάμενος
2901 3085 3115 3156 ἔτυχεν.
3171 3084 3306 3138 Ἕνα
3364 3084 3485 3154 μὲν,
3541 3084 3715 3155 ὅνπερ

451 3179 598 3242 dem,
631 3177 699 3231 de
729 3189 838 3244 quo
872 3172 1046 3227 Lucas
1090 3171 1363 3236 narravit,
1411 3170 1468 3224 in
1508 3167 1727 3224 Jericho
1779 3171 2024 3236 intrans;

453 3277 576 3339 post
601 3266 743 3335 quod
775 3272 830 3318 et
855 3261 1175 3315 Zaechaeum
1197 3259 1438 3324 vocavit;
1476 3257 1665 3322 alium,
1689 3272 1851 3327 quem
1883 3255 2028 3310 Mar-

453 3346 544 3415 cus
564 3355 842 3418 describit,
868 3355 1021 3422 juxta
1049 3352 1188 3406 viam
1220 3352 1526 3416 sedentem,
1556 3350 1956 3405 mendicantem
1975 3358 2031 3405 et

451 3448 674 3506 nomine
704 3444 1070 3499 Bartimaeum.
1121 3442 1224 3495 Alii
1269 3456 1401 3496 vero
1441 3442 1580 3506 duo,
1621 3449 1750 3496 sunt
1777 3439 1852 3494 illi
1883 3440 2030 3510 apud

449 3539 791 3604 Matthaeum,
823 3533 918 3604 qui
942 3533 1162 3587 exeunti
1189 3533 1422 3588 Domino
1451 3541 1834 3597 occurrerunt,
1867 3541 1923 3587 et
1958 3531 2029 3587 ab

450 3637 572 3706 ipso
611 3630 786 3690 sanati
812 3637 962 3684 sunt.
1003 3627 1153 3687 Nihil
1179 3642 1307 3683 vero
1340 3627 1575 3692 mirum,
1604 3641 1800 3684 omnes
1847 3625 2031 3680 Domi-

453 3740 582 3788 num
613 3737 828 3787 vocare,
870 3719 1042 3778 ﬁlium
1074 3719 1325 3788 Davidis;
1361 3719 1504 3790 quod
1538 3719 1650 3790 jam
1680 3718 1796 3789 ipse
1821 3731 1891 3776 ex
1928 3716 2031 3772 mi-

453 3817 655 3871 raculis
687 3821 835 3869 esset
869 3812 1121 3870 illustris.

981 3905 1272 3976 Difﬁcultas
1303 3921 1494 3962 xxvnt.

525 3999 695 4069 Cujus
721 4015 850 4071 ergo
875 3997 1164 4053 Matthaeus
1187 3998 1476 4056 Dominum
1515 3997 1592 4053 ait
1624 3997 1832 4052 sedisse
1865 4011 2031 4067 super

453 4094 660 4148 asinam
694 4103 748 4147 et
775 4091 1023 4162 pullum;
1058 4089 1271 4145 Marcus
1308 4099 1364 4143 et
1404 4088 1600 4155 Lucas,
1627 4086 1793 4160 super
1814 4089 2028 4160 pullum

453 4185 748 4253 duntaxat;
779 4182 1042 4247 Joannes,
1065 4196 1231 4254 super
1260 4181 1487 4236 asellum
1513 4180 1604 4235 “‘1

1157 4275 1385 4331 Salutio.

523 4371 812 4431 Matthaaus
866 4369 1057 4424 volens
1105 4368 1394 4425 ostendere
1441 4370 1650 4439 pullum
1701 4371 2028 4428 indomitum

2133 3179 2351 3240 Λουκᾶς
2382 3179 2689 3247 ἱστόρησεν,
2721 3176 2906 3230 εἰσιὼν
2928 3179 3008 3239 εις
3028 3176 3127 3247 τὴν
3163 3175 3394 3247 Ἱεριχὼ,
3427 3175 3548 3247 μεθ’
3581 3175 3720 3230 ὃκαὶ

2130 3270 2222 3323 τὸν
2251 3272 2522 3340 Ζακχαῖον
2555 3269 2813 3322 ἐκάλεσεν
2835 3283 2851 3299 ν
2877 3268 3058 3331 ἄλλον,
3101 3269 3271 3337 ὅνπερ
3291 3268 3319 3318 ό
3354 3269 3583 3339 Μάρκος
3628 3269 3723 3321 ἀν-

2129 3360 2588 3438 εγράψτπτοωαρᾲ
2607 3359 2706 3430 τὴν
2722 3359 2836 3412 ὁδὸν
2865 3359 2964 3429 μὲν
2993 3359 3331 3428 καθήμενον,
3359 3358 3722 3427 προσαιτοῦν-

2132 3468 2200 3505 τα
2231 3451 2308 3515 δὲ,
2338 3435 2673 3520 Βαρτιμαίον
2702 3450 3017 3520 λεγόμενον.
3055 3448 3243 3502 ’Ἄλλοι
3265 3447 3324 3500 δὲ
3353 3449 3402 3503 οἱ
3428 3447 3544 3511 δύο,
3580 3449 3632 3500 oi
3658 3452 3718 3499 ἐν

2129 3544 2209 3616 τῷ
2229 3545 2498 3617 Ματθαίῳ
2524 3546 2790 3616 κείμενοι,
2821 3547 2871 3598 οἱ
2901 3545 3100 3611 ἐξιόντι
3129 3543 3416 3615 τῷΚυρίῳ
3445 3543 3717 3612 συναντή-

2131 3653 2349 3703 σαντες,
2378 3639 2474 3692 καὶ
2501 3638 2631 3704 παρ’
2645 3637 2810 3714 αύτοὺ
2840 3636 3104 3700 ἰαθέντες.
3130 3635 3296 3689 Οὐδὲν
3312 3634 3368 3687 δὲ
3390 3634 3545 3700 ξένον
3578 3633 3721 3687 πάν-

2129 3745 2228 3795 τας
2259 3730 2373 3786 υἱὸν
2401 3730 2566 3786 Δαϐὶδ
2625 3730 2810 3783 καλεῖν
2856 3729 2950 3782 τὸν
2996 3727 3233 3799 Κύριονυ
3267 3726 3359 3781 διὰ
3410 3725 3472 3780 τὸ
3525 3727 3590 3780 ὲκ
3613 3724 3724 3780 τῶν

2135 3824 2378 3896 σημείων
2403 3823 2568 3878 αὑτὸν
2604 3821 2881 3896 περιφανῆ
2905 3820 3094 3874 λοιπὸν
3121 3818 3401 3889 γενέσθαι.

2807 3912 3079 3980 Ἀπορία.

2201 4005 2667 4068 ΔιατῇΜατθαῖος
2721 4005 2819 4075 μὲν
2856 4003 2950 4056 ἐπὶ
3006 4002 3129 4056 ὄνον
3187 4001 3284 4055 καὶ
3339 4000 3520 4054 πῶλον
3572 3999 3724 4067 λέγει

2131 4093 2358 4149 καθίσαι
2387 4094 2481 4148 τὸν
2509 4093 2714 4164 Κύριον
2733 4109 2747 4125 ο
2792 4094 3020 4164 Μάρκος
3040 4092 3098 4146 δὲ
3122 4093 3215 4145 καὶ
3238 4092 3458 4156 Λουκᾶς
3488 4091 3582 4144 ἐπὶ
3603 4089 3720 4144 πῶ·

2132 4184 2224 4238 λον
2248 4184 2408 4256 μόνον
2429 4200 2442 4214 θ
2494 4181 2742 4253 Ἰωάννης
2779 4183 2837 4236 δὲ
2868 4183 2964 4235 ἐπὶ
2997 4181 3253 4254 ὀνάριον;

2799 4276 3009 4340 Λύσις.

2217 4369 2276 4423 ’0
2315 4369 2415 4442 μὲν
2443 4369 2725 4430 Ματθαῖος
2765 4367 2828 4422 τὸ
2867 4366 3185 4436 ἀδάμαστον
3218 4367 3315 4420 καὶ
3343 4366 3462 4421 νέον
3482 4365 3576 4420 τοῦ
3605 4363 3722 4420 πώ-

451 4463 617 4518 l'uisse
652 4479 716 4517 ac
747 4476 940 4516 recens
979 4468 1164 4514 natum
1190 4501 1205 4524 ,
1261 4459 1425 4514 simul
1454 4469 1790 4532 assumptam
1824 4471 1881 4518 et
1907 4478 2022 4518 ma-

2137 4463 2228 4516 λου
2250 4435 2590 4526 ἐνδείξασθαι
2621 4435 2987 4530 βουλόμενος,
3023 4457 3568 4530 συμπαραληφθῆναι
3631 4457 3712 4523 ἐξ·

452 4564 588 4608 trem
614 4555 785 4624 ipsius
820 4553 1154 4618 declaravit;
1195 4567 1304 4606 non
1335 4560 1592 4622 tanquam
1620 4554 2019 4610 asinteinsede-

451 4646 520 4699 rit
552 4646 812 4704 Dominus
841 4686 854 4710 ,
906 4645 1000 4699 sed
1036 4653 1097 4698 ut
1139 4660 1205 4698 ex
1249 4644 1468 4714 sequela
1501 4644 1755 4700 fiduciam
1807 4655 2027 4716 caperet

450 4737 652 4807 pullus.
692 4735 902 4790 Marcus
919 4745 1099 4797 autem
1117 4744 1170 4790 et
1191 4734 1367 4791 Lucas
1388 4735 1687 4806 simplicius
1718 4751 1832 4791 rem
1862 4753 2026 4793 enar-

449 4835 660 4891 raruut,
700 4824 985 4882 Matthazus
1014 4827 1268 4896 quidem,
1297 4827 1450 4897 juxta
1484 4827 1690 4887 dictum
1721 4829 2021 4900 prophetae,

515 5003 561 5035 ⁸⁸
594 5002 724 5058 Luc.
764 5017 900 5067 xvu,
948 5003 1040 5059 22.
1117 5003 1184 5054 -⁸⁹
1215 5001 1401 5060 Matth.
1445 5021 1638 5069 xxvnt,
1669 5006 1758 5061 20.

445 5089 557 5141 xxx,
600 5073 670 5144 7;
705 5073 868 5127 Mare.
895 5091 972 5139 χι,
1006 5077 1066 5143 7;
1103 5074 1234 5130 Luc.
1269 5076 1490 5142 Xlx,55;
1519 5075 1678 5131 Joau.
1712 5092 1813 5142 xu,
1846 5077 1928 5132 M.

1854 5008 1901 5078 f’“
1937 5007 2133 5068 Matth.
2166 5027 2260 5077 xx,
2295 5010 2402 5077 '50;
2437 5008 2602 5064 Marc.
2640 5025 2693 5074 χ,
2749 5009 2857 5078 46;
2897 5009 3031 5064 Luc.
3075 5023 3226 5074 xvut,
3264 5007 3354 5062 35.

2134 4555 2288 4610 έθετο
2324 4555 2420 4609 καὶ
2449 4554 2552 4626 τὴν
2589 4552 2778 4608 τούτου
2817 4552 3058 4624 μητέρα·
3090 4551 3189 4623 οὑχ
3220 4550 3363 4612 ὥστε
3402 4550 3723 4606 ἐπικαθίσαι

2132 4650 2274 4720 αὐτῇ
2303 4647 2396 4700 τὸν
2426 4647 2655 4718 Κύριον,
2693 4646 2810 4699 ἀλλ’
2841 4644 2985 4699 ὥστε
3015 4648 3083 4718 τῇ
3125 4645 3489 4714 ἀκολουθήσει
3538 4661 3720 4714 παρα-

2133 4740 2425 4812 θαρσύνειν
2451 4740 2543 4794 τὸν
2570 4739 2773 4795 πῶλον.
2807 4739 3034 4810 Μάρκος
3055 4738 3110 4797 δὲ
3140 4739 3235 4791 καὶ
3264 4739 3483 4801 Λουκᾶς
3514 4733 3722 4790 ἁπλού-

2137 4851 2331 4903 στερον
2351 4835 2412 4886 τὸ
2437 4834 2661 4902 γεγονὸς
2695 4832 2965 4898 ἐξέθεντο.
3015 4831 3297 4894 Ματθαῖος
3355 4831 3455 4900 μέν
3495 4846 3575 4882 τοι
3605 4827 3719 4897 (3i)

3448 5007 3491 5040 ⁹¹
3522 5004 3719 5060 Matth.

1971 5254 2196 5311 NOTE.

501 5409 626 5492 βο)
651 5411 957 5492 Ματθαῖος.
967 5412 1087 5492 μέν
1104 5430 1217 5492 τοι..
1228 5413 1312 5492 _Ad_
1332 5421 1538 5492 textum
1550 5409 1811 5492 “Matthxi
1833 5419 2024 5492 conta-

441 5481 800 5553 rnjnatissime
814 5480 1068 5553 omnibus
1095 5485 1268 5538 modis
1301 5484 1448 5553 leges
1467 5482 1520 5534 in
1545 5480 1802 5553 Origene,
1825 5499 1878 5552 p.
1895 5481 2023 5536 452:

444 5551 566 5622 ξΈτι
594 5552 648 5604 δὲ
681 5552 804 5622 ἀντὶ
825 5551 920 5622 τοῦ
948 5569 960 5580 '
989 5556 1080 5606 καὶ
1107 5551 1457 5622 ἐπιϐεϐηκὼς
1488 5552 1582 5622 ἐπὶ
1612 5551 1754 5620 ὗνον,
1785 5551 1879 5607 καὶ
1906 5553 2022 5605 πῶ-

440 5617 548 5699 λον
568 5623 682 5699 υἱὸν
727 5620 1048 5699 ὑποζυγίου,
1068 5625 1200 5699 -.καλ
1237 5617 1417 5699 πῶλον
1440 5621 1582 5699 νέον,
1605 5623 1637 5690 ἦ
1660 5617 1839 5699 εἶπεν
1864 5623 2022 5699 ποσὶ,

443 5688 948 5772 πῶλονὺποςυχῖου
969 5707 983 5719 ο
1011 5694 1038 5743 ό
1064 5692 1120 5744 δὲ
1164 5692 1566 5772 ’ξωὰννηςλᾶντὶ
1591 5688 1724 5772 τοῦ-ς
1759 5692 2021 5772 ὲπιδεβης

448 5755 560 5816 κὼς
584 5755 675 5806 ἐπὶ
695 5753 1009 5824 ὑποζύγιον,
1039 5761 1326 5830 πεποίηκε·
1350 5753 1660 5830 καθήμενος
1686 5761 1901 5832 ἔρχεται
1929 5753 2022 5814 ιτξι

2133 5411 2317 5464 πῶλον
2376 5411 2521 5468 ὄνου,
2587 5413 2786 5467 Eluere
2825 5421 3005 5467 tamen
3045 5415 3270 5482 poteris,
3322 5415 3468 5472 hunc
3506 5415 3622 5471 fere
3663 5417 3719 5470 in

2133 5481 2358 5554 modum
2386 5501 2398 5536 :
2430 5482 2553 5536 ’Έτι
2582 5484 2660 5554 δὲ,
2685 5484 2808 5539 ἀντὶ
2849 5482 2946 5554 τοῦ
2972 5501 2984 5514 ·
3033 5481 3400 5554 ἐπιϐεϐηκὼς
3437 5486 3537 5541 ἐπὶ
3574 5490 3723 5542 ὐπο-

2132 5550 2382 5630 ζ’ὐῖιοιςς,Δ
2428 5552 2994 5630 καὶῌπῶλοφς-νέμον,
3032 5550 3331 5630 manus“,
3374 5550 3489 5630 ’ἐπὶ
3549 5557 3718 5630 ῥνον,

2131 5624 2228 5674 καὶ
2254 5622 2462 5693 ,πῶλον
2490 5623 2625 5678 υἱὸν
2656 5622 3000 5693 ὑποζυγίου,
3037 5625 3074 5692 ἣ
3111 5626 3192 5688 ὠς
3220 5626 3290 5678 ἐν
3327 5629 3473 5692 τισὶ,
3508 5627 3720 5680 πῶλον

2129 5690 2454 5773 ξιποζυγίου
2472 5709 2514 5773 '_
2542 5695 2569 5746 ὁ
2619 5695 2675 5773 δὲ
2699 5768 2712 5773 Α
2733 5690 2984 5773 Ἰωάννης
3024 5690 3296 5773 πεποίηκε
3315 5737 3330 5764 ,
3382 5690 3720 5773 παρήμενος

2131 5761 2364 5830 ἔρχεται
2422 5763 2519 5817 ἐπὶ
2585 5763 2792 5820 πῶλον
2865 5761 3032 5822 ὄνου.
3099 5767 3155 5821 ld
3212 5761 3324 5822 est?
3372 5787 3385 5823 :
3444 5761 3715 5825 Prtitlercu
