3968 6220
298 353 432 420 1417
1659 342 2172 416 ΟΗιΕΞΤΙΟΝΕΞ.

297 470 437 524 κατά
488 467 549 520 τὸ
587 465 691 519 ύπδ
720 462 837 520 Γτοῖ’)
867 463 1148 536 προφήτου
1210 461 1417 531 λεχθὲν,
1472 460 1861 532 ἐπιϐεὕηκέναι

1989 463 2278 519 ιεοοιιιιίεεο
2303 479 2466 536 super
2505 466 2712 522 asinam
2756 476 2812 524 et
2854 468 3066 538 pullum
3107 467 3356 533 dixit";
3412 473 3539 540 quia

296 561 390 614 ἐπὶ
421 561 541 614 ὄνον
569 558 663 612 καὶ
694 556 870 609 πῶλον
895 553 1049 609 εἶπεν
1070 571 1084 587 ’
1113 554 1196 608 ὃτι
1225 554 1311 606 διὰ
1343 553 1439 606 τοῦ
1466 551 1649 605 πώλου
1675 552 1770 604 καὶ
1799 553 1864 622 τῇ

1989 569 2068 609 )er
2103 555 2310 624 pullum
2350 556 2516 612 etiam
2546 557 2714 614 asinae
2743 559 3033 625 insidebat,
3069 560 3324 630 sequenti
3355 571 3410 616 et
3438 561 3539 618 ad-

295 653 402 721 6νῳ
428 649 684 719 ἐκάθητο,
716 648 960 718 ἑπομένῃ
1006 648 1097 699 καὶ
1139 643 1480 717 συνεργούσῃ
1515 642 1596 714 τῷ
1618 642 1714 697 τοῦ
1757 643 1869 696 Κυ-

1993 644 2177 698 uvanti
2207 644 2420 700 Domini
2447 655 2749 704 vecturam.
2779 648 2936 715 Quod
2957 651 3004 704 si
3027 650 3152 720 quis
3184 651 3538 710 dubitaverit.

298 743 414 814 ρίου
442 742 703 812 ὀχήματι.
739 741 801 792 El
853 739 909 791 δέ
937 756 1020 802 τις
1046 738 1295 808 ἀποροίη,
1352 738 1495 799 τίνος
1526 734 1690 805 χάριν
1717 734 1870 788 Ματ-

1989 750 2139 805 luare
2168 735 2454 792 Matthaeus
2482 738 2625 794 dicat
2658 736 2986 811 prophetam
3021 743 3324 798 declarasse
3356 744 3543 797 Domi-

298 834 449 893 θαίος
473 835 571 902 μὲν
593 834 683 883 τὸν
717 830 1003 900 προφήτην
1025 826 1283 881 ἐκθέσθαι
1314 826 1478 895 φησὶν
1508 825 1600 876 ἐπὶ
1630 823 1749 877 ὄνον
1776 824 1871 877 καὶ

1989 844 2103 882 ium
2138 830 2344 885 sedisse
2383 845 2548 901 super
2586 832 2791 886 asinam
2823 842 2879 888 et
2906 834 3112 902 pullum
3137 834 3222 901 ⁹³;
3257 836 3425 891 editio
3455 852 3547 889 au-

298 925 477 978 πῶλον
512 922 733 979 καθίσαι
762 926 851 978 τὸν
883 923 1106 994 Κύριον·
1138 924 1172 993 ἡ
1193 921 1250 977 δέ
1270 921 1378 975 τῶν
1405 922 1461 975 0’
1496 924 1749 985 Ἔκδοσις
1778 919 1872 970 ἐπὶ

1989 935 2083 976 .em
2098 918 2240 975 LXX
2262 937 2425 991 super
2446 922 2651 992 pullum
2666 923 2833 979 asinae
2860 925 3067 980 sedisse
3098 926 3375 981 contineat
3400 945 3415 993 ;
3443 927 3545 982 hoc

3402 353 3534 419 1518

300 1018 478 1069 πῶλον
498 1016 619 1069 ὄνου
653 1015 875 1069 καθίσαι
925 1014 1169 1085 περιέχει
1194 1027 1209 1042 ·
1236 1011 1395 1065 τοῦτο
1424 1011 1763 1082 μανθανέτω,
1796 1010 1873 1074 ὡς

301 1110 366 1177 τῇ
407 1106 671 1177 Ἐϐραῖκῇ
728 1103 942 1177 γλώττῃ
974 1102 1305 1174 κεχρημένοι
1354 1104 1404 1155 οἱ
1434 1099 1745 1165 ἀπόστολοι,
1772 1098 1870 1154 ἆτε

302 1197 401 1269 τῆς
435 1196 760 1266 Ἑλληνικῆς
788 1195 1121 1266 εὐγλωττίας
1149 1196 1387 1265 ἄπειροι,
1415 1194 1510 1249 καὶ
1542 1195 1642 1263 τῆς
1668 1192 1779 1246 τῶν
1813 1194 1869 1244 Ο¹

301 1288 587 1353 ἐκδόσεως,
641 1288 834 1350 ὥσπερ
880 1291 1001 1351 ταῖς
1029 1288 1209 1341 αὐτῶν
1264 1287 1467 1356 βίϐλοις
1500 1284 1873 1356 ἀρχαιοτέρους

300 1378 631 1442 ἐκτεθείσαις
661 1379 966 1447 ἐνεφὲρετο,
1002 1377 1145 1432 οὕτω
1168 1379 1266 1442 τὰς
1295 1376 1639 1450 προφητικάς
1664 1393 1873 1447 μαρτυο

304 1469 426 1542 ρίας
451 1469 725 1536 ἐξέθεντο·
752 1470 846 1523 τοῦ
863 1467 1006 1523 Πνεύ
1015 1485 1184 1539 ματος
1206 1468 1364 1522 τοῦτο
1395 1469 1871 1539 οἰκονομήσαντος,

304 1565 389 1615 ἵνα
423 1562 496 1634 μὴ
523 1561 598 1624 ὼς
628 1563 694 1616 ἐκ
729 1561 1069 1632 συνθήματος
1122 1561 1337 1629 φανῶσι
1386 1560 1769 1627 συντάξαντες.
1815 1561 1876 1611 '0

308 1657 491 1725 μέντοι
523 1654 699 1718 πῶλος
732 1655 800 1707 τά
856 1654 1003 1722 ἔθνη,
1056 1657 1090 1726 ή
1153 1655 1211 1706 δέ
1243 1655 1435 1707 τούτου
1491 1655 1708 1725 μήτηρ,
1746 1654 1875 1715 τοὺς

321 1744 609 1809 Ἰουδαίους
636 1746 953 1801 αἰνίττεται.

953 1840 1215 1908 Ἀπορία.

389 1936 635 1993 Ἀνθότου
664 1935 944 1999 Ματθαῖος
980 1934 1077 2005 μὲν
1105 1934 1420 2006 αὐθημερὸν
1445 1935 1543 2005 τὴν
1578 1936 1748 2006 συκῆν
1781 1933 1875 2005 ξη-

308 2026 570 2097 ρανθῆναι
600 2025 904 2095 ἱστόρησεν,
956 2023 1182 2093 Μάρκος
1215 2023 1273 2077 δέ
1317 2026 1385 2094 τῇ
1418 2021 1646 2094 αὕριονς
1687 2021 1878 2075 Ὠσαύ-

304 2134 411 2180 τως
444 2117 501 2170 δὲ
537 2117 632 2170 καὶ
676 2117 803 2178 τοὺς
857 2115 1169 2180 πωλοῦντας
1202 2117 1294 2169 καὶ
1322 2115 1695 2187 ἀγοράζοντας
1720 2116 1778 2166 ἐν
1800 2114 1878 2184 τῷ

308 2207 457 2280 ἱερῷ,
487 2208 516 2261 6
549 2207 647 2278 μὲν
675 2201 786 2281 ἐν
809 2208 991 2279 ἡμέρᾳ.
1020 2208 1097 2278 τῷ
1127 2208 1291 2279 πώλῳ
1321 2206 1592 2278 ἐκαθέσθη
1617 2207 1646 2259 6
1674 2205 1879 2276 Κύριος

306 2298 564 2355 εἰσελθὼν
611 2302 691 2364 είς
721 2301 821 2371 τὴν
852 2302 1027 2365 πόλιν,
1057 2301 1387 2370 ἐκϐληθῆναι
1421 2301 1513 2354 ὑπ’
1543 2300 1708 2354 αὑτοῦ
1733 2302 1879 2354 ἱστο-

309 2393 431 2459 ρείο
465 2393 494 2443 6
518 2389 577 2442 δὲ
601 2390 659 2442 ἐν
700 2393 766 2460 τῇ
797 2390 1082 2460 ὑστεραία.
1122 2391 1235 2443 Καὶ
1280 2390 1425 2453 τίνος
1450 2390 1614 2460 χάριν
1668 2389 1879 2461 καρπὸν

307 2480 375 2534 ἐκ
403 2479 501 2548 τῆς
526 2480 691 2547 συκῆς
712 2480 771 2531 ἐν
793 2480 853 2531 ού
879 2479 1060 2549 καιρῷ
1094 2480 1275 2548 ἐζήτει
1300 2497 1314 2512 ’
1345 2481 1381 2551 ἢ
1411 2479 1531 2545 πῶς
1557 2474 1878 2550 ἀγανακτή-

310 2582 428 2631 σας,
452 2567 536 2620 ὅτι
566 2566 643 2639 μὴ
665 2562 812 2638 εὗρε,
839 2567 1045 2638 ταύτην
1076 2567 1382 2639 ἐξήρανεν;

968 2660 1179 2726 Λύσις.

389 2748 682 2821 Ἑκάτερος
730 2750 806 2812 ὡς
860 2751 917 2803 ἐν
948 2751 1119 2804 ἅπασι
1148 2751 1243 2804 καὶ
1288 2753 1344 2804 ἐν
1374 2750 1550 2822 τούτῳ
1587 2752 1879 2823 ἠλήθευσε.

311 2846 540 2914 Πρωιας
567 2846 697 2917 γὰρ,
729 2845 909 2908 καθώς
940 2863 1102 2915 φησιν
1132 2848 1160 2899 6
1203 2846 1619 2919 εύαγγελιστὴς,
1658 2848 1884 2904 ἐπανά-

1974 1010 2164 1075 discat,
2188 1014 2465 1082 apostolos
2488 1012 2750 1069 llebraica
2769 1014 2951 1085 lingua
2970 1030 3121 1078 usos,
3141 1028 3325 1086 utpote
3342 1016 3545 1073 Crrecze

1974 1102 2300 1170 eloquentiae
2330 1103 2568 1174 ignaros,
2600 1115 2764 1174 atque
2798 1119 2865 1160 ex
2896 1103 3037 1157 LXX
3070 1105 3330 1172 editione,
3348 1121 3543 1175 quem-

1975 1196 2265 1251 admodum
2308 1195 2361 1249 in
2396 1210 2586 1250 eorum
2623 1194 2772 1250 libris
2812 1194 3088 1264 antiquius
3131 1196 3366 1251 exaratis
3400 1195 3545 1251 fere-

1976 1286 2172 1353 batur,
2230 1286 2307 1340 sic
2337 1286 2654 1357 prophetica
2690 1286 2998 1341 testimonia
3054 1286 3286 1349 citasse;
3334 1285 3544 1357 Spiritu

1976 1380 2050 1433 ita
2088 1380 2459 1449 dispensante,
2484 1394 2553 1433 ne
2580 1388 2835 1449 tanquam
2860 1395 2924 1434 ex
2951 1379 3201 1434 condicto
3229 1380 3549 1436 viderentur

1975 1471 2345 1529 conscribere.
2381 1470 2653 1527 Caeterum
2688 1473 2868 1542 pullus
2893 1513 2909 1540 ,
2941 1481 3163 1544 gentes;
3215 1481 3393 1529 mater
3413 1488 3546 1528 vero

1977 1566 2142 1634 illius,
2165 1564 2380 1621 Iudaeos
2408 1565 2672 1636 designat.

2549 1830 2837 1903 Diﬂicullas
2864 1846 3010 1887 nix.

2047 1923 2151 1982 Pro
2190 1940 2298 1996 qua
2336 1941 2396 1979 re
2432 1924 2719 1980 Matthaaus
2745 1923 2966 1992 quidem
3006 1922 3093 1977 tici
3131 1919 3384 1977 arborem
3434 1928 3548 1977 sta-

1979 2019 2076 2073 tim
2108 2017 2300 2073 eodem
2329 2015 2415 2070 die
2441 2014 2735 2070 areiactam
2762 2014 2807 2048 ”
2839 2013 3027 2080 refert,
3073 2012 3285 2068 Marcus
3307 2027 3439 2067 vero
3462 2011 3549 2066 die

1979 2110 2274 2181 sequenti?
2302 2106 2673 2165 Consimiliter
2701 2113 2758 2161 et
2788 2105 3085 2161 rendentes
3106 2113 3458 2174 ementesque
3495 2104 3551 2157 in

1981 2203 2185 2274 templo
2214 2204 2283 2268 ⁸⁵,
2315 2200 2403 2256 ille
2444 2200 2667 2271 quidem
2698 2199 2787 2255 die
2819 2215 2924 2270 qua
2955 2198 3102 2269 pullo
3128 2197 3326 2253 insedit
3364 2195 3552 2252 Domi-

1978 2310 2084 2351 nus
2142 2294 2199 2348 in
2248 2294 2435 2350 urbem
2478 2292 2879 2365 ingrediens“,
2914 2300 3101 2345 narrat
3143 2290 3212 2345 ab
3263 2304 3329 2345 eo
3382 2289 3553 2344 fuisse

1980 2391 2217 2460 eiectos;
2247 2387 2463 2443 Marcus
2509 2401 2641 2442 vero
2673 2386 2931 2456 postridie
2960 2384 3026 2440 ".
3065 2383 3134 2438 Et
3173 2398 3270 2438 cur
3316 2382 3551 2438 fructum

1980 2487 2133 2534 extra
2169 2487 2385 2548 tempus
2411 2492 2441 2531 a
2473 2475 2706 2531 ﬁculnea
2732 2475 3082 2547 requirebat;
3122 2482 3217 2529 aut
3257 2487 3364 2542 quo
3392 2479 3553 2543 pacto

1955 2570 2127 2650 ‘quod
2154 2584 2267 2624 non
2294 2568 2586 2624 invenisset
2618 2567 2948 2638 indignatus,
2977 2564 3201 2622 arefccit
3222 2581 3340 2621 eam
3364 2569 3387 2622 τ

2653 2657 2876 2713 Salutio.

2044 2753 2307 2823 Uterque,
2340 2750 2481 2807 sicut
2509 2750 2580 2806 in-
2598 2751 2875 2816 omnibus,
2914 2750 2988 2805 ita
3017 2759 3076 2805 et
3095 2750 3148 2805 in
3179 2751 3283 2806 hoc
3316 2766 3442 2807 vere
3471 2753 3553 2808 lo-

1984 2855 2144 2902 cutus
2166 2853 2269 2900 est.
2300 2842 2463 2898 Hane
2492 2843 2638 2898 enim
2658 2881 2673 2906 ,
2733 2852 2796 2897 ut
2851 2841 2926 2897 ait
2960 2842 3299 2913 Evangelista
3320 2882 3335 2910 ,
3379 2860 3557 2899 rever—

305 2950 431 3004 γων
452 2935 549 2988 ἐπὶ
579 2934 693 3003 τὴν
712 2938 894 2989 πόλιν
921 2935 949 2986 6
964 2937 1190 3006 Κύριος,
1217 2936 1501 2993 exstruere
1519 2953 1533 2967 ·
1570 2937 1671 2992 καὶ
1691 2936 1879 2993 ἐλθὼν

1989 2947 2096 2993 tem
2127 2938 2184 2991 in
2213 2938 2478 2992 civitatem
2524 2935 2821 3006 Dominus,
2869 2936 3085 2998 eauriit.
3130 2944 3182 2989 et
3234 2937 3441 2991 veniens
3483 2940 3555 2991 ad

308 3028 405 3081 ἐπὶ
429 3028 544 3097 τὴν
570 3027 796 3094 συκῆν,
856 3031 967 3097 οὺχ
997 3023 1174 3095 εὗρεν
1205 3028 1360 3098 εἰμὴ
1408 3030 1613 3098 φύλλα
1672 3031 1882 3101 μόνον.

1985 3030 2177 3099 ﬁcum,
2233 3044 2334 3082 non
2381 3027 2577 3081 invenit
2624 3026 2725 3080 nisi
2753 3026 2882 3097 [alia
2928 3035 3133 3080 tantum
3155 3025 3221 3079 ”.
3255 3025 3393 3081 Cum
3427 3043 3555 3098 ergo

311 3116 559 3192 Εἰρηκὼς
581 3115 674 3171 οὖν
695 3134 709 3149 ο
739 3118 962 3185 Μηκέτι
989 3119 1057 3172 ἐκ
1092 3116 1204 3172 σοῦ
1230 3119 1457 3188 καρπὸς
1486 3120 1746 3189 γένηται,
1782 3136 1879 3176 πα-

1989 3122 2230 3186 dixisset,
2262 3120 2550 3191 Nunquam
2577 3136 2640 3173 ea:
2666 3128 2716 3173 te
2746 3119 2949 3187 fructus
2981 3127 3269 3181 nascatur;
3292 3120 3556 3173 continuo

313 3213 576 3285 ραχρῆμα
596 3211 802 3281 ταύτην
853 3210 1105 3283 ἐξήρανε.
1137 3213 1238 3265 Διά
1267 3211 1324 3265 δέ
1357 3211 1419 3265 τὸ
1450 3212 1681 3282 μέγεθος
1702 3213 1798 3267 καὶ
1821 3213 1884 3266 τὸ

312 3305 460 3372 ξένον
492 3303 585 3357 τοῦ
616 3302 912 3374 θαύματος,
957 3305 1023 3373 τῇ
1068 3302 1334 3367 ἐπαύριον
1363 3304 1414 3356 οἱ
1474 3303 1717 3374 μαθηταὶ
1748 3304 1883 3358 ταύ-

311 3414 410 3466 την
434 3394 922 3458 κατοπτεύσαντες,
957 3394 1040 3464 ἐφ’
1079 3386 1123 3461 ᾧ
1150 3393 1678 3464 πολυπραγμονῆσαι
1707 3397 1756 3448 εἰ
1787 3396 1884 3449 καὶ

312 3488 371 3540 αἱ
395 3486 539 3557 ῥίζαι
558 3485 816 3550 ὡσαύτως
838 3485 913 3555 τῷ
941 3484 1181 3555 στελέχει
1230 3485 1328 3537 καὶ
1360 3488 1473 3548 τοῖς
1497 3484 1711 3548 κλάδοις
1758 3486 1885 3557 ἐξηο

314 3579 613 3650 ράνθησαν,
644 3576 1021 3647 ἐξεπλάγησαν
1044 3578 1108 3645 τῇ
1140 3574 1431 3644 βεϐαιώσει
1452 3574 1545 3627 τοῦ
1583 3575 1882 3644 θαύματος.

326 3669 584 3739 Ἐξήρανε
612 3667 720 3738 γὰρ
748 3666 954 3734 ταύτην
979 3668 1007 3718 6
1035 3665 1260 3733 Κύριος,
1285 3666 1386 3735 τῆς
1435 3665 1569 3728 ἰδίας
1604 3665 1886 3735 δυνάμεως

314 3761 510 3829 πεῖραν
536 3760 648 3819 τοῖς
677 3756 945 3826 μαθηταῖς
972 3758 1410 3825 παρασχόμενος,
1446 3755 1535 3810 διὰ
1565 3756 1625 3810 τὸ
1651 3758 1883 3828 προσδο-

315 3850 563 3920 κώμενον
608 3847 797 3910 πάθος.
864 3847 1187 3916 Ἐπειδήπερ
1236 3848 1294 3899 ἐν
1348 3849 1469 3910 ταῖς
1519 3847 1862 3918 εὐεργεσίαις

315 3941 666 4012 πολυτρόπως
695 3939 792 4010 τὴν
808 3937 1036 4007 δύναμιν
1061 3937 1402 4002 ἐπεδείξατο·
1432 3940 1529 4008 τῆς
1551 3938 1607 3991 δὲ
1636 3956 1883 4011 τιμωρη-

314 4034 470 4103 τικῆς
486 4030 767 4100 δυνάμεως
796 4030 855 4082 οὐ
888 4028 1191 4099 παρέσχετο
1220 4031 1414 4099 πεῖραν
1432 4046 1446 4058 ·
1479 4031 1546 4101 ἢν
1568 4031 1886 4098 ἀναγκαίως

316 4131 374 4179 ἐν
398 4126 477 4196 τῷ
500 4125 691 4194 ἀψύχῳ
722 4123 816 4176 νῦν
873 4120 1206 4185 ἐπεδείξατο.
1241 4121 1380 4183 Τοὺς
1421 4120 1605 4192 μέντοι
1629 4121 1884 4177 ’πωλοῦν-

314 4236 413 4281 τας
442 4216 539 4270 καὶ
572 4214 958 4285 ἀγοράζοντας,
993 4214 1049 4265 ἐν
1077 4214 1197 4274 ταῖς
1226 4211 1320 4265 δύο
1346 4211 1596 4276 ἐξέϐαλεν
1625 4212 1882 4284 ἡμέραις,

312 4315 382 4384 τῇ
406 4327 465 4363 τε
489 4309 678 4381 πρώτῃ
709 4309 803 4362 καὶ
824 4308 889 4376 τῇ
926 4303 1064 4375 μετά
1096 4304 1216 4374 τὴν,
1248 4303 1343 4357 ἆτε
1385 4303 1464 4371 τῷ
1506 4307 1604 4376 τῆς
1633 4306 1885 4376 φιλοκερ-

312 4402 432 4466 δίας
457 4402 553 4455 καὶ
579 4399 884 4470 καπηλείας
913 4396 1144 4459 ἀναιδῶς
1174 4396 1529 4466 ἐγκειμένους
1563 4398 1849 4468 νοσήματι.

999 4488 1263 4555 Ἀπορία.

384 4589 510 4652 Πῶς
535 4585 813 4645 Ματθαῖος
840 4582 934 4635 καὶ
957 4580 1182 4648 Μάρκος
1214 4580 1303 4633 τὸν
1348 4580 1735 4654 οἰκοδεσπότην
1782 4600 1886 4653 φη-

318 4681 408 4738 σὶν
436 4679 572 4751 (21),
593 4677 651 4740 ὃς
677 4677 770 4729 τὸν
797 4674 1094 4745 ἀμπελῶνα
1120 4672 1383 4741 ἐφύτευσε
1405 4712 1421 4738 ,
1471 4672 1698 4737 πολλοὺς
1728 4675 1885 4729 ’ἀπο-

386 4839 433 4872 ⁹⁹
459 4834 626 4891 Zach.
661 4849 737 4897 Ix,
763 4832 817 4887 9.
891 4830 936 4864 "’
958 4828 1146 4885 Matth.
1179 4844 1293 4893 xxi,
1323 4828 1408 4884 19.
1485 4827 1530 4860 ’³
1554 4827 1685 4885 ibid.
1709 4830 1763 4885 5.

312 4911 359 4944 ⁷⁸
392 4908 581 4964 Matth.
628 4920 737 4969 XXI,
777 4902 862 4957 18.

1838 4831 1881 4864 ⁸⁸
1910 4829 2072 4885 Marc.
2124 4846 2199 4896 χι,
2234 4828 2327 4883 20.
2404 4828 2449 4859 9“
2486 4824 2675 4880 Matth.
2719 4841 2811 4879 nl
2839 4863 2854 4887 ,
2886 4823 2971 4879 12.

1986 3211 2133 3264 illam
2156 3208 2403 3264 arefecit.
2427 3208 2655 3279 Propter
2686 3207 3115 3279 magnitudinem
3147 3216 3329 3264 autem
3358 3218 3414 3263 et
3455 3225 3557 3262 no-

1985 3303 2207 3358 vitatem
2234 3301 2503 3363 miraculi,
2536 3301 2774 3356 crastino
2800 3301 2888 3356 die
2919 3300 3170 3371 discipuli
3217 3317 3338 3357 eam
3380 3303 3558 3359 oculis

1984 3396 2302 3460 lustrantes,
2334 3401 2396 3448 ut
2424 3392 2714 3464 diligenter
2737 3392 3121 3462 explorarent,
3171 3409 3302 3448 num
3348 3395 3558 3450 radices

1985 3488 2191 3558 pariter
2219 3502 2343 3543 cum
2369 3495 2562 3541 trunco
2589 3493 2645 3541 et
2670 3486 2836 3541 ramis
2854 3486 3021 3542 arida:
3045 3488 3250 3553 eSsent,
3291 3487 3556 3558 obstupe-

1984 3579 2111 3634 facti
2167 3588 2296 3634 sunt
2348 3578 2428 3632 rei
2479 3579 2631 3633 mira:
2678 3576 3110 3633 conﬁrmatione.
3150 3576 3326 3645 Ipsam
3356 3577 3557 3646 quippe

1985 3671 2211 3726 arefecit
2235 3671 2519 3736 Dominus,
2550 3679 2610 3724 ut
2646 3686 2757 3725 suae
2790 3669 3048 3739 potentia:
3077 3668 3353 3737 specimen
3386 3668 3555 3723 disci-

1986 3763 2130 3831 pulis
2158 3762 2444 3817 exhiberet
2469 3802 2484 3827 ,
2526 3771 2750 3831 prepter
2802 3760 3178 3815 imminentem
3217 3759 3554 3829 passionem.

1985 3853 2432 3922 Quandoquidem
2466 3853 2521 3907 in
2550 3852 2833 3908 beneﬁciis
2873 3852 3048 3907 modis
3078 3851 3240 3907 variis
3264 3851 3374 3908 vim
3402 3868 3554 3907 suam

1985 3954 2334 4011 exseruerat;
2362 3953 2419 3999 at
2443 3942 2653 3999 ultricis
2683 3943 2900 3998 virtutis
2923 3941 3231 4012 exemplum
3255 3959 3363 3998 non
3390 3944 3555 3999 dede-

1986 4046 2107 4103 rat;
2156 4052 2320 4106 quam
2347 4033 2662 4090 necessario
2695 4032 2750 4087 in
2782 4048 2840 4087 re
2867 4031 3105 4087 inanima
3127 4048 3274 4088 nunc
3295 4035 3555 4087 ostendit.

1986 4130 2297 4184 Vendentes
2317 4143 2480 4199 porro
2506 4133 2563 4182 et
2586 4134 2851 4190 ementes,
2876 4125 3087 4181 duobus
3107 4124 3304 4180 diebus
3330 4124 3554 4195 expulit,

1985 4226 2163 4295 primo
2187 4231 2243 4277 et
2267 4221 2526 4286 secundo,
2550 4229 2609 4276 ut
2635 4219 2877 4276 avaritia;
2904 4227 2960 4275 et
2989 4218 3404 4290 cauponationis
3429 4219 3557 4275 abs-

1985 4331 2091 4386 que
2121 4314 2330 4385 pudore
2357 4312 2547 4367 morbo
2573 4310 2820 4366 affectos.

2563 4484 2852 4560 Diﬂicultas
2876 4504 3000 4544 xxx.

2062 4582 2311 4649 Quidita,
2342 4579 2486 4652 quod
2512 4580 2795 4634 Matthaaus
2822 4587 2878 4633 et
2908 4578 3121 4634 Marcus
3143 4576 3296 4633 aiunt
3322 4586 3560 4648 patrem-

1994 4674 2261 4739 familias,
2318 4672 2410 4743 qui
2464 4671 2678 4725 vineam
2736 4668 3041 4738 plantavit,
3098 4668 3298 4725 multos
3341 4667 3558 4724 misisse

3071 4823 3115 4857 ’⁷
3143 4822 3307 4879 Marc.
3340 4839 3431 4889 ιι,
3469 4821 3558 4877 15.

1820 4990 2054 5049 NOTAE.

311 5113 409 5166 rro
444 5110 523 5166 eo,
584 5103 639 5148 et
696 5086 997 5166 ascendens
1048 5100 1211 5155 super
1257 5082 1612 5166 subiugalem,
1676 5096 1731 5166 ei
1763 5087 1885 5166 ραι-

317 5156 427 5217 lum
472 5156 762 5230 juvenem,
820 5156 1123 5230 Mattheus,
1176 5156 1614 5230 super‘aSinam,
1659 5165 1714 5211 et
1762 5156 1887 5230 pul-

314 5234 428 5287 lum
460 5225 626 5285 lilium
651 5228 969 5300 subjugalis,
1005 5233 1178 5300 au_t_ut
1198 5226 1595 5300 inquibgtsdam
1618 5225 1885 5291 exempla-

312 5302 459 5355 ribus
484 5301 702 5354 Imbetur
722 5289 977 5369 fpiillum
1008 5289 1305 5369 subjugalis'
1325 5312 1343 5362 ;
1387 5289 1622 5369 Joannes
1648 5289 1882 5369 uero‘po-A-

321 5372 446 5431 suit,
483 5370 692 5425 Sedens
715 5364 867 5423 venit
899 5380 1064 5434 super
1098 5366 1305 5434 pullum
1344 5367 1535 5421 asinae.
1560 5394 1630 5404 -—
1658 5364 1813 5430 Quod
1839 5364 1883 5419 si

314 5442 540 5509 insuper
561 5438 898 5493 consulueris
922 5432 1102 5504 C'yrilli
1121 5432 1584 5509 Commentarium
1601 5434 1661 5509 in
1681 5435 1886 5509 Zacha-

316 5504 480 5574 riam,
510 5522 688 5562 mutes
708 5509 870 5564 velim
895 5520 960 5558 ex
986 5518 1149 5557 sensu
1177 5506 1458 5576 εὐτεχνίαν
1486 5504 1542 5559 in
1564 5505 1879 5576 εὐτεκνίανε

314 5594 441 5633 cum
498 5585 687 5632 contra
750 5575 1054 5647 φιλοτεκνεί
1107 5588 1207 5642 pro
1262 5574 1567 5647 φιλοτεχνεῖ
1605 5574 1884 5647 habeatur

315 5649 471 5703 initio
501 5647 720 5705 Catena!
763 5642 843 5701 'ad
878 5643 1139 5705 Marcum,
1181 5647 1236 5699 in
1275 5642 1553 5701 'Encoinio
1605 5642 1876 5713 Procopii,

2053 5085 2164 5156 (21)
2196 5082 2392 5152 Φησὶν
2412 5099 2512 5153 pro
2539 5081 2905 5156 eactv._Saape
2930 5082 3308 5156 in_h_oc_tomo,
3344 5087 3399 5135 et
3429 5094 3558 5156 pas-

1982 5149 2084 5211 sim
2117 5149 2278 5225 apud
2298 5149 2850 5209 auctores'interdum'
2875 5166 2943 5207 ex
2981 5152 3276 5225 idiotismo,
3296 5158 3373 5225 _ut
3402 5149 3561 5225 vide-

1983 5237 2091 5292 tur,
2111 5220 2380 5280 interdum
2411 5234 2592 5279 errato
2618 5225 2986 5288 librariorum,
3005 5221 3238 5292 maxime
3249 5220 3333 5292 ob
3352 5220 3563 5274 brevia-

1984 5289 2093 5350 tam
2141 5294 2518 5364 scriptionem.
2576 5292 2667 5348 Sic
2697 5295 2861 5364 apud;
2887 5291 3208 5364 Gregorium
3248 5289 3556 5364 Nyssenum

1981 5365 2229 5420 oratione
2258 5359 2293 5419 Β
2320 5363 2374 5417 in
2405 5363 2561 5418 Cant.
2592 5359 2746 5417 cant.‘
2769 5371 2809 5417 t.
2840 5362 2883 5423 1,
2908 5375 2964 5430 p.
2990 5359 3095 5416 594
3126 5360 3186 5413 C.
3230 5359 3364 5429 φησὶ
3394 5359 3561 5413 habet

1982 5435 2154 5490 editio
2185 5475 2199 5501 ,
2232 5434 2367 5503 φασὶ
2395 5433 2567 5488 codex
2596 5433 2797 5503 Regius
2829 5431 2986 5503 1797‘.
3020 5430 3140 5503 Non
3189 5442 3331 5503 ergo
3352 5438 3560 5503 temere

1982 5497 2299 5560 mutandum
2334 5521 2350 5571 ;
2384 5515 2445 5557 ut
2484 5503 2614 5558 fecit
2673 5497 2900 5571 illatius
2962 5501 3020 5555 in
3084 5497 3559 5571 Notis'ljlustathii

1981 5567 2652 5642 Hexaemeronp.153,de
2684 5572 2805 5626 loco
2848 5568 3219 5642 Chrysostorni
3259 5567 3555 5642 adderem.

1982 5660 2116 5710 xm,
2164 5644 2250 5699 Η.
2294 5636 2516 5698 Catenae
2554 5636 3027 5704 ‘Ghislerianaaft.
3062 5638 3127 5705 ll,
3174 5653 3232 5707 p.
3259 5638 3383 5695 955.
3417 5636 3555 5692 Vide

315 5731 443 5773 ante
492 5719 674 5773 linem.
718 5717 857 5771 Loca
892 5726 1002 5767 non
1024 5713 1241 5780 profero
1271 5756 1287 5781 ,
1323 5716 1449 5787 quia
1501 5715 1658 5786 plura
1698 5712 1879 5769 dicere
1978 5713 2235 5770 Catenam
2264 5713 2319 5768 in
2354 5713 2475 5777 Job,
2502 5729 2556 5782 p.
2588 5712 2711 5779 519,
2736 5712 2861 5775 480,
2900 5713 3024 5766 ill.

316 5798 408 5843 aut
441 5787 748 5844 describere
772 5786 939 5857 piget.

668 5880 942 5943 Ρηιιοι..
988 5883 1104 5942 Gn.
1149 5877 1377 5941 XClll.

3075 5862 3151 5921 ῖιῆ
