4038 6226
445 362 584 430 1419
1634 363 1997 424 HESYCHII

2146 363 2429 423 ESBYTE
2440 363 2518 424 ΕΙ
3572 360 3716 425 143)

444 495 656 547 servos,
694 488 757 536 ut
787 477 998 534 fructus
1035 477 1104 533 ab
1126 474 1380 549 agricolis
1411 472 1781 548 acciperent”
1803 493 1819 544 ;
1844 474 2021 531 Lucas

2146 473 2333 528 ιτεϊλαι
2356 472 2600 538 δούλους,
2633 471 2721 527 ἵνα
2750 472 2881 538 τοὺς
2924 472 3175 546 καρποὺς
3205 470 3358 549 παρὰ
3388 471 3496 528 τῶν
3533 491 3717 548 γεωρ-

442 584 649 639 autem,
681 586 852 627 unum
885 577 1011 642 post
1039 569 1206 627 alium
1240 568 1301 624 ’ἲ

2146 564 2240 633 τῶν
2268 565 2477 621 λάϐωσι
2503 579 2518 596 ·
2555 566 2773 630 Λουκᾶς
2803 565 2862 620 δὲ
2893 565 3035 620 κατὰ
3054 564 3151 620 Eva
3175 582 3191 632 ;
3729 632 3755 658 1,

1127 660 1353 717 Salutio.

2818 657 3029 722 Λύσις.
3080 718 3087 726 ,
3730 657 3745 725 ι
3788 720 3801 725 ,

470 804 479 815 ,
512 753 650 823 Quia
680 753 761 809 illi
798 752 1019 824 quidem
1049 768 1148 823 per
1177 751 1639 824 complexionem,
1682 760 1739 813 et
1770 750 1926 823 quasi
1969 750 2026 805 in

443 861 655 902 summa
672 845 841 900 variis
858 845 1198 916 temporibus
1222 844 1495 916 sigillatim
1515 844 1711 899 missos
1732 844 2027 914 prophetas

443 939 789 1003 indicarunt;
824 937 915 991 hic
960 951 1094 992 vero
1150 937 1322 1009 magis
1371 936 1722 1007 peculiariter
1754 951 1925 991 unum
1972 943 2029 990 et
2068 934 2075 939 ’

445 1047 615 1087 unum
645 1029 843 1085 missos
873 1028 1063 1085 fuisse.
1098 1028 1175 1084 Ex
1206 1029 1405 1100 quibus
1435 1028 1702 1084 ambobus
1721 1027 1910 1091 claret,
1932 1040 2028 1080 eos

444 1123 537 1192 qui
569 1120 724 1176 missi
755 1128 887 1175 sunt
918 1121 1104 1193 plures
1135 1120 1310 1177 fuisse
1338 1163 1352 1188 ,
1386 1120 1586 1176 missos
1621 1127 1804 1175 autem
1840 1118 2029 1190 singu-

445 1217 597 1272 latim
626 1231 738 1271 non
773 1216 936 1271 simul
973 1231 1185 1271 omnes.
1225 1215 1382 1271 Unde
1425 1231 1521 1271 eos
1567 1228 1826 1285 separans
1851 1212 2030 1268 Lucas

447 1307 526 1363 ait
556 1324 571 1362 :
598 1308 747 1363 illum
770 1308 991 1379 quidem
1041 1308 1377 1374 ceciderunt,
1407 1306 1558 1360 illum
1597 1321 1730 1362 vero
1769 1305 1824 1359 in
1853 1304 2030 1375 capite

447 1399 902 1461 vulneraverunt,
935 1399 1085 1453 illum
1112 1407 1295 1452 autem
1328 1397 1651 1452 occiderunt
1672 1397 1719 1462 '._
1759 1396 2027 1453 Caeterum

445 1489 557 1543 hoc
606 1502 717 1542 non
767 1487 1031 1543 contrarii
1080 1488 1354 1543 sermonis
1405 1496 1491 1542 est
1589 1486 1684 1541 sed
1736 1486 1901 1541 variae
1944 1485 2031 1541 di-

450 1581 666 1637 r-tionis.

988 1647 1283 1718 Difﬁcultas
1334 1665 1485 1704 xxxr.

516 1741 635 1807 Qua
670 1755 833 1796 causa
880 1741 1020 1795 alius
1065 1752 1194 1795 ante
1261 1755 1355 1794 sex
1400 1741 1519 1795 dies
1575 1739 1832 1808 Paschaa,
1862 1740 2029 1802 alius,

2202 749 2326 805 Ὀτι
2353 749 2403 803 oi
2436 748 2536 821 μὲν
2558 750 2922 821 περιεκτικῶς
2957 746 3051 803 καὶ
3079 748 3156 811 ὡς
3187 748 3248 801 ἐν
3279 748 3559 820 κεφαλαίῳ
3590 749 3719 812 τοὺς

2128 839 2271 893 κατὰ
2296 839 2487 910 καιρὸν
2517 839 2813 903 σταλέντας
2841 838 2963 893 καθ’
2990 839 3091 894 ἕνα
3146 839 3273 903 τοὺς
3306 836 3595 911 προφήτας
3625 839 3720 904 ἐξ·

2130 931 2335 987 ἐθεντοο
2352 932 2447 986 ὁδέ
2472 933 2707 1004 λεπτομε
2719 934 2993 1005 ρεστέρως
3013 934 3109 989 ἕνα
3132 935 3225 989 ἕνα
3254 934 3610 989 ἀπεστάλθαι.
3630 935 3721 1000 Ἐξ

2129 1019 2208 1080 ὧν
2232 1026 2509 1098 ἑκατέρων
2535 1027 2832 1091 δείκνυται,
2863 1026 3067 1098 πλῆθος
3097 1028 3194 1097 μὲν
3222 1023 3511 1092 εἶναιτοὺς
3571 1045 3720 1098 πεμ-

2132 1118 2390 1187 φθέντας,
2421 1120 2543 1174 καθ’
2572 1121 2669 1174 ἕνα
2697 1121 2753 1175 δὲ
2784 1120 2877 1173 καὶ
2917 1122 2979 1174 οὐ
3015 1121 3224 1185 πάντας
3243 1119 3573 1192 ὁμοῦ.Ὀθεν
3598 1120 3721 1174 τού·

2130 1229 2257 1274 τους
2277 1212 2500 1282 διαιρῶν
2524 1214 2551 1266 ὁ
2581 1213 2796 1276 Λουκᾶς
2829 1227 3022 1282 φησιν’
3062 1214 3158 1266 Ὃν
3189 1211 3286 1281 μὲν
3312 1210 3634 1283 ἕδειραν,μὸν
3661 1209 3720 1265 δὲ

2131 1303 2564 1374 ἐκεφαλαίωσαν,
2595 1303 2653 1356 ὃν
2674 1303 2729 1356 δὲ
2754 1304 3110 1358 ἀπέκτειναν.
3142 1303 3315 1357 Τοῦτο
3344 1302 3400 1355 δὲ
3429 1300 3532 1356 οὐκ
3561 1301 3721 1357 ἐναν-

2130 1395 2423 1465 τιολογίας,
2454 1396 2593 1450 ἀλλὰ
2619 1395 2879 1467 διαφόρου
2908 1394 3164 1466 φράσεως
3192 1396 3362 1449 ἐστιν.

2790 1636 3056 1691 Ἀπορία.

2794 1653 2935 1691 ’.Διπο
2976 1653 3056 1690 ια.

2204 1733 2365 1798 Τίνος
2387 1732 2570 1805 χάριν,
2604 1734 2632 1786 6
2671 1733 2769 1802 μέν
2800 1731 2907 1802 πρὸ
2931 1653 2998 1794 ἔξ
3035 1729 3259 1800 ἡμερῶν
3316 1728 3413 1781 τοῦ
3449 1730 3660 1799 Πάσχα,
3693 1731 3723 1782 ὁ

446 1843 576 1887 ante
613 1832 751 1887 duos
776 1871 792 1894 ,
841 1831 1124 1887 historiam
1175 1831 1439 1903 unguenti
1473 1831 1851 1901 proferunt’;
1905 1831 2034 1886 licet

2146 1825 2193 1880 Βὲ
2214 1826 2320 1897 πρὸ
2341 1824 2456 1888 δύο,
2479 1825 2580 1892 τὴν
2611 1822 2854 1894 ἱστορίαν
2890 1819 2986 1873 τοῦ
3016 1821 3193 1891 μύρου
3215 1820 3466 1889 λέγουσιν
3493 1837 3507 1852 ο
3542 1819 3722 1874 καίτοι

446 1933 678 1994 uterque
727 1925 784 1979 in
835 1920 1102 1980 Bethania
1155 1940 1272 1978 rem
1320 1924 1617 1995 contigisse
1662 1924 1895 1995 prodant
1928 1941 1942 1977 :
1975 1932 2032 1978 ct

2146 1921 2394 1991 ἑκάτερος
2414 1920 2470 1972 ἐν
2501 1917 2745 1989 Βηθανίᾳ
2774 1927 2798 1955 θ
2844 1915 3052 1984 ταύτην
3078 1913 3335 2001 γενέσθαι
3389 1912 3685 1983 ἐκθέμενος
3704 1931 3719 1944 σ

448 2016 587 2071 alter
609 2030 802 2070 omnes
834 2015 969 2070 dicit
1011 2014 1309 2086 discipulos
1358 2026 1688 2086 conquestos
1743 2008 1911 2072 fuisse
1963 2016 2032 2072 de

2146 2013 2226 2067 καὶ
2246 2014 2275 2066 6
2309 2012 2411 2083 μὲν
2436 2010 2643 2072 πάντας
2675 2006 2797 2061 εἷπε
2839 2009 2965 2071 τοὺς
2999 2006 3251 2078 μαθητὰς
3301 2005 3621 2077 μέμψασθαι
3651 2009 3722 2079 τῇ

447 2108 682 2163 muliere
712 2107 753 2173 ’⁵,
791 2106 930 2162 alter
956 2122 1086 2163 vero
1118 2107 1316 2163 Judam
1361 2108 1536 2163 solum
1562 2126 1579 2176 ;
1620 2109 1841 2164 tametsi
1871 2108 2032 2165 ambo

449 2202 670 2256 domum
697 2198 936 2256 Simonis
966 2211 1401 2258 commemorent
1428 2202 1496 2257 ’ἲ

1117 2289 1348 2347 Salutio.

518 2382 601 2437 Ex
629 2382 782 2437 hisce
816 2381 1074 2437 omnibus
1123 2382 1330 2452 liquet,
1363 2381 1608 2438 diversas
1636 2396 1903 2452 personas
1946 2381 2035 2437 di-

446 2474 623 2529 versis
674 2473 1035 2544 temporibus.
1072 2482 1354 2545 unguento
1407 2473 1700 2528 Dominum
1757 2474 2030 2529 illiniisse.

450 2566 548 2622 llla
579 2566 725 2621 enim
751 2566 894 2636 apud
927 2565 1125 2620 Lucam
1158 2565 1381 2636 reliquis
1412 2566 1719 2636 antiquior,
1755 2574 2031 2632 narratur,

448 2675 563 2713 non
595 2659 648 2711 in
676 2657 960 2723 Bethania,
992 2658 1087 2712 sed
1118 2658 1172 2711 in
1202 2655 1421 2712 Galilaea
1462 2658 1567 2712 hoc
1604 2657 1799 2712 fecisse
1822 2695 1838 2720 ,
1891 2658 2035 2728 apud

455 2748 735 2804 Simonem
770 2749 1061 2818 quemdam
1093 2747 1427 2804 Pharisaauni
1454 2766 1470 2815 ;
1505 2765 1618 2804 non
1647 2759 1832 2804 autem
1854 2749 2037 2819 lepro-

453 2855 575 2897 sum
602 2857 618 2907 ;
652 2848 714 2895 ut
745 2839 1004 2895 Matthzco
1033 2847 1089 2895 et
1120 2840 1300 2896 Marco
1335 2841 1618 2912 probatur,
1654 2850 1782 2896 ante
1812 2840 2035 2896 biduum

449 2933 681 2990 Pasclue
713 2931 767 2987 id
806 2948 908 3004 per
946 2932 1233 2987 mulierem
1265 2941 1476 3004 gestum
1506 2948 1647 2988 esse.
1699 2933 1822 2988 Pari
1874 2933 2038 2989 modo

452 3035 510 3082 et
539 3025 682 3096 apud
713 3024 985 3081 Joannem
1019 3025 1123 3080 alia
1151 3033 1235 3080 est
1264 3025 1333 3080 ab
1354 3024 1480 3081 illis.
1513 3024 1643 3079 Erat
1676 3026 1822 3081 enim
1848 3025 2037 3080 Lazari

453 3132 633 3170 soror.
675 3116 796 3182 Quo
831 3116 1032 3172 factum
1075 3124 1158 3172 est
1186 3156 1201 3179 ,
1258 3125 1320 3171 ut
1358 3117 1521 3172 modo
1557 3118 1741 3172 cuncti
1787 3118 2036 3188 discipuli

2129 2104 2382 2177 γυναικίο
2417 2105 2445 2157 ὁ
2473 2103 2529 2157 δὲ
2557 2103 2649 2155 τὸν
2689 2100 2895 2156 Ἰούδαν
2931 2100 3098 2172 μόνον
3122 2114 3136 2128 ·
3189 2098 3366 2153 καίτοι
3419 2099 3724 2172 ἀμφότεροι

2131 2199 2233 2271 τῆς
2260 2197 2440 2263 οίκίας
2464 2197 2711 2266 Σίμωνος
2743 2193 3259 2268 μνημονεύσαντες;

2807 2287 3016 2352 Λύσις.
3238 2286 3241 2291 ’

2213 2383 2309 2437 Ἐκ
2327 2383 2538 2438 τούτων
2569 2381 2867 2442 δείκνυται,
2896 2379 3134 2450 διάφορα
3161 2378 3434 2450 πρόσωπα
3455 2378 3513 2431 ἐν
3535 2377 3724 2448 διαιρό⁴

2137 2495 2251 2549 ροις
2276 2478 2491 2548 καιροῖς
2515 2474 2594 2545 τῷ
2644 2473 2804 2545 μύρῳ
2837 2473 2930 2525 τὸν
2976 2472 3183 2542 Κύριον
3216 2470 3455 2541 ἀλεῖψαι.
3522 2470 3585 2524 Ἥ
3630 2470 3728 2541 μὲν

2133 2570 2245 2640 γὰρ
2280 2568 2432 2639 παρὰ
2467 2566 2543 2637 τῷ
2575 2567 2756 2636 Λουκᾷ
2783 2564 3119 2635 ἀρχαιοτέρα
3142 2562 3253 2617 τῶν
3296 2563 3474 2618 ἄλλων
3504 2563 3728 2634 ἱστόρη-

2134 2678 2246 2726 ται,
2276 2661 2377 2713 οὐκ
2409 2662 2466 2712 ἐν
2516 2656 2779 2727 Βηθανίᾳ,
2816 2656 2933 2710 ἁλλ’
2967 2657 3026 2709 ἐν
3082 2655 3344 2726 Γαλιλαίᾳ
3370 2655 3531 2711 τοῦτο
3584 2656 3729 2727 πρά-

2139 2751 2296 2817 ξασα,
2355 2744 2509 2821 παρὰ
2565 2747 2773 2816 Σίμωνί
2820 2764 2928 2802 τινι
2975 2748 3290 2819 Φαρισαίῳ·
3324 2747 3386 2800 ού
3430 2747 3615 2818 μέντοι
3664 2764 3730 2815 γε

2135 2845 2358 2918 λεπρῷ·
2416 2842 2671 2914 καθάπερ
2714 2842 2981 2914 Ματθαίῳ
3027 2845 3296 2896 δοκεῖκαὶ
3339 2843 3573 2914 Μάρκῳ,
3622 2844 3730 2914 πρὸ

2138 2935 2198 3001 ἒξ
2229 2938 2275 2975 θ’
2302 2933 2527 3006 ἡμερῶν
2580 2931 2674 2985 τοῦ
2726 2932 2944 3003 Πάσχα,
2975 2932 3134 2986 τοῦτο
3184 2932 3290 2985 ὑπὸ
3318 2932 3416 3002 τῆς
3471 2934 3730 3001 γυναικὸς

2139 3026 2476 3097 πεπρᾶχθαι.
2516 3025 2790 3088 Ὡσαύτως
2820 3025 2874 3078 δὲ
2901 3026 2994 3077 καὶ
3019 3026 3170 3095 παρὰ
3196 3023 3275 3094 τῷ
3290 3024 3534 3095 Ἰωάννῃ.
3566 3026 3731 3096 ἐτέρα

2142 3119 2293 3189 παρὰ
2324 3119 2550 3180 ταύτας·
2578 3116 2833 3186 Λαζάρου
2855 3118 2964 3189 γὰρ
2992 3112 3059 3187 ἦν
3115 3116 3339 3185 ἀδελφή.
3395 3116 3557 3169 Ὅθεν
3602 3133 3729 3171 συν-

456 3205 822 3276 increparent,
841 3209 1007 3262 modo
1023 3223 1163 3262 unus
1188 3208 1376 3273 Iudas,
1396 3225 1521 3264 cum
1544 3224 1652 3263 non
1680 3225 1786 3263 una
1814 3208 2036 3278 femina,

2146 3210 2348 3270 ἐδαινε,
2382 3209 2510 3261 ποτὲ
2533 3208 2631 3277 μὲν
2661 3208 2907 3270 ἅπαντας
2932 3207 3055 3268 τοὺς
3092 3206 3346 3275 μαθητὰς
3373 3204 3726 3274 ἐπιτιμῆσαι,

458 3299 555 3354 sed
586 3298 817 3354 diversa:
844 3299 1328 3371 redarguercntur.

997 3472 1287 3544 Diﬂirultas
1327 3489 1499 3531 nm.

531 3566 778 3633 Quanam
809 3565 1024 3621 ratione
1062 3566 1348 3624 Matthaaus
1378 3574 1435 3623 et
1474 3567 1723 3634 Marcus,
1772 3578 1896 3640 post
1939 3569 2040 3625 Be-

459 3660 662 3715 thania:
691 3673 926 3722 cumam,
971 3657 1169 3713 ludam
1206 3658 1451 3715 referunt
1488 3669 1708 3730 pactum
1760 3661 1930 3718 fuisse
1972 3663 2041 3717 de

457 3758 683 3819 argento
709 3749 1038 3819 proditionis
1062 3750 1083 3781 ⁸
1108 3790 1123 3816 ,
1180 3748 1354 3805 Lucas
1387 3759 1592 3813 autem,
1625 3752 1844 3821 quando
1881 3751 2042 3806 Chri—

457 3852 576 3898 stus
601 3842 766 3897 linem
802 3841 1061 3912 imposuit
1118 3842 1362 3897 sermoni
1396 3843 1465 3898 de
1496 3843 1744 3897 omnium
1779 3859 2040 3899 consum-

456 3934 735 3990 matione'
757 3952 773 3998 ;
803 3933 1044 3989 Joannes
1063 3949 1196 3989 vero
1212 3949 1425 3991 caenam
1450 3935 1671 4006 quidem
1693 3937 2038 4002 memoravit,

457 4040 649 4080 verum
682 4023 1003 4079 Bethaniam
1039 4026 1206 4080 tacuit
1236 4043 1249 4079 :
1281 4035 1337 4080 et
1369 4025 1440 4080 de
1490 4035 1738 4097 tempore
1794 4028 1864 4081 ab
1919 4026 2042 4082 aliis

457 4117 745 4172 dissonare
774 4115 993 4171 videtur
1013 4155 1030 4180 ,
1058 4117 1398 4170 mentionem
1438 4116 1649 4171 faciens
1682 4117 1882 4185 noctis,
1932 4132 2039 4187 qua

458 4223 489 4263 a
514 4207 721 4264 Judaeis
746 4206 1006 4262 Dominus
1032 4206 1472 4285 co’mprehensus
1496 4207 1628 4262 est?

1138 4297 1360 4352 Salutio.

523 4393 669 4449 Nihil
697 4407 821 4448 cum
854 4390 1198 4446 dissonantia
1223 4390 1430 4445 dictum
1452 4400 1535 4446 est
1566 4393 1635 4447 ab
1662 4378 2040 4465 evangelistis;

458 4485 553 4542 sed
585 4500 708 4553 qua:
739 4485 883 4553 apud
917 4483 1054 4537 alios
1078 4481 1331 4546 deerant,
1366 4486 1739 4555 unusquisque
1778 4487 2039 4552 narravit,

2143 3301 2273 3354 ποτὲ
2304 3300 2360 3352 δὲ
2390 3298 2483 3350 τὸν
2525 3297 2755 3350 Ἰούδανο
2791 3296 2889 3367 οὐχ
2919 3298 3041 3359 ἐνὸς
3073 3295 3396 3367 προσώπου,
3450 3296 3588 3349 ἀλλὰ
3614 3296 3732 3349 δια-

2142 3394 2324 3465 φόρων
2352 3390 2522 3443 ὄντων
2573 3387 2683 3442 τῶν
2707 3387 3166 3458 ἐπιτιμηθέντων.

2811 3476 3066 3543 Ἂπορία.
3518 3506 3523 3511 -

2213 3571 2335 3636 Πῶς
2357 3568 2636 3631 Ματθαῖος
2674 3566 2772 3636 μὲν
2804 3567 2900 3619 καὶ
2928 3564 3154 3634 Μάρκος
3188 3564 3325 3633 μετὰ
3362 3564 3424 3617 τὸ
3451 3566 3511 3618 ἐν
3546 3561 3731 3634 Βηθα-

2140 3667 2230 3740 νίᾳ
2285 3667 2523 3730 δεῖπνον,
2581 3659 2948 3731 συμφωνῆσαι
2986 3658 3047 3711 τὸ
3112 3656 3241 3727 περὶ
3285 3657 3387 3724 τῆς
3439 3654 3731 3727 προδοσίας

2139 3760 2427 3834 ἀργύριον,
2457 3759 2549 3811 τὸν
2602 3755 2804 3809 Ἰούδαν
2839 3752 3184 3806 ἐκτίθενται·
3238 3752 3452 3814 Λουκᾶς
3487 3750 3542 3803 te
3569 3749 3732 3821 ἡνίκα

2139 3851 2318 3906 λαλῶν
2371 3848 2440 3902 τὰ
2481 3847 2611 3918 περὶ
2650 3844 2962 3907 συντελείας
3009 3843 3321 3897 ἐπαύσατο·
3374 3843 3627 3914 Ἰωάννης
3672 3842 3731 3895 δὲ

2139 3943 2354 3997 δείπνου
2378 3942 2475 4010 μὲν
2500 3938 2927 4008 ἐμνημόνευσεν,
2954 3936 3014 3988 οὐ
3066 3937 3252 4005 μέντοι
3304 3934 3406 4007 τὴν
3457 3935 3731 4006 Βηθανίαν

2143 4035 2380 4105 ίστορεῖ⁶
2427 4031 2521 4085 καὶ
2547 4030 2673 4102 περὶ
2707 4030 2801 4081 τὸν
2840 4029 3033 4100 καιρόν
3064 4030 3178 4081 ἐστι
3211 4027 3349 4097 πρὸς
3376 4029 3506 4091 τοὺς
3538 4026 3731 4089 ἄλλους

2138 4126 2213 4190 ὡς
2259 4121 2509 4178 δοκοῦσιν
2563 4121 2912 4192 ἀσύμφωνος,
2946 4121 3142 4183 νυκτὲς
3195 4118 3573 4188 μνημονεύων,
3608 4110 3729 4195 ἐνῇ

2140 4218 2291 4287 παρὰ
2309 4216 2422 4269 τῶν
2457 4213 2724 4267 Ἰουδαίων
2764 4214 2792 4265 ὁ
2821 4210 3021 4281 Κύριος
3047 4209 3404 4281 συνείληπται
3430 4225 3445 4274 ;

2823 4303 3036 4366 Λύσις.

2214 4396 2383 4452 υύδέν
2432 4391 2781 4464 ἀσυμφώνως
2826 4393 2938 4453 τοῖς
2986 4389 3409 4458 εύαγγελισταῖς
3460 4388 3679 4461 εἴρηται
3710 4404 3725 4419 ·

2148 4490 2282 4543 ἀλλὰ
2308 4489 2378 4541 τὰ
2429 4486 2580 4558 παρὰ
2632 4483 2878 4557 ἀλλήλων
2921 4481 3272 4551 ἐλλειφθέντα
3321 4481 3549 4542 ἕκαστος
3591 4480 3731 4532 [6:6-

460 4585 651 4632 sancto
684 4585 865 4630 motus
889 4573 1104 4645 Spiritu
1130 4591 1145 4640 ;
1179 4589 1288 4644 quo
1316 4576 1633 4630 necessaria
1666 4576 1821 4632 ﬁeret
1853 4595 2038 4633 eorum

2151 4598 2306 4655 ρησε,
2346 4579 2621 4648 Πνεύματι
2651 4575 2788 4645 ἁγίῳ
2825 4574 3142 4644 κινούμενος
3164 4586 3178 4602 ·
3211 4573 3297 4625 ἶνα
3326 4571 3605 4642 ἀναγκαία
3643 4571 3728 4642 εἴη

461 4672 698 4734 quatuor
726 4666 911 4720 lectio.
955 4664 1128 4736 Igitur
1171 4680 1203 4719 e
1248 4669 1436 4721 monte
1460 4664 1660 4721 Oliveti
1702 4668 2045 4725 descendens

459 4755 749 4822 Dominus,
782 4764 910 4826 post
942 4770 1228 4813 sermones
1257 4757 1379 4815 illos
1396 4759 1464 4814 de
1495 4774 1679 4814 rerum
1698 4775 2046 4817 consumma-

457 4848 634 4914 tione,
662 4844 985 4901 Bethaniam
1018 4847 1166 4902 venit
1192 4865 1209 4917 ;
1240 4848 1385 4904 unde
1414 4848 1588 4906 ludas
1617 4860 1742 4922 post
1781 4855 2044 4924 unguenti

459 4938 816 5005 oblationem,
835 4936 1141 4992 concitatus
1163 4939 1404 4995 avaritiae
1430 4942 1647 5010 morbo,
1674 4945 1818 5014 quod
1847 4960 2046 5016 nempe

459 5032 608 5091 illius
631 5029 873 5103 pretium
906 5043 1018 5083 non
1061 5029 1364 5101 acoepisset
1387 5073 1402 5098 ,
1457 5028 1592 5088 abiit
1617 5032 1825 5101 statim,
1860 5035 2046 5091 Domi-

454 5140 701 5196 namque
740 5122 991 5185 vendidit
1016 5160 1030 5186 ,
1076 5132 1205 5181 ante
1246 5124 1471 5180 bidutnn
1519 5125 1763 5184 Pasebaa.
1805 5128 2046 5185 Joannes

452 5232 610 5283 vero,
633 5217 839 5274 relictis
871 5215 1221 5272 sermonibus
1252 5217 1320 5272 de
1346 5216 1454 5271 line
1478 5220 1692 5286 mundi,
1724 5220 1792 5275 de
1818 5221 2046 5276 consilio

458 5306 779 5377 pontificum
814 5308 883 5365 ad
909 5305 1273 5365 occidendum
1314 5307 1632 5378 Dominum,
1664 5309 1925 5368 unctione
1954 5313 2042 5368 illa

459 5395 743 5455 Bethania
769 5399 898 5456 alibi
936 5407 1201 5455 enarrata
1228 5441 1242 5467 ,
1278 5412 1498 5454 necnon
1528 5403 1894 5459 conventione
1919 5420 2050 5473 pro--

526 5536 574 5570 9°
613 5534 807 5593 Matth.
840 5554 956 5603 ut,
985 5537 1093 5601 '53;
1124 5536 1290 5595 Marc.
1315 5554 1409 5603 xu,
1433 5543 1482 5590 1.
1541 5543 1558 5573 ί
1609 5539 1744 5595 Luc.
1776 5557 1866 5607 xx,
1898 5540 1956 5596 9.
2026 5545 2047 5574 ³
2074 5539 2239 5595 Mare.
2272 5555 2367 5601 xu,
2396 5539 2450 5592 4.
2526 5537 2547 5570 ³
2572 5534 2732 5593 Joan.
2758 5532 3161 5607 xu,l;_Matth.
3194 5534 3414 5607 xxyt,_2,

2149 4674 2256 4729 τῶν
2286 4671 2570 4742 τεσσάρων
2593 4671 2628 4739 ἡ
2656 4668 2986 4736 ἀνάγνωσις.
3037 4666 3171 4719 Ἀπὸ
3214 4665 3393 4719 τοίνυν
3436 4664 3531 4717 τοῦ
3566 4663 3727 4735 ὅρους

2149 4765 2264 4820 τῶν
2290 4762 2483 4817 ἐλαιῶν
2506 4762 2537 4816 6
2567 4761 2770 4832 Κύριος
2793 4757 3040 4821 καταὸἁς
3073 4757 3210 4827 μετὰ
3262 4756 3391 4820 τοὺς
3422 4756 3550 4827 περὶ
3601 4770 3726 4807 συν-

2150 4855 2362 4917 τελείας
2409 4853 2621 4923 λόγους,
2664 4852 2744 4914 είς
2772 4848 3046 4921 Βηθανίαν
3088 4844 3278 4920 ἦλθεν,
3341 4848 3466 4903 ὅθεν
3525 4845 3729 4910 Ἰούδας

2145 4949 2296 5020 μετὰ
2338 4946 2436 5017 τὴν
2473 4941 2786 5016 προσφορὰν
2840 4939 2933 4994 τοῦ
2968 4938 3142 5011 μύρου
3193 4937 3492 5011 ἐρεθισθεὶς
3522 4936 3603 5009 τῷ
3629 4936 3728 5007 τῆς

2153 5039 2519 5112 φιλαργυρίας
2562 5036 2851 5106 νοσήματι,
2891 5033 2974 5086 ὅτι
3003 5030 3068 5102 δὴ
3098 5031 3198 5100 τὴν
3251 5031 3442 5084 τούτου
3496 5029 3597 5100 ούχ
3624 5029 3731 5082 ὑπ-

2151 5131 2368 5195 εδέξατο
2382 5127 2568 5199 τιμὴν.
2586 5124 2835 5181 ἀπελθὼν
2852 5122 3054 5186 εὐθέως
3065 5122 3157 5175 τὸν
3176 5122 3379 5192 Κύριον
3396 5121 3729 5191 ἐπίπρασκε,

2154 5222 2259 5294 πρὸ
2286 5220 2381 5273 δύο
2410 5216 2636 5289 ἡμερῶν
2654 5215 2751 5269 τοῦ
2771 5215 2983 5285 Πάσχα.
3036 5213 3291 5282 Ἰωάννης
3318 5213 3376 5266 δὲ
3405 5210 3732 5283 παραλιπὼν

2151 5314 2278 5376 τοὺς
2312 5309 2443 5380 περὶ
2467 5306 2774 5370 συντελείας
2808 5304 2997 5373 λόγους
3040 5303 3137 5358 καὶ
3165 5304 3265 5375 τὴν
3292 5303 3400 5356 τῶν
3427 5301 3732 5375 ἀρχιερέων

2159 5404 2252 5457 ἐπὶ
2277 5403 2341 5470 τῇ
2371 5397 2648 5468 ἀναιρέσει
2676 5396 2775 5451 τοῦ
2800 5394 3000 5468 Κυρίου
3026 5394 3341 5465 βουλὴν,καὶ
3360 5395 3418 5448 τὸ
3449 5393 3731 5466 ίστορηθὲν

3512 5533 3532 5565 ⁸
3562 5532 3709 5589 Marc
3729 5574 3737 5587 .

461 5618 570 5669 xw,
604 5606 653 5659 l.
728 5608 750 5638 ⁸
775 5608 908 5662 Luc.
943 5601 1049 5673 ⁷ιῖιι,
1082 5607 1171 5664 57.
1248 5611 1268 5640 ⁸
1298 5601 1496 5664 Matth.
1536 5626 1678 5677 XXVI,
1723 5612 1817 5677 lt;
1851 5601 2023 5668 Marc.

2146 5627 2183 5674 ι,
2225 5611 2310 5664 10.
2385 5609 2404 5639 ⁷
2445 5607 2574 5664 Luc.
2607 5623 2733 5671 κκιι,
2761 5606 2816 5660 5.
2892 5604 2914 5636 ⁸
2940 5602 3102 5660 Joau.
3124 5618 3239 5666 xiii,
3264 5601 3320 5669 2,
3351 5603 3458 5675 50.,

1801 5721 2026 5778 VARI/li
2069 5717 2480 5777 LECTIONES.

545 5789 568 5817 ο
596 5778 661 5831 In
691 5797 786 5835 ms.
818 5799 1026 5853 semper
1083 5785 1202 5840 Βιθ.
1286 5791 1341 5829 ε*
1366 5789 1426 5841 F.
1460 5788 1572 5843 δύο.
