3968 6220
238 364 371 429 1421

1603 356 2119 432 ΟΙΜΞδῚῚῡΝΕΞ.

3360 351 3500 418 ιιιι

232 475 292 530 ιν
317 470 562 544 Βηθανίᾳ
589 470 784 543 μύρον,
807 470 904 526 καὶ
935 469 997 524 τδ
1031 468 1320 543 σύμφωνον
1347 467 1448 539 τῆς
1485 466 1654 522 Ἰούδα
1681 484 1808 539 προ-

1947 467 2129 522 itionis
2155 465 2339 537 Iudae;
2387 481 2452 522 ea
2498 481 2619 538 quae
2665 482 2763 538 per
2802 466 2948 523 illam
2978 472 3194 523 noctem
3220 465 3369 522 dicta
3399 467 3498 522 .t'a-

231 564 440 627 δοσίας,
470 560 540 616 τὰ
571 563 631 615 ὲν
659 564 726 634 τῇ
757 561 916 619 νυκτὶ
962 560 1224 633 λεχθέντα
1255 576 1316 614 τε
1353 559 1447 614 καὶ
1501 557 1820 630 πραχθέντα

233 653 471 723 ἐξέθετο,
502 654 562 708 ὲν
655 653 950 724 παρεδόθη.

894 745 952 800 Ἀ
961 744 1161 813 πορίιι.

305 837 432 902 Πῶς
462 837 743 913 Μμτθαῖος
776 838 875 907 μὲν
906 837 1069 891 αὑτὸν
1095 835 1431 907 ὁμολογῆσαι
1484 835 1577 889 τὸν
1620 834 1823 889 Ἰούδαν

237 931 334 1001 τὴν
363 929 653 1000 προδοσίαν
688 928 927 995 ἐξέθετο,
983 928 1241 981 εἰπόντα⁶
1299 925 1393 993 Μή
1429 943 1486 979 τι
1539 925 1655 996 ἐγὼ
1683 928 1821 995 εἰμι,

250 1020 449 1073 Ῥαϐϐί
465 1035 485 1083 ;
529 1016 784 1086 Ἰωάννης
815 1015 895 1081 δὲ,
918 1017 1000 1069 ὅτι
1021 1017 1050 1068 6
1078 1014 1314 1086 Χριστὸς
1342 1013 1405 1068 τὸ
1431 1012 1650 1085 ψωμίον
1677 1012 1825 1084 αύτῷ

239 1112 486 1178 δέδωκεν,
514 1112 589 1176 ὡς
613 1113 677 1183 τῇ
709 1110 973 1183 προδοσίᾳ
997 1111 1224 1180 σημεῖον
1245 1127 1260 1175 ;

911 1202 1123 1267 Λύσις.

312 1294 433 1346 Ὅτι
468 1292 824 1364 πολυτρόπως
856 1293 1109 1356 ποικίλας
1142 1291 1243 1363 τὴν
1286 1290 1451 1345 αὐτοῦ
1479 1292 1827 1346 διδασκαλίαν

236 1387 265 1437 6
298 1385 522 1455 Κύριος.
558 1384 653 1439 καὶ
682 1385 774 1437 τὸν
818 1384 1040 1449 Ἰούδαν,
1075 1384 1174 1453 οὐχ
1197 1383 1364 1447 ἅπαξ,
1394 1383 1515 1436 οὐδὲ
1549 1383 1653 1446 δὶς,
1690 1382 1827 1436 ἀλλὰ

239 1477 332 1529 καὶ
363 1476 644 1539 πολλάκις,
695 1476 823 1528 ποτὲ
881 1476 980 1546 μὲν
1021 1477 1503 1546 συνεσκιασμένως
1561 1475 1825 1545 ἐλέγχων,

239 1567 370 1619 ποτὲ
390 1567 447 1619 δὲ
477 1567 895 1638 φανερωτέρως,
923 1564 1189 1620 ἀνέκοπτε
1218 1568 1316 1637 τῆς
1340 1567 1729 1636 ἐγχειρήσεως.
1750 1565 1830 1618 Τὰ

243 1660 341 1727 μὲν
374 1656 466 1711 οὖν
493 1660 688 1729 πρῶτα
710 1660 812 1729 τῆς
840 1661 898 1710 ὲν
927 1658 1005 1727 τῷ
1058 1659 1264 1729 δείπνῳ
1295 1657 1488 1722 τούτου
1521 1658 1682 1729 χάριν
1709 1657 1829 1710 δια-

238 1748 434 1813 λέξεως
467 1749 743 1812 θῐατθαίος
767 1751 987 1817 ἐξέθετο
1013 1768 1027 1782 ο
1064 1751 1133 1805 τὰ
1156 1751 1212 1803 δὲ
1240 1751 1527 1804 τελευταῖα
1552 1749 1827 1820 Ἰωάννης,

238 1840 547 1912 ἀρξάμενος
579 1841 687 1894 ἀπὸ
710 1840 802 1894 τοῦ
829 1842 1114 1912 νιπτῆρας,
1156 1842 1252 1894 καὶ
1294 1841 1623 1913 παραλιπὼν
1664 1840 1733 1894 τά
1771 1843 1828 1895 ἐν

238 1934 316 2004 τῷ
340 1934 602 2003 Ματθαίῳ
628 1934 916 2004 εἰρημένα.
963 1932 1184 2003 Ἐπειδὴ
1214 1934 1548 2005 γέγραπται,
1598 1933 1740 2003 μετὰ
1768 1933 1831 1986 τὸ

238 2023 476 2093 ψωμίον,
507 2025 589 2086 είς
621 2024 713 2076 τὸν
768 2024 972 2077 Ἰούδαν
1019 2022 1283 2076 εἰσελθεῖν
1314 2024 1403 2076 τὸν
1433 2024 1703 2085 Σατανᾶν,
1755 2021 1830 2093 μὴ

240 2113 594 2183 ξενισθῶμεν.
654 2114 728 2167 οὐ
762 2114 870 2186 γάρ
931 2113 993 2167 τὸ
1037 2113 1252 2185 ψωμίον
1300 2112 1449 2184 αύτῷ
1473 2113 1663 2166 τούτου
1690 2129 1833 2185 παρ-

238 2202 414 2255 αίτιον
432 2217 446 2232 θ
474 2201 575 2273 ἤδη
608 2201 719 2271 γάρ
772 2197 840 2272 ἦν
866 2201 1151 2273 βεϐληκὼς
1176 2203 1256 2267 εἰς
1288 2202 1386 2273 τὴν
1412 2202 1641 2272 καρδίαν
1664 2201 1829 2255 αύτοῦ

242 2294 340 2363 τῆς
368 2293 655 2363 προδοσίας
680 2294 740 2346 τὸ
771 2293 1027 2365 τόλμημα
1047 2312 1060 2326 ·
1096 2296 1234 2348 ἀλλὰ
1253 2296 1373 2349 τότε
1402 2296 1538 2361 ὅλως
1559 2299 1641 2360 εἰς
1669 2296 1835 2350 αὑτὸν

241 2382 512 2454 ἐχώρησε,
573 2384 633 2437 τὸ
683 2386 1053 2456 ἀμετανόητον
1103 2386 1270 2439 αὐτοῦ
1327 2386 1439 2459 (‘22)
1474 2386 1830 2459 θεασάμενος.

242 2477 358 2546 Πρὸ
389 2479 499 2545 γὰρ
531 2476 725 2529 τούτου
773 2475 957 2547 ἠρέμα
979 2477 1156 2549 τούτῳ
1189 2476 1550 2548 προσέϐαλλε.
1612 2480 1686 2532 Τὺ
1717 2479 1835 2550 ψω-

243 2569 368 2637 μίον
399 2567 579 2619 τοίνυν
612 2566 859 2637 σιδηρίου
914 2568 1165 2639 ἰατρικοῦ
1200 2569 1356 2636 τάξιν
1386 2570 1625 2641 ἐπεῖχεν,
1672 2570 1705 2641 ἢ
1738 2572 1838 2651 ὲμ-

241 2661 521 2729 πλάστρου
550 2657 961 2729 ἐπιτιθεμένης,
1000 2661 1096 2712 καὶ
1152 2661 1609 2732 ἐκκαλυπτούσης
1639 2661 1706 2714 τὰ
1742 2678 1838 2715 κε-

241 2769 347 2822 κρυ
358 2750 539 2820 μμένα
587 2750 900 2821 τραύματα.

946 2842 1200 2909 Ἀπορίη.

316 2934 473 2998 Τίνος
491 2934 651 3004 χάριν
678 2933 961 2997 Ματθαίος
1001 2935 1099 3005 μὲν
1125 2936 1182 2986 ὲν
1211 2936 1274 3006 τῇ
1310 2933 1510 3006 πρώτῃ
1543 2934 1652 2988 τῶν
1684 2934 1840 3000 Ἀζύ-

243 3022 477 3094 μων,’τὸ
502 3024 715 3075 δεῖπνον
750 3024 971 3091 γεγονὸς
1017 3023 1291 3078 ἐκτίθεται
1317 3040 1333 3057 ⁶
1365 3027 1413 3078 oi
1459 3025 1514 3077 δὲ
1558 3024 1709 3079 ἄλλοι
1740 3027 1838 3096 τὴν

238 3113 464 3183 ἡμέραν
491 3112 625 3164 αὐτὸ
679 3112 773 3167 τοῦ
802 3113 1099 3169 Ἰουδαϊκοῦ
1131 3116 1324 3186 Πάσχα
1361 3117 1791 3188 ὲπιφημίξουσιν
1821 3135 1834 3149 ο

241 3208 504 3276 Ἰωάννης
525 3206 581 3259 δὲ
604 3206 711 3278 πρὸ
735 3207 835 3277 τῆς
858 3209 1051 3280 ἑορτῆς
1067 3208 1161 3263 τοῦ
1185 3209 1373 3279 Πάσχα
1395 3211 1556 3263 τοῦτο
1587 3210 1842 3278 γενέσθαι

243 3297 611 3370 μαρτύρεται,
657 3298 752 3352 τοῦ
786 3299 1002 3372 ψωμίου
1050 3301 1455 3373 μνημονεύσας,
1489 3302 1629 3374 ὅπερ
1670 3306 1698 3357 6
1732 3304 1844 3359 Κύ-

240 3405 364 3462 ριος
378 3389 460 3460 ,τῷ
475 3390 647 3462 Ἰούδα
668 3392 932 3458 ἐπέδωκε,
952 3394 1043 3445 καὶ
1060 3389 1183 3446 εἷπε
1206 3394 1342 3465 πρὸς
1356 3392 1486 3447 αὐτὸ
1508 3416 1534 3460 ν,
1549 3397 1619 3449 Ὃ
1631 3392 1840 3463 music,

240 3480 512 3548 ποίησον
534 3482 604 3535 ἐν
633 3482 799 3551 τάχει
822 3497 835 3510 ·
858 3483 954 3536 καὶ
985 3484 1242 3554 προσθεὶς
1258 3485 1340 3536 ὅτι
1366 3486 1526 3550 τινὲς
1556 3486 1835 3550 ἐδόκουν,

241 3573 343 3625 ὅτι
377 3574 537 3642 λέγει
568 3574 729 3640 αὐτῷ
774 3578 807 3628 ό
861 3576 1118 3654 ’1ησοᾷς,
1157 3576 1487 3644 Ἀγόρασον
1516 3571 1604 3629 ὧν
1635 3582 1846 3645 χρείαν

240 3661 473 3728 ἔχομεν
498 3665 587 3726 εἰς
637 3663 753 3729 τὴν
787 3664 1025 3730 ἑορτὴν,
1072 3662 1108 3730 ἣ
1150 3664 1270 3727 τοῖς
1326 3663 1586 3733 πτωχοῖς
1636 3667 1736 3718 ἵνα
1788 3684 1843 3719 τι

240 3752 391 3818 δῷ;

964 3849 1006 3898 Λ
1019 3846 1173 3911 ύσις.

322 3930 437 4002 Τὴν
471 3934 1074 4003 τεσσαρεσκαιδεκάτην
1126 3934 1217 3987 τοῦ
1253 3936 1423 4006 μηνὸς
1474 3937 1569 3990 τοῦ
1603 3939 1844 4010 πρώτου,

244 4024 453 4093 Πάσχα
483 4021 713 4092 σύνηθες
741 4027 806 4095 τῇ
842 4025 1033 4094 Γραφῇ
1078 4025 1295 4077 ιιοιλείν⁸
1330 4027 1407 4090 ὡς
1450 4027 1508 4080 ὲν
1539 4029 1677 4100 αὐτῇ
1712 4031 1847 4084 ἀνα-

246 4113 427 4184 μέσον
456 4112 564 4163 τῶν
595 4112 918 4182 ὲσπερινῶν,
947 4113 1040 4164 τοῦ
1066 4114 1242 4181 ἀμνοῦ
1265 4115 1580 4187 ὲσθιομένου
1608 4121 1696 4172 ἐπ’
1717 4120 1848 4185 ἀζύο

246 4220 414 4275 μοις’
446 4204 545 4273 τὴν
583 4204 641 4257 δὲ
695 4205 1190 4276 πεντεκαιδεκάτην
1244 4208 1478 4278 ἡμέραν,
1531 4212 1593 4264 ού
1633 4213 1844 4283 Πάσχα,

243 4294 376 4350 ἀλλ’
397 4295 590 4365 ἑορτὴν
625 4293 719 4347 τοῦ
755 4296 970 4365 Πάσχα,
1006 4297 1177 4368 ἦγουν
1210 4299 1405 4370 ἑορτὴν
1447 4300 1718 4371 ’Λξύμωνο
1750 4322 1849 4357 κα-

1922 570 2117 631 ctaque
2141 567 2290 625 sunt,
2321 558 2378 613 in
2409 574 2516 631 qua
2545 557 2776 616 traditus
2803 566 2913 627 est,
2949 557 3226 615 memoriae
3247 558 3490 630 reliquit.

2450 731 2741 805 Diﬁcuuas
2773 750 2970 791 xum.

1985 822 2088 889 Qui
2120 822 2406 880 Matthaeus
2436 825 2614 895 ipsum
2660 826 2856 882 Iudam
2910 827 3081 884 edixit
3124 829 3331 886 fassum
3376 847 3501 887 esse

1924 913 1993 969 de
2054 916 2363 985 proditione
2418 932 2513 972 sua
2548 958 2564 984 ,
2621 918 2818 974 aiendo
2860 921 3160 993 :Ntmquid
3215 939 3307 993 ego
3358 940 3498 984 sum,

1928 1004 2094 1060 Rabbi
2117 1007 2177 1061 '?
2199 1006 2462 1075 Joannes,
2483 1007 2760 1064 Christum
2796 1009 2895 1078 ipsi
2927 1009 3144 1066 dedisse
3176 1012 3498 1074 buccellam,

1928 1106 1988 1153 ut
2024 1099 2318 1169 proditioni
2350 1103 2564 1175 signum
2599 1103 2641 1134 ¹⁰
2674 1103 2698 1155 ?

2634 1194 2864 1252 Salutio.

2001 1284 2265 1350 Quoniam
2321 1287 2550 1344 diversis
2605 1290 2780 1345 modis
2835 1305 3148 1360 proponens
3200 1291 3502 1346 doctrinam

1930 1393 2085 1432 suam
2114 1380 2395 1443 Dominus,
2443 1390 2498 1435 et
2530 1380 2727 1437 Judam
2778 1398 2887 1437 non
2927 1383 3119 1447 semel,
3172 1398 3351 1452 neque
3400 1383 3503 1444 bis,

1931 1471 2025 1525 sed
2068 1486 2236 1541 saepe,
2271 1473 2543 1529 interdum
2571 1474 2839 1540 obscure,
2886 1475 3086 1530 clarius
3115 1475 3386 1530 interdum
3414 1491 3505 1529 ar-

1932 1579 2122 1634 guens,
2153 1564 2468 1619 retrahebat
2508 1565 2577 1620 ab
2604 1563 2861 1636 incoepto.
2907 1567 3092 1621 Priora
3122 1583 3250 1637 ergo
3276 1568 3361 1620 illa
3391 1582 3512 1621 ser-

1933 1656 2114 1712 monis
2150 1671 2269 1710 eam
2305 1657 2377 1712 ob
2423 1672 2537 1712 rem
2577 1657 2749 1714 habiti
2794 1658 2847 1712 in
2886 1674 3062 1720 coma,
3103 1658 3346 1713 narravit
3375 1658 3510 1713 Mat-

1936 1748 2144 1811 thzeus;
2179 1757 2454 1816 postrema
2481 1746 2746 1808 Joannes,
2791 1748 3058 1818 incipiens
3080 1764 3109 1803 ιι
3136 1748 3425 1816 lavipedio,
3457 1757 3512 1801 et

1937 1838 2253 1908 relinquens
2285 1854 2372 1894 res
2404 1854 2434 1893 a
2456 1838 2710 1895 Matthaao
2753 1851 3104 1894 memoratas.
3139 1839 3295 1906 Quod
3328 1847 3512 1895 autem

1935 1928 2203 1997 scriptum
2241 1936 2343 1992 est,
2376 1937 2498 1998 post
2541 1929 2871 1994 buccellam,
2919 1929 2972 1982 in
3006 1928 3199 1983 Judam
3237 1928 3514 1983 introiisse

1938 2019 2216 2080 Satanam,
2251 2035 2318 2073 ne
2340 2019 2499 2075 nobis
2519 2021 2718 2075 mirum
2745 2020 3012 2076 videatur.
3047 2021 3164 2075 Non
3198 2020 3343 2075 enim
3373 2021 3511 2075 buc-

1938 2106 2074 2161 cella
2127 2106 2179 2161 ei
2223 2107 2325 2161 hoc
2371 2107 2589 2175 eﬂecit;
2639 2110 3074 2180 quandoquidem
3111 2111 3225 2180 jam
3269 2109 3516 2166 diabolus

1939 2195 2240 2253 immiserat
2264 2198 2318 2252 in
2351 2213 2444 2254 cor
2491 2200 2611 2270 ejus
2654 2199 2870 2255 facinus
2917 2200 3280 2269 proditionis;
3325 2215 3516 2255 verum

1942 2298 2073 2344 tunc
2092 2291 2318 2347 omnino
2336 2292 2391 2345 in
2413 2307 2538 2346 eum
2559 2292 2773 2359 insiliit,
2794 2293 3229 2364 impcenitentem
3249 2307 3510 2357 cernens;

1940 2390 2100 2437 antea
2164 2382 2366 2453 quippe
2413 2384 2614 2439 sensim
2666 2384 3034 2439 adoriebatur.
3096 2383 3344 2440 Buecella
3387 2397 3519 2454 ergo

1942 2471 2122 2527 locum
2154 2474 2331 2529 tenuit
2352 2474 2669 2530 ferramenti
2703 2476 3065 2545 medicorum,
3095 2484 3189 2532 aut
3213 2473 3515 2545 emplastri,

1942 2566 2086 2633 quod
2117 2567 2530 2638 superponitur,
2562 2575 2618 2623 et
2655 2568 2866 2624 occulta
2898 2569 3123 2625 vulnera
3152 2567 3430 2638 patefacit.

2484 2835 2777 2906 Di/ficultas
2801 2853 2988 2894 XXXIV.

2015 2926 2130 2993 Qua
2179 2929 2346 2999 gratia
2389 2928 2671 2986 Matthmus
2718 2932 2939 3001 quidem
2987 2932 3163 3003 prima
3194 2932 3518 3004 Azymorum

1943 3018 2033 3073 die
2068 3034 2281 3074 ccenam
2316 3021 2513 3075 factam
2565 3023 2762 3087 docet,
2797 3024 2886 3078 alii
2908 3038 3039 3079 vero
3073 3024 3217 3079 diem
3244 3025 3523 3080 celebrant

1948 3106 2155 3163 Pascha
2186 3108 2473 3164 Judaicum
2500 3110 2540 3143 “
2563 3153 2578 3177 ,
2620 3111 2862 3167 Joannes
2899 3122 3081 3168 autem
3125 3113 3174 3168 id
3219 3124 3345 3170 ante
3375 3115 3519 3170 diem

1947 3199 2145 3255 festum
2190 3201 2395 3258 Pascha
2434 3205 2683 3260 evenisse
2728 3205 3016 3275 perbibet,
3072 3207 3410 3263 mentionem
3441 3207 3522 3261 fa-

1946 3292 2098 3348 ciens
2121 3293 2403 3358 buccellze,
2438 3312 2599 3365 quam
2644 3295 2908 3353 Dominus
2934 3299 3088 3355 Judae
3110 3299 3371 3369 porrexit,
3396 3313 3520 3354 cum

1946 3384 2033 3438 his
2068 3384 2249 3439 verbis
2280 3404 2294 3440 :
2331 3384 2481 3451 Quod
2527 3388 2660 3459 facis
2680 3430 2694 3454 ,
2745 3389 2831 3459 fac
2863 3390 2964 3442 cito
2988 3407 3006 3455 ;
3033 3391 3348 3461 addensque
3377 3392 3523 3461 quod

1948 3476 2163 3545 quidam
2194 3478 2475 3545 putabant,
2522 3481 2662 3551 quod
2705 3482 2927 3535 dixisset
2968 3484 3017 3536 ei
3065 3481 3218 3536 Jesus
3243 3499 3261 3536 :
3298 3480 3430 3535 Eme
3461 3499 3521 3535 ea

1946 3583 2061 3636 qum
2084 3585 2213 3636 opus
2245 3579 2365 3641 sunt
2399 3572 2543 3625 nobis
2584 3573 2655 3626 ad
2689 3573 2827 3627 diem
2855 3575 3082 3644 festum;
3125 3585 3218 3626 aut
3251 3575 3425 3642 egenis
3465 3579 3522 3625 ut

1948 3658 2150 3729 aliquid
2176 3660 2372 3713 daret?

2648 3839 2872 3896 Salutio.

2019 3931 2554 4003 Decimumquartum
2593 3932 2753 4002 primi
2778 3933 2986 3988 mensis
3020 3933 3166 3988 diem
3202 3934 3524 3990 solet'Scri-

1950 4035 2106 4093 plura
2135 4025 2408 4095 appellare
2430 4024 2635 4080 Pascha
2662 4042 2678 4090 ;
2718 4026 2865 4096 quod
2903 4026 2956 4081 in
2999 4041 3068 4081 eo
3101 4027 3242 4082 inter
3268 4042 3524 4099 vesperas

1949 4133 2121 4188 agnus
2140 4118 2518 4172 comederetur
2540 4132 2665 4172 cum
2707 4119 2910 4189 azymis
2934 4135 2948 4184 ;
2977 4118 3249 4174 decimum
3276 4120 3525 4189 quintum

1949 4219 2154 4272 autem,
2177 4224 2287 4263 non
2318 4208 2547 4267 Pascha.
2584 4211 2678 4265 sed
2711 4210 2910 4266 festum
2932 4210 3176 4277 Paschaz,
3211 4226 3307 4267 seu
3326 4211 3526 4267 festum

1952 4305 2277 4372 Azymorum
2311 4320 2324 4356 :
2363 4301 2505 4358 sicut
2558 4303 2634 4356 ait
2685 4302 2894 4373 Moyses
2940 4318 2953 4354 :
2999 4301 3065 4357 In
3111 4306 3281 4374 primo
3332 4320 3525 4370 mense,

239 4388 367 4450 θὼς
394 4403 531 4456 φησι
560 4387 825 4457 Μωυσῆς,
858 4388 961 4451 ὅτι,
991 4386 1097 4440 Ἐν
1120 4387 1200 4453 τῷ
1222 4390 1430 4459 πρώτῳ
1453 4393 1621 4461 μηνὶ,
1677 4393 1749 4463 τῇ
1777 4394 1834 4447 ιδ

1950 4393 2350 4461 quartadecima
2403 4393 2596 4447 mensis
2624 4434 2637 4455 ,
2680 4394 2820 4447 inter
2878 4395 3112 4448 medium
3169 4411 3526 4461 vesperarum,

240 4479 450 4551 ἡμέρᾳ
481 4479 589 4532 τοῦ
612 4481 828 4548 μηνὸς,
858 4480 1168 4550 ἀναμέσον
1195 4481 1314 4536 τῶν
1337 4484 1694 4554 ἐσπερινῶν,
1737 4490 1834 4541 Πα·

1953 4480 2157 4536 Pascha
2186 4480 2431 4536 Domina.
2466 4479 2533 4535 Et
2562 4483 2618 4535 in
2661 4483 3052 4553 quintadecima
3107 4483 3191 4537 die
3224 4482 3530 4538 solemuitas

239 4589 384 4641 σχα
419 4569 501 4634 τῷ
537 4573 748 4638 Κυρίῳ.
783 4573 893 4625 Καὶ
922 4573 991 4625 ὲν
1037 4571 1112 4641 τῇ
1134 4558 1641 4646 πεντεκαιδεκάτῃ
1664 4579 1834 4649 ἐορτή

1953 4572 2273 4643 Aeg/morum
2302 4572 2531 4627 Domino
2559 4573 2623 4626 “.
2657 4575 2796 4628 Ante
2821 4588 2950 4646 ergo
2981 4573 3131 4627 illum
3161 4573 3305 4628 diem
3330 4615 3346 4641 ,
3386 4574 3531 4629 deci-

256 4662 533 4733 Ἀζτύμων
555 4660 635 4729 τῷ
665 4665 878 4730 Κυρίῳ.
936 4666 1047 4737 Πρὸ
1075 4661 1168 4719 οὖν
1201 4666 1406 4737 ταύτης
1438 4671 1505 4741 τῇ
1568 4670 1631 4722 ιδ’
1682 4670 1834 4741 ὀψίας

1951 4676 2256 4735 maquarta,
2292 4681 2415 4720 cum
2457 4680 2580 4720 sero
2602 4664 2714 4735 jam
2745 4676 2910 4731 esset,
2938 4680 3095 4722 omna
3133 4681 3256 4722 cum
3281 4666 3528 4737 discipu-

240 4759 358 4830 ἤδη
405 4753 575 4825 οὔσης
622 4756 1017 4826 συνδειπνήσας
1048 4759 1159 4822 τοῖς
1198 4758 1476 4830 μαθηταῖς
1522 4762 1585 4816 τὸ
1613 4763 1834 4818 τυπικὺν

1952 4755 2016 4808 iis
2064 4753 2206 4809 facta
2248 4753 2530 4809 Paschalis
2560 4753 2742 4825 typici,
2785 4762 2914 4810 tunc
2945 4755 3208 4810 Dominus
3239 4755 3526 4827 mysticum

240 4850 456 4917 Πάσχα
491 4847 518 4898 ὁ
539 4845 761 4915 Κύριος,
811 4847 933 4900 τότε
960 4849 1055 4900 καὶ
1107 4850 1169 4902 τὸ
1202 4852 1461 4919 μυστικὸν
1492 4855 1675 4917 αὐτοῖς
1709 4873 1834 4926 παρ-

1948 4864 2167 4918 quoque
2189 4848 2321 4919 ipsis
2345 4846 2568 4902 tradidit
2594 4846 2824 4900 Pascha.
2847 4846 2894 4900 N
2901 4847 3172 4904 ullatenus
3193 4856 3376 4903 autem
3397 4859 3528 4917 pro—

238 4941 430 4994 έδωκε
460 4938 653 5006 Πάσχα
676 4953 691 4968 ο
718 4937 972 5008 οὐδαμῶς
1004 4938 1060 4991 δὲ
1095 4940 1399 4996 ἐκωλύοντο
1449 4945 1513 4996 ὲκ
1536 4944 1630 4998 τοῦ
1678 4946 1841 5016 νόμου

234 5030 313 5083 τά
348 5026 495 5098 πρὸς
517 5024 748 5096 τροφὴν,
775 5024 808 5097 ἢ
834 5026 1036 5078 πωλεῖν
1061 5024 1092 5097 ἢ
1142 5028 1455 5098 ἀγοράζειν,
1485 5029 1518 5100 ἢ
1544 5029 1841 5102 ἐλεημοσύ.

234 5139 346 5188 νην
394 5118 660 5187 παρέχειν
683 5132 697 5146 ο
727 5117 816 5171 διά
844 5116 905 5170 τὸ
933 5118 1185 5188 εἰρῆσθαι
1216 5137 1234 5150 ι
1259 5119 1416 5173 Ὅσα
1448 5122 1839 5189 ποιηθήσεται

317 5300 341 5331 ο
385 5292 579 5347 Matth.
613 5295 869 5355 xxw.‘23.

244 5372 297 5433 I,
325 5365 431 5427 27,
466 5365 553 5417 29.
633 5365 675 5395 ”
701 5365 874 5420 Levit.
908 5381 1063 5430 χχιιι,
1098 5366 1151 5431 5,
1184 5367 1238 5421 6.
1319 5371 1361 5404 ιδ
1394 5366 1561 5421 Exod.
1588 5384 1680 5435 xu,
1710 5371 1795 5422 i6.

1948 4939 2283 4997 hihebantur
2317 4956 2416 5010 per
2450 4937 2648 5009 Legem
2670 4979 2685 5005 ,
2717 4939 2848 5009 quin
2904 4939 3057 4993 cibos
3090 4937 3393 4993 venderent
3425 4944 3528 4992 aut

1949 5039 2218 5095 emerent,
2249 5031 2335 5086 vel
2365 5030 2562 5086 darent
2584 5030 2986 5100 eleemosynam
3020 5070 3035 5093 ,
3065 5036 3361 5099 propterea
3384 5027 3529 5097 quod

1946 5126 2152 5179 dictum
2185 5133 2271 5177 est
2293 5139 2304 5173 :
2326 5122 2454 5187 Qua:
2476 5122 2600 5191 [ient
2626 5123 2842 5187 animm,
2872 5121 2967 5175 illa
2991 5122 3117 5191 ﬁent
3147 5121 3290 5175 vobis
3309 5117 3530 5185 ιδ.οιιο-

952 5295 994 5327 ¹⁹
1017 5294 1179 5351 Joan.
1209 5313 1326 5358 xm,
1362 5297 1452 5349 ‘26.
1534 5298 1574 5329 "
1642 5297 1829 5351 Matth.
1863 5316 2009 5362 xxvi,
2048 5301 2142 5363 i7;
2173 5295 2336 5352 \larc.
2372 5315 2483 5361 xlv,
2522 5299 2625 5364 1‘2;
2660 5299 2793 5353 Luc.
2833 5313 2967 5362 χχιι,
3007 5296 3057 5349 7.
3140 5297 3181 5327 ⁸⁸
3212 5293 3369 5349 Joan.
3396 5309 3527 5361 xm,

1796 5457 2030 5513 ΝΟΤᾸΞ.

325 5549 451 5616 (:22)
483 5550 551 5603 Τὸ
580 5551 986 5620 ἀμετανόητον
1013 5551 1217 5607 αὑτοῦ.
1241 5551 1389 5605 Idem
1422 5549 1582 5607 tradit
1602 5547 1838 5604 Severus

242 5622 640 5686 Autiuchenus
662 5621 726 5674 ad
749 5620 974 5675 Joannis
1000 5620 1388 5684 testimonium,
1415 5620 1591 5675 verbis
1617 5620 1688 5675 ob
1710 5634 1835 5689 par-

244 5714 377 5751 vam
412 5691 860 5761 depravationem
892 5692 1224 5747 adducendis
1251 5708 1266 5744 :
1294 5691 1380 5742 ὅτε
1409 5690 1465 5741 δὲ
1490 5688 1837 5761 πάντωντῶν

240 5759 589 5839 ὀνειδιλὼὲων
616 5760 784 5815 αὑτοῦ
813 5761 873 5814 τὸ
900 5763 1071 5826 πάθος
1117 5760 1308 5813 σϐέσαι
1342 5760 1652 5828 γενομένων
1687 5759 1839 5830 παρὰ

1943 5548 2039 5602 τοῦ
2077 5548 2348 5618 Σςιιτῆρος,
2382 5550 2631 5617 κρεῖττον
2657 5547 2799 5618 (sine
2819 5546 3003 5618 dubio,
3021 5549 3317 5618 scripserat
3343 5546 3532 5616 κρείτυ

1945 5637 2022 5672 τω
2036 5622 2074 5687 ι)
2106 5614 2433 5687 θεραπείας
2455 5614 2691 5686 ἐγένετο.
2732 5617 2919 5672 Verum
2949 5617 3036 5672 ubi
3064 5658 3078 5680 ,
3128 5614 3367 5671 omnibus

1946 5685 2145 5758 malum
2177 5685 2291 5756 ejus
2336 5685 2504 5742 Iudae
2528 5689 2855 5758 exstinguere
2886 5704 2951 5742 ac
2990 5688 3180 5744 sedare
3213 5685 3521 5758 debuerant,

1948 5777 1980 5813 a
2014 5757 2291 5812 Saluatore
2322 5757 2588 5817 adhibitis,
2614 5758 2875 5812 medicina
2901 5758 3142 5828 superior
3170 5757 3391 5811 exstitit.
