  <div class='ocr_page' id='page_1' title='image "/cluster/home/n/w/nwhite01/storage/ocr_20150623/93/mdp.39015078384313/719.png"; bbox 0 0 4038 6226; ppageno 0'>
   <div class='ocr_carea' id='block_1_1' title="bbox 508 342 648 421">
    <p class='ocr_par' dir='ltr' id='par_1_1' title="bbox 508 342 648 421">
     <span class='ocr_line' id='line_1_1' title="bbox 508 342 648 421; baseline 0.014 -2"><span class='ocrx_word' id='word_1_1' title='bbox 508 342 648 421; x_wconf 61' lang='lat'><strong>1493</strong></span> 
     </span>
    </p>
   </div>
   <div class='ocr_carea' id='block_1_2' title="bbox 1702 340 2586 406">
    <p class='ocr_par' dir='ltr' id='par_1_2' title="bbox 1702 340 2586 406">
     <span class='ocr_line' id='line_1_2' title="bbox 1702 340 2586 406; baseline -0.007 0"><span class='ocrx_word' id='word_1_2' title='bbox 1702 343 2068 406; x_wconf 83' lang='lat' dir='ltr'><strong>HESYCHII</strong></span> <span class='ocrx_word' id='word_1_3' title='bbox 2111 340 2586 403; x_wconf 72' lang='lat' dir='ltr'><strong>PRESBYTER!</strong></span> 
     </span>
    </p>
   </div>
   <div class='ocr_carea' id='block_1_3' title="bbox 3646 337 3789 402">
    <p class='ocr_par' dir='ltr' id='par_1_3' title="bbox 3646 337 3789 402">
     <span class='ocr_line' id='line_1_3' title="bbox 3646 337 3789 402; baseline 0.007 -2"><span class='ocrx_word' id='word_1_4' title='bbox 3646 337 3789 402; x_wconf 61' lang='lat'><strong>1421</strong></span> 
     </span>
    </p>
   </div>
   <div class='ocr_carea' id='block_1_4' title="bbox 502 448 2093 530">
    <p class='ocr_par' dir='ltr' id='par_1_4' title="bbox 502 451 2089 530">
     <span class='ocr_line' id='line_1_4' title="bbox 502 451 2089 530; baseline -0.011 -7"><span class='ocrx_word' id='word_1_5' title='bbox 502 468 649 525; x_wconf 82' lang='lat' dir='ltr'><strong>circa</strong></span> <span class='ocrx_word' id='word_1_6' title='bbox 688 456 953 530; x_wconf 73' lang='lat' dir='ltr'><strong>suspicati</strong></span> <span class='ocrx_word' id='word_1_7' title='bbox 993 462 1123 511; x_wconf 88' lang='lat' dir='ltr'><strong>sunt</strong></span> <span class='ocrx_word' id='word_1_8' title='bbox 1149 453 1431 526; x_wconf 77' lang='lat' dir='ltr'><strong>discipuli.</strong></span> <span class='ocrx_word' id='word_1_9' title='bbox 1464 451 1532 509; x_wconf 91' lang='lat' dir='ltr'><strong>ad</strong></span> <span class='ocrx_word' id='word_1_10' title='bbox 1563 452 1671 508; x_wconf 85' lang='lat' dir='ltr'><strong>tale</strong></span> <span class='ocrx_word' id='word_1_11' title='bbox 1715 452 2089 508; x_wconf 78' lang='lat' dir='ltr'><strong>ministerium</strong></span> 
     </span>
    </p>
   </div>
   <div class='ocr_carea' id='block_1_5' title="bbox 2199 448 3788 530">
    <p class='ocr_par' dir='ltr' id='par_1_5' title="bbox 2199 448 3788 521">
     <span class='ocr_line' id='line_1_5' title="bbox 2199 448 3788 521; baseline -0.004 -13"><span class='ocrx_word' id='word_1_12' title='bbox 2199 448 2388 521; x_wconf 66' lang='grc' dir='ltr'>ψυχῇ,</span> <span class='ocrx_word' id='word_1_13' title='bbox 2407 450 2592 504; x_wconf 77' lang='grc' dir='ltr'>ταῦτα</span> <span class='ocrx_word' id='word_1_14' title='bbox 2620 448 3013 520; x_wconf 75' lang='grc' dir='ltr'>ποιηθήσεται</span> <span class='ocrx_word' id='word_1_15' title='bbox 3040 449 3203 521; x_wconf 75' lang='grc' dir='ltr'>ὑμῖν.</span> <span class='ocrx_word' id='word_1_16' title='bbox 3232 449 3397 505; x_wconf 71' lang='grc' dir='ltr'>Ὅθεν</span> <span class='ocrx_word' id='word_1_17' title='bbox 3447 451 3707 505; x_wconf 74' lang='grc' dir='ltr'><strong>ὑπενόουν</strong></span> <span class='ocrx_word' id='word_1_18' title='bbox 3732 456 3788 508; x_wconf 85' lang='grc' dir='ltr'><strong>οἱ</strong></span> 
     </span>
    </p>
   </div>
   <div class='ocr_carea' id='block_1_6' title="bbox 509 539 2093 621">
    <p class='ocr_par' dir='ltr' id='par_1_6' title="bbox 509 547 2091 621">
     <span class='ocr_line' id='line_1_6' title="bbox 509 547 2091 621; baseline -0.006 -11"><span class='ocrx_word' id='word_1_19' title='bbox 509 559 699 615; x_wconf 87' lang='lat' dir='ltr'><strong>ludam</strong></span> <span class='ocrx_word' id='word_1_20' title='bbox 754 555 994 621; x_wconf 75' lang='lat' dir='ltr'><strong>legatum</strong></span> <span class='ocrx_word' id='word_1_21' title='bbox 1051 548 1223 605; x_wconf 79' lang='lat' dir='ltr'><strong>fuisse</strong></span> <span class='ocrx_word' id='word_1_22' title='bbox 1286 560 1412 619; x_wconf 90' lang='lat' dir='ltr'><strong>post</strong></span> <span class='ocrx_word' id='word_1_23' title='bbox 1479 548 1742 603; x_wconf 64' lang='lat' dir='ltr'><strong>buccellae</strong></span> <span class='ocrx_word' id='word_1_24' title='bbox 1786 547 2091 618; x_wconf 88' lang='lat' dir='ltr'><strong>susceptio-</strong></span> 
     </span>
    </p>
   </div>
   <div class='ocr_carea' id='block_1_7' title="bbox 2199 539 3789 621">
    <p class='ocr_par' dir='ltr' id='par_1_7' title="bbox 2199 539 3789 616">
     <span class='ocr_line' id='line_1_7' title="bbox 2199 539 3789 616; baseline 0.004 -23"><span class='ocrx_word' id='word_1_25' title='bbox 2199 539 2433 611; x_wconf 70' lang='grc' dir='ltr'>μαθηται</span> <span class='ocrx_word' id='word_1_26' title='bbox 2454 542 2535 602; x_wconf 82' lang='grc' dir='ltr'><strong>είς</strong></span> <span class='ocrx_word' id='word_1_27' title='bbox 2558 539 2821 613; x_wconf 81' lang='grc' dir='ltr'><strong>τοιαύτην</strong></span> <span class='ocrx_word' id='word_1_28' title='bbox 2851 541 3133 595; x_wconf 80' lang='grc' dir='ltr'><strong>διακονίαν</strong></span> <span class='ocrx_word' id='word_1_29' title='bbox 3166 542 3433 616; x_wconf 73' lang='grc' dir='ltr'>σταλῆναι</span> <span class='ocrx_word' id='word_1_30' title='bbox 3462 545 3556 596; x_wconf 67' lang='grc' dir='ltr'><strong>τὸν</strong></span> <span class='ocrx_word' id='word_1_31' title='bbox 3581 544 3789 599; x_wconf 62' lang='grc' dir='ltr'>Ἰούδαν</span> 
     </span>
    </p>
   </div>
   <div class='ocr_carea' id='block_1_8' title="bbox 505 665 651 705">
    <p class='ocr_par' dir='ltr' id='par_1_8' title="bbox 505 665 651 705">
     <span class='ocr_line' id='line_1_8' title="bbox 505 665 651 705; baseline -0.007 -1"><span class='ocrx_word' id='word_1_32' title='bbox 505 665 651 705; x_wconf 80' lang='lat' dir='ltr'><strong>nem.</strong></span> 
     </span>
    </p>
   </div>
   <div class='ocr_carea' id='block_1_9' title="bbox 1070 732 1562 803">
    <p class='ocr_par' dir='ltr' id='par_1_9' title="bbox 1070 732 1562 803">
     <span class='ocr_line' id='line_1_9' title="bbox 1070 732 1562 803; baseline -0.004 -16"><span class='ocrx_word' id='word_1_33' title='bbox 1070 732 1367 803; x_wconf 72' lang='lat' dir='ltr'><strong>Diﬁicultas</strong></span> <span class='ocrx_word' id='word_1_34' title='bbox 1402 746 1562 786; x_wconf 67' lang='lat' dir='ltr'><strong>xxxv.</strong></span> 
     </span>
    </p>
   </div>
   <div class='ocr_carea' id='block_1_10' title="bbox 571 821 2086 894">
    <p class='ocr_par' dir='ltr' id='par_1_10' title="bbox 571 821 2086 894">
     <span class='ocr_line' id='line_1_10' title="bbox 571 821 2086 894; baseline -0.003 -15"><span class='ocrx_word' id='word_1_35' title='bbox 571 826 692 894; x_wconf 79' lang='lat' dir='ltr'><strong>Quo</strong></span> <span class='ocrx_word' id='word_1_36' title='bbox 729 824 896 882; x_wconf 88' lang='lat' dir='ltr'><strong>modo</strong></span> <span class='ocrx_word' id='word_1_37' title='bbox 943 822 1119 879; x_wconf 81' lang='lat' dir='ltr'><strong>Lucas</strong></span> <span class='ocrx_word' id='word_1_38' title='bbox 1173 838 1295 893; x_wconf 63' lang='lat' dir='ltr'><strong>quae</strong></span> <span class='ocrx_word' id='word_1_39' title='bbox 1347 821 1519 876; x_wconf 89' lang='lat' dir='ltr'><strong>multo</strong></span> <span class='ocrx_word' id='word_1_40' title='bbox 1572 831 1824 890; x_wconf 92' lang='lat' dir='ltr'><strong>tempore</strong></span> <span class='ocrx_word' id='word_1_41' title='bbox 1872 834 2086 875; x_wconf 73' lang='lat' dir='ltr'><strong>omnam</strong></span> 
     </span>
    </p>
   </div>
   <div class='ocr_carea' id='block_1_11' title="bbox 500 913 2087 991">
    <p class='ocr_par' dir='ltr' id='par_1_11' title="bbox 500 913 2087 991">
     <span class='ocr_line' id='line_1_11' title="bbox 500 913 2087 991; baseline -0.005 -18"><span class='ocrx_word' id='word_1_42' title='bbox 500 924 921 991; x_wconf 66' lang='lat' dir='ltr'><strong>praecesserant,</strong></span> <span class='ocrx_word' id='word_1_43' title='bbox 940 915 1207 971; x_wconf 85' lang='lat' dir='ltr'><strong>nonnulla</strong></span> <span class='ocrx_word' id='word_1_44' title='bbox 1244 916 1408 969; x_wconf 83' lang='lat' dir='ltr'><strong>etiam</strong></span> <span class='ocrx_word' id='word_1_45' title='bbox 1446 929 1569 984; x_wconf 74' lang='lat' dir='ltr'><strong>qua:</strong></span> <span class='ocrx_word' id='word_1_46' title='bbox 1604 913 1898 967; x_wconf 78' lang='lat' dir='ltr'><strong>subsecuta</strong></span> <span class='ocrx_word' id='word_1_47' title='bbox 1937 920 2087 976; x_wconf 87' lang='lat' dir='ltr'><strong>sunt,</strong></span> 
     </span>
    </p>
   </div>
   <div class='ocr_carea' id='block_1_12' title="bbox 515 1003 2091 1077">
    <p class='ocr_par' dir='ltr' id='par_1_12' title="bbox 515 1003 2091 1077">
     <span class='ocr_line' id='line_1_12' title="bbox 515 1003 2091 1077; baseline -0.006 -14"><span class='ocrx_word' id='word_1_48' title='bbox 515 1019 777 1077; x_wconf 83' lang='lat' dir='ltr'><strong>tanquam</strong></span> <span class='ocrx_word' id='word_1_49' title='bbox 809 1007 957 1061; x_wconf 89' lang='lat' dir='ltr'><strong>inter</strong></span> <span class='ocrx_word' id='word_1_50' title='bbox 1002 1020 1218 1062; x_wconf 65' lang='lat' dir='ltr'><strong>orenam</strong></span> <span class='ocrx_word' id='word_1_51' title='bbox 1279 1003 1422 1058; x_wconf 77' lang='lat' dir='ltr'><strong>facta</strong></span> <span class='ocrx_word' id='word_1_52' title='bbox 1474 1010 1731 1066; x_wconf 85' lang='lat' dir='ltr'><strong>enarrat;</strong></span> <span class='ocrx_word' id='word_1_53' title='bbox 1791 1016 1912 1071; x_wconf 71' lang='lat' dir='ltr'><strong>qua:</strong></span> <span class='ocrx_word' id='word_1_54' title='bbox 1954 1015 2091 1070; x_wconf 83' lang='lat' dir='ltr'><strong>apo-</strong></span> 
     </span>
    </p>
   </div>
   <div class='ocr_carea' id='block_1_13' title="bbox 503 1091 2088 1162">
    <p class='ocr_par' dir='ltr' id='par_1_13' title="bbox 503 1091 2088 1162">
     <span class='ocr_line' id='line_1_13' title="bbox 503 1091 2088 1162; baseline -0.006 -6"><span class='ocrx_word' id='word_1_55' title='bbox 503 1101 659 1156; x_wconf 89' lang='lat' dir='ltr'><strong>stolis</strong></span> <span class='ocrx_word' id='word_1_56' title='bbox 693 1098 993 1155; x_wconf 87' lang='lat' dir='ltr'><strong>edisseruit</strong></span> <span class='ocrx_word' id='word_1_57' title='bbox 1024 1097 1280 1153; x_wconf 86' lang='lat' dir='ltr'><strong>Christus</strong></span> <span class='ocrx_word' id='word_1_58' title='bbox 1304 1136 1320 1162; x_wconf 93' lang='lat'><strong>,</strong></span> <span class='ocrx_word' id='word_1_59' title='bbox 1363 1096 1432 1150; x_wconf 92' lang='lat' dir='ltr'><strong>de</strong></span> <span class='ocrx_word' id='word_1_60' title='bbox 1460 1095 1682 1150; x_wconf 90' lang='lat' dir='ltr'><strong>vitanda</strong></span> <span class='ocrx_word' id='word_1_61' title='bbox 1733 1091 2088 1148; x_wconf 84' lang='lat' dir='ltr'><strong>contentione</strong></span> 
     </span>
    </p>
   </div>
   <div class='ocr_carea' id='block_1_14' title="bbox 503 1180 2090 1261">
    <p class='ocr_par' dir='ltr' id='par_1_14' title="bbox 503 1180 2090 1261">
     <span class='ocr_line' id='line_1_14' title="bbox 503 1180 2090 1261; baseline -0.009 -15"><span class='ocrx_word' id='word_1_62' title='bbox 503 1192 652 1246; x_wconf 87' lang='lat' dir='ltr'><strong>circa</strong></span> <span class='ocrx_word' id='word_1_63' title='bbox 683 1191 977 1261; x_wconf 85' lang='lat' dir='ltr'><strong>primatum</strong></span> <span class='ocrx_word' id='word_1_64' title='bbox 1009 1188 1053 1220; x_wconf 76' lang='lat'><strong><em>“</em></strong></span> <span class='ocrx_word' id='word_1_65' title='bbox 1080 1204 1096 1254; x_wconf 89' lang='lat'><strong>;</strong></span> <span class='ocrx_word' id='word_1_66' title='bbox 1130 1201 1360 1257; x_wconf 71' lang='lat' dir='ltr'><strong>quaaque</strong></span> <span class='ocrx_word' id='word_1_67' title='bbox 1399 1184 1564 1239; x_wconf 82' lang='lat' dir='ltr'><strong>Petro</strong></span> <span class='ocrx_word' id='word_1_68' title='bbox 1586 1224 1600 1246; x_wconf 88' lang='lat'><strong>,</strong></span> <span class='ocrx_word' id='word_1_69' title='bbox 1656 1180 1961 1252; x_wconf 65' lang='lat' dir='ltr'><strong>praedicens</strong></span> <span class='ocrx_word' id='word_1_70' title='bbox 1990 1194 2090 1233; x_wconf 92' lang='lat' dir='ltr'><strong>ne-</strong></span> 
     </span>
    </p>
   </div>
   <div class='ocr_carea' id='block_1_15' title="bbox 504 1269 2089 1355">
    <p class='ocr_par' dir='ltr' id='par_1_15' title="bbox 504 1269 2089 1355">
     <span class='ocr_line' id='line_1_15' title="bbox 504 1269 2089 1355; baseline -0.01 -17"><span class='ocrx_word' id='word_1_71' title='bbox 504 1286 783 1355; x_wconf 74' lang='lat' dir='ltr'><strong>gationem</strong></span> <span class='ocrx_word' id='word_1_72' title='bbox 819 1300 833 1336; x_wconf 90' lang='lat'><strong>:</strong></span> <span class='ocrx_word' id='word_1_73' title='bbox 866 1295 1104 1349; x_wconf 91' lang='lat' dir='ltr'><strong>quorum</strong></span> <span class='ocrx_word' id='word_1_74' title='bbox 1136 1279 1310 1349; x_wconf 89' lang='lat' dir='ltr'><strong>prius,</strong></span> <span class='ocrx_word' id='word_1_75' title='bbox 1344 1277 1520 1332; x_wconf 93' lang='lat' dir='ltr'><strong>multo</strong></span> <span class='ocrx_word' id='word_1_76' title='bbox 1548 1282 1677 1330; x_wconf 85' lang='lat' dir='ltr'><strong>ante</strong></span> <span class='ocrx_word' id='word_1_77' title='bbox 1705 1286 1917 1343; x_wconf 63' lang='lat' dir='ltr'><strong>coenam</strong></span> <span class='ocrx_word' id='word_1_78' title='bbox 1949 1269 2089 1323; x_wconf 87' lang='lat' dir='ltr'><strong>Mat-</strong></span> 
     </span>
    </p>
   </div>
   <div class='ocr_carea' id='block_1_16' title="bbox 507 1366 2086 1436">
    <p class='ocr_par' dir='ltr' id='par_1_16' title="bbox 507 1366 2086 1436">
     <span class='ocr_line' id='line_1_16' title="bbox 507 1366 2086 1436; baseline -0.009 -6"><span class='ocrx_word' id='word_1_79' title='bbox 507 1377 685 1431; x_wconf 72' lang='lat' dir='ltr'><strong>thteus</strong></span> <span class='ocrx_word' id='word_1_80' title='bbox 730 1381 788 1428; x_wconf 89' lang='lat' dir='ltr'><strong>et</strong></span> <span class='ocrx_word' id='word_1_81' title='bbox 834 1372 1045 1427; x_wconf 69' lang='lat' dir='ltr'><strong>Marcus</strong></span> <span class='ocrx_word' id='word_1_82' title='bbox 1076 1372 1386 1425; x_wconf 88' lang='lat' dir='ltr'><strong>docuerunt</strong></span> <span class='ocrx_word' id='word_1_83' title='bbox 1422 1383 1559 1433; x_wconf 91' lang='lat' dir='ltr'><strong>nos;</strong></span> <span class='ocrx_word' id='word_1_84' title='bbox 1610 1366 1883 1436; x_wconf 85' lang='lat' dir='ltr'><strong>posterius</strong></span> <span class='ocrx_word' id='word_1_85' title='bbox 1932 1377 2086 1427; x_wconf 79' lang='lat' dir='ltr'><strong>vero,</strong></span> 
     </span>
    </p>
   </div>
   <div class='ocr_carea' id='block_1_17' title="bbox 505 1452 2090 1535">
    <p class='ocr_par' dir='ltr' id='par_1_17' title="bbox 505 1452 2090 1535">
     <span class='ocr_line' id='line_1_17' title="bbox 505 1452 2090 1535; baseline -0.009 -15"><span class='ocrx_word' id='word_1_86' title='bbox 505 1473 635 1535; x_wconf 85' lang='lat' dir='ltr'><strong>post</strong></span> <span class='ocrx_word' id='word_1_87' title='bbox 658 1478 894 1528; x_wconf 65' lang='lat' dir='ltr'><strong>coenam,</strong></span> <span class='ocrx_word' id='word_1_88' title='bbox 922 1463 1033 1533; x_wconf 82' lang='lat' dir='ltr'><strong>jam</strong></span> <span class='ocrx_word' id='word_1_89' title='bbox 1064 1458 1197 1515; x_wconf 90' lang='lat' dir='ltr'><strong>Jesu</strong></span> <span class='ocrx_word' id='word_1_90' title='bbox 1233 1459 1300 1513; x_wconf 87' lang='lat' dir='ltr'><strong>ad</strong></span> <span class='ocrx_word' id='word_1_91' title='bbox 1330 1465 1572 1513; x_wconf 88' lang='lat' dir='ltr'><strong>montem</strong></span> <span class='ocrx_word' id='word_1_92' title='bbox 1602 1455 1984 1527; x_wconf 86' lang='lat' dir='ltr'><strong>proticiscente</strong></span> <span class='ocrx_word' id='word_1_93' title='bbox 2007 1452 2090 1505; x_wconf 78' lang='lat' dir='ltr'><strong>&quot;‘l</strong></span> 
     </span>
    </p>
   </div>
   <div class='ocr_carea' id='block_1_18' title="bbox 1219 1548 1445 1604">
    <p class='ocr_par' dir='ltr' id='par_1_18' title="bbox 1219 1548 1445 1604">
     <span class='ocr_line' id='line_1_18' title="bbox 1219 1548 1445 1604; baseline -0.009 0"><span class='ocrx_word' id='word_1_94' title='bbox 1219 1548 1445 1604; x_wconf 82' lang='lat' dir='ltr'><strong>Salutio.</strong></span> 
     </span>
    </p>
   </div>
   <div class='ocr_carea' id='block_1_19' title="bbox 573 1641 2087 1717">
    <p class='ocr_par' dir='ltr' id='par_1_19' title="bbox 573 1641 2087 1717">
     <span class='ocr_line' id='line_1_19' title="bbox 573 1641 2087 1717; baseline -0.006 -13"><span class='ocrx_word' id='word_1_95' title='bbox 573 1649 713 1717; x_wconf 83' lang='lat' dir='ltr'><strong>Quia</strong></span> <span class='ocrx_word' id='word_1_96' title='bbox 743 1660 912 1717; x_wconf 85' lang='lat' dir='ltr'><strong>super</strong></span> <span class='ocrx_word' id='word_1_97' title='bbox 938 1644 1123 1700; x_wconf 90' lang='lat' dir='ltr'><strong>omnia</strong></span> <span class='ocrx_word' id='word_1_98' title='bbox 1147 1642 1406 1698; x_wconf 88' lang='lat' dir='ltr'><strong>mandata</strong></span> <span class='ocrx_word' id='word_1_99' title='bbox 1425 1684 1440 1709; x_wconf 96' lang='lat'><strong>,</strong></span> <span class='ocrx_word' id='word_1_100' title='bbox 1487 1641 1710 1696; x_wconf 87' lang='lat' dir='ltr'><strong>Christo</strong></span> <span class='ocrx_word' id='word_1_101' title='bbox 1741 1648 1891 1712; x_wconf 83' lang='lat' dir='ltr'><strong>grata</strong></span> <span class='ocrx_word' id='word_1_102' title='bbox 1925 1656 2087 1695; x_wconf 85' lang='lat' dir='ltr'><strong>acce-</strong></span> 
     </span>
    </p>
   </div>
   <div class='ocr_carea' id='block_1_20' title="bbox 505 1733 2090 1813">
    <p class='ocr_par' dir='ltr' id='par_1_20' title="bbox 505 1733 2090 1813">
     <span class='ocr_line' id='line_1_20' title="bbox 505 1733 2090 1813; baseline -0.008 -15"><span class='ocrx_word' id='word_1_103' title='bbox 505 1751 707 1813; x_wconf 88' lang='lat' dir='ltr'><strong>ptaque</strong></span> <span class='ocrx_word' id='word_1_104' title='bbox 741 1746 861 1794; x_wconf 89' lang='lat' dir='ltr'><strong>erat</strong></span> <span class='ocrx_word' id='word_1_105' title='bbox 898 1736 1201 1800; x_wconf 82' lang='lat' dir='ltr'><strong>humilitas,</strong></span> <span class='ocrx_word' id='word_1_106' title='bbox 1239 1744 1298 1789; x_wconf 92' lang='lat' dir='ltr'><strong>ut</strong></span> <span class='ocrx_word' id='word_1_107' title='bbox 1322 1736 1417 1804; x_wconf 89' lang='lat' dir='ltr'><strong>qui</strong></span> <span class='ocrx_word' id='word_1_108' title='bbox 1448 1749 1568 1789; x_wconf 88' lang='lat' dir='ltr'><strong>eam</strong></span> <span class='ocrx_word' id='word_1_109' title='bbox 1599 1742 1654 1788; x_wconf 90' lang='lat' dir='ltr'><strong>et</strong></span> <span class='ocrx_word' id='word_1_110' title='bbox 1684 1733 1946 1803; x_wconf 88' lang='lat' dir='ltr'><strong>operibus</strong></span> <span class='ocrx_word' id='word_1_111' title='bbox 1990 1733 2090 1787; x_wconf 84' lang='lat' dir='ltr'><strong>de-</strong></span> 
     </span>
    </p>
   </div>
   <div class='ocr_carea' id='block_1_21' title="bbox 2194 631 3156 705">
    <p class='ocr_par' dir='ltr' id='par_1_21' title="bbox 2194 631 3156 705">
     <span class='ocr_line' id='line_1_21' title="bbox 2194 631 3156 705; baseline 0.005 -23"><span class='ocrx_word' id='word_1_112' title='bbox 2194 631 2335 701; x_wconf 84' lang='grc' dir='ltr'>μετὰ</span> <span class='ocrx_word' id='word_1_113' title='bbox 2353 632 2451 703; x_wconf 80' lang='grc' dir='ltr'>τὴν</span> <span class='ocrx_word' id='word_1_114' title='bbox 2481 632 2574 685; x_wconf 87' lang='grc' dir='ltr'><strong>τοῦ</strong></span> <span class='ocrx_word' id='word_1_115' title='bbox 2604 631 2821 703; x_wconf 79' lang='grc' dir='ltr'>ψωμίου</span> <span class='ocrx_word' id='word_1_116' title='bbox 2861 632 3156 705; x_wconf 80' lang='grc' dir='ltr'>ὑποδοχήν.</span> 
     </span>
    </p>
   </div>
   <div class='ocr_carea' id='block_1_22' title="bbox 2843 727 3111 794">
    <p class='ocr_par' dir='ltr' id='par_1_22' title="bbox 2843 727 3111 794">
     <span class='ocr_line' id='line_1_22' title="bbox 2843 727 3111 794; baseline 0.011 -16"><span class='ocrx_word' id='word_1_117' title='bbox 2843 727 2899 779; x_wconf 83' lang='grc' dir='ltr'><em>Ἀ</em></span> <span class='ocrx_word' id='word_1_118' title='bbox 2909 727 3111 794; x_wconf 82' lang='grc' dir='ltr'>πορία.</span> 
     </span>
    </p>
   </div>
   <div class='ocr_carea' id='block_1_23' title="bbox 2256 817 3791 894">
    <p class='ocr_par' dir='ltr' id='par_1_23' title="bbox 2256 817 3791 894">
     <span class='ocr_line' id='line_1_23' title="bbox 2256 817 3791 894; baseline 0.007 -24"><span class='ocrx_word' id='word_1_119' title='bbox 2256 817 2378 882; x_wconf 88' lang='grc' dir='ltr'>Πῶς</span> <span class='ocrx_word' id='word_1_120' title='bbox 2409 820 2436 872; x_wconf 87' lang='grc' dir='ltr'>ὁ</span> <span class='ocrx_word' id='word_1_121' title='bbox 2471 820 2687 883; x_wconf 79' lang='grc' dir='ltr'><strong>Λουκᾶς</strong></span> <span class='ocrx_word' id='word_1_122' title='bbox 2719 819 2790 872; x_wconf 83' lang='grc' dir='ltr'><strong>τά</strong></span> <span class='ocrx_word' id='word_1_123' title='bbox 2819 820 2925 891; x_wconf 78' lang='grc' dir='ltr'><strong>πρὸ</strong></span> <span class='ocrx_word' id='word_1_124' title='bbox 2952 820 3089 873; x_wconf 86' lang='grc' dir='ltr'>πολὺ</span> <span class='ocrx_word' id='word_1_125' title='bbox 3124 820 3216 874; x_wconf 87' lang='grc' dir='ltr'><strong>τοῦ</strong></span> <span class='ocrx_word' id='word_1_126' title='bbox 3275 821 3492 876; x_wconf 66' lang='grc' dir='ltr'>δείπνου</span> <span class='ocrx_word' id='word_1_127' title='bbox 3519 825 3791 894; x_wconf 81' lang='grc' dir='ltr'>γινόμενα</span> 
     </span>
    </p>
   </div>
   <div class='ocr_carea' id='block_1_24' title="bbox 2190 909 3786 988">
    <p class='ocr_par' dir='ltr' id='par_1_24' title="bbox 2190 909 3786 988">
     <span class='ocr_line' id='line_1_24' title="bbox 2190 909 3786 988; baseline 0.006 -27"><span class='ocrx_word' id='word_1_128' title='bbox 2190 909 2480 981; x_wconf 86' lang='grc' dir='ltr'>πρότερον,</span> <span class='ocrx_word' id='word_1_129' title='bbox 2509 910 2628 963; x_wconf 77' lang='grc' dir='ltr'>ἔνια</span> <span class='ocrx_word' id='word_1_130' title='bbox 2672 911 2730 964; x_wconf 81' lang='grc' dir='ltr'>δὲ</span> <span class='ocrx_word' id='word_1_131' title='bbox 2755 912 2850 965; x_wconf 74' lang='grc' dir='ltr'>καὶ</span> <span class='ocrx_word' id='word_1_132' title='bbox 2877 911 3106 983; x_wconf 75' lang='grc' dir='ltr'>ὕστερον</span> <span class='ocrx_word' id='word_1_133' title='bbox 3155 913 3230 977; x_wconf 82' lang='grc' dir='ltr'><strong>ὡς</strong></span> <span class='ocrx_word' id='word_1_134' title='bbox 3258 915 3318 966; x_wconf 72' lang='grc' dir='ltr'>ὲν</span> <span class='ocrx_word' id='word_1_135' title='bbox 3343 913 3421 985; x_wconf 83' lang='grc' dir='ltr'>τῷ</span> <span class='ocrx_word' id='word_1_136' title='bbox 3450 914 3657 988; x_wconf 83' lang='grc' dir='ltr'><strong>δείπνῳ</strong></span> <span class='ocrx_word' id='word_1_137' title='bbox 3693 936 3786 987; x_wconf 76' lang='grc' dir='ltr'><strong>γε·</strong></span> 
     </span>
    </p>
   </div>
   <div class='ocr_carea' id='block_1_25' title="bbox 2189 1001 3791 1080">
    <p class='ocr_par' dir='ltr' id='par_1_25' title="bbox 2189 1001 3791 1080">
     <span class='ocr_line' id='line_1_25' title="bbox 2189 1001 3791 1080; baseline 0.007 -28"><span class='ocrx_word' id='word_1_138' title='bbox 2189 1001 2387 1070; x_wconf 83' lang='grc' dir='ltr'>γονὸτα</span> <span class='ocrx_word' id='word_1_139' title='bbox 2412 1002 2687 1055; x_wconf 75' lang='grc' dir='ltr'><strong>ἐκτίθεται</strong></span> <span class='ocrx_word' id='word_1_140' title='bbox 2712 1019 2725 1033; x_wconf 68' lang='grc'><strong><em>⁸</em></strong></span> <span class='ocrx_word' id='word_1_141' title='bbox 2759 1004 2857 1056; x_wconf 79' lang='grc' dir='ltr'>ὅσα</span> <span class='ocrx_word' id='word_1_142' title='bbox 2878 1007 2988 1068; x_wconf 86' lang='grc' dir='ltr'>τοῖς</span> <span class='ocrx_word' id='word_1_143' title='bbox 3011 1005 3333 1068; x_wconf 78' lang='grc' dir='ltr'><strong>ἀποστόλοις</strong></span> <span class='ocrx_word' id='word_1_144' title='bbox 3354 1005 3629 1078; x_wconf 80' lang='grc' dir='ltr'><strong>διελέχθη,</strong></span> <span class='ocrx_word' id='word_1_145' title='bbox 3659 1027 3725 1063; x_wconf 90' lang='grc' dir='ltr'><strong>πε</strong></span> <span class='ocrx_word' id='word_1_146' title='bbox 3735 1011 3791 1080; x_wconf 68' lang='lat' dir='ltr'><strong>pl.</strong></span> 
     </span>
    </p>
   </div>
   <div class='ocr_carea' id='block_1_26' title="bbox 2190 1091 3785 1171">
    <p class='ocr_par' dir='ltr' id='par_1_26' title="bbox 2190 1091 3785 1171">
     <span class='ocr_line' id='line_1_26' title="bbox 2190 1091 3785 1171; baseline 0.006 -27"><span class='ocrx_word' id='word_1_147' title='bbox 2190 1091 2286 1145; x_wconf 84' lang='grc' dir='ltr'><strong>τοῦ</strong></span> <span class='ocrx_word' id='word_1_148' title='bbox 2320 1093 2395 1163; x_wconf 86' lang='grc' dir='ltr'>μὴ</span> <span class='ocrx_word' id='word_1_149' title='bbox 2427 1093 2538 1145; x_wconf 87' lang='grc' dir='ltr'>δεῖν</span> <span class='ocrx_word' id='word_1_150' title='bbox 2569 1094 2701 1166; x_wconf 74' lang='grc' dir='ltr'>περὶ</span> <span class='ocrx_word' id='word_1_151' title='bbox 2726 1095 3014 1167; x_wconf 73' lang='grc' dir='ltr'><strong>πρωτείων</strong></span> <span class='ocrx_word' id='word_1_152' title='bbox 3043 1096 3399 1166; x_wconf 59' lang='grc' dir='ltr'>φιλονεικεῖν</span> <span class='ocrx_word' id='word_1_153' title='bbox 3448 1100 3542 1152; x_wconf 85' lang='grc' dir='ltr'>καὶ</span> <span class='ocrx_word' id='word_1_154' title='bbox 3570 1100 3671 1153; x_wconf 84' lang='grc' dir='ltr'>ὅσα</span> <span class='ocrx_word' id='word_1_155' title='bbox 3702 1102 3785 1171; x_wconf 84' lang='grc' dir='ltr'>τῷ</span> 
     </span>
    </p>
   </div>
   <div class='ocr_carea' id='block_1_27' title="bbox 2190 1185 3791 1262">
    <p class='ocr_par' dir='ltr' id='par_1_27' title="bbox 2190 1185 3791 1262">
     <span class='ocr_line' id='line_1_27' title="bbox 2190 1185 3791 1262; baseline 0.004 -22"><span class='ocrx_word' id='word_1_156' title='bbox 2190 1186 2385 1257; x_wconf 81' lang='grc' dir='ltr'><strong>Πέτρῳ</strong></span> <span class='ocrx_word' id='word_1_157' title='bbox 2445 1189 2840 1258; x_wconf 75' lang='grc' dir='ltr'><strong>προαγορεύων</strong></span> <span class='ocrx_word' id='word_1_158' title='bbox 2872 1189 2972 1259; x_wconf 82' lang='grc' dir='ltr'>τὴν</span> <span class='ocrx_word' id='word_1_159' title='bbox 3001 1188 3233 1259; x_wconf 78' lang='grc' dir='ltr'><strong>ἄρνησιν</strong></span> <span class='ocrx_word' id='word_1_160' title='bbox 3276 1185 3351 1243; x_wconf 84' lang='grc' dir='ltr'><strong>ὧν</strong></span> <span class='ocrx_word' id='word_1_161' title='bbox 3370 1189 3433 1243; x_wconf 83' lang='grc' dir='ltr'><strong>τὺ</strong></span> <span class='ocrx_word' id='word_1_162' title='bbox 3465 1192 3566 1262; x_wconf 79' lang='grc' dir='ltr'>μὲν</span> <span class='ocrx_word' id='word_1_163' title='bbox 3588 1193 3791 1262; x_wconf 66' lang='grc' dir='ltr'>πρότεσ</span> 
     </span>
    </p>
   </div>
   <div class='ocr_carea' id='block_1_28' title="bbox 2193 1279 3787 1358">
    <p class='ocr_par' dir='ltr' id='par_1_28' title="bbox 2193 1279 3787 1358">
     <span class='ocr_line' id='line_1_28' title="bbox 2193 1279 3787 1358; baseline 0.006 -27"><span class='ocrx_word' id='word_1_164' title='bbox 2193 1295 2286 1349; x_wconf 88' lang='grc' dir='ltr'><strong>ρον</strong></span> <span class='ocrx_word' id='word_1_165' title='bbox 2311 1279 2419 1350; x_wconf 80' lang='grc' dir='ltr'>πρὸ</span> <span class='ocrx_word' id='word_1_166' title='bbox 2442 1279 2639 1333; x_wconf 84' lang='grc' dir='ltr'>πολλοῦ</span> <span class='ocrx_word' id='word_1_167' title='bbox 2685 1281 2777 1335; x_wconf 85' lang='grc' dir='ltr'><strong>τοῦ</strong></span> <span class='ocrx_word' id='word_1_168' title='bbox 2812 1281 3031 1335; x_wconf 75' lang='grc' dir='ltr'>δείπνου</span> <span class='ocrx_word' id='word_1_169' title='bbox 3073 1282 3357 1343; x_wconf 82' lang='grc' dir='ltr'>Ματθαῖος</span> <span class='ocrx_word' id='word_1_170' title='bbox 3406 1286 3501 1337; x_wconf 67' lang='grc' dir='ltr'>καὶ</span> <span class='ocrx_word' id='word_1_171' title='bbox 3556 1287 3787 1358; x_wconf 86' lang='grc' dir='ltr'>Μάρκος</span> 
     </span>
    </p>
   </div>
   <div class='ocr_carea' id='block_1_29' title="bbox 2188 1372 3784 1449">
    <p class='ocr_par' dir='ltr' id='par_1_29' title="bbox 2188 1372 3784 1449">
     <span class='ocr_line' id='line_1_29' title="bbox 2188 1372 3784 1449; baseline 0.004 -25"><span class='ocrx_word' id='word_1_172' title='bbox 2188 1372 2340 1442; x_wconf 79' lang='grc' dir='ltr'>ἡμᾶς</span> <span class='ocrx_word' id='word_1_173' title='bbox 2370 1372 2616 1437; x_wconf 72' lang='grc' dir='ltr'>ἐδίδαξαν</span> <span class='ocrx_word' id='word_1_174' title='bbox 2635 1389 2650 1403; x_wconf 78' lang='grc'><strong><em>⁸</em></strong></span> <span class='ocrx_word' id='word_1_175' title='bbox 2691 1372 2751 1427; x_wconf 79' lang='grc' dir='ltr'>τὸ</span> <span class='ocrx_word' id='word_1_176' title='bbox 2774 1374 3027 1447; x_wconf 83' lang='grc' dir='ltr'>δεύτερον</span> <span class='ocrx_word' id='word_1_177' title='bbox 3052 1376 3107 1429; x_wconf 80' lang='grc' dir='ltr'>δὲ</span> <span class='ocrx_word' id='word_1_178' title='bbox 3141 1376 3281 1446; x_wconf 82' lang='grc' dir='ltr'>μετὰ</span> <span class='ocrx_word' id='word_1_179' title='bbox 3319 1375 3380 1429; x_wconf 87' lang='grc' dir='ltr'>τὸ</span> <span class='ocrx_word' id='word_1_180' title='bbox 3408 1376 3650 1443; x_wconf 84' lang='grc' dir='ltr'>δεῖπνον,</span> <span class='ocrx_word' id='word_1_181' title='bbox 3682 1379 3784 1449; x_wconf 73' lang='grc' dir='ltr'>ἤδη</span> 
     </span>
    </p>
   </div>
   <div class='ocr_carea' id='block_1_30' title="bbox 2190 1464 3228 1540">
    <p class='ocr_par' dir='ltr' id='par_1_30' title="bbox 2190 1464 3228 1540">
     <span class='ocr_line' id='line_1_30' title="bbox 2190 1464 3228 1540; baseline 0.006 -22"><span class='ocrx_word' id='word_1_182' title='bbox 2190 1464 2284 1518; x_wconf 87' lang='grc' dir='ltr'><strong>τοῦ</strong></span> <span class='ocrx_word' id='word_1_183' title='bbox 2309 1464 2486 1536; x_wconf 86' lang='grc' dir='ltr'>Ἰησοῦ</span> <span class='ocrx_word' id='word_1_184' title='bbox 2512 1464 2649 1537; x_wconf 71' lang='grc' dir='ltr'>πρὸς</span> <span class='ocrx_word' id='word_1_185' title='bbox 2677 1468 2738 1519; x_wconf 65' lang='grc' dir='ltr'><strong>τὸ</strong></span> <span class='ocrx_word' id='word_1_186' title='bbox 2761 1467 2888 1540; x_wconf 74' lang='grc' dir='ltr'>ὅρος</span> <span class='ocrx_word' id='word_1_187' title='bbox 2913 1468 3191 1534; x_wconf 74' lang='grc' dir='ltr'>ὀδεύοντος</span> <span class='ocrx_word' id='word_1_188' title='bbox 3213 1487 3228 1537; x_wconf 89' lang='grc'><strong>;</strong></span> 
     </span>
    </p>
   </div>
   <div class='ocr_carea' id='block_1_31' title="bbox 2863 1562 3074 1628">
    <p class='ocr_par' dir='ltr' id='par_1_31' title="bbox 2863 1562 3074 1628">
     <span class='ocr_line' id='line_1_31' title="bbox 2863 1562 3074 1628; baseline 0 -13"><span class='ocrx_word' id='word_1_189' title='bbox 2863 1562 3074 1628; x_wconf 84' lang='grc' dir='ltr'>Λύσις.</span> 
     </span>
    </p>
   </div>
   <div class='ocr_carea' id='block_1_32' title="bbox 2260 1648 3786 1721">
    <p class='ocr_par' dir='ltr' id='par_1_32' title="bbox 2260 1648 3786 1721">
     <span class='ocr_line' id='line_1_32' title="bbox 2260 1648 3786 1721; baseline 0.005 -21"><span class='ocrx_word' id='word_1_190' title='bbox 2260 1648 2479 1721; x_wconf 83' lang='grc' dir='ltr'>Ἐπειδὴ</span> <span class='ocrx_word' id='word_1_191' title='bbox 2511 1648 2662 1720; x_wconf 70' lang='grc' dir='ltr'>παρὰ</span> <span class='ocrx_word' id='word_1_192' title='bbox 2683 1648 2865 1710; x_wconf 82' lang='grc' dir='ltr'>πάσας</span> <span class='ocrx_word' id='word_1_193' title='bbox 2896 1650 2994 1712; x_wconf 84' lang='grc' dir='ltr'><strong>τὰς</strong></span> <span class='ocrx_word' id='word_1_194' title='bbox 3028 1651 3269 1716; x_wconf 75' lang='grc' dir='ltr'>ἐντολάς,</span> <span class='ocrx_word' id='word_1_195' title='bbox 3308 1654 3786 1721; x_wconf 83' lang='grc' dir='ltr'><strong>περισπούδαστος</strong></span> 
     </span>
    </p>
   </div>
   <div class='ocr_carea' id='block_1_33' title="bbox 2189 1739 3786 1819">
    <p class='ocr_par' dir='ltr' id='par_1_33' title="bbox 2189 1739 3786 1819">
     <span class='ocr_line' id='line_1_33' title="bbox 2189 1739 3786 1819; baseline 0.004 -27"><span class='ocrx_word' id='word_1_196' title='bbox 2189 1739 2267 1811; x_wconf 80' lang='grc' dir='ltr'>τῷ</span> <span class='ocrx_word' id='word_1_197' title='bbox 2298 1740 2518 1811; x_wconf 83' lang='grc' dir='ltr'>Χριστῷ</span> <span class='ocrx_word' id='word_1_198' title='bbox 2547 1742 3096 1815; x_wconf 78' lang='grc' dir='ltr'>ήταπεινοφροσύνη,</span> <span class='ocrx_word' id='word_1_199' title='bbox 3125 1743 3200 1807; x_wconf 82' lang='grc' dir='ltr'>ὡς</span> <span class='ocrx_word' id='word_1_200' title='bbox 3234 1744 3328 1797; x_wconf 72' lang='grc' dir='ltr'>καὶ</span> <span class='ocrx_word' id='word_1_201' title='bbox 3357 1744 3443 1797; x_wconf 85' lang='grc' dir='ltr'>διὰ</span> <span class='ocrx_word' id='word_1_202' title='bbox 3466 1745 3575 1800; x_wconf 91' lang='grc' dir='ltr'><strong>τῶν</strong></span> <span class='ocrx_word' id='word_1_203' title='bbox 3607 1746 3786 1819; x_wconf 76' lang='grc' dir='ltr'>ἔργων</span> 
     </span>
    </p>
   </div>
   <div class='ocr_carea' id='block_1_34' title="bbox 504 1816 2093 1907">
    <p class='ocr_par' dir='ltr' id='par_1_34' title="bbox 504 1825 2087 1899">
     <span class='ocr_line' id='line_1_34' title="bbox 504 1825 2087 1899; baseline -0.008 -11"><span class='ocrx_word' id='word_1_204' title='bbox 504 1838 860 1895; x_wconf 85' lang='lat' dir='ltr'><strong>monstraret,</strong></span> <span class='ocrx_word' id='word_1_205' title='bbox 884 1843 1028 1899; x_wconf 68' lang='lat' dir='ltr'><strong>saepe</strong></span> <span class='ocrx_word' id='word_1_206' title='bbox 1076 1828 1142 1882; x_wconf 93' lang='lat' dir='ltr'><strong>de</strong></span> <span class='ocrx_word' id='word_1_207' title='bbox 1190 1826 1280 1881; x_wconf 88' lang='lat' dir='ltr'><strong>illa</strong></span> <span class='ocrx_word' id='word_1_208' title='bbox 1326 1826 1394 1880; x_wconf 91' lang='lat' dir='ltr'><strong>ad</strong></span> <span class='ocrx_word' id='word_1_209' title='bbox 1438 1825 1738 1895; x_wconf 88' lang='lat' dir='ltr'><strong>discipulos</strong></span> <span class='ocrx_word' id='word_1_210' title='bbox 1776 1838 2087 1879; x_wconf 86' lang='lat' dir='ltr'><strong>sermonem</strong></span> 
     </span>
    </p>
   </div>
   <div class='ocr_carea' id='block_1_35' title="bbox 2199 1816 3790 1907">
    <p class='ocr_par' dir='ltr' id='par_1_35' title="bbox 2199 1816 3790 1907">
     <span class='ocr_line' id='line_1_35' title="bbox 2199 1816 3790 1907; baseline 0.003 -20"><span class='ocrx_word' id='word_1_211' title='bbox 2199 1833 2362 1906; x_wconf 78' lang='grc' dir='ltr'>αὐτὴν</span> <span class='ocrx_word' id='word_1_212' title='bbox 2396 1833 2781 1905; x_wconf 83' lang='grc' dir='ltr'>ὲνδειξαμένῳ,</span> <span class='ocrx_word' id='word_1_213' title='bbox 2810 1835 3075 1899; x_wconf 82' lang='grc' dir='ltr'><strong>πολλάκις</strong></span> <span class='ocrx_word' id='word_1_214' title='bbox 3107 1837 3236 1906; x_wconf 77' lang='grc' dir='ltr'>περὶ</span> <span class='ocrx_word' id='word_1_215' title='bbox 3266 1837 3442 1907; x_wconf 76' lang='grc' dir='ltr'>αὐτῆς</span> <span class='ocrx_word' id='word_1_216' title='bbox 3468 1839 3582 1902; x_wconf 84' lang='grc' dir='ltr'>τοῖς</span> <span class='ocrx_word' id='word_1_217' title='bbox 3616 1816 3790 1907; x_wconf 81' lang='grc' dir='ltr'>μαθη-</span> 
     </span>
    </p>
   </div>
   <div class='ocr_carea' id='block_1_36' title="bbox 509 1916 2090 1982">
    <p class='ocr_par' dir='ltr' id='par_1_36' title="bbox 509 1916 2090 1982">
     <span class='ocr_line' id='line_1_36' title="bbox 509 1916 2090 1982; baseline -0.007 -2"><span class='ocrx_word' id='word_1_218' title='bbox 509 1924 722 1981; x_wconf 85' lang='lat' dir='ltr'><strong>hahuit.</strong></span> <span class='ocrx_word' id='word_1_219' title='bbox 758 1922 944 1976; x_wconf 86' lang='lat' dir='ltr'><strong>Primo</strong></span> <span class='ocrx_word' id='word_1_220' title='bbox 976 1924 1031 1974; x_wconf 87' lang='lat' dir='ltr'><strong>in</strong></span> <span class='ocrx_word' id='word_1_221' title='bbox 1071 1917 1509 1973; x_wconf 84' lang='lat' dir='ltr'><strong>beatitudinibus</strong></span> <span class='ocrx_word' id='word_1_222' title='bbox 1537 1957 1552 1982; x_wconf 92' lang='lat'><strong>,</strong></span> <span class='ocrx_word' id='word_1_223' title='bbox 1590 1927 1703 1971; x_wconf 87' lang='lat' dir='ltr'><strong>tum</strong></span> <span class='ocrx_word' id='word_1_224' title='bbox 1736 1916 1941 1982; x_wconf 86' lang='lat' dir='ltr'><strong>semel,</strong></span> <span class='ocrx_word' id='word_1_225' title='bbox 1976 1924 2090 1969; x_wconf 89' lang='lat' dir='ltr'><strong>tum</strong></span> 
     </span>
    </p>
   </div>
   <div class='ocr_carea' id='block_1_37' title="bbox 405 2006 2093 2081">
    <p class='ocr_par' dir='ltr' id='par_1_37' title="bbox 405 2006 2093 2081">
     <span class='ocr_line' id='line_1_37' title="bbox 405 2006 2093 2081; baseline -0.007 -10"><span class='ocrx_word' id='word_1_226' title='bbox 405 2047 416 2060; x_wconf 69' lang='grc' dir='ltr'><strong>ο</strong></span> <span class='ocrx_word' id='word_1_227' title='bbox 505 2015 593 2070; x_wconf 84' lang='lat' dir='ltr'><strong>his</strong></span> <span class='ocrx_word' id='word_1_228' title='bbox 614 2016 655 2046; x_wconf 83' lang='lat'>&quot;</span> <span class='ocrx_word' id='word_1_229' title='bbox 686 2030 703 2080; x_wconf 90' lang='lat'><strong>;</strong></span> <span class='ocrx_word' id='word_1_230' title='bbox 746 2012 948 2069; x_wconf 90' lang='lat' dir='ltr'><strong>deinde</strong></span> <span class='ocrx_word' id='word_1_231' title='bbox 989 2010 1212 2081; x_wconf 83' lang='lat' dir='ltr'><strong>quando</strong></span> <span class='ocrx_word' id='word_1_232' title='bbox 1243 2009 1521 2079; x_wconf 83' lang='lat' dir='ltr'><strong>petierunt</strong></span> <span class='ocrx_word' id='word_1_233' title='bbox 1551 2007 1648 2062; x_wconf 80' lang='lat' dir='ltr'><strong>lilii</strong></span> <span class='ocrx_word' id='word_1_234' title='bbox 1678 2006 1930 2062; x_wconf 75' lang='lat' dir='ltr'><strong>Zebedzei</strong></span> <span class='ocrx_word' id='word_1_235' title='bbox 1958 2047 1973 2074; x_wconf 90' lang='lat'><strong>,</strong></span> <span class='ocrx_word' id='word_1_236' title='bbox 2031 2014 2093 2060; x_wconf 87' lang='lat' dir='ltr'><strong>ut</strong></span> 
     </span>
    </p>
   </div>
   <div class='ocr_carea' id='block_1_38' title="bbox 505 2097 2093 2164">
    <p class='ocr_par' dir='ltr' id='par_1_38' title="bbox 505 2097 2093 2164">
     <span class='ocr_line' id='line_1_38' title="bbox 505 2097 2093 2164; baseline -0.007 -2"><span class='ocrx_word' id='word_1_237' title='bbox 505 2108 573 2161; x_wconf 86' lang='lat' dir='ltr'><strong>ad</strong></span> <span class='ocrx_word' id='word_1_238' title='bbox 607 2106 892 2162; x_wconf 77' lang='lat' dir='ltr'><strong>dexteram</strong></span> <span class='ocrx_word' id='word_1_239' title='bbox 919 2113 975 2158; x_wconf 85' lang='lat' dir='ltr'><strong>et</strong></span> <span class='ocrx_word' id='word_1_240' title='bbox 1004 2103 1071 2156; x_wconf 88' lang='lat' dir='ltr'><strong>ad</strong></span> <span class='ocrx_word' id='word_1_241' title='bbox 1111 2102 1389 2156; x_wconf 78' lang='lat' dir='ltr'><strong>sinistram</strong></span> <span class='ocrx_word' id='word_1_242' title='bbox 1423 2099 1566 2154; x_wconf 85' lang='lat' dir='ltr'><strong>illius</strong></span> <span class='ocrx_word' id='word_1_243' title='bbox 1591 2099 1846 2154; x_wconf 83' lang='lat' dir='ltr'><strong>sederent</strong></span> <span class='ocrx_word' id='word_1_244' title='bbox 1874 2098 1917 2131; x_wconf 81' lang='lat'>&quot;</span> <span class='ocrx_word' id='word_1_245' title='bbox 1949 2114 1964 2164; x_wconf 91' lang='lat'><strong>;</strong></span> <span class='ocrx_word' id='word_1_246' title='bbox 1998 2097 2093 2152; x_wconf 82' lang='lat' dir='ltr'><strong>ad-</strong></span> 
     </span>
    </p>
   </div>
   <div class='ocr_carea' id='block_1_39' title="bbox 507 2190 2091 2263">
    <p class='ocr_par' dir='ltr' id='par_1_39' title="bbox 507 2190 2091 2263">
     <span class='ocr_line' id='line_1_39' title="bbox 507 2190 2091 2263; baseline -0.006 -9"><span class='ocrx_word' id='word_1_247' title='bbox 507 2200 624 2254; x_wconf 81' lang='lat' dir='ltr'><strong>haec</strong></span> <span class='ocrx_word' id='word_1_248' title='bbox 651 2199 709 2253; x_wconf 92' lang='lat' dir='ltr'><strong>in</strong></span> <span class='ocrx_word' id='word_1_249' title='bbox 740 2212 919 2257; x_wconf 64' lang='lat' dir='ltr'><strong>coena,</strong></span> <span class='ocrx_word' id='word_1_250' title='bbox 949 2209 1101 2259; x_wconf 90' lang='lat' dir='ltr'><strong>cum,</strong></span> <span class='ocrx_word' id='word_1_251' title='bbox 1142 2194 1223 2248; x_wconf 88' lang='lat' dir='ltr'><strong>uti</strong></span> <span class='ocrx_word' id='word_1_252' title='bbox 1254 2208 1352 2263; x_wconf 91' lang='lat' dir='ltr'><strong>par</strong></span> <span class='ocrx_word' id='word_1_253' title='bbox 1375 2202 1484 2258; x_wconf 88' lang='lat' dir='ltr'><strong>est,</strong></span> <span class='ocrx_word' id='word_1_254' title='bbox 1520 2193 1818 2261; x_wconf 87' lang='lat' dir='ltr'><strong>discipulos</strong></span> <span class='ocrx_word' id='word_1_255' title='bbox 1846 2190 1912 2245; x_wconf 92' lang='lat' dir='ltr'><strong>ad</strong></span> <span class='ocrx_word' id='word_1_256' title='bbox 1936 2205 2091 2245; x_wconf 83' lang='lat' dir='ltr'><strong>amo—</strong></span> 
     </span>
    </p>
   </div>
   <div class='ocr_carea' id='block_1_40' title="bbox 506 2281 2090 2360">
    <p class='ocr_par' dir='ltr' id='par_1_40' title="bbox 506 2281 2090 2360">
     <span class='ocr_line' id='line_1_40' title="bbox 506 2281 2090 2360; baseline -0.006 -16"><span class='ocrx_word' id='word_1_257' title='bbox 506 2306 623 2346; x_wconf 88' lang='lat' dir='ltr'><strong>rem</strong></span> <span class='ocrx_word' id='word_1_258' title='bbox 651 2288 998 2360; x_wconf 89' lang='lat' dir='ltr'><strong>principatus</strong></span> <span class='ocrx_word' id='word_1_259' title='bbox 1028 2285 1363 2342; x_wconf 88' lang='lat' dir='ltr'><strong>concitasset</strong></span> <span class='ocrx_word' id='word_1_260' title='bbox 1406 2283 1561 2339; x_wconf 64' lang='lat' dir='ltr'><strong>Judae</strong></span> <span class='ocrx_word' id='word_1_261' title='bbox 1601 2283 1886 2339; x_wconf 87' lang='lat' dir='ltr'><strong>temeritas</strong></span> <span class='ocrx_word' id='word_1_262' title='bbox 1915 2323 1930 2347; x_wconf 87' lang='lat'><strong>,</strong></span> <span class='ocrx_word' id='word_1_263' title='bbox 1994 2281 2090 2352; x_wconf 90' lang='lat' dir='ltr'><strong>qui</strong></span> 
     </span>
    </p>
   </div>
   <div class='ocr_carea' id='block_1_41' title="bbox 507 2378 2091 2451">
    <p class='ocr_par' dir='ltr' id='par_1_41' title="bbox 507 2378 2091 2451">
     <span class='ocr_line' id='line_1_41' title="bbox 507 2378 2091 2451; baseline -0.006 -10"><span class='ocrx_word' id='word_1_264' title='bbox 507 2400 733 2441; x_wconf 88' lang='lat' dir='ltr'><strong>manum</strong></span> <span class='ocrx_word' id='word_1_265' title='bbox 758 2399 914 2440; x_wconf 87' lang='lat' dir='ltr'><strong>suam</strong></span> <span class='ocrx_word' id='word_1_266' title='bbox 956 2398 1082 2437; x_wconf 89' lang='lat' dir='ltr'><strong>cum</strong></span> <span class='ocrx_word' id='word_1_267' title='bbox 1115 2381 1342 2437; x_wconf 90' lang='lat' dir='ltr'><strong>Domino</strong></span> <span class='ocrx_word' id='word_1_268' title='bbox 1373 2380 1644 2451; x_wconf 83' lang='lat' dir='ltr'><strong>intingere</strong></span> <span class='ocrx_word' id='word_1_269' title='bbox 1682 2381 1737 2432; x_wconf 90' lang='lat' dir='ltr'><strong>in</strong></span> <span class='ocrx_word' id='word_1_270' title='bbox 1772 2378 1955 2433; x_wconf 85' lang='lat' dir='ltr'><strong>catino</strong></span> <span class='ocrx_word' id='word_1_271' title='bbox 1989 2393 2091 2432; x_wconf 89' lang='lat' dir='ltr'><strong>au-</strong></span> 
     </span>
    </p>
   </div>
   <div class='ocr_carea' id='block_1_42' title="bbox 506 2467 2092 2533">
    <p class='ocr_par' dir='ltr' id='par_1_42' title="bbox 506 2467 2092 2533">
     <span class='ocr_line' id='line_1_42' title="bbox 506 2467 2092 2533; baseline -0.006 0"><span class='ocrx_word' id='word_1_272' title='bbox 506 2492 602 2533; x_wconf 78' lang='lat' dir='ltr'><strong>sus</strong></span> <span class='ocrx_word' id='word_1_273' title='bbox 632 2476 833 2531; x_wconf 80' lang='lat' dir='ltr'><strong>fuerat.</strong></span> <span class='ocrx_word' id='word_1_274' title='bbox 873 2473 1112 2529; x_wconf 87' lang='lat' dir='ltr'><strong>Proinde</strong></span> <span class='ocrx_word' id='word_1_275' title='bbox 1141 2472 1459 2527; x_wconf 85' lang='lat' dir='ltr'><strong>necessario</strong></span> <span class='ocrx_word' id='word_1_276' title='bbox 1485 2470 1776 2526; x_wconf 74' lang='lat' dir='ltr'><strong>Matthaaus</strong></span> <span class='ocrx_word' id='word_1_277' title='bbox 1802 2478 1857 2524; x_wconf 90' lang='lat' dir='ltr'><strong>et</strong></span> <span class='ocrx_word' id='word_1_278' title='bbox 1876 2467 2092 2524; x_wconf 84' lang='lat' dir='ltr'><strong>Marcus</strong></span> 
     </span>
    </p>
   </div>
   <div class='ocr_carea' id='block_1_43' title="bbox 509 2560 2092 2640">
    <p class='ocr_par' dir='ltr' id='par_1_43' title="bbox 509 2560 2092 2640">
     <span class='ocr_line' id='line_1_43' title="bbox 509 2560 2092 2640; baseline -0.007 -15"><span class='ocrx_word' id='word_1_279' title='bbox 509 2570 716 2640; x_wconf 88' lang='lat' dir='ltr'><strong>prima;</strong></span> <span class='ocrx_word' id='word_1_280' title='bbox 743 2582 867 2639; x_wconf 80' lang='lat' dir='ltr'><strong>quae</strong></span> <span class='ocrx_word' id='word_1_281' title='bbox 895 2582 1028 2623; x_wconf 88' lang='lat' dir='ltr'><strong>vero</strong></span> <span class='ocrx_word' id='word_1_282' title='bbox 1058 2566 1116 2621; x_wconf 92' lang='lat' dir='ltr'><strong>in</strong></span> <span class='ocrx_word' id='word_1_283' title='bbox 1145 2581 1302 2622; x_wconf 67' lang='lat' dir='ltr'><strong>coena</strong></span> <span class='ocrx_word' id='word_1_284' title='bbox 1328 2604 1344 2629; x_wconf 88' lang='lat'><strong>,</strong></span> <span class='ocrx_word' id='word_1_285' title='bbox 1395 2565 1611 2630; x_wconf 88' lang='lat' dir='ltr'><strong>Lucas;</strong></span> <span class='ocrx_word' id='word_1_286' title='bbox 1660 2563 1922 2625; x_wconf 85' lang='lat' dir='ltr'><strong>Joannes,</strong></span> <span class='ocrx_word' id='word_1_287' title='bbox 1955 2560 2092 2615; x_wconf 80' lang='lat' dir='ltr'><strong>acti-</strong></span> 
     </span>
    </p>
   </div>
   <div class='ocr_carea' id='block_1_44' title="bbox 508 2650 2092 2729">
    <p class='ocr_par' dir='ltr' id='par_1_44' title="bbox 508 2650 2092 2729">
     <span class='ocr_line' id='line_1_44' title="bbox 508 2650 2092 2729; baseline -0.006 -15"><span class='ocrx_word' id='word_1_288' title='bbox 508 2675 631 2714; x_wconf 90' lang='lat' dir='ltr'><strong>vam</strong></span> <span class='ocrx_word' id='word_1_289' title='bbox 661 2675 760 2729; x_wconf 86' lang='lat' dir='ltr'><strong>per</strong></span> <span class='ocrx_word' id='word_1_290' title='bbox 806 2656 1141 2728; x_wconf 90' lang='lat' dir='ltr'><strong>lavipedium</strong></span> <span class='ocrx_word' id='word_1_291' title='bbox 1167 2656 1208 2688; x_wconf 82' lang='grc'><strong>¹⁹</strong></span> <span class='ocrx_word' id='word_1_292' title='bbox 1237 2696 1253 2720; x_wconf 89' lang='grc'><strong>,</strong></span> <span class='ocrx_word' id='word_1_293' title='bbox 1286 2654 1503 2710; x_wconf 91' lang='lat' dir='ltr'><strong>Domini</strong></span> <span class='ocrx_word' id='word_1_294' title='bbox 1532 2654 1599 2709; x_wconf 91' lang='lat' dir='ltr'><strong>de</strong></span> <span class='ocrx_word' id='word_1_295' title='bbox 1635 2652 1946 2708; x_wconf 85' lang='lat' dir='ltr'><strong>humilitate</strong></span> <span class='ocrx_word' id='word_1_296' title='bbox 1991 2650 2092 2705; x_wconf 90' lang='lat' dir='ltr'><strong>do-</strong></span> 
     </span>
    </p>
   </div>
   <div class='ocr_carea' id='block_1_45' title="bbox 509 2743 2094 2820">
    <p class='ocr_par' dir='ltr' id='par_1_45' title="bbox 509 2743 2094 2820">
     <span class='ocr_line' id='line_1_45' title="bbox 509 2743 2094 2820; baseline -0.006 -13"><span class='ocrx_word' id='word_1_297' title='bbox 509 2753 763 2814; x_wconf 84' lang='lat' dir='ltr'><strong>ctrinam,</strong></span> <span class='ocrx_word' id='word_1_298' title='bbox 796 2757 1193 2820; x_wconf 83' lang='lat' dir='ltr'><strong>exposuerunt,</strong></span> <span class='ocrx_word' id='word_1_299' title='bbox 1231 2746 1513 2802; x_wconf 87' lang='lat' dir='ltr'><strong>derelictis</strong></span> <span class='ocrx_word' id='word_1_300' title='bbox 1542 2746 1610 2801; x_wconf 90' lang='lat' dir='ltr'><strong>iis</strong></span> <span class='ocrx_word' id='word_1_301' title='bbox 1638 2745 1840 2817; x_wconf 80' lang='lat' dir='ltr'><strong>singuli</strong></span> <span class='ocrx_word' id='word_1_302' title='bbox 1871 2759 1996 2815; x_wconf 66' lang='lat' dir='ltr'><strong>qum</strong></span> <span class='ocrx_word' id='word_1_303' title='bbox 2024 2743 2094 2798; x_wconf 84' lang='lat' dir='ltr'><strong>ab</strong></span> 
     </span>
    </p>
   </div>
   <div class='ocr_carea' id='block_1_46' title="bbox 509 2835 2093 2901">
    <p class='ocr_par' dir='ltr' id='par_1_46' title="bbox 509 2835 2093 2901">
     <span class='ocr_line' id='line_1_46' title="bbox 509 2835 2093 2901; baseline -0.008 0"><span class='ocrx_word' id='word_1_304' title='bbox 509 2846 632 2901; x_wconf 83' lang='lat' dir='ltr'><strong>aliis</strong></span> <span class='ocrx_word' id='word_1_305' title='bbox 670 2844 816 2899; x_wconf 90' lang='lat' dir='ltr'><strong>dicta</strong></span> <span class='ocrx_word' id='word_1_306' title='bbox 864 2842 1105 2897; x_wconf 82' lang='lat' dir='ltr'><strong>fuerant.</strong></span> <span class='ocrx_word' id='word_1_307' title='bbox 1162 2839 1369 2896; x_wconf 86' lang='lat' dir='ltr'><strong>Eodem</strong></span> <span class='ocrx_word' id='word_1_308' title='bbox 1421 2838 1583 2893; x_wconf 85' lang='lat' dir='ltr'><strong>modo</strong></span> <span class='ocrx_word' id='word_1_309' title='bbox 1640 2838 1891 2892; x_wconf 89' lang='lat' dir='ltr'><strong>ardorem</strong></span> <span class='ocrx_word' id='word_1_310' title='bbox 1942 2835 2093 2891; x_wconf 86' lang='lat' dir='ltr'><strong>Petri</strong></span> 
     </span>
    </p>
   </div>
   <div class='ocr_carea' id='block_1_47' title="bbox 508 2928 2093 3008">
    <p class='ocr_par' dir='ltr' id='par_1_47' title="bbox 508 2928 2093 3008">
     <span class='ocr_line' id='line_1_47' title="bbox 508 2928 2093 3008; baseline -0.006 -17"><span class='ocrx_word' id='word_1_311' title='bbox 508 2949 873 3008; x_wconf 77' lang='lat' dir='ltr'><strong>cognoscens,</strong></span> <span class='ocrx_word' id='word_1_312' title='bbox 903 2932 1221 3003; x_wconf 82' lang='lat' dir='ltr'><strong>frequenter</strong></span> <span class='ocrx_word' id='word_1_313' title='bbox 1255 2931 1307 2986; x_wconf 91' lang='lat' dir='ltr'><strong>ei</strong></span> <span class='ocrx_word' id='word_1_314' title='bbox 1339 2946 1455 2985; x_wconf 88' lang='lat' dir='ltr'><strong>rem</strong></span> <span class='ocrx_word' id='word_1_315' title='bbox 1485 2929 1760 2994; x_wconf 84' lang='lat' dir='ltr'><strong>declarat;</strong></span> <span class='ocrx_word' id='word_1_316' title='bbox 1787 2937 1844 2982; x_wconf 88' lang='lat' dir='ltr'><strong>et</strong></span> <span class='ocrx_word' id='word_1_317' title='bbox 1864 2928 1919 2981; x_wconf 92' lang='lat' dir='ltr'><strong>in</strong></span> <span class='ocrx_word' id='word_1_318' title='bbox 1937 2942 2093 2985; x_wconf 72' lang='lat' dir='ltr'><strong>omna</strong></span> 
     </span>
    </p>
   </div>
   <div class='ocr_carea' id='block_1_48' title="bbox 511 3018 2095 3099">
    <p class='ocr_par' dir='ltr' id='par_1_48' title="bbox 511 3018 2095 3099">
     <span class='ocr_line' id='line_1_48' title="bbox 511 3018 2095 3099; baseline -0.006 -18"><span class='ocrx_word' id='word_1_319' title='bbox 511 3026 814 3099; x_wconf 67' lang='lat' dir='ltr'><strong>praedicens</strong></span> <span class='ocrx_word' id='word_1_320' title='bbox 842 3025 1215 3096; x_wconf 80' lang='lat' dir='ltr'><strong>negationem,</strong></span> <span class='ocrx_word' id='word_1_321' title='bbox 1255 3030 1307 3078; x_wconf 93' lang='lat' dir='ltr'><strong>et</strong></span> <span class='ocrx_word' id='word_1_322' title='bbox 1346 3023 1403 3077; x_wconf 91' lang='lat' dir='ltr'><strong>in</strong></span> <span class='ocrx_word' id='word_1_323' title='bbox 1442 3030 1684 3076; x_wconf 89' lang='lat' dir='ltr'><strong>montem</strong></span> <span class='ocrx_word' id='word_1_324' title='bbox 1717 3034 1951 3091; x_wconf 80' lang='lat' dir='ltr'><strong>pergens</strong></span> <span class='ocrx_word' id='word_1_325' title='bbox 1988 3018 2095 3074; x_wconf 87' lang='lat' dir='ltr'><strong>oli-</strong></span> 
     </span>
    </p>
   </div>
   <div class='ocr_carea' id='block_1_49' title="bbox 510 3113 2095 3187">
    <p class='ocr_par' dir='ltr' id='par_1_49' title="bbox 510 3113 2095 3187">
     <span class='ocr_line' id='line_1_49' title="bbox 510 3113 2095 3187; baseline -0.005 -13"><span class='ocrx_word' id='word_1_326' title='bbox 510 3135 705 3174; x_wconf 87' lang='lat' dir='ltr'><strong>varum</strong></span> <span class='ocrx_word' id='word_1_327' title='bbox 735 3135 750 3172; x_wconf 91' lang='lat'><strong>:</strong></span> <span class='ocrx_word' id='word_1_328' title='bbox 777 3132 968 3173; x_wconf 89' lang='lat' dir='ltr'><strong>verum</strong></span> <span class='ocrx_word' id='word_1_329' title='bbox 1000 3132 1123 3187; x_wconf 66' lang='lat' dir='ltr'><strong>quae</strong></span> <span class='ocrx_word' id='word_1_330' title='bbox 1170 3116 1225 3170; x_wconf 91' lang='lat' dir='ltr'><strong>in</strong></span> <span class='ocrx_word' id='word_1_331' title='bbox 1256 3131 1412 3171; x_wconf 71' lang='lat' dir='ltr'><strong>cmna</strong></span> <span class='ocrx_word' id='word_1_332' title='bbox 1447 3115 1590 3169; x_wconf 90' lang='lat' dir='ltr'><strong>dicta</strong></span> <span class='ocrx_word' id='word_1_333' title='bbox 1628 3123 1757 3168; x_wconf 88' lang='lat' dir='ltr'><strong>sunt</strong></span> <span class='ocrx_word' id='word_1_334' title='bbox 1795 3114 1864 3168; x_wconf 92' lang='lat' dir='ltr'><strong>de</strong></span> <span class='ocrx_word' id='word_1_335' title='bbox 1895 3113 2095 3184; x_wconf 72' lang='lat' dir='ltr'><strong>praedi-</strong></span> 
     </span>
    </p>
   </div>
   <div class='ocr_carea' id='block_1_50' title="bbox 2191 1925 3789 2001">
    <p class='ocr_par' dir='ltr' id='par_1_50' title="bbox 2191 1925 3789 2001">
     <span class='ocr_line' id='line_1_50' title="bbox 2191 1925 3789 2001; baseline 0.003 -21"><span class='ocrx_word' id='word_1_336' title='bbox 2191 1929 2315 1988; x_wconf 85' lang='grc' dir='ltr'>ταῖς</span> <span class='ocrx_word' id='word_1_337' title='bbox 2338 1925 2613 1996; x_wconf 84' lang='grc' dir='ltr'>διηλέχθη.</span> <span class='ocrx_word' id='word_1_338' title='bbox 2654 1926 2877 1997; x_wconf 87' lang='grc' dir='ltr'>Πρῶτον</span> <span class='ocrx_word' id='word_1_339' title='bbox 2912 1929 3010 1998; x_wconf 81' lang='grc' dir='ltr'>μὲν</span> <span class='ocrx_word' id='word_1_340' title='bbox 3038 1930 3097 1982; x_wconf 84' lang='grc' dir='ltr'>ὲν</span> <span class='ocrx_word' id='word_1_341' title='bbox 3123 1932 3239 1994; x_wconf 84' lang='grc' dir='ltr'>τοῖς</span> <span class='ocrx_word' id='word_1_342' title='bbox 3270 1933 3667 2001; x_wconf 83' lang='grc' dir='ltr'>μακαρισμοίς,</span> <span class='ocrx_word' id='word_1_343' title='bbox 3693 1934 3789 1985; x_wconf 71' lang='grc' dir='ltr'>καὶ</span> 
     </span>
    </p>
   </div>
   <div class='ocr_carea' id='block_1_51' title="bbox 2194 2017 3786 2092">
    <p class='ocr_par' dir='ltr' id='par_1_51' title="bbox 2194 2017 3786 2092">
     <span class='ocr_line' id='line_1_51' title="bbox 2194 2017 3786 2092; baseline 0.002 -19"><span class='ocrx_word' id='word_1_344' title='bbox 2194 2017 2343 2085; x_wconf 74' lang='grc' dir='ltr'>ἅπαξ</span> <span class='ocrx_word' id='word_1_345' title='bbox 2374 2018 2472 2073; x_wconf 74' lang='grc' dir='ltr'>καὶ</span> <span class='ocrx_word' id='word_1_346' title='bbox 2508 2018 2588 2080; x_wconf 91' lang='grc' dir='ltr'><strong>δίς</strong></span> <span class='ocrx_word' id='word_1_347' title='bbox 2610 2033 2625 2048; x_wconf 92' lang='grc'><strong>·</strong></span> <span class='ocrx_word' id='word_1_348' title='bbox 2678 2017 2869 2072; x_wconf 72' lang='grc' dir='ltr'>ἔπειτα</span> <span class='ocrx_word' id='word_1_349' title='bbox 2901 2019 2959 2072; x_wconf 78' lang='grc' dir='ltr'>δὲ</span> <span class='ocrx_word' id='word_1_350' title='bbox 2983 2020 3076 2072; x_wconf 69' lang='grc' dir='ltr'>καὶ</span> <span class='ocrx_word' id='word_1_351' title='bbox 3105 2021 3161 2073; x_wconf 83' lang='grc' dir='ltr'>ὲν</span> <span class='ocrx_word' id='word_1_352' title='bbox 3207 2023 3273 2091; x_wconf 82' lang='grc' dir='ltr'><strong>τῇ</strong></span> <span class='ocrx_word' id='word_1_353' title='bbox 3312 2022 3528 2091; x_wconf 73' lang='grc' dir='ltr'>αἰτήσει</span> <span class='ocrx_word' id='word_1_354' title='bbox 3577 2022 3679 2092; x_wconf 84' lang='grc' dir='ltr'>τῆς</span> <span class='ocrx_word' id='word_1_355' title='bbox 3720 2024 3786 2076; x_wconf 82' lang='grc' dir='ltr'>ὲκ</span> 
     </span>
    </p>
   </div>
   <div class='ocr_carea' id='block_1_52' title="bbox 2192 2107 3788 2181">
    <p class='ocr_par' dir='ltr' id='par_1_52' title="bbox 2192 2107 3788 2181">
     <span class='ocr_line' id='line_1_52' title="bbox 2192 2107 3788 2181; baseline 0.003 -19"><span class='ocrx_word' id='word_1_356' title='bbox 2192 2108 2383 2174; x_wconf 80' lang='grc' dir='ltr'>δεξιῶν</span> <span class='ocrx_word' id='word_1_357' title='bbox 2413 2109 2508 2163; x_wconf 79' lang='grc' dir='ltr'>καὶ</span> <span class='ocrx_word' id='word_1_358' title='bbox 2562 2107 2623 2174; x_wconf 76' lang='grc' dir='ltr'>ἐξ</span> <span class='ocrx_word' id='word_1_359' title='bbox 2652 2108 2950 2180; x_wconf 79' lang='grc' dir='ltr'><strong>εὐωνύμων</strong></span> <span class='ocrx_word' id='word_1_360' title='bbox 2979 2109 3145 2163; x_wconf 80' lang='grc' dir='ltr'>αὑτοῦ</span> <span class='ocrx_word' id='word_1_361' title='bbox 3199 2110 3472 2181; x_wconf 76' lang='grc' dir='ltr'>καθέδρας</span> <span class='ocrx_word' id='word_1_362' title='bbox 3500 2111 3610 2166; x_wconf 88' lang='grc' dir='ltr'><strong>τῶν</strong></span> <span class='ocrx_word' id='word_1_363' title='bbox 3651 2112 3788 2166; x_wconf 81' lang='grc' dir='ltr'>υἱῶν</span> 
     </span>
    </p>
   </div>
   <div class='ocr_carea' id='block_1_53' title="bbox 2191 2200 3789 2274">
    <p class='ocr_par' dir='ltr' id='par_1_53' title="bbox 2191 2200 3789 2274">
     <span class='ocr_line' id='line_1_53' title="bbox 2191 2200 3789 2274; baseline 0.001 -19"><span class='ocrx_word' id='word_1_364' title='bbox 2191 2200 2502 2256; x_wconf 78' lang='grc' dir='ltr'>Ζεϐεδαίου.</span> <span class='ocrx_word' id='word_1_365' title='bbox 2531 2201 2641 2254; x_wconf 76' lang='grc' dir='ltr'><strong>Καὶ</strong></span> <span class='ocrx_word' id='word_1_366' title='bbox 2670 2202 2728 2254; x_wconf 83' lang='grc' dir='ltr'>ὲν</span> <span class='ocrx_word' id='word_1_367' title='bbox 2757 2200 2835 2271; x_wconf 81' lang='grc' dir='ltr'>τῷ</span> <span class='ocrx_word' id='word_1_368' title='bbox 2862 2200 3064 2273; x_wconf 84' lang='grc' dir='ltr'>δείπνῳ</span> <span class='ocrx_word' id='word_1_369' title='bbox 3092 2201 3169 2268; x_wconf 82' lang='grc' dir='ltr'>δὲ,</span> <span class='ocrx_word' id='word_1_370' title='bbox 3206 2204 3308 2272; x_wconf 79' lang='grc' dir='ltr'>τῆς</span> <span class='ocrx_word' id='word_1_371' title='bbox 3341 2202 3433 2256; x_wconf 85' lang='grc' dir='ltr'><strong>τοῦ</strong></span> <span class='ocrx_word' id='word_1_372' title='bbox 3453 2202 3630 2257; x_wconf 84' lang='grc' dir='ltr'>Ἰούδα</span> <span class='ocrx_word' id='word_1_373' title='bbox 3654 2221 3789 2274; x_wconf 84' lang='grc' dir='ltr'>προ-</span> 
     </span>
    </p>
   </div>
   <div class='ocr_carea' id='block_1_54' title="bbox 2194 2291 3789 2367">
    <p class='ocr_par' dir='ltr' id='par_1_54' title="bbox 2194 2291 3789 2367">
     <span class='ocr_line' id='line_1_54' title="bbox 2194 2291 3789 2367; baseline 0.003 -22"><span class='ocrx_word' id='word_1_374' title='bbox 2194 2291 2414 2355; x_wconf 85' lang='grc' dir='ltr'>πετείας</span> <span class='ocrx_word' id='word_1_375' title='bbox 2444 2292 2520 2356; x_wconf 85' lang='grc' dir='ltr'>ὡς</span> <span class='ocrx_word' id='word_1_376' title='bbox 2574 2292 2721 2357; x_wconf 84' lang='grc' dir='ltr'>είκὺς</span> <span class='ocrx_word' id='word_1_377' title='bbox 2773 2293 2900 2359; x_wconf 78' lang='grc' dir='ltr'>τοὺς</span> <span class='ocrx_word' id='word_1_378' title='bbox 2936 2293 3191 2365; x_wconf 79' lang='grc' dir='ltr'>μαθητὰς</span> <span class='ocrx_word' id='word_1_379' title='bbox 3246 2296 3326 2358; x_wconf 86' lang='grc' dir='ltr'><strong>εἰς</strong></span> <span class='ocrx_word' id='word_1_380' title='bbox 3383 2296 3789 2367; x_wconf 79' lang='grc' dir='ltr'>φιλοπρωτείαν</span> 
     </span>
    </p>
   </div>
   <div class='ocr_carea' id='block_1_55' title="bbox 2195 2384 3790 2459">
    <p class='ocr_par' dir='ltr' id='par_1_55' title="bbox 2195 2384 3790 2459">
     <span class='ocr_line' id='line_1_55' title="bbox 2195 2384 3790 2459; baseline 0.003 -22"><span class='ocrx_word' id='word_1_381' title='bbox 2195 2384 2545 2457; x_wconf 79' lang='grc' dir='ltr'>ἑρεθισάσης,</span> <span class='ocrx_word' id='word_1_382' title='bbox 2592 2384 2819 2456; x_wconf 81' lang='grc' dir='ltr'>βάπτειν</span> <span class='ocrx_word' id='word_1_383' title='bbox 2848 2385 2947 2457; x_wconf 81' lang='grc' dir='ltr'>τὴν</span> <span class='ocrx_word' id='word_1_384' title='bbox 2975 2389 3137 2457; x_wconf 87' lang='grc' dir='ltr'>χεῖρα</span> <span class='ocrx_word' id='word_1_385' title='bbox 3166 2387 3224 2440; x_wconf 80' lang='grc' dir='ltr'>ἐν</span> <span class='ocrx_word' id='word_1_386' title='bbox 3255 2386 3334 2459; x_wconf 83' lang='grc' dir='ltr'>τῷ</span> <span class='ocrx_word' id='word_1_387' title='bbox 3369 2387 3609 2459; x_wconf 81' lang='grc' dir='ltr'>τρυϐλίῳ</span> <span class='ocrx_word' id='word_1_388' title='bbox 3649 2389 3790 2458; x_wconf 69' lang='grc' dir='ltr'>μετὰ</span> 
     </span>
    </p>
   </div>
   <div class='ocr_carea' id='block_1_56' title="bbox 2190 2474 3790 2550">
    <p class='ocr_par' dir='ltr' id='par_1_56' title="bbox 2190 2474 3790 2550">
     <span class='ocr_line' id='line_1_56' title="bbox 2190 2474 3790 2550; baseline 0.004 -23"><span class='ocrx_word' id='word_1_389' title='bbox 2190 2474 2287 2528; x_wconf 86' lang='grc' dir='ltr'><strong>τοῦ</strong></span> <span class='ocrx_word' id='word_1_390' title='bbox 2317 2475 2591 2528; x_wconf 86' lang='grc' dir='ltr'>Δεσπότου</span> <span class='ocrx_word' id='word_1_391' title='bbox 2612 2475 3006 2547; x_wconf 82' lang='grc' dir='ltr'><strong>τολμήσαντος.</strong></span> <span class='ocrx_word' id='word_1_392' title='bbox 3025 2476 3187 2531; x_wconf 84' lang='grc' dir='ltr'>Ὅθεν</span> <span class='ocrx_word' id='word_1_393' title='bbox 3221 2478 3562 2546; x_wconf 76' lang='grc' dir='ltr'>ἀναγκαίως,</span> <span class='ocrx_word' id='word_1_394' title='bbox 3584 2480 3655 2532; x_wconf 85' lang='grc' dir='ltr'><strong>τά</strong></span> <span class='ocrx_word' id='word_1_395' title='bbox 3689 2478 3790 2550; x_wconf 72' lang='grc' dir='ltr'><strong>μὲν</strong></span> 
     </span>
    </p>
   </div>
   <div class='ocr_carea' id='block_1_57' title="bbox 2192 2564 3789 2641">
    <p class='ocr_par' dir='ltr' id='par_1_57' title="bbox 2192 2564 3789 2641">
     <span class='ocr_line' id='line_1_57' title="bbox 2192 2564 3789 2641; baseline 0.004 -23"><span class='ocrx_word' id='word_1_396' title='bbox 2192 2564 2386 2635; x_wconf 88' lang='grc' dir='ltr'>πρῶτα</span> <span class='ocrx_word' id='word_1_397' title='bbox 2419 2565 2700 2630; x_wconf 66' lang='lat' dir='ltr'><strong>Mandonio;</strong></span> <span class='ocrx_word' id='word_1_398' title='bbox 2747 2569 2844 2620; x_wconf 71' lang='grc' dir='ltr'>καὶ</span> <span class='ocrx_word' id='word_1_399' title='bbox 2892 2568 3120 2638; x_wconf 75' lang='grc' dir='ltr'>Μάρκος</span> <span class='ocrx_word' id='word_1_400' title='bbox 3141 2609 3155 2634; x_wconf 90' lang='grc'><strong>,</strong></span> <span class='ocrx_word' id='word_1_401' title='bbox 3192 2569 3260 2621; x_wconf 78' lang='grc' dir='ltr'><strong>τά</strong></span> <span class='ocrx_word' id='word_1_402' title='bbox 3288 2569 3344 2622; x_wconf 80' lang='grc' dir='ltr'>δὲ</span> <span class='ocrx_word' id='word_1_403' title='bbox 3374 2570 3432 2622; x_wconf 81' lang='grc' dir='ltr'>ἐν</span> <span class='ocrx_word' id='word_1_404' title='bbox 3480 2569 3558 2641; x_wconf 81' lang='grc' dir='ltr'>τῷ</span> <span class='ocrx_word' id='word_1_405' title='bbox 3586 2570 3789 2640; x_wconf 82' lang='grc' dir='ltr'>δείπνῳ</span> 
     </span>
    </p>
   </div>
   <div class='ocr_carea' id='block_1_58' title="bbox 2192 2657 3790 2734">
    <p class='ocr_par' dir='ltr' id='par_1_58' title="bbox 2192 2657 3790 2734">
     <span class='ocr_line' id='line_1_58' title="bbox 2192 2657 3790 2734; baseline 0.003 -23"><span class='ocrx_word' id='word_1_406' title='bbox 2192 2658 2427 2722; x_wconf 82' lang='grc' dir='ltr'>Λουκᾶς,</span> <span class='ocrx_word' id='word_1_407' title='bbox 2446 2657 2705 2729; x_wconf 85' lang='grc' dir='ltr'>Ἰωάννης</span> <span class='ocrx_word' id='word_1_408' title='bbox 2733 2659 2791 2712; x_wconf 72' lang='grc' dir='ltr'>δὲ</span> <span class='ocrx_word' id='word_1_409' title='bbox 2820 2658 2918 2730; x_wconf 80' lang='grc' dir='ltr'>τὴν</span> <span class='ocrx_word' id='word_1_410' title='bbox 2947 2659 3262 2731; x_wconf 75' lang='grc' dir='ltr'>πρακτικὴν</span> <span class='ocrx_word' id='word_1_411' title='bbox 3285 2660 3376 2713; x_wconf 74' lang='grc' dir='ltr'><strong>διὰ</strong></span> <span class='ocrx_word' id='word_1_412' title='bbox 3395 2661 3489 2715; x_wconf 87' lang='grc' dir='ltr'><strong>τοῦ</strong></span> <span class='ocrx_word' id='word_1_413' title='bbox 3523 2663 3790 2734; x_wconf 83' lang='grc' dir='ltr'>νιπτῆρος</span> 
     </span>
    </p>
   </div>
   <div class='ocr_carea' id='block_1_59' title="bbox 2190 2743 3785 2824">
    <p class='ocr_par' dir='ltr' id='par_1_59' title="bbox 2190 2743 3785 2824">
     <span class='ocr_line' id='line_1_59' title="bbox 2190 2743 3785 2824; baseline 0.004 -25"><span class='ocrx_word' id='word_1_414' title='bbox 2190 2743 2287 2800; x_wconf 86' lang='grc' dir='ltr'><strong>τοῦ</strong></span> <span class='ocrx_word' id='word_1_415' title='bbox 2319 2749 2522 2820; x_wconf 83' lang='grc' dir='ltr'>Κυρίου</span> <span class='ocrx_word' id='word_1_416' title='bbox 2576 2749 3103 2824; x_wconf 77' lang='grc' dir='ltr'>διδασκαλίαν-περὶ</span> <span class='ocrx_word' id='word_1_417' title='bbox 3155 2753 3670 2823; x_wconf 77' lang='grc' dir='ltr'>ταπεινοφροσύνης</span> <span class='ocrx_word' id='word_1_418' title='bbox 3704 2754 3785 2817; x_wconf 80' lang='grc' dir='ltr'><strong>ἐξ·</strong></span> 
     </span>
    </p>
   </div>
   <div class='ocr_carea' id='block_1_60' title="bbox 2193 2837 3787 2916">
    <p class='ocr_par' dir='ltr' id='par_1_60' title="bbox 2193 2837 3787 2916">
     <span class='ocr_line' id='line_1_60' title="bbox 2193 2837 3787 2916; baseline 0.005 -24"><span class='ocrx_word' id='word_1_419' title='bbox 2193 2837 2413 2903; x_wconf 74' lang='grc' dir='ltr'>έθεντο,</span> <span class='ocrx_word' id='word_1_420' title='bbox 2474 2839 2878 2907; x_wconf 84' lang='grc' dir='ltr'>παραλιπόντες</span> <span class='ocrx_word' id='word_1_421' title='bbox 2931 2844 3000 2896; x_wconf 79' lang='grc' dir='ltr'><strong>τά</strong></span> <span class='ocrx_word' id='word_1_422' title='bbox 3052 2844 3143 2896; x_wconf 85' lang='grc' dir='ltr'><strong>ὑπ’</strong></span> <span class='ocrx_word' id='word_1_423' title='bbox 3189 2843 3435 2915; x_wconf 81' lang='grc' dir='ltr'>ἀλλήλων</span> <span class='ocrx_word' id='word_1_424' title='bbox 3493 2847 3787 2916; x_wconf 83' lang='grc' dir='ltr'><strong>εἰρημένα.</strong></span> 
     </span>
    </p>
   </div>
   <div class='ocr_carea' id='block_1_61' title="bbox 2198 2929 3791 3009">
    <p class='ocr_par' dir='ltr' id='par_1_61' title="bbox 2198 2929 3791 3009">
     <span class='ocr_line' id='line_1_61' title="bbox 2198 2929 3791 3009; baseline 0.005 -26"><span class='ocrx_word' id='word_1_425' title='bbox 2198 2929 2483 2996; x_wconf 80' lang='grc' dir='ltr'>Ὡσαύτως</span> <span class='ocrx_word' id='word_1_426' title='bbox 2534 2932 2596 2986; x_wconf 85' lang='grc' dir='ltr'>τὸ</span> <span class='ocrx_word' id='word_1_427' title='bbox 2635 2932 2840 3005; x_wconf 71' lang='grc' dir='ltr'>θερμὸν</span> <span class='ocrx_word' id='word_1_428' title='bbox 2899 2933 2995 2988; x_wconf 85' lang='grc' dir='ltr'><strong>τοῦ</strong></span> <span class='ocrx_word' id='word_1_429' title='bbox 3036 2935 3247 3009; x_wconf 80' lang='grc' dir='ltr'>Πέτρου</span> <span class='ocrx_word' id='word_1_430' title='bbox 3301 2936 3483 3001; x_wconf 84' lang='grc' dir='ltr'>εἰδὼς,</span> <span class='ocrx_word' id='word_1_431' title='bbox 3550 2938 3791 3008; x_wconf 79' lang='grc' dir='ltr'>συνεχῶς</span> 
     </span>
    </p>
   </div>
   <div class='ocr_carea' id='block_1_62' title="bbox 2190 3021 3790 3101">
    <p class='ocr_par' dir='ltr' id='par_1_62' title="bbox 2190 3021 3790 3101">
     <span class='ocr_line' id='line_1_62' title="bbox 2190 3021 3790 3101; baseline 0.006 -28"><span class='ocrx_word' id='word_1_432' title='bbox 2190 3021 2343 3093; x_wconf 78' lang='grc' dir='ltr'>αὐτῷ</span> <span class='ocrx_word' id='word_1_433' title='bbox 2377 3024 2771 3094; x_wconf 74' lang='grc' dir='ltr'>ἐμφανίζεται·</span> <span class='ocrx_word' id='word_1_434' title='bbox 2801 3027 2896 3080; x_wconf 74' lang='grc' dir='ltr'>καὶ</span> <span class='ocrx_word' id='word_1_435' title='bbox 2944 3027 3001 3080; x_wconf 84' lang='grc' dir='ltr'><strong>ὲν</strong></span> <span class='ocrx_word' id='word_1_436' title='bbox 3028 3026 3108 3097; x_wconf 85' lang='grc' dir='ltr'>τῷ</span> <span class='ocrx_word' id='word_1_437' title='bbox 3137 3027 3344 3099; x_wconf 86' lang='grc' dir='ltr'>δείπνῳ</span> <span class='ocrx_word' id='word_1_438' title='bbox 3393 3028 3790 3101; x_wconf 81' lang='grc' dir='ltr'>προαγορεύων</span> 
     </span>
    </p>
   </div>
   <div class='ocr_carea' id='block_1_63' title="bbox 2122 3112 3793 3216">
    <p class='ocr_par' dir='ltr' id='par_1_63' title="bbox 2122 3112 3793 3216">
     <span class='ocr_line' id='line_1_63' title="bbox 2122 3112 3793 3216; baseline 0.007 -53"><span class='ocrx_word' id='word_1_439' title='bbox 2122 3157 2166 3216; x_wconf 76' lang='lat' dir='ltr'>c</span> <span class='ocrx_word' id='word_1_440' title='bbox 2195 3112 2296 3183; x_wconf 81' lang='grc' dir='ltr'>τὴν</span> <span class='ocrx_word' id='word_1_441' title='bbox 2322 3115 2576 3186; x_wconf 83' lang='grc' dir='ltr'>ἄρνησιν,</span> <span class='ocrx_word' id='word_1_442' title='bbox 2610 3118 2705 3171; x_wconf 74' lang='grc' dir='ltr'>καὶ</span> <span class='ocrx_word' id='word_1_443' title='bbox 2730 3118 2870 3188; x_wconf 69' lang='grc' dir='ltr'>πρὸς</span> <span class='ocrx_word' id='word_1_444' title='bbox 2891 3119 2955 3172; x_wconf 84' lang='grc' dir='ltr'>τὸ</span> <span class='ocrx_word' id='word_1_445' title='bbox 2982 3118 3109 3191; x_wconf 72' lang='grc' dir='ltr'>ὄρος</span> <span class='ocrx_word' id='word_1_446' title='bbox 3141 3120 3251 3173; x_wconf 87' lang='grc' dir='ltr'><strong>τῶν</strong></span> <span class='ocrx_word' id='word_1_447' title='bbox 3273 3120 3467 3174; x_wconf 81' lang='grc' dir='ltr'>ἐλαιῶν</span> <span class='ocrx_word' id='word_1_448' title='bbox 3493 3121 3793 3192; x_wconf 84' lang='grc' dir='ltr'>πορευόμε-</span> 
     </span>
    </p>
   </div>
   <div class='ocr_carea' id='block_1_64' title="bbox 511 3207 2093 3304">
    <p class='ocr_par' dir='ltr' id='par_1_64' title="bbox 511 3210 2093 3304">
     <span class='ocr_line' id='line_1_64' title="bbox 511 3210 2093 3304; baseline -0.003 -31"><span class='ocrx_word' id='word_1_449' title='bbox 511 3217 699 3304; x_wconf 66' lang='lat' dir='ltr'><strong>ctione</strong></span> <span class='ocrx_word' id='word_1_450' title='bbox 726 3215 1034 3287; x_wconf 75' lang='lat' dir='ltr'><strong>negationis</strong></span> <span class='ocrx_word' id='word_1_451' title='bbox 1060 3213 1208 3270; x_wconf 87' lang='lat' dir='ltr'><strong>Petri</strong></span> <span class='ocrx_word' id='word_1_452' title='bbox 1236 3254 1252 3277; x_wconf 84' lang='lat'><strong>,</strong></span> <span class='ocrx_word' id='word_1_453' title='bbox 1284 3214 1458 3268; x_wconf 88' lang='lat' dir='ltr'><strong>Lucas</strong></span> <span class='ocrx_word' id='word_1_454' title='bbox 1500 3220 1555 3268; x_wconf 88' lang='lat' dir='ltr'><strong>et</strong></span> <span class='ocrx_word' id='word_1_455' title='bbox 1580 3210 1820 3267; x_wconf 89' lang='lat' dir='ltr'><strong>Joannes</strong></span> <span class='ocrx_word' id='word_1_456' title='bbox 1852 3214 2093 3283; x_wconf 86' lang='lat' dir='ltr'><strong>scripse-</strong></span> 
     </span>
    </p>
   </div>
   <div class='ocr_carea' id='block_1_65' title="bbox 2199 3207 3791 3304">
    <p class='ocr_par' dir='ltr' id='par_1_65' title="bbox 2199 3207 3791 3283">
     <span class='ocr_line' id='line_1_65' title="bbox 2199 3207 3791 3283; baseline 0.004 -25"><span class='ocrx_word' id='word_1_457' title='bbox 2199 3222 2288 3269; x_wconf 86' lang='lat' dir='ltr'><strong>vo;</strong></span> <span class='ocrx_word' id='word_1_458' title='bbox 2307 3222 2320 3236; x_wconf 83' lang='grc'><em>’</em></span> <span class='ocrx_word' id='word_1_459' title='bbox 2356 3207 2491 3261; x_wconf 71' lang='grc' dir='ltr'>ἀλλὰ</span> <span class='ocrx_word' id='word_1_460' title='bbox 2522 3209 2590 3261; x_wconf 86' lang='grc' dir='ltr'><strong>τά</strong></span> <span class='ocrx_word' id='word_1_461' title='bbox 2626 3209 2721 3279; x_wconf 80' lang='grc' dir='ltr'><strong>μὲν</strong></span> <span class='ocrx_word' id='word_1_462' title='bbox 2752 3210 2810 3262; x_wconf 81' lang='grc' dir='ltr'><strong>ἐν</strong></span> <span class='ocrx_word' id='word_1_463' title='bbox 2836 3210 2913 3280; x_wconf 84' lang='grc' dir='ltr'><strong>τῷ</strong></span> <span class='ocrx_word' id='word_1_464' title='bbox 2938 3211 3139 3283; x_wconf 83' lang='grc' dir='ltr'>δείπνῳ</span> <span class='ocrx_word' id='word_1_465' title='bbox 3161 3214 3379 3276; x_wconf 78' lang='grc' dir='ltr'>Λουκᾶς</span> <span class='ocrx_word' id='word_1_466' title='bbox 3423 3213 3791 3282; x_wconf 68' lang='grc' dir='ltr'>καὶΊωάννης</span> 
     </span>
    </p>
   </div>
   <div class='ocr_carea' id='block_1_66' title="bbox 513 3304 2098 3381">
    <p class='ocr_par' dir='ltr' id='par_1_66' title="bbox 513 3304 2098 3381">
     <span class='ocr_line' id='line_1_66' title="bbox 513 3304 2098 3381; baseline -0.003 -15"><span class='ocrx_word' id='word_1_467' title='bbox 513 3304 649 3367; x_wconf 85' lang='lat' dir='ltr'><strong>runt</strong></span> <span class='ocrx_word' id='word_1_468' title='bbox 666 3310 713 3344; x_wconf 79' lang='lat'><em>“</em></span> <span class='ocrx_word' id='word_1_469' title='bbox 739 3329 755 3378; x_wconf 88' lang='lat'><strong>;</strong></span> <span class='ocrx_word' id='word_1_470' title='bbox 781 3325 903 3380; x_wconf 73' lang='lat' dir='ltr'><strong>quae</strong></span> <span class='ocrx_word' id='word_1_471' title='bbox 932 3325 1064 3366; x_wconf 86' lang='lat' dir='ltr'><strong>vero</strong></span> <span class='ocrx_word' id='word_1_472' title='bbox 1088 3318 1211 3381; x_wconf 92' lang='lat' dir='ltr'><strong>post</strong></span> <span class='ocrx_word' id='word_1_473' title='bbox 1229 3323 1462 3367; x_wconf 85' lang='lat' dir='ltr'><strong>coenam.</strong></span> <span class='ocrx_word' id='word_1_474' title='bbox 1499 3306 1789 3362; x_wconf 64' lang='lat' dir='ltr'><strong>Matthaaus</strong></span> <span class='ocrx_word' id='word_1_475' title='bbox 1810 3305 2098 3361; x_wconf 80' lang='lat' dir='ltr'><strong>etMarcus</strong></span> 
     </span>
    </p>
   </div>
   <div class='ocr_carea' id='block_1_67' title="bbox 513 3409 832 3460">
    <p class='ocr_par' dir='ltr' id='par_1_67' title="bbox 513 3409 832 3460">
     <span class='ocr_line' id='line_1_67' title="bbox 513 3409 832 3460; baseline -0.003 0"><span class='ocrx_word' id='word_1_476' title='bbox 513 3409 832 3460; x_wconf 84' lang='lat' dir='ltr'><strong>narrarunt.</strong></span> 
     </span>
    </p>
   </div>
   <div class='ocr_carea' id='block_1_68' title="bbox 1068 3579 1573 3652">
    <p class='ocr_par' dir='ltr' id='par_1_68' title="bbox 1068 3579 1573 3652">
     <span class='ocr_line' id='line_1_68' title="bbox 1068 3579 1573 3652; baseline -0.006 -17"><span class='ocrx_word' id='word_1_477' title='bbox 1068 3579 1353 3652; x_wconf 69' lang='lat' dir='ltr'><strong>Difﬁcultas</strong></span> <span class='ocrx_word' id='word_1_478' title='bbox 1389 3595 1489 3635; x_wconf 80' lang='lat' dir='ltr'><strong>xxx</strong></span> <span class='ocrx_word' id='word_1_479' title='bbox 1499 3595 1573 3634; x_wconf 78' lang='lat' dir='ltr'><strong>vr.</strong></span> 
     </span>
    </p>
   </div>
   <div class='ocr_carea' id='block_1_69' title="bbox 587 3671 2119 3745">
    <p class='ocr_par' dir='ltr' id='par_1_69' title="bbox 587 3671 2119 3745">
     <span class='ocr_line' id='line_1_69' title="bbox 587 3671 2119 3745; baseline -0.004 -14"><span class='ocrx_word' id='word_1_480' title='bbox 587 3675 727 3743; x_wconf 83' lang='lat' dir='ltr'><strong>Quid</strong></span> <span class='ocrx_word' id='word_1_481' title='bbox 754 3674 834 3731; x_wconf 89' lang='lat' dir='ltr'><strong>rei</strong></span> <span class='ocrx_word' id='word_1_482' title='bbox 864 3682 969 3740; x_wconf 90' lang='lat' dir='ltr'><strong>est,</strong></span> <span class='ocrx_word' id='word_1_483' title='bbox 1004 3674 1153 3745; x_wconf 89' lang='lat' dir='ltr'><strong>quod</strong></span> <span class='ocrx_word' id='word_1_484' title='bbox 1175 3673 1362 3728; x_wconf 87' lang='lat' dir='ltr'><strong>Jesum</strong></span> <span class='ocrx_word' id='word_1_485' title='bbox 1393 3673 1471 3727; x_wconf 90' lang='lat' dir='ltr'><strong>illi</strong></span> <span class='ocrx_word' id='word_1_486' title='bbox 1492 3671 1713 3743; x_wconf 86' lang='lat' dir='ltr'><strong>quidem</strong></span> <span class='ocrx_word' id='word_1_487' title='bbox 1755 3678 1982 3725; x_wconf 83' lang='lat' dir='ltr'><strong>narrant</strong></span> <span class='ocrx_word' id='word_1_488' title='bbox 2012 3685 2119 3725; x_wconf 83' lang='lat' dir='ltr'><strong>as--</strong></span> 
     </span>
    </p>
   </div>
   <div class='ocr_carea' id='block_1_70' title="bbox 514 3761 2091 3836">
    <p class='ocr_par' dir='ltr' id='par_1_70' title="bbox 514 3761 2091 3836">
     <span class='ocr_line' id='line_1_70' title="bbox 514 3761 2091 3836; baseline -0.006 -15"><span class='ocrx_word' id='word_1_489' title='bbox 514 3767 817 3836; x_wconf 78' lang='lat' dir='ltr'><strong>sumpsisse</strong></span> <span class='ocrx_word' id='word_1_490' title='bbox 868 3764 927 3820; x_wconf 93' lang='lat' dir='ltr'><strong>in</strong></span> <span class='ocrx_word' id='word_1_491' title='bbox 980 3762 1336 3821; x_wconf 86' lang='lat' dir='ltr'><strong>Gethsemani</strong></span> <span class='ocrx_word' id='word_1_492' title='bbox 1390 3761 1724 3832; x_wconf 84' lang='lat' dir='ltr'><strong>discipulos,</strong></span> <span class='ocrx_word' id='word_1_493' title='bbox 1780 3769 1837 3815; x_wconf 90' lang='lat' dir='ltr'><strong>et</strong></span> <span class='ocrx_word' id='word_1_494' title='bbox 1887 3774 2091 3823; x_wconf 75' lang='lat' dir='ltr'><strong>orasse,</strong></span> 
     </span>
    </p>
   </div>
   <div class='ocr_carea' id='block_1_71' title="bbox 515 3854 2094 3931">
    <p class='ocr_par' dir='ltr' id='par_1_71' title="bbox 515 3854 2094 3931">
     <span class='ocr_line' id='line_1_71' title="bbox 515 3854 2094 3931; baseline -0.004 -17"><span class='ocrx_word' id='word_1_495' title='bbox 515 3860 735 3931; x_wconf 86' lang='lat' dir='ltr'><strong>illicque</strong></span> <span class='ocrx_word' id='word_1_496' title='bbox 763 3860 1022 3915; x_wconf 87' lang='lat' dir='ltr'><strong>traditum</strong></span> <span class='ocrx_word' id='word_1_497' title='bbox 1054 3858 1223 3915; x_wconf 84' lang='lat' dir='ltr'><strong>fuisse</strong></span> <span class='ocrx_word' id='word_1_498' title='bbox 1248 3875 1263 3927; x_wconf 92' lang='lat'><strong>;</strong></span> <span class='ocrx_word' id='word_1_499' title='bbox 1291 3857 1470 3915; x_wconf 87' lang='lat' dir='ltr'><strong>Lucas</strong></span> <span class='ocrx_word' id='word_1_500' title='bbox 1502 3873 1632 3912; x_wconf 90' lang='lat' dir='ltr'><strong>vero</strong></span> <span class='ocrx_word' id='word_1_501' title='bbox 1676 3857 1733 3911; x_wconf 90' lang='lat' dir='ltr'><strong>in</strong></span> <span class='ocrx_word' id='word_1_502' title='bbox 1769 3862 1958 3911; x_wconf 90' lang='lat' dir='ltr'><strong>monte</strong></span> <span class='ocrx_word' id='word_1_503' title='bbox 1988 3854 2094 3909; x_wconf 85' lang='lat' dir='ltr'><strong>oli-</strong></span> 
     </span>
    </p>
   </div>
   <div class='ocr_carea' id='block_1_72' title="bbox 513 3949 2095 4020">
    <p class='ocr_par' dir='ltr' id='par_1_72' title="bbox 513 3949 2095 4020">
     <span class='ocr_line' id='line_1_72' title="bbox 513 3949 2095 4020; baseline -0.004 -15"><span class='ocrx_word' id='word_1_504' title='bbox 513 3965 743 4016; x_wconf 82' lang='lat' dir='ltr'><strong>varum;</strong></span> <span class='ocrx_word' id='word_1_505' title='bbox 777 3951 1021 4007; x_wconf 85' lang='lat' dir='ltr'><strong>Joannes</strong></span> <span class='ocrx_word' id='word_1_506' title='bbox 1071 3949 1128 4004; x_wconf 90' lang='lat' dir='ltr'><strong>in</strong></span> <span class='ocrx_word' id='word_1_507' title='bbox 1154 3950 1320 4006; x_wconf 89' lang='lat' dir='ltr'><strong>horto</strong></span> <span class='ocrx_word' id='word_1_508' title='bbox 1344 3950 1763 4020; x_wconf 82' lang='lat' dir='ltr'><strong>quodamtrans</strong></span> <span class='ocrx_word' id='word_1_509' title='bbox 1799 3954 2095 4002; x_wconf 86' lang='lat' dir='ltr'><strong>torrentem</strong></span> 
     </span>
    </p>
   </div>
   <div class='ocr_carea' id='block_1_73' title="bbox 515 4041 847 4099">
    <p class='ocr_par' dir='ltr' id='par_1_73' title="bbox 515 4041 847 4099">
     <span class='ocr_line' id='line_1_73' title="bbox 515 4041 847 4099; baseline -0.003 0"><span class='ocrx_word' id='word_1_510' title='bbox 515 4041 732 4099; x_wconf 86' lang='lat' dir='ltr'><strong>Cedron</strong></span> <span class='ocrx_word' id='word_1_511' title='bbox 756 4047 798 4077; x_wconf 82' lang='grc'>²¹</span> <span class='ocrx_word' id='word_1_512' title='bbox 823 4044 847 4098; x_wconf 85' lang='lat'><strong>?</strong></span> 
     </span>
    </p>
   </div>
   <div class='ocr_carea' id='block_1_74' title="bbox 1224 4132 1449 4189">
    <p class='ocr_par' dir='ltr' id='par_1_74' title="bbox 1224 4132 1449 4189">
     <span class='ocr_line' id='line_1_74' title="bbox 1224 4132 1449 4189; baseline -0.013 0"><span class='ocrx_word' id='word_1_513' title='bbox 1224 4132 1449 4189; x_wconf 79' lang='lat' dir='ltr'><strong>Salutio.</strong></span> 
     </span>
    </p>
   </div>
   <div class='ocr_carea' id='block_1_75' title="bbox 584 4223 2094 4295">
    <p class='ocr_par' dir='ltr' id='par_1_75' title="bbox 584 4223 2094 4295">
     <span class='ocr_line' id='line_1_75' title="bbox 584 4223 2094 4295; baseline -0.001 -17"><span class='ocrx_word' id='word_1_514' title='bbox 584 4224 828 4280; x_wconf 81' lang='lat' dir='ltr'><strong>Diversis</strong></span> <span class='ocrx_word' id='word_1_515' title='bbox 857 4224 1080 4295; x_wconf 86' lang='lat' dir='ltr'><strong>quidem</strong></span> <span class='ocrx_word' id='word_1_516' title='bbox 1114 4225 1361 4291; x_wconf 79' lang='lat' dir='ltr'><strong>vocibus,</strong></span> <span class='ocrx_word' id='word_1_517' title='bbox 1392 4233 1449 4279; x_wconf 87' lang='lat' dir='ltr'><strong>at</strong></span> <span class='ocrx_word' id='word_1_518' title='bbox 1481 4223 1846 4279; x_wconf 86' lang='lat' dir='ltr'><strong>concordibus</strong></span> <span class='ocrx_word' id='word_1_519' title='bbox 1870 4231 2094 4278; x_wconf 69' lang='lat' dir='ltr'><strong>scnten~</strong></span> 
     </span>
    </p>
   </div>
   <div class='ocr_carea' id='block_1_76' title="bbox 514 4314 2095 4386">
    <p class='ocr_par' dir='ltr' id='par_1_76' title="bbox 514 4314 2095 4386">
     <span class='ocr_line' id='line_1_76' title="bbox 514 4314 2095 4386; baseline -0.001 -16"><span class='ocrx_word' id='word_1_520' title='bbox 514 4315 607 4371; x_wconf 90' lang='lat' dir='ltr'><strong>tiis</strong></span> <span class='ocrx_word' id='word_1_521' title='bbox 637 4317 858 4386; x_wconf 89' lang='lat' dir='ltr'><strong>utrique</strong></span> <span class='ocrx_word' id='word_1_522' title='bbox 896 4318 1222 4372; x_wconf 89' lang='lat' dir='ltr'><strong>retulerunt.</strong></span> <span class='ocrx_word' id='word_1_523' title='bbox 1267 4314 1397 4371; x_wconf 87' lang='lat' dir='ltr'><strong>Post</strong></span> <span class='ocrx_word' id='word_1_524' title='bbox 1435 4331 1649 4371; x_wconf 75' lang='lat' dir='ltr'><strong>cumam</strong></span> <span class='ocrx_word' id='word_1_525' title='bbox 1701 4315 1849 4371; x_wconf 83' lang='lat' dir='ltr'><strong>enim</strong></span> <span class='ocrx_word' id='word_1_526' title='bbox 1874 4355 1889 4381; x_wconf 93' lang='lat'><strong>,</strong></span> <span class='ocrx_word' id='word_1_527' title='bbox 1940 4314 2095 4385; x_wconf 77' lang='lat' dir='ltr'><strong>juxta</strong></span> 
     </span>
    </p>
   </div>
   <div class='ocr_carea' id='block_1_77' title="bbox 513 4407 2096 4480">
    <p class='ocr_par' dir='ltr' id='par_1_77' title="bbox 513 4407 2096 4480">
     <span class='ocr_line' id='line_1_77' title="bbox 513 4407 2096 4480; baseline -0.001 -17"><span class='ocrx_word' id='word_1_528' title='bbox 513 4407 829 4464; x_wconf 61' lang='lat' dir='ltr'><strong>Mattheum</strong></span> <span class='ocrx_word' id='word_1_529' title='bbox 860 4418 914 4465; x_wconf 88' lang='lat' dir='ltr'><strong>et</strong></span> <span class='ocrx_word' id='word_1_530' title='bbox 941 4409 1183 4466; x_wconf 81' lang='lat' dir='ltr'><strong>Marcum</strong></span> <span class='ocrx_word' id='word_1_531' title='bbox 1206 4452 1223 4476; x_wconf 91' lang='lat'><strong>,</strong></span> <span class='ocrx_word' id='word_1_532' title='bbox 1284 4409 1476 4480; x_wconf 80' lang='lat' dir='ltr'><strong>hymno</strong></span> <span class='ocrx_word' id='word_1_533' title='bbox 1523 4409 1664 4463; x_wconf 83' lang='lat' dir='ltr'><strong>dicto</strong></span> <span class='ocrx_word' id='word_1_534' title='bbox 1687 4450 1702 4475; x_wconf 94' lang='lat'><strong>,</strong></span> <span class='ocrx_word' id='word_1_535' title='bbox 1769 4409 2008 4462; x_wconf 74' lang='lat' dir='ltr'><strong>exierunt</strong></span> <span class='ocrx_word' id='word_1_536' title='bbox 2038 4407 2096 4461; x_wconf 68' lang='lat' dir='ltr'><strong>in</strong></span> 
     </span>
    </p>
   </div>
   <div class='ocr_carea' id='block_1_78' title="bbox 2198 3299 3785 3373">
    <p class='ocr_par' dir='ltr' id='par_1_78' title="bbox 2198 3299 3785 3373">
     <span class='ocr_line' id='line_1_78' title="bbox 2198 3299 3785 3373; baseline 0.004 -22"><span class='ocrx_word' id='word_1_537' title='bbox 2198 3299 2331 3369; x_wconf 69' lang='grc' dir='ltr'>περὶ</span> <span class='ocrx_word' id='word_1_538' title='bbox 2351 3299 2446 3368; x_wconf 83' lang='grc' dir='ltr'>τῆς</span> <span class='ocrx_word' id='word_1_539' title='bbox 2476 3300 2838 3371; x_wconf 74' lang='grc' dir='ltr'>προρρήσεως</span> <span class='ocrx_word' id='word_1_540' title='bbox 2868 3301 2966 3371; x_wconf 74' lang='grc' dir='ltr'>τῆς</span> <span class='ocrx_word' id='word_1_541' title='bbox 2990 3302 3195 3372; x_wconf 78' lang='grc' dir='ltr'>Πέτρου</span> <span class='ocrx_word' id='word_1_542' title='bbox 3224 3305 3510 3373; x_wconf 76' lang='grc' dir='ltr'>ἀρνήσεως</span> <span class='ocrx_word' id='word_1_543' title='bbox 3533 3303 3754 3368; x_wconf 77' lang='grc' dir='ltr'>ἐξέθετο</span> <span class='ocrx_word' id='word_1_544' title='bbox 3771 3320 3785 3334; x_wconf 90' lang='grc'><strong>·</strong></span> 
     </span>
    </p>
   </div>
   <div class='ocr_carea' id='block_1_79' title="bbox 2195 3388 3786 3463">
    <p class='ocr_par' dir='ltr' id='par_1_79' title="bbox 2195 3388 3786 3463">
     <span class='ocr_line' id='line_1_79' title="bbox 2195 3388 3786 3463; baseline 0.003 -20"><span class='ocrx_word' id='word_1_545' title='bbox 2195 3390 2266 3443; x_wconf 74' lang='grc' dir='ltr'><strong>τά</strong></span> <span class='ocrx_word' id='word_1_546' title='bbox 2297 3388 2351 3441; x_wconf 76' lang='grc' dir='ltr'>δὲ</span> <span class='ocrx_word' id='word_1_547' title='bbox 2383 3389 2522 3461; x_wconf 78' lang='grc' dir='ltr'>μετᾶ</span> <span class='ocrx_word' id='word_1_548' title='bbox 2566 3390 2626 3443; x_wconf 82' lang='grc' dir='ltr'>τὸ</span> <span class='ocrx_word' id='word_1_549' title='bbox 2656 3390 2872 3446; x_wconf 82' lang='grc' dir='ltr'>δεῖπνον</span> <span class='ocrx_word' id='word_1_550' title='bbox 2923 3391 3202 3457; x_wconf 83' lang='grc' dir='ltr'>Ματθαῖος</span> <span class='ocrx_word' id='word_1_551' title='bbox 3234 3394 3329 3446; x_wconf 77' lang='grc' dir='ltr'>καὶ</span> <span class='ocrx_word' id='word_1_552' title='bbox 3378 3395 3610 3463; x_wconf 84' lang='grc' dir='ltr'>Μάρκος</span> <span class='ocrx_word' id='word_1_553' title='bbox 3645 3395 3786 3448; x_wconf 71' lang='grc' dir='ltr'>ἱστός</span> 
     </span>
    </p>
   </div>
   <div class='ocr_carea' id='block_1_80' title="bbox 2199 3497 2392 3552">
    <p class='ocr_par' dir='ltr' id='par_1_80' title="bbox 2199 3497 2392 3552">
     <span class='ocr_line' id='line_1_80' title="bbox 2199 3497 2392 3552; baseline 0.005 -19"><span class='ocrx_word' id='word_1_554' title='bbox 2199 3497 2392 3552; x_wconf 87' lang='grc' dir='ltr'>ρησαν.</span> 
     </span>
    </p>
   </div>
   <div class='ocr_carea' id='block_1_81' title="bbox 2853 3575 3389 3643">
    <p class='ocr_par' dir='ltr' id='par_1_81' title="bbox 2853 3575 3389 3643">
     <span class='ocr_line' id='line_1_81' title="bbox 2853 3575 3389 3643; baseline 0 -14"><span class='ocrx_word' id='word_1_555' title='bbox 2853 3575 3108 3643; x_wconf 69' lang='grc' dir='ltr'>Ἀποριά.</span> <span class='ocrx_word' id='word_1_556' title='bbox 3383 3634 3389 3640; x_wconf 60' lang='grc'><strong>,</strong></span> 
     </span>
    </p>
   </div>
   <div class='ocr_carea' id='block_1_82' title="bbox 2262 3664 3792 3739">
    <p class='ocr_par' dir='ltr' id='par_1_82' title="bbox 2262 3664 3792 3739">
     <span class='ocr_line' id='line_1_82' title="bbox 2262 3664 3792 3739; baseline -0.001 -18"><span class='ocrx_word' id='word_1_557' title='bbox 2262 3668 2421 3731; x_wconf 81' lang='grc' dir='ltr'>Τίνος</span> <span class='ocrx_word' id='word_1_558' title='bbox 2454 3668 2616 3739; x_wconf 80' lang='grc' dir='ltr'>χάριν</span> <span class='ocrx_word' id='word_1_559' title='bbox 2644 3668 2736 3719; x_wconf 84' lang='grc' dir='ltr'>τὸν</span> <span class='ocrx_word' id='word_1_560' title='bbox 2768 3666 3002 3737; x_wconf 75' lang='grc' dir='ltr'>Ἰησοῦν,</span> <span class='ocrx_word' id='word_1_561' title='bbox 3026 3668 3076 3720; x_wconf 87' lang='grc' dir='ltr'>οἱ</span> <span class='ocrx_word' id='word_1_562' title='bbox 3110 3666 3208 3735; x_wconf 75' lang='grc' dir='ltr'><strong>μὲν</strong></span> <span class='ocrx_word' id='word_1_563' title='bbox 3239 3664 3545 3736; x_wconf 78' lang='grc' dir='ltr'>ἱστοροῦσιν</span> <span class='ocrx_word' id='word_1_564' title='bbox 3573 3666 3629 3717; x_wconf 79' lang='grc' dir='ltr'>ὲν</span> <span class='ocrx_word' id='word_1_565' title='bbox 3661 3665 3792 3719; x_wconf 86' lang='grc' dir='ltr'>Γεθ-</span> 
     </span>
    </p>
   </div>
   <div class='ocr_carea' id='block_1_83' title="bbox 2206 3759 3792 3831">
    <p class='ocr_par' dir='ltr' id='par_1_83' title="bbox 2206 3759 3792 3831">
     <span class='ocr_line' id='line_1_83' title="bbox 2206 3759 3792 3831; baseline -0.001 -17"><span class='ocrx_word' id='word_1_566' title='bbox 2206 3760 2431 3831; x_wconf 85' lang='grc' dir='ltr'>σημανῆ</span> <span class='ocrx_word' id='word_1_567' title='bbox 2472 3759 2810 3831; x_wconf 80' lang='grc' dir='ltr'>παραλαϐεῖν</span> <span class='ocrx_word' id='word_1_568' title='bbox 2860 3761 2987 3823; x_wconf 79' lang='grc' dir='ltr'>τοῦς</span> <span class='ocrx_word' id='word_1_569' title='bbox 3037 3760 3311 3831; x_wconf 76' lang='grc' dir='ltr'>μαθητάς,</span> <span class='ocrx_word' id='word_1_570' title='bbox 3362 3760 3457 3812; x_wconf 76' lang='grc' dir='ltr'>καὶ</span> <span class='ocrx_word' id='word_1_571' title='bbox 3492 3759 3792 3829; x_wconf 77' lang='grc' dir='ltr'>προσεύξα-</span> 
     </span>
    </p>
   </div>
   <div class='ocr_carea' id='block_1_84' title="bbox 2200 3849 3791 3925">
    <p class='ocr_par' dir='ltr' id='par_1_84' title="bbox 2200 3849 3791 3925">
     <span class='ocr_line' id='line_1_84' title="bbox 2200 3849 3791 3925; baseline -0.002 -19"><span class='ocrx_word' id='word_1_572' title='bbox 2200 3853 2363 3920; x_wconf 85' lang='grc' dir='ltr'>σθαι,</span> <span class='ocrx_word' id='word_1_573' title='bbox 2401 3856 2519 3907; x_wconf 78' lang='grc' dir='ltr'>ἐκεῖ</span> <span class='ocrx_word' id='word_1_574' title='bbox 2554 3870 2614 3907; x_wconf 86' lang='grc' dir='ltr'><strong>τε</strong></span> <span class='ocrx_word' id='word_1_575' title='bbox 2648 3852 3023 3925; x_wconf 80' lang='grc' dir='ltr'>παραδοθῆναι</span> <span class='ocrx_word' id='word_1_576' title='bbox 3048 3868 3062 3883; x_wconf 73' lang='grc'><strong>⁸</strong></span> <span class='ocrx_word' id='word_1_577' title='bbox 3096 3853 3309 3915; x_wconf 77' lang='grc' dir='ltr'>Λουκᾶς</span> <span class='ocrx_word' id='word_1_578' title='bbox 3340 3851 3395 3904; x_wconf 83' lang='grc' dir='ltr'>δὲ</span> <span class='ocrx_word' id='word_1_579' title='bbox 3446 3852 3525 3914; x_wconf 86' lang='grc' dir='ltr'><strong>εἰς</strong></span> <span class='ocrx_word' id='word_1_580' title='bbox 3555 3851 3616 3905; x_wconf 83' lang='grc' dir='ltr'>τὸ</span> <span class='ocrx_word' id='word_1_581' title='bbox 3667 3849 3791 3922; x_wconf 70' lang='grc' dir='ltr'>ὅρος</span> 
     </span>
    </p>
   </div>
   <div class='ocr_carea' id='block_1_85' title="bbox 2197 3939 3788 4014">
    <p class='ocr_par' dir='ltr' id='par_1_85' title="bbox 2197 3939 3788 4014">
     <span class='ocr_line' id='line_1_85' title="bbox 2197 3939 3788 4014; baseline -0.004 -16"><span class='ocrx_word' id='word_1_582' title='bbox 2197 3946 2308 3998; x_wconf 90' lang='grc' dir='ltr'><strong>τῶν</strong></span> <span class='ocrx_word' id='word_1_583' title='bbox 2328 3943 2581 3999; x_wconf 74' lang='grc' dir='ltr'><strong>Ἐλαιῶν⁸</strong></span> <span class='ocrx_word' id='word_1_584' title='bbox 2604 3944 2862 4014; x_wconf 79' lang='grc' dir='ltr'>Ἰωάννης</span> <span class='ocrx_word' id='word_1_585' title='bbox 2895 3945 2976 4006; x_wconf 88' lang='grc' dir='ltr'><strong>εἰς</strong></span> <span class='ocrx_word' id='word_1_586' title='bbox 3005 3941 3185 4013; x_wconf 78' lang='grc' dir='ltr'>κῆπόν</span> <span class='ocrx_word' id='word_1_587' title='bbox 3214 3959 3333 3996; x_wconf 89' lang='grc' dir='ltr'>τινα</span> <span class='ocrx_word' id='word_1_588' title='bbox 3361 3940 3534 4013; x_wconf 87' lang='grc' dir='ltr'>πέραν</span> <span class='ocrx_word' id='word_1_589' title='bbox 3552 3939 3653 3994; x_wconf 86' lang='grc' dir='ltr'><strong>τοῦ</strong></span> <span class='ocrx_word' id='word_1_590' title='bbox 3676 3957 3788 4011; x_wconf 78' lang='grc' dir='ltr'>χει-</span> 
     </span>
    </p>
   </div>
   <div class='ocr_carea' id='block_1_86' title="bbox 2201 4036 2838 4107">
    <p class='ocr_par' dir='ltr' id='par_1_86' title="bbox 2201 4036 2838 4107">
     <span class='ocr_line' id='line_1_86' title="bbox 2201 4036 2838 4107; baseline -0.002 -18"><span class='ocrx_word' id='word_1_591' title='bbox 2201 4037 2417 4107; x_wconf 76' lang='grc' dir='ltr'>μάρρου</span> <span class='ocrx_word' id='word_1_592' title='bbox 2447 4036 2557 4089; x_wconf 85' lang='grc' dir='ltr'><strong>τῶν</strong></span> <span class='ocrx_word' id='word_1_593' title='bbox 2585 4036 2807 4107; x_wconf 74' lang='grc' dir='ltr'>Κέδρων</span> <span class='ocrx_word' id='word_1_594' title='bbox 2823 4054 2838 4103; x_wconf 88' lang='grc'>;</span> 
     </span>
    </p>
   </div>
   <div class='ocr_carea' id='block_1_87' title="bbox 2890 4128 3104 4195">
    <p class='ocr_par' dir='ltr' id='par_1_87' title="bbox 2890 4128 3104 4195">
     <span class='ocr_line' id='line_1_87' title="bbox 2890 4128 3104 4195; baseline 0.014 -12"><span class='ocrx_word' id='word_1_595' title='bbox 2890 4128 3104 4195; x_wconf 81' lang='grc' dir='ltr'>Λύσις.</span> 
     </span>
    </p>
   </div>
   <div class='ocr_carea' id='block_1_88' title="bbox 2266 4217 3781 4293">
    <p class='ocr_par' dir='ltr' id='par_1_88' title="bbox 2266 4217 3781 4293">
     <span class='ocr_line' id='line_1_88' title="bbox 2266 4217 3781 4293; baseline -0.003 -18"><span class='ocrx_word' id='word_1_596' title='bbox 2266 4221 2549 4293; x_wconf 61' lang='grc' dir='ltr'>Διαςςόρως</span> <span class='ocrx_word' id='word_1_597' title='bbox 2602 4221 2700 4292; x_wconf 77' lang='grc' dir='ltr'><strong>μὲν</strong></span> <span class='ocrx_word' id='word_1_598' title='bbox 2740 4222 2860 4284; x_wconf 85' lang='grc' dir='ltr'>ταῖς</span> <span class='ocrx_word' id='word_1_599' title='bbox 2904 4221 3103 4285; x_wconf 76' lang='grc' dir='ltr'>λέξεσι,</span> <span class='ocrx_word' id='word_1_600' title='bbox 3138 4217 3448 4291; x_wconf 83' lang='grc' dir='ltr'>συμφώνως</span> <span class='ocrx_word' id='word_1_601' title='bbox 3472 4218 3531 4273; x_wconf 77' lang='grc' dir='ltr'>δὲ</span> <span class='ocrx_word' id='word_1_602' title='bbox 3560 4221 3678 4281; x_wconf 85' lang='grc' dir='ltr'>ταῖς</span> <span class='ocrx_word' id='word_1_603' title='bbox 3702 4219 3781 4271; x_wconf 79' lang='grc' dir='ltr'><strong>ἑν-</strong></span> 
     </span>
    </p>
   </div>
   <div class='ocr_carea' id='block_1_89' title="bbox 2197 4308 3787 4384">
    <p class='ocr_par' dir='ltr' id='par_1_89' title="bbox 2197 4308 3787 4384">
     <span class='ocr_line' id='line_1_89' title="bbox 2197 4308 3787 4384; baseline -0.003 -17"><span class='ocrx_word' id='word_1_604' title='bbox 2197 4314 2369 4376; x_wconf 82' lang='grc' dir='ltr'>νοίαις</span> <span class='ocrx_word' id='word_1_605' title='bbox 2401 4313 2661 4384; x_wconf 83' lang='grc' dir='ltr'>ἑκάτερος</span> <span class='ocrx_word' id='word_1_606' title='bbox 2687 4311 2923 4377; x_wconf 78' lang='grc' dir='ltr'>ἐξέθετο.</span> <span class='ocrx_word' id='word_1_607' title='bbox 2945 4312 3099 4365; x_wconf 85' lang='grc' dir='ltr'>Μετὰ</span> <span class='ocrx_word' id='word_1_608' title='bbox 3124 4312 3232 4382; x_wconf 83' lang='grc' dir='ltr'>γάρ</span> <span class='ocrx_word' id='word_1_609' title='bbox 3251 4311 3312 4363; x_wconf 74' lang='grc' dir='ltr'>τὸ</span> <span class='ocrx_word' id='word_1_610' title='bbox 3345 4310 3583 4375; x_wconf 88' lang='grc' dir='ltr'>δεῖπνον,</span> <span class='ocrx_word' id='word_1_611' title='bbox 3609 4308 3787 4369; x_wconf 85' lang='grc' dir='ltr'>καθὼ;</span> 
     </span>
    </p>
   </div>
   <div class='ocr_carea' id='block_1_90' title="bbox 2196 4401 3790 4475">
    <p class='ocr_par' dir='ltr' id='par_1_90' title="bbox 2196 4401 3790 4475">
     <span class='ocr_line' id='line_1_90' title="bbox 2196 4401 3790 4475; baseline -0.002 -17"><span class='ocrx_word' id='word_1_612' title='bbox 2196 4403 2464 4475; x_wconf 82' lang='grc' dir='ltr'>Ματθαίῳ</span> <span class='ocrx_word' id='word_1_613' title='bbox 2499 4404 2593 4457; x_wconf 79' lang='grc' dir='ltr'>καὶ</span> <span class='ocrx_word' id='word_1_614' title='bbox 2648 4402 2860 4472; x_wconf 84' lang='grc' dir='ltr'>Μάρκῳ</span> <span class='ocrx_word' id='word_1_615' title='bbox 2903 4402 3071 4466; x_wconf 86' lang='grc' dir='ltr'>δοκεῖ,</span> <span class='ocrx_word' id='word_1_616' title='bbox 3103 4401 3490 4472; x_wconf 74' lang='grc' dir='ltr'>ὑμνήσαντες</span> <span class='ocrx_word' id='word_1_617' title='bbox 3529 4401 3790 4470; x_wconf 75' lang='grc' dir='ltr'><strong>ἐξῆλθον</strong></span> 
     </span>
    </p>
   </div>
   <div class='ocr_carea' id='block_1_91' title="bbox 515 4487 2093 4573">
    <p class='ocr_par' dir='ltr' id='par_1_91' title="bbox 515 4500 2093 4573">
     <span class='ocr_line' id='line_1_91' title="bbox 515 4500 2093 4573; baseline 0.001 -19"><span class='ocrx_word' id='word_1_618' title='bbox 515 4511 740 4555; x_wconf 81' lang='lat' dir='ltr'><strong>montem</strong></span> <span class='ocrx_word' id='word_1_619' title='bbox 767 4500 957 4557; x_wconf 78' lang='lat' dir='ltr'><strong>Oliveti</strong></span> <span class='ocrx_word' id='word_1_620' title='bbox 981 4504 1049 4567; x_wconf 81' lang='lat'><strong>“,</strong></span> <span class='ocrx_word' id='word_1_621' title='bbox 1086 4503 1153 4557; x_wconf 92' lang='lat' dir='ltr'><strong>ad</strong></span> <span class='ocrx_word' id='word_1_622' title='bbox 1192 4501 1348 4573; x_wconf 86' lang='lat' dir='ltr'><strong>cujus</strong></span> <span class='ocrx_word' id='word_1_623' title='bbox 1376 4501 1589 4557; x_wconf 87' lang='lat' dir='ltr'><strong>radices</strong></span> <span class='ocrx_word' id='word_1_624' title='bbox 1624 4500 1728 4556; x_wconf 89' lang='lat' dir='ltr'><strong>sita</strong></span> <span class='ocrx_word' id='word_1_625' title='bbox 1760 4509 1844 4555; x_wconf 88' lang='lat' dir='ltr'><strong>est</strong></span> <span class='ocrx_word' id='word_1_626' title='bbox 1869 4501 2093 4556; x_wconf 87' lang='lat' dir='ltr'><strong>Gethse-</strong></span> 
     </span>
    </p>
   </div>
   <div class='ocr_carea' id='block_1_92' title="bbox 2199 4487 3789 4573">
    <p class='ocr_par' dir='ltr' id='par_1_92' title="bbox 2203 4487 3789 4567">
     <span class='ocr_line' id='line_1_92' title="bbox 2203 4487 3789 4567; baseline -0.002 -17"><span class='ocrx_word' id='word_1_627' title='bbox 2203 4499 2291 4563; x_wconf 82' lang='grc' dir='ltr'>εὶς</span> <span class='ocrx_word' id='word_1_628' title='bbox 2319 4495 2382 4550; x_wconf 80' lang='grc' dir='ltr'>τὸ</span> <span class='ocrx_word' id='word_1_629' title='bbox 2407 4495 2544 4566; x_wconf 84' lang='grc' dir='ltr'>ὅρος</span> <span class='ocrx_word' id='word_1_630' title='bbox 2594 4494 2713 4549; x_wconf 81' lang='grc' dir='ltr'>τῶν</span> <span class='ocrx_word' id='word_1_631' title='bbox 2747 4493 3046 4549; x_wconf 64' lang='grc' dir='ltr'>Ἐλαιῶν*</span> <span class='ocrx_word' id='word_1_632' title='bbox 3095 4487 3156 4548; x_wconf 77' lang='grc' dir='ltr'><strong>οὗ</strong></span> <span class='ocrx_word' id='word_1_633' title='bbox 3199 4496 3340 4567; x_wconf 70' lang='grc' dir='ltr'>πρὸς</span> <span class='ocrx_word' id='word_1_634' title='bbox 3391 4495 3454 4548; x_wconf 84' lang='grc' dir='ltr'>τὸ</span> <span class='ocrx_word' id='word_1_635' title='bbox 3498 4495 3789 4567; x_wconf 82' lang='grc' dir='ltr'>προπόδιον</span> 
     </span>
    </p>
   </div>
   <div class='ocr_carea' id='block_1_93' title="bbox 514 4592 2095 4661">
    <p class='ocr_par' dir='ltr' id='par_1_93' title="bbox 514 4592 2095 4661">
     <span class='ocr_line' id='line_1_93' title="bbox 514 4592 2095 4661; baseline 0.002 -15"><span class='ocrx_word' id='word_1_636' title='bbox 514 4594 662 4648; x_wconf 88' lang='lat' dir='ltr'><strong>mani</strong></span> <span class='ocrx_word' id='word_1_637' title='bbox 719 4603 869 4651; x_wconf 88' lang='lat' dir='ltr'><strong>trans</strong></span> <span class='ocrx_word' id='word_1_638' title='bbox 922 4605 1222 4651; x_wconf 89' lang='lat' dir='ltr'><strong>torrentem</strong></span> <span class='ocrx_word' id='word_1_639' title='bbox 1272 4593 1527 4661; x_wconf 86' lang='lat' dir='ltr'><strong>Cedron,</strong></span> <span class='ocrx_word' id='word_1_640' title='bbox 1586 4594 1677 4648; x_wconf 90' lang='lat' dir='ltr'><strong>ubi</strong></span> <span class='ocrx_word' id='word_1_641' title='bbox 1721 4602 1841 4649; x_wconf 89' lang='lat' dir='ltr'><strong>erat</strong></span> <span class='ocrx_word' id='word_1_642' title='bbox 1878 4592 2095 4660; x_wconf 89' lang='lat' dir='ltr'><strong>hortus,</strong></span> 
     </span>
    </p>
   </div>
   <div class='ocr_carea' id='block_1_94' title="bbox 515 4685 2096 4752">
    <p class='ocr_par' dir='ltr' id='par_1_94' title="bbox 515 4685 2096 4752">
     <span class='ocr_line' id='line_1_94' title="bbox 515 4685 2096 4752; baseline 0.003 -17"><span class='ocrx_word' id='word_1_643' title='bbox 515 4685 974 4752; x_wconf 88' lang='lat' dir='ltr'><strong>quemadmodum</strong></span> <span class='ocrx_word' id='word_1_644' title='bbox 994 4702 1023 4740; x_wconf 90' lang='lat' dir='ltr'><strong>a</strong></span> <span class='ocrx_word' id='word_1_645' title='bbox 1047 4685 1263 4741; x_wconf 87' lang='lat' dir='ltr'><strong>Joanne</strong></span> <span class='ocrx_word' id='word_1_646' title='bbox 1286 4686 1493 4741; x_wconf 91' lang='lat' dir='ltr'><strong>dictum</strong></span> <span class='ocrx_word' id='word_1_647' title='bbox 1520 4693 1626 4740; x_wconf 89' lang='lat' dir='ltr'><strong>est.</strong></span> <span class='ocrx_word' id='word_1_648' title='bbox 1648 4686 1806 4741; x_wconf 82' lang='lat' dir='ltr'><strong>Unde</strong></span> <span class='ocrx_word' id='word_1_649' title='bbox 1830 4686 2096 4741; x_wconf 83' lang='lat' dir='ltr'><strong>recedens</strong></span> 
     </span>
    </p>
   </div>
   <div class='ocr_carea' id='block_1_95' title="bbox 513 4775 2097 4848">
    <p class='ocr_par' dir='ltr' id='par_1_95' title="bbox 513 4775 2097 4848">
     <span class='ocr_line' id='line_1_95' title="bbox 513 4775 2097 4848; baseline 0.004 -21"><span class='ocrx_word' id='word_1_650' title='bbox 513 4775 672 4844; x_wconf 86' lang='lat' dir='ltr'><strong>quasi</strong></span> <span class='ocrx_word' id='word_1_651' title='bbox 701 4776 767 4829; x_wconf 91' lang='lat' dir='ltr'><strong>ad</strong></span> <span class='ocrx_word' id='word_1_652' title='bbox 795 4777 1001 4845; x_wconf 72' lang='lat' dir='ltr'><strong>iactum</strong></span> <span class='ocrx_word' id='word_1_653' title='bbox 1031 4778 1249 4848; x_wconf 88' lang='lat' dir='ltr'><strong>lapidis.</strong></span> <span class='ocrx_word' id='word_1_654' title='bbox 1297 4787 1353 4834; x_wconf 87' lang='lat' dir='ltr'><strong>et</strong></span> <span class='ocrx_word' id='word_1_655' title='bbox 1391 4778 1449 4832; x_wconf 91' lang='lat' dir='ltr'><strong>in</strong></span> <span class='ocrx_word' id='word_1_656' title='bbox 1487 4778 1609 4845; x_wconf 89' lang='lat' dir='ltr'><strong>ipso</strong></span> <span class='ocrx_word' id='word_1_657' title='bbox 1643 4778 1848 4833; x_wconf 89' lang='lat' dir='ltr'><strong>montis</strong></span> <span class='ocrx_word' id='word_1_658' title='bbox 1887 4778 2097 4834; x_wconf 79' lang='lat' dir='ltr'><strong>vertice</strong></span> 
     </span>
    </p>
   </div>
   <div class='ocr_carea' id='block_1_96' title="bbox 513 4866 2095 4938">
    <p class='ocr_par' dir='ltr' id='par_1_96' title="bbox 513 4866 2095 4938">
     <span class='ocr_line' id='line_1_96' title="bbox 513 4866 2095 4938; baseline 0.001 -19"><span class='ocrx_word' id='word_1_659' title='bbox 513 4866 864 4932; x_wconf 89' lang='lat' dir='ltr'><strong>constitutus,</strong></span> <span class='ocrx_word' id='word_1_660' title='bbox 897 4868 1205 4937; x_wconf 88' lang='lat' dir='ltr'><strong>iterumque</strong></span> <span class='ocrx_word' id='word_1_661' title='bbox 1230 4882 1413 4933; x_wconf 87' lang='lat' dir='ltr'><strong>orans,</strong></span> <span class='ocrx_word' id='word_1_662' title='bbox 1439 4868 1508 4923; x_wconf 91' lang='lat' dir='ltr'><strong>ad</strong></span> <span class='ocrx_word' id='word_1_663' title='bbox 1538 4867 1836 4938; x_wconf 87' lang='lat' dir='ltr'><strong>discipulos</strong></span> <span class='ocrx_word' id='word_1_664' title='bbox 1853 4868 2006 4922; x_wconf 88' lang='lat' dir='ltr'><strong>venit</strong></span> <span class='ocrx_word' id='word_1_665' title='bbox 2038 4866 2095 4921; x_wconf 90' lang='lat' dir='ltr'><strong>in</strong></span> 
     </span>
    </p>
   </div>
   <div class='ocr_carea' id='block_1_97' title="bbox 511 4957 2090 5032">
    <p class='ocr_par' dir='ltr' id='par_1_97' title="bbox 511 4957 2090 5032">
     <span class='ocr_line' id='line_1_97' title="bbox 511 4957 2090 5032; baseline 0 -19"><span class='ocrx_word' id='word_1_666' title='bbox 511 4957 864 5014; x_wconf 81' lang='lat' dir='ltr'><strong>Gethsemani</strong></span> <span class='ocrx_word' id='word_1_667' title='bbox 900 4974 1097 5015; x_wconf 87' lang='lat' dir='ltr'><strong>somno</strong></span> <span class='ocrx_word' id='word_1_668' title='bbox 1131 4969 1418 5030; x_wconf 81' lang='lat' dir='ltr'><strong>gravatos;</strong></span> <span class='ocrx_word' id='word_1_669' title='bbox 1482 4959 1576 5016; x_wconf 92' lang='lat' dir='ltr'><strong>ubi</strong></span> <span class='ocrx_word' id='word_1_670' title='bbox 1614 4969 1671 5015; x_wconf 88' lang='lat' dir='ltr'><strong>et</strong></span> <span class='ocrx_word' id='word_1_671' title='bbox 1724 4960 2090 5032; x_wconf 87' lang='lat' dir='ltr'><strong>comprehen-</strong></span> 
     </span>
    </p>
   </div>
   <div class='ocr_carea' id='block_1_98' title="bbox 509 5058 737 5107">
    <p class='ocr_par' dir='ltr' id='par_1_98' title="bbox 509 5058 737 5107">
     <span class='ocr_line' id='line_1_98' title="bbox 509 5058 737 5107; baseline -0.004 -1"><span class='ocrx_word' id='word_1_672' title='bbox 509 5066 605 5107; x_wconf 82' lang='lat' dir='ltr'><strong>sus</strong></span> <span class='ocrx_word' id='word_1_673' title='bbox 635 5058 737 5107; x_wconf 77' lang='grc' dir='ltr'>εει.</span> 
     </span>
    </p>
   </div>
   <div class='ocr_carea' id='block_1_99' title="bbox 1040 5142 1573 5215">
    <p class='ocr_par' dir='ltr' id='par_1_99' title="bbox 1040 5142 1573 5215">
     <span class='ocr_line' id='line_1_99' title="bbox 1040 5142 1573 5215; baseline -0.004 -16"><span class='ocrx_word' id='word_1_674' title='bbox 1040 5142 1335 5215; x_wconf 74' lang='lat' dir='ltr'><strong>Diﬁicultas</strong></span> <span class='ocrx_word' id='word_1_675' title='bbox 1364 5158 1573 5198; x_wconf 80' lang='lat' dir='ltr'><strong>xxxv&quot;.</strong></span> 
     </span>
    </p>
   </div>
   <div class='ocr_carea' id='block_1_100' title="bbox 580 5234 2090 5306">
    <p class='ocr_par' dir='ltr' id='par_1_100' title="bbox 580 5234 2090 5306">
     <span class='ocr_line' id='line_1_100' title="bbox 580 5234 2090 5306; baseline 0.001 -18"><span class='ocrx_word' id='word_1_676' title='bbox 580 5236 643 5289; x_wconf 88' lang='lat' dir='ltr'><strong>In</strong></span> <span class='ocrx_word' id='word_1_677' title='bbox 668 5249 830 5305; x_wconf 88' lang='lat' dir='ltr'><strong>quem</strong></span> <span class='ocrx_word' id='word_1_678' title='bbox 860 5235 1087 5293; x_wconf 90' lang='lat' dir='ltr'><strong>modum</strong></span> <span class='ocrx_word' id='word_1_679' title='bbox 1118 5235 1407 5290; x_wconf 67' lang='lat' dir='ltr'><strong>Matthaeus</strong></span> <span class='ocrx_word' id='word_1_680' title='bbox 1428 5244 1484 5290; x_wconf 90' lang='lat' dir='ltr'><strong>et</strong></span> <span class='ocrx_word' id='word_1_681' title='bbox 1518 5234 1733 5292; x_wconf 83' lang='lat' dir='ltr'><strong>Marcus</strong></span> <span class='ocrx_word' id='word_1_682' title='bbox 1785 5244 1866 5292; x_wconf 89' lang='lat' dir='ltr'><strong>ter</strong></span> <span class='ocrx_word' id='word_1_683' title='bbox 1912 5236 2090 5306; x_wconf 85' lang='lat' dir='ltr'><strong>ipsum</strong></span> 
     </span>
    </p>
   </div>
   <div class='ocr_carea' id='block_1_101' title="bbox 505 5327 2102 5401">
    <p class='ocr_par' dir='ltr' id='par_1_101' title="bbox 505 5327 2102 5401">
     <span class='ocr_line' id='line_1_101' title="bbox 505 5327 2102 5401; baseline 0.001 -19"><span class='ocrx_word' id='word_1_684' title='bbox 505 5336 735 5382; x_wconf 88' lang='lat' dir='ltr'><strong>narrant</strong></span> <span class='ocrx_word' id='word_1_685' title='bbox 787 5327 855 5384; x_wconf 89' lang='lat' dir='ltr'><strong>de</strong></span> <span class='ocrx_word' id='word_1_686' title='bbox 906 5327 1164 5401; x_wconf 82' lang='lat' dir='ltr'><strong>passione</strong></span> <span class='ocrx_word' id='word_1_687' title='bbox 1230 5341 1418 5381; x_wconf 86' lang='lat' dir='ltr'><strong>orasse</strong></span> <span class='ocrx_word' id='word_1_688' title='bbox 1466 5345 1481 5395; x_wconf 90' lang='lat'><strong>;</strong></span> <span class='ocrx_word' id='word_1_689' title='bbox 1527 5327 1704 5384; x_wconf 88' lang='lat' dir='ltr'><strong>Lucas</strong></span> <span class='ocrx_word' id='word_1_690' title='bbox 1737 5370 1754 5396; x_wconf 90' lang='lat'><strong>,</strong></span> <span class='ocrx_word' id='word_1_691' title='bbox 1787 5329 1995 5394; x_wconf 89' lang='lat' dir='ltr'><strong>semel;</strong></span> <span class='ocrx_word' id='word_1_692' title='bbox 2044 5338 2102 5384; x_wconf 89' lang='lat' dir='ltr'><strong>at</strong></span> 
     </span>
    </p>
   </div>
   <div class='ocr_carea' id='block_1_102' title="bbox 503 5415 1707 5489">
    <p class='ocr_par' dir='ltr' id='par_1_102' title="bbox 503 5415 1707 5489">
     <span class='ocr_line' id='line_1_102' title="bbox 503 5415 1707 5489; baseline 0.001 -19"><span class='ocrx_word' id='word_1_693' title='bbox 503 5416 746 5471; x_wconf 83' lang='lat' dir='ltr'><strong>Joannes</strong></span> <span class='ocrx_word' id='word_1_694' title='bbox 772 5431 951 5489; x_wconf 88' lang='lat' dir='ltr'><strong>neque</strong></span> <span class='ocrx_word' id='word_1_695' title='bbox 992 5415 1100 5474; x_wconf 78' lang='lat' dir='ltr'><strong>hoc</strong></span> <span class='ocrx_word' id='word_1_696' title='bbox 1121 5415 1326 5471; x_wconf 87' lang='lat' dir='ltr'><strong>litteris</strong></span> <span class='ocrx_word' id='word_1_697' title='bbox 1370 5416 1593 5471; x_wconf 85' lang='lat' dir='ltr'><strong>tradidit</strong></span> <span class='ocrx_word' id='word_1_698' title='bbox 1615 5416 1707 5471; x_wconf 73' lang='grc' dir='ltr'><strong>¹³ἳ</strong></span> 
     </span>
    </p>
   </div>
   <div class='ocr_carea' id='block_1_103' title="bbox 579 5552 3241 5626">
    <p class='ocr_par' dir='ltr' id='par_1_103' title="bbox 579 5552 3241 5626">
     <span class='ocr_line' id='line_1_103' title="bbox 579 5552 3241 5626; baseline 0.002 -19"><span class='ocrx_word' id='word_1_699' title='bbox 579 5554 625 5626; x_wconf 65' lang='grc' dir='ltr'><strong>ξ’</strong></span> <span class='ocrx_word' id='word_1_700' title='bbox 662 5553 795 5609; x_wconf 87' lang='lat' dir='ltr'><strong>Luc.</strong></span> <span class='ocrx_word' id='word_1_701' title='bbox 829 5552 1111 5626; x_wconf 44' lang='grc' dir='ltr'><strong>κτὼ-25.-</strong></span> <span class='ocrx_word' id='word_1_702' title='bbox 1165 5553 1209 5585; x_wconf 83' lang='lat'>&quot;</span> <span class='ocrx_word' id='word_1_703' title='bbox 1229 5553 1419 5626; x_wconf 75' lang='lat' dir='ltr'><strong>Matth.</strong></span> <span class='ocrx_word' id='word_1_704' title='bbox 1454 5570 1542 5617; x_wconf 76' lang='lat' dir='ltr'><strong>xx,</strong></span> <span class='ocrx_word' id='word_1_705' title='bbox 1569 5556 1675 5626; x_wconf 28' lang='lat' dir='ltr'><strong>2A5;</strong></span> <span class='ocrx_word' id='word_1_706' title='bbox 1708 5555 1872 5611; x_wconf 79' lang='lat' dir='ltr'><strong>Marc.</strong></span> <span class='ocrx_word' id='word_1_707' title='bbox 1906 5572 1960 5621; x_wconf 75' lang='grc' dir='ltr'>ι,</span> <span class='ocrx_word' id='word_1_708' title='bbox 1989 5558 2092 5623; x_wconf 71' lang='grc'><strong>42;</strong></span> <span class='ocrx_word' id='word_1_709' title='bbox 2140 5556 2333 5615; x_wconf 82' lang='lat' dir='ltr'><strong>Matth.</strong></span> <span class='ocrx_word' id='word_1_710' title='bbox 2389 5565 2540 5623; x_wconf 69' lang='grc' dir='ltr'>χιιινι,</span> <span class='ocrx_word' id='word_1_711' title='bbox 2581 5560 2652 5615; x_wconf 76' lang='grc'><strong>50</strong></span> <span class='ocrx_word' id='word_1_712' title='bbox 2681 5576 2696 5626; x_wconf 90' lang='grc'><strong>;</strong></span> <span class='ocrx_word' id='word_1_713' title='bbox 2753 5558 2921 5615; x_wconf 77' lang='lat' dir='ltr'><strong>Marc.</strong></span> <span class='ocrx_word' id='word_1_714' title='bbox 2969 5576 3062 5615; x_wconf 72' lang='lat' dir='ltr'><strong>Juv</strong></span> <span class='ocrx_word' id='word_1_715' title='bbox 3086 5600 3101 5624; x_wconf 89' lang='lat'><strong>,</strong></span> <span class='ocrx_word' id='word_1_716' title='bbox 3150 5558 3241 5616; x_wconf 71' lang='lat'><strong>26.</strong></span> 
     </span>
    </p>
   </div>
   <div class='ocr_carea' id='block_1_104' title="bbox 2090 5627 3116 5695">
    <p class='ocr_par' dir='ltr' id='par_1_104' title="bbox 2090 5627 3116 5695">
     <span class='ocr_line' id='line_1_104' title="bbox 2090 5627 3116 5695; baseline 0.004 -14"><span class='ocrx_word' id='word_1_717' title='bbox 2090 5630 2134 5662; x_wconf 74' lang='grc'><strong>’⁵</strong></span> <span class='ocrx_word' id='word_1_718' title='bbox 2178 5628 2311 5684; x_wconf 85' lang='lat' dir='ltr'><strong>Luc.</strong></span> <span class='ocrx_word' id='word_1_719' title='bbox 2365 5644 2502 5689; x_wconf 74' lang='lat' dir='ltr'><strong>xx&quot;.</strong></span> <span class='ocrx_word' id='word_1_720' title='bbox 2561 5627 2850 5695; x_wconf 67' lang='lat' dir='ltr'><strong>34;Joan.</strong></span> <span class='ocrx_word' id='word_1_721' title='bbox 2873 5631 3116 5692; x_wconf 58' lang='lat'><strong>“11,38.</strong></span> 
     </span>
    </p>
   </div>
   <div class='ocr_carea' id='block_1_105' title="bbox 2019 5697 3067 5769">
    <p class='ocr_par' dir='ltr' id='par_1_105' title="bbox 2019 5697 3067 5769">
     <span class='ocr_line' id='line_1_105' title="bbox 2019 5697 3067 5769; baseline 0.001 -15"><span class='ocrx_word' id='word_1_722' title='bbox 2019 5699 2063 5728; x_wconf 81' lang='lat'><strong>&quot;</strong></span> <span class='ocrx_word' id='word_1_723' title='bbox 2084 5697 2272 5754; x_wconf 79' lang='lat' dir='ltr'><strong>Matth.</strong></span> <span class='ocrx_word' id='word_1_724' title='bbox 2301 5715 2446 5767; x_wconf 77' lang='lat' dir='ltr'><strong>xxvi,</strong></span> <span class='ocrx_word' id='word_1_725' title='bbox 2469 5700 2568 5767; x_wconf 83' lang='lat'><strong>&#39;50;</strong></span> <span class='ocrx_word' id='word_1_726' title='bbox 2605 5699 2773 5757; x_wconf 85' lang='lat' dir='ltr'><strong>Marc.</strong></span> <span class='ocrx_word' id='word_1_727' title='bbox 2808 5718 2933 5769; x_wconf 79' lang='lat' dir='ltr'><strong>xw,</strong></span> <span class='ocrx_word' id='word_1_728' title='bbox 2974 5701 3067 5756; x_wconf 70' lang='lat'><strong>26.</strong></span> 
     </span>
    </p>
   </div>
   <div class='ocr_carea' id='block_1_106' title="bbox 506 5621 1392 5691">
    <p class='ocr_par' dir='ltr' id='par_1_106' title="bbox 506 5621 1392 5691">
     <span class='ocr_line' id='line_1_106' title="bbox 506 5621 1392 5691; baseline 0.007 -19"><span class='ocrx_word' id='word_1_729' title='bbox 506 5624 553 5691; x_wconf 51' lang='grc'><strong>9⁸</strong></span> <span class='ocrx_word' id='word_1_730' title='bbox 567 5621 702 5675; x_wconf 84' lang='lat' dir='ltr'><strong>Luc.</strong></span> <span class='ocrx_word' id='word_1_731' title='bbox 724 5639 800 5687; x_wconf 78' lang='lat' dir='ltr'><strong>vr,</strong></span> <span class='ocrx_word' id='word_1_732' title='bbox 826 5626 929 5687; x_wconf 71' lang='lat'><strong>20;</strong></span> <span class='ocrx_word' id='word_1_733' title='bbox 962 5621 1155 5678; x_wconf 79' lang='lat' dir='ltr'><strong>Matth.</strong></span> <span class='ocrx_word' id='word_1_734' title='bbox 1181 5638 1273 5691; x_wconf 77' lang='lat' dir='ltr'><strong>xx,</strong></span> <span class='ocrx_word' id='word_1_735' title='bbox 1301 5623 1392 5678; x_wconf 72' lang='grc'>25.</span> 
     </span>
    </p>
   </div>
   <div class='ocr_carea' id='block_1_107' title="bbox 504 5690 1404 5759">
    <p class='ocr_par' dir='ltr' id='par_1_107' title="bbox 504 5690 1404 5759">
     <span class='ocr_line' id='line_1_107' title="bbox 504 5690 1404 5759; baseline 0.01 -21"><span class='ocrx_word' id='word_1_736' title='bbox 504 5690 676 5759; x_wconf 57' lang='grc' dir='ltr'>μοι-ε.</span> <span class='ocrx_word' id='word_1_737' title='bbox 707 5705 819 5754; x_wconf 77' lang='grc' dir='ltr'>κιν,</span> <span class='ocrx_word' id='word_1_738' title='bbox 843 5692 950 5755; x_wconf 71' lang='lat'><strong>&#39;52;</strong></span> <span class='ocrx_word' id='word_1_739' title='bbox 978 5692 1111 5744; x_wconf 87' lang='lat' dir='ltr'><strong>Luc.</strong></span> <span class='ocrx_word' id='word_1_740' title='bbox 1138 5690 1271 5755; x_wconf 81' lang='lat' dir='ltr'><strong>xm,</strong></span> <span class='ocrx_word' id='word_1_741' title='bbox 1301 5694 1404 5759; x_wconf 83' lang='lat'><strong>39;</strong></span> 
     </span>
    </p>
   </div>
   <div class='ocr_carea' id='block_1_108' title="bbox 508 5756 1387 5827">
    <p class='ocr_par' dir='ltr' id='par_1_108' title="bbox 508 5756 1387 5827">
     <span class='ocr_line' id='line_1_108' title="bbox 508 5756 1387 5827; baseline 0.006 -18"><span class='ocrx_word' id='word_1_742' title='bbox 508 5756 675 5809; x_wconf 79' lang='lat' dir='ltr'><strong>Marc.</strong></span> <span class='ocrx_word' id='word_1_743' title='bbox 699 5771 811 5820; x_wconf 74' lang='lat' dir='ltr'><strong>xw,</strong></span> <span class='ocrx_word' id='word_1_744' title='bbox 844 5759 938 5825; x_wconf 68' lang='lat'><strong>4|;</strong></span> <span class='ocrx_word' id='word_1_745' title='bbox 980 5760 1110 5812; x_wconf 85' lang='lat' dir='ltr'><strong>Luc.</strong></span> <span class='ocrx_word' id='word_1_746' title='bbox 1141 5776 1275 5827; x_wconf 71' lang='grc' dir='ltr'>χιιι,</span> <span class='ocrx_word' id='word_1_747' title='bbox 1299 5761 1387 5815; x_wconf 77' lang='grc'><strong>41.</strong></span> 
     </span>
    </p>
   </div>
   <div class='ocr_carea' id='block_1_109' title="bbox 1509 5624 1976 5691">
    <p class='ocr_par' dir='ltr' id='par_1_109' title="bbox 1509 5624 1976 5691">
     <span class='ocr_line' id='line_1_109' title="bbox 1509 5624 1976 5691; baseline 0 -10"><span class='ocrx_word' id='word_1_748' title='bbox 1509 5626 1550 5659; x_wconf 73' lang='grc'>⁸⁸</span> <span class='ocrx_word' id='word_1_749' title='bbox 1588 5624 1745 5681; x_wconf 91' lang='lat' dir='ltr'><strong>Joan.</strong></span> <span class='ocrx_word' id='word_1_750' title='bbox 1774 5642 1895 5691; x_wconf 83' lang='lat' dir='ltr'><strong>xtu,</strong></span> <span class='ocrx_word' id='word_1_751' title='bbox 1922 5631 1976 5691; x_wconf 65' lang='lat'><strong>4,</strong></span> 
     </span>
    </p>
   </div>
   <div class='ocr_carea' id='block_1_110' title="bbox 1478 5693 1905 5762">
    <p class='ocr_par' dir='ltr' id='par_1_110' title="bbox 1478 5693 1905 5762">
     <span class='ocr_line' id='line_1_110' title="bbox 1478 5693 1905 5762; baseline 0.007 -14"><span class='ocrx_word' id='word_1_752' title='bbox 1478 5693 1636 5750; x_wconf 83' lang='lat' dir='ltr'><strong>Joan.</strong></span> <span class='ocrx_word' id='word_1_753' title='bbox 1665 5711 1816 5762; x_wconf 74' lang='lat' dir='ltr'><strong>xvm,</strong></span> <span class='ocrx_word' id='word_1_754' title='bbox 1854 5698 1905 5751; x_wconf 81' lang='lat' dir='ltr'><strong>l.</strong></span> 
     </span>
    </p>
   </div>
   <div class='ocr_carea' id='block_1_111' title="bbox 2201 4586 3785 4659">
    <p class='ocr_par' dir='ltr' id='par_1_111' title="bbox 2201 4586 3785 4659">
     <span class='ocr_line' id='line_1_111' title="bbox 2201 4586 3785 4659; baseline -0.003 -17"><span class='ocrx_word' id='word_1_755' title='bbox 2201 4589 2528 4659; x_wconf 80' lang='grc' dir='ltr'>Γεθσημανῆ</span> <span class='ocrx_word' id='word_1_756' title='bbox 2543 4588 2912 4659; x_wconf 82' lang='grc' dir='ltr'>κείταιπέραν</span> <span class='ocrx_word' id='word_1_757' title='bbox 2943 4586 3039 4641; x_wconf 81' lang='grc' dir='ltr'><strong>τοῦ</strong></span> <span class='ocrx_word' id='word_1_758' title='bbox 3071 4589 3377 4659; x_wconf 72' lang='grc' dir='ltr'>χειμάρρου</span> <span class='ocrx_word' id='word_1_759' title='bbox 3402 4588 3511 4640; x_wconf 91' lang='grc' dir='ltr'><strong>τῶν</strong></span> <span class='ocrx_word' id='word_1_760' title='bbox 3537 4586 3785 4655; x_wconf 80' lang='grc' dir='ltr'>Κέδρων,</span> 
     </span>
    </p>
   </div>
   <div class='ocr_carea' id='block_1_112' title="bbox 2201 4674 3785 4753">
    <p class='ocr_par' dir='ltr' id='par_1_112' title="bbox 2201 4674 3785 4753">
     <span class='ocr_line' id='line_1_112' title="bbox 2201 4674 3785 4753; baseline -0.004 -19"><span class='ocrx_word' id='word_1_761' title='bbox 2201 4680 2332 4734; x_wconf 77' lang='grc' dir='ltr'>ἔνθα</span> <span class='ocrx_word' id='word_1_762' title='bbox 2370 4676 2438 4753; x_wconf 81' lang='grc' dir='ltr'>ἦν</span> <span class='ocrx_word' id='word_1_763' title='bbox 2468 4684 2665 4750; x_wconf 75' lang='grc' dir='ltr'>κῆπος,</span> <span class='ocrx_word' id='word_1_764' title='bbox 2696 4674 2837 4733; x_wconf 79' lang='grc' dir='ltr'>κατὰ</span> <span class='ocrx_word' id='word_1_765' title='bbox 2879 4679 2942 4732; x_wconf 77' lang='grc' dir='ltr'><strong>τὸ</strong></span> <span class='ocrx_word' id='word_1_766' title='bbox 2988 4681 3093 4733; x_wconf 83' lang='grc' dir='ltr'><strong>ὑπὸ</strong></span> <span class='ocrx_word' id='word_1_767' title='bbox 3122 4680 3373 4734; x_wconf 82' lang='grc' dir='ltr'>Ἰωάννου</span> <span class='ocrx_word' id='word_1_768' title='bbox 3419 4679 3629 4749; x_wconf 76' lang='grc' dir='ltr'>λεχθέν·</span> <span class='ocrx_word' id='word_1_769' title='bbox 3667 4677 3785 4731; x_wconf 81' lang='grc' dir='ltr'>ὅθεν</span> 
     </span>
    </p>
   </div>
   <div class='ocr_carea' id='block_1_113' title="bbox 2199 4771 3785 4845">
    <p class='ocr_par' dir='ltr' id='par_1_113' title="bbox 2199 4771 3785 4845">
     <span class='ocr_line' id='line_1_113' title="bbox 2199 4771 3785 4845; baseline -0.002 -18"><span class='ocrx_word' id='word_1_770' title='bbox 2199 4773 2421 4837; x_wconf 80' lang='grc' dir='ltr'>διαστὰς</span> <span class='ocrx_word' id='word_1_771' title='bbox 2447 4772 2581 4827; x_wconf 73' lang='grc' dir='ltr'>ὡσεὶ</span> <span class='ocrx_word' id='word_1_772' title='bbox 2627 4771 2776 4828; x_wconf 90' lang='grc' dir='ltr'>λίθου</span> <span class='ocrx_word' id='word_1_773' title='bbox 2809 4772 2993 4845; x_wconf 81' lang='grc' dir='ltr'>βολὴν,</span> <span class='ocrx_word' id='word_1_774' title='bbox 3028 4774 3124 4827; x_wconf 75' lang='grc' dir='ltr'>καὶ</span> <span class='ocrx_word' id='word_1_775' title='bbox 3151 4773 3289 4844; x_wconf 78' lang='grc' dir='ltr'>πρὸς</span> <span class='ocrx_word' id='word_1_776' title='bbox 3317 4774 3455 4845; x_wconf 73' lang='grc' dir='ltr'>αὐτῇ</span> <span class='ocrx_word' id='word_1_777' title='bbox 3482 4775 3548 4843; x_wconf 81' lang='grc' dir='ltr'>τῇ</span> <span class='ocrx_word' id='word_1_778' title='bbox 3577 4772 3785 4843; x_wconf 76' lang='grc' dir='ltr'>κορυφῇ</span> 
     </span>
    </p>
   </div>
   <div class='ocr_carea' id='block_1_114' title="bbox 2201 4864 3787 4938">
    <p class='ocr_par' dir='ltr' id='par_1_114' title="bbox 2201 4864 3787 4938">
     <span class='ocr_line' id='line_1_114' title="bbox 2201 4864 3787 4938; baseline -0.002 -18"><span class='ocrx_word' id='word_1_779' title='bbox 2201 4865 2296 4920; x_wconf 82' lang='grc' dir='ltr'><strong>τοῦ</strong></span> <span class='ocrx_word' id='word_1_780' title='bbox 2317 4866 2479 4938; x_wconf 77' lang='grc' dir='ltr'>ὄρους</span> <span class='ocrx_word' id='word_1_781' title='bbox 2507 4866 2821 4936; x_wconf 76' lang='grc' dir='ltr'>γενόμενος,</span> <span class='ocrx_word' id='word_1_782' title='bbox 2845 4867 2940 4920; x_wconf 78' lang='grc' dir='ltr'>καὶ</span> <span class='ocrx_word' id='word_1_783' title='bbox 2971 4867 3410 4938; x_wconf 77' lang='grc' dir='ltr'>προσευξάμενος</span> <span class='ocrx_word' id='word_1_784' title='bbox 3444 4864 3630 4928; x_wconf 79' lang='grc' dir='ltr'>πάλιν,</span> <span class='ocrx_word' id='word_1_785' title='bbox 3655 4865 3787 4936; x_wconf 73' lang='grc' dir='ltr'>πρὸς</span> 
     </span>
    </p>
   </div>
   <div class='ocr_carea' id='block_1_115' title="bbox 2198 4957 3784 5034">
    <p class='ocr_par' dir='ltr' id='par_1_115' title="bbox 2198 4957 3784 5034">
     <span class='ocr_line' id='line_1_115' title="bbox 2198 4957 3784 5034; baseline -0.004 -18"><span class='ocrx_word' id='word_1_786' title='bbox 2198 4964 2323 5026; x_wconf 81' lang='grc' dir='ltr'>τοὺς</span> <span class='ocrx_word' id='word_1_787' title='bbox 2356 4962 2605 5034; x_wconf 87' lang='grc' dir='ltr'>μαθητὰς</span> <span class='ocrx_word' id='word_1_788' title='bbox 2630 4957 2794 5032; x_wconf 80' lang='grc' dir='ltr'>ἦλθεν</span> <span class='ocrx_word' id='word_1_789' title='bbox 2841 4963 2900 5014; x_wconf 82' lang='grc' dir='ltr'><strong>ὲν</strong></span> <span class='ocrx_word' id='word_1_790' title='bbox 2931 4960 3259 5031; x_wconf 83' lang='grc' dir='ltr'>Γεθσημανῆ</span> <span class='ocrx_word' id='word_1_791' title='bbox 3294 4958 3447 5031; x_wconf 79' lang='grc' dir='ltr'>ὕπνῳ</span> <span class='ocrx_word' id='word_1_792' title='bbox 3475 4957 3784 5029; x_wconf 74' lang='grc' dir='ltr'>βεϐαρημέ-</span> 
     </span>
    </p>
   </div>
   <div class='ocr_carea' id='block_1_116' title="bbox 2200 5052 3001 5125">
    <p class='ocr_par' dir='ltr' id='par_1_116' title="bbox 2200 5052 3001 5125">
     <span class='ocr_line' id='line_1_116' title="bbox 2200 5052 3001 5125; baseline -0.002 -17"><span class='ocrx_word' id='word_1_793' title='bbox 2200 5071 2347 5119; x_wconf 88' lang='grc' dir='ltr'>νους,</span> <span class='ocrx_word' id='word_1_794' title='bbox 2382 5052 2509 5108; x_wconf 78' lang='grc' dir='ltr'>ἔνθα</span> <span class='ocrx_word' id='word_1_795' title='bbox 2538 5054 2633 5110; x_wconf 76' lang='grc' dir='ltr'>καὶ</span> <span class='ocrx_word' id='word_1_796' title='bbox 2670 5054 3001 5125; x_wconf 76' lang='grc' dir='ltr'>συνελήφθη.</span> 
     </span>
    </p>
   </div>
   <div class='ocr_carea' id='block_1_117' title="bbox 2884 5145 3144 5213">
    <p class='ocr_par' dir='ltr' id='par_1_117' title="bbox 2884 5145 3144 5213">
     <span class='ocr_line' id='line_1_117' title="bbox 2884 5145 3144 5213; baseline -0.008 -12"><span class='ocrx_word' id='word_1_797' title='bbox 2884 5145 3144 5213; x_wconf 78' lang='grc' dir='ltr'>Ἂπορία.</span> 
     </span>
    </p>
   </div>
   <div class='ocr_carea' id='block_1_118' title="bbox 2271 5232 3784 5308">
    <p class='ocr_par' dir='ltr' id='par_1_118' title="bbox 2271 5232 3784 5308">
     <span class='ocr_line' id='line_1_118' title="bbox 2271 5232 3784 5308; baseline -0.001 -18"><span class='ocrx_word' id='word_1_798' title='bbox 2271 5235 2397 5301; x_wconf 87' lang='grc' dir='ltr'>Πῶς</span> <span class='ocrx_word' id='word_1_799' title='bbox 2427 5237 2711 5302; x_wconf 82' lang='grc' dir='ltr'>Ματθαῖος</span> <span class='ocrx_word' id='word_1_800' title='bbox 2742 5238 2837 5291; x_wconf 76' lang='grc' dir='ltr'>καὶ</span> <span class='ocrx_word' id='word_1_801' title='bbox 2864 5237 3097 5308; x_wconf 82' lang='grc' dir='ltr'>Μάρκος</span> <span class='ocrx_word' id='word_1_802' title='bbox 3130 5235 3249 5308; x_wconf 70' lang='grc' dir='ltr'>τρὶς</span> <span class='ocrx_word' id='word_1_803' title='bbox 3271 5234 3438 5290; x_wconf 79' lang='grc' dir='ltr'>αὐτὸν</span> <span class='ocrx_word' id='word_1_804' title='bbox 3467 5232 3784 5305; x_wconf 74' lang='grc' dir='ltr'>ἐξηγοῦνται</span> 
     </span>
    </p>
   </div>
   <div class='ocr_carea' id='block_1_119' title="bbox 2200 5321 3832 5398">
    <p class='ocr_par' dir='ltr' id='par_1_119' title="bbox 2200 5321 3832 5398">
     <span class='ocr_line' id='line_1_119' title="bbox 2200 5321 3832 5398; baseline -0.001 -18"><span class='ocrx_word' id='word_1_805' title='bbox 2200 5328 2329 5398; x_wconf 77' lang='grc' dir='ltr'>περὶ</span> <span class='ocrx_word' id='word_1_806' title='bbox 2388 5326 2483 5381; x_wconf 84' lang='grc' dir='ltr'><strong>τοῦ</strong></span> <span class='ocrx_word' id='word_1_807' title='bbox 2524 5328 2733 5391; x_wconf 86' lang='grc' dir='ltr'>πάθους</span> <span class='ocrx_word' id='word_1_808' title='bbox 2780 5326 3225 5398; x_wconf 76' lang='grc' dir='ltr'>προσεύξασθαιο</span> <span class='ocrx_word' id='word_1_809' title='bbox 3253 5328 3471 5390; x_wconf 77' lang='grc' dir='ltr'>Λουκᾶς</span> <span class='ocrx_word' id='word_1_810' title='bbox 3513 5327 3571 5381; x_wconf 86' lang='grc' dir='ltr'>δὲ</span> <span class='ocrx_word' id='word_1_811' title='bbox 3600 5326 3782 5391; x_wconf 76' lang='grc' dir='ltr'>άπαξο</span> <span class='ocrx_word' id='word_1_812' title='bbox 3818 5321 3832 5351; x_wconf 80' lang='lat'><em>&#39;</em></span> 
     </span>
    </p>
   </div>
   <div class='ocr_carea' id='block_1_120' title="bbox 2194 5416 3222 5490">
    <p class='ocr_par' dir='ltr' id='par_1_120' title="bbox 2194 5416 3222 5490">
     <span class='ocr_line' id='line_1_120' title="bbox 2194 5416 3222 5490; baseline 0.001 -20"><span class='ocrx_word' id='word_1_813' title='bbox 2194 5419 2452 5490; x_wconf 84' lang='grc' dir='ltr'>Ἰωάννης</span> <span class='ocrx_word' id='word_1_814' title='bbox 2480 5419 2537 5472; x_wconf 71' lang='grc' dir='ltr'>δὲ</span> <span class='ocrx_word' id='word_1_815' title='bbox 2562 5420 2683 5473; x_wconf 79' lang='grc' dir='ltr'>οὐδὲ</span> <span class='ocrx_word' id='word_1_816' title='bbox 2708 5418 2867 5473; x_wconf 86' lang='grc' dir='ltr'>τοῦτο</span> <span class='ocrx_word' id='word_1_817' title='bbox 2896 5416 3185 5484; x_wconf 81' lang='grc' dir='ltr'>συνέταξεν</span> <span class='ocrx_word' id='word_1_818' title='bbox 3207 5437 3222 5486; x_wconf 85' lang='lat'><strong>;</strong></span> 
     </span>
    </p>
   </div>
   <div class='ocr_carea' id='block_1_121' title="bbox 3356 5557 3783 5624">
    <p class='ocr_par' dir='ltr' id='par_1_121' title="bbox 3356 5557 3783 5624">
     <span class='ocr_line' id='line_1_121' title="bbox 3356 5557 3783 5624; baseline 0.002 -10"><span class='ocrx_word' id='word_1_819' title='bbox 3356 5560 3399 5591; x_wconf 83' lang='grc'><strong>¹⁷</strong></span> <span class='ocrx_word' id='word_1_820' title='bbox 3435 5557 3628 5614; x_wconf 72' lang='lat' dir='ltr'><strong>Matth.</strong></span> <span class='ocrx_word' id='word_1_821' title='bbox 3648 5575 3701 5624; x_wconf 85' lang='lat' dir='ltr'><strong>v,</strong></span> <span class='ocrx_word' id='word_1_822' title='bbox 3729 5559 3783 5615; x_wconf 80' lang='lat'><strong>3.</strong></span> 
     </span>
    </p>
   </div>
   <div class='ocr_carea' id='block_1_122' title="bbox 3220 5629 3784 5697">
    <p class='ocr_par' dir='ltr' id='par_1_122' title="bbox 3220 5629 3784 5697">
     <span class='ocr_line' id='line_1_122' title="bbox 3220 5629 3784 5697; baseline 0.004 -14"><span class='ocrx_word' id='word_1_823' title='bbox 3220 5631 3260 5662; x_wconf 82' lang='grc'><strong>¹¹</strong></span> <span class='ocrx_word' id='word_1_824' title='bbox 3292 5629 3483 5685; x_wconf 79' lang='lat' dir='ltr'><strong>Matth.</strong></span> <span class='ocrx_word' id='word_1_825' title='bbox 3507 5629 3784 5697; x_wconf 77' lang='lat' dir='ltr'><strong>xxvr,&#39;56;</strong></span> 
     </span>
    </p>
   </div>
   <div class='ocr_carea' id='block_1_123' title="bbox 3166 5699 3784 5766">
    <p class='ocr_par' dir='ltr' id='par_1_123' title="bbox 3166 5699 3784 5766">
     <span class='ocr_line' id='line_1_123' title="bbox 3166 5699 3784 5766; baseline -0.003 -10"><span class='ocrx_word' id='word_1_826' title='bbox 3166 5703 3212 5734; x_wconf 77' lang='grc'>⁸³</span> <span class='ocrx_word' id='word_1_827' title='bbox 3246 5699 3438 5756; x_wconf 75' lang='lat' dir='ltr'><strong>Matth.</strong></span> <span class='ocrx_word' id='word_1_828' title='bbox 3473 5715 3634 5766; x_wconf 78' lang='lat' dir='ltr'><strong>xxvr,</strong></span> <span class='ocrx_word' id='word_1_829' title='bbox 3685 5700 3784 5764; x_wconf 74' lang='grc'><strong>44,</strong></span> 
     </span>
    </p>
   </div>
  </div>
