4038 6226
306 328 449 393 1425
1018 400 1021 403 λ

1003 448 1215 514 Λύσις.

359 532 737 604 Βραχυλογίας
797 538 966 607 ἧμελε
1029 541 1236 612 σφόδρα
1292 543 1372 614 τῷ
1427 542 1730 617 Πνεύματι,
1787 546 1890 616 τῆς

304 623 457 691 ἡμῶν
478 624 771 696 ὀλιγωρίας
797 627 982 683 ἕνεκα.
1026 631 1189 685 Ὅθεν
1235 635 1264 686 ὁ
1295 634 1395 705 μὲν
1421 635 1775 709 πλατυτέρως
1820 636 1891 689 τὰ

300 715 432 786 περὶ
458 715 561 785 τῆς
585 718 752 788 εύχῆς
794 719 1012 787 ἐξέθετο
1031 735 1044 751 ⁸
1075 723 1104 776 ὁ
1137 724 1194 778 δὲ
1213 725 1289 789 ὡς
1334 728 1392 779 ἐν
1421 729 1772 800 παραδρομῇ,
1803 728 1893 782 διὰ

300 806 361 858 τὸ
392 808 473 872 εἰς
502 808 665 881 ἕτερα
692 813 1013 882 ἐπείγεσθαι
1036 832 1050 847 ⁸
1083 817 1112 869 ὁ
1157 818 1213 871 δὲ
1257 820 1366 874 οὐδ’
1401 821 1560 886 ὅλως.
1585 822 1676 876 διά
1699 823 1759 875 τὸ
1787 822 1893 876 ὑπὸ

302 899 413 953 τῶν
433 899 636 957 λοιπῶν
667 907 1112 976 συγγεγράφθαι·
1141 910 1231 964 ἵνα
1259 912 1336 982 μὴ
1358 915 1780 983 ταυτολογῶσιν.

981 1090 1245 1160 Ἀπορία.

381 1173 504 1240 Πῶς
524 1179 781 1250 Ἰωάννης
817 1182 976 1253 μόνος
1005 1184 1099 1238 τοῦ
1130 1185 1230 1256 τῆς
1255 1186 1550 1259 προδοσίας
1580 1190 1681 1243 οὐκ
1728 1191 1896 1261 ἐμνή-

311 1266 412 1338 σθη
455 1270 798 1343 φιλήματος;
847 1276 965 1340 πῶς
1012 1277 1069 1330 δὲ
1103 1279 1215 1332 τῶν
1246 1279 1420 1334 ἄλλων
1470 1282 1772 1353 εἰρηκότων
1821 1284 1895 1347 ὡς

310 1358 428 1429 ἅμα
459 1362 519 1415 τὸ
548 1363 777 1434 φιλῆσαι
811 1367 903 1420 τὸν
922 1367 1148 1437 Ἰούδαν,
1182 1371 1274 1424 τὸν
1309 1372 1535 1443 Κύριον,
1567 1377 1617 1428 οἱ
1647 1375 1895 1429 Ἰουδαῖοι

313 1455 607 1510 συνέλαϐον
627 1476 641 1489 ο
693 1460 954 1531 Ἰωάννης
982 1463 1038 1516 δὲ
1069 1464 1130 1516 οὺ
1176 1465 1335 1519 τοῦτο
1359 1481 1371 1494 ·
1406 1467 1681 1537 ἐρωτῆσαι
1707 1468 1763 1521 δὲ
1798 1469 1897 1522 αὒ-

311 1548 460 1609 τοὺς,
494 1548 632 1603 Τίνα
658 1550 878 1619 ζητεῖτε
894 1570 914 1619 ;
941 1556 1034 1608 καὶ
1065 1556 1288 1623 ὑπτίους
1337 1557 1517 1630 ῥίψαι,
1552 1561 1649 1614 καὶ
1679 1560 1749 1614 τὰ
1772 1561 1898 1631 ἑξῆς

315 1641 727 1711 συνεργάψατο;

984 1741 1200 1807 Λύσις.

1679 339 2204 419 ουιεδτιυκεδ.

3437 341 3583 409 1429

2667 457 2892 512 Salutio.

2067 551 2519 621 Breviloquentiae
2547 565 2740 622 magna
2777 549 2881 604 fuit
2907 564 3037 604 cura
3071 546 3321 617 Spiritui,
3347 558 3573 618 propter

1997 654 2240 702 nostram
2267 644 2675 716 negligentiam.
2708 643 3057 714 Quapropter
3095 641 3188 695 ille
3237 639 3460 710 quidem
3492 638 3574 691 la-

1997 738 2108 793 tius
2142 737 2211 792 de
2247 736 2338 791 illa
2380 736 2632 791 oratione
2677 735 2896 790 locutus
2929 742 3035 797 est,
3065 731 3205 786 alter
3243 745 3374 810 vero
3418 729 3576 800 quasi

1999 830 2054 884 in
2086 840 2429 895 transcursu,
2461 828 2605 899 quod
2644 826 2712 881 ad
2754 827 2860 882 alia
2888 831 3243 897 properaret;
3276 822 3416 877 alter
3446 838 3579 878 vero

1998 922 2202 986 omisit,
2231 922 2359 992 quia
2390 937 2421 975 a
2446 919 2672 989 reliquis
2705 918 3081 989 conscriptum
3109 915 3327 979 fuerat;
3368 929 3438 967 ne
3483 929 3579 967 ea-

1998 1012 2122 1068 dem
2144 1020 2477 1083 repeterent.

2560 1101 2854 1171 Diﬂicuttas
2888 1111 3114 1152 suvm.

2067 1192 2190 1259 Quo
2220 1203 2379 1264 pacto
2407 1194 2556 1249 solus
2581 1190 3084 1248 Joannesosculum
3119 1188 3449 1259 proditionis
3471 1202 3583 1240 non

1999 1286 2453 1340 commemoravit
2483 1286 2507 1338 ?
2540 1300 2759 1355 quoque
2808 1291 2967 1353 pacto
3009 1297 3136 1338 cum
3169 1280 3354 1337 creteri
3401 1279 3588 1335 dicant

1999 1377 2145 1445 quod
2170 1377 2331 1431 simul
2355 1375 2596 1431 acJudas
2627 1375 2913 1431 Dominum
2948 1382 3032 1428 est
3066 1373 3366 1437 osculatus,
3412 1359 3585 1424 Judaei

2002 1485 2128 1525 eum
2159 1478 2458 1539 ceperunt,
2487 1467 2730 1524 Joannes
2758 1482 2869 1522 non
2900 1467 3004 1532 ita;
3056 1465 3153 1520 sed
3214 1463 3588 1533 interrogasse

2003 1579 2121 1629 eos,
2148 1563 2313 1630 Quem
2337 1565 2574 1636 quwritis
2592 1564 2616 1617 ?
2637 1575 2694 1620 et
2710 1563 3007 1634 proiecisse
3028 1562 3085 1616 in
3102 1570 3307 1616 terram
3335 1557 3587 1628 supinos.

2004 1666 2061 1714 et
2092 1674 2214 1729 qua:
2251 1667 2559 1728 sequuntur
2578 1656 2910 1726 conscripsit
2939 1656 3018 1709 “?

2722 1744 2949 1800 Salutio.

385 1820 565 1880 Ἶιλθε
602 1828 701 1896 μὲν
744 1831 838 1883 ἐπὶ
863 1831 956 1885 τὸν
991 1833 1198 1906 Κύριον
1239 1835 1382 1905 μετά
1424 1836 1663 1907 πλήθους
1696 1837 1909 1907 ῥόπαλα

2084 1839 2245 1895 Venit
2271 1840 2339 1895 ad
2376 1839 2665 1894 Dominum
2687 1837 2860 1893 Judas
2892 1851 3017 1891 cum
3045 1832 3390 1888 multitudine
3419 1829 3592 1885 fustes

317 1918 412 1970 καὶ
438 1920 715 1992 μαχαίρας
741 1924 1140 1994 ἐπιφερομένου
1168 1928 1197 1980 ὀ
1226 1927 1449 1991 Ἰούδας,
1477 1927 1661 1992 καθὼς
1706 1928 1909 1993 πάντες

319 2010 630 2079 συμφώνως
656 2014 922 2081 ἐξέθεντο.
946 2017 1231 2072 Ἐντεῦθεν
1254 2018 1438 2074 λοιπὸν
1467 2020 1740 2093 διαφόρων
1762 2039 1907 2092 πρα·

319 2099 584 2169 χθέντων,
647 2105 964 2175 μερίζονται
1018 2109 1119 2178 τὴν
1150 2111 1243 2162 ἐπὶ
1300 2110 1508 2164 τούτων
1554 2113 1811 2183 διήγησιν
1858 2114 1909 2165 οί

319 2192 728 2261 εὐαγγελισταὶ.
771 2198 829 2252 '0
855 2203 965 2270 γάρ
994 2202 1235 2273 Χριστὸς
1261 2203 1434 2270 δεῖξαι
1477 2202 1805 2273 βουλόμενος
1835 2204 1911 2268 ὡς

321 2282 466 2337 ἑκὼν
496 2286 959 2358 συλλαμϐάνεται,
994 2294 1267 2364 ἀορασίαν
1288 2334 1304 2357 ,
1355 2295 1523 2364 ῆγουν
1569 2274 1911 2367 ἀποπληξίαν

320 2373 504 2438 αὐτοῖς
529 2376 796 2433 ἐπέϐαλεν
817 2397 830 2409 ·
855 2382 949 2434 καὶ
973 2382 1138 2452 ῥίψας
1194 2384 1440 2448 ὑπτίους,
1473 2383 1570 2439 καὶ
1601 2386 1778 2439 εἰπὼν
1804 2387 1909 2449 ὅτι,

336 2465 481 2535 Ἐγώ
507 2469 624 2537 ειμι
647 2469 707 2522 ὃν
736 2470 971 2541 ζητεῖτε,
1013 2474 1432 2546 θορυϐουμένων
1469 2476 1671 2541 αὐτῶν,
1700 2476 1781 2530 ἔτι
1821 2478 1914 2530 καὶ

323 2556 418 2611 τοῦ
466 2558 640 2615 Ἰούδα
692 2561 771 2627 τῷ
831 2563 1099 2635 φιλήματι
1146 2565 1338 2619 τοῦτον
1399 2566 1910 2639 καταμηνύσαντος,

325 2656 453 2725 παρ’
485 2654 662 2708 αὐτῶν
685 2656 1151 2727 συλλαμϐάνεται.

1008 2770 1276 2839 Ἀπορία.

397 2863 524 2927 Πῶς
548 2864 806 2937 Ἰωάννης
832 2866 926 2920 τὸν
948 2866 1155 2936 Πέτρον
1210 2865 1397 2938 φησὶν,
1435 2867 1497 2919 τὸ
1527 2866 1620 2931 οὓς
1644 2866 1739 2920 τοῦ
1773 2868 1919 2920 οἰκέ-

327 2972 421 3008 του
441 2956 535 3009 τοῦ
562 2959 865 3028 ἀρχιερέως
888 2957 1185 3027 ἀφελέσθαι
1201 2975 1214 2989 ο
1247 2959 1296 3012 oi
1321 2958 1379 3011 δὲ
1401 2958 1580 3011 λοιποὶ
1607 2958 1795 3024 ἁπλῶς
1821 2958 1918 3013 ἕνα

328 3047 440 3100 τῶν
477 3048 609 3118 περ)⁸
628 3048 864 3119 Χριστὸν
888 3048 1000 3121 (i5)
1029 3050 1347 3121 εἰρήκασινς

1020 3143 1232 3209 Λύσις.

382 3230 658 3303 ’Ἰωάννης
689 3234 787 3305 μὲν
831 3232 928 3287 ἀτε
964 3234 1183 3307 θαρρῶν
1217 3237 1284 3307 τῇ
1314 3238 1408 3289 τοῦ
1434 3235 1645 3308 Πέτρου
1690 3237 1882 3310 ἀγάπῃ
1904 3281 1920 3306 ,

329 3322 408 3387 ὡς
427 3324 527 3377 οὐκ
552 3325 1040 3395 ἀγανακτήσαντος
1063 3328 1131 3397 τῇ
1164 3327 1267 3397 τῆς
1304 3326 1567 3398 ἀληθείας
1591 3329 1923 3402 ἐπαγγελίᾳ,

1948 3171 1997 3233 C

2010 1944 2065 1991 et
2090 1934 2297 2006 gladios
2327 1932 2712 1997 deferente,ut
2740 1943 2932 1984 omnes
2978 1942 3087 1981 una
3145 1940 3284 1981 voce
3346 1923 3593 1978 declara-

2010 2039 2161 2083 runt.
2225 2026 2359 2081 Inde
2420 2033 2612 2094 postea
2670 2020 2835 2076 variis
2891 2017 3243 2089 perpetratis,
3278 2014 3591 2087 partiuntur

2010 2137 2201 2176 eorum
2231 2118 2601 2174 narrationem
2628 2112 2998 2184 evangelista.
3021 2110 3274 2166 Christus
3300 2108 3470 2171 enim,
3500 2106 3594 2175 qui

2014 2213 2180 2268 vellet
2206 2210 2501 2267 ostendere
2529 2224 2587 2265 se
2618 2209 2812 2277 Sponte
2836 2201 3256 2275 comprehendi,
3291 2197 3592 2255 caecitatem

2013 2320 2110 2360 seu
2160 2313 2439 2374 stuporem
2472 2302 2606 2373 ipsis
2662 2300 2919 2365 immisit;
3000 2305 3202 2351 etcum
3265 2296 3597 2362 prostrasset

2013 2412 2129 2463 eos,
2157 2397 2526 2464 dixissetque:
2558 2394 2670 2465 Ego
2693 2410 2811 2447 sum
2831 2405 2992 2462 quem
3013 2383 3278 2457 quaeritis,
3309 2381 3442 2453 ipsis
3467 2394 3597 2450 per-

2017 2490 2272 2553 turbatis,
2308 2488 2403 2544 sed
2436 2497 2493 2543 et
2516 2486 2658 2542 Juda
2695 2486 2876 2554 ipsum
2914 2482 3196 2537 indicante
3262 2491 3363 2547 per
3430 2488 3597 2529 oscu-

2015 2585 2147 2652 lum,
2181 2584 2253 2639 ita
2283 2584 2353 2639 ab
2385 2581 2491 2638 illis
2511 2581 2746 2650 capitur.

2554 2782 2844 2856 Difﬁcultas
2881 2794 3067 2836 XXXII.

2087 2883 2169 2937 Ad
2197 2895 2361 2952 quem
2389 2879 2611 2934 modum
2639 2877 2714 2932 ait
2742 2874 2985 2931 Joannes
3036 2869 3262 2925 Petrum
3291 2871 3603 2935 amputasse

2019 2989 2204 3030 aurem
2274 2971 2465 3027 famuli
2519 2968 2841 3040 pontificis;
2894 2963 3078 3020 caeteri
3123 2973 3255 3016 vero
3286 2955 3607 3027 simpliciter

2019 3080 2193 3121 unum
2231 3077 2422 3119 eorum
2453 3061 2545 3131 qui
2580 3074 2704 3115 eum
2736 3056 2959 3112 Christo
2987 3058 3146 3108 erant
3173 3045 3469 3103 dixerunt?

2669 3147 2897 3205 Salutio.

2093 3246 2360 3317 Equidem
2385 3242 2627 3299 Joannes
2655 3237 2908 3297 cbaritati
2937 3234 3085 3290 Petri
3134 3230 3440 3294 conlidens,
3459 3225 3606 3296 quo-.1

2026 3354 2168 3411 aegre
2223 3338 2440 3392 laturus
2467 3350 2575 3390 non
2630 3340 2777 3388 esset
2838 3325 3093 3385 veritatis
3148 3317 3609 3379 enuntiationem,

332 3414 432 3486 τὴν
458 3415 746 3486 ἀκρίϐειαν
785 3416 1022 3485 ἐξέθετο.
1048 3416 1140 3487 Τῷ
1179 3417 1298 3471 δντι
1323 3419 1432 3489 γάρ
1463 3419 1563 3489 τῆς
1588 3418 1683 3473 τοῦ
1716 3420 1910 3492 Πέτροι

2029 3408 2144 3487 rem
2184 3437 2372 3486 exacte
2397 3427 2600 3482 retulit.
2633 3424 2848 3480 Revera
2878 3420 3025 3475 enim
3057 3415 3273 3471 facinus
3303 3410 3407 3466 fuit
3430 3408 3614 3463 fervo-

337 3507 672 3578 θερμότητος
713 3506 781 3581 ἦν
807 3510 869 3564 τὸ
907 3511 1177 3583 πραχθέν.
1213 3511 1373 3575 Εἰκὸς
1421 3511 1478 3565 δὲ
1524 3513 1650 3576 τοὺς
1682 3513 1925 3580 λοιποὺς,

338 3596 479 3650 αίδοῖ
497 3598 591 3651 τοῦ
626 3599 835 3670 Πέτρου
870 3602 1256 3672 ἀπλουστέρως
1286 3603 1348 3655 τὸ
1396 3603 1622 3670 γεγονὸς
1662 3604 1930 3674 διηγήσα-

342 3686 488 3742 σθαι.

995 3784 1052 3836 Ἀ
1061 3785 1263 3852 πορία.

2030 3525 2105 3580 ris
2126 3522 2297 3578 Petri.
2321 3518 2611 3575 Probabile
2636 3530 2770 3571 vero
2795 3522 2880 3569 est
2909 3509 3172 3580 reliquos,
3205 3518 3319 3576 prae
3353 3511 3612 3555 reveren-

2031 3614 2108 3667 tia
2139 3627 2267 3684 erga
2300 3609 2548 3675 Petrum,
2575 3614 2788 3679 gestum
2817 3599 3122 3671 simplicius
3144 3603 3460 3650 enarrasse.

2618 3779 2914 3850 Difﬁcultas
2935 3790 3021 3831 ιι.

414 3870 549 3925 Τίνα
581 3871 739 3941 λόγον
796 3868 940 3945 εἶχεν
973 3876 1332 3945 ἐπιτιμᾶσθαι
1391 3876 1545 3948 παρὰ
1591 3877 1687 3931 τοῦ
1724 3878 1931 3949 Κυρίου

342 3962 435 4015 τὸν
459 3965 524 4034 τῇ
583 3963 827 4036 μαχαίρᾳ.
874 3966 1251 4037 χρησάμενον·
1292 3966 1456 4022 αὐτοῦ
1518 3967 1611 4021 τοῦ
1670 3969 1930 4040 Χριστοῦ,

346 4055 530 4121 καθὼς
565 4058 769 4129 ἱστορεῖ
812 4058 1048 4122 Λουκᾶς,
1082 4059 1358 4130 ἀγοράσαι
1396 4061 1670 4132 μαχαίρας
1693 4064 1935 4133 προστά-

355 4148 568 4215 ξαντος,
594 4149 930 4215 ἀκούσαντος
961 4151 1082 4205 τότε
1112 4152 1534 4224 πυνθανομένων
1565 4154 1615 4206 εί
1660 4154 1770 4207 δέοι
1802 4154 1936 4208 ταύ-

347 4255 467 4302 ταις
494 4239 840 4311 χρήσασθαι;
1656 4238 1667 4248 ’

1021 4339 1231 4400 Λύσις.
1325 4356 1334 4363 ’

2104 3880 2278 3946 Quam
2306 3878 2575 3932 rationem
2591 3871 2804 3936 habuit,
2861 3863 3115 3937 redargui
3143 3876 3172 3915 a
3207 3857 3465 3946 Domina
3491 3869 3619 3907 eum

2034 3944 2326 4040 qui'gladio
2353 3981 2486 4021 usus
2510 3969 2628 4029 est;
2662 3974 2789 4016 cum
2814 3957 2935 4028 ipse
2955 3952 3226 4015 Christus,
3260 3954 3400 4003 teste
3449 3944 3617 4006 Luca,

2037 4037 2221 4119 emere
2236 4059 2441 4133 gladios
2465 4053 2711 4127 jusserit,
2741 4051 2833 4121 qui
2858 4058 2988 4105 tunc
3032 4041 3239 4101 audivit
3277 4037 3621 4095 sciscitantes
3690 4086 3691 4089 η

2040 4172 2171 4213 num
2195 4158 2472 4226 oporteret
2499 4148 2611 4204 illis
2655 4144 2736 4201 uti
2753 4141 2843 4196 “?

2723 4319 2949 4376 Salutio.

420 4424 712 4495 Μαχαίρας
736 4425 1007 4497 ἀγοράσαι
1033 4426 1065 4479 ὁ
1092 4425 1297 4498 Κύριος
1324 4428 1435 4492 τοῖς
1467 4428 1736 4501 μαθηταῖς
1761 4446 1903 4501 προσ

2115 4424 2333 4484 Gladios
2361 4433 2548 4508 emere
2581 4415 2849 4473 Dominus
2892 4407 3156 4508 praecepit
3192 4400 3624 4508 ciiscipulis,non

353 4512 564 4580 ἔταξεν,
606 4516 705 4586 οὐχ
933 4516 1161 4581 ταύταις
1185 4488 1289 4581 ἐιξ
1342 4488 1557 4589 ἄμυναν
1595 4488 1910 4590 χρήσασθαι

2043 4529 2102 4576 nt
2126 4519 2195 4575 iis
2228 4517 2294 4573 ad
2332 4488 2596 4571 ultionem
2622 4512 2931 4567 uterentur,
2982 4498 3080 4555 sed
3110 4512 3177 4553 eo
3198 4494 3360 4551 modo
3384 4488 3628 4564 passioni

355 4604 488 4659 ἀλλά
514 4605 577 4658 τὸ
605 4605 775 4670 πάθος
792 4606 879 4661 διά
904 4608 1109 4662 τούτων
1152 4586 1529 4679 πιστούμίενος,
1742 4611 1800 4666 δὲ
1839 4631 1910 4668 κα

2041 4616 2203 4672 ﬁdem
2243 4607 2567 4673 concilians,
2599 4600 2870 4670 simulque
2930 4591 3278 4666 prophetiam
3307 4588 3452 4682 illam
3523 4586 3630 4639 im-

353 4699 690 4769 qrpozp'qceiav
712 4698 956 4769 πληρῶν,
1001 4701 1104 4764 ὅτι,
1132 4703 1295 4756 Μετὰ
1351 4704 1594 4773 ἀνόμων
1622 4681 1910 4776 Ῠκατελογί

2043 4708 2241 4780 piens;
2303 4702 2433 4760 Cum
2472 4697 2667 4768 iniquis
2719 4694 3054 4760 computata:
3097 4683 3258 4740 est”.
3284 4681 3420 4737 Nam
3468 4684 3633 4733 nocte

351 4792 491 4856 σθη.
540 4787 614 4841 Τὸ
643 4786 754 4860 γὰρ
786 4789 844 4842 ὲν
897 4790 1055 4843 νυκτὶ
1087 4789 1363 4860 βαλάντιά-
1397 4810 1459 4847 τε
1515 4796 1610 4848 καὶ
1663 4774 1910 4868 μαχαίρα

2044 4774 2295 4856 sacculos
2327 4790 2598 4864 etgladios
2618 4801 2735 4859 pra;
2786 4780 3047 4838 manibus
3073 4777 3301 4843 habere,
3356 4774 3633 4827 latronum

357 4878 854 4951 μεταχειρίζεσθαι,
890 4880 1180 4953 λῃστρικὸν
1230 4878 1296 4935 ἂν
1348 4884 1433 4955 εἴη
1466 4884 1674 4956 σχῆμα.
1702 4888 1776 4942 Οὐ
1816 4888 1910 4959 μέν

2051 4891 2214 4947 fuerit
2243 4891 2559 4959 apparatus.
2578 4879 2699 4936 Non
2729 4878 2914 4947 itaque
2977 4872 3244 4943 scriptum
3266 4875 3370 4933 est,
3396 4878 3635 4959 percon-

354 4988 435 5025 τοι
456 4971 766 5043 γέγραπται
798 4973 1125 5046 πυθομένοις
1175 4979 1288 5040 τοῖς
1324 4954 1593 5049 μαθηταῖς
1642 4954 1910 5052 έπιτρέψα

2053 4954 2297 5040 tantibus
2319 4954 2615 5048 discipulis
2662 4970 2980 5045 permisisse
3043 4964 3360 5025 Dominum,
3388 4967 3451 5012 ut
3514 4954 3635 5052 gla-

354 5060 385 5112 δ
414 5062 638 5135 Κύριος,
669 5063 809 5118 ὥστε
832 5044 957 5129 ταῖς
990 5066 1288 5137 μαχαίραις
1311 5044 1643 5139 χρήσασθαι.
1669 5044 1906 5144 ’Λιλαγά

2052 5076 2158 5134 diis
2179 5044 2490 5130 uterentur:
2516 5044 2692 5123 Simul
2722 5063 2869 5119 enim
2903 5076 2969 5117 ac
2997 5056 3431 5125 interrogarunt,
3449 5044 3635 5101 statim

355 5152 418 5203 τὸ
448 5155 743 5227 ἐρωτῆσαι,
776 5157 938 5222 εὐθὺς
992 5160 1021 5211 ὁ
1047 5158 1253 5229 Πέτρος
1291 5158 1385 5214 τοῦ
1416 5160 1607 5216 δούλου
1662 5164 1723 5217 τὸ
1748 5141 1758 5144 ν
1782 5164 1910 5219 ὠτίο

2051 5168 2247 5223 Petrus
2287 5161 2431 5219 servi
2478 5158 2782 5217 auriculam
2841 5150 3104 5214 abscidit,
3154 5156 3268 5201 nou
3315 5141 3635 5209 exspectato

434 5351 481 5381 “
506 5349 879 5428 Matth._x_xvt,
910 5354 1006 5419 50;
1038 5354 1348 5428 Marcguv,
1373 5357 1470 5424 46;
1510 5358 1642 5416 Luc.
1668 5363 1906 5425 “11,54

2021 5379 2304 5428 )an..\'vu|,
2345 5363 2401 5417 4.
2510 5356 2735 5428 "Joan.
2769 5368 2903 5408 xvm
2926 5392 2942 5417 ,
2967 5348 3061 5428 _i_0
3088 5363 3102 5413 ;
3130 5340 3321 5396 Matth.
3356 5355 3502 5404 xxw,
3528 5335 3631 5402 5i;

365 5418 529 5476 Marc.
561 5437 675 5487 xlv,
705 5422 809 5488 47;
840 5423 972 5479 Luc.
996 5418 1159 5492 mu,
1190 5426 1279 5481 50.
1335 5418 1344 5423 ⁷
1391 5418 1589 5485 “Luc.
1617 5447 1749 5499 xm,
1780 5418 1872 5501 ’56,
1894 5418 1910 5479 }

2106 5436 2150 5467 "
2187 5418 2317 5488 Luc.
2360 5447 2495 5497 χχιι,
2519 5430 2626 5497 57;
2670 5425 2772 5481 lsa.
2813 5418 3047 5487 Ltu,12.

1852 5590 2060 5648 ΝΟΤΑΕ
2070 5634 2082 5647 .

433 5699 908 5784 ἐξω-Ἔζᾳητόν
953 5701 1088 5784 περί
1138 5703 1414 5784 Χρισζᾴν.
1471 5701 1576 5784 Pro
1624 5703 1754 5768 τῶν,
1822 5721 1910 5784 ειμι

2050 5704 2273 5771 rectius,
2339 5702 2544 5775 vulgari
2625 5714 2835 5755 errore.
2909 5695 3191 5768 Εἱρημένα
3252 5691 3465 5766 τούτῳ,
3519 5707 3629 5749 non

373 5771 546 5841 τοῦτο,
581 5771 639 5826 In
669 5769 994 5842 Philopono,
1027 5769 1115 5828 ‘Dc
1156 5769 1335 5829 minuti
1360 5775 1624 5830 creatione
1647 5816 1662 5843 ,
1703 5790 1778 5845 γι,
1818 5769 1907 5832 ἷϐ.
