4038 6226
461 303 593 367 lilii

1642 321 2008 381 HESYEHII
2036 321 2505 382 PRESBYTERI

3551 319 3687 382 1439.

448 417 617 488 iudex
640 417 793 475 illum
818 421 1095 479 hominem
1145 425 1365 491 occidit,
1392 443 1516 483 cum
1540 437 1719 486 tamen
1749 433 1857 509 ipsi.
1896 449 2024 501 sup-

2138 431 2197 485 Ὁ
2214 433 2361 485 δεῖνα
2384 434 2413 485 6
2435 431 2618 504 ἄρχων
2648 431 2799 484 τόνδε
2837 431 3064 496 ἀνεῖλεν,
3099 430 3345 500 καίτοιγε
3369 429 3444 503 μὴ
3468 431 3688 502 αὐτουρ-

454 509 620 580 plicia
646 525 756 567 non
786 511 1050 584 inferant,
1084 516 1180 570 sed
1220 518 1490 575 ministris
1534 529 1760 577 utantur
1806 523 2028 579 carnifi-

455 598 628 655 cibus.
657 598 715 655 ld
742 602 887 671 quod
912 611 1042 658 tunc
1070 620 1287 676 quoque
1311 619 1490 665 actum
1521 610 1642 667 fuit.
1679 598 1896 669 Etenim
1917 626 2028 671 ter-

454 690 526 743 tia
580 692 716 747 hora
741 694 947 748 Pilatus
978 695 1271 753 Dominum
1300 703 1739 760 condelnnationi
1767 707 1978 763 addixit
2009 726 2024 774 ;

454 782 631 841 tribus
655 794 837 840 autem
883 787 1033 843 horis
1074 798 1435 862 consumptis,
1469 811 1641 866 usque
1673 798 1741 852 ad
1792 808 2023 867 sextam,

452 875 584 929 dum
616 873 938 945 ﬂagellatur,
994 881 1240 938 induitur
1295 884 1635 956 chlamydem
1688 892 2022 961 coccineam,

455 967 629 1036 spinis
651 979 964 1039 coronatur,
996 983 1157 1044 atque
1187 976 1451 1044 llluditur,
1500 980 1633 1035 hora
1668 991 1820 1037 sexta
1867 985 2023 1040 cruci

456 1056 648 1115 aﬂixus
679 1069 780 1118 est.

973 1155 1264 1227 Diﬁicultas
1289 1176 1453 1217 XLVII.

527 1240 829 1305 Quamnam
847 1245 916 1300 ob
941 1247 1209 1303 rationem
1248 1250 1320 1303 ait
1377 1250 1682 1317 Matthmus,
1731 1254 1919 1310 vinum
1973 1256 2024 1310 ci

457 1330 643 1385 datum
702 1332 871 1390 fuisse
913 1352 1036 1391 cum
1091 1338 1248 1405 felle;
1296 1338 1528 1406 Marcus,
1579 1358 1701 1397 cum
1767 1347 2022 1416 myrrha;

458 1421 718 1492 Joannes,
749 1442 873 1482 cum
904 1428 1173 1498 hyssopo;
1202 1440 1257 1486 at
1287 1430 1482 1497 Lucas,
1533 1434 1736 1489 nullius
1793 1438 2023 1492 commi-

460 1515 651 1572 stionis
688 1518 937 1574 meminit
962 1520 1046 1574 “2'

1135 1612 1359 1671 Salutio.

533 1694 651 1749 Non
681 1698 849 1752 semel
876 1706 1107 1766 tantum,
1143 1704 1238 1759 sed
1272 1721 1434 1776 saepe,
1474 1724 1583 1765 non
1628 1711 1789 1767 modo
1810 1713 2020 1783 petenti

459 1786 694 1854 Christo,
727 1805 915 1845 verum
945 1807 1048 1848 nec
1072 1798 1275 1865 petenti
1296 1799 1614 1859 obtulerunt
1646 1806 1901 1874 praedicta
1953 1806 2022 1860 ad

461 1875 780 1935 bibendum.
805 1880 923 1936 Non
948 1898 1079 1952 ergo
1104 1886 1286 1944 omnia
1331 1904 1542 1955 omnes,
1583 1892 1678 1947 sed
1710 1894 1906 1964 singuli
1955 1911 2024 1951 ex

462 1978 616 2039 parte
668 1972 991 2047 retulerunt.
1033 1974 1203 2047 Igitur
1269 1978 1552 2037 Matthaeus
1585 1992 1643 2039 et
1663 1984 1895 2052 Marcus,
1955 1987 2023 2042 de

460 2059 590 2114 vino
619 2072 748 2118 ante
777 2079 994 2123 crucem
1016 2068 1197 2123 oblato
1225 2074 1594 2129 narrationem
1631 2074 2021 2144 instituerunt;

462 2149 552 2204 ille
572 2152 791 2223 quidem
830 2169 952 2215 cum
982 2156 1130 2226 felle,
1162 2160 1253 2215 hic
1299 2178 1430 2219 vero
1480 2180 1604 2224 cum
1670 2168 1906 2237 myrrha,
1943 2168 2024 2223 di-

462 2255 614 2307 cens,
670 2244 815 2312 quod
867 2260 1021 2315 atque
1055 2251 1214 2305 ambo
1244 2253 1357 2314 sint
1384 2270 1585 2310 amara.
1627 2255 1801 2315 Lucas
1842 2268 2024 2312 autem

463 2330 532 2387 de
587 2343 742 2388 aceto
778 2335 833 2389 in
888 2353 1049 2393 cruce
1098 2340 1148 2394 ei
1177 2342 1361 2401 oblato
1408 2345 1647 2400 disserit.
1691 2348 1760 2402 Et
1792 2348 2028 2404 Joannes

462 2420 684 2494 scripsit
711 2425 877 2496 quod,
905 2443 1027 2482 cum
1053 2429 1283 2495 dixisset
1314 2435 1594 2504 Dominus,
1626 2437 1777 2503 Sitio,
1801 2455 2028 2511 accepe-

465 2520 595 2573 runt
633 2518 881 2572 nonnulli
909 2522 1212 2592 spongiam,
1240 2525 1474 2596 hyssopo
1497 2537 1553 2582 et
1579 2538 1735 2585 aceto
1778 2533 2028 2601 repleve-

464 2613 610 2668 runt,
651 2617 946 2680 potumque
969 2612 1170 2667 dedere
1207 2615 1456 2672 Domino.
1511 2620 1590 2675 Ex
1620 2622 1817 2691 quibus
1850 2626 2031 2680 omni-

464 2693 814 2762 busconstat,
845 2701 1058 2760 diverse
1083 2708 1132 2771 ei
1180 2710 1522 2778 supradictas
1567 2713 1781 2783 species
1821 2715 2032 2775 oblatas

468 2783 637 2845 fuisse
665 2804 763 2863 per
788 2790 1095 2855 Iudaicarum
1121 2797 1536 2862 inmanitatem,

992 2976 1284 3047 Difﬁcultas
1316 2997 1503 3039 XLVIII.

2129 521 2372 590 γούντων
2396 524 2498 586 τὰς
2537 524 2827 594 τιμωρίας,
2857 523 2972 577 ἀλλ’
3008 524 3302 592 ὑπουργοτς
3329 523 3444 584 τοῖς
3481 521 3695 591 δημίοις

2129 617 2452 685 χρωμένων.
2485 616 2666 685 Ὅπερ
2696 617 2790 669 καὶ
2829 615 2950 669 τότε
2989 616 3296 686 πέπρακτο.
3337 614 3541 683 Τρίτην
3595 613 3695 682 μὲν

2128 706 2239 774 γὰρ
2269 704 2420 775 ὤραν
2463 709 2528 777 τῇ
2571 706 2843 774 ἀποφάσει
2883 707 2912 758 6
2942 705 3173 766 Πιλᾶτος
3211 704 3302 757 τὸν
3332 704 3540 773 Κύριον
3605 704 3695 769 ἐξ-

2129 793 2376 862 ήνεγκεν·
2405 793 2577 846 ἄλλων
2599 794 2655 846 δὲ
2685 793 2849 861 τριῶν
2880 791 3037 862 ὡρῶν
3075 790 3490 860 διαγενομένων,
3534 787 3695 858 μέχρι

2127 882 2228 952 τῆς
2263 883 2450 953 ἕκτης,
2492 885 2550 937 ὲν
2576 884 2651 953 τῷ
2680 881 3138 954 φραγελλοῦσθαι,
3175 882 3269 935 καὶ
3304 883 3403 950 τὴν
3435 880 3695 947 κοκκίνην

2129 975 2377 1046 χλαμύδα
2401 976 2702 1040 ἐνδύεσθαι,
2727 977 2822 1029 καὶ
2840 978 2959 1038 ταῖς
2987 973 3251 1037 ἀκάνθαις
3274 971 3693 1041 στεφανοῦσθαι,

2128 1067 2225 1119 καὶ
2256 1066 2644 1137 ἐμπαίζεσθαι,
2671 1068 2737 1137 τῇ
2763 1073 2815 1130 ς’
2845 1064 2963 1136 ὥρᾳ
2991 1063 3315 1135 προσηλώθη
3342 1062 3417 1133 τῷ
3455 1060 3694 1133 σταυρῷ.

2330 1147 2339 1155 ’
2791 1157 3052 1225 Ἀπορία.

2199 1250 2359 1314 Τίνος
2386 1250 2547 1321 χάριν
2576 1253 2604 1304 6
2644 1249 2922 1314 Ματθαίος
2970 1245 3110 1302 οἶνον
3149 1247 3296 1318 αὐτῷ
3349 1246 3487 1317 μετὰ
3532 1244 3696 1317 χολῆς

2125 1341 2365 1412 δοθῆναι,
2413 1341 2638 1412 Μάρκος
2687 1341 2744 1395 δὲ
2809 1340 2946 1411 μετά
3000 1338 3267 1410 σμύρνης,
3335 1337 3589 1407 Ἰωάννης
3638 1337 3695 1389 δὲ

2130 1433 2268 1504 μετὰ
2293 1434 2566 1491 ὑσσάκων
2582 1435 2794 1495 Λουκᾶς
2833 1433 2887 1486 δὲ
2940 1429 3154 1495 οὐδενὸς
3187 1429 3335 1500 αὺτῷ
3387 1425 3696 1498 συμπεπλε·

2126 1526 2326 1597 γμένου
2346 1526 2620 1596 μέμνηται
2638 1542 2653 1592 ;

2803 1616 3011 1680 Λύσις.

2207 1705 2320 1776 Οὐχ
2364 1704 2534 1771 ἅπαξ,
2595 1704 2735 1760 ἀλλὰ
2774 1708 2871 1760 καὶ
2917 1705 3201 1769 πολλάκις,
3228 1704 3289 1759 οὒ
3337 1705 3494 1776 μόνον
3536 1701 3693 1771 αίτή-

2131 1813 2288 1853 σαντι
2335 1797 2412 1870 τῷ
2438 1797 2691 1869 Χριστῷ,
2739 1796 2876 1853 ἀλλὰ
2926 1798 3020 1855 καὶ
3065 1796 3140 1868 μὴ
3200 1797 3481 1865 αἰτήσαντι
3522 1811 3693 1865 προσ-

2124 1892 2364 1963 ήνεγκαν
2411 1893 2554 1943 πιεῖν
2609 1889 2679 1942 τὰ
2708 1889 3099 1961 προειρημένα.
3158 1889 3233 1942 Οὐ
3288 1882 3491 1976 πάντα
3519 1886 3694 1939 τοίνυν

2124 1984 2351 2047 πάντες,
2377 1981 2493 2035 ἀλλ’
2519 1981 2749 2045 ἕκαστος
2789 1980 2893 2033 ἀνὰ
2918 1980 3083 2052 μέρος
3122 1981 3387 2047 ἐξέθεντο.
3415 1978 3694 2041 Ματθαῖος

2129 2072 2229 2143 μὲν
2253 2071 2346 2125 οὖν
2382 2071 2476 2124 καὶ
2502 2071 2751 2141 Μάρκος,
2783 2070 2875 2123 τὸν
2910 2071 3015 2140 πρὸ
3044 2070 3137 2123 τοῦ
3163 2068 3397 2141 σταυροῦ
3432 2084 3694 2140 προσενε-

2127 2164 2326 2234 χθέντα
2385 2158 2525 2216 οἶνον
2585 2163 2897 2237 ἱστόρησαν
2930 2165 2958 2216 6
3008 2164 3107 2234 μὲν
3155 2163 3296 2232 μετὰ
3343 2162 3528 2235 χολῆς,
3558 2164 3586 2214 6
3636 2159 3694 2217 δὲ

2131 2254 2269 2324 μετὰ
2305 2252 2551 2325 σμύρνης
2577 2253 2729 2308 εἰπὸν
2764 2253 2813 2315 ιι,
2842 2253 2931 2309 διὰ
2959 2251 3020 2305 τὸ
3050 2253 3248 2322 ἐπίσης
3282 2253 3520 2321 ἑκάτερα
3554 2246 3694 2303 εἶναι

2128 2343 2322 2414 πικρά.
2360 2343 2575 2406 Λουκᾶς
2601 2341 2657 2394 δὲ
2680 2343 2739 2394 τὸ
2777 2342 2833 2396 ὲν
2860 2341 2936 2412 τῷ
2964 2340 3182 2412 σταυρῷ
3211 2339 3572 2412 προσενεχθὲν
3592 2340 3694 2392 αὑ-
3738 2372 3754 2387 .

2128 2432 2207 2504 τῷ
2248 2433 2369 2499 ὅξος
2399 2433 2692 2487 ἐκτίθεταιο
2743 2434 2997 2502 Ἰωάννης
3029 2434 3085 2487 δὲ
3127 2431 3444 2503 εἰπόντιτῷ
3484 2431 3692 2502 Κυρίῳ.

2129 2522 2308 2594 Atti-di,
2340 2524 2577 2579 λαϐόντα
2615 2525 2736 2579 τινὰ
2772 2527 2787 2562 ί
2838 2525 3347 2594 σπόγγον,ύσσώπου
3398 2522 3493 2577 καὶ
3538 2521 3696 2589 θξους

2131 2617 2438 2686 πλήσαντα,
2481 2618 2701 2670 ποτίσαι
2752 2617 2846 2671 τὸν
2895 2615 3099 2688 Κύριον
3131 2615 3456 2687 ἀνέγραψεν.
3499 2613 3590 2680 Ἐξ
3620 2605 3695 2666 ὧν

2136 2706 2357 2761 πάντων
2388 2706 2691 2772 δείκνυται,
2723 2708 2998 2779 διαφόρως
3031 2706 3181 2776 αὐτῷ
3218 2707 3285 2759 τὰ
3321 2704 3695 2776 προειρημένα

2133 2796 2251 2866 είδη
2294 2795 2725 2869 προσενεχθῆναι
2765 2796 2869 2853 ὑπὸ
2900 2798 2997 2871 τῆς
3019 2793 3128 2849 τῶν
3165 2793 3431 2850 Ἰουδαίων
3484 2793 3691 2864 θηριων

2134 2886 2271 2950 δία

2775 3000 3036 3066 Ἀπορία.

538 3063 597 3116 In
617 3079 781 3133 quem
810 3068 1033 3129 modum
1062 3072 1388 3143 conscripsit
1449 3072 1624 3130 Lucas
1683 3075 1751 3130 de
1795 3076 2024 3145 latrone,

2206 3089 2330 3153 Πῶς
2381 3090 2596 3152 Λουκᾶς
2652 3089 2752 3159 μὲν
2804 3063 3137 3160 ὁμολογῆσαι
3200 3088 3291 3142 τὸν
3330 3088 3553 3159 ’λῃστὴν
3602 3086 3696 3142 ἐπὶ

461 3154 609 3223 quod
642 3155 930 3212 Dominum
968 3160 1023 3215 in
1055 3178 1218 3219 cruce
1248 3163 1534 3221 confessus
1594 3165 1797 3233 fuerit;
1829 3179 1883 3222 at
1913 3169 2027 3236 alii,

463 3243 610 3315 quod
630 3260 738 3308 una
769 3262 893 3309 cum
926 3250 1075 3306 socio
1103 3253 1438 3310 conviciatus
1457 3254 1621 3312 fuerit
1650 3255 1733 3312 “i

1120 3343 1347 3403 Solatia.

537 3425 698 3485 Initio
751 3429 979 3500 quidem.
1033 3440 1264 3506 uterque
1320 3434 1553 3495 Domino
1603 3438 2027 3513 improperabat,

464 3519 724 3575 conviciis
764 3521 819 3575 in
848 3537 974 3578 eum
1025 3526 1205 3596 iactis,
1259 3528 1494 3597 Judaos,
1550 3541 1608 3587 ut
1644 3534 1882 3600 videtur,
1914 3536 2029 3606 pla-

464 3620 652 3671 catum
680 3614 747 3669 iri
778 3626 1054 3687 putantes,
1109 3635 1276 3691 seque
1309 3639 1340 3677 e
1366 3639 1529 3679 cruce
1576 3626 1879 3682 detractum
1937 3628 2024 3683 iri.

466 3702 573 3761 Ubi
602 3712 733 3762 vero
761 3708 814 3763 id
851 3725 962 3765 non
986 3713 1188 3780 evenit,
1239 3714 1441 3771 Christi
1505 3717 1573 3772 ad
1628 3716 1845 3773 Patrem
1909 3728 2030 3774 tan-

462 3812 624 3867 quam
640 3798 711 3853 ad
738 3801 1001 3871 aequalem
1036 3803 1344 3876 intelligens
1388 3807 1689 3862 orationem
1722 3808 1899 3863 bonus
1948 3809 2027 3863 la-

464 3895 571 3951 tro,
604 3890 822 3958 quando
853 3892 1023 3946 dixit:
1053 3893 1235 3961 Pater,
1275 3897 1481 3951 dimitte
1510 3897 1619 3952 illis
1644 3897 1690 3931 "’
1718 3909 2023 3968 peccatum,

462 3981 683 4053 agnovit
711 3983 1017 4050 veritatem,
1040 3999 1274 4061 eumque
1294 3988 1576 4044 dominum
1609 3998 1665 4045 et
1692 4006 1874 4062 regem
1895 4007 2026 4047 con-

462 4071 642 4128 fessus
673 4081 778 4129 est.
821 4073 975 4143 Quod
1004 4092 1033 4131 a
1066 4078 1277 4134 caeteris
1306 4081 1650 4150 evangelistis
1683 4082 1751 4139 ad
1774 4083 1907 4139 alias
1938 4084 2023 4138 hi-

462 4165 647 4230 storiae
680 4174 864 4238 partes
885 4167 1269 4235 festinantibus
1294 4172 1718 4240 praetermissum
1745 4183 1847 4231 est.

1013 4344 1303 4416 Diﬂicultas
1337 4320 1485 4404 nix.

2135 3180 2370 3251 σταυροῦ
2392 3181 2483 3234 τὸν
2512 3180 2716 3251 Κύριον
2748 3180 3156 3252 συνεγράψατοσ
3188 3179 3237 3235 οἱ
3275 3179 3330 3235 δὲ
3357 3180 3551 3248 λοιποὶ,
3578 3179 3695 3252 ἅμα

2131 3273 2211 3346 τῷ
2240 3273 2410 3346 ἑτέρῳ
2442 3271 2698 3327 ὀνειδίσαι
2735 3271 2827 3327 τὸν
2856 3272 3097 3343 Κύριον;

2814 3365 3022 3430 Λύσις.
3102 3424 3123 3438 ί

2213 3463 2307 3516 Ἐκ
2336 3458 2635 3532 προοιμίων
2667 3456 2766 3529 μὲν
2801 3456 3049 3526 ἑκάτεροι
3077 3454 3155 3526 τῷ
3185 3455 3371 3526 Κυρίῳ
3394 3454 3690 3519 ὠνείδιζον,

2128 3556 2240 3616 τοῖς
2278 3554 2357 3616 είς
2415 3551 2580 3605 αὐτὸν
2623 3547 2882 3602 ὀνείδεσιν
2928 3545 3289 3612 ὲξιλεοῦσθαι,
3346 3545 3514 3607 είκδς,
3567 3547 3695 3607 τοὺς

2142 3642 2430 3704 Ἰουδαίους
2456 3639 2898 3711 νομίζοντες,καὶ
2917 3636 3009 3692 τοῦ
3037 3637 3267 3707 σταυροῦ
3290 3634 3690 3704 καθαιρεῖσθαι.

2140 3730 2359 3800 Ἐπειδὴ
2388 3729 2448 3782 δὲ
2469 3728 2629 3782 τοῦτο
2656 3729 2717 3782 οὐ
2749 3727 2991 3797 γέγονεν,
3030 3725 3129 3796 τὴν
3156 3722 3250 3778 τοῦ
3296 3724 3533 3794 Χριστοῦ
3560 3725 3696 3795 πρὸς

2128 3819 2220 3873 τὸν
2252 3817 2473 3888 Πατέρα
2503 3817 2578 3881 ὡς
2609 3817 2747 3888 πρὸς
2794 3816 3059 3886 ὁμότιμον
3103 3814 3291 3884 εὐχὴν,
3339 3813 3367 3864 6
3397 3812 3695 3882 εὐγνώμων

2125 3908 2330 3980 λῃστὴς
2361 3910 2562 3974 συνεὶς,
2587 3911 2677 3963 ὅτε
2707 3909 2917 3980 εἴρηκε·
2952 3906 3167 3975 Πάτερ,
3190 3905 3339 3975 ἄφες
3368 3904 3571 3971 αὐτοῖς
3596 3905 3695 3973 τὴν

2128 4000 2425 4070 ἁμαρτίανο
2462 4001 2682 4069 ἐπέγνω
2710 4000 2810 4070 τῆς
2847 3998 3128 4071 ἀληθείας,
3166 3998 3260 4051 καὶ
3290 3996 3495 4067 Κύριον
3533 3996 3695 4049 αὐτὸν

2127 4094 2221 4146 καὶ
2272 4092 2498 4163 βασιλέα
2548 4092 2922 4164 ὡμολόγησεν
2961 4092 3098 4161 ὅπερ
3135 4092 3246 4152 τοῖς
3277 4087 3485 4159 ἑτέροις
3531 4087 3696 4151 εὐαγ-

2126 4183 2400 4253 γελισταῖς
2447 4185 2582 4255 πρὸς
2609 4184 2775 4254 ἕτερα
2806 4182 2950 4255 μέρη
2981 4183 3075 4254 τῆς
3121 4180 3363 4253 ἱστορίας
3395 4177 3691 4248 ἐπειγομέ-

2126 4290 2244 4337 νοις.
2261 4271 2712 4344 παραλέλειπται.

2790 4361 3043 4430 Ἀπορὶα.

526 4434 647 4501 Quo
676 4435 890 4492 tandem
928 4428 1089 4492 modo
1127 4439 1447 4510 pollicitatio
1500 4442 1715 4499 Domini
1753 4446 1821 4500 ad
1855 4447 2024 4504 latro-

2198 4456 2324 4520 Πῶς
2370 4456 2404 4526 ἡ
2454 4453 2746 4523 ὑπόσχεσις
2778 4451 2873 4505 τοῦ
2922 4428 3129 4522 Κυρίου
3185 4450 3322 4521 πρὸς
3372 4449 3463 4503 τὸν
3492 4449 3695 4520 λῃστὴν

461 4539 588 4579 nem
642 4526 934 4597 adimpleta
974 4535 1080 4593 est,
1135 4527 1304 4583 Hodie
1356 4547 1558 4585 mecum
1612 4533 1713 4587 eris
1754 4536 1809 4590 in
1855 4553 2022 4604 para-

459 4617 572 4677 diso
599 4616 689 4670 ιιι
724 4616 1005 4687 Siquidem
1055 4626 1178 4690 post
1226 4619 1633 4677 cruciﬁxionem
1663 4622 1915 4682 Christus
1967 4627 2022 4682 in

461 4706 739 4769 infernum,
795 4709 862 4763 ad
905 4709 1215 4767 liberandos
1270 4722 1516 4768 mortuos
1579 4714 1858 4783 profectus
1907 4727 2019 4784 est;

460 4795 701 4866 oportuit
730 4805 912 4851 autem
945 4806 1001 4852 et
1036 4798 1323 4865 latronem,
1354 4811 1416 4859 ut
1452 4801 1544 4879 qui
1582 4801 1686 4874 legi
1713 4814 1921 4870 naturae
1937 4823 2023 4872 es-

462 4897 548 4951 set
564 4887 851 4949 obnoxius.
954 4894 973 4903 ’

1128 4978 1353 5037 Salutio.

531 5071 787 5128 Nonnulli
821 5072 1043 5144 quidem
1069 5072 1143 5129 ita
1172 5075 1377 5147 legunt.
1404 5077 1567 5130 Amen
1597 5080 1714 5134 dico
1737 5082 1831 5136 tibi
1851 5084 2023 5153 hodie,

532 5185 580 5216 “
612 5183 1137 5269 MatthngngPﬁ-i;
1170 5186 1456 5269 Μαῖα-κγ,
1489 5188 1768 5269 ῗξς-ιοοη.
1817 5199 2049 5269 xu,729;
2081 5200 2213 5259 Luc.
2240 5220 2396 5269 xxur,
2428 5202 2514 5260 36.

463 5252 625 5317 hinc.
662 5270 749 5319 xv,
780 5258 867 5310 52.
943 5255 988 5289 "
1016 5255 1148 5311 Luc.
1172 5273 1324 5324 mn,
1346 5252 1449 5313 54.
1510 5252 1719 5317 “Luc.
1751 5252 2015 5332 xxtu,'45.

2133 4548 2508 4618 πεπλήρωται,
2544 4545 2625 4597 ὅτι
2675 4543 2943 4612 Σήμερον
2984 4543 3110 4611 μετ’
3159 4542 3303 4611 ἐμοῦ
3344 4540 3457 4609 ἔσῃ
3496 4541 3568 4595 ἐν
3617 4539 3697 4604 τῷ

2133 4636 2510 4705 παραδείσῳ;
2554 4633 2707 4687 Μετὰ
2739 4633 2848 4703 γάρ
2879 4630 2971 4685 τὸν
3006 4632 3240 4703 σταυρὸν
3273 4632 3301 4684 6
3334 4630 3568 4702 Χριστὸς
3616 4630 3698 4690 εἰς

2131 4727 2258 4798 ᾅδου
2282 4726 2375 4780 ἐπὶ
2403 4722 2686 4795 ἐλευθερίᾳ
2712 4722 2821 4777 τῶν
2836 4723 3044 4794 νεκρῶν
3065 4721 3446 4793 παραγίνεται’
3462 4720 3566 4772 ἔδει
3585 4717 3696 4791 (26)

2130 4822 2186 4875 δὲ
2218 4822 2315 4874 καὶ
2365 4819 2457 4891 τὸν
2495 4817 2720 4889 λῃστὴν,
2773 4815 3075 4873 ὑπεύθυνον
3108 4813 3239 4868 ὄντα
3277 4812 3355 4884 τῷ
3401 4812 3551 4883 νόμῳ
3599 4810 3699 4881 τῆς

2131 4912 2366 4981 φύσεως.

2809 4999 3018 5068 Λύσις.

2207 5092 2364 5155 Τινὲς
2416 5092 2517 5161 μὲν
2566 5089 2740 5154 οὕτως
2790 5088 3271 5159 ἀναγινώσκουσιν·
3314 5084 3499 5155 Ἀμὴν
3544 5084 3699 5151 λέγω

2619 5204 2666 5237 ⁸⁸
2688 5203 2820 5259 Luc.
2843 5220 2999 5269 mn,
3021 5204 3111 5269 40;
3133 5201 3321 5257 Matth.
3354 5214 3539 5265 κεν-ιιι,
3576 5196 3645 5253 Μ
3676 5213 3697 5265 ;

1733 5352 1965 5411 VARhE
2004 5357 2407 5420 LECTIONES.

534 5437 565 5484 κ
593 5439 677 5492 An
706 5438 921 5494 εἰπὼνῖ
1006 5438 1025 5477 ι
1056 5437 1117 5494 ιτ.
1150 5439 1411 5504 λαϐόντας
1430 5441 1586 5508 τινὰς
1614 5455 1669 5499 et
1690 5445 2022 5517 πλήσαντας.

1954 5539 2180 5597 NOTAE.

1954 5540 2000 5597 Ν
2046 5540 2180 5596 ΤΔΕ.

460 5646 490 5711 -_
541 5629 651 5695 (26)
683 5628 864 5711 "licet
914 5625 1000 5691 δέ,
1033 5626 1524 5711 etcLSubintellige
1554 5631 1905 5700 repetendum
1957 5540 2047 5687 cf
2060 5635 2513 5703 praecedentibus,
2543 5638 2620 5701 είς
2644 5638 2775 5710 ᾅδου,
2793 5638 3208 5709 παραγίνεσθαι.
3293 5637 3551 5711 Oportuit
3605 5653 3704 5694 au-

474 5702 582 5754 tem
608 5706 664 5750 et
683 5696 948 5751 latronem
982 5697 1048 5752 ad
1076 5697 1351 5750 infernum
1388 5696 1596 5754 venire.
