3968 6220
340 348 470 411 IlS'i

1691 335 2204 406 QUIESTIONES.

3429 317 3569 378 ms

331 457 518 513 κλαιού
535 471 616 526 τῃ,
651 455 745 506 καὶ
801 453 947 506 ἔνδον
975 449 1246 523 βλεπούσῃ
1288 448 1546 518 φαθέντες
1575 447 1620 497 ol
1655 444 1897 512 ἄγγελοι,

2013 455 2182 497 rentes
2213 442 2411 511 angeli,
2446 441 2748 493 effecerunt
2773 446 2831 490 ut
2867 433 3029 488 Maria
3083 431 3276 484 iterum
3302 434 3448 479 retro
3469 439 3564 477 ex—

333 550 469 619 πρός
523 549 613 598 τὸν
666 545 930 614 ὁραθέντα
973 544 1153 603 αὐτοῖς
1212 540 1316 603 ἔξω
1370 537 1578 590 ἑστῶτα
1635 533 1892 604 Χριστὸν,

332 638 676 709 διεγερθέντα
734 634 1040 704 στραφῆναι
1085 633 1183 701 τὴν
1223 629 1446 699 Μαρίαν
1477 626 1582 691 ἔξω
1615 625 1776 676 πάλιν
1806 639 1898 674 πε-

336 730 646 798 ποιήκασινο
768 741 932 795 φησιν
964 725 992 776 ό
1039 722 1263 790 Κύριος·
1301 720 1361 772 Τί
1404 716 1667 780 κλαίεις;
1705 713 1798 766 καὶ
1831 712 1900 764 τὰ

336 822 481 888 ἑξῆς.
517 817 648 871 Εἶτα
681 817 977 886 ἑπιγνούσῃ
1035 815 1130 866 καὶ
1187 809 1460 866 Ῥαϐουνὶ
1507 805 1767 876 καλούτῃ,
1817 805 1897 866 τὸ,

334 913 429 980 Μή
460 929 577 978 μου
599 910 810 974 ἅπτου,
849 910 943 962 καὶ
965 907 1032 959 τὰ
1058 907 1288 976 ἐχόμενα
1313 903 1448 972 πρὸς
1475 899 1643 968 αὐτὴν
1673 899 1901 964 ἁπεκρί-

335 1019 483 1054 νατο.
522 1001 688 1052 Οὐῐὲν
722 1000 814 1052 οὖν
870 998 1097 1059 ἀπεικὸς
1159 995 1296 1064 μετὰ
1340 993 1440 1061 τὴν
1478 991 1670 1063 ὅρασιν
1695 987 1901 1056 ταύτην

335 1094 435 1162 τὴν
455 1093 673 1160 Μαρίαν
697 1092 832 1160 πρὸς
853 1092 980 1152 τοὺς
1014 1087 1345 1147 ἀποστόλους
1372 1084 1674 1155 τρέχουσαν
1712 1094 1904 1130 συναν-

335 1188 497 1255 τῆσαι
527 1187 646 1244 ταῖς
678 1181 772 1234 τοῦ
799 1190 823 1216 °
851 1181 1034 1234 Λουκᾶ
1070 1175 1473 1248 ἑμνρερομέναις
1504 1172 1596 1223 ἐπὶ
1622 1169 1684 1221 τὺ
1716 1166 1904 1236 μνῆμα

337 1274 679 1346 τρεχούσαις,
710 1272 899 1342 Μαρίᾳ
929 1270 1023 1324 τοῦ
1066 1268 1322 1322 Ἰακώϐου
1364 1267 1456 1316 καὶ
1513 1260 1758 1328 Ἰωάννᾳ,
1810 1255 1904 1308 καὶ

337 1367 536 1428 ταύτας
607 1365 832 1417 ἑλκῦσαι
891 1363 1029 1433 πρὸς
1090 1359 1150 1413 τὸ
1223 1356 1550 1424 κοινωνῆσαι
1611 1350 1746 1418 αὑτῇ
1806 1346 1906 1414 τῆς

335 1457 621 1516 ὀπτασίας.
655 1455 742 1518 Ὠς
787 1455 844 1506 δὲ
872 1452 1020 1513 me;
1053 1451 1146 1502 τοῦ
1188 1449 1468 1519 μνήματος
1494 1444 1764 1511 ἐγένοντο,
1813 1440 1904 1490 καὶ

335 1548 523 1600 οὐδένα
550 1547 852 1607 τεθέανται,
892 1544 1133 1614 ἠπόρουν
1165 1540 1444 1608 ἑκάτεραι·
1474 1537 1507 1605 ή
1555 1535 1652 1602 μὲν
1691 1529 1906 1595 Μαγδα-

337 1639 472 1706 ληνὴ
525 1637 609 1705 ἐφ’
666 1631 748 1698 οἷς
790 1635 880 1696 οὓς
932 1634 1122 1704 πρώην
1173 1631 1436 1698 ἀγγέλους
1493 1627 1658 1695 ἑώρα,
1705 1624 1798 1677 νῦν
1842 1623 1902 1673 οὗ

337 1730 578 1782 τεθέατο·
619 1730 673 1781 αἱ
721 1728 777 1780 δὲ
807 1727 961 1778 ἄλλαι
1003 1725 1114 1786 δύο,
1143 1723 1230 1776 διὰ
1271 1723 1330 1773 τι
1365 1718 1692 1772 Δεσποτικὸν
1724 1715 1904 1782 σῶμα,

341 1819 436 1873 ἆτε
467 1822 584 1872 ἐκεῖ
616 1819 689 1887 μὴ
733 1818 977 1885 εὑρεθέν.
1035 1814 1356 1880 Ἐκατέραις
1401 1809 1493 1862 οὖν
1524 1807 1687 1859 πάλιν
1715 1807 1909 1870 ἑπιφα-

340 1911 522 1973 νέντες
553 1910 600 1961 οἱ
652 1908 891 1976 ἄγγελοι,
927 1906 995 1958 τὰ
1031 1903 1382 1972 ἱστορηθέντα
1433 1899 1508 1968 τῷ
1557 1897 1743 1965 Λουκᾷ
1772 1895 1908 1962 πὼς

340 2002 506 2064 αὑτὰς
537 1999 913 2068 διελέχθησαν.
959 1995 1238 2048 Ἐλθοῦσαι
1283 1991 1462 2044 τοίνυν
1491 1991 1546 2042 αἱ
1577 1991 1724 2057 τρεῖς
1774 1985 1909 2053 μετὰ

341 2092 434 2143 κιςὶ
463 2089 572 2142 τῶν
608 2088 812 2141 λοιπῶν
844 2086 1122 2154 γυναικῶν
1156 2083 1265 2134 τῶν
1311 2080 1388 2150 τῷ
1425 2079 1608 2148 Λουκᾷ
1644 2079 1700 2128 ἐν
1731 2091 1910 2144 παρα-

338 2185 512 2252 δρομῇ
555 2181 949 2251 ἱστορημένων,
998 2175 1340 2246 ἀπήγγειλαν
1378 2174 1489 2234 τοῖς
1526 2169 1815 2240 μαθηταῖς.
1847 2167 1908 2216 υἱ

339 2274 395 2326 δὲ
431 2273 580 2342 παρὰ
608 2272 818 2340 Πέτρου
863 2270 956 2322 καὶ
997 2267 1246 2320 Ἰωάννου
1278 2261 1576 2330 ἀκηκοότες
1615 2260 1689 2320 ὡς
1721 2256 1910 2309 οὐδένα

342 2367 623 2419 τεθέανται
670 2365 747 2422 είς
775 2361 834 2411 τὸ
883 2359 1076 2427 μνῆμα
1136 2353 1405 2414 ἐλθόντες,
1436 2351 1603 2420 λῆρον
1644 2347 1710 2399 τὰ
1762 2343 1910 2412 παρὰ

340 2459 449 2511 τῶν
471 2453 745 2524 γυναικῶν
770 2451 1029 2522 λεχθέντα
1061 2450 1356 2518 ἡγήσαντο.
1405 2445 1463 2497 Ὀ
1497 2443 1552 2494 δὲ
1580 2441 1790 2508 Πέτρος
1835 2437 1910 2498 ώς

344 2548 566 2620 θερμὸς.
623 2551 686 2599 ἐκ
745 2544 1000 2613 δευτέρου
1055 2543 1148 2593 ἐπὶ
1208 2539 1266 2592 τὸ
1331 2535 1522 2607 μνῆμα
1576 2531 1765 2589 ὲλθὼν,
1817 2529 1911 2580 καὶ

342 2617 611 2693 ἀκόλουθα
645 2639 709 2706 τῇ
770 2633 962 2706 πρώτῃ
1029 2629 1210 2698 ἀφίξει
1282 2626 1640 2693 θεασάμενος,
1699 2617 1908 2686 ἀπῆλθε

342 2729 638 2801 θαυμάζων
668 2729 729 2782 τὸ
761 2728 1001 2796 γεγονός.
1039 2724 1265 2794 Μάρκος
1329 2720 1516 2789 μέντοι
1555 2716 1748 2784 ἑτέραν
1786 2714 1908 2766 Μα-

343 2823 468 2896 ρίαν
512 2819 872 2888 Μαγδαληνὴν
921 2814 1072 2882 παρὰ
1104 2813 1205 2876 τὰς
1230 2811 1342 2877 δύο,
1373 2813 1470 2869 τὰς
1513 2807 1591 2878 τῷ
1624 2803 1908 2872 Ματθαίῳ,

341 2893 523 2982 Ᾰουκᾷ
567 2927 623 2962 τε
676 2909 770 2962 καὶ⁵
831 2906 1057 2974 Ἰωάννῃ
1088 2899 1606 2971 συγγεγραμμένας,
1646 2896 1760 2963 ἅμα
1805 2893 1912 2944 Σα-

340 3003 499 3075 λώμῃ
532 3003 626 3055 καὶ
651 3000 841 3070 Μαρίᾳ
879 2995 1164 3059 Ἰακώϐου,
1195 2994 1357 3062 ἑτέρᾳ
1384 2990 1554 3058 ταύτῃ
1595 2986 1730 3058 clior,
1760 2984 1909 3053 παρᾶ

2000 545 2190 604 traque
2245 543 2655 588 converteretur
2703 529 2767 584 ad
2812 527 3090 583 Christum
3153 521 3242 590 qui
3311 518 3378 570 ab
3433 513 3570 582 ipsis

1998 635 2322 695 conspectus
2368 625 2560 689 fuerat,
2612 635 2762 676 extra
2818 619 3015 681 stabat,
3078 622 3127 667 et
3159 611 3566 668 resurrcxerat;

1999 719 2086 771 cui
2110 719 2241 771 dicit
2293 717 2555 770 Dominus
2595 713 2771 777 :Quid
2797 709 3019 780 ploras?
3064 712 3118 759 et
3139 718 3260 770 quae
3287 700 3565 762 deinceps.

2001 810 2129 862 lude
2161 809 2506 878 agnoscenti,
2535 814 2590 859 et
2613 803 2845 865 vocanti,
2899 797 3134 853 Rabboni
3160 795 3226 857 ⁵³,
3266 789 3420 850 illud,
3449 783 3572 838 Noli

2004 918 2084 953 me
2123 910 2354 969 tangere,
2398 908 2453 952 et
2501 893 2888 964 subsequentia
2933 890 3245 960 prolocutus
3277 891 3379 937 est.
3429 873 3572 930 Nihil

2002 1007 2131 1062 ergo
2157 991 2374 1045 absurdi
2401 998 2504 1053 est,
2542 987 2584 1042 si
2625 995 2748 1057 post
2792 983 3058 1036 visionem
3101 980 3265 1040 hanc,
3308 971 3473 1024 Maria
3502 965 3568 1019 ad

2004 1083 2276 1152 apostolos
2307 1095 2555 1143 currens,
2597 1074 2885 1131 offenderit
2923 1073 3040 1124 illas
3071 1069 3229 1121 Luca:
3261 1063 3482 1122 relatas,
3504 1056 3572 1110 ad

2007 1182 2416 1227 monumentum
2442 1178 2743 1229 currentes,
2769 1165 2988 1218 Mariam
3006 1158 3194 1215 Jacobi
3209 1165 3261 1209 et
3282 1155 3572 1211 Joanuam,

2006 1280 2206 1332 easque
2231 1262 2452 1317 traxerit
2477 1261 2540 1314 ad
2572 1257 2998 1329 participaudam
3030 1267 3152 1304 cum
3185 1265 3246 1301 ea
3278 1245 3570 1299 visionem.

2007 1355 2112 1409 Ubi
2144 1364 2326 1407 autem
2367 1354 2510 1406 intra
2534 1349 2928 1404 monimentum
2967 1344 3208 1403 fuerunt,
3243 1345 3299 1389 et
3320 1334 3572 1387 viderunt

2008 1449 2303 1509 nmninem,
2339 1452 2549 1498 cuncta:
2569 1441 2744 1494 anxiae
2791 1439 3044 1498 fuerunt;
3079 1427 3416 1499 Magdalena-
3456 1421 3578 1490 qui-

2007 1537 2153 1599 dein,
2214 1543 2501 1604 eapmptcr
2563 1531 2706 1601 quod
2777 1542 2914 1596 quos
2947 1525 3096 1594 prius
3151 1517 3345 1573 intuita
3399 1515 3576 1568 fuerat

2009 1631 2250 1697 angelos,
2284 1643 2429 1686 nunc
2455 1641 2563 1678 non
2591 1629 2870 1684 cerneret;
2891 1618 3009 1670 alia:
3040 1629 3170 1667 vero
3189 1613 3332 1668 duae,
3353 1613 3576 1676 propter

2014 1723 2222 1775 Domitii
2283 1735 2503 1789 corpus,
2554 1716 2698 1786 quod
2759 1714 2870 1767 illic
2923 1725 3032 1764 non
3078 1709 3415 1774 repercrant.
3469 1696 3577 1748 Illis

2011 1827 2141 1881 ergo
2186 1820 2511 1881 apparentes
2559 1809 2756 1860 iterum
2825 1801 3037 1870 Angeli,
3083 1810 3203 1865 qum
3241 1806 3336 1862 per
3374 1789 3576 1842 Lucam

2014 1915 2323 1967 narrantur,
2348 1901 2412 1955 ad
2451 1901 2570 1953 illas
2595 1897 2796 1952 elocuti
2833 1901 2981 1947 sunt.
3030 1886 3299 1953 Quocirca
3353 1879 3575 1933 \enieu-

2013 2004 2092 2049 tes
2117 1995 2219 2047 illa:
2249 2002 2378 2055 tres,
2411 2006 2516 2043 una
2543 2003 2662 2043 cum
2715 1982 2938 2051 reliquis
2968 1976 3306 2036 mulieribus,
3341 1987 3370 2024 a
3433 1967 3578 2020 Luca

2011 2087 2185 2139 obiter
2229 2081 2562 2141 memoratis,
2611 2077 3062 2131 renuntiaverunt
3113 2062 3412 2132 discipulis.
3475 2055 3577 2122 Qui

2010 2176 2154 2246 quod
2182 2191 2210 2228 a
2237 2176 2392 2227 Petro
2426 2180 2480 2225 et
2507 2170 2719 2226 Joanne
2760 2163 3121 2232 accepissent,
3169 2156 3378 2211 nullum
3437 2167 3465 2202 a
3519 2162 3580 2201 se

2010 2276 2384 2337 conspectum,
2433 2279 2556 2316 cum
2607 2258 2967 2313 accessissent
3021 2252 3087 2306 ad
3140 2253 3576 2303 monumentum,

2010 2331 2205 2426 qu:e-a
2257 2353 2473 2408 feminis
2513 2350 2854 2411 dicebautur,
2906 2359 3004 2413 pro
3034 2338 3387 2394 deliramento
3413 2331 3583 2384 duxe-

2013 2457 2158 2501 runt.
2190 2446 2458 2500 Creterurn
2492 2441 2705 2501 Petrus,
2729 2444 2787 2490 ut
2815 2432 3033 2504 ingenio
3064 2418 3578 2485 fervidus,sccunda

2011 2540 2129 2592 vice
2161 2551 2390 2607 pergens
2425 2534 2492 2588 ad
2531 2531 2862 2601 sepulcrum,
2889 2533 2944 2578 et
2979 2525 3344 2576 consentanea
3395 2509 3582 2580 prima:

2012 2627 2332 2700 profectioni
2359 2624 2656 2685 contuitus,
2681 2619 2906 2673 recessit
2942 2612 3216 2667 admirans
3267 2604 3408 2674 quod
3453 2617 3579 2654 ere-

2012 2697 2190 2777 nerat.
2219 2719 2389 2773 Porro
2413 2717 2626 2770 Marcus
2649 2713 2812 2766 aliam
2861 2707 3081 2761 Mariam
3121 2697 3494 2769 Magdalenam
3551 2706 3583 2744 a

2013 2815 2222 2869 duabus
2246 2809 2520 2868 Matthaeo,
2546 2805 2724 2866 Lucae,
2751 2810 2804 2854 et
2832 2796 3027 2852 Joanni
3067 2786 3418 2856 conscriptis,
3475 2792 3584 2834 Ira-

2013 2906 2094 2960 dit
2142 2918 2247 2957 una
2299 2916 2424 2955 eum
2489 2897 2726 2957 Salome,
2765 2900 2819 2947 et
2862 2888 3027 2942 Maria
3082 2881 3269 2938 Jacobi
3313 2878 3584 2932 diversaa

2015 2999 2218 3069 priore,
2251 3003 2310 3048 ut
2339 2990 2602 3060 competit
2626 2995 2928 3056 postremas
2953 2974 3260 3034 cucurrisse
3287 2969 3354 3022 ad
3386 2979 3583 3020 monu-

342 3054 434 3072 πη,
471 3054 499 3075 δ,
578 3054 584 3055 γ
659 3054 664 3055 ν
753 3054 764 3069 ,
816 3055 828 3070 ,
1152 3054 1161 3059 .
1292 3054 1344 3062 ..
1531 3054 1553 3058 ..
1703 3054 1727 3058 -κ

340 3097 436 3166 τὴν
463 3095 708 3163 πρώτην,
747 3089 1048 3157 ἐκτίθεται,
1077 3088 1153 3148 ὼς
1177 3085 1323 3144 εἰκὸς
1349 3079 1666 3142 τελευταίας
1723 3078 1815 3128 ἐπὶ
1847 3077 1906 3128 τὸ

2017 3098 2259 3143 mentum
2282 3104 2297 3152 ;
2322 3054 2652 3151 intuitasque
2683 3077 2846 3132 unius
2899 3069 3096 3141 angeli,
3127 3066 3270 3118 illius
3299 3061 3390 3130 qui
3440 3054 3583 3126 apud

344 3165 609 3253 μνημεῖον
643 3180 897 3248 δραμεῖν*
935 3178 1032 3230 καὶ
1058 3175 1158 3245 τὴν
1199 3173 1295 3226 τοῦ
1348 3172 1467 3234 ἑνὸς
1498 3169 1754 3236 ἀγγέλου,
1814 3165 1908 3218 τοῦ

341 3273 492 3341 παρὰ
517 3271 592 3339 τῷ
620 3268 884 3338 Ματθαίῳ
915 3266 1168 3336 κειμένου
1200 3261 1466 3315 ὀπτασίαν
1489 3258 1826 3325 θεασάμενος
1857 3265 1906 3318 ι’,

339 3360 668 3431 περιφόϐους
709 3377 768 3411 τε
799 3357 1119 3427 γενομένας,
1157 3356 1349 3423 φυγεῖν
1394 3355 1457 3404 ἑκ
1489 3350 1582 3404 τοῦ
1617 3350 1907 3420 μνημείου,

338 3453 433 3506 καὶ
469 3451 658 3522 μηδενὶ
705 3449 979 3520 θαρρῆσαι
1026 3450 1222 3511 εἰπεῖν,
1268 3445 1356 3498 διὰ
1389 3444 1451 3496 τὸ
1495 3442 1770 3495 ἀνατεῖλαι
1801 3441 1911 3494 λοι-

339 3543 440 3594 πὸν
463 3543 552 3594 τὸν
588 3541 761 3610 ἥλιον,
792 3540 882 3592 τὸν
917 3539 1205 3591 Ἰουδαϊκὸν
1233 3536 1626 3606 προορωμένας
1654 3533 1837 3601 φόϐον.

1009 3651 1263 3717 Ἀπορία.

410 3741 564 3794 Διατί
629 3742 844 3802 Λουκᾶς
912 3741 1014 3808 μὲν
1072 3742 1166 3792 καὶ
1233 3743 1462 3810 Μάρκος
1515 3742 1772 3795 εἰσελθεῖν
1831 3745 1910 3804 εἰς

338 3834 399 3887 τὸ
458 3837 648 3904 μνῆμα
707 3833 806 3896 τὰς
860 3836 1145 3900 γυναῖκας’
1193 3836 1242 3885 οἱ
1307 3835 1362 3886 δὲ
1418 3833 1619 3898 λοιποὶ,
1670 3835 1731 3887 οὐ
1789 3833 1910 3887 τοῦ-

339 3941 420 3988 το,
481 3924 617 3977 ἀλλὰ
674 3924 833 3994 μόνον
886 3923 1215 3994 παρακύψαι
1288 3923 1675 3994 πεφοϐημένοις
1748 3925 1912 3995 μηνύ-

337 4029 398 4065 ου
407 4030 491 4066 σιν
505 4029 528 4081 ;,

1023 4104 1233 4168 Λύσις.

408 4195 688 4256 Ματθαῖος
730 4195 828 4264 μὲν
861 4194 952 4247 καὶ
989 4178 1216 4263 Μάρκος
1260 4194 1533 4264 ἱστοροῦσι
1571 4196 1633 4249 τὸ
1667 4199 1724 4250 ἑν
1772 4198 1913 4267 ἀρχῇ

340 4288 582 4355 γεγονὸς,
632 4289 792 4357 ἡνίκα
842 4286 1044 4349 εὐθέως
1101 4289 1432 4359 ἐπέστησαν·
1480 4288 1695 4354 Λουκᾶς
1746 4251 1916 4344 δὲ.

342 4381 478 4450 μετὰ
531 4379 709 4444 τοῦτο,
758 4381 847 4432 ὅτε
901 4379 1089 4431 λοιπὸν
1132 4382 1434 4452 ἀναχωρεῖν
1473 4382 1568 4434 τοῦ
1630 4384 1913 4455 μνήματος

338 4473 587 4541 ἔμελλον.
624 4471 846 4541 Ἐπειδὴ
891 4471 1000 4541 γὰρ
1048 4471 1189 4524 κατὰ
1233 4473 1291 4524 τὸ
1335 4475 1428 4526 τοῦ
1473 4476 1727 4546 Ἀϐραὰμ
1774 4478 1912 4549 σπή-

338 4563 509 4627 λαιον,
558 4563 724 4616 διπλᾶ
765 4564 872 4615 τῶν
904 4563 1181 4616 Ἰουδαίων
1218 4566 1431 4636 ὑπῆρχε
1453 4568 1521 4620 τὰ
1557 4569 1838 4638 μνήματα,
1885 4571 1914 4622 ὁ

335 4651 392 4703 δὲ
423 4652 742 4721 ἑπιϐληθεὶς
775 4651 921 4714 λίθος
963 4655 1026 4721 τῇ
1073 4653 1232 4724 θύρᾳ,
1265 4654 1356 4707 τὸν
1401 4655 1547 4708 ἔνδον
1596 4654 1768 4723 οἷκον,
1823 4658 1914 4710 τὸν

335 4743 396 4796 τὸ
427 4744 756 4796 Δεσποτικὸν
781 4744 939 4814 σῶμα
975 4745 1187 4814 ἔχοντα,
1231 4748 1336 4800 ἀπὸ
1367 4747 1460 4801 τοῦ
1491 4748 1596 4815 ἔξω
1639 4749 1910 4820 διώριζεν,

336 4833 394 4883 ἐν
422 4831 502 4901 τῷ
553 4832 984 4903 προϐεϐλημένη)
1013 4833 1145 4905 οἴκῳ
1175 4837 1516 4890 εἰσελθοῦσαι
1558 4839 1652 4891 τὸν
1682 4840 1912 4908 ἄγγελον

337 4920 634 4973 ἐθεάσαντο
668 4922 725 4972 ἑν
747 4919 824 4989 τῷ
854 4920 986 4991 λίθῳ
1020 4921 1350 4991 καθήμενον,
1386 4925 1529 4979 καθὰ
1557 4927 1634 4991 τῷ
1652 4929 1913 4982 Ματθαίω

331 5013 497 5065 δοκεῖ·
551 5012 627 5083 τῷ
691 5012 748 5064 δὲ
800 5013 1033 5084 Μάρκῳ,
1106 5015 1390 5070 νεανίσκον
1450 4984 1916 5090 περιϐεϐλημένον

337 5102 530 5174 στολὴν
565 5103 791 5174 λευκὴν,
820 5104 914 5157 καὶ
950 5104 1259 5176 καθήμενον
1297 5108 1354 5160 ἑν
1377 5110 1490 5171 τοῖς
1510 5109 1725 5174 δεξιοῖς,
1761 5112 1916 5181 δηλοη

338 5191 450 5296 νότι
478 5191 570 5245 τοῦ
599 5193 870 5260 ἑξωτέρου
913 5193 1202 5265 σπηλαίου.
1254 5197 1334 5251 Δι’
1367 5199 1651 5269 ἑκατέρων
1691 5197 1784 5256 οὖν
1805 5203 1913 5255 τῶν

338 5283 761 5351 εὐαγγελιστῶν,
793 5286 1078 5340 Ματθαίου
1104 5289 1196 5341 καὶ
1221 5288 1475 5359 Μάρκου,
1507 5291 1740 5360 ἄγγελον
1771 5291 1912 5349 εἶναι

337 5370 430 5424 τὸν
471 5372 709 5439 φανέντα
769 5378 888 5438 ταῖς
939 5376 1178 5443 γυναιξὶ,
1235 5380 1681 5451 προτρεπόμενον
1742 5383 1911 5448 αὐτὰς

407 5526 455 5559 ⁸⁵
481 5526 640 5584 Joan.
663 5545 757 5594 xx,
797 5531 880 5595 l5,
920 5533 1006 5588 l6.

1115 5534 1160 5565 ⁵⁵
1184 5535 1315 5589 Luc.
1348 5550 1490 5604 χειν,
1523 5538 1576 5604 5;
1607 5538 1770 5593 Marc.
1812 5556 1900 5593 κεί

2013 5537 2240 5604 ;Matth.
2281 5548 2472 5596 xxvur,
2509 5530 2563 5596 8;
2591 5525 2748 5582 Joan.
2781 5513 2848 5577 ix
2871 5562 2884 5587 ,
2911 5519 2998 5574 11.

2013 3182 2322 3235 Mattbzmun
2360 3177 2572 3246 legitur,
2600 3168 3019 3240 apparitionem,
3079 3167 3134 3212 ct
3169 3156 3362 3210 timore
3396 3163 3584 3204 corre-

2013 3282 2154 3343 ptas,
2214 3271 2414 3340 fugisse
2451 3284 2481 3320 a
2533 3269 2910 3322 monumento,
2971 3268 3073 3307 nec
3123 3247 3378 3316 cuiquam
3425 3253 3586 3295 ausas

2015 3362 2183 3415 fuisse
2221 3361 2424 3424 dicere,
2450 3362 2736 3426 propterea
2768 3348 2912 3420 quod
2947 3346 3060 3413 jam
3110 3339 3191 3394 sol
3221 3344 3374 3389 ortus
3416 3338 3584 3394 esset,

2014 3469 2076 3508 ac
2113 3453 2400 3507 Judaicum
2435 3448 2798 3519 prawidentcs
2818 3452 2919 3495 uret
2933 3455 3041 3493 um.

2599 3639 2888 3710 Difficultas
2918 3651 2990 3688 ιι.

2003 3744 2009 3754 ’
2085 3745 2223 3810 Quid
2279 3741 2351 3793 rei
2403 3747 2502 3799 est,
2539 3735 2682 3803 quod
2733 3731 2909 3784 Lucas
2945 3736 2998 3778 et
3047 3722 3278 3782 Marcus,
3335 3712 3596 3768 mulieres

2019 3833 2290 3888 introiisse
2325 3831 2378 3882 in
2409 3830 2860 3882 monumentum;
2892 3816 2979 3870 alii
3011 3815 3140 3875 duo,
3175 3826 3283 3864 non
3319 3809 3441 3870 hoc,
3491 3801 3589 3857 sed

2019 3931 2228 3978 tantqu
2263 3915 2652 3986 intrespexisse
2687 3906 3004 3982 perterritas
3037 3895 3378 3957 iudicent"?

2699 4085 2921 4141 Salutio.

2091 4188 2378 4242 Mattbteus
2403 4181 2620 4252 quidem
2654 4187 2708 4231 et
2744 4175 2954 4228 Marcus
2983 4170 3033 4224 id
3067 4172 3290 4222 narrant
3317 4162 3458 4232 quod
3488 4159 3594 4212 ini-

2022 4284 2096 4339 tio
2117 4289 2320 4343 actum,
2343 4274 2561 4345 quando
2590 4269 2730 4324 illico
2759 4268 3131 4325 advenerunt;
3173 4259 3345 4310 Lucas
3382 4269 3509 4307 rcro
3540 4253 3596 4306 id-

2021 4375 2163 4447 quod
2230 4379 2438 4442 postea,
2485 4381 2608 4421 cum
2647 4362 2758 4429 jam
2827 4370 3122 4411 recessura:
3155 4357 3338 4405 essent
3401 4362 3429 4398 a
3475 4360 3594 4397 mo-

2019 4462 2454 4528 nurnento.Quia
2473 4459 2616 4512 enim
2647 4456 2797 4525 juxta
2824 4449 3052 4504 Abrahae
3076 4445 3386 4516 speluncam
3402 4440 3468 4504 ⁵⁸,
3496 4437 3598 4490 duo

2019 4561 2175 4632 plicia
2212 4563 2367 4612 erant
2405 4551 2716 4605 Iudaeorum
2747 4546 3120 4598 monumenta,
3155 4545 3209 4588 et
3239 4531 3374 4602 lapis
3425 4536 3597 4599 porte

2021 4650 2316 4709 immissus,
2354 4642 2669 4698 interiorem
2705 4635 2899 4699 aedem,
2941 4645 3061 4699 quas
3095 4625 3436 4679 Dominicum
3473 4636 3597 4674 cor-

2020 4760 2122 4814 pus
2175 4737 2509 4800 continebat,
2563 4732 2630 4784 ab
2678 4723 2934 4783 exteriori
2986 4720 3288 4789 scparabat,
3339 4715 3595 4784 ingressa:

2020 4833 2192 4888 aedem
2227 4826 2647 4900 prominentem,
2679 4817 2927 4888 angelum
2959 4812 3362 4880 conspexerunt
3399 4803 3596 4856 seden-

2025 4938 2131 4982 tem
2182 4926 2235 4978 in
2281 4922 2478 4990 lapide,
2515 4918 2666 4987 juxta
2711 4906 2949 4965 Mattboei
2980 4900 3371 4971 Evangeliurn;
3423 4901 3477 4946 at
3527 4907 3593 4944 ex

2020 5020 2220 5081 Marco,
2243 5016 2500 5084 juvenem
2517 4985 2849 5076 coopertum
2875 4998 3012 5054 stola
3043 4991 3293 5053 candida,
3321 4994 3374 5041 et
3399 4985 3596 5039 seden-

2021 5118 2128 5164 tem
2171 5107 2225 5160 in
2276 5102 2502 5165 dextris,
2531 5073 2817 5152 exterioris
2849 5089 3100 5145 videlicet
3145 5081 3440 5153 speluncae.
3471 5073 3596 5127 Fuit

2016 5214 2144 5270 ergo
2175 5195 2473 5252 secundum
2503 5199 2801 5257 utrumque
2827 5180 3244 5251 evangelistam,
3281 5171 3596 5226 Mattlrazum

2020 5259 2370 5349 etVMarcum,
2405 5281 2628 5352 angelus
2674 5276 2765 5347 qui
2811 5269 3059 5343 apparuit
3088 5263 3432 5324 mulieribus,
3462 5259 3590 5313 hor-

2020 5392 2273 5451 tatusque
2301 5386 2385 5432 est
2411 5350 2503 5431 eas
2527 5383 2587 5428 ut
2613 5371 2862 5426 viderent
2881 5365 3085 5425 locum,
3121 5356 3212 5413 ubi
3235 5368 3434 5424 corpus
3483 5350 3594 5404 Do-

3102 5517 3150 5550 ”
3174 5516 3311 5574 Gen.
3344 5527 3472 5569 χχιιι
3496 5549 3509 5576 ,
3535 5508 3588 5563 9.

1605 5678 1835 5733 γΑιιιΑῑ
1869 5675 2274 5734 LECTIONES.

411 5742 437 5772 °
471 5735 511 5806 f.
547 5735 645 5807 τῷ.
726 5748 752 5788 Ρ
781 5738 1142 5810 θέασαμὲνας.
