4038 6226
399 313 537 380 11.89

1600 311 1966 373 HESYCHII
2000 309 2476 377 PRESBYTERI

3533 299 3668 367 1M0

396 425 662 482 minicum
698 422 931 494 positum
958 422 1155 478 fuerat.
1192 422 1375 493 ltaque
1401 421 1546 492 quod
1589 422 1659 477 ab
1696 422 1802 476 ill-is
1842 437 1983 490 pran—

2094 419 2221 471 ίδεῖν
2258 419 2353 471 τὸν
2368 417 2557 484 τόπον,
2589 415 2719 470 ἔνθα
2743 417 2805 469 τὸ
2835 414 2997 485 σῶμα
3021 411 3082 467 τὸ
3106 411 3441 465 Δεσποτικὸν
3468 411 3661 466 ἔκειτο.

399 519 711 574 termissum
743 523 847 578 est,
894 514 1070 569 Lucas
1118 514 1428 571 accuratius
1479 512 1717 583 scripsit,
1754 512 1977 567 dicens:

400 607 661 679 Ingresso:
707 623 807 661 non
847 607 1157 660 invenerunt
1185 623 1372 674 corpus
1393 598 1603 660 Domini
1623 606 1769 661 Jesu.
1826 605 1983 661 Unde

400 700 538 755 nihil
564 700 683 755 aliis
709 700 1040 755 contrarium
1064 700 1260 771 singuli
1295 702 1658 771 protulerunt.

979 875 1277 945 Difficultas
1306 892 1403 929 LII.

472 968 591 1034 Qua
623 968 836 1024 ratione
868 970 1266 1039 apparitionem
1314 966 1651 1037 angelorum,
1701 966 1984 1036 ipsamque

402 1058 617 1115 Domini
645 1062 713 1116 ad
744 1061 1022 1127 mulieres,
1051 1061 1201 1116 varie
1233 1060 1642 1132 descripserunt
1670 1058 1695 1111 ?

1088 1236 1311 1291 Salutio.

477 1324 753 1379 Contrarii
789 1327 922 1381 nihil
956 1328 1117 1382 habet
1143 1328 1411 1398 apparitio
1440 1329 1780 1398 angelorum.
1807 1329 1985 1400 Siqui-

407 1415 530 1469 dem
564 1415 849 1472 Matthaaus
881 1430 935 1471 et
965 1418 1175 1475 Marcus
1230 1435 1419 1481 unum,
1450 1429 1508 1472 ut
1537 1430 1695 1474 antea
1724 1421 1982 1487 disimus,

406 1509 659 1577 angelum
686 1509 993 1563 retulerunt
1016 1510 1333 1580 apparuisse
1359 1512 1680 1567 mulieribus
1709 1514 1777 1580 ³⁷;
1811 1513 1987 1570 Lucas

405 1615 538 1655 vero
575 1609 628 1654 et
664 1600 923 1665 Joannes,
960 1603 1190 1671 primam
1223 1604 1621 1673 apparitionem
1655 1610 1985 1675 practermit-

407 1700 584 1745 tentes
619 1691 684 1757 ⁸⁸,
707 1692 928 1762 angelos
957 1694 1116 1757 duos,
1148 1694 1238 1764 qui
1281 1694 1432 1749 intus
1464 1696 1565 1750 visi
1598 1707 1745 1762 sunt,
1776 1698 1984 1753 descri-

2098 509 2183 573 Ὧς
2237 507 2613 579 παραλειφθὲν
2664 507 2816 581 παρὰ
2862 505 3091 581 τούτων.
3122 507 3151 559 ὁ
3195 506 3411 568 Λουκᾶς
3444 504 3667 575 ἀκριϐέ-

2086 618 2277 672 στερον
2318 600 2559 671 ἔγραψεν
2593 599 2787 653 εἰπών’
2821 597 3231 654 Είσελθοῦσαι
3260 599 3373 667 οὐχ
3393 592 3575 664 εὗρον
3604 597 3671 651 τὸ

2085 691 2258 762 σῶμα
2289 692 2396 746 τοῦ
2422 692 2646 760 Κυρίου
2666 691 2891 760 Ἰησοῦ.
2927 689 3092 745 Ὀθεν
3115 689 3217 744 οὐκ
3239 690 3481 744 ἐναντίον
3503 688 3671 759 ἀλλή-

2085 785 2198 848 λοις
2221 785 2494 856 εἰρήκασι.

2472 926 2487 932 ρ
2754 874 3011 944 Ἀπορία.

2159 968 2280 1021 Τίνι
2315 967 2460 1037 λόγῳ
2484 965 2760 1036 διαφόρως
2811 964 2911 1035 τὴν
2943 965 3053 1018 τῶν
3082 963 3334 1034 ἀγγέλων
3374 961 3668 1027 ὀπτασίαν,

2085 1059 2259 1131 αὐτὴν
2309 1077 2372 1113 τε
2410 1058 2511 1129 τὴν
2541 1058 2649 1111 τοῦο
2689 1058 2901 1130 Κυρίου
2934 1057 3033 1129 τὴν
3063 1056 3204 1130 πρὸς
3240 1057 3340 1121 τὰς
3400 1058 3668 1124 γυναῖκας

2085 1151 2386 1222 γενομένην
2415 1151 2748 1222 ίστόρησαν;.

2766 1242 2978 1306 Λύσις.

2157 1336 2273 1388 Οὐκ
2324 1333 2543 1388 ἐναντία
2591 1334 2626 1403 ἠ
2660 1332 2771 1386 τῶν
2821 1333 3070 1402 ἀγγέλων
3099 1329 3671 1391 ὀπτασίαιΜατθατος

2090 1425 2189 1496 μὲν
2227 1424 2338 1495 γὰρ
2391 1424 2487 1477 καὶ
2536 1424 2789 1493 Μάρκος,
2843 1422 2943 1477 ῑνα
2993 1420 3177 1484 καθὼς
3229 1420 3667 1490 προειρήκαμεν,

2090 1517 2382 1587 ἱστόρησαν
2402 1517 2522 1578 ταῖς
2546 1515 2794 1582 γυναιξὶν
2822 1516 3154 1584 ἐπιφανῆναι
3178 1512 3427 1581 ἄγγελον·
3456 1512 3672 1573 Λουκᾶς

2086 1607 2145 1659 δὲ
2178 1607 2274 1660 καὶ
2315 1607 2593 1677 Ἰωάννης,
2650 1606 2750 1676 τὴν
2805 1604 3034 1676 πρώτην
3067 1604 3335 1657 ὀπτασίαν
3382 1603 3671 1673 παραδρα-

2093 1696 2307 1764 μόντες,
2337 1694 2466 1758 τοὺς
2507 1694 2654 1749 ένδον
2687 1695 2957 1765 φανέντας
2988 1694 3257 1763 ἀγγέλους
3297 1692 3391 1746 δύο
3431 1694 3672 1765 γράφου·
3778 1718 3783 1721 -

403 1783 584 1838 bunt:
634 1783 874 1839 Joannes
922 1794 1131 1848 autem,
1186 1787 1240 1841 in
1293 1788 1551 1842 exteriori
1608 1789 1868 1859 spelunca
1911 1790 1980 1846 ad

2094 1803 2187 1839 σιν·
2233 1788 2491 1856 Ἰωάννης
2520 1786 2581 1840 δὲ
2607 1788 2665 1839 ὲν
2692 1787 2770 1856 τῷ
2810 1786 2916 1850 ἔξω
2956 1786 3208 1856 σπηλαίῳ
3258 1784 3410 1853 παρὰ
3443 1785 3542 1855 τὴν
3576 1785 3672 1837 θύα

404 1872 602 1929 ostium
633 1874 859 1928 Mariam
907 1875 1154 1946 designat
1184 1884 1442 1943 stantem,
1478 1887 1533 1932 et
1584 1879 1728 1933 intro
1770 1880 1988 1950 prospi-

405 1965 667 2031 cientem,
698 1967 898 2022 vidisse
931 1967 1069 2024 duos
1112 1970 1336 2041 angelos
1391 1971 1445 2024 in
1497 1971 1675 2037 albis;
1704 1979 1761 2026 at
1789 1972 1986 2041 Lucas,

403 2073 529 2113 cum
567 2058 826 2130 ingressa:
854 2069 1039 2114 essent
1086 2060 1141 2114 in
1175 2061 1483 2130 sepulcrum
1517 2063 1583 2128 ⁵⁸,
1617 2078 1722 2120 nec
1746 2062 1990 2119 invenis-

403 2157 530 2205 sent
579 2165 800 2220 corpus,
852 2150 1084 2220 ideoque
1130 2160 1315 2207 mente
1362 2161 1729 2208 consternata:
1777 2165 1987 2221 essent,

403 2242 761 2313 conspexisse
794 2243 932 2299 duos
966 2244 1132 2307 viros,
1163 2244 1217 2299 in
1256 2253 1404 2300 veste
1454 2245 1715 2317 fulgenti;
1751 2247 1802 2302 id
1843 2249 1990 2318 quod

405 2349 501 2389 eos
536 2336 757 2401 angelos
789 2352 909 2391 esse
936 2337 1248 2392 denotabat.
1283 2337 1438 2404 Quod
1468 2349 1650 2394 autem
1687 2340 1786 2405 ait,
1817 2339 1989 2396 Stete-

304 2447 309 2454 ε
408 2437 531 2481 runt
562 2445 728 2493 secus,
757 2444 867 2483 non
894 2429 1161 2499 signiﬁcat
1202 2431 1521 2501 apparuisse
1545 2447 1661 2498 eos,
1693 2433 1789 2487 sed
1820 2434 1986 2503 quod,

405 2529 467 2575 ut
491 2521 687 2592 angeli,
722 2521 885 2576 etiam
920 2533 1242 2593 praesentes,
1260 2540 1370 2579 non
1393 2540 1632 2595 semper,
1655 2527 1750 2581 sed
1769 2527 1991 2597 quando

406 2613 683 2681 volebant,
715 2614 1215 2684 conspiciebantur.
1250 2616 1412 2672 Unde
1444 2632 1548 2671 nec
1586 2616 1749 2672 Petro
1779 2619 1835 2672 in
1874 2634 1991 2675 mo-

404 2713 732 2759 numentum
761 2706 1005 2775 ingresso
1026 2717 1416 2775 apparuerunt,
1439 2709 1690 2778 quamvis
1710 2710 1987 2778 adessent;

407 2796 731 2851 mulieribus
762 2812 892 2852 vero
920 2797 1138 2853 divisim
1164 2799 1420 2869 ingressis
1446 2810 1569 2871 post
1593 2803 1993 2858 consternatio-

406 2901 557 2954 nem,
589 2896 850 2959 tanquam
876 2888 1272 2946 infirmioribus
1295 2890 1442 2961 ipsos
1464 2907 1525 2947 se
1553 2892 1818 2949 videndos
1844 2910 1987 2965 pra:-

404 2977 666 3034 buerunt.
692 2979 848 3045 Quod
869 2979 913 3034 si
931 2979 1165 3038 dixeris:
1195 2978 1316 3046 Quo
1362 2981 1526 3036 modo
1549 2981 1690 3051 apud
1721 2980 1991 3038 Joannem

2094 1893 2205 1948 ραν·
2223 1877 2321 1947 τὴν
2365 1877 2586 1948 Μαρίαν
2615 1877 2927 1948 διαγράψας
2960 1876 3204 1930 ἑστῶσαν
3236 1876 3333 1930 καὶ
3362 1875 3512 1929 ἔνδον
3564 1893 3679 1930 πα-

2094 1968 2440 2038 ρακύψασαν,
2469 1969 2747 2040 θεωρῆσαι
2787 1970 2914 2032 τοὺς
2937 1970 3032 2023 δύο
3062 1969 3329 2038 ἀγγέλους
3358 1972 3417 2022 ὲν
3435 1968 3670 2031 λευκοῖς·

2091 2062 2307 2126 Λουκᾶς
2331 2061 2389 2115 δὲ
2424 2063 2483 2116 έν
2513 2062 2592 2134 τῷ
2627 2062 2978 2125 εἰσελθούσας
3010 2064 3180 2125 αὑτάς
3226 2062 3397 2127 ἔνδον,
3442 2063 3537 2115 καὶ
3601 2060 3675 2131 μὴ

2093 2150 2380 2222 εὑρούσας,
2399 2150 2693 2206 τεθεᾶσθαι
2714 2151 2810 2206 δύο
2840 2152 3040 2223 ἄνδρας
3071 2156 3130 2207 ὲν
3153 2152 3441 2224 ἐσθήσεσιν
3467 2153 3675 2223 ἀστρα-

2093 2246 2382 2309 πτούσαις,
2445 2247 2584 2319 ὅπερ
2638 2248 2909 2317 ἀγγέλους
2959 2249 3160 2311 αὐτοὺς
3214 2249 3675 2319 ἐχαρακτήριζεν.

2093 2335 2167 2388 Τὸ
2213 2335 2271 2388 δὲ
2323 2334 2503 2403 λέγειν
2532 2352 2546 2368 ο
2594 2336 3005 2405 Ἐπέστησαν,
3033 2340 3134 2408 οὐχ
3177 2338 3318 2393 ὥστε
3376 2339 3674 2409 φανέντων.

2092 2426 2208 2480 ἀλλ’
2237 2427 2320 2481 ὅτι
2346 2428 2421 2491 ὼς
2443 2427 2687 2497 ἄγγελοι,
2713 2430 2811 2484 καὶ
2841 2431 3135 2501 παρέντες,
3185 2432 3246 2484 οὐ
3276 2432 3533 2494 πάντοτε,
3560 2429 3677 2484 ἀλλ’

2092 2518 2183 2572 ὅτε
2226 2518 2416 2588 ἤθελον
2443 2519 2755 2590 ἐφαίνοντο.
2796 2521 2960 2574 Ὅθεν
3013 2521 3137 2575 οὐδὲ
3163 2523 3356 2592 Πέτρῳ
3385 2519 3675 2574 εἰσελθόντι

2092 2612 2173 2673 εἰς
2204 2610 2265 2663 τὸ
2307 2614 2576 2683 μνημεῖον
2623 2612 2929 2684 ἐφάνησαν,
2960 2613 3139 2667 καίτοι
3171 2615 3441 2685 παρόντες
3477 2628 3491 2643 ·
3557 2616 3693 2676 ταῖς.

2091 2703 2150 2756 δὲ
2196 2704 2413 2772 γυναιξὶ
2461 2705 2811 2777 διῃρημένως
2866 2704 3241 2768 είσελθούσαις
3271 2704 3413 2776 μετὰ
3442 2705 3506 2757 τὸ
3544 2705 3680 2759 ἀπο-

2095 2797 2279 2869 ρῆσαι,
2319 2798 2395 2859 ὼς
2422 2798 2843 2869 ἀσθενεστέραις
2871 2799 3099 2861 ἑαυτοὺς
3130 2798 3497 2869 ὲνεφάνησαν.
3534 2797 3597 2849 Ei
3623 2796 3679 2849 δὲ

2093 2886 2293 2955 λέγως’
2325 2886 2452 2949 Πῶς
2485 2887 2637 2958 παρᾶ
2660 2888 2738 2959 τῷ
2779 2888 3003 2958 Ἰωάννῃ
3035 2887 3229 2959 Μαρίᾳ
3261 2889 3360 2957 μὲν
3382 2888 3491 2941 οὐκ)
3504 2887 3689 2957 ἐφάνη-

2091 2980 2122 3033 ὁ
2149 2979 2244 3034 ἐπὶ
2280 2980 2360 3052 τῷ
2388 2979 2522 3052 λίθῳ
2568 2980 2881 3053 καθήμενος
2919 2980 3171 3049 ἄγγελος,
3211 2980 3532 3054 εἰσελθούσῃ
3570 2979 3686 3034 δεύ-

407 3071 634 3134 angelus
668 3086 835 3142 super
850 3071 1085 3142 lapidem
1118 3072 1319 3129 sedens
1346 3088 1460 3127 non
1481 3072 1991 3144 apparueritMariaa

2094 3089 2290 3144 τερον;
2323 3075 2356 3144 ἠ
2387 3074 2536 3128 αἰτία
2574 3073 2731 3145 δήλη.
2784 3074 2859 3127 Τὸ
2888 3074 2987 3144 μὲν
3018 3074 3128 3144 γὰρ
3168 3073 3384 3143 πρῶτον
3421 3071 3605 3126 ἰδοῦσα
3649 3073 3712 3143 ἡ·

408 3164 612 3219 iterum
666 3164 928 3235 ingressa:
950 3164 1022 3217 ὀἳ
1065 3179 1230 3220 causa
1280 3165 1569 3221 manifesta
1617 3176 1721 3222 est.
1772 3164 1989 3221 Etenim

2096 3164 2286 3235 Μαρία
2322 3164 2415 3219 τὸν
2450 3164 2599 3218 λίθον
2637 3164 3126 3236 ὲκκεκυλισμένον,
3160 3164 3316 3217 οὐδὲν
3340 3163 3501 3216 πλέον
3530 3179 3688 3234 περι-

407 3254 591 3326 primo
635 3254 856 3324 quidem
891 3269 1126 3310 cernens
1158 3255 1324 3311 Maria
1376 3256 1613 3326 lapidem
1658 3255 1987 3324 revolutum,

407 3345 548 3401 nihil
576 3345 809 3415 amplius
842 3345 1059 3412 rimata,
1089 3346 1156 3401 ad
1205 3346 1428 3402 Petrum
1471 3355 1529 3401 et
1575 3346 1842 3402 Joannem
1890 3349 1991 3403 ob-

407 3452 566 3493 versa
594 3446 695 3492 est.
726 3436 982 3492 Secundo
1009 3446 1214 3503 autem,
1247 3439 1426 3494 eidem
1476 3438 1686 3511 angelis
1722 3439 1873 3495 intus
1906 3455 1995 3496 se-

409 3530 671 3587 dentibus
706 3537 1038 3597 occursurae,
1100 3546 1239 3602 opus
1288 3547 1398 3586 non
1451 3530 1554 3586 fuit
1590 3540 1652 3588 ut
1704 3542 1996 3603 appareret

408 3624 638 3697 angelus
665 3623 758 3694 qui
788 3639 952 3694 supra
974 3622 1208 3694 lapidem
1241 3622 1484 3679 sedebat.
1521 3624 1653 3679 Nam
1684 3624 1753 3680 de
1776 3623 1995 3680 Domini

409 3718 754 3788 apparitione
782 3732 906 3788 quas
933 3716 1259 3772 mulieribus
1309 3715 1451 3772 facta
1485 3725 1591 3784 est,
1622 3733 1737 3773 non
1775 3726 1997 3789 oportet

410 3824 679 3881 quaerere.
705 3809 801 3864 sed
826 3808 1162 3864 credendum
1185 3816 1271 3864 est
1295 3807 1532 3864 veritati.
1563 3807 1804 3865 Diversis
1845 3809 1994 3864 enim

413 3904 628 3959 vicibus
654 3918 779 3958 cum
810 3902 876 3957 ad
909 3911 1326 3963 monumentum
1359 3902 1727 3966 cucurrerint,
1756 3917 1868 3958 non
1896 3918 1998 3959 eae-

410 3998 537 4053 dem
566 3998 847 4060 mulieres,
864 4013 1054 4053 verum
1083 3997 1246 4052 modo
1270 3996 1392 4051 duae
1419 4011 1486 4051 ex
1517 3995 1666 4067 ipsis,
1699 3996 1864 4053 modo
1886 4011 1996 4052 una

412 4099 470 4146 et
491 4089 727 4155 diversa,
755 4089 918 4144 modo
945 4089 1096 4156 aliae;
1129 4089 1345 4145 diverso
1365 4103 1581 4158 quoque
1617 4087 1780 4144 modo
1810 4087 1996 4145 Domi-

412 4199 519 4237 nus
565 4182 681 4237 illis
703 4182 988 4252 apparuit;
1024 4196 1256 4251 quarum
1279 4180 1436 4235 alteri
1465 4189 1725 4250 tauquam
1756 4180 1998 4237 imbecil-

412 4272 557 4338 liori,
589 4271 746 4327 alteri
790 4280 849 4327 ut
887 4270 1222 4341 perfectiori,
1268 4285 1334 4325 ex
1376 4270 1733 4341 proportione
1770 4287 1997 4328 mensus

412 4373 499 4420 est
542 4363 806 4420 Dominus
835 4360 1233 4433 apparitionem
1266 4376 1441 4416 suam.
1473 4360 1741 4429 Quocirca
1784 4362 1997 4419 Marcus

413 4457 807 4529 compendiose
836 4456 1113 4527 percursis
1139 4455 1205 4511 iis
1237 4471 1360 4526 qua:
1404 4455 1474 4511 ad
1528 4471 1700 4512 unum
1736 4456 1999 4512 duntaxat

414 4551 669 4621 angelum
723 4548 1110 4619 pertinebant,
1159 4547 1402 4603 sermoni
1466 4546 1632 4602 ﬁnem
1694 4546 1994 4618 imposuit:

418 4641 595 4696 Lucas
630 4642 844 4696 Domini
890 4640 956 4695 ad
990 4642 1248 4697 mulieres
1279 4640 1679 4711 apparitionem
1736 4640 1997 4708 reticens,

417 4742 473 4789 et
497 4733 733 4788 innuens
764 4741 999 4798 tantum,
1023 4735 1078 4787 in
1104 4733 1333 4787 historia
1354 4733 1423 4788 de
1443 4731 1682 4805 CleOpha
1718 4733 2000 4805 evangeli-

418 4840 544 4880 cum
574 4839 714 4895 opus
759 4823 1059 4887 conclusit,
1092 4824 1329 4880 dicendo
1359 4841 1374 4878 :
1409 4824 1663 4880 Abierant
1694 4826 1910 4896 quidam
1936 4841 2002 4879 ea:

490 5007 536 5040 ⁵⁷
566 5003 757 5061 Matth.
799 5021 993 5074 xxvnt,
1018 5007 1074 5076 2;
1111 5005 1275 5063 Marc.
1311 5023 1424 5072 xvr,
1464 5007 1518 5066 5.

418 5093 507 5144 xx,
538 5079 586 5144 Ι,
618 5075 707 5131 12.

1628 5010 1675 5044 ⁸⁸
1705 5009 1839 5067 Luc.
1864 5028 1994 5068 xxiv
2014 5054 2029 5077 ,
2058 5010 2125 5077 ι;
2149 5009 2307 5066 Joan.
2332 5026 2398 5064 xx
2418 5049 2433 5073 ,
2466 5008 2554 5073 ll,
2583 5005 2672 5059 i2.

2092 3258 2475 3329 εργασαμένη,
2527 3259 2665 3331 πρὸς
2704 3258 2795 3313 τὸν
2848 3258 3056 3328 Πέτρον
3102 3258 3199 3311 καὶ
3250 3256 3507 3325 Ἰωάννην
3566 3256 3691 3309 ἀντ⁸

2095 3349 2381 3419 έστρεψεν.
2424 3348 2499 3402 Τὸ
2525 3349 2778 3417 δεύτερον
2811 3347 2869 3400 δὲ
2907 3348 3023 3409 τοῖς
3056 3345 3203 3398 ένδον
3243 3344 3501 3413 ἀγγέλοις
3539 3359 3689 3413 περι-

2093 3443 2386 3512 τυγχάνειν
2440 3441 2557 3512 (29)
2619 3441 2921 3512 μέλλουσαν
2943 3449 2971 3489 (ι
2992 3479 3007 3505 ,
3034 3438 3097 3491 οὐ
3140 3436 3301 3508 χρεία
3338 3435 3429 3488 τὸν
3463 3435 3559 3487 ἐπὶ
3587 3434 3691 3487 τοῦ

2096 3535 2244 3590 λίθου
2276 3537 2512 3606 φανῆναι
2542 3535 2851 3607 καθήμενον
2887 3529 3295 3601 άγγελονᾸΙερλ⁵
3329 3529 3440 3598 γὰρ
3463 3527 3561 3598 τῆς
3586 3525 3686 3579 τοῦ

2095 3626 2307 3699 Κυρίου
2340 3626 2693 3696 ἐπιφανείας,
2728 3625 2829 3695 τῆς
2863 3625 2986 3687 ταῖς
3020 3620 3237 3691 γυναιξὶ
3271 3619 3596 3689 γενομένης,
3624 3619 3687 3671 οὐ

2097 3718 2254 3790 χρεία
2287 3717 2494 3787 ζητεῖν,
2527 3716 2667 3770 ἀλλὰ
2703 3718 2770 3787 τῇ
2818 3714 3051 3787 ἀληθείᾳ
3075 3710 3373 3767 πιστεύειν.
3404 3709 3690 3779 Διαφόρως

2097 3812 2207 3885 γὰρ
2229 3813 2364 3883 πρὸς
2390 3812 2451 3865 τὸ
2484 3813 2676 3883 μνῆμα
2716 3807 3059 3881 δραμούσαις
3081 3848 3096 3871 ,
3119 3806 3181 3859 οὐ
3213 3806 3335 3867 ταῖς
3365 3802 3559 3863 αὑταῖς
3590 3816 3687 3867 γυ-

2099 3905 2295 3971 ναιξὶν,
2329 3903 2468 3960 ἀλλὰ
2498 3903 2629 3957 ποτὲ
2662 3902 2763 3973 μὲν
2795 3900 2950 3954 δυσὶν
2978 3897 3040 3964 ἐξ
3068 3896 3270 3958 αὐτῶν,
3299 3893 3432 3947 ποτὲ
3482 3892 3538 3944 δὲ
3589 3892 3686 3960 μιᾷ

2099 3997 2264 4067 ἑτέρᾳ
2292 3995 2426 4065 παρ’
2452 3994 2625 4056 αὐτὰς
2660 3989 3033 4063 τυγχανούσῃ,
3065 3987 3200 4042 ποτὲ
3228 3987 3285 4040 δὲ
3323 3985 3537 4047 ἄλλαις,
3570 3982 3690 4035 δια-

2098 4088 2282 4162 φόρως
2314 4088 2407 4142 καὶ
2454 4090 2482 4141 ὁ
2530 4087 2735 4158 Κύριος
2776 4084 2988 4155 ἐφάνη·
3033 4076 3110 4136 ὧν
3155 4083 3224 4152 τῇ
3264 4080 3363 4151 μὲν
3393 4077 3470 4140 ὡς
3495 4074 3689 4130 ἀσθεν-

2098 4180 2320 4252 εστέρᾳ,
2357 4180 2425 4250 τῇ
2467 4177 2527 4232 δὲ
2566 4177 2642 4241 ὡς
2672 4175 2987 4246 τελεωτέρα
3014 4169 3385 4243 τυγχανούσῃ,
3414 4164 3692 4234 καταλλή-

2098 4275 2209 4339 λως
2237 4272 2464 4344 ἐμέτρει
2505 4270 2598 4325 τὸν
2635 4267 2833 4322 ἑαυτοῦ
2860 4264 3209 4338 ὲμφανισμὸν
3235 4264 3266 4316 ὁ
3295 4257 3692 4331 Κύριος.Ὀθεν

2098 4369 2325 4440 Μάρκος
2359 4366 2459 4437 μὲν
2501 4364 2560 4418 ὲν
2597 4363 2844 4432 ὲπιτόμῳ
2884 4359 2954 4413 τὰ
2998 4358 3163 4429 μέχρι
3188 4353 3283 4409 τοῦ
3312 4353 3431 4416 ἑνὸς
3456 4349 3690 4440 ἀγγέλου

2034 4483 2078 4539 D
2104 4438 2349 4525 διελθὼν,
2376 4457 2469 4511 τὸν
2517 4454 2678 4523 λόγον
2722 4451 3072 4506 κατέπαυσεν
3095 4464 3108 4479 ο
3144 4446 3362 4509 Λουκᾶς
3387 4444 3443 4539 δε
3468 4442 3567 4513 τὴν
3595 4438 3690 4539 τῷ

2107 4553 2316 4624 Κυρίου
2347 4549 2485 4621 πρὸς
2517 4547 2618 4611 τὰς
2644 4547 2912 4617 γυναῖκας
2950 4541 3221 4597 ὀπτασίαν
3266 4537 3574 4608 σιωπήσας,
3608 4532 3693 4624 at!-

2100 4644 2391 4714 νιξάμενος
2418 4641 2476 4694 δὲ
2506 4639 2687 4712 μόνον,
2712 4639 2771 4692 ἐν
2798 4639 2866 4709 τῇ
2891 4634 3035 4689 κατὰ
3062 4631 3333 4688 Κλεῶπαν
3358 4626 3573 4698 ἱστορίᾳ
3591 4623 3692 4693 τὴν

2101 4733 2469 4805 εὐαγγελικὴν
2512 4729 2904 4803 πραγματείαν
2950 4724 3351 4794 συνεπέρανεν·
3393 4722 3452 4773 ὲν
3495 4716 3575 4787 τῷ
3607 4715 3695 4768 λέ·-

2102 4841 2254 4895 γειν-
2299 4823 2598 4894 Ἁπῆλθόν
2632 4839 2797 4889 τινες
2829 4820 2950 4876 τῶν
2976 4819 3101 4874 σὺν
3146 4815 3293 4885 ἡμῖν
3318 4810 3417 4866 ἐπὶ
3448 4807 3513 4862 τὸ
3541 4824 3696 4877 μνη-

2775 5003 2821 5035 ⁸⁹
2854 5000 2987 5057 Luc.
3018 5015 3147 5056 xxxv
3171 5038 3185 5065 ,
3215 4998 3269 5061 '5,
3300 4996 3356 5051 4.
3456 4990 3506 5024 ‘°
3531 4989 3691 5046 Joauo

1729 5169 1965 5226 VARIAE
2006 5164 2302 5229 LECTJON
2312 5164 2414 5218 ES.

480 5271 508 5312 τι
542 5261 599 5318 ιτ.
632 5262 928 5337 μελλούσῃ.

1945 5374 2182 5432 NOTAE.

491 5472 602 5543 (9.9)
635 5472 1001 5543 Μέλλουσιν.
1041 5472 1333 5527 Ρηεειοτει
1373 5470 1666 5543 μελλούσῃ.
1727 5471 1825 5527 Est
1870 5484 2003 5525 sane

2111 5469 2193 5523 bit
2240 5480 2410 5520 unum
2465 5478 2606 5534 Opus
2652 5462 2884 5519 Joannis
2927 5458 3219 5534 Philoponi
3283 5457 3356 5534 ln_
3400 5456 3700 5534 Mosaicarn

421 5528 809 5610 errnr'passim
856 5543 1071 5610 obvius,
1111 5546 1177 5596 ad
1214 5528 1386 5598 linem'
1407 5528 1819 5607 vocabulorum,
1849 5547 1992 5596 ortus

2112 5528 2562 5610 cosmgogoniamii
2588 5535 2686 5598 lib,
2714 5550 2751 5599 ι,
2792 5548 2935 5610 cap._
2953 5533 3038 5597 10,
3077 5528 3462 5610 αἰνιττομένην
3490 5542 3591 5599 pro
3608 5528 3700 5581 al-

422 5623 487 5660 ex
523 5613 952 5683 antiquariorum
1017 5613 1347 5683 negligentia
1374 5655 1389 5676 ,
1440 5623 1494 5669 et
1521 5612 1850 5683 compendio
1871 5611 2008 5667 scri-

424 5689 615 5755 pumu,
646 5682 1001 5755 corrigendus
1024 5682 1207 5755 autem
1250 5700 1348 5753 per
1376 5700 1607 5755 sensum
1629 5682 1684 5739 et
1728 5698 2004 5755 gramma-

424 5754 587 5799 ltcnm
615 5753 1098 5807 constructionem.
1132 5753 1377 5817 Quatuor
1406 5754 1650 5825 exempla
1691 5753 2008 5825 suppedita—

2114 5599 2428 5682 νιττὸμῖενος
2460 5623 2478 5673 ;
2510 5607 2605 5661 lib.
2632 5599 2875 5682 tlt,_cap;
2906 5599 3319 5682 §,_Xtvodps-)ov
3359 5614 3460 5682 pro
3505 5615 3699 5651 κινου-

2119 5678 2326 5749 μένηνς
2360 5677 2453 5733 lib.
2484 5695 2538 5741 ν,
2575 5691 2700 5749 (τοι)ἐ
2730 5676 2780 5749 1__.
2816 5673 2869 5744 p.
2896 5673 3036 5749 {87;
3062 5679 3327 5749 extrema,
3354 5673 3560 5749 ταύτης
3592 5683 3705 5739 pro

2115 5740 2321 5812 ταύτας
2339 5788 2354 5815 ,
2387 5758 2439 5805 et
2478 5740 2597 5818 cap.
2639 5740 2703 5802 l3
2733 5740 3058 5817 δυναμένην,
3090 5757 3187 5813 pro
3215 5740 3514 5811 δυναμένη.
