4038 6226
1806 261 1854 280 ι

376 384 502 450 illi!

1737 382 2254 454 QUAESTIONES.

3494 383 3629 448 1442

370 510 559 574 μεῖον,
589 501 685 556 καὶ
718 498 898 568 εὖρον
922 499 1107 565 οὕτως
1132 498 1321 566 καθὼς
1353 496 1448 552 καὶ
1477 499 1539 551 αὶ
1571 493 1847 563 γυναῖκες
1873 490 1956 548 εἴ·

2085 495 2250 547 ιοεινίε
2276 494 2345 546 ad
2372 504 2800 556 monumentum;
2829 501 2879 547 et
2918 495 2991 547 ita
3016 495 3327 549 invenerunt
3351 499 3485 551 sicut
3511 513 3603 553 nm

374 610 510 660 πον,
539 592 727 648 αὐτὸν
759 592 827 645 δὲ
855 595 968 646 οὐκ
1000 587 1182 644 εἶδον.

1032 680 1301 749 Ἀπορία.

445 775 574 836 Πῶς
631 774 887 843 Ἰωάννης
948 773 1116 844 φησὶν
1169 769 1456 842 εἰρηκέναι
1511 771 1578 840 τῇ
1629 766 1822 838 Μαρίᾳ
1867 765 1959 818 τὸν

379 868 615 939 Κύριοψ
653 864 748 932 Μή
792 884 913 935 μου
951 865 1167 928 ἅπτου,
1210 862 1307 916 καί
1351 861 1423 914 τὰ
1471 860 1629 930 ἑξῆς·
1673 857 1959 913 Ματθαίου

379 960 789 1029 ἱστορήσαντος,
845 957 928 1010 ὅτι
983 956 1334 1026 κρατήσασαι
1385 952 1511 1016 τοὺς
1570 951 1738 1015 πόδας
1793 948 1960 1003 αὑτοῦ

384 1048 802 1119 προσεκύνησαν
836 1046 984 1116 αὐτῷ
1005 1064 1020 1113 ;

825 1147 831 1152 ’
1061 1136 1273 1199 Λύσις.

463 1228 552 1291 Ὠς
584 1229 679 1282 καὶ
712 1229 813 1298 ἤδη
846 1225 1247 1291 ἀποδέδεικται,
1280 1223 1650 1295 ἀσθενεστέρα
1682 1223 1748 1293 τῇ
1783 1220 1964 1299 πίστει

381 1321 490 1374 τῶν
527 1320 733 1373 λοιπῶν
770 1316 837 1390 ἦν
887 1318 1050 1383 αὕτη.
1087 1318 1253 1370 Ὅθεν
1299 1316 1569 1387 νομίσασα
1616 1315 1690 1378 ὡς
1719 1315 1781 1367 τὸ
1812 1316 1963 1384 πρὶν,

382 1413 525 1466 οὕτω
558 1411 881 1465 συνέσεσθαι
938 1409 1015 1479 τῷ
1043 1408 1289 1480 Χριστῷ,
1330 1408 1497 1478 μηδὲν
1525 1408 1668 1478 μέγα
1704 1407 1830 1477 περὶ
1867 1405 1967 1458 αὐ-

382 1504 479 1557 τοῦ
517 1504 923 1573 φαντασθεῖσα,
961 1502 1188 1565 δικαίως
1246 1501 1577 1571 ἐπετιμήθη,
1624 1503 1718 1553 καὶ
1766 1498 1969 1568 ἔμαθεν

382 1598 465 1650 ὅτι
502 1598 638 1667 πρὸς
667 1598 757 1648 τὸν
792 1597 849 1647 ἐν
889 1595 1140 1665 οὐρανοῖς
1178 1594 1391 1664 Πατέρα
1424 1593 1549 1647 ὅθεν
1586 1592 1714 1664 ἥκει
1743 1590 1822 1644 δεῖ
1868 1590 1969 1643 αὐ-

383 1687 477 1741 τὸν
512 1687 795 1741 ἀπελθεῖν.

1054 1776 1311 1845 Ἀπορία.

458 1871 617 1933 Τίνος
646 1869 810 1939 χάριν
840 1868 1055 1930 Λουκᾶς
1086 1868 1184 1937 μὲν
1212 1867 1309 1920 καὶ
1350 1865 1606 1935 Ἰωάννης
1636 1862 1971 1931 ἀπαγγεῖλαι

389 1963 489 2025 τὰς
519 1963 786 2029 γυναῖκας
813 1961 927 2023 τοῖς
963 1959 1284 2021 ἀποστόλοις
1321 1956 1418 2012 τοῦ
1450 1954 1691 2027 Χριστοῦ
1714 1955 1812 2025 τὴν
1843 1954 1973 2006 ἀνάο

393 2070 585 2107 στασιν
645 2052 886 2123 ἔγραφον
912 2066 925 2080 ·
960 2052 1187 2121 Μάρκος
1231 2050 1287 2102 δὲ
1346 2048 1624 2117 σιωπῆσαι
1668 2048 1763 2100 καὶ
1807 2044 1973 2115 μηδὲν

389 2148 566 2200 εἰπεῖν
617 2145 704 2198 διὰ
750 2145 843 2196 τὸν
893 2142 1058 2213 φόϐον
1111 2141 1487 2213 μαρτύρεται·
1534 2142 1562 2193 ὁ
1600 2139 1657 2191 δὲ
1697 2137 1977 2197 Ματθαῖος

395 2239 573 2308 σιωπῇ
598 2236 951 2307 παρέδραμεν
975 2237 1069 2287 καὶ⁵
1095 2233 1206 2285 τῶν
1235 2232 1542 2305 εἰρημένων
1570 2230 1865 2302 ὲκάτερον;

1082 2326 1291 2390 Λύσις.

464 2418 541 2472 Τὸ
568 2418 665 2489 μὲν
696 2416 978 2470 Ματθαίου
1010 2416 1238 2486 ἑτοίμην
1266 2414 1381 2484 ἔχει
1415 2412 1512 2484 τὴν
1542 2412 1717 2468 λύσιν.
1750 2412 1825 2465 Οὐ
1869 2410 1978 2481 γάρ

396 2504 548 2561 εἶπεν
586 2506 661 2569 ὡς
694 2507 749 2558 αἱ
777 2506 1033 2572 γυναῖκες
1062 2503 1132 2556 τὰ
1170 2501 1497 2556 ἐνταλθέντα
1532 2500 1866 2568 ἀπαγγεῖλαι
1906 2510 1929 2537 ι’
1961 2515 1977 2532 ο

394 2600 514 2652 ἀλλ’
545 2599 630 2651 ὅτι
663 2594 1049 2666 πορευομένων
1083 2593 1415 2660 ἀπαγγεῖλαι
1463 2594 1577 2655 τοῖς
1628 2590 1914 2661 μαθηταῖς,
1945 2591 1980 2660 ἡ

394 2689 505 2741 τῶν
536 2684 888 2756 στρατιωτῶν
921 2684 1146 2752 γέγονεν
1180 2682 1364 2748 ἄφιξις
1413 2682 1472 2734 έν
1506 2683 1589 2752 ,τῇ
1635 2679 1790 2733 πόλει
1845 2680 1982 2750 πρὸς

395 2782 521 2843 τοὺς
555 2779 853 2849 ἀρχιερεῖς,
899 2777 962 2829 τὸ
1030 2774 1247 2845 συμϐὰν
1280 2775 1411 2845 περὶ
1458 2773 1518 2826 τὸ
1572 2774 1761 2844 μνῆμα
1797 2772 1982 2843 θαῦμα

400 2871 737 2940 μηνυόντων.
773 2868 989 2930 Λουκᾶς
1029 2865 1086 2919 δὲ
1137 2868 1233 2920 καὶ
1273 2865 1530 2935 Ἰωάννης
1569 2863 1878 2934 συμφώνως
1903 2863 1982 2933 τῷ

398 2962 727 3033 προλαδόντι
793 2959 1155 3029 εὐαγγελιπῇ
1223 2957 1554 3026 ἀπαγγεῖλαι
1617 2957 1821 3020 ταύτας
1872 2959 1985 3019 τοῖς

397 3053 721 3115 ἀποστόλοις
748 3052 1153 3121 ἀνεγράψαντο.
1186 3050 1410 3118 Μάρκος
1445 3048 1504 3101 δὲ
1536 3049 1635 3111 τὰς
1665 3048 1985 3111 τελευταίας

2061 587 2212 640 lieres
2234 588 2502 651 dixerunt,
2531 587 2704 656 ipsum
2736 602 2857 639 vero
2890 602 2993 640 non
3024 589 3263 643 viderunt
3292 591 3358 642 “.

2625 678 2916 748 Difﬁcultas
2954 696 3063 733 Lm.

2129 768 2259 834 Qua:
2318 769 2472 834 ratio,
2516 770 2658 840 quod
2698 770 2939 825 Joannes
2986 772 3061 825 ait
3095 771 3385 825 Dominum
3432 772 3633 827 dixisse

2061 859 2241 914 Mariae
2275 881 2286 914 :
2327 860 2452 914 A’oli
2511 878 2590 915 me
2652 872 2866 932 tangere
2895 866 2960 929 θ’,
2987 874 3041 917 et
3100 864 3303 934 reliqua
3339 864 3634 930 ;Matthaeo

2062 962 2359 1013 narrante,
2409 968 2503 1008 eas
2562 954 2874 1024 complexus
2929 957 3093 1025 pedes
3150 958 3267 1023 ejus
3322 957 3636 1014 adoravisrse

2063 1060 2189 1099 eum
2214 1044 2258 1076 ⁸³
2287 1044 2309 1098 ?

2734 1137 2959 1193 Solatia.

2136 1227 2605 1294 Quemadmodum
2661 1245 2825 1300 supra
2889 1239 3169 1286 ostensum
3222 1243 3324 1296 est.
3372 1233 3640 1287 infirmior

2067 1320 2174 1375 ﬁde
2195 1319 2406 1375 caeteris
2432 1321 2550 1375 haec
2577 1330 2712 1376 erat.
2744 1320 2924 1387 Quare
2947 1323 3204 1378 arbitrata
3231 1324 3374 1393 quod
3407 1334 3468 1379 ut
3487 1326 3642 1395 prius

2069 1411 2142 1464 ita
2169 1426 2292 1465 cum
2331 1411 2549 1466 Christo
2582 1422 2974 1467 conversatura
3016 1425 3180 1477 esset,
3210 1416 3348 1469 nihil
3388 1432 3643 1488 magnum

2069 1505 2137 1558 de
2185 1505 2303 1574 ipso
2349 1504 2666 1575 imaginata,
2696 1506 2818 1576 jure.
2863 1508 3142 1578 increpata
3197 1509 3316 1573 fuit,
3349 1510 3645 1580 didicitque

2069 1593 2270 1647 reverti
2306 1607 2432 1647 eum
2464 1594 2665 1649 debere
2692 1595 2759 1649 ad
2795 1595 3010 1649 Patrem
3055 1597 3355 1661 cmlestcm,
3382 1600 3525 1654 unde
3549 1615 3645 1653 ve-

2071 1694 2248 1739 nerat.
2928 1726 2931 1731 .

2633 1778 2923 1849 Difﬁcultas
2972 1797 3079 1835 Liv.

2144 1867 2284 1933 Quid
2309 1882 2488 1923 causae
2517 1877 2620 1934 est,
2657 1869 2801 1939 quod
2831 1869 3007 1924 Lucas
3040 1877 3095 1923 et
3121 1868 3359 1924 Joannes
3384 1868 3645 1924 mulieres

2074 1957 2415 2027 scripserunt
2467 1957 2816 2014 renuntiasse
2868 1959 3129 2029 apostolis
3185 1959 3642 2015 resurrectionem

2073 2046 2274 2101 Christi
2309 2048 2390 2115 ἰς
2426 2047 2636 2104 Marcus
2670 2063 2818 2110 vero,
2842 2062 2936 2103 eas
2965 2048 3221 2113 tacuisse,
3255 2048 3501 2118 nihilque
3531 2064 3646 2118 prae

2076 2137 2272 2192 timore
2317 2137 2519 2193 dixisse
2568 2138 2909 2207 perhibet“;
2949 2149 3005 2195 at
3040 2139 3326 2195 Matthaeus
3355 2147 3648 2210 utrumque

2078 2227 2346 2282 dictorum
2371 2226 2566 2281 tacitus
2593 2227 2920 2297 prasterivit?

2753 2318 2978 2374 Salutio.

2150 2412 2280 2465 Illud
2318 2411 2554 2466 Mattbazi
2580 2452 2593 2477 ,
2635 2411 2792 2466 facile
2837 2413 3066 2466 solvitur
3089 2413 3153 2468 “.
3184 2412 3305 2469 Non
3336 2414 3484 2469 enim
3513 2413 3653 2469 dixit

2079 2504 2339 2558 mulieres
2367 2503 2617 2557 mandata
2655 2518 2765 2556 non
2795 2504 3138 2558 renuntiasse
3171 2520 3186 2571 ;
3218 2505 3315 2559 sed
3366 2505 3432 2559 iis
3465 2509 3648 2575 profe-

2080 2595 2184 2648 ctis
2215 2602 2275 2648 ut
2298 2592 2620 2647 nuntiarent
2643 2592 2943 2661 discipulis,
2969 2593 3174 2647 milites
3197 2594 3413 2649 venisse
3435 2595 3490 2648 in
3517 2595 3652 2649 civi-

2084 2694 2249 2740 tatem
2270 2683 2338 2738 ad
2372 2682 2650 2754 principes
2675 2684 3044 2746 sacerdotum,
3080 2692 3136 2738 et
3157 2684 3482 2740 iudicavisse
3509 2686 3655 2755 quod

2083 2778 2387 2848 contigerat
2424 2775 2749 2831 miraculum
2782 2776 2848 2830 ad
2877 2776 3210 2844 sepulcrum.
3246 2774 3422 2831 Lucas
3441 2791 3570 2831 vero
3602 2784 3658 2831 ct

2083 2870 2321 2925 Joannes
2350 2867 2759 2923 consentientes
2788 2882 2911 2921 cum
2936 2868 3264 2937 praecedenti
3299 2866 3653 2939 evangelista,

2084 2962 2369 3017 nuntiasse
2403 2975 2496 3015 eas
2525 2959 2783 3041 apostolis
2809 2958 3272 3027 conscripserunt.
3309 2957 3521 3014 Marcus
3557 2975 3658 3014 au-

2087 3064 2219 3120 tem,
2256 3062 2558 3124 postremas
2594 3050 2863 3121 prolectas
2898 3060 3019 3103 orto
3043 3050 3156 3119 jam
3189 3049 3324 3116 sole,
3353 3050 3547 3104 merito
3582 3050 3660 3104 ait

398 3143 660 3205 ἐλθούσας
688 3141 782 3195 τοῦ
815 3141 965 3211 ἡλίου
1006 3140 1193 3195 λοιπὸν
1243 3139 1627 3202 ἀνατείλαντος
1655 3139 1792 3205 (50),
1834 3140 1979 3192 εἰκό-

2089 3145 2228 3200 nihil
2271 3145 2341 3199 ob
2390 3144 2640 3198 timorem
2685 3141 2904 3196 dixisse.
2932 3141 3008 3195 Ea
3054 3156 3185 3213 ergo
3235 3140 3303 3195 de
3350 3156 3510 3195 causa
3556 3140 3663 3196 illa;

397 3252 504 3297 τως
534 3235 671 3304 φησι
703 3232 792 3287 διὰ
824 3235 915 3286 τὸν
947 3232 1113 3302 φόϐον
1147 3231 1313 3302 μηδὲν
1336 3231 1533 3283 εἰπεῖν.
1553 3230 1626 3283 Ἦ
1653 3231 1843 3283 τούτου
1868 3231 1982 3283 τοί-

399 3343 495 3381 νυν
550 3326 733 3396 χάριν,
782 3323 987 3386 ταύτας
1048 3324 1216 3394 μηδὲν
1266 3321 1698 3391 ἀπαγγεῖλαι,ἢ
1732 3338 1984 3391 προσυπ-

400 3418 623 3473 ακούειν
640 3418 722 3471 δεῖ
744 3416 818 3479 ὡς
844 3417 974 3487 ἄχρι
991 3415 1091 3485 τῆς
1114 3413 1209 3468 τοῦ
1228 3414 1434 3486 Κυρίου
1457 3415 1597 3485 πρὸς
1613 3413 1784 3479 αὑτὰς
1808 3415 1986 3485 sese-

400 3528 550 3563 νειαν
588 3509 743 3561 οὐδὲν
786 3501 962 3560 εἶπον.

1073 3595 1330 3663 Ἀπορία.

471 3693 627 3753 Τίνος
660 3692 851 3761 χάριν,
894 3689 1143 3741 Ἰωάννου
1190 3688 1396 3758 Πέτρον
1433 3687 1527 3739 καὶ
1567 3684 1817 3754 Ἰωάννην
1852 3683 1989 3754 πρὸς

400 3784 461 3836 τὸ
495 3781 824 3835 Δεσποτικὸν
866 3781 1056 3850 μνῆμα
1079 3778 1311 3848 δραμεῖν
1343 3777 1763 3845 ίστορήσαντος,
1796 3777 1825 3827 ὁ
1852 3776 1989 3827 Λου-

405 3879 505 3933 κᾶς
537 3875 699 3946 μόνον
735 3874 828 3926 τὸν
863 3872 1070 3942 Πέτρον
1118 3869 1256 3941 πρὸς
1284 3869 1375 3922 τὸν
1439 3869 1609 3934 τάφον
1652 3867 1826 3922 ἐλθεῖν
1859 3883 1986 3920 συν-

403 3987 466 4036 εγ
476 3969 681 4041 ράψατο
701 3984 716 4033 ;
1371 3955 1377 3962 ’

1085 4055 1297 4122 Λύσις.

479 4153 674 4216 Καθὼς
718 4151 811 4205 καί
844 4148 1101 4221 ἀνωτέρω
1136 4147 1265 4218 περὶ
1306 4143 1501 4198 τούτου
1545 4144 1982 4214 ἀναγέγραπται,

404 4244 679 4315 διαφόρων
723 4242 1033 4312 γενομένων
1069 4241 1188 4303 ταῖς
1240 4237 1459 4307 γυναιξὶ
1495 4236 1633 4304 πρὸς
1686 4238 1745 4289 τὸ
1796 4235 1986 4305 μνῆμα

405 4335 663 4405 ἁφίξεων,
696 4333 971 4401 διαφόρως
999 4333 1092 4385 καὶ
1122 4329 1192 4383 τὰ
1220 4331 1306 4382 ἐπ’
1338 4327 1489 4398 αὐτῷ
1508 4326 1820 4397 πραχθέντα
1848 4325 1989 4378 ἱστό-

410 4441 624 4495 ρηνται.
663 4424 791 4475 Ὅτε
833 4418 924 4475 οὖν
955 4422 1146 4491 Πέτρῳ
1189 4421 1283 4473 καὶ
1322 4418 1547 4488 Ἰωάννῃ
1593 4417 1627 4487 ἡ
1654 4413 1985 4485 Μαγδαληνὴ

2095 3238 2232 3294 nihil
2267 3236 2691 3301 denuntiarunt;
2726 3234 2809 3289 vel
2840 3233 3134 3289 subaudire
3170 3242 3407 3303 oportet,
3439 3244 3499 3289 ut
3528 3233 3663 3289 nihil

2094 3329 2332 3385 dixerint
2377 3344 2547 3399 usque
2597 3328 2665 3382 ad
2718 3326 3119 3397 apparitionem
3178 3325 3395 3381 Domini
3455 3327 3524 3381 ad
3571 3341 3667 3382 eas

2095 3421 2314 3477 factam.

2660 3597 2953 3668 Diﬁ‘icultas
3000 3613 3087 3651 ιν.

2164 3691 2435 3757 Quorsum
2466 3691 2678 3744 Joanne
2716 3689 3002 3751 referente,
3029 3687 3249 3741 Petrum
3295 3695 3351 3741 et
3399 3686 3662 3740 Joannem

2095 3782 2160 3835 ad
2221 3779 2560 3833 Dominicum
2608 3786 3023 3831 monumentum
3059 3776 3366 3830 cucurrisse
3390 3776 3455 3840 ⁸⁷,
3490 3774 3667 3830 Lucas

2096 3873 2271 3929 solum
2297 3870 2514 3926 Petrqu
2553 3870 2774 3939 scripsit
2806 3869 3021 3924 venisse
3044 3869 3111 3923 ad
3146 3869 3458 3939 sepulcrum
3493 3868 3538 3900 ⁸⁸
3571 3869 3596 3921 ?

2762 4048 2987 4104 Salutio.

2164 4147 2316 4202 Sicut
2347 4142 2599 4214 superius
2616 4156 2687 4222 .ea
2717 4140 2785 4196 de
2810 4156 2869 4195 re
2886 4140 3144 4210 scriptum
3167 4147 3270 4204 est,
3288 4153 3411 4194 cum
3441 4138 3667 4193 diversa:

2095 4239 2299 4295 fuerint
2330 4235 2617 4291 mulierum
2661 4233 2729 4288 ad
2762 4240 3177 4287 monumentum
3208 4229 3574 4301 profectiones
3597 4230 3664 4292 ",

2096 4330 2314 4386 diverso
2343 4341 2559 4396 quoque
2602 4324 2763 4379 modo
2795 4339 2917 4394 qua:
2941 4322 3051 4376 illic
3074 4330 3223 4393 gesta
3254 4331 3381 4375 sunt
3408 4334 3668 4373 enarran-

2098 4430 2208 4476 tur.
2236 4417 2462 4484 Quando
2494 4417 2657 4488 igitur
2688 4415 2845 4471 Petro
2859 4425 2915 4469 et
2942 4411 3142 4468 Joanni
3170 4410 3481 4481 Magdalena
3503 4408 3667 4462 Maria

406 4516 593 4586 Μαρία
624 4514 958 4586 ἀπήγγειλεν
982 4513 1220 4585 ἀρθῆναι
1249 4512 1313 4563 ἐκ
1334 4510 1427 4563 τοῦ
1453 4510 1628 4577 τάφου
1653 4507 1747 4560 τοῦ
1777 4507 1981 4577 Κυρίου

2090 4510 2448 4576 renuntiavit,
2468 4509 2742 4563 sublatum
2768 4507 2937 4562 fuisse
2966 4520 2998 4560 e
3023 4503 3274 4572 sepulcro
3301 4499 3512 4555 Domini
3539 4515 3665 4554 cor-

404 4610 467 4662 τὸ
500 4609 658 4678 σῶμα
684 4610 820 4678 (51),
860 4606 1165 4676 ἀμφότεροι
1197 4605 1377 4656 ἐκεῖσε
1411 4601 1804 4673 παρεγένοντο.
1827 4599 1983 4653 Μετὰ

404 4699 462 4752 δὲ
490 4699 648 4752 τοῦτο
676 4698 783 4750 τῶν
807 4695 885 4766 τῷ
920 4696 1106 4766 Λουκᾷ
1143 4692 1537 4764 ίστορηθεισῶν
1568 4690 1844 4760 γυναικῶν
1874 4692 1984 4754 τοῖς

479 4817 520 4847 ⁸¹
558 4814 692 4871 Luc.
726 4831 886 4881 sxw,
911 4814 1000 4868 Ἃ.
1077 4812 1122 4843 ⁶¹
1158 4809 1318 4866 Joan.
1349 4810 1562 4881 xx,_i7.

407 4903 518 4951 xvi,
551 4886 604 4941 8.
682 4885 728 4917 “
757 4879 945 4939 Matth.
981 4898 1169 4946 xxvm,
1207 4883 1291 4935 ll.
1369 4881 1412 4913 ⁸⁷
1443 4879 1603 4935 Joan.
1626 4894 1718 4944 xx,
1744 4879 1799 4932 ’5.

494 5011 515 5041 ³
552 5000 617 5055 F.
641 5001 742 5054 οὐκ
771 4996 1140 5069 ἀπήγγειλαν.

1680 4808 1726 4840 ⁸⁸
1751 4806 1943 4861 Matth.
1976 4823 2177 4869 xxvnr.
2209 4807 2262 4862 9.

2086 4618 2212 4673 pus,
2264 4601 2424 4655 ambo
2471 4599 2600 4654 illuc
2647 4602 3025 4667 perrexerunt.
3074 4593 3271 4648 Postea
3323 4606 3475 4655 vero,
3529 4604 3658 4644 cum

2093 4693 2349 4748 mulieres
2399 4706 2499 4762 per
2545 4690 2746 4745 Lucam
2805 4693 3147 4751 memorata,
3195 4682 3478 4754 discipulis
3521 4680 3669 4751 quod

2364 4807 2410 4840 “
2440 4807 2574 4861 Luc.
2607 4822 2764 4871 xxiv,
2799 4804 2871 4871 9;
2895 4803 3053 4860 Joan.
3108 4819 3176 4858 xx
3199 4844 3214 4869 ,
3250 4800 3336 4856 18.

1874 4876 1918 4908 ⁸⁸
1942 4876 2073 4932 Luc.
2103 4894 2248 4941 xxxv,
2277 4878 2363 4931 12.
2442 4876 2665 4931 θηοιιη.
2700 4891 2787 4939 xx,
2825 4875 2875 4929 Ι.

1912 5056 2144 5114 ΝΟΤΛΕ.

483 5163 597 5234 ('50)
657 5163 1119 5234 Ἀνατείλαντος.
1183 5159 1238 5214 Si
1284 5156 1549 5234 homines
1611 5154 1768 5234 docti
1806 5153 1993 5234 Graeca

412 5225 838 5295 consuluissent,
879 5234 1024 5288 circa
1064 5225 1240 5286 lacum
1274 5229 1452 5298 Cyrilli
1480 5226 1831 5298 Alexandrini
1870 5225 1990 5293 epi-

413 5304 548 5355 stola
577 5304 644 5357 ad
685 5305 942 5357 Acacium
986 5303 1169 5369 (etiam
1210 5301 1267 5355 in
1300 5294 1573 5369 Liberata,
1605 5311 1726 5364 cap.
1758 5294 1992 5369 8),__non

415 5372 775 5427 haesitassent.
834 5364 1016 5426 Primo
1065 5372 1266 5441 quippe
1315 5368 1517 5441 intuitu
1569 5364 1994 5441 npoavarsliav-

414 5458 504 5503 τος
536 5456 657 5495 esse
711 5443 1056 5507 pra'oriretur
1082 5433 1373 5509 've'l'prius
1405 5433 1634 5489 oriretur
1655 5433 1852 5509 _ecquis
1886 5449 1993 5509 non

416 5503 944 5581 intelligatZEadem
972 5510 1157 5581 Grzcca
1187 5503 1484 5581 ostendunt
1508 5520 1635 5558 mox
1654 5503 1855 5581 ibidem
1890 5503 1993 5571 legi

413 5572 621 5637 debere
644 5600 658 5635 :
687 5580 755 5634 Et
787 5580 925 5650 quod
953 5580 1254 5645 specialiter
1283 5577 1599 5632 contristare
1621 5584 1726 5638 eat,
1761 5572 1995 5627 Alexan—

417 5651 547 5705 ἀνῖαι
570 5652 861 5720 episcopus.
886 5658 993 5704 etc.

489 5711 610 5790 (δυ’
665 5711 931 5789 Ἆρθἦναι
981 5718 1074 5790 ἐκ,
1106 5716 1210 5769 τοῦ
1260 5716 1477 5790 τάφου-
1502 5715 1610 5769 τοῦ
1665 5714 1887 5782 Κυρίου
1928 5711 1996 5764 τὸ

420 5786 609 5860 σῶμα.
663 5786 874 5862 Insigne
917 5789 1214 5853 mendum,
1254 5786 1512 5857 jocularis
1539 5799 1710 5851 crror,
1758 5790 1991 5851 occupat

2096 5156 2356 5208 Catenam
2384 5153 2439 5206 iu
2467 5151 2706 5207 Marcum
2735 5152 2898 5208 initio
2927 5167 3051 5218 cap.
3075 5153 3140 5207 l6
3168 5167 3181 5204 :
3216 5148 3312 5212 Τίς
3338 5142 3481 5218 οὖνὴ
3507 5148 3671 5218 χρεία

2096 5225 2194 5292 τῆς
2239 5224 2473 5290 ἀγγέλου
2512 5223 2856 5292 παρουσίας;
2915 5218 3117 5292 φαίηνλ
3160 5218 3668 5292 ὲγιῖέοωότι-επειθε

2096 5287 2223 5356 τοὺς
2283 5287 2964 5362 ζητοῦντας’ὲγηγέρθαι’,
2996 5290 3121 5362 αλλ’
3148 5289 3210 5342 οὑ
3251 5287 3541 5362 βεόλέφθαι
3573 5289 3670 5362 rex:

2099 5356 2350 5432 Κύριον(
2373 5361 2512 5426 Quid
2547 5356 2717 5433 igitur
2736 5356 2806 5414 ’θ’
2833 5377 2894 5414 us
2926 5361 3028 5431 {ait
3083 5356 3414 5428 apparitione
3458 5356 3672 5428 angeli?

2102 5432 2291 5485 Dicam
2327 5448 2454 5485 eao.
2493 5441 2551 5484 ut
2581 5377 2920 5485 nersaarﬂret
2946 5428 3294 5485 quaerentibus
3334 5428 3672 5482 resurrexisse

2102 5428 2291 5486 Dicam
2327 5448 2454 5502 ego,
2493 5428 3294 5502 ut'persuaderet’quarentibus
3328 5428 3672 5502 remrrexisse

2103 5497 2408 5565 hominum,
2451 5502 2546 5555 etsi
2576 5497 2691 5554 eum
2740 5501 2840 5569 ipsi
2869 5497 2973 5554 non
3007 5506 3292 5554 cernerent.
3326 5497 3496 5551 Nemo
3523 5499 3669 5569 enim

2103 5587 2215 5625 non
2268 5573 2453 5626 statim
2505 5568 2882 5639 deprehendet
2916 5585 3101 5624 veram
3154 5568 3440 5639 lectionem
3478 5568 3671 5621 κεκλει-

2104 5643 2256 5708 φθαι.
2301 5638 2666 5695 Resurrercisse
2706 5641 3009 5701 Dominum,
3029 5656 3131 5694 non
3156 5647 3329 5692 autem
3353 5638 3492 5707 furto
3513 5640 3669 5709 fuisse

2103 5713 2391 5765 sublatum.
2418 5711 2637 5781 (Matth.
2661 5726 2851 5775 xxviii,
2887 5709 2996 5779 l3.)

3435 4799 3479 4831 "
3504 4797 3645 4852 Marc
3659 4840 3674 4855 .
3735 4814 3745 4824 '
