3968 6220
489 345 627 412 1443

1670 324 2030 390 HESYCHII
2066 317 2543 383 PBESBYTERI

3600 308 3709 375 liii

488 459 854 518 iudicassent,
883 463 987 506 nec
1013 447 1084 504 ab
1112 445 1182 502 iis
1236 443 1613 508 crederentur,
1646 440 1843 496 Petrus
1875 445 1936 493 ut
1967 449 2055 489 ar-

2167 430 2429 504 μαθηταῖς
2455 428 2517 482 τὺ
2544 426 2741 500 όριιθέν
2762 425 2953 489 αὐταῖς
2987 421 3343 497 μηνυσασῶν,
3368 422 3465 476 καὶ
3488 423 3704 480 ἀπιστου-

484 549 647 615 dens,
672 547 873 602 iterum
901 542 993 597 illo
1014 536 1292 611 profectus
1314 542 1422 590 est.

1052 713 1343 786 Dinicultas
1387 727 1496 766 va.
1581 758 1589 768 ,

559 814 693 882 Quae
733 824 896 866 causa
936 807 1058 869 fuit,
1099 814 1158 859 ut
1204 803 1295 873 qui
1343 798 1623 870 discipulis
1668 798 1736 853 ad
1782 796 2056 852 Galilaeam

490 921 784 980 properare
828 918 923 972 per
962 900 1221 954 mulieres
1269 899 1620 965 praeceperat,
1659 890 1813 961 quasi
1860 890 1966 942 illic
1994 889 2060 942 iis

492 998 861 1068 appariturus,
888 994 941 1046 in
965 992 1093 1045 Sion
1118 995 1341 1058 apparet
1364 984 1446 1036 7°?
1503 985 1569 1039 Et
1592 982 1863 1052 quomodo
1892 982 2061 1033 Lucas

492 1091 626 1145 dicit
654 1088 894 1143 adfuisse
939 1081 1195 1137 undecim
1218 1081 1287 1141 τ’,
1309 1092 1431 1131 cum
1468 1084 1647 1129 tamen
1674 1074 1891 1128 abesset
1915 1072 2063 1127 Tho-

491 1196 609 1237 mas
631 1182 655 1234 τ

1167 1257 1390 1313 Salutio.

563 1357 747 1411 Primo
785 1352 1003 1424 quidem
1037 1350 1246 1404 territis
1280 1348 1554 1417 apostolis,
1588 1361 1691 1400 nec
1738 1343 2064 1399 audentibus

492 1446 826 1515 Jerosolyma
880 1441 1063 1512 egredi
1119 1441 1189 1494 ob
1247 1449 1448 1492 metum
1501 1437 1833 1500 Judaeorum,
1868 1436 2065 1489 merito

495 1539 737 1611 oportuit
762 1535 1052 1590 Dominum
1081 1534 1134 1586 in
1159 1532 1288 1586 Sion
1316 1546 1597 1601 apparere,
1617 1539 1670 1584 et
1691 1531 1934 1585 adimere
1960 1529 2066 1585 illis

495 1634 771 1694 timorem,
804 1640 1103 1696 pacemque
1138 1625 1288 1688 dare,
1334 1639 1400 1677 ac
1431 1622 1848 1677 resurrectionis
1906 1620 2066 1674 [idem

495 1722 721 1778 facere:
775 1728 1015 1775 attamen
1064 1717 1265 1770 viviﬁci
1319 1715 1667 1784 baptismatis
1716 1713 2064 1767 traditionem

496 1829 603 1870 una
627 1827 751 1866 eum
778 1809 1193 1881 perfectioribus
1225 1806 1565 1876 dogmatibus
1593 1805 1836 1874 praebere
1876 1804 1984 1857 illis
2011 1804 2067 1857 in

497 1903 736 1964 Galilaza,
777 1900 1016 1956 Iudaica:
1047 1896 1366 1952 temeritatis
1391 1907 1538 1950 metu
1568 1896 1810 1950 liberatis
1838 1911 1853 1959 ;
1892 1902 1949 1948 ut
1975 1894 2069 1963 qui

497 1995 555 2049 in
588 1992 803 2047 Galiliea
833 2004 1081 2061 magnam
1118 1989 1294 2042 lucem
1315 1987 1644 2041 ostendisset
1686 1987 1750 2041 iis
1774 1986 1863 2057 qui
1907 1984 2066 2038 sede-

498 2086 632 2140 bant
659 2084 714 2137 in
745 2082 1005 2146 tenebris,
1039 2080 1329 2134 salutarem
1356 2092 1554 2146 nempe
1597 2076 1924 2146 baptismum
1954 2093 1969 2142 ;
1999 2073 2067 2128 ad

497 2192 659 2246 quem
684 2176 976 2229 cohortans
1004 2172 1168 2227 dixit:
1194 2170 1563 2224 Pwnitontiam
1590 2170 1748 2239 agite,
1782 2169 2070 2237 appropin-

499 2267 679 2337 quavit
735 2266 874 2319 enim
900 2280 1116 2335 regnum
1169 2262 1417 2317 malorum
1451 2262 1517 2315 τ’.
1576 2260 1837 2315 Underim
1884 2269 2066 2313 autem

499 2358 893 2427 discipulorqu
919 2355 1123 2411 idcirco
1152 2354 1325 2409 Lucas
1350 2352 1616 2417 meminit,
1642 2352 1897 2422 quoniam
1929 2350 2067 2404 Juda

496 2452 556 2505 in
588 2459 870 2521 peccatum
904 2446 1148 2517 delapso,
1180 2455 1236 2500 et
1282 2444 1491 2499 Thema
1535 2445 1781 2509 absente,
1814 2443 2069 2497 Matthias

495 2540 659 2612 plane
703 2538 909 2601 aderat,
951 2550 1112 2606 quem
1160 2550 1258 2604 pro
1288 2532 1427 2587 Juda
1480 2542 1627 2590 sorte
1658 2533 1975 2603 elegerunt,
2012 2539 2071 2585 ut

492 2631 591 2702 qui
623 2632 677 2684 in
701 2629 850 2683 omni
885 2637 1128 2695 tempore
1161 2642 1333 2695 usque
1363 2626 1427 2680 ad
1458 2625 1833 2680 ascensionem
1866 2623 2067 2677 Christi

498 2721 655 2777 testis
701 2726 848 2773 esset
903 2717 1317 2771 resurrectionis
1364 2717 1507 2787 ejus,
1536 2714 1993 2786 quemadmodum
2035 2728 2067 2777 α

497 2809 646 2869 Luca
679 2817 930 2865 narratur
951 2810 1014 2862 ⁷³.

1058 3047 1348 3117 Difficultas
1379 3063 1504 3101 Lm.

571 3140 675 3209 Qui
731 3140 940 3194 factum
987 3149 1071 3192 est
1118 3148 1179 3191 ut
1223 3138 1462 3192 Joannes
1504 3137 1720 3201 dixerit,
1752 3152 1878 3191 cum
1924 3147 2070 3194 esset
2097 3112 2143 3172 α

499 3248 625 3290 sero
649 3248 756 3285 una
792 3230 1150 3284 Sabbatorum
1182 3229 1248 3292 ⁷³,
1272 3230 1485 3284 cunctis
1507 3229 1807 3299 discipulis,
1839 3239 2067 3299 praeter-

499 3336 665 3393 quam
712 3320 975 3386 Thomte,
1029 3318 1306 3373 Christum
1361 3319 1601 3388 seipsum
1653 3318 2066 3384 manifestasse;

499 3411 677 3468 Lucas
706 3426 858 3474 vero,
889 3410 989 3464 soli
1018 3408 1202 3474 Petro,
1225 3410 1445 3478 quando
1476 3410 1747 3478 Cleophas
1778 3423 2069 3478 comesque

498 3502 647 3559 illius
660 3516 883 3571 vespere
904 3500 1146 3569 ejusdem
1165 3500 1271 3553 diei
1289 3499 1676 3569 Jerosolymam
1696 3499 1897 3553 reversi
1921 3508 2067 3564 sunt,

498 3604 783 3664 postquam
818 3592 1109 3647 Dominum
1152 3590 1207 3644 in
1253 3590 1510 3643 Emmaus
1548 3590 2072 3660 conspexissent"?

1165 3678 1393 3734 Salutio.

568 3774 751 3831 Primo
804 3783 926 3845 post
979 3772 1240 3828 mulieres
1293 3771 1473 3837 Petro,
1529 3770 1763 3842 indeque
1810 3775 2069 3844 apostolis

498 3868 747 3923 Christus
776 3866 1046 3936 apparuit,
1088 3865 1230 3919 sicut
1269 3864 1470 3919 Paulus
1496 3866 1601 3919 ait:
1637 3865 1771 3929 Quia
1803 3868 1942 3920 visus
1994 3877 2069 3922 est

497 3957 703 4029 (Iephte,
741 3968 790 4013 et
822 3969 1000 4029 postea
1031 3959 1303 4013 duodecim
1341 3960 1388 3992 ⁷⁸
1417 3976 1430 4012 :
1468 3975 1578 4014 non
1613 3957 1878 4014 Thomam
1934 3977 2066 4018 con-

499 4062 817 4112 numerans,
855 4063 1033 4117 neque
1078 4047 1223 4101 enim
1274 4047 1482 4112 aderat,
1534 4048 1628 4102 sed
1680 4047 1961 4104 Matthiam
2012 4060 2068 4105 et

498 4140 735 4196 Iustum.
761 4139 897 4193 Cum
922 4139 1088 4209 igitur
1113 4140 1290 4193 adhuc
1313 4138 1366 4191 in
1399 4139 1484 4194 via
1505 4141 1573 4195 ab
1599 4139 1853 4197 Emmaus
1882 4152 2066 4199 essent

500 4233 608 4288 duo
628 4232 727 4293 illi,
749 4246 976 4300 quorum
1010 4248 1150 4285 unus
1171 4230 1460 4301 CleOphas,
1482 4232 1731 4290 Christus
1775 4234 1938 4290 Petro
1968 4253 2067 4307 ap-

503 4326 676 4388 paret.
712 4316 782 4372 Ut
805 4326 984 4371 autem
1015 4319 1083 4373 ab
1118 4320 1373 4373 Emmaus
1408 4322 1610 4376 reversi
1641 4332 1790 4390 sunt,
1837 4335 1892 4380 et
1934 4343 2065 4395 apo-

2158 522 2337 594 μὲνων
2369 521 2504 594 παρ’
2538 520 2738 585 αὐτῶν,
2768 521 2797 573 6
2835 519 3042 589 Πέτρος
3089 517 3166 582 ὡς
3199 515 3440 588 θερμὸς,
3460 518 3524 571 ὲκ
3551 517 3708 575 Stud.

2157 630 2254 683 ρου
2294 613 2474 666 ἐκεῖσε
2499 614 2851 684 παρεγένετο.

2824 702 3078 769 Ἄπορῖα.

2227 801 2386 865 Τίνος
2424 799 2582 871 χάριν
2609 799 2722 862 τοῖς
2758 797 3026 867 μαθηταῖς
3055 796 3133 857 είς
3160 793 3262 864 τὴν
3295 794 3584 849 Γαλιλαίαν
3599 797 3708 867 δρα-

2163 896 2304 963 μεῖν,
2332 893 2420 947 διὰ
2450 893 2560 945 τῶν
2594 888 2868 958 γυναικῶν
2899 886 3298 957 ἐντειλάμενος,
3323 886 3402 950 ὡς
3434 888 3602 940 ὲκεῖσε
3630 890 3706 941 αὑ-

2160 987 2271 1047 τοῖς
2297 982 2836 1053 ὲμψανισθησόμενος
2860 1022 2875 1044 ,
2909 981 2973 1031 ἐκ
3016 977 3154 1030 Σιὼν
3187 978 3582 1047 ἐμφανίζεταις
3609 981 3707 1042 Πῶς

2159 1075 2214 1127 δὲ
2259 1076 2353 1126 καὶ
2387 1075 2676 1135 δ’Δουκᾶς
2719 1071 2866 1139 λέγει
2924 1071 3177 1140 παρεῖναι
3211 1069 3346 1129 τοὺς
3391 1068 3592 1134 ἕνδεκα,
3635 1069 3706 1121 τοῦ

2161 1166 2336 1235 Θωμᾶ
2361 1165 2751 1234 ἱστορήσαντας
2784 1172 2841 1227 ις

2840 1255 3048 1320 Λύσις.

2235 1349 2458 1420 Πρῶτον
2489 1348 2586 1418 μὲν
2610 1346 2930 1417 περιφόϐοις
2954 1341 3106 1398 οὖσιν
3127 1348 3243 1407 τοῖς
3273 1344 3605 1407 ἀποστόλοις,
3633 1348 3705 1397 κύ.

2166 1442 2303 1512 μηδὲ
2331 1440 2564 1505 ἐξελθεῖν
2616 1441 2712 1508 τῆς
2754 1437 3112 1508 Ἰερουσαλὴμ
3133 1434 3385 1505 τολμῶσι
3415 1436 3498 1488 διὰ
3529 1436 3613 1487 τὸν
3637 1436 3708 1502 96-

2165 1533 2256 1586 6ον
2290 1534 2396 1585 τῶν
2444 1530 2736 1595 ‘louSaiwv,
2778 1530 3002 1590 εἰκότως
3060 1529 3169 1581 ἔδει
3202 1529 3262 1582 ὲν
3290 1532 3358 1598 τῇ
3394 1526 3529 1580 Σιὼν
3558 1528 3701 1597 ἐμφα-

2164 1625 2413 1695 νισθῆναι
2458 1624 2550 1676 τὸν
2580 1623 2809 1694 Κύριον,
2851 1624 2945 1674 καὶ
2986 1620 3147 1674 λῦσαι
3186 1621 3379 1682 αὐτοῖς
3420 1621 3509 1672 τὸν
3554 1619 3701 1687 φόϐον,

2166 1717 2260 1770 καὶ
2299 1717 2398 1785 τὴν
2448 1715 2674 1787 εἰρήνην
2705 1715 3033 1783 παρασχεῖν,
3071 1713 3167 1765 καὶ
3189 1712 3293 1784 τὴν
3326 1714 3609 1765 ἀνάστασιν
3631 1730 3700 1763 πι-

2098 1780 2139 1835 B
2170 1805 2483 1860 στώσασθαι
2507 1823 2521 1838 ·
2547 1806 2646 1874 τὴν
2701 1805 2889 1875 μέντοι
2918 1803 3011 1856 τοῦ
3043 1801 3320 1867 ζωοποιοῦ
3373 1801 3702 1871 βαπτίσματος

2169 1900 2488 1970 παράδοσιν,
2545 1898 2661 1969 ἅμα
2709 1899 2822 1961 τοῖς
2870 1895 3225 1965 τελειοτέροις
3267 1894 3531 1963 δόγμασιν
3569 1893 3617 1945 ἐν
3651 1894 3697 1962 τῇ

2166 1989 2434 2061 Γαλιλαίᾳ
2460 1992 2671 2052 τούτοις
2705 1987 3022 2058 ἐγχειρῆσαι
3061 1988 3105 2051 ί,
3137 1985 3238 2056 τῆς
3293 1983 3584 2052 Ἰουδαϊκῆς
3607 1982 3701 2052 θρι-

2170 2082 2397 2152 σιῖτητος
2427 2080 2520 2133 τὸν
2558 2078 2721 2147 φόϐον
2740 2076 3200 2144 ἀποσεισαμὲνοις
3224 2092 3240 2107 ο
3273 2073 3371 2127 ἆτε
3403 2074 3462 2126 ὲν
3489 2076 3546 2142 τῇ
3578 2071 3697 2123 Γαλι-

2168 2174 2293 2244 λαίᾳ
2322 2174 2381 2227 τὸ
2411 2171 2554 2243 μέγα
2584 2170 2699 2238 φῶς
2724 2168 2977 2234 δείξαντα
3000 2211 3015 2232 ,
3052 2170 3162 2230 τοῖς
3192 2169 3251 2220 ὲν
3277 2167 3461 2220 σκότει
3502 2164 3698 2232 καθημέ-

2169 2282 2301 2329 νοις,
2339 2264 2399 2316 τὸ
2428 2262 2691 2333 σωτήριον
2720 2260 2921 2330 δηλαδὴ
2973 2258 3265 2329 βάπτισμα
3292 2275 3307 2286 ·
3335 2257 3421 2327 ἐφ’
3442 2250 3485 2324 ᾧ
3511 2270 3694 2324 apo-cp:-

2169 2357 2400 2427 πόμενος
2438 2354 2589 2423 ἔλεγε
2617 2369 2630 2382 ·
2681 2351 3055 2414 Μετανοεῖτε,
3110 2349 3333 2420 ἤγγικε
3362 2353 3469 2418 γὰρ
3501 2350 3536 2415 ἡ
3558 2347 3697 2411 ,βασι-

2169 2449 2304 2502 λεία
2336 2446 2454 2500 τῶν
2489 2444 2783 2513 οὐρανῶν.
2818 2442 2938 2496 Τῶν
2973 2442 3032 2496 δὲ
3061 2442 3262 2495 ἕνδεκα
3300 2439 3578 2511 μαθητῶν,
3604 2436 3695 2490 avii-

2170 2556 2262 2592 του
2300 2539 2462 2608 χάριν
2488 2539 2517 2590 6
2551 2536 2768 2597 Λουκᾶς
2790 2534 3218 2605 ἐμνημόνευσεν,
3252 2534 3338 2586 ὅτι
3378 2531 3539 2585 Ἰούδα
3566 2531 3693 2581 ἐκπε-

2176 2629 2377 2692 σόντος,
2418 2628 2511 2681 καλ⁵
2563 2628 2733 2695 Θωμᾶ
2777 2625 2852 2694 μὴ
2890 2625 3180 2694 παρῦντος,
3228 2622 3487 2685 Ματθίας
3527 2621 3694 2679 πάντως

2174 2722 2353 2791 παρῆν
2378 2758 2392 2781 ,
2422 2718 2483 2771 ὃν
2511 2716 2632 2770 ἀντὶ
2668 2715 2762 2768 τοῦ
2802 2714 2977 2769 Ἰούδα
3001 2713 3352 2785 ὲκλήρωσαν,
3388 2713 3461 2775 ὡς
3488 2714 3539 2764 ἐν
3571 2708 3693 2761 παντὶ

2171 2810 2248 2881 τῷ
2280 2809 2455 2880 χρόνῳ
2495 2809 2655 2879 μέχρι
2695 2807 2795 2877 τῆς
2845 2805 3165 2876 ἀναλήψεως
3202 2805 3306 2858 τοῦ
3333 2801 3556 2875 Χριστοῦ
3588 2799 3692 2868 μάρ-

2172 2917 2314 2970 τυρα
2336 2899 2435 2968 τῆς
2460 2898 2810 2960 ἀναστάσεως
2836 2897 3001 2950 αὑτοῦ
3025 2895 3353 2966 γενόμενον,
3373 2894 3542 2956 καθὼς
3555 2889 3690 2955 Acuti

2174 2992 2479 3063 ῑστόρηται.

2840 3059 3089 3127 Ἆπορία.

2244 3153 2364 3217 Πῶς
2421 3151 2671 3219 Ἰωάννης
2708 3151 2889 3217 λέγει,
2927 3151 3007 3202 ὅτι
3034 3149 3194 3213 ὀψίας
3223 3149 3399 3218 οὔσης
3423 3150 3482 3217 τῇ
3517 3145 3599 3215 μιᾷ
3614 3140 3688 3192 τῶν

2169 3244 2463 3297 Σαὸὀάτων
2489 3285 2505 3307 ,
2544 3243 2686 3304 ὅλοις
2733 3244 2928 3296 ἑαυτὸν
2965 3245 3078 3305 τοῖς
3134 3241 3429 3311 μαθηταῖς,
3472 3238 3591 3306 πλὴν
3622 3231 3686 3286 τοῦ

2168 3334 2342 3403 Θωμᾶ
2377 3336 2405 3386 6
2438 3334 2673 3404 Χριστὸς
2717 3333 3064 3403 ἐνεφάνισεν·
3100 3335 3320 3397 Λουκᾶς
3349 3332 3405 3385 δὲ
3444 3332 3518 3384 ὅτι
3548 3328 3688 3393 Πέτρῳ

2172 3425 2330 3494 μόνον
2355 3464 2370 3488 ,
2402 3425 2563 3495 ἡνίκα
2589 3426 2639 3478 οἱ
2667 3427 2794 3493 περ)⁸
2826 3423 3092 3477 Κλεῶπαν
3129 3427 3186 3476 ὲν
3212 3425 3426 3495 ἑσπέρα
3449 3421 3538 3490 τῆς
3562 3413 3687 3480 αὐτῆς

2169 3519 2384 3588 ἡμέρας
2434 3518 2516 3578 εἰς
2559 3516 2918 3587 Ἰερουσαλὴμ
2959 3515 3314 3583 ὑπέστρεψαν
3363 3517 3440 3576 εἰς
3475 3512 3560 3578 τὴν
3592 3505 3685 3574 Ἐμ-

2172 3610 2295 3679 μαῶ
2324 3608 2414 3661 τὸν
2445 3607 2649 3678 Κύριον
2685 3608 3051 3677 θεασάμενοις

2857 3699 3066 3764 Λύσις.

2241 3790 2464 3863 Πρῶτον
2491 3791 2590 3862 μὲν
2621 3799 2649 3827 ι
2695 3792 2794 3854 τὰς
2824 3794 3092 3858 γυναῖκας
3119 3790 3198 3862 τῷ
3226 3792 3419 3862 Πέτρῳ
3445 3832 3459 3855 ,
3493 3787 3571 3841 καὶ
3596 3782 3682 3835 τότε

2168 3885 2280 3945 τοῖς
2309 3882 2633 3944 ἀποστόλοις
2667 3883 2696 3933 ὁ
2724 3881 2960 3954 Χριστὸς
2982 3882 3177 3951 ὲφάνη.
3200 3881 3384 3943 καθὼς
3416 3877 3587 3946 ἐφάνη,
3608 3889 3681 3926 κει·

2169 3974 2275 4035 Θὼς
2313 3973 2523 4035 Παῦλός
2550 3989 2714 4042 φησιν
2740 3990 2753 4005 ·
2781 3973 2904 4026 ’Ὁτι
2954 3972 3118 4042 ὤφθη
3145 3972 3322 4042 Κηφᾷ
3342 4014 3358 4038 ,
3385 3972 3566 4025 ἔπειτα
3594 3960 3682 4023 τοῖς

2166 4064 2395 4118 δώδεκα
2426 4079 2440 4093 ·
2473 4063 2534 4115 οὐ
2575 4065 2667 4116 τὸν
2695 4065 2896 4135 Θωμᾶν
2951 4063 3303 4135 συναριθμῶν
3324 4107 3338 4132 ,
3367 4064 3426 4117 οὐ
3475 4060 3570 4129 γὰρ
3608 4069 3681 4105 παι*

2172 4159 2290 4227 ρῆν,
2324 4156 2461 4209 ἀλλὰ
2510 4156 2759 4211 Ματθίαν
2805 4156 2898 4210 καὶ
2951 4156 3203 4211 Ἰοῦστον.
3242 4158 3363 4209 Ἔτι
3408 4154 3566 4207 τοίνυν
3603 4146 3681 4196 τῶν

2168 4247 2295 4319 περὶ⁴
2347 4248 2615 4302 Κλεῶπαν
2660 4247 2803 4301 κατὰ
2850 4247 2948 4318 τὴν
2990 4248 3109 4300 ὁδὸν
3165 4249 3266 4319 τὴν
3317 4246 3422 4303 ἀπὺ
3458 4236 3680 4314 Ἐμμαοῦς

2167 4341 2375 4404 ὅντων,
2431 4339 2509 4409 τῷ
2581 4338 2773 4409 Πέτρῳ
2835 4340 2863 4392 6
2913 4339 3147 4408 Χριστὸς
3211 4336 3582 4409 ἐμφανίζεται.
3614 4324 3678 4388 Ὠς

501 4408 652 4508 stolis
673 4409 1084 4475 annuntiarunt,
1111 4422 1220 4479 quo
1252 4421 1410 4480 pacto
1430 4413 1498 4467 ab
1532 4413 1634 4467 illis
1654 4415 1871 4486 agnitus
1900 4417 2064 4475 fuerit

2167 4431 2222 4484 δὲ
2267 4429 2567 4500 ἐπανῆλθον
2614 4430 2721 4483 ἀπὸ
2748 4408 3070 4501 Ἐμμαοῦς,
3116 4431 3211 4482 καὶ
3250 4408 3364 4492 τοῖς
3423 4419 3678 4513 ἀποστόλοις

500 4497 557 4551 in
586 4497 851 4553 fractione
884 4501 1079 4568 panis;
1110 4509 1240 4556 tunc
1271 4502 1339 4557 ad
1375 4514 1601 4558 cunctos
1648 4506 1768 4561 illos
1810 4506 2061 4563 Christus

2167 4524 2322 4593 ἁπήγ
2338 4497 2551 4591 γειλαν,
2591 4521 2708 4585 πῶς
2760 4497 3007 4592 ὲγνῶσθη
3060 4524 3240 4585 αὐτοῖς
3290 4524 3355 4592 τῇ
3409 4519 3572 4572 κλάσει
3610 4505 3676 4562 τώ

436 4628 443 4635 .
501 4586 556 4640 in
598 4586 731 4640 Sion
781 4588 1001 4643 advenit
1037 4590 1105 4654 ⁷⁷,
1140 4592 1594 4659 quemadmodum
1651 4597 1813 4651 tradit
1865 4595 2060 4653 Lucas.

434 4730 441 4737 ,
500 4669 620 4725 Non
649 4672 796 4725 enim
828 4675 1081 4730 admirari
1130 4688 1364 4748 oportet,
1394 4682 1536 4752 quod
1564 4685 1756 4739 eodem
1791 4687 1879 4741 die
1914 4704 1943 4742 ιι
1977 4688 2065 4742 Je-

501 4760 738 4815 rusalem
769 4763 825 4816 iu
851 4764 1127 4833 Emmaus,
1163 4779 1220 4825 et
1267 4773 1336 4826 ab
1368 4772 1625 4830 Emmaus
1660 4777 1713 4830 in
1764 4776 2062 4834 Jerusalem

503 4854 730 4925 proiecti
763 4855 982 4912 fuerint.
1007 4860 1192 4930 Neque
1222 4864 1367 4916 enim
1388 4866 1648 4935 scriptum
1676 4880 1762 4925 est
1779 4886 2062 4940 vesperam

502 4943 691 5011 fuisse,
708 4949 927 5017 quando
944 4952 1514 5022 appropinquaverunt
1530 4962 1754 5015 castello
1784 4963 2061 5030 Emmaus,

504 5037 599 5092 sed
622 5038 1009 5110 advesperasse
1042 5052 1098 5096 et
1124 5043 1434 5098 inclinatam
1455 5063 1574 5103 esse
1593 5051 1703 5116 jam
1731 5053 1901 5117 diem;
1927 5058 2063 5111 adeo

504 5133 564 5178 ut
589 5137 731 5182 esset
750 5129 931 5182 forsan
954 5139 1141 5186 octava
1161 5132 1242 5186 vel
1259 5148 1402 5186 nona
1420 5135 1553 5190 hora
1574 5176 1589 5199 ,
1608 5140 1732 5206 quia
1755 5158 1785 5196 a
1811 5145 2061 5213 septima,

505 5218 658 5285 quasi
691 5218 757 5272 ad
781 5220 1138 5288 vespertinam
1180 5232 1387 5291 partem
1426 5225 1651 5285 inclinat
1695 5233 1796 5287 sol.
1833 5234 2066 5291 Praeter-

506 5322 664 5376 quam
690 5311 833 5380 quod
862 5328 1081 5370 cursum
1104 5314 1179 5367 illi
1209 5317 1580 5385 adhibuerim,
1617 5339 1726 5391 prae
1753 5329 1970 5396 gaudio,
2010 5339 2071 5384 ut

572 5441 1046 5521 :'_Matth._sX}'ttI,
1081 5447 1165 5502 lO.
1239 5450 1283 5521 f“
1310 5448 1439 5505 Luc.
1483 5471 1625 5521 χειν,
1658 5459 1747 5512 55.
1824 5462 1868 5493 ⁷⁸

509 5522 545 5580 ι,
575 5510 663 5574 2|,
689 5511 777 5567 22.
852 5511 899 5543 "
922 5513 1075 5571 Joan.
1106 5534 1196 5584 xx,
1231 5518 1314 5575 19.
1390 5524 1432 5555 ⁷³
1463 5523 1590 5580 Luc.
1612 5510 1772 5593 Ἀκὴν,
1805 5532 1892 5586 54.

2164 4617 2332 4684 ἄρτου
2354 4632 2368 4646 ⁸
2403 4615 2524 4668 τότε
2555 4618 2719 4668 πᾶσιν
2742 4616 2924 4677 αὐτοῖς
2954 4619 3011 4669 ὲν
3036 4618 3101 4685 τῇ
3130 4617 3267 4668 Σιὼν
3294 4618 3321 4669 6
3354 4609 3563 4683 Χριστδὶ
3604 4604 3676 4653 ἐπ’

2166 4706 2443 4777 εδήμησε,
2486 4706 2669 4769 καθὼς
2712 4707 2930 4769 Λουκᾶς
2980 4707 3365 4778 παραδίδωσιν.
3412 4703 3479 4756 Οὐ
3495 4699 3585 4768 γὰρ
3618 4689 3679 4745 δεῖ

2168 4797 2469 4869 θαυμάζειν
2492 4840 2507 4866 ,
2542 4800 2591 4851 εἰ
2621 4799 2680 4852 ὲν
2734 4800 2831 4869 μιᾷ
2878 4799 3064 4870 ἡμέρᾳ
3110 4799 3219 4852 ἀπὸ
3258 4794 3585 4870 Ἰερουσαλὴμ
3619 4784 3673 4842 εἷς

2184 4887 2438 4957 Ἐμμαῶ,
2478 4890 2573 4941 καὶ
2622 4888 2729 4953 ἀπὸ
2785 4889 3064 4958 Ἐμμαοῦς
3095 4890 3175 4950 εἰς
3210 4883 3543 4960 Ἰερουσαλὴμ
3572 4887 3675 4940 π²Ρ’

2172 4977 2440 5043 εγένοντο.
2466 4975 2603 5030 Οὔτε
2628 4978 2737 5049 γὰρ
2761 4979 3070 5050 γέγραπται
3104 4981 3186 5033 ὅτι
3215 4979 3416 5048 ἑσπέρα
3442 4971 3505 5043 ἦν
3528 4971 3598 5023 ὅτε
3626 4963 3671 5029 τῇ

2184 5069 2413 5139 Ἐμμαῶ
2441 5069 2676 5139 ἤγγισαν
2695 5107 2711 5132 ,
2738 5070 2875 5123 ἀλλὰ
2898 5071 3031 5140 πρὸς
3055 5073 3295 5143 ἑσπέραν
3315 5110 3329 5134 ,
3366 5071 3442 5122 ὅτι
3475 5061 3674 5116 κέκλικεν

2174 5158 2206 5228 ἦ
2246 5158 2451 5229 ἡμέραν
2491 5159 2565 5221 ὡς
2603 5155 2742 5215 εἶναι
2792 5162 2951 5232 τυχὸν
2984 5163 3178 5233 ὀγδόην
3202 5163 3278 5234 ,ἤ
3333 5159 3508 5226 ἐνάτην
3541 5148 3671 5216 ὥραν.

2185 5250 2319 5303 Ἀπὸ
2362 5252 2471 5322 γὰρ
2499 5252 2755 5323 ἑϐδόμης,
2783 5253 2859 5316 ὡς
2897 5255 3030 5324 πρὸς
3066 5254 3126 5307 τὸ
3153 5255 3399 5325 ἑσπέριον
3430 5247 3575 5304 κλίνει
3599 5237 3670 5306 μέ⁴

2174 5357 2266 5413 ρος
2298 5346 2325 5396 6
2352 5344 2520 5414 ἣλιος.
2563 5345 2752 5409 Ἐκτὸς
2796 5346 2979 5400 τοίνυν
3012 5347 3105 5400 καὶ
3133 5347 3316 5419 δρόμῳ
3336 5342 3533 5400 τούτῡυς
3568 5327 3667 5407 χρὴ·

1897 5463 2086 5569 Matth.
2120 5487 2311 5537 xxvm,
2346 5477 2432 5543 16;
2470 5477 2635 5533 Marc.
2667 5496 2776 5546 xvi,
2812 5480 2899 5541 15;
2922 5480 3112 5536 Matth.
3145 5496 3222 5547 ιν,
3257 5478 3452 5547 16,17.
3518 5463 3663 5517 "Ac"

2040 5538 2204 5593 lCor.
2239 5559 2326 5593 xv.
2360 5545 2414 5593 5-
2488 5549 2535 5579 ττ
2563 5548 2689 5593 [ηρ-
2716 5567 2843 5593 νην
2887 5553 2954 5593 sm
3000 5553 3088 5593 xu-

2125 5557 2204 5604 or.
2238 5559 2326 5610 xv,
2360 5545 2414 5600 5.
2488 5549 2535 5579 "
2560 5548 2691 5605 Luc.
2716 5567 2864 5617 xxiv,
2887 5553 2975 5621 56,
3000 5553 3089 5609 59.

1777 5642 2012 5703 VARle
2048 5650 2453 5716 LECTIONES.

580 5717 603 5749 ⁵
630 5717 1038 5791 ὑστερήσαντος.
1121 5731 1137 5766 ι
1170 5727 1233 5783 F.
1265 5730 1474 5799 τούτοις
1508 5736 1835 5808 ἐγχειρίσαι.
1915 5754 1940 5781 ιι
1978 5745 2141 5813 μετὰ.
