3968 6220
246 399 383 468 ωδ
1607 390 2125 465 ΟΠᾹΞΞΤῙΟΝΕΞ.
3346 407 3481 472 1W,

245 513 440 570 σασθαι
488 509 595 565 ὑπδ
641 506 997 581 περιχαρείας
1024 507 1086 561 τδ
1130 504 1317 578 θαῦμα
1347 501 1814 573 ἀπαγγέλλοντας,

1935 503 2242 560 mntiarent
2275 505 2618 575 miraculum,
2642 519 2700 566 et
2743 512 3091 581 pervenerint
3132 515 3287 573 valde
3331 535 3481 582 sero.

242 607 337 661 καὶ
368 603 572 674 φθάσαι
605 602 796 674 μέχρις
825 601 983 670 ὀψίας
1016 599 1271 671 βαθείας·
1308 597 1469 667 ὀψίαν
1489 597 1604 667 γὰρ
1625 595 1689 649 τὸ
1720 595 1816 665 μὲ-

1935 594 2112 650 Serum
2165 597 2313 653 enim
2364 602 2640 670 appellare
2693 604 2934 662 solemus
2965 608 3110 677 quod
3159 611 3225 665 ad
3259 616 3487 671 multam

242 714 333 768 χρι
369 695 563 749 πολλοῦ
603 694 705 764 τῆς
753 693 946 756 νυκτὸς
990 689 1451 762 παρατεινόμενον
1496 688 1659 758 μέρος
1694 686 1814 750 ἔθος

1935 696 2130 741 noctem
2162 691 2505 758 protenditur
2539 702 2775 765 tempus.
2806 697 2982 767 Atque
3020 698 3130 756 illic
3168 701 3299 773 ipsis
3331 703 3486 775 juxta

245 791 375 858 ἡμῖν
410 789 597 840 καλεῖν
620 802 635 818 ο
667 785 847 840 Exstat
880 802 940 837 τε
970 785 1156 846 αὐτοῖς
1184 781 1300 851 ἅμα
1334 784 1445 847 τοῖς
1474 779 1681 842 λοιποῖς
1715 795 1816 846 φα-

1935 796 1979 835 tc
2017 781 2243 851 reliquis
2272 786 2525 854 apparuit
2555 787 2838 845 Dominus.

244 873 402 952 νῆναι
426 882 515 933 τὸν
549 880 771 950 Κύριον.

907 968 1159 1033 Ἀπορία.

2466 964 2752 1033 Difﬁcultas
2788 984 2938 1022 LVIII.

320 1062 427 1115 Ποῦ
456 1064 546 1112 τὸν
578 1060 732 1129 ἰχθὺν
776 1061 804 1112 6
849 1058 1081 1128 Χριστὸς
1116 1056 1424 1124 ἔφαγεν;ιῖἱ
1461 1054 1557 1125 μὲν
1587 1052 1695 1123 γὰρ
1726 1053 1817 1104 ἐπὶ

1987 1049 2215 1106 Ubinam
2262 1052 2510 1108 Christus
2540 1058 2740 1124 piscem
2764 1060 3002 1114 comedit
3034 1061 3078 1093 ⁷⁸
3104 1062 3127 1115 ?
3160 1063 3294 1118 Nam
3324 1065 3366 1119 si
3394 1065 3487 1120 Je-

246 1153 347 1222 τῆς
391 1151 778 1221 Ἰερουσαλὴμ,
814 1149 930 1210 πῶς
963 1150 1054 1201 ἰπὶ
1085 1152 1180 1219 τῆς
1212 1146 1498 1207 Γαλιλαίας
1532 1145 1816 1213 γεγονέναι

1935 1141 2235 1210 'osolymis.
2294 1148 2564 1212 quomodo
2606 1146 2844 1202 Joannes
2900 1152 2953 1205 in
3013 1152 3229 1207 Galilzca
3284 1154 3485 1211 factum

247 1247 276 1298 6
308 1242 558 1309 Ἰωάννης
593 1241 910 1311 ἱστόρησενς
945 1241 1007 1293 Εἰ
1040 1239 1096 1291 δὲ
1124 1240 1216 1290 ἐπὶ
1244 1238 1344 1307 τῆς
1364 1236 1671 1299 Γαλιλαίας,
1701 1235 1817 1297 πῶς

1935 1234 2199 1286 ιαιτονίῑὶ)
2237 1233 2288 1287 Si
2324 1236 2374 1288 in
2411 1236 2649 1303 Calibus,
2678 1242 2953 1307 quomodo
2995 1243 3163 1297 Lucas
3192 1248 3284 1309 ait,
3344 1264 3486 1316 prae-

246 1337 276 1387 6
308 1333 523 1395 Αουκᾶς
567 1348 733 1401 φησιν
764 1328 1101 1383 ἐντείλασθαι
1139 1331 1249 1390 τοῖς
1298 1328 1569 1397 μαθηταῖς
1590 1324 1818 1393 ⁰’Υμεῖς

1935 1324 2129 1393 :episse
2151 1326 2430 1391 discipulis
2446 1347 2458 1381 :
2476 1328 2574 1382 Vos
2594 1332 2764 1384 sedete
2792 1333 2847 1384 in
2874 1334 3081 1399 civitate
3099 1334 3447 1399 Jerusalem”
3464 1337 3489 1389 ἱ

248 1426 535 1479 καθίσατε
565 1424 635 1476 ἐν
666 1421 738 1489 τῇ
771 1423 944 1474 πόλει
986 1419 1419 1488 Ἰερουσα.ίήμ;
1445 1419 1567 1480 Πῶς
1597 1418 1653 1471 δὲ
1679 1419 1811 1470 ἐκεῖ·

250 1515 342 1568 θεν
371 1516 449 1578 εἱς
476 1514 746 1583 Βηθανίαν
761 1513 955 1575 αὐτοὺς
983 1510 1287 1579 ἐξαγαγὼν,
1307 1508 1607 1578 ἀνελήφθης

929 1601 1136 1665 Λύσις.

323 1693 588 1756 Πολλάκις
616 1691 693 1756 ὡς
719 1692 778 1747 ἐν
809 1691 1043 1762 ἡμέραις
1064 1691 1471 1760 τεσσαράκοντα
1501 1692 1611 1752 τοῖς
1639 1689 1822 1761 μαθη-

1918 1414 2037 1480 Quo
2064 1425 2225 1485 pacto
2265 1418 2429 1471 etiam
2480 1419 2629 1475 illinc
2658 1421 2712 1473 in
2754 1423 3071 1477 Bethaniam
3106 1439 3199 1479 eos
3225 1427 3485 1491 educens,

1919 1514 2232 1575 assumptus
2266 1518 2351 1562 est
2366 1508 2391 1560 Ῥ

2588 1598 2813 1655 Salutio.

1991 1688 2437 1758 Quandoquidem
2492 1706 2653 1759 smpe,
2690 1701 2747 1745 nt
2800 1708 2898 1759 per
2946 1693 3061 1748 dies
3109 1694 3485 1763 quadraginta.

249 1792 370 1851 ταῖς
398 1786 888 1854 συνδειπνήσαντος
922 1784 1016 1837 τοῦ
1048 1786 1290 1853 Κυρίου,
1323 1782 1382 1834 ἓν
1415 1782 1513 1852 μὲν
1544 1783 1755 1835 δεῖπνον
1792 1784 1821 1835 6

1935 1781 2163 1834 manavit
2220 1780 2479 1835 Dominus
2528 1798 2655 1837 cum
2706 1782 3008 1853 discipulis,
3055 1801 3219 1838 unam
3268 1789 3487 1855 qnidem

266 1882 518 1949 Ἰωάννης
549 1882 605 1931 ἐν
634 1881 699 1949 τῇ
729 1877 989 1947 Γαλιλαίᾳ
1021 1876 1329 1948 ἱστόρησεν,
1359 1875 1450 1928 δύο
1491 1875 1549 1928 δὲ
1587 1875 1822 1939 Λουκᾶς,

253 1971 470 2041 πρῶτον
496 1970 588 2022 τὸν
615 1970 713 2038 τῆς
756 1968 1058 2039 Ἐμμαοῦς,
1094 1968 1190 2021 καὶ
1227 1968 1414 2037 ἓτερον
1446 1968 1506 2020 τὸ
1531 1968 1630 2038 τῆς
1650 1968 1785 2021 Σιών
1807 1983 1822 1998 ⁸

252 2063 311 2114 ἐν
403 2062 494 2114 καὶ
527 2059 616 2113 τοῦ
656 2059 822 2115 ὀπτοῦ
871 2058 1052 2129 ἰχθύος
1101 2058 1539 2128 ἐμνημόνευσεν·
1581 2058 1698 2114 ἀλλ’
1725 2058 1827 2111 οὐκ

257 2153 455 2223 ἱχθύων
483 2150 608 2205 οὔτε
639 2152 960 2221 ἀνθρακιᾶς,
987 2149 1110 2204 οὔτε
1136 2150 1323 2222 ἄρτου,
1355 2151 1607 2221 καθάπερ
1654 2152 1712 2205 ὲν
1750 2149 1827 2223 τῷ

251 2244 354 2314 τῆς
382 2244 669 2307 Γαλιλαίας
696 2244 802 2297 ὑπὸ
840 2245 1086 2298 Ἰωάννου
1116 2243 1485 2315 ἀναγραφέντι
1535 2244 1753 2316 δείπνῳ.

916 2416 966 2469 Ἀ
975 2418 1173 2483 πορία.

329 2504 468 2557 Πότε
499 2504 563 2558 τὸ
593 2505 875 2576 ἱστορηθὲν
903 2507 1118 2561 δεῖπνον
1158 2508 1237 2579 τῷ
1262 2509 1469 2581 ΙΛουκᾷ
1498 2510 1821 2580 γεγένηταις

258 2597 321 2649 Et
363 2596 460 2665 μὲν
486 2595 597 2666 γὰρ
630 2595 739 2666 πρὸ
772 2595 966 2648 πολλοῦ
993 2597 1090 2667 τῆς
1127 2599 1565 2670 τεσσαρακοστῆς
1592 2600 1823 2668 ἡμέρας,

254 2687 459 2759 δηλαδὴ
504 2691 601 2757 τῆς
642 2685 994 2757 ἀναλήψεως,
1043 2687 1162 2751 πῶς
1207 2688 1406 2751 εὐθέως
1450 2689 1826 2759 ἀναληφθῆναι

256 2778 420 2833 αὑτὸν
449 2776 705 2847 ἔγραψεν,
733 2774 974 2846 εἰρηκὼς
995 2777 1076 2830 ὅτι
1113 2776 1433 2848 Ἐξήγαγεν
1462 2779 1684 2843 αὐτοὺς
1711 2779 1826 2844 ἔξω

255 2869 367 2935 ἕως
406 2872 496 2935 εἰς
526 2868 848 2936 Βηθανίαν,
876 2869 974 2921 καὶ
1009 2868 1078 2921 τὰ
1110 2869 1256 2939 ἑξῆς.
1304 2870 1570 2935 Καὶ,”οτι
1612 2871 1825 2939 ἀνεφέ-

248 2976 392 3028 ρετο
440 2964 526 3024 εὶς
576 2959 719 3025 τοὺς
760 2960 1089 3031 οὐρανούς
1123 2961 1185 3014 Et
1211 2961 1267 3014 δὲ
1298 2963 1362 3031 τῇ
1394 2966 1825 3035 τεσσαρακοστῇ,

259 3053 374 3117 πῶς
423 3054 542 3106 τότε
593 3053 697 3107 ὑπὸ
736 3054 845 3107 τῶν
876 3053 1133 3123 μαθητῶν
1162 3053 1508 3123 ἐψηλαφᾶτο,
1536 3056 1602 3123 τῇ
1637 3053 1827 3127 πρώτῃ

1927 1890 2138 1930 comam
2172 1875 2227 1927 in
2255 1874 2470 1928 Galiltea
2502 1885 2814 1945 apparatam
2845 1880 3025 1932 retulit
3057 1879 3328 1943 Joannes;
3356 1881 3489 1935 duas

1927 1981 2059 2021 vero
2077 1965 2250 2020 Lucas
2272 1966 2337 2031 3°;
2361 1967 2585 2035 primam
2609 1968 2664 2021 in
2692 1968 2968 2034 Emmaus,
2992 1970 3213 2023 alteram
3245 1971 3308 2025 ad
3334 1971 3486 2037 Sion,

1926 2058 1981 2111 in
2013 2072 2118 2126 qua
2147 2065 2203 2110 et
2232 2057 2340 2111 assi
2376 2056 2540 2127 piscis
2572 2059 2902 2113 mentionem
2941 2059 3069 2115 fecit
3089 2102 3103 2126 ,
3146 2077 3255 2115 non
3307 2071 3489 2118 autem

1926 2146 2180 2216 piscium,
2209 2159 2389 2214 neque
2402 2160 2612 2216 pronae,
2630 2162 2807 2217 neque
2835 2149 3010 2218 panis,
3037 2152 3487 2218 quemadmodum

1926 2236 1981 2290 in
2009 2250 2164 2292 caena
2201 2234 2437 2292 Galilaeaa
2467 2251 2499 2291 a
2525 2236 2733 2293 Joanne
2756 2239 3026 2310 descripta
3050 2242 3116 2296 εί.

2488 2417 2781 2488 Difﬁcultas
2822 2434 2930 2473 ιιι.

1996 2508 2225 2576 Quando
2249 2518 2468 2564 narrata
2501 2525 2597 2578 per
2626 2509 2826 2563 Lucam
2855 2526 3010 2566 coma
3057 2511 3321 2583 contigit?
3354 2513 3488 2567 Nam

1927 2601 1970 2657 si
2027 2603 2197 2657 multo
2248 2610 2373 2657 ante
2427 2600 2895 2671 quadragesimum
2949 2602 3113 2665 diem,
3154 2605 3491 2661 ascensionis

1927 2691 2219 2758 videlicet;
2278 2707 2513 2762 quonam
2568 2692 2726 2746 modo
2760 2693 2940 2746 statim
2980 2705 3314 2763 assumptum
3363 2710 3488 2750 eum

1927 2783 2098 2839 fuisse
2146 2783 2374 2848 scribit,
2407 2782 2629 2837 dicens:
2676 2781 2873 2835 Eduxit
2912 2800 2995 2837 eos
3034 2784 3178 2852 foras
3224 2801 3382 2853 usque
3417 2784 3489 2839 ad

1924 2873 2236 2929 Bai/mnium
2265 2875 2331 2939 ",
2364 2882 2419 2928 et
2454 2873 2755 2943 sequentia.
2786 2872 2849 2928 Et
2876 2892 2889 2928 :
2914 2874 3197 2928 Ferebatur
3223 2877 3279 2929 in
3304 2877 3492 2932 caelos?

1929 2968 2023 3023 Sin
2053 2982 2181 3023 vero
2209 2966 2296 3022 die
2325 2965 2756 3036 quadragesimo,
2782 2980 2890 3035 quo
2928 2974 3086 3034 pacto
3122 2978 3248 3021 tunc
3274 2984 3302 3021 a
3329 2968 3491 3023 disci-

1928 3058 2070 3130 pulis
2101 3058 2437 3129 palpabatur,
2461 3057 2550 3126 qui
2582 3055 2755 3124 primo
2782 3068 2834 3109 et
2864 3069 3056 3111 octavo
3076 3057 3490 3113 resurrectionis

258 3143 441 3214 ἡμέρα
467 3143 561 3199 καὶ
577 3147 642 3215 τῇ
661 3144 822 3218 ὀγδόῃ
839 3148 940 3216 τῆς
956 3147 1302 3211 ἀναστάσεως
1325 3147 1426 3218 ήδη
1444 3146 1785 3217 ψηλαφηθείς
1804 3164 1819 3214 ;

1935 3154 2013 3208 tlie
2037 3152 2147 3221 jam
2181 3159 2549 3205 contrectatus
2575 3149 2749 3202 fuerat
2771 3148 2855 3201 "‘1

937 3240 1143 3304 Λύσις.

330 3327 453 3382 Ὀτι
482 3331 548 3401 τῇ
586 3330 773 3401 πρώτῃ
821 3332 1003 3403 ἡμέρᾳ
1046 3335 1145 3402 τῆς
1195 3331 1560 3397 ἀναστάσεως,
1591 3332 1653 3386 τὸ
1688 3332 1824 3403 πρὸς

256 3417 452 3481 αὐτοὺς
501 3420 780 3491 ἱστορηθὲν
824 3422 918 3475 τοῦ
972 3424 1156 3476 Λουκᾶ
1197 3420 1291 3476 τοῦ
1337 3422 1520 3494 ἰχθύος
1555 3423 1767 3477 δεῖπνον
1795 3424 1824 3476 6

256 3510 466 3579 Κύριος
499 3510 723 3580 ἔφαγεν,
764 3515 828 3566 ὲκ
857 3512 966 3565 τῶν
998 3514 1505 3584 προγεγραμμένων
1536 3513 1691 3583 δῆλον
1718 3514 1822 3566 ὅτι.

260 3598 322 3650 Εἰ
344 3599 401 3650 δὲ
423 3602 452 3651 6
472 3601 688 3663 Λουκᾶς
715 3618 879 3668 φησιν
899 3619 914 3633 ·
949 3602 1276 3672 Ἐεήγαγ-εν
1296 3602 1518 3668 αὐτοὺς
1545 3603 1654 3669 ἕως
1678 3603 1825 3671 πρές

256 3689 583 3753 Βηθανιαν,
617 3690 714 3743 καὶ
751 3692 1227 3761 ὃτι,⁹Ανελήςρθη·
1261 3692 1323 3745 οὐ
1367 3694 1583 3756 πάντως
1611 3696 1674 3747 ὲκ
1705 3693 1826 3746 τοῦο

257 3794 368 3829 των
411 3778 626 3831 δίδωσιν
672 3781 804 3850 ἡμῖν
848 3781 1093 3843 εὐθέωςν
1126 3783 1287 3835 αὐτὸν
1317 3783 1823 3852 ἁνειλῆφθαι.⁹Εθος

256 3870 369 3941 γὰρ
425 3873 538 3933 τοῖς
591 3871 972 3943 συγγραφεῦσι
1023 3873 1316 3943 συντομίας
1361 3874 1776 3945 ἐπιμελομένοις
1808 3915 1822 3938 ,

259 3961 503 4033 ἱστορίαν
544 3963 804 4034 ἱστορίαις
846 3965 1158 4019 συνάπτειν.
1200 3965 1341 4019 Καθ’
1371 3965 1407 4020 ἃ
1440 3967 1534 4019 καὶ
1560 3966 1826 4037 Ματθαίῳ

255 4055 711 4124 ἀναγέγραπται,
766 4056 934 4125 μήπω
979 4057 1164 4127 σχεδον
1209 4058 1575 4129 περαιώσαντι
1621 4060 1719 4130 τὴν
1768 4060 1827 4125 ἐξ

254 4146 536 4215 Αἰγύπτου
572 4147 919 4219 ὑποστροφὴν
950 4150 1044 4201 τοῦ
1073 4150 1301 4221 Κυρίου,
1327 4152 1421 4204 καὶ
1450 4152 1551 4221 τὴν
1575 4153 1633 4204 ἐν
1668 4153 1825 4205 Γαλι-

254 4235 386 4305 λαία
439 4235 690 4306 οἴκησιν,
737 4237 832 4290 καὶ
875 4238 974 4309 τὴν
1016 4238 1259 4292 Ἰωάννου
1306 4243 1386 4303 εἰς
1430 4241 1520 4294 τὸν
1557 4242 1827 4311 Ἰορδάνην

254 4328 493 4395 ἐλευσιν,
523 4316 619 4381 καὶ
644 4327 705 4381 τὸ
738 4327 928 4382 τούτου
956 4333 1220 4399 κήρυγμα
1256 4332 1392 4402 μετὰ
1416 4332 1712 4402 τριάκοντα
1732 4332 1824 4403 ἔτη

254 4416 445 4488 σχεδὸν
469 4417 712 4497 γεγονός.
746 4419 856 4472 Καὶ
882 4420 1018 4474 ἄλλα
1044 4421 1101 4474 δὲ
1133 4421 1305 4481 πολλὰ
1334 4422 1559 4476 τοιαῦτα
1580 4427 1692 4487 τοῖς
1714 4424 1828 4494 βου-

2591 3241 2822 3297 Salutio.

1996 3334 2150 3401 Quod
2182 3333 2357 3405 primo
2387 3334 2804 3389 resurrectionis
2837 3322 2945 3398 die,
2981 3336 3036 3387 in
3071 3348 3226 3404 coma
3280 3332 3369 3387 illa
3402 3332 3490 3403 pi-

1926 3426 2032 3480 scis
2059 3441 2158 3495 per
2198 3423 2396 3479 Lucam
2432 3433 2701 3488 enarrata,
2725 3441 2848 3479 cum
2881 3424 3010 3494 ipsis
3038 3422 3331 3478 comederit
3380 3423 3488 3478 Do-

1924 3516 2131 3579 minus,
2166 3530 2230 3569 ex
2260 3516 2536 3586 superius
2570 3515 2787 3585 scriptis
2813 3523 2977 3585 patet.
3010 3512 3064 3566 Si
3096 3523 3276 3567 autem
3314 3512 3489 3567 Lucas

1924 3605 2036 3659 ait:
2074 3584 2273 3658 Eduxit
2299 3584 2383 3659 eos
2414 3622 2575 3676 usque
2599 3607 2670 3658 ad
2688 3584 3029 3662 iBet/ianiam.
3092 3613 3147 3656 et
3178 3604 3487 3668 Assumptus

1926 3702 1998 3747 est
2028 3693 2115 3758 3‘;
2151 3707 2259 3746 non
2297 3694 2457 3762 plane
2492 3709 2590 3762 per
2622 3708 2682 3746 ea
2737 3693 2900 3746 tradit
2934 3691 3111 3753 nobis,
3147 3689 3327 3743 statim
3362 3704 3487 3742 eum

1926 3784 2095 3837 fuisse
2150 3792 2508 3851 assumptum.
2557 3780 2670 3834 Mos
2707 3781 2850 3835 enim
2899 3790 2980 3835 est
3017 3778 3373 3849 scriptoribus
3421 3779 3492 3834 de

1927 3871 2191 3926 brevitate
2240 3871 2502 3931 sollicitis,
2538 3869 2815 3923 historiam
2847 3868 3086 3923 historiis
3138 3877 3486 3923 connectere.

1927 3961 2389 4029 Quemadmodum
2417 3960 2702 4014 Matthaeus
2724 3960 2789 4021 ⁸⁸,
2824 3959 3062 4013 nondum
3098 3958 3210 4013 fere
3236 3959 3491 4028 impOsito

1929 4054 2034 4108 ﬁne
2064 4052 2362 4106 narrationi
2400 4051 2468 4105 de
2516 4050 2829 4105 reversione
2872 4049 3085 4103 Domini
3115 4064 3180 4103 ex
3233 4047 3490 4120 Egypto,

1928 4153 1983 4199 et
2035 4144 2367 4198 habitatione
2420 4143 2470 4196 in
2527 4142 2777 4205 Galilma,
2818 4141 3109 4210 descripsit
3154 4139 3382 4196 Joannis
3434 4140 3489 4193 in

1925 4236 2213 4291 Jordancm
2244 4235 2553 4296 adventum,
2579 4234 2858 4304 ipsiusque
2891 4232 3351 4302 prmdicationem,
3370 4248 3491 4303 quae

1928 4336 2048 4397 post
2090 4326 2305 4396 triginta
2349 4334 2556 4380 tantum
2591 4339 2696 4378 non
2726 4338 2897 4377 annos
2950 4329 3203 4391 suscepta
3241 4331 3343 4375 est.
3386 4320 3492 4378 Sed

1929 4425 1985 4473 et
2022 4418 2187 4471 multa
2224 4415 2441 4478 similia,
2471 4414 2561 4484 qui
2611 4415 2794 4469 volent
2831 4413 3166 4483 collegerint,
3221 4414 3285 4467 ad
3332 4412 3491 4467 [idem

253 4487 504 4577 λομένοις
535 4508 711 4575 ἔξεστι
740 4518 1064 4580 συναγαγεῖν
1085 4514 1217 4584 πρὸς
1250 4515 1514 4568 πίστωσιν
1538 4516 1637 4586 τῆς
1665 4487 1823 4584 εόαγ-

1935 4508 2230 4563 l‘aciendam
2282 4507 2606 4577 evangelicae
2657 4505 2981 4559 concordiae.
3032 4503 3103 4558 Ut
3153 4504 3490 4569 omittamus,

254 4595 485 4665 γελικῆς
520 4597 871 4666 συμφωνίαςο
914 4598 1000 4651 ἵνα
1031 4599 1458 4669 παρσλείψωμεν
1477 4639 1494 4664 ,
1516 4601 1599 4653 ὅτι
1626 4603 1683 4654 ὲν
1712 4602 1832 4663 ταῖς

254 4685 643 4749 ἁποστολικαίς
665 4683 904 4757 Πράξεσι
934 4688 1001 4741 τὰ
1036 4692 1162 4760 περὶ
1196 4691 1295 4761 τῆς
1327 4690 1669 4761 Ἀναλήψεως
1696 4692 1830 4744 ἀνα-

254 4776 745 4846 κεφαλαιούμενος,
774 4779 833 4831 ιν
875 4782 941 4849 τῇ
985 4784 1389 4853 τεσσαρακοστῇ
1418 4782 1600 4854 ἡμέρᾳ
1626 4782 1829 4852 ταύτην

253 4868 543 4938 γεγονέναι
577 4868 882 4940 ἱστόρησεν.
947 4892 958 4905 ~

923 4962 1174 5031 Ἆποριά.

326 5051 459 5115 Πῶς
494 5052 707 5116 Λουκᾶς
753 5055 813 5105 ὲν
858 5057 972 5117 τοῖς
1000 5054 1361 5123 Εὖαγγελίοις
1398 5056 1711 5127 ἱστορήσας,
1748 5060 1827 5121 εἱς

256 5141 532 5207 Βηθανίαν
579 5143 671 5197 τὸν
720 5143 957 5213 Χριστὸν
1010 5146 1136 5206 τοὺς
1200 5144 1442 5215 μαθητὰς,
1497 5146 1781 5215 ἐξαγαγεῖν
1814 5187 1831 5210 ,

256 5232 473 5285 ἐκεῖθέν
521 5248 583 5285 τε
642 5234 1053 5307 ἀναληφθῆναι·
1088 5238 1145 5290 ἐν
1202 5240 1322 5300 ταῖς
1377 5237 1617 5309 Πράεεσί
1667 5256 1823 5310 φησι,

1927 4601 2070 4671 quod
2094 4599 2145 4653 in
2179 4598 2403 4654 Actibus
2423 4597 2816 4667 apostolorum,
2849 4603 3105 4665 repetens
3128 4596 3489 4649 narrationem

1926 4692 1995 4747 de
2020 4691 2284 4753 Ascensu,
2306 4689 2718 4759 quadragesimo
2746 4687 2833 4742 die
2862 4685 3155 4756 contigisse
3184 4700 3310 4740 eum
3345 4695 3493 4741 retu.

1927 4784 1989 4839 lit
2012 4784 2078 4838 ⁸⁸.

2498 4955 2789 5026 Diﬂicultas
2830 4972 2916 5010 ιχ.

2000 5050 2283 5121 Quomodo
2312 5049 2483 5104 Lucas
2510 5047 2603 5117 qui
2648 5046 2704 5100 in
2731 5045 3022 5115 Evangelio
3044 5043 3305 5107 narravit,
3332 5041 3497 5098 Chri-

1929 5156 2075 5200 stum
2109 5143 2162 5196 in
2201 5139 2518 5194 Bethaniam
2549 5135 2802 5191 eduxisse
2823 5134 3123 5203 discipulos
3148 5133 3214 5198 ⁸⁷,
3241 5132 3495 5201 illincque

1929 5237 2099 5291 fuis-e
2132 5238 2491 5300 assumptum,
2525 5228 2579 5281 in
2606 5226 2754 5282 Actis
2780 5226 2874 5291 ait,
2911 5240 2940 5279 a
2968 5231 3175 5281 monte.
3206 5224 3295 5292 qui
3327 5238 3494 5277 voca-

330 5428 374 5458 "
394 5425 554 5479 Joan.
582 5442 693 5490 nt,
732 5428 780 5488 l.
806 5436 913 5484 etc.
991 5431 1034 5462 ⁷⁹
1054 5427 1190 5484 Luc.
1220 5446 1367 5496 xxiv,
1399 5430 1490 5491 49.
1527 5430 1615 5487 50.
1693 5432 1736 5465 '°
1760 5433 1892 5488 ibid.
1916 5399 2004 5487 52..
2080 5431 2124 5464 ⁸¹
2157 5426 2320 5483 Joan.
2353 5441 2462 5496 XXI:
2499 5422 2584 5479 10.
2613 5422 2666 5476 9.
2742 5420 3118 5496 “LLUCLXXIV,
3157 5420 3244 5484 50,
3277 5422 3364 5484 5|,
3404 5421 3490 5477 59.

255 5496 303 5532 ⁸³
331 5498 493 5550 tom.
528 5513 611 5559 ax,
645 5498 737 5562 ‘20,
768 5498 857 5552 27.
932 5499 977 5531 ⁸³
1003 5499 1125 5553 Act.
1160 5515 1200 5567 ι,
1230 5501 1284 5554 2.
1359 5500 1405 5532 ⁸⁵
1437 5501 1627 5555 Matth.
1662 5518 1676 5556 ι
1708 5513 1763 5557 οι
1796 5518 1855 5556 ιι.

1931 5501 1979 5533 ⁸⁸
2006 5504 2127 5555 Act.
2153 5515 2191 5563 ι,
2220 5498 2274 5551 5.
2350 5495 2394 5527 ⁸⁷
2438 5493 2571 5547 Luc.
2605 5508 2750 5560 utr,
2778 5492 2880 5560 50,
2916 5492 3004 5546 5|.

1524 5679 1759 5735 VARLE
1798 5678 2200 5736 LECTIONES.

331 5780 355 5808 τ
384 5768 449 5823 F.
491 5771 573 5823 ius
624 5769 779 5819 νοεῖν.
