4038 6226
390 4638 421 4678 ὃ

447 355 576 422 MU

1627 345 1997 411 HESYCHII
2034 342 2510 405 PRESBYTERI

3564 342 3698 409 1M8

440 483 531 529 tur
558 469 755 529 Oliveti
794 481 1042 526 reversos
1058 480 1180 524 esse
1209 463 1508 538 discipulos
1533 464 1603 534 ⁸⁸,
1630 464 1786 537 quasi
1817 464 2020 519 isthinc

2130 457 2232 511 iure
2285 457 2380 512 τοῦ
2432 457 2595 529 δρους
2622 455 2717 510 τοῦ
2752 456 3089 528 καλουμένου
3114 453 3337 512 Ἐλαιῶν
3354 456 3700 528 εἰποστρέψαι

439 560 658 629 Christo
687 561 1006 631 assumpto?
1032 560 1104 616 Et
1142 559 1418 630 quomodo
1470 559 1526 612 in
1564 557 1857 627 Evangelio
1885 572 2014 610 nar-

439 669 594 715 rans,
632 661 752 721 post
774 652 1150 708 ascensionem
1177 649 1476 721 discipulos
1501 649 1558 703 in
1585 649 1787 718 templo
1817 647 2016 701 immo-

440 753 589 798 ratos
615 743 807 809 fuisse,
842 743 1127 798 laudantes
1164 750 1220 797 et
1251 740 1639 797 benedicentes
1666 739 1834 794 Deum
1853 735 1924 802 ”,
1960 737 2017 791 in

441 834 760 906 apostolicis
811 834 1062 898 Actibus,
1106 848 1202 889 eos
1233 833 1291 888 in
1329 833 1671 889 cmnaculum
1703 829 2018 886 ascendisse

444 935 502 983 et
527 926 639 984 illic
658 926 930 983 mansisse
951 925 1179 997 exponit
1202 925 1248 958 °°
1268 924 1293 978 ‘I

1195 1103 1346 1159 lutio.

1195 1103 1213 1157 ι
1275 1104 1293 1157 i
1331 1143 1346 1159 .

516 1194 681 1251 Aliud
714 1204 802 1250 est
835 1194 904 1249 In
938 1102 1272 1261 Bel/cari:an
1295 1119 1364 1252 :t
1388 1194 1535 1250 aliud
1568 1194 1647 1249 Ad
1681 1193 2018 1248 Bethaniam.

2114 548 2244 609 τοὺς
2276 548 2549 618 μαθητὰς,
2592 548 2669 613 ὡς
2711 548 2925 603 ἐκεῖθεν
2959 548 3055 602 τοῦ
3100 548 3310 620 Κυρίου
3358 548 3700 620 ἀναληφθέν-

2115 655 2240 703 τος;
2270 639 2394 703 Πῶς
2427 640 2484 692 δὲ
2510 641 2568 694 ὲν
2606 639 2685 711 τῷ
2722 640 3043 711 Εὑαγγελίῳ
3077 641 3397 711 ἱστορήσας,
3437 642 3577 711 μετὰ
3599 640 3702 712 τὴν

2114 728 2383 799 ἀνάληψιν
2411 730 2470 783 ὲν
2498 730 2577 802 τῷ
2612 730 2745 802 ἱερῷ
2777 731 3082 802 διατρίϐειν
3124 732 3251 795 τοὺς
3287 731 3561 802 μαθητάς,
3592 732 3701 803 ὐμ-

2115 820 2339 885 νοῦντας
2374 823 2468 876 καὶ
2496 823 2855 891 εὐλογοῦντας
2883 822 2975 875 τὸν
3023 822 3187 876 Θεόν·
3222 826 3282 877 ὲν
3309 826 3430 888 ταῖς
3468 825 3705 879 ἀποστο-

2117 910 2295 976 λικαῖς
2336 913 2607 982 Πράξεσιν
2656 915 2737 978 εἰς
2779 912 3031 984 ὑπερῷον
3062 914 3258 978 αὐτοὺς
3301 914 3702 987 ἀναὸεὗηκέναι

2118 1006 2213 1059 καὶ
2242 1006 2578 1077 καταμένειν
2607 1007 2855 1075 ὲξέθετος

2805 1102 3019 1169 Λύσις.

2195 1176 2423 1257 Ἐτερόν
2475 1188 2625 1241 ἐστιν
2652 1189 2755 1255 Εις
2802 1191 3130 1258 Βηθανίαν,
3164 1192 3257 1244 καὶ
3315 1190 3504 1262 ἕτερον
3545 1192 3705 1261 Πρὸς

448 1286 664 1343 Etenim
700 1288 771 1341 ad
814 1287 1151 1353 Bethaniam,
1199 1289 1290 1343 dat
1330 1288 1489 1343 nobis
1523 1287 1830 1358 intelligere
1878 1285 2020 1341 viam

2130 1278 2447 1345 Βηθανίαν.
2481 1280 2555 1332 Τὸ
2592 1279 2705 1352 γὰρ
2734 1282 2892 1348 Πρὸς
2935 1285 3266 1351 Βηθανίαν,
3314 1283 3533 1337 δίδωσιν
3572 1287 3704 1353 ἡμῖν

450 1394 575 1448 qua:
628 1378 757 1433 illuc
805 1380 976 1443 ducit,
1031 1380 1118 1434 cui
1170 1395 1328 1434 mons
1360 1379 1636 1434 Olivarum
1680 1378 1930 1448 adiacet:
1967 1376 2022 1432 id

2130 1371 2266 1421 νοεῖν
2293 1368 2391 1440 τὴν
2411 1370 2528 1423 ὁδὸν
2552 1373 2650 1443 τὴν
2683 1373 3008 1441 ἁπάγουσαν
3042 1376 3159 1428 ἐκεῖ
3186 1376 3265 1439 εἰς
3296 1384 3323 1411 κ
3349 1375 3409 1429 τὸ
3443 1375 3569 1446 ὅρος
3596 1378 3705 1429 τῶν

449 1470 595 1540 quod
625 1469 797 1523 Lucas
827 1471 1099 1539 exposuit,
1119 1470 1324 1534 dicens,
1344 1470 1415 1522 ad
1441 1469 1780 1529 Bethaniam.
1808 1478 1866 1524 et
1899 1468 2024 1523 ﬁni-

2130 1455 2349 1511 Ἐλαιῶν
2369 1460 2699 1531 παράκειται
2725 1461 2888 1534 ’ὅπερ
2921 1463 3138 1528 Λουκᾶς
3169 1464 3408 1529 ἐξέθετο,
3425 1464 3574 1531 πρὸς
3591 1468 3707 1531 Βη-

457 1560 643 1615 timam
678 1560 777 1629 ipsi
809 1561 1010 1615 montis
1055 1572 1262 1630 partem
1293 1559 1381 1614 his
1415 1560 1641 1615 vocibus
1686 1560 2021 1629 signiﬁcans,

2130 1549 2341 1602 Barlar
2363 1548 2555 1614 εἰπὼν,
2581 1553 2676 1604 καὶ
2700 1552 2762 1604 τὸ
2779 1552 3014 1623 ὁμοροῦν
3045 1556 3183 1626 αὐτῇ
3205 1554 3271 1624 μέ
3283 1571 3375 1626 ρος
3396 1555 3490 1608 τοῦ
3523 1556 3703 1625 ὅρους,

454 1652 547 1707 ubi
588 1652 872 1706 Dominum
913 1660 1253 1722 assumptum
1301 1651 1470 1707 fuisse
1517 1651 1805 1707 narravit?
1847 1653 2025 1707 locum

2130 1638 2340 1701 τούτοις
2374 1640 2720 1711 αἰνιξάμενος
2743 1684 2757 1708 ,
2796 1642 2924 1697 ἔνθα
2954 1644 3045 1699 τὸν
3092 1645 3296 1717 Κύριον
3329 1646 3708 1717 ἀναληφθῆναι

456 1743 863 1815 quodammodo
892 1743 1064 1798 instar
1096 1744 1460 1823 chorographi
1497 1743 1832 1799 describens.
1857 1742 2025 1798 Porro

2134 1725 2455 1823 ErtdpnceV'
2500 1732 2943 1803 χωρογραφήσας
2983 1734 3185 1805 τρόπον
3233 1734 3357 1788 τινὰ
3396 1736 3488 1787 τὶν
3518 1735 3706 1790 τόπον.

456 1795 696 1890 secunda
727 1835 955 1906 quaestio
1011 1835 1155 1891 hanc
1187 1795 1353 1890 habet
1368 1795 1754 1889 rsolutionem.
1785 1833 1918 1889 Post
1940 1849 2026 1889 as-

2137 1812 2209 1869 Τδ
2241 1795 2425 1887 μέντοι
2457 1795 2710 1892 δεύτερον
2740 1795 2985 1894 ζητημα,
3019 1795 3224 1897 ταύτην
3259 1825 3374 1896 ἔχει
3401 1827 3501 1898 τὴν
3529 1826 3706 1881 λύσιν.

456 1929 825 1997 sumptioncm
867 1927 1077 1981 Domini
1108 1928 1328 1998 regressi
1354 1937 1475 1982 sunt
1494 1927 1721 1997 apostoli
1740 1928 1797 1981 in
1813 1926 2031 1982 Jerusa-

2142 1908 2567 1980 ’Υπέοντρεψαν
2597 1912 2715 1984 μὲν,
2738 1914 3143 1984 ἀναληφθέντος
3164 1916 3258 1971 τοῦ
3279 1918 3555 1990 Κυρίου,οἱ
3571 1922 3711 1975 ἀπόο

456 2018 580 2083 lem,
599 2020 738 2074 utin
769 2018 1064 2089 Evangelio
1098 2019 1409 2073 continetur
1434 2035 1449 2083 ;
1479 2026 1529 2072 et
1559 2028 1709 2073 erant
1744 2034 1947 2086 semper
1975 2018 2031 2071 in

2134 2001 2310 2055 στολοι
2340 2005 2429 2069 εις
2468 2003 2890 2075 Ἰερουσαλὴμ,
2928 2007 3111 2072 καθὼς
3146 2009 3225 2080 τῷ
3260 2010 3582 2083 Εὑαγγελίῳ
3610 2031 3711 2067 ’πε⁶

460 2111 651 2180 templo
674 2128 695 2175 ;
722 2126 820 2181 per
856 2111 1221 2179 praestitutum
1257 2124 1456 2180 nempe
1488 2118 1705 2180 tempus
1744 2110 2028 2174 orationis,

2134 2090 2397 2164 ριέχεται,
2422 2092 2521 2146 καὶ
2553 2090 2717 2165 ἦσαν
2745 2095 3073 2165 διαπαντὸς
3102 2100 3175 2154 ἐν
3203 2100 3284 2166 τῷ
3309 2102 3444 2171 ἱερῷ
3465 2103 3557 2159 τὸν
3577 2105 3712 2181 ὼριτ

460 2217 570 2270 quo
610 2201 810 2255 licebat
840 2200 896 2253 in
927 2199 1129 2268 templo
1167 2199 1495 2255 commorari
1524 2240 1540 2266 ,
1572 2200 1809 2269 reliquas
1848 2209 2030 2255 autem

2135 2184 2336 2252 σμένον
2377 2183 2581 2255 δηλαδὴ
2621 2186 2817 2256 χρόνον
2869 2188 2968 2260 τῆς
3014 2192 3361 2262 προσευχῆς,
3398 2193 3458 2246 ὃν
3501 2193 3630 2264 ἐξῆν
3655 2197 3713 2247 ὲν

461 2291 629 2344 horas
674 2289 818 2343 domi
855 2289 1280 2354 consumebant,
1307 2289 1410 2344 hoc
1438 2298 1541 2355 est,
1562 2289 1619 2344 in
1652 2291 1935 2347 cmnaculo
1976 2293 2032 2347 in

2133 2272 2210 2344 τῷ
2248 2273 2378 2344 ἱερῷ
2408 2274 2708 2347 διατρίϐειν
2733 2295 2748 2308 ·
2781 2278 2878 2343 τὰς
2911 2280 2969 2332 δὲ
3009 2280 3206 2346 λοιπὰς
3245 2282 3396 2355 ὥρας
3433 2286 3576 2339 οἴκοι
3630 2286 3715 2339 δι-

460 2381 610 2436 Actis
645 2380 1014 2449 apostolorum
1047 2379 1323 2436 declarato
1347 2397 1362 2447 ;
1386 2380 1576 2450 utique
1603 2379 1656 2433 in
1683 2380 1801 2451 ipso
1832 2382 2032 2436 indesi-

2136 2365 2372 2436 έτριόον,
2403 2369 2683 2423 τουτέστιν
2727 2371 2785 2425 ὲν
2812 2371 2892 2441 τῷ
2920 2373 3157 2445 ὑπερῴῳ
3190 2375 3268 2446 τῷ
3320 2377 3379 2431 ὲν
3415 2380 3535 2442 ταῖς
3563 2378 3695 2449 Πρά-

461 2478 658 2527 nenter
685 2471 1030 2528 celebrantes
1055 2479 1111 2527 et
1137 2472 1525 2532 benedicentes
1558 2473 1872 2528 Dominum.
1896 2474 2032 2541 Quia

2138 2458 2253 2523 ξεσι
2291 2459 2399 2513 τῶν
2449 2460 2765 2517 ἀποστόλων
2799 2462 3184 2537 δεδηλωμένψ
3217 2468 3313 2521 καὶ
3346 2466 3451 2537 μὴν
3483 2470 3543 2520 ὲν
3566 2468 3717 2538 αὐτῷ

459 2561 640 2631 ipsum
663 2562 819 2617 decet
839 2562 1029 2632 gloria,
1057 2577 1168 2618 una
1183 2578 1309 2619 cum
1334 2562 1495 2620 Patre
1515 2573 1775 2621 etsancto
1802 2563 2032 2636 Spiritu,

461 2651 520 2705 in
550 2652 769 2710 secula.
805 2652 1003 2707 Amen.

638 2824 698 2882 S.
726 2825 988 2898 Hesychii,
1012 2827 1296 2897 presbyteri
1346 2828 1847 2898 Hierosolymorum.

534 2917 717 2986 Quare
754 2919 993 2975 Joannes
1035 2919 1253 2988 quidem
1296 2919 1587 2975 Dominum
1628 2921 1807 2989 ipsum
1852 2928 2040 2975 narrat

462 3021 712 3088 portasse
752 3028 973 3067 crucem
1002 3029 1017 3078 ;
1048 3011 1229 3067 caeteri
1272 3027 1403 3067 vero
1456 3013 1826 3083 evangelista,
1857 3010 2036 3067 Simo-

462 3118 592 3161 nem
624 3103 942 3173 Cyrenaeum
971 3102 1024 3157 id
1048 3104 1223 3173 egisse
1249 3103 1801 3173 conscripserunt“?

530 3274 668 3341 Quia
700 3284 994 3345 utrumque
1020 3274 1223 3331 factum
1254 3285 1362 3332 est.
1386 3274 1560 3331 Simul
1591 3277 1736 3331 enim
1767 3292 1831 3333 ac
1862 3279 2037 3336 abdu-

466 3374 589 3421 ctus
619 3366 722 3420 fuit
742 3366 1004 3422 Dominus
1033 3376 1094 3421 ut
1125 3368 1560 3439 cruciﬁgeretur,
1591 3384 1757 3440 super
1778 3371 2040 3428 humeros

463 3456 715 3526 bajulans
734 3455 849 3525 ipse
871 3471 1089 3511 crucem
1106 3457 1255 3522 exiit,
1280 3458 1544 3513 militibus
1558 3475 1670 3514 non
1690 3459 2039 3531 dignantibus

465 3545 612 3601 illam
642 3555 872 3617 gestare,
896 3562 997 3602 nec
1013 3557 1225 3603 astante
1254 3549 1425 3605 altero
1440 3550 1531 3621 qui
1556 3561 1772 3622 portare
1790 3553 2033 3610 deberet.

465 3634 571 3690 Ubi
602 3643 786 3689 autem
819 3636 926 3691 iter
966 3637 1408 3707 capessivissent,
1454 3649 1585 3705 tunc
1615 3642 1925 3713 angariatus
1954 3645 2041 3700 Si-

464 3741 594 3780 mon
617 3740 648 3779 a
679 3725 1263 3797 militibus,.sumptam
1291 3743 1410 3783 eam
1427 3740 1495 3785 ex
1515 3730 1734 3787 Christo
1757 3733 2036 3805 bajulavit.

464 3815 622 3883 Quod
661 3825 844 3872 autem
874 3818 948 3872 ita
979 3834 1069 3874 res
1095 3820 1314 3885 habeat,
1346 3819 1577 3892 ipsamet
1605 3838 1709 3880 nos
1754 3824 2040 3898 Evangeli-

466 3914 673 3960 starum
741 3908 1018 3963 docebunt
1069 3911 1234 3965 verba
1275 3930 1288 3965 :
1324 3927 1521 3983 nempe
1558 3930 1574 3980 ;
1625 3916 2040 3986 angariaverunt

463 4008 863 4064 praetereuntem
883 3999 1150 4057 Simonem
1170 4003 1476 4073 Cyrenwum
1497 4008 1787 4064 uenientem
1803 4012 1868 4065 de
1888 4012 2037 4068 villa.

465 4089 626 4156 Quod
671 4090 897 4156 indicat,
941 4092 1006 4146 iis
1050 4093 1194 4148 viam
1227 4095 1605 4152 insistentibus
1635 4098 1705 4154 ad
1748 4099 2038 4174 Golgotha,

464 4182 771 4239 occurrisse
804 4181 1083 4239 Simonem
1102 4185 1414 4242 venientem
1434 4187 1503 4244 de
1522 4189 1668 4245 villa.
1690 4191 1827 4247 Nam
1843 4209 2041 4251 occur-

465 4288 606 4338 rere,
643 4275 748 4328 iter
780 4275 1068 4345 agentibus
1100 4277 1322 4334 accidit.
1357 4279 1623 4344 Quocirca
1667 4298 1887 4341 crucem
1924 4304 2038 4344 non

464 4365 533 4420 ab
556 4365 733 4433 initio,
762 4366 859 4422 sed
887 4376 1018 4423 tunc
1038 4369 1347 4441 angariatus
1377 4387 1475 4428 seu
1501 4375 1727 4433 adactus
1753 4378 2034 4449 bajulavit.

536 4688 725 4776 fecit:
751 4707 792 4758 ι,
827 4692 917 4746 12.
991 4694 1034 4729 ⁸⁸
1061 4696 1196 4753 Luc.
1227 4686 1374 4766 xxiv,
1408 4701 1496 4758 55.
1588 4705 1633 4738 ’⁸
1667 4706 1785 4762 Act.
1818 4726 1858 4776 1,
1895 4711 1982 4765 15-

468 4771 622 4822 xxm,
653 4759 744 4813 ‘26.

2136 2549 2436 2615 ἀπαύστως
2483 2553 2783 2624 ὑμνοῦντες
2825 2557 2920 2609 καὶ
2973 2556 3324 2626 εὐλογοῦντες
3360 2558 3453 2613 τὸν
3487 2558 3713 2630 Κύριον.

2139 2640 2271 2694 Ὅτι
2302 2643 2452 2714 αὐτῷ
2500 2644 2706 2717 πρέπει
2748 2648 2781 2717 ή
2828 2646 2978 2715 δόξα,
3017 2647 3135 2719 ἅμα
3166 2649 3245 2718 τῷ
3284 2650 3461 2721 Πατρὶ
3511 2651 3608 2705 καὶ
3637 2650 3718 2723 τῷ

2139 2733 2279 2805 ἁγίῳ
2311 2737 2614 2808 Πνεύματι,
2644 2741 2726 2803 εἰς
2748 2741 2877 2805 τοὺς
2909 2742 3133 2806 αἰῶνας.
3165 2744 3361 2814 Ἀμήν.

2383 2827 2493 2881 Τοῦ
2522 2828 2617 2898 ἀγ.
2665 2829 2959 2899 Ἠσυχίου
2988 2835 3200 2901 πρεσϐ.
3263 2833 3474 2905 Ἰεροσ.

2212 2917 2369 2981 Τίνος
2388 2918 2550 2990 χάριν
2577 2921 2731 2991 όμὲν
2772 2921 3024 2994 Ἰωάννης
3051 2923 3321 2994 βαστάσαι
3341 2928 3432 2981 τὸν
3460 2929 3691 2998 σταυρὸν

2141 3008 2304 3061 αὐτὸν
2346 3012 2552 3081 ἱστορεῖ
2598 3011 2690 3066 τὸν
2729 3012 2934 3084 Κύριον
2960 3029 2973 3043 °
3015 3016 3067 3068 οἱ
3113 3016 3171 3069 δὲ
3206 3018 3386 3072 λοιποὶ
3427 3021 3714 3091 εὐαγγελι-

2065 3143 2108 3202 C
2144 3100 2284 3162 σταὶ,
2303 3100 2523 3171 Σίμωνα
2554 3103 2647 3156 τὸν
2669 3104 2979 3174 Κυρηναῖον
3020 3109 3383 3179 πεποιηκέναι
3401 3111 3559 3167 τοῦτο
3592 3130 3717 3169 σαν-

2141 3191 2386 3263 ἐγραψαν
2406 3211 2420 3259 ;

2224 3278 2443 3351 Ἐπειδὴ
2490 3280 2752 3354 ἑκάτερον
2806 3284 3150 3356 πέπρακται.
3210 3290 3363 3361 Ἅμα
3414 3292 3527 3365 γὰρ
3578 3292 3718 3365 τῷν

2140 3370 2457 3441 ἀπαχθῆναι
2481 3372 2576 3425 τὸν
2595 3373 2802 3446 Κύριον
2835 3376 2929 3431 ἐπὶ
2960 3379 3022 3432 τὸ
3052 3383 3457 3454 σταυρωθῆναι.
3487 3387 3581 3440 ἐπὶ
3607 3387 3719 3440 τῶν

2141 3460 2309 3532 ὤμων
2359 3463 2646 3532 βαστάζων
2689 3467 2793 3536 τὸν,
2825 3470 3061 3540 σταυρὸν
3108 3473 3274 3538 αὐτὸς
3323 3474 3569 3543 ἐξῆλθεν,
3608 3478 3721 3533 τῶν

2146 3554 2499 3627 στρατιωτῶν
2528 3557 2630 3610 οὐκ
2653 3558 2948 3623 ἀξιούντων
2971 3562 3240 3633 βαστάσαι
3270 3567 3452 3630 αὐτὸν,
3489 3567 3565 3639 μὴ
3608 3586 3720 3621 πα-

2148 3647 2338 3720 ρόντος
2395 3649 2583 3718 ἐτέρου
2629 3649 2727 3703 τοῦ
2778 3652 3069 3723 βαστάζειν
3119 3657 3449 3725 όφεὲλοντος.
3516 3660 3606 3724 Ὧς
3659 3660 3720 3715 δὲ

2139 3739 2349 3811 ἥψαντο
2376 3741 2475 3811 τῆς
2494 3741 2639 3808 ὁδοῦ,
2670 3743 2790 3797 τότε
2823 3746 3189 3819 ἅγγαρευθεὶς
3213 3754 3241 3803 ό
3265 3752 3449 3820 Σίμων
3485 3753 3590 3808 ὑπὸ
3612 3755 3720 3808 τῶν

2144 3833 2518 3904 στρατιωτῶν,
2540 3833 2718 3889 λαϐὼν
2736 3836 2897 3891 αὐτὸν
2915 3840 3022 3892 ἀπὸ
3050 3839 3144 3892 τοῦ
3170 3840 3370 3912 Κυρίου
3395 3844 3717 3900 ἐϐάστασεν.

2143 3923 2267 3977 Ὅτι
2293 3924 2349 3978 δὲ
2387 3923 2563 3989 οὕτως
2605 3926 2741 3997 ἔχει,
2789 3929 2931 3983 αὐτὰ
2978 3931 3127 4001 ἡμᾶς
3162 3931 3271 3988 τῶν
3310 3935 3721 4004 εὐαγγελιστῶν

2141 4015 2342 4080 διδάξει
2402 4017 2470 4072 τὰ
2527 4020 2780 4090 ῥήματαο
2823 4022 3015 4095 ὅτιπερ
3041 4063 3057 4090 ,
3104 4026 3533 4098 Ἀγγαρεύουσι
3573 4046 3722 4100 παρ-

2142 4108 2367 4178 άγοντα
2391 4111 2629 4180 Σίμωνα
2643 4116 3002 4182 Κυρηναῖον,
3018 4118 3348 4191 ἐρχόμενον
3374 4122 3490 4175 ἀπὸ
3508 4123 3717 4191 djpcii'

2140 4201 2278 4271 ὅπερ
2317 4201 2500 4269 δηλοῖ,
2559 4203 2639 4257 ὅτι
2683 4204 2782 4275 τῆς
2831 4206 2954 4261 ὁδοῦ
3010 4210 3291 4281 ἐχομένοις
3326 4212 3429 4280 τῆς
3487 4213 3584 4266 ἐπὶ
3626 4213 3720 4266 τὴν

2142 4290 2436 4360 Γολγοθὰν,
2458 4293 2754 4364 ἐρχόμενος
2777 4296 2886 4350 ἀπὸ
2908 4299 3079 4369 ἀγροῦ
3099 4303 3128 4354 ὁ
3149 4301 3330 4370 Σίμων
3362 4303 3721 4374 συνήντησεν.

2143 4384 2217 4438 Τὸ
2262 4384 2374 4456 γὰρ
2419 4389 2775 4456 συναντῆσαι,
2828 4393 2944 4454 τοῖς
2980 4392 3225 4447 ὁδεύουσι
3273 4395 3503 4463 γίνεται.
3553 4396 3720 4449 Ὅθεν

2270 4472 2499 4544 σταυρὸν
2529 4473 2630 4527 οὐκ
2652 4474 2710 4540 ἐξ
2750 4476 2950 4548 ἀρχῆς,
2994 4480 3130 4534 ἀλλὰ
3165 4482 3289 4535 τότε
3333 4484 3718 4556 ἀγγαρευθεὶς,

2215 4577 2471 4613 αστασεν.

2215 4560 2471 4616 άστασεν.

2081 4715 2125 4746 ⁹¹
2152 4713 2313 4771 Joan.
2342 4737 2454 4786 xix,
2493 4724 2579 4790 l7;
2606 4723 2795 4781 Matth.
2823 4742 2989 4795 xxvu,
3015 4725 3106 4794 '52;
3132 4726 3297 4783 Marc.
3327 4743 3395 4780 xv
3418 4769 3433 4793 ,
3464 4728 3555 4796 ﬁl;
3582 4728 3717 4786 Luc.

1724 4865 1960 4926 VARIAE
1986 4869 2393 4935 LECTIONES.

540 4949 568 4978 ι
604 4942 668 4998 F.
706 4936 761 5019 ᾖ.
827 4954 851 4992 γ
876 4946 962 5001 At.
1001 4947 1081 5004 τό.
