4038 6226
403 5365 420 5464 i

433 317 573 386 1451

1622 293 1914 364 ΠΕΞΥΟΗ
1927 301 1980 358 [ι
2021 298 2352 357 PRESBYT
2363 296 2495 355 ERI

3548 285 3682 348 Ητιῖ

433 431 752 492 cruciﬁxum
797 429 901 492 ait,
957 426 1194 483 Joannes
1239 437 1403 487 vero,
1453 419 1646 475 sexta?
1715 415 2003 478 Nimirum,

2121 409 2346 480 Χριστὸν
2391 407 2788 478 σταυρωθῆνειιι⁹
2822 408 2848 459 6
2869 406 2922 458 δὲ
2948 395 3431 475 ’1‹ι›άννης.’ῑκτην;
3459 403 3680 474 Μάρκος

437 519 652 578 Marcus
694 517 912 588 quidem
972 515 1162 569 horam
1217 504 1378 575 dicit,
1433 525 1539 578 qua
1603 507 1783 561 crucis
1844 518 2002 575 poena

435 613 653 668 decreta
683 607 785 662 fuit
817 625 830 661 :
865 605 1065 676 quippe
1089 602 1254 657 etiam
1280 600 1492 670 judices
1513 596 1707 668 punire
1730 595 2003 657 dicuntur,

437 715 504 755 ex
571 713 680 768 quo
739 705 980 765 tempore
1039 692 1384 763 protulerunt
1441 688 1805 752 sententiam;
1864 683 2008 753 quod

437 790 698 846 nimirum
733 785 983 857 supplicii
1020 784 1129 838 vim
1174 799 1237 837 ac
1268 783 1460 838 mortis
1491 782 1727 835 habeant
1775 778 2006 848 positam

439 880 495 935 in
523 880 742 948 linguis.
775 877 983 932 Idcirco
1009 874 1244 938 Marcus,
1286 874 1420 928 hora
1451 887 1575 926 cum
1632 869 1786 923 tertia
1829 866 2006 922 cruci-

439 973 605 1025 fixum
640 969 734 1034 ait,
759 983 824 1022 ex
857 981 963 1038 qua
996 965 1198 1019 Pilatus
1217 963 1546 1018 sententiam
1583 963 1742 1016 tulit:
1770 959 2007 1014 Joannes

437 1077 588 1124 vero,
615 1059 886 1130 quodjam
905 1057 1119 1110 Marcus
1147 1056 1267 1109 latae
1293 1064 1504 1122 tempus
1533 1051 1816 1107 sententia:
1837 1049 2007 1104 dixis-

440 1158 545 1214 set,
582 1148 910 1217 horamipse
934 1147 1089 1210 dixit,
1122 1162 1227 1215 qua
1263 1145 1440 1214 reipsa
1491 1143 1578 1197 ille
1626 1142 1772 1195 cruci
1821 1140 2010 1194 allixus

441 1235 566 1290 fuit.
608 1234 823 1290 Etenim
857 1233 1098 1303 cogitare
1129 1241 1361 1302 oportet,
1391 1247 1549 1301 quam
1585 1231 1747 1284 multa
1790 1229 2008 1281 interim

441 1334 593 1396 gesta
627 1325 756 1390 sint,
783 1325 850 1377 ab
879 1323 1032 1387 hora,
1069 1339 1176 1392 qua
1222 1323 1401 1376 crucis
1446 1321 1717 1374 sententia
1759 1335 1786 1372 a
1839 1317 2011 1371 Pilato

445 1417 662 1469 decreta
697 1413 917 1483 prodiit,
942 1414 1008 1468 ad
1034 1414 1223 1467 horam
1258 1427 1362 1480 qua
1399 1411 1660 1465 Dominus
1710 1411 1761 1462 in
1793 1425 2008 1463 crucem

444 1507 710 1562 ascendit.
748 1504 822 1559 Ea
871 1505 1140 1574 siquidem
1191 1503 1434 1556 .li-anues
1475 1502 1819 1570 conscripsit.
1877 1500 2009 1554 Nam

442 1605 567 1666 post
598 1596 878 1650 dimissum
920 1609 948 1648 a
977 1592 1149 1648 Pilato
1173 1592 1492 1654 Barabbam,
1523 1608 1586 1646 ac
1615 1591 1798 1647 Jesum
1826 1591 2010 1662 ﬂagel-

443 1685 1013 1754 latum,traditumque
1049 1694 1108 1739 ut
1128 1683 1560 1754 cruciﬁgeretur,
1591 1691 1737 1752 post,
1767 1683 2007 1751 inquam,

2115 501 2213 572 μέν
2262 501 2360 570 τὴν
2407 501 2557 569 ὥραν
2595 499 2692 568 τῆς
2743 496 3073 565 ἀποφάσεως
3133 495 3228 548 τοῦ
3279 491 3682 564 οταυροῦολκαὶ

2111 594 2530 665 τιμωρήσασθαι
2569 592 2754 645 ἔκτοτε
2798 591 2847 643 οἱ
2883 589 3141 642 δικασταὶ
3179 587 3452 656 λέγονται,
3493 589 3585 659 ἀφ’
3623 584 3684 640 οὗ

2113 687 2210 759 τὴν
2239 686 2514 754 ἀπόφασιν
2556 683 2921 750 ἐξενέγκωσιο
2963 679 3052 733 διὰ
3085 681 3146 732 τὸ
3184 679 3283 748 τὴν
3327 678 3561 750 δύναμιν
3585 679 3686 748 τῆς

2112 779 2382 849 τιμωρίας
2420 775 2632 830 καὶτοῦ
2663 775 2893 828 θανάτου
2930 776 2988 826 ἐν
3024 774 3145 835 ταῖς
3172 769 3444 839 γλώσσαις
3481 771 3686 838 κεκτῆ-

2115 867 2260 920 σθαι.
2291 869 2494 919 Τούτου
2539 866 2700 933 χάριν
2756 866 2784 916 6
2829 862 3058 933 Μάρκος
3087 860 3270 924 αὑτὸν,
3315 860 3504 930 τρίτην
3536 860 3686 931 ὥραν

2117 955 2500 1028 σταυρωθῆναι
2526 954 2694 1022 λέγει,
2721 953 2813 1022 ἀφ’
2849 949 2914 1024 ῆς
2968 953 3069 1021 τὴν
3102 951 3379 1019 ἀπόφασιν
3405 941 3685 1011 animo;

2116 1047 2432 1117 ἐξήνεγκεν.
2479 1047 2736 1115 Ἰωάννης
2773 1044 2852 1108 δὲ,
2883 1043 2955 1106 ὡς
3002 1043 3286 1114 εἰρηκότος
3320 1040 3412 1094 τοῦ
3455 1041 3685 1111 Μάρκου

2115 1140 2206 1192 τὸν
2237 1138 2428 1209 καιρὸν
2454 1137 2556 1206 τῆς
2580 1137 2932 1205 ἀποφάσεως,
2960 1135 3120 1197 αὐτὸς
3145 1137 3244 1199 τὴν
3269 1134 3435 1204 ὥραν,
3468 1135 3524 1185 ἐν
3610 1137 3688 1200 τῷ

2118 1231 2337 1302 σταυρῷ
2361 1231 2727 1300 προσήλωσαν
2770 1229 2860 1281 τὸν
2888 1227 3119 1298 Ἰησοῦν,
3162 1228 3390 1298 ἔφρασε.
3424 1227 3545 1297 Χρὴ
3579 1226 3691 1293 γὰρ

2119 1321 2416 1390 σκοπῆσαι,
2458 1323 2598 1374 πόσα
2649 1320 2850 1390 μεταξὺ
2881 1323 2977 1389 τῆς
3004 1318 3158 1390 παρά
3183 1320 3274 1371 τοῦ
3307 1318 3538 1371 Πιλάτου
3561 1319 3690 1386 περὶ

2115 1412 2210 1466 τοῦ
2249 1411 2482 1483 σταυροῦ
2502 1411 2874 1482 προελθούσης
2903 1410 3257 1478 ἀποφάσεως,
3290 1410 3384 1462 καὶ
3411 1409 3509 1478 τῆς
3541 1406 3689 1478 ὧρας

2116 1505 2303 1572 αὐτῆς,
2345 1505 2402 1555 ἐν
2443 1497 2584 1577 ᾖεὲς
2639 1501 2728 1554 τὸν
2776 1499 3009 1572 σταυρὸν
3045 1500 3304 1571 δΚύριος
3351 1500 3687 1569 ἀναὸἐῦηκε.

2118 1595 2453 1664 πέπρακται.
2491 1591 2678 1646 Ταῦτα
2723 1593 2833 1662 γάρ
2870 1593 2898 1644 6
2935 1590 3192 1659 Ἰωάννης
3223 1589 3488 1660 γέγραφε.
3535 1589 3691 1642 Μετὰ

2117 1687 2224 1756 γὰρ
2252 1686 2314 1738 τὸ
2336 1684 2605 1738 ἀπολῦσαι
2631 1684 2721 1738 τὸν
2741 1683 2970 1738 Πιλάτον
2997 1684 3088 1736 τὸν
3124 1681 3438 1752 Βαραὸϐὰν,
3477 1697 3688 1749 φραγε-

441 1777 554 1841 illa,
589 1775 780 1830 milites
804 1775 1082 1844 plectentes
1106 1791 1354 1828 coronam
1377 1775 1440 1827 de
1464 1775 1651 1838 spinis,
1680 1775 1726 1826 ei
1753 1773 2012 1843 imposue-

2121 1777 2286 1830 λῶσλι
2305 1777 2362 1830 δὲ
2394 1777 2483 1829 τὸν
2504 1775 2738 1847 Ἰησοῦν.
2762 1774 2857 1828 καὶ
2880 1772 3216 1844 παραδοῦναι
3255 1773 3342 1825 ἵνα
3375 1773 3686 1842 σταυρωθῇ,

443 1868 624 1930 ιἰιην,
646 1881 709 1920 ac
736 1865 838 1919 alia
877 1875 1100 1935 agentes
1121 1865 1168 1918 ci
1219 1864 1525 1918 illuserunt.
1552 1862 1818 1918 Praeterea
1853 1863 2014 1917 etiam

443 1956 649 2010 Pilatus
673 1970 795 2008 eum
826 1953 1011 2008 eduxit
1047 1952 1221 2022 spinis
1257 1958 1601 2009 coronatum,
1633 1965 1697 2003 ac
1746 1960 2016 2019 purpurea

445 2057 594 2104 veste
619 2047 894 2109 indutum,
945 2044 1209 2112 dixitque,
1259 2043 1389 2096 Ecce
1435 2042 1642 2096 homo‘.
1679 2040 1904 2100 Accedit
1959 2048 2019 2092 ut

444 2138 614 2195 Judaei
647 2136 1034 2193 clamaverint:
1058 2134 1334 2205 Cruciﬁge,
1364 2133 1607 2205 cruciﬁge
1629 2150 1747 2188 eum
1772 2132 1824 2199 ⁸;
1850 2144 2017 2202 utque

443 2247 568 2286 cum
593 2231 666 2285 illi
693 2227 1135 2299 respondissent:
1174 2225 1282 2279 Nos
1320 2225 1482 2296 legem
1528 2225 1844 2291 habemus‘,
1880 2234 2014 2290 etc.,

451 2325 651 2380 iterum
713 2322 997 2392 ingressus
1049 2318 1289 2382 Pilatus,
1338 2316 1469 2371 Jesu
1530 2331 1748 2371 causam
1815 2331 2014 2370 novum

446 2414 874 2478 examinaverit,
931 2413 1119 2466 iterata
1172 2426 1296 2464 eum
1361 2410 1675 2480 cognitione
1744 2409 2018 2466 dimittere

446 2506 658 2569 volens,
715 2519 780 2558 ac
825 2519 944 2572 qua:
990 2510 1297 2571 sequuntur
1343 2503 1623 2567 universa,
1683 2519 1855 2572 usque
1889 2504 2017 2558 dum

448 2597 502 2653 in
530 2596 869 2651 Lithostroto
906 2593 1102 2649 iterum
1129 2595 1275 2648 aliud
1311 2595 1377 2649 de
1409 2594 1529 2664 ipso
1561 2593 1688 2648 facit
1731 2595 2017 2664 judicium.

449 2687 595 2743 Satis
618 2687 801 2755 itaque
840 2685 929 2739 illa
951 2685 1131 2739 omnia
1164 2685 1476 2739 habuerunt
1521 2685 1846 2739 insumendo
1881 2695 2020 2739 tem-

447 2779 587 2849 pori,
612 2779 680 2832 ab
711 2779 846 2831 hora
870 2777 1030 2830 tertia
1056 2792 1225 2846 usque
1244 2777 1311 2831 ad
1334 2787 1538 2832 sextam
1560 2793 1578 2844 ;
1598 2793 1831 2847 cumque
1858 2777 2022 2832 Joan-

447 2885 548 2926 nes
561 2870 647 2924 illa
667 2869 998 2939 exposuerit,
1015 2878 1268 2938 tanquam
1288 2869 1378 2940 qui
1392 2870 1646 2924 onmibus
1662 2869 2016 2937 interfuisset,

449 2961 759 3018 necessario
781 2960 970 3016 debuit
995 2961 1308 3016 meminisse
1340 2971 1528 3027 sextae,
1555 2978 1659 3035 qua
1694 2962 1854 3016 etiam
1886 2961 2021 3015 Pila-

2119 1871 2256 1941 μετά
2301 1870 2495 1928 ταῦτα,
2541 1872 2605 1921 Οἱ
2635 1865 2986 1934 στρατιῶται
3016 1850 3350 1929 πλέξαντες
3383 1863 3691 1931 στέφανον

2114 1963 2182 2026 ἐξ
2209 1960 2506 2022 ἀκανθῶν,
2540 1960 2760 2012 ἔϐαλον
2794 1955 3095 2020 αὐτῷ.καὶ
3111 1955 3180 2008 τὰ
3201 1955 3365 2025 λοιπά
3398 1954 3693 2007 ἐπετέλουν

2116 2050 2472 2124 ἐμπαίζοντες
2493 2049 2661 2119 αὐτῷ.
2700 2050 2820 2101 Ἔτι
2873 2047 2929 2100 δὲ
2960 2047 3055 2099 καὶ
3081 2048 3109 2098 6
3129 2045 3358 2108 Πιλάτος
3395 2045 3691 2114 ἐξήνεγκεν

2116 2144 2279 2198 αὑτὸν
2321 2141 2769 2210 ἐστεφανωμένον
2798 2141 2919 2201 ταῖς
2945 2137 3231 2202 ἀκάνθαις,
3265 2138 3359 2190 καὶ
3386 2135 3445 2188 τδ
3476 2153 3688 2206 πορφυ-

2117 2233 2245 2306 ροῦν
2289 2230 2760 2302 περιϐεϐλημένον
2806 2231 3051 2299 ἱμάτιον,
3101 2229 3196 2280 καὶ
3241 2224 3436 2278 ηεῖπενυ
3481 2224 3632 2280 Ἰδοὺ
3659 2228 3692 2278 d

2115 2326 2449 2394 ἄνθρωπος.
2488 2323 2821 2388 Πρόσκειται
2856 2321 2948 2374 καὶ
2971 2321 3051 2374 ὅτι
3083 2319 3322 2388 ἐϐόησαν
3346 2320 3395 2370 οἱ
3425 2316 3692 2378 Ἰουδαῖοι,

2117 2417 2495 2482 Σταύρωσον,
2525 2413 2878 2481 σταύρωσον
2911 2411 3129 2466 αὐτόν’
3162 2409 3257 2462 καὶ
3286 2409 3367 2462 ὅτι
3402 2407 3512 2460 τῶν
3551 2408 3689 2460 Ἰου-

2115 2507 2282 2560 δαίων
2320 2502 2812 2575 ἀποκριναμένων,
2858 2500 3058 2571 Ἡμεῖς
3095 2501 3283 2570 νόμον
3321 2500 3559 2569 ἔχομεν,
3596 2498 3695 2551 καὶ

2115 2597 2183 2650 τὰ
2212 2597 2338 2666 ἑξῆς
2359 2613 2373 2627 ο
2408 2597 2569 2650 πάλιν
2599 2592 2858 2648 εἰσελθὼν
2891 2595 2918 2646 6
2946 2592 3201 2655 Πιλάτος,
3229 2592 3420 2661 ἑτέραν
3459 2591 3698 2643 ποιεῖται

2117 2689 2211 2742 τοῦ
2238 2686 2413 2758 Ἰησοῦ
2439 2687 2537 2758 τὴν
2560 2687 2868 2758 ἀνάκρισιν,
2896 2685 2988 2753 ἀφ’
3015 2678 3083 2756 ἦς
3113 2683 3272 2738 αὐτὸν
3300 2683 3394 2736 καὶ
3421 2679 3694 2734 ἀπολῦσαι

2118 2781 2390 2841 ἐϐούλετο,
2409 2779 2502 2832 καὶ
2519 2778 2587 2831 τὰ
2602 2776 2872 2832 ἀκόλουθα
2885 2776 2942 2830 δὲ
2959 2775 3154 2840 πάντα,
3178 2774 3281 2835 ἓως
3298 2769 3360 2827 οὗ
3399 2774 3456 2825 ἐν
3468 2773 3546 2842 τῷ
3560 2771 3697 2823 λιθο·

2122 2871 2343 2942 στρώτῳ
2369 2870 2532 2924 πάλιν
2568 2870 2768 2941 ἑτέραν
2793 2869 2920 2940 περὶ
2950 2867 3115 2921 αὑτοῦ
3133 2869 3364 2920 ποιεῖται
3381 2865 3694 2931 διάγνωσιν..

2121 2961 2306 3015 Ταῦτα
2337 2959 2429 3015 οὖν
2479 2962 2659 3016 πάντα
2717 2960 2877 3014 ἱκανά
2932 2956 3321 3028 ὑπῆρχε,τοῦ
3366 2955 3474 3008 ἀπὸ
3510 2956 3698 3022 τρίτης

449 3062 537 3110 tus
574 3053 822 3110 absolute
851 3053 1281 3124 cruciﬁgendum
1307 3054 1620 3110 tradidisset
1652 3070 1764 3109 non
1787 3055 2015 3124 amplius

2123 3049 2272 3125 ὧρας
2324 3054 2486 3124 μέχρι
2532 3053 2635 3124 τῆς
2664 3051 2832 3122 ἷκτης
2865 3049 3177 3120 δαπανῆσαι
3217 3047 3444 3116 χρόνον·
3484 3045 3630 3118 ἅπερ
3669 3047 3700 3097 6

449 3145 559 3214 iam
587 3143 754 3213 virgis
782 3143 998 3198 cedens
1021 3160 1034 3196 :
1061 3143 1169 3212 jam
1208 3145 1354 3198 enim
1378 3160 1550 3199 caesus
1582 3145 1776 3209 fuerat,
1804 3146 2020 3214 quando

451 3248 576 3287 eum
607 3232 814 3301 prolata
843 3233 1114 3286 sententia
1152 3233 1297 3288 cruci
1322 3235 1632 3299 addixerat;
1664 3251 1808 3289 nunc
1836 3247 2017 3290 autem

451 3323 568 3393 ipsa
595 3337 656 3376 re
693 3321 937 3392 ει·υοίὓεὶ
966 3323 1149 3392 jussit.
1178 3322 1544 3389 Quamobrem
1599 3328 1765 3380 etiam
1816 3327 2019 3380 nullius

453 3411 702 3466 meminit
722 3411 868 3480 quod
885 3411 1142 3482 deinceps
1171 3423 1380 3484 gestum
1412 3416 1516 3481 sit;
1544 3425 1774 3486 excepto
1806 3426 2018 3473 tantum

452 3511 515 3559 ut
536 3501 604 3558 ad
625 3516 840 3556 crucem
876 3501 1144 3557 abductus
1179 3505 1269 3558 sit.
1303 3503 1459 3570 Quod
1515 3507 1558 3560 si
1616 3508 1739 3576 quis
1793 3519 2020 3578 quaerat,

452 3610 562 3666 qua
602 3593 670 3649 de
704 3609 868 3649 causa
898 3608 1021 3647 cum
1066 3595 1233 3649 semel
1277 3598 1606 3652 sententiam
1659 3599 1890 3666 tulisset,
1922 3602 2023 3656 ite-

451 3701 574 3740 rum
607 3684 882 3740 dimittere
911 3685 1095 3749 vellet,
1150 3687 1571 3756 respondemus,
1604 3691 1842 3760 primum
1899 3693 2026 3763 qui-

452 3773 576 3829 dem
616 3773 762 3844 quod
808 3774 1156 3829 multitudine
1201 3775 1309 3829 vim
1368 3776 1638 3834 inierente
1698 3782 2025 3837 sententiam

452 3867 714 3934 dixisset;
739 3862 928 3939 postea
959 3883 1089 3923 vero
1122 3869 1310 3922 uxoris
1360 3881 1748 3939 compunctum
1783 3871 2019 3929 somnio.

455 3960 668 4030 Quippe
688 3960 1057 4026 nuntiaverat,
1087 3969 1152 4016 ut
1187 3961 1473 4018 Mat‘thzeus
1501 3963 1610 4018 ait:
1665 3961 1817 4017 Nihil
1843 3965 1938 4018 tibi
1972 3976 2022 4020 et

455 4053 652 4105 homini
681 4051 816 4117 illi',
848 4061 954 4108 etc.

2125 3148 2377 3218 Ἰωάννης
2404 3146 2720 3216 ἐκθέμενος,
2752 3148 2828 3206 ὡς
2868 3143 2963 3197 καὶ⁸
3007 3141 3220 3202 τούτοις
3254 3141 3420 3192 πᾶσιν
3451 3153 3699 3206 παρηκο-

2125 3237 2424 3309 λουθηκὼς,
2447 3235 2759 3302 ἀναγκαίως
2788 3234 2889 3303 τῆς
2920 3234 3085 3302 ἕκτης
3115 3230 3263 3301 ὧρας
3298 3229 3696 3298 ἐμνημόνευσε,

2240 3328 2334 3381 καὶ
2375 3327 2691 3398 παρέδωκεν
2729 3325 2892 3379 αὐτὸν
2937 3325 3123 3386 αὐτοῖς
3164 3321 3387 3384 τελείως
3417 3322 3504 3373 ἵνα
3538 3337 3700 3372 σταυι

2129 3421 2274 3490 ρωθῇ
2302 3436 2315 3449 ο
2379 3419 2563 3472 οὐκέτι
2611 3416 2911 3488 μαστίξας·
2956 3417 3055 3488 ῆδη
3101 3416 3209 3485 γὰρ
3245 3411 3312 3484 ῆν
3359 3413 3698 3483 μαστιχοεῖςν

2124 3513 2212 3566 ὅτε
2251 3511 2411 3564 αὑτὸν
2473 3513 2540 3580 τῇ
2587 3510 2862 3578 ἀποφάσει
2923 3507 3310 3579 σταυρωθῆναι
3373 3505 3700 3576 παρέδωκε.

2126 3603 2219 3658 νῦν
2257 3604 2313 3656 δέ
2369 3602 2515 3672 αὐτῷ
2562 3600 2641 3670 τῷ
2675 3601 2820 3672 ἔργῳ
2853 3599 3014 3653 τοῦτο
3059 3599 3312 3668 γενέσθαι
3367 3596 3697 3668 προσέταξε·

2127 3695 2318 3765 διόπερ
2359 3693 2574 3757 οὐδενος
2600 3691 2726 3762 ἐξῆς
2770 3691 2930 3746 ἄλλου
2957 3691 3351 3762 πεπραγμένου
3387 3690 3660 3759 μέμνηται
3684 3727 3700 3746 ,

2138 3787 2308 3857 μόνης
2349 3785 2407 3838 δέ
2441 3785 2542 3854 τῆς
2589 3783 2684 3836 ἐπὶ
2727 3783 2819 3836 τὸν
2859 3783 3093 3853 σταυρὸν
3113 3782 3439 3851 ἀπαγωγῆς.
3486 3782 3610 3834 Ἐάν
3645 3779 3702 3832 δέ

2125 3876 2257 3946 λέγῃ
2287 3893 2392 3940 τις,
2424 3875 2506 3928 ὅτι
2540 3873 2652 3926 Καὶ
2688 3873 2876 3927 ἕνεκεν
2903 3873 3049 3937 τίνος
3079 3873 3226 3940 ἅπαξ
3255 3872 3702 3942 ἀποφηνάμενος,

2127 3967 2289 4022 πάλιν
2333 3967 2497 4021 αὐτὸν
2531 3966 2804 4020 ἀπολῦσαι
2846 3964 3136 4031 ﬁctile-ro;
3175 3964 3395 4034 Πρῶτον
3427 3964 3528 4032 μὲν
3549 4001 3564 4024 ,
3597 3961 3705 4014 ὑπὸ

2129 4059 2224 4114 τοῦ
2256 4059 2493 4128 πλήθους
2537 4057 2782 4130 βιασθεὶς
2829 4056 2986 4110 ἔθετο
3014 4055 3113 4127 τὴν
3160 4057 3432 4124 ἀπόφασιν
3457 4070 3470 4084 ·
3512 4054 3704 4106 ἔπειτα

455 4145 550 4198 καὶ
578 4143 656 4214 τῷ
683 4142 876 4214 ὀνείρῳ
900 4143 998 4214 τῆς
1023 4143 1280 4210 γυναικὸς
1308 4143 1558 4198 ἐνύττετο
1579 4161 1592 4175 ·
1623 4138 1690 4216 ἦν
1721 4146 1830 4217 γάρ
1858 4148 2031 4222 αὐτῷ,
2070 4151 2146 4216 ὦς
2204 4167 2370 4222 φησιν
2395 4152 2422 4203 6
2452 4149 2753 4216 Ματθαῖος,
2789 4147 3074 4219 μηνύσασα
3095 4163 3110 4176 ’
3139 4146 3344 4214 Μηδὲν
3371 4147 3470 4199 σοι
3507 4145 3602 4198 καί
3623 4141 3702 4209 τῷ

456 4235 743 4306 ἀνθρώπῳ
773 4237 980 4308 τούτῳ,
999 4237 1095 4290 καὶ
1122 4237 1190 4289 τὰ
1219 4236 1368 4306 ἑξῆς.

462 4510 762 4585 [lege/iii"
786 4513 1070 4585 presbyteri
1102 4510 1600 4585 Hierosolgmitani
1655 4514 1910 4585 theologi,
1963 4514 2028 4568 de

532 4582 926 4654 Βρεμι-νοούσης
963 4582 1170 4635 Domini
1205 4583 1368 4636 nostri
1393 4583 1518 4654 Jgsu
1541 4583 1766 4654 Christi:
1788 4582 2027 4654 quodque

531 4651 676 4722 nullo
709 4652 862 4704 modo
895 4653 1033 4722 inter
1056 4668 1111 4705 se
1133 4654 1384 4705 contrarii
1407 4652 1780 4722 Evangelistw,
1799 4651 2026 4707 diversis

531 4719 700 4792 modis
732 4721 997 4792 memoria;
1017 4722 1342 4792 prodiderint
1364 4738 1426 4776 ea
1471 4719 1588 4792 qua}
1613 4724 1916 4778 acciderunt
1967 4724 2030 4775 in

535 4784 929 4842 Raurrectione
958 4784 1343 4846 Emmanueh's.

531 4979 852 5051 Quanquam
878 4995 1070 5038 omnes
1093 4981 1312 5053 quidem
1341 4985 1762 5056 propemodum,
1821 4986 2030 5055 dilecti,

463 5082 571 5130 etc.

2869 4380 2933 4436 Γ.

2146 4511 2436 4581 Ἦσυχίου
2457 4509 2864 4581 πρεσβυτέρου
2896 4509 3329 4581 Ἰεροσολύμων
3351 4503 3456 4581 τοῦ
3496 4507 3703 4581 θεολρο

2206 4570 2336 4648 γούξ
2384 4570 2515 4646 περὶ
2561 4579 2671 4648 τῆς
2703 4570 3095 4641 ἀναστάοῖεως
3136 4570 3242 4648 τοῦ
3275 4577 3497 4648 Κυρίου
3535 4570 3704 4642 ἡμῶν

2130 4667 2136 4674 ·
2207 4645 2404 4717 Ἰησοῦ
2432 4645 2718 4717 Χριστοῦ·
2753 4651 2849 4701 καὶ
2893 4648 2982 4701 ὄτι
3019 4646 3169 4717 κατὰ
3207 4645 3704 4717 μηδὲνένανταυ-

2207 4713 2413 4784 θέντες
2453 4713 2505 4773 δι
2549 4719 2996 4786 εὐαγγελισται,
3037 4713 3332 4784 διαφόρως
3359 4713 3441 4786 τὰΔ
3481 4715 3705 4786 σομεεμο

2210 4782 2432 4856 σηκότα
2474 4788 2548 4856 τῇ
2589 4782 2922 4842 ἀναστάσει
2978 4785 3084 4840 τοῦ
3114 4782 3500 4854 Ἐμμανουήλ
3543 4783 3706 4836 ἱστό-

2201 4875 2428 4926 ρησαν.

2212 4990 2421 5054 Πάντες
2473 4990 2592 5060 μὲν,
2641 4989 2937 5060 ἀγαπητοὶ,
2985 4987 3061 5052 ὡς
3098 4986 3297 5052 εἰπεῖν,
3326 4983 3705 5055 ἀποδέχονται,

2140 5100 2196 5138 κ.
2232 5099 2286 5137 τ.
2311 5083 2365 5136 λ.

535 5251 555 5284 ¹
577 5249 738 5307 Joan.
763 5266 872 5318 nx,
902 5250 959 5305 2.
1033 5249 1056 5282 ⁸
1077 5249 1234 5317 ibid.,
1258 5250 1311 5306 5.
1386 5252 1582 5322 'ibid.,
1605 5253 1660 5310 6.
1735 5252 1759 5287 δ
1789 5253 1944 5322 tbid.,
1977 5255 2030 5308 7.
2102 5257 2123 5286 ⁸
2155 5249 2346 5311 Matth.
2374 5270 2541 5319 xxv",
2565 5255 2653 5311 l9.

1939 5411 2174 5468 ΝΟΤΑΕ.

535 5543 560 5619 ‘_'
589 5540 787 5619 Putant
813 5542 1057 5619 nonnulli
1087 5544 1231 5619 hunc
1256 5544 1584 5619 Hesychium
1619 5562 1740 5601 esse
1779 5546 2030 5602 eumdem

464 5612 558 5684 qui
587 5612 804 5681 scripsit
828 5616 1226 5669 Commentaria
1256 5617 1308 5668 in
1333 5612 1655 5682 licviticum,
1713 5632 1874 5688 quem
1917 5619 2034 5688 epi-

2141 5564 2368 5622 scopum
2402 5547 2953 5622 Hierosolymitanum
2989 5550 3475 5622 appellatStrabus
3522 5566 3710 5605 mona-

2141 5621 2298 5686 chus,
2352 5621 2673 5690 prmfatione
2710 5621 2916 5678 Glossae
2935 5621 3227 5678 ordinariae
3283 5624 3338 5676 in
3383 5621 3709 5687 Leviticum;
