3968 6220
302 351 434 419 1935

1695 353 2122 418 SEllMONES.

3406 361 3545 428 1466

283 462 623 533 ἄμὰραντοι,
653 462 760 532 ἄρα
795 463 827 532 ὴ
854 461 1127 534 Παρθενίας
1160 462 1473 535 ἀφθαρσίας
1507 462 1704 531 φυτὸν,
1738 465 1868 516 ἀθα-

1976 469 2313 538 prospicieus
2342 487 2520 542 nuper
2581 472 2915 528 acclamabat
2955 473 3143 528 dicens
3180 491 3193 527 :
3234 473 3365 528 Ecce
3396 480 3542 549 virgo

288 554 476 617 νασίας
508 553 853 624 παράδεισος.
885 552 978 615 Εἰς
1022 554 1086 625 ἣν
1118 553 1345 616 Ἡσαΐας
1374 553 1545 607 ταῦτα
1587 553 1726 609 θεῶν
1762 557 1861 626 ἁρ-

290 645 419 707 τίως
466 642 892 715 προανειρώνησε
934 642 1139 711 λέγων’
1167 642 1347 708 Ἰδοὺ,
1385 645 1424 712 ἡ
1461 645 1761 713 ΙΙαρθένος
1791 646 1864 700 ἐν

292 736 503 804 γαστρί
528 735 804 803 λήψεται,
845 734 941 786 καὶ
969 733 1198 798 τέξεται
1226 736 1383 797 υἱὸν,
1405 737 1500 789 καὶ
1525 736 1863 791 καλέσουσι

290 826 357 880 τὸ
407 826 594 894 ὄνομα
637 823 825 878 αὐτοῦ
855 824 1259 894 Ἐμμανουήλ.
1291 824 1425 878 Ἰδοὺ
1481 827 1515 896 ἡ
1566 826 1860 896 Παρθένοςο

294 918 455 982 mia;
502 916 569 969 'H
612 915 718 969 τῶν
764 915 1038 984 γυναικῶν
1072 914 1346 987 ἔγκριτος,
1381 918 1415 986 ἡ
1446 915 1552 968 τῶν
1584 915 1864 987 παρθένων

293 980 591 1076 ἐξαίρετος,
621 1004 680 1057 τὸ
718 980 912 1073 σεμνὸν
957 1003 1057 1073 τῆς
1100 980 1373 1074 ἡμετέρας
1402 980 1623 1071 Ἶφύσεως
1663 980 1860 1072 ἐγκαλ-

284 1095 571 1167 ιλὼπισμα,
602 1097 661 1149 τὸ
708 1092 802 1148 τοῦ
849 1095 1020 1166 πηλοῦ
1071 1096 1341 1167 ἡμετέρου
1395 1096 1674 1167 καύχημα,
1705 1098 1738 1167 ἡ
1765 1096 1865 1167 τῆς

295 1188 555 1260 αἰσχύνης
602 1187 702 1258 τὴν
755 1186 898 1240 Εὕαν
925 1229 942 1253 ,
986 1186 1079 1239 καὶ
1129 1186 1230 1255 τῆς
1276 1187 1510 1258 ἀπειλῆς
1560 1187 1650 1241 τὸν
1690 1188 1864 1257 Ἀδὰμ

294 1278 670 1345 ἀπαλλάξασα,
698 1280 731 1350 ἡ
761 1279 857 1348 τὴν
892 1279 1202 1350 παρρησίαν
1229 1278 1583 1349 ἀποτεμοῦσα
1610 1279 1701 1333 τοῦ
1731 1278 1861 1350 δρά-

295 1390 479 1435 κοντος
498 1387 511 1403 ·
543 1366 611 1447 ἧς
647 1371 851 1433 καπνὸς
885 1370 1180 1439 ἐπιθυμίας
1208 1370 1304 1440 οὐχ
1332 1369 1539 1439 ἥψατο,
1567 1371 1688 1425 οὐδὲ
1717 1370 1863 1425 σκώ-

293 1465 391 1534 ληξ
434 1464 602 1535 αὐτὴν
646 1462 982 1533 ἡδυπαθείας
1029 1461 1282 1532 ἔϐλαψεν.
1308 1461 1464 1519 ἰδοὺ
1493 1464 1529 1531 ἡ
1562 1462 1862 1531 Παρθένος

292 1559 361 1613 ἐν
395 1563 605 1625 γαστρὶ
633 1555 919 1624 λήψεται·
951 1554 1134 1612 πόθεν.
1170 1550 1215 1609 ὦ
1259 1556 1548 1628 προφῆτας
1576 1555 1651 1607 Οὐ
1698 1552 1861 1622 λέγω,

295 1649 446 1719 φησί.
483 1649 653 1703 Τοῦτο
700 1649 808 1720 γὰρ
861 1647 939 1720 τῷ
986 1648 1228 1719 Γαϐριὴλ
1274 1647 1642 1717 πεφύλακται.
1676 1646 1865 1700 Πολλοὶ

292 1740 389 1809 τῆς
416 1738 678 1793 Θεοτὸκου
708 1739 1041 1809 διαιροῦνται
1061 1739 1130 1793 τᾶ
1154 1738 1429 1810 θαύματα,
1448 1738 1617 1793 πολλά
1638 1738 1692 1792 δέ
1715 1739 1866 1810 ὅμως

1971 559 2025 611 in
2053 570 2199 613 utero
2228 565 2503 633 conripict,
2528 574 2576 618 et
2605 564 2981 634 pariet/ilium,
3010 576 3058 618 et
3084 566 3338 619 uocabunt
3357 584 3542 623 nomen

1969 650 2084 720 ejus
2103 647 2421 707 Emmanuel
2443 654 2506 710 “.
2541 654 2680 710 Ecce
2702 654 2874 725 virgo,
2910 656 3198 724 qurenam?
3255 655 3541 712 Mulierum

1969 741 2201 811 egregia,
2235 758 2265 795 e
2289 742 2587 811 virginibus
2622 745 2814 807 electa,
2848 744 3165 815 praeclarum
3207 756 3413 801 natura:
3438 762 3542 801 no-

1973 840 2068 887 trre
2098 843 2507 900 ornamentum,
2536 836 2707 906 gloria
2744 837 2837 890 luti
2874 838 3068 899 nostri,
3097 853 3215 901 qua:
3240 838 3404 892 Evam
3431 854 3537 908 pu-

1969 921 2121 985 dore,
2148 931 2203 976 et
2228 921 2492 976 Adamum
2523 923 2945 977 comminatione
2973 924 3238 988 liberavit,
3258 925 3540 983 audaciam

1971 1014 2221 1069 draconis
2272 1013 2504 1070 abscidit
2560 1031 2573 1067 :
2622 1030 2783 1085 quam
2838 1016 3300 1084 concupiscentiae
3356 1017 3542 1072 fumus

1971 1121 2077 1159 non
2107 1105 2302 1176 attigit,
2339 1094 2516 1175 neque
2544 1105 2744 1160 vermis
2766 1106 3057 1174 voluptatis
3086 1122 3203 1160 eam
3237 1107 3387 1162 lmsit.
3409 1107 3542 1162 Ecce

1972 1199 2112 1269 virgo
2135 1200 2188 1252 in
2211 1209 2358 1252 utero
2375 1200 2645 1264 concipiet,
2677 1199 2971 1261 undenam,
2995 1214 3028 1251 ο
3068 1199 3373 1267 propheta?
3422 1198 3539 1252 Non

1970 1289 2115 1351 diro,
2150 1290 2241 1344 ait.
2277 1288 2390 1344 Hoc
2417 1290 2563 1344 enim
2601 1301 2938 1344 reservatum
2990 1299 3074 1344 est
3100 1288 3363 1344 Gabrieli.
3405 1290 3540 1345 Per-

1971 1383 2123 1437 multi
2159 1383 2409 1437 distincte
2437 1382 2720 1437 declarare
2750 1382 3003 1435 nituntur
3034 1378 3294 1432 miracula
3359 1378 3537 1449 Virgi-

1970 1475 2075 1535 nis,
2113 1474 2366 1544 pleraque
2392 1484 2571 1528 tamen
2597 1489 2784 1526 eorum
2844 1472 3210 1539 praetermissa
3235 1481 3381 1525 sunt.
3424 1471 3514 1526 Ca:
3573 1485 3581 1492 ·

1972 1574 2150 1622 terum
2175 1582 2276 1632 ego
2306 1567 2372 1621 de
2408 1575 2564 1635 partu
2596 1580 2811 1633 semper
2836 1562 3095 1633 Virginis,
3154 1562 3316 1616 ﬁdem
3365 1561 3539 1617 facio:

1970 1659 2244 1723 Miclizras,
2296 1658 2366 1712 de
2424 1657 2643 1727 regione
2673 1665 2729 1709 et
2779 1655 2898 1709 loco
2956 1655 3011 1708 in
3060 1669 3170 1724 quo
3216 1653 3539 1731 miraculum

1974 1757 2251 1819 peractum
2303 1758 2387 1803 est
2450 1764 2463 1800 :
2521 1746 2708 1809 David,
2772 1747 2839 1801 de
2890 1731 3155 1814 tempore.
3211 1745 3336 1814 Ipse
3392 1745 3540 1801 enim

294 1831 386 1883 καὶ
418 1830 478 1894 ἐξ
509 1830 686 1883 αὐτῶν
721 1830 1193 1903 παραλέλειπται·
1242 1828 1382 1900 πλὴν
1426 1829 1537 1898 ἐγὼ
1578 1829 1668 1884 τὸν
1709 1830 1867 1884 τόκον

1976 1817 2278 1909 l’rOpbetiae
2347 1838 2685 1893 Psalmorum
2734 1835 2966 1890 inseruit
3025 1833 3170 1889 istud
3206 1851 3219 1887 :
3252 1834 3335 1888 Ea:
3392 1845 3542 1888 utero

292 1925 391 1990 τῆς
414 1921 803 1993 Ἀειπαρθένου
835 1924 1204 1992 πεπίστευμαι
1226 1938 1241 1953 ⁶
1280 1920 1542 1992 Μιχαίας,
1560 1923 1652 1975 τὸν
1690 1922 1865 1994 χῶρον

292 2016 350 2066 ἐν
376 2006 494 2082 (In?)
520 2012 706 2082 θαῦμα
740 2015 1057 2087 πέπρακται
1074 2030 1089 2044 ⁸
1124 2012 1310 2077 Δαϐὶδ,
1336 2014 1428 2066 τὸν
1458 2013 1669 2085 καιρόν.
1694 2014 1866 2078 Αὐτὸς

293 2105 400 2177 γὰρ
430 2105 511 2170 τὸ,
539 2106 641 2160 Ἐκ
672 2109 932 2175 γαστρὸς
957 2105 1071 2173 πρὸ
1101 2105 1412 2174 ἑωσφόρον
1434 2102 1733 2174 ἐγέννησά
1768 2120 1864 2168 σε,

292 2200 359 2269 τῇ
389 2197 496 2252 τῶν
526 2198 773 2268 Ψαλμῶν
803 2198 1115 2269 προφητείᾳ
1142 2196 1391 2268 ἐνέθηκε.
1422 2196 1663 2268 Γαϐριὴλ
1686 2196 1867 2250 τοίνυν

295 2291 412 2360 ἐρεῖ
434 2289 511 2351 τὸ,
549 2288 734 2344 πόθεν.
759 2290 1003 2352 Ἐκεῖνος
1020 2289 1128 2358 γὰρ
1154 2286 1215 2353 ἐξ
1240 2287 1471 2358 οὐρανοῦ
1503 2288 1830 2360 κατέρχεται
1849 2303 1863 2316 ·

293 2382 498 2444 ἐκεῖνος
528 2381 615 2434 ἐπ’
637 2380 770 2434 αὐτὸ
807 2380 964 2435 τοῦτο
989 2383 1082 2434 ἐπὶ
1110 2382 1209 2451 τὴν
1240 2381 1513 2453 Παρθένον
1544 2380 1827 2452 πέμπεται
1848 2397 1863 2412 υ

293 2473 499 2536 ἐκεῖνος
524 2474 582 2525 ἐν
614 2473 791 2543 καιρῷ
817 2473 909 2527 τοῦ
940 2474 1100 2527 τόκου
1131 2474 1517 2542 παραγίνεται,
1549 2471 1757 2527 καὶτοῦ
1783 2474 1868 2527 τό-

292 2580 390 2619 κου
420 2564 519 2633 τὴν
544 2564 840 2619 ὑπόστασιν
888 2560 1201 2633 ἀναγκαίως
1249 2567 1585 2637 ἑρμηνεῦσαι
1614 2566 1866 2621 πιστεύε-

222 2714 223 2717 η
292 2673 402 2710 ται.
435 2655 496 2711 El
530 2655 588 2710 δέ
623 2655 715 2709 καὶ
756 2656 887 2731 παρ’
911 2656 1046 2725 ἐμοῦ
1077 2656 1368 2727 μανθάνειν
1397 2657 1593 2721 θέλεις,
1627 2658 1696 2712 τὰ
1738 2658 1868 2726 ἑξῆς

292 2746 394 2816 τῆς
420 2746 758 2820 προφητείας
784 2747 979 2801 ἔπελθε
1002 2764 1018 2782 ο
1043 2748 1152 2803 Καὶ
1186 2747 1416 2814 τέξεται
1448 2752 1604 2813 utor,
1635 2749 1733 2804 καὶ
1761 2765 1868 2804 κα-

292 2836 547 2895 λόσουσι
570 2839 638 2891 τὸ
694 2837 879 2906 ὄνομα
898 2838 1086 2892 αὐτοῦ
1119 2839 1517 2908 Ἐμμανουήλ.
1555 2839 1619 2893 Τί
1640 2841 1697 2895 δέ
1721 2843 1868 2896 ἐστιν

289 2925 681 2996 .Ἑμμανουήλ;
705 2928 1025 2997 Μεθ’ἠμῶν
1043 2933 1078 2984 ὁ
1094 2929 1261 2995 Catio.
1286 2931 1377 3000 Μὴ
1402 2932 1579 2984 τοίνυν
1602 2930 1735 2995 Θεὸς
1759 2932 1867 2986 ἀπὸ

295 3019 478 3089 γάμου
500 3020 598 3073 καὶ
624 3019 828 3092 φθορᾶς
857 3021 1318 3090 συλλαμϐάνεται,
1349 3023 1441 3075 καὶ
1471 3022 1530 3087 ἐξ
1563 3024 1752 3093 ἀνδρὸς
1777 3024 1869 3077 καὶ

296 3111 480 3180 κοίτης
508 3110 766 3181 τεχθῆναι
815 3111 850 3184 ἢ
899 3112 1249 3182 σαρκωθῆναι
1291 3113 1549 3179 δύναται;
1579 3115 1867 3185 Οὐδαμῶς,

295 3200 491 3268 ἀλλ’ἐξ
519 3201 801 3274 ἐνεργείας
845 3202 1003 3267 Θεοῦ,
1035 3204 1098 3268 ἐξ
1141 3205 1548 3273 ἐπιφυτεὺσεως
1592 3205 1868 3275 Ὑψίστου,

296 3297 363 3348 ἐκ
393 3294 698 3365 παρουσίας
730 3295 1071 3365 Πνεύματος.
1103 3296 1167 3347 Τί
1207 3295 1315 3366 γὰρ
1345 3292 1436 3349 οὖν
1466 3296 1631 3365 ἡνίκα
1662 3298 1696 3366 ἡ
1724 3298 1874 3367 Hap-

189 3466 193 3470 _
298 3384 451 3449 θένος
473 3388 609 3456 πρὸς
627 3386 720 3440 τὸν
743 3386 986 3459 Γαϐριὴλ
1008 3387 1161 3455 ἔλεγε
1178 3404 1191 3418 ο
1215 3386 1347 3452 Πῶς
1364 3388 1535 3441 ἔσται
1549 3404 1652 3456 μοι
1673 3387 1869 3451 τοῦτο,

298 3479 428 3536 ἐπεὶ
459 3479 648 3550 ἄνδρα
668 3483 741 3536 οὐ
760 3480 1029 3551 γινώσκω
1046 3496 1065 3545 ;
1083 3479 1229 3532 τοῦτ’
1252 3479 1421 3542 ἐστιν,
1453 3480 1780 3548 Ἐκπλήττει
1805 3497 1872 3549 με

296 3570 361 3623 τὸ
389 3568 596 3641 θαῦμα,
624 3572 994 3639 καταπλήττει
1045 3586 1113 3638 με
1149 3569 1212 3621 τὸ
1241 3569 1413 3638 ῥῆμα,
1448 3569 1542 3622 καὶ
1581 3573 1610 3621 ὁ
1646 3568 1741 3622 τοῦ
1772 3570 1873 3638 ἀγ-

299 3661 461 3729 γέλου
490 3661 874 3732 χρηματισμὸς
909 3660 1006 3729 τὴν
1037 3658 1317 3728 Παρθένον
1351 3659 1595 3729 ἐξίστησι
1615 3698 1631 3723 ,
1665 3660 1875 3727 θαυμα-

302 3752 405 3806 στὰ
431 3752 630 3819 λέγεις,
662 3752 786 3819 ἐμοὶ
811 3750 868 3804 δέ
894 3749 984 3803 διὰ
1006 3749 1066 3802 τὸ
1094 3748 1243 3813 ξένον
1269 3749 1505 3823 ὖποπτα.
1535 3750 1762 3807 Δέδοικα
1781 3751 1874 3804 τοῦ

301 3843 701 3915 εὐαγγελισμοῦ
743 3844 805 3898 τὸ
854 3842 1059 3907 καινὸν,
1088 3841 1427 3912 θορυϐοὖμαι
1469 3842 1604 3907 πρὸς
1653 3841 1714 3893 τὸ
1757 3840 1876 3893 λίαν

301 3936 410 3990 τῶν
435 3935 744 4006 λεγομένων
776 3932 968 4003 ἄηθες.
1013 3930 1148 3998 Πῶς
1190 3933 1358 3987 ἔσται
1384 3948 1488 4001 μοι
1521 3932 1719 3994 τοῦτο,
1746 3932 1875 3986 ἐπεὶ

301 4028 497 4097 ἀνδρα
539 4029 612 4081 οὐ
651 4024 960 4096 qur-(hamo;
1004 4023 1123 4087 πῶς
1157 4022 1354 4093 (caput
1388 4023 1596 4092 μήτηρ,
1629 4021 1704 4094 μὴ
1726 4039 1879 4091 γινο-

306 4120 442 4190 μένη
471 4118 700 4190 νύμφης
737 4117 837 4172 οὐκ
881 4115 1094 4187 ἐφθάρη
1135 4115 1197 4168 τὸ
1240 4114 1341 4183 τῆς
1378 4113 1528 4185 ὥρας
1572 4112 1754 4177 ἄνθος,
1788 4114 1878 4167 τὸν

301 4214 561 4283 ζωστῆρα
593 4210 695 4281 τῆς
739 4209 1040 4282 παρθενίας
1080 4208 1182 4262 οὐκ
1214 4206 1405 4269 ἔλυσα,
1438 4205 1528 4260 τὸν
1555 4207 1754 4277 δεσμὸν
1780 4207 1879 4278 τῆς

304 4306 519 4377 μήτρας
544 4304 646 4357 οὐκ
673 4302 977 4372 ἐχαύνωσα,
996 4299 1097 4370 τὴν
1129 4297 1400 4368 σφραγῖδα
1431 4298 1532 4366 τῆς
1560 4297 1794 4368 γαστρὸς
1816 4297 1878 4350 οὐ

301 4397 607 4466 παρέλυσα.
650 4394 710 4447 ’0
763 4394 821 4448 δὲ
885 4392 1118 4461 ἄγγελος
1178 4388 1528 4460 παραχρῆμα
1598 4388 1875 4458 ἐπήγαγε·

1973 1940 2097 1985 ante
2145 1929 2421 2000 luciferum
2452 1930 2608 1998 qenni
2654 1938 2702 1981 te
2730 1928 2795 1980 ³⁵⁵.
2828 1926 3046 1981 Gabriel
3080 1926 3243 1997 igitur
3294 1927 3541 1981 dicturus

1971 2031 2055 2076 est
2110 2022 2274 2076 unde.
2328 2020 2423 2075 Ille
2484 2022 2629 2074 enim
2680 2019 2746 2073 de
2815 2018 2953 2073 coelo
2995 2018 3298 2080 descendit,
3340 2018 3432 2072 ille
3474 2018 3543 2073 ad

1975 2117 2078 2168 hoc
2140 2113 2321 2183 ipsum
2390 2112 2627 2167 mittitur
2675 2109 2742 2164 ad
2799 2107 3101 2181 Virginem,
3162 2109 3250 2164 ille
3298 2117 3545 2176 tempore

1977 2214 2166 2275 partus
2237 2204 2422 2268 adest,
2478 2212 2533 2256 et
2594 2202 2957 2258 substantiam
3051 2210 3241 2270 partus
3301 2200 3545 2254 creditur

1974 2295 2301 2350 necessario.
2341 2294 2668 2349 declarasse.
2718 2290 2812 2345 Siu
2895 2290 3051 2359 cupis
3104 2300 3160 2343 et
3211 2306 3241 2344 a
3327 2305 3413 2343 me
3462 2288 3542 2342 di-

1973 2402 2150 2453 scere,
2181 2402 2302 2456 qua:
2337 2394 2645 2456 sequuntur
2697 2383 2750 2436 in
2803 2383 3068 2453 propheta
3092 2396 3350 2451 percurre
3404 2399 3418 2433 :
3476 2379 3543 2433 Et

1974 2480 2143 2549 pariet
2191 2477 2383 2547 ﬁlium,
2457 2484 2507 2530 et
2553 2476 2807 2529 vocabunt
2859 2489 3044 2526 nomen
3070 2469 3541 2542 ejusEmmauueL

1973 2570 2112 2636 Quid
2140 2585 2303 2641 porro
2329 2578 2415 2623 est
2448 2567 2807 2622 Emmanuel?
2857 2564 3143 2619 Nobiscum
3179 2563 3340 2617 Deus.
3390 2562 3545 2616 Nun-

1972 2664 2103 2734 quid
2129 2679 2257 2734 ergo
2290 2662 2432 2716 Deus
2460 2677 2527 2716 ex
2560 2659 2768 2729 nuptiis
2812 2670 2867 2714 et
2894 2657 3252 2725 corruptione
3291 2652 3541 2724 concipi—

1976 2765 2084 2818 tur,
2105 2765 2159 2809 et
2183 2771 2249 2809 ex
2285 2754 2400 2809 viro
2429 2762 2593 2821 atque
2622 2750 2924 2807 concubitu
2947 2749 3128 2805 editus
3164 2757 3259 2802 aut
3285 2746 3544 2802 incarna—

1977 2854 2062 2901 tus
2095 2860 2215 2900 esse
2240 2843 2452 2914 potest?
2470 2842 2840 2911 Nequaquam,
2875 2840 2970 2896 sed
2998 2838 3318 2910 operatione
3336 2836 3544 2901 divina,
3634 2836 3642 2843 ’

1974 2936 2334 2992 semiuatione
2385 2949 2645 3003 superna,
2674 2941 2731 2987 et
2755 2933 2991 2986 adventu
3038 2931 3272 3001 Spiritus
3345 2931 3543 2983 sancti.

1975 3026 2339 3095 Quamobrem
2363 3040 2487 3080 cum
2521 3021 2685 3094 Virgo
2711 3021 2948 3075 Cabrieli
2997 3021 3207 3075 diceret
3236 3037 3249 3073 :
3279 3017 3546 3084 Quomodo

1975 3119 2064 3189 ﬁet
2081 3118 2219 3172 istud
2258 3116 2401 3186 apud
2428 3113 2687 3193 meaquia
2714 3113 2883 3165 virum
2907 3128 3009 3165 non
3050 3126 3296 3181 cognosco
3320 3111 3397 3163 "'2
3424 3126 3547 3181 per-

1974 3211 2121 3265 cellit
2145 3224 2270 3264 me;
2302 3208 2624 3267 miraculum
2664 3206 2808 3276 quod
2849 3206 3056 3267 dixisti,
3110 3221 3198 3261 me
3234 3213 3543 3274 perterret:

1972 3308 2028 3352 et
2053 3296 2332 3352 oraculum
2364 3296 2540 3366 angeli
2569 3293 2847 3365 Virginem
2882 3293 3273 3363 obstupefacit,
3300 3293 3546 3348 miranda

1974 3390 2372 3459 dicis,ideoque
2396 3387 2527 3443 mihi
2550 3386 2734 3449 dubia,
2762 3384 2887 3456 quia
2911 3386 3221 3456 peregrina,
3247 3385 3549 3440 extimesco

1977 3481 2153 3535 nuntii
2188 3479 2347 3534 fausti
2372 3478 2668 3533 novitatem
2705 3493 2718 3529 :
2756 3476 3046 3547 perturbor
3078 3476 3148 3530 ob
3185 3491 3247 3530 ca
3288 3490 3409 3545 qua:
3462 3474 3548 3529 di-

1974 3582 2170 3628 cuntur
2200 3588 2230 3626 a
2266 3582 2317 3627 te
2339 3574 2634 3631 admodum
2659 3576 2898 3633 insolita.
2970 3576 3242 3640 Quomodo
3299 3574 3427 3626 mihi
3461 3571 3550 3641 ﬁet

1976 3664 2135 3727 istud,
2207 3665 2331 3733 quia
2351 3666 2523 3718 virum
2567 3683 2668 3721 non
2693 3668 2978 3737 cognosco?
3024 3682 3128 3735 qua
3162 3664 3376 3718 ratione
3423 3663 3546 3717 (iam

1978 3759 2170 3815 mater,
2194 3767 2313 3820 qum
2336 3768 2444 3806 non
2479 3753 2554 3807 fui
2583 3756 2819 3824 sponsa?
2849 3755 2948 3810 llos
2973 3750 3149 3808 aetatis
3166 3753 3400 3824 vigentis
3438 3768 3550 3808 non

1976 3852 2062 3896 est
2096 3851 2435 3911 corruptus:
2496 3843 2774 3913 cingulum
2824 3843 3151 3915 virginitatis
3195 3858 3306 3897 non
3355 3841 3494 3897 solvi
3531 3860 3547 3898 :

1977 3932 2191 3986 vincula
2275 3933 2445 3987 vulvae
2496 3949 2603 3988 non
2652 3934 2823 3989 laxavi
2880 3954 2893 3990 :
2940 3934 3080 3989 uteri
3142 3949 3252 3989 non
3327 3932 3551 3991 dissolvi

1979 4023 2235 4095 sigillum.
2276 4024 2515 4095 Angelus
2571 4025 2861 4091 confestim
2913 4026 3197 4094 subiunxit
3239 4043 3253 4079 :
3317 4023 3551 4095 Spiritus

1977 4127 2187 4169 sanctus
2207 4117 2528 4184 superveniet
2580 4118 2634 4171 in
2691 4128 2760 4185 te,
2804 4129 2853 4174 et
2890 4120 3054 4175 virtus
3083 4118 3337 4172 Altissimi
3367 4118 3551 4172 obum-

1979 4206 2365 4276 brabittibi";
2414 4210 2516 4264 boc
2537 4219 2645 4277 est,
2684 4211 2729 4266 si
2788 4226 3148 4283 c0gnosceres
3181 4210 3382 4275 virum,
3439 4223 3550 4263 non

1978 4315 2199 4370 pareres
2227 4297 2419 4367 Deum,
2444 4300 2529 4356 cui
2567 4301 2741 4355 visum
2761 4310 2842 4357 est
2874 4318 2940 4357 ex
2967 4311 3038 4366 te,
3099 4309 3320 4372 propter
3343 4308 3395 4354 te
3416 4299 3548 4355 citra

1979 4390 2408 4459 corruptionem,
2455 4392 2593 4446 scrvi
2647 4392 2875 4446 formam
2931 4408 3147 4447 sumere
3205 4408 3218 4444 :
3272 4405 3551 4459 nunquam

304 4488 548 4556 Πνεῦμα
592 4486 763 4556 ἅγιον
802 4485 1195 4540 ἐπελεύσεται
1225 4481 1326 4536 ἐπὶ
1354 4479 1453 4545 σὲ,
1480 4479 1576 4533 καί
1619 4479 1871 4549 δύναμις

1980 4476 2581 4533 ﬂeresiustrumentum
2614 4478 3006 4534 incarnationis
3064 4479 3183 4548 ejus
3233 4476 3322 4545 qui
3370 4476 3551 4530 onmia

286 4612 289 4615 ι
315 4579 612 4646 Ὑψίστου
633 4577 976 4631 ἐπισκιάσει
991 4592 1118 4631 σοι·
1144 4574 1290 4629 τοῦτ’
1310 4573 1476 4633 ἐστιν,
1504 4574 1564 4627 Ei
1587 4573 1881 4641 ἐγίνωσκες

300 4670 496 4738 ἄνδρα,
529 4669 628 4722 οὐκ
663 4668 729 4723 ἂν
758 4667 944 4731 ἔτεκες
974 4667 1128 4732 Θεὸν,
1158 4666 1346 4719 δούλου
1377 4664 1591 4736 μορφὴν
1614 4663 1800 4718 λαϐεῖν
1820 4665 1883 4718 ἐκ

303 4760 402 4815 σοῦ
427 4760 514 4814 διὰ
548 4760 609 4813 σὲ
644 4760 811 4829 χωρὶς
835 4757 1044 4828 φθορᾶς
1075 4755 1464 4826 εὐδοκήσαντα,
1492 4755 1592 4808 οὐκ
1620 4753 1686 4807 ἂν
1712 4754 1881 4825 δργα-

300 4869 394 4908 νον
422 4850 605 4917 ἐγίνου
633 4850 731 4920 τῆς
764 4848 859 4902 τοῦ
888 4850 1067 4902 πάντα
1086 4845 1503 4919 παραγαγόντος
1529 4842 1879 4916 σαρκώσεως.

312 4944 460 4999 Ἀλλ’
507 4942 693 5013 ἐπειδὴ
736 4941 952 5011 καθαρά
1004 4941 1293 5011 τυγχάνεις
1352 4938 1542 5007 κοίτης
1588 4938 1877 5007 γαμικῆς,

302 5033 494 5106 ἐπειδὴ
541 5034 635 5087 τὸν
681 5033 807 5086 ναὸν
849 5031 1146 5101 ἄφθαρτον,
1175 5030 1270 5085 καὶ
1314 5030 1413 5100 τὴν
1458 5030 1668 5101 σκηνὴν
1705 5030 1879 5101 ῥύπου

309 5128 509 5189 παντὸς
550 5124 840 5195 ἐλευθέραν
886 5124 1186 5193 ἐτήρησας,
1213 5121 1306 5175 καὶ
1334 5124 1362 5175 6
1391 5120 1582 5193 Πατὴρ
1624 5121 1884 5193 ἐπιδημεῖ

308 5234 413 5280 σοι,
443 5217 540 5270 καὶ
572 5216 632 5270 τὸ
664 5215 889 5287 Πνεῦμα
916 5213 1252 5277 ἐπισκιάζει,
1284 5214 1383 5266 καὶ
1418 5212 1562 5282 μετὰ
1592 5210 1793 5281 σαρκὸς
1816 5213 1883 5264 ἐκ

310 5305 407 5360 σοῦ
436 5306 465 5357 ὁ
486 5306 793 5377 Μονογενὴς
830 5306 1098 5358 τίκτεται.
1139 5303 1211 5357 Σὺ
1251 5297 1346 5359 οὖν
1374 5300 1640 5371 μηδαμῶς
1665 5300 1883 5371 διακρι-

310 5399 409 5470 θῇς
438 5400 507 5451 τὰ
533 5398 661 5466 ea;
691 5399 986 5470 μυστήρια,
1021 5396 1096 5467 μὴ
1122 5395 1404 5468 διακριθῇς
1436 5396 1493 5448 ἐν
1528 5392 1777 5465 σπηλαίῳ
1800 5393 1882 5446 τί-

310 5505 513 5542 κτουσα
544 5489 635 5541 τὺν
678 5488 807 5552 ὅλης
851 5489 950 5558 τῆς
998 5487 1232 5549 κτίσεως
1271 5485 1634 5557 Δημιουργὸν,
1666 5486 1740 5555 μὴ
1771 5484 1885 5537 δια-

311 5580 503 5651 κριθῇς
533 5581 590 5632 ὲν
616 5579 791 5650 φάτνῃ
821 5579 1119 5644 καθίζουσα
1142 5579 1235 5632 τὸν
1281 5577 1375 5631 ἐπὶ
1419 5577 1529 5630 τῶν
1560 5577 1745 5631 νώτων
1774 5576 1884 5631 τῶν

383 5753 428 5790 ⁸⁸
457 5753 573 5816 Joa.
604 5770 697 5827 vn,
729 5756 812 5821 lvi.
893 5757 936 5788 ³⁵
965 5756 1107 5816 Psal.
1135 5773 1191 5823 ιι,
1215 5759 1265 5810 7.
1341 5757 1383 5788 ³⁸
1404 5755 1533 5809 Luc.
1563 5770 1600 5819 ι,
1624 5754 1713 5808 at.

1976 4568 2254 4639 produxit.
2302 4568 2503 4623 Verum
2551 4570 2678 4639 quia
2737 4571 2939 4624 munda
2981 4585 3041 4624 es
3070 4585 3099 4622 a
3131 4567 3426 4623 concubitu
3451 4583 3553 4621 nu-

1977 4662 2151 4733 ptiali,
2175 4662 2301 4732 quia
2335 4663 2595 4732 templum
2627 4663 3024 4733 incorruptum,
3048 4671 3104 4718 et
3140 4660 3553 4717 tabernaculum

1977 4754 2048 4808 ab
2084 4753 2232 4808 omni
2261 4753 2422 4808 sorde
2448 4753 2676 4807 liberum
2704 4754 3039 4808 conservasti
3073 4771 3085 4807 :
3111 4761 3165 4807 et
3194 4752 3354 4805 Pater
3375 4749 3556 4819 hospi-

1976 4854 2125 4900 tatur
2145 4845 2287 4913 apud
2320 4851 2468 4909 te,et
2500 4843 2739 4914 Spiritus
2760 4854 2984 4899 sanctus
3031 4843 3341 4908 obumbrat,
3378 4850 3434 4897 et
3465 4857 3552 4895 as-

1986 4946 2204 5005 sumpta
2225 4951 2392 4991 carne
2419 4935 2746 5005 Unigenitus
2777 4951 2845 4991 ex
2896 4947 2951 4991 te
2994 4937 3278 4990 nascitur:
3322 4948 3439 4988 eam
3485 4932 3556 4985 ob

1987 5040 2124 5084 rem.
2148 5040 2217 5077 ne
2238 5024 2458 5079 dubites
2497 5023 2607 5078 ullo
2641 5023 2824 5089 modo,
2893 5023 2962 5079 de
3013 5021 3239 5091 reliquis
3279 5016 3556 5089 mysteriis
3594 5084 3615 5109 θ

1987 5130 2056 5169 ne
2087 5114 2161 5168 sis
2182 5113 2362 5176 anxia,
2383 5113 2425 5167 si
2450 5114 2633 5183 parias
2672 5115 2728 5169 in
2760 5113 2975 5168 stabulo
3000 5112 3266 5167 universae
3294 5118 3555 5162 creatum

1988 5203 2237 5275 opificem
2273 5217 2289 5256 :
2331 5220 2399 5258 ne
2429 5205 2671 5272 haesites,
2709 5205 2754 5259 si
2778 5203 2973 5258 sedere
3011 5202 3180 5256 facias
3210 5199 3264 5252 in
3288 5194 3555 5267 praesepio

1987 5313 2113 5355 eum
2145 5295 2237 5365 qui
2268 5297 2424 5350 sedet
2453 5295 2506 5349 in
2546 5295 2713 5351 dorso
2746 5293 3064 5355 Cherubin),
3095 5290 3140 5347 si
3196 5304 3306 5343 non
3358 5285 3557 5339 habeas

1988 5392 2167 5446 locum
2222 5390 2278 5444 in
2326 5389 2647 5451 diversorio,
2685 5403 2810 5443 cum
2873 5387 2950 5443 sis
2983 5391 3156 5440 mater
3188 5380 3330 5451 regis
3366 5391 3553 5431 eorum

1987 5499 2107 5553 quae
2137 5497 2351 5536 sursum
2379 5488 2507 5535 sunt
2531 5490 2586 5535 et
2604 5481 2880 5535 deorsum.
2909 5478 3108 5533 Libens
3125 5473 3268 5529 enim
3292 5469 3385 5541 qui
3419 5485 3487 5523 ex
3507 5476 3556 5525 te

1992 5582 2153 5629 natus
2176 5582 2280 5633 e.-t.
2329 5587 2536 5643 pauper
2562 5571 2814 5637 ellicitur,
2866 5578 2924 5626 ut
2958 5567 3158 5624 divites
3212 5563 3466 5623 refrenet,
3501 5569 3553 5614 et

1790 5754 1831 5786 ³⁷
1865 5753 1993 5811 ibid.
2026 5753 2111 5807 55.
