4038 6226
547 335 688 402 1475
1735 327 2092 388 nnsrcuu
2139 329 2526 390 pnesnrrs
2540 331 2620 390 RI
3679 334 3816 398 1475

547 449 670 504 lunt
705 452 1013 515 resurgunt,
1047 441 1201 497 ruina
1247 439 1590 511 negligentiae
1633 448 1735 504 est,
1795 438 1998 493 Christi
2036 453 2113 491 re-

2228 439 2337 492 τῶν
2369 441 2433 492 ἐκ
2466 439 2740 510 ῥᾳθυμίας
2771 441 3080 494 πιπτόντων
3097 443 3147 495 οἱ
3180 441 3533 512 βουληθέντες
3562 445 3819 498 ἀνίσταν-

546 539 838 596 surrectio.
866 535 1059 592 Nonne
1083 536 1408 592 ceciderunt
1431 534 1458 590 J
1467 533 1603 588 udas
1624 531 1788 587 simul
1823 541 1876 584 et
1896 529 2113 584 Petrus?

2228 547 2340 592 ται,
2370 530 2429 581 τὸ
2465 530 2668 601 πτῶμα
2713 530 2808 584 τοῦ
2860 532 3235 604 ῥᾳθυμοῦντος
3276 537 3486 602 γίνεται
3508 577 3522 599 ,
3553 536 3646 590 τοῦ
3678 539 3819 611 Χριά

545 631 634 686 ille
663 630 884 700 quidem
934 629 1014 682 sic
1054 629 1244 683 dicens
1283 643 1298 682 :
1345 626 1483 691 Quid
1517 626 1646 678 mihi
1687 623 1842 677 vultis
1871 624 2027 690 dare,
2064 638 2113 702 ,ει

2231 622 2356 675 στοῦ
2393 624 2426 692 ή
2470 620 2790 688 ἀνάστασις.
2819 626 2934 679 Ούκ
2965 626 3158 680 ἔπεσον
3199 628 3403 692 Ἰούδας
3436 629 3554 698 ἅμα
3591 633 3685 684 καὶ
3711 623 3820 686 Πέ-

3416 405 3454 424 ,κ

542 738 636 793 ego
677 721 814 776 vobis
843 719 1058 774 tradam
1085 719 1276 773 illum?
1305 720 1396 773 hic
1422 727 1602 772 autem
1637 717 1716 771 sic
1741 717 1929 770 dicens
1958 734 1971 768 :
2005 716 2129 768 Ani-

545 828 688 864 mam
719 828 889 864 meam
915 826 1010 880 pro
1053 819 1102 864 te
1131 827 1326 878 ponam
1355 811 1420 864 “.
1451 809 1750 880 Oportebat
1783 807 1929 862 enim
1967 807 2120 860 illum

545 903 687 957 scire
717 902 862 971 quod
890 903 1133 957 mortalis
1167 901 1401 956 animam
1437 917 1534 971 pro
1582 900 1987 954 immortalitate
2012 912 2120 953 non

543 993 656 1057 dat;
680 1002 737 1046 et
765 992 980 1046 adhuc:
1016 993 1242 1046 Etiamsi
1291 993 1576 1062 oportuerit
1620 1007 1698 1045 me
1747 991 1882 1044 mori
1927 1000 2117 1055 tecum,

541 1099 647 1137 non
686 1093 736 1137 te
777 1084 978 1153 negabo
1001 1084 1084 1148 ";
1118 1084 1301 1138 dicere
1365 1090 1578 1151 poterat
1623 1098 1636 1132 :
1686 1080 1741 1134 Si
1790 1078 2125 1134 sustinueris

542 1189 651 1239 me,
689 1189 799 1227 non
831 1182 885 1228 te
917 1175 1166 1244 negabo;
1225 1174 1268 1228 si
1308 1172 1706 1227 confortaveris
1757 1186 1864 1237 me,
1925 1169 2122 1225 debilis

547 1279 660 1318 non
715 1266 886 1318 timeo
946 1265 1316 1334 naufragium;
1349 1265 1391 1317 si
1437 1263 1617 1317 socius
1641 1278 1698 1316 es
1731 1261 1784 1315 in
1808 1261 1968 1326 bello,
2009 1275 2120 1314 non

545 1371 828 1424 praecaveo
853 1367 1118 1422 mortem;
1151 1356 1244 1410 sed
1270 1356 1368 1409 iste
1392 1355 1594 1424 lingua,
1630 1355 1718 1408 ille
1745 1365 1926 1408 autem
1956 1355 2121 1409 corde

544 1449 825 1518 peccavit;
849 1458 1073 1518 propter
1103 1449 1248 1518 quod
1274 1449 1493 1517 quidem
1550 1447 1747 1500 Petrus
1775 1447 1960 1516 lapsus
1993 1462 2119 1501 sur-

547 1538 706 1603 rexit,
727 1549 782 1592 et
801 1540 905 1593 dux
935 1554 1126 1593 eorum
1143 1539 1232 1609 qui
1259 1539 1575 1593 ceciderunt
1593 1538 1770 1592 factus
1801 1549 1922 1603 est;
1950 1537 2121 1593 Judas

544 1638 728 1684 autem
755 1630 822 1683 de
852 1630 1048 1700 abysso
1077 1630 1131 1683 in
1177 1631 1432 1700 abyssum
1480 1631 1702 1696 ductus,
1753 1630 1984 1702 projecit
2029 1646 2120 1683 ar-

543 1731 789 1792 gentum,
809 1733 864 1777 et
884 1720 1069 1776 funem
1104 1723 1378 1792 accipiens
1405 1737 1463 1776 se
1486 1722 1796 1791 suspendit.

612 2067 837 2138 Signum
898 2063 987 2118 cui
1035 2059 1438 2117 contradicetur
1459 2073 1629 2124 crux;
1660 2071 1688 2109 a
1719 2051 1921 2110 Judaels
1971 2054 2116 2107 enim

541 2156 1008 2230 cruciﬁgentibus,
1027 2152 1315 2223 refugitsol
1340 2167 1355 2216 ;
1376 2161 1430 2204 et
1445 2150 1723 2220 Synagoga
1741 2145 2117 2200 calumniaba-

545 2261 654 2314 tur,
679 2258 730 2305 et
755 2259 896 2302 terra
919 2243 1402 2304 commovebatur;
1430 2237 1663 2308 populus
1683 2237 1954 2290 clamabat
1977 2233 2115 2288 Cru-

2227 731 2357 784 τρος
2389 731 2406 781 ;
2438 717 2466 768 6
2497 716 2596 786 μὲν
2627 717 2702 778 ὡς
2728 715 2921 783 εἰπὼν,
2947 719 3008 771 Τί
3027 737 3128 786 μοι
3163 719 3368 774 θέλετε
3385 721 3619 787 δοῦναι,
3647 723 3818 793 κάγὼ

2228 807 2372 876 ὑμῖν
2394 807 2732 875 παραδώσω
2764 810 2953 862 αὐτόν
2972 827 2986 874 ;
3006 809 3034 860 6
3061 809 3117 862 δὲ
3140 810 3213 872 ὡς
3231 809 3424 874 εἰπὼν,
3457 812 3576 880 Τὴν
3600 815 3817 884 ψυχήν

2222 915 2346 968 μου
2379 898 2531 966 ὑπὲρ
2559 900 2676 953 σοῦ
2705 900 2892 967 θήσω.
2934 902 3135 971 Ἐχρῆν
3167 903 3275 973 γὰρ
3302 904 3466 956 αὑτὸν
3497 905 3694 959 εἰδέναι
3730 908 3817 961 ὅτι

2227 991 2422 1062 θνητὸς
2447 992 2546 1061 τὴν
2569 991 2744 1062 ψυχὴν
2768 992 2909 1063 ὑπὲρ
2930 994 3228 1058 ἀθανασίας
3253 996 3313 1048 οὺ
3342 997 3527 1050 δίδωσι
3546 995 3566 1027 ν’
3583 999 3678 1052 καὶ
3701 1002 3813 1053 πά-

2224 1083 2328 1147 λιν,
2374 1084 2514 1138 Ἐὰν
2560 1083 2668 1152 δέῃ
2713 1101 2789 1153 με
2837 1083 2958 1137 σὺν
2995 1087 3094 1139 σοὶ
3143 1088 3493 1152 ἀποθανεῖν,
3525 1093 3598 1146 οὐ
3623 1092 3709 1160 μή
3739 1108 3816 1145 σε

2224 1171 2671 1243 ἀπαρνήσομαιο
2705 1173 2824 1238 ἐξὸν
2851 1175 3050 1237 εἰπεῖν,
3091 1177 3218 1230 Ἐάν
3257 1196 3324 1246 με
3352 1179 3608 1252 ίσχύσῃς,
3635 1183 3696 1235 οὺ
3733 1186 3814 1254 μή

2227 1280 2284 1316 σε
2321 1265 2729 1336 ἀπαρνήσωμαι
2760 1280 2774 1294 ·
2807 1267 2904 1319 ἐὰν
2950 1268 3230 1340 άσφαλίτῃ
3277 1287 3369 1339 με,
3404 1275 3432 1325 6
3476 1273 3709 1344 ἀσθενὴς
3750 1278 3812 1327 οὐ

2223 1354 2434 1408 δέδοικα
2462 1356 2522 1408 τὸ
2543 1356 2800 1425 ναυάγιον
2831 1373 2844 1386 ·
2877 1357 2972 1411 ἐὰν
3011 1357 3089 1430 τῷ
3127 1360 3348 1432 πολέμῳ
3393 1368 3680 1434 κοινωνῇς,
3709 1368 3815 1420 οὐκ

2225 1447 2561 1518 εὐλαϐοῦμαι
2599 1449 2830 1502 θάνατον
2857 1466 2872 1481 ο
2915 1451 3050 1504 ἀλλὰ
3095 1452 3154 1505 τὸ
3208 1455 3306 1523 μὲν
3336 1453 3585 1523 γλώττης
3631 1459 3812 1527 ὑπῆρ-

2223 1557 2341 1610 χεν,
2363 1540 2425 1592 τὸ
2453 1540 2511 1593 δὲ
2543 1541 2772 1612 καρδίας
2808 1544 3115 1614 ἁμάρτημα
3141 1561 3154 1574 ⁸
3183 1544 3273 1598 διὰ
3294 1545 3453 1598 τοῦτο
3478 1548 3576 1615 μὲν
3604 1548 3810 1618 Πέτρος

2223 1629 2406 1684 πεσὼν
2437 1631 2662 1703 ἀνέστη,
2691 1634 2785 1687 καὶ
2820 1635 3166 1704 χειραγωγδς
3199 1637 3404 1706 ἐτέρων
3437 1640 3812 1693 πεπτωκότων

2223 1724 2442 1792 ἐγένετο
2467 1742 2480 1755 ·
2510 1727 2539 1778 6
2584 1725 2639 1777 δὲ
2667 1726 2776 1779 ἀπὸ
2830 1726 3030 1796 βάθους
3071 1728 3205 1797 πρὸς
3257 1728 3448 1799 βόθρον
3492 1731 3808 1801 ὁδηγηθεὶς,

2151 1797 2198 1856 Β
2224 1815 2452 1886 ἔρριψεν
2494 1815 2556 1869 τὸ
2595 1815 2880 1888 ἀργύριον,
2917 1818 3013 1871 καὶ
3047 1818 3106 1872 τὸ
3139 1797 3377 1889 σχοινίον
3410 1797 3811 1894 λαϐὼν-ἀπήγ-

2221 1907 2371 1973 ξατο.

2225 2045 2234 2057 ⁹
2290 2047 2525 2116 Σημεῐον
2570 2047 2988 2118 ἀντιλεγόμενον
3015 2049 3046 2102 6
3079 2050 3339 2121 στα-δρόςο
3373 2049 3483 2103 τῶν
3523 2036 3632 2121 γ’ὰρ
3674 2052 3808 2104 Ἰου-

2219 2136 2382 2189 δαίων
2409 2138 2809 2209 σταυρούντων,
2837 2139 3103 2210 ἀνεχώρει
3131 2140 3160 2192 6
3180 2141 3333 2211 ἥλιος
3353 2157 3367 2172 ο
3389 2141 3481 2195 καὶ
3515 2142 3806 2208 συναγωγὴ

2223 2231 2601 2299 ἐσυκοφάντει,
2624 2233 2718 2286 καὶ
2747 2235 2778 2304 ἠ
2808 2236 2878 2304 γῆ
2901 2233 3214 2288 ἐσαλεύετο·
3233 2237 3260 2289 6
3279 2235 3407 2299 λαὸς
3436 2235 3584 2302 ἐϐόα,
3615 2237 3808 2290 Σταύ-

542 2341 692 2410 ciﬁge
720 2353 838 2391 eum
866 2337 931 2401 “,
964 2335 1058 2390 sed
1080 2341 1245 2402 petrae
1263 2346 1371 2385 non
1415 2330 1750 2384 sustinentes
1794 2326 2113 2396 gravitatem

2218 2339 2426 2390 μωσον
2450 2326 2662 2388 αὐτὸν,
2687 2326 2801 2378 ἀλλ’
2824 2329 2881 2380 αἱ
2904 2327 3102 2398 πέτραι
3129 2329 3203 2398 μὴ
3234 2328 3497 2397 φέρουσαι
3523 2329 3614 2381 τὸν
3637 2329 3808 2396 δγκον

542 2432 896 2504 blasphemia:
933 2428 1355 2491 scindebantur;
1407 2423 1716 2478 sacerdotes
1739 2430 1792 2474 et
1823 2419 2014 2473 scribae
2039 2419 2113 2472 di-

2219 2414 2316 2481 τῆς
2348 2415 2704 2486 βλασφημίας
2740 2420 3075 2488 ἐρρήγνυντο
3108 2437 3120 2450 ·
3154 2419 3204 2471 oi
3240 2419 3604 2492 πρεσϐύτεροι
3625 2422 3722 2474 καὶ
3753 2423 3806 2474 οἱ

541 2529 739 2583 cebant
769 2545 782 2581 :
815 2523 1172 2579 Recordamur
1200 2519 1338 2588 quod
1395 2519 1638 2572 seductor
1660 2514 1750 2568 ille
1783 2514 1915 2568 dixit
1949 2513 2113 2565 adhuc

2220 2510 2570 2578 γραμματεῖς
2618 2507 2804 2576 ἔλεγον
2830 2525 2842 2538 ·
2886 2509 3309 2579 Ἑμνήσθημεν
3357 2511 3446 2564 ὅτι
3497 2514 3530 2564 ό
3570 2511 3806 2577 πλάνος

541 2617 737 2675 vivens,
764 2613 884 2666 Post
931 2621 1033 2663 tres
1075 2609 1186 2661 dies
1246 2622 1517 2677 resurgant
1553 2605 1631 2670 “;
1673 2604 1923 2658 centurio
1989 2616 2113 2656 vero

2219 2599 2450 2666 ἐκεῖνος
2474 2597 2646 2654 εἶπεν
2666 2601 2754 2654 ἔτι
2782 2599 2911 2661 ζῶνο
2950 2601 3116 2656 Μετὰ
3146 2602 3302 2671 τρεῖς
3325 2603 3548 2672 ἡμέρας
3583 2605 3807 2672 ἐγείρο-

544 2704 830 2764 clamabat,
877 2700 997 2754 Vere
1036 2697 1204 2752 Filius
1238 2696 1332 2749 Dei
1350 2705 1463 2749 erat
1518 2695 1614 2748 iste
1633 2693 1697 2748 ⁸⁵.
1727 2693 1833 2748 Sed
1861 2703 1912 2747 et
1947 2708 2113 2762 usque

2218 2693 2406 2758 μαιοό
2452 2692 2508 2744 δὲ
2558 2693 2958 2764 ἑκατόνταρχος
3002 2692 3154 2758 ὲσόα,
3199 2693 3466 2760 Ἀληθῶς
3497 2695 3645 2748 Θεοῦ
3671 2695 3804 2759 mc

543 2810 692 2850 nunc
767 2793 994 2847 verbum
1055 2787 1233 2843 crucis
1283 2785 1489 2841 Judaeis
1519 2785 1739 2854 quidem
1775 2783 2113 2847 scandalum,

2218 2778 2295 2851 ἦν
2321 2779 2499 2849 οὗτος
2519 2802 2532 2814 ·
2562 2785 2698 2838 ἀλλὰ
2719 2786 2814 2838 καὶ
2839 2786 3002 2856 μέχρι
3028 2784 3123 2839 νῦν
3153 2787 3180 2838 6
3199 2785 3356 2854 λόγος
3384 2786 3412 2837 ό
3434 2786 3525 2840 τοῦ
3563 2786 3801 2855 σταυροῦ

543 2887 796 2960 gentibus
821 2899 951 2938 vero
978 2881 1228 2944 stultitia,
1261 2879 1421 2934 nobis
1449 2891 1631 2932 autem
1659 2877 1865 2932 vocatis
1900 2892 1928 2930 a
1955 2875 2112 2929 Chri-

2232 2872 2507 2938 Ἰουδαίοις
2536 2877 2634 2946 μὲν
2657 2876 2976 2942 σκάνδαλον,
3007 2876 3216 2930 ἔθνεσιν
3243 2879 3300 2930 δὲ
3350 2879 3551 2949 μωρία,
3575 2880 3709 2950 ἡμῖν
3741 2877 3800 2946 δὲ

541 2989 627 3037 sto
667 2979 761 3033 Dei
804 2977 978 3030 virtus
1021 2983 1076 3027 et
1134 2972 1226 3026 Dei
1248 2971 1513 3041 sapientia
1538 2968 1604 3021 “.
1660 2967 1725 3022 Et
1760 2977 1905 3021 tuam
1951 2969 2113 3035 ipsius

2218 2971 2329 3032 τοῖς
2351 2969 2573 3037 κλητοῖς
2597 2968 2855 3038 Χριστοῦ,
2880 2968 3016 3022 Θεοῦ
3035 2969 3269 3038 δύναμις
3314 2971 3405 3022 καὶ
3441 2969 3577 3022 Θεοῦ
3613 2970 3797 3039 σοφία.

541 3071 780 3125 animam
807 3064 1143 3136 pertransibit
1188 3061 1413 3132 gladius,
1448 3069 1502 3113 ut
1543 3057 1830 3112 revelentur
1875 3073 1938 3111 ex
1977 3056 2113 3111 mul-

2219 3062 2329 3116 Καὶ
2360 3063 2477 3117 σοῦ
2508 3063 2577 3117 δὲ
2602 3061 2793 3132 αὐτῆς
2846 3062 2958 3128 τὴν
2991 3063 3204 3133 ψυχὴν
3233 3062 3604 3118 διελεύσεται
3643 3065 3794 3132 ῥομ-

544 3162 608 3214 tis
641 3160 881 3212 cordibus
911 3157 1270 3228 cogitationes.
1311 3152 1536 3207 Gladius
1571 3151 1856 3205 diversitas
1898 3150 2113 3220 opinio-

2219 3155 2550 3223 φαίᾳβπως
2561 3153 2637 3209 ἂν
2651 3156 2884 3208 ἀποκαλ
2894 3151 3163 3224 υφθῶσιν
3183 3155 3251 3208 ἐκ
3271 3154 3520 3209 πολλῶν
3538 3152 3801 3222 καρδιῶν

542 3267 674 3306 num
723 3249 943 3311 dicitur,
983 3247 1244 3318 quoniam
1280 3245 1422 3299 sicut
1455 3251 1511 3298 et
1564 3243 1772 3313 gladius
1802 3243 2000 3296 scindit
2051 3258 2112 3296 ac

541 3341 776 3414 partitur
803 3355 1056 3410 corpora,
1083 3339 1154 3392 ita
1189 3348 1242 3392 et
1304 3335 1516 3390 animas
1555 3350 1656 3404 per
1717 3333 2110 3388 indecisionem

541 3431 930 3497 contradictio;
963 3431 1008 3484 si
1038 3430 1182 3483 enim
1207 3437 1262 3482 et
1286 3427 1437 3497 virgo
1464 3436 1602 3486 erat,
1640 3425 1734 3488 sed
1771 3433 1822 3478 et
1873 3425 2108 3491 mulier;

541 3525 586 3581 si
617 3538 834 3596 quoque
868 3523 1120 3594 Deipara,
1146 3520 1240 3576 sed
1272 3527 1464 3572 nostro
1492 3527 1776 3588 compacta
1808 3519 1971 3582 limo;
1995 3519 2110 3589 gla-

539 3619 664 3675 dius
693 3618 803 3689 jam
840 3616 1013 3686 ipsius
1065 3614 1306 3668 animam
1358 3612 1732 3683 pertransivit,
1773 3620 1833 3666 ut
1879 3612 2106 3666 manife-

539 3721 751 3768 stentur
781 3726 849 3765 ex
883 3707 1067 3763 multis
1097 3706 1351 3761 cordibus
1382 3704 1775 3775 cogitationes:
1800 3704 1866 3758 de
1895 3704 2113 3758 Christo

539 3805 595 3858 in
643 3812 888 3873 tempore
953 3799 1227 3870 passionis
1291 3797 1703 3861 dissensiones;
1751 3811 1900 3850 nunc
1953 3796 2106 3850 illum

540 3895 909 3967 prophetam,
962 3905 1110 3945 nunc
1187 3903 1318 3943 vero
1382 3885 1721 3940 Salvatorem
1784 3885 1945 3940 Israel
2000 3901 2108 3939 non

540 3986 968 4049 subscribentes,
991 3982 1214 4037 multam
1257 3993 1475 4050 quoque
1513 3979 1568 4031 in
1607 3978 1692 4033 his
1713 3977 2106 4044 diversitatem,

538 4086 759 4149 propter
780 4075 1132 4148 agitationem
1163 4087 1226 4126 ex
1253 4072 1368 4142 ipsa
1425 4070 1680 4140 passione
1739 4069 2107 4135 sustinentes;

539 4168 610 4225 ita
648 4177 707 4223 ut
737 4183 862 4222 cum
893 4165 1134 4234 Cleopha
1188 4161 1439 4232 discipuli
1481 4162 1585 4215 iter
1622 4160 1886 4215 facientes
1941 4168 1998 4215 et
2044 4162 2110 4215 ad

537 4262 716 4331 ipsum
740 4259 984 4313 dicerent
1014 4271 1027 4307 :
1057 4254 1130 4308 Tu
1155 4254 1294 4308 solus
1327 4255 1531 4306 advena
1555 4269 1608 4307 es
1643 4253 1698 4305 in
1713 4251 2032 4315 Jerusalem,
2059 4262 2108 4306 et

539 4355 750 4425 ignoras
767 4365 883 4419 qua:
909 4349 1052 4419 facta
1072 4355 1194 4399 sunt
1233 4347 1287 4398 in
1318 4343 1502 4398 diebus
1518 4344 1629 4398 istis
1653 4345 1678 4396 ?
1709 4344 1909 4398 deinde
1934 4344 2107 4398 inter-

539 4443 735 4516 rogati,
767 4439 929 4512 quaa?
958 4438 1290 4493 addiderunt
1321 4453 1333 4489 :
1365 4434 1442 4488 De
1496 4433 1621 4489 Jesu
1680 4435 1963 4489 Nazarene
2019 4437 2108 4507 qui

2221 3243 2619 3313 διαλογισμοί.
2689 3244 3025 3314 Ῥομφαίαὴ
3060 3243 3298 3314 διχόνοια
3336 3244 3571 3311 λέγεται,
3609 3243 3799 3315 ἐπειδὴ

2223 3335 2472 3406 καθάπερ
2509 3338 2542 3406 ἡ
2583 3335 2829 3408 ῥομφαία
2870 3335 3046 3406 σχίζει
3071 3337 3166 3389 καὶ
3195 3336 3409 3406 μερίζει
3446 3337 3511 3388 τὰ
3541 3333 3795 3405 σώματα,

2221 3425 2395 3489 οὕτως
2455 3428 2550 3479 καὶ
2593 3426 2693 3488 τὰς
2726 3427 2902 3496 ψυχὰς
2935 3427 3070 3497 πρὸς
3103 3427 3412 3498 ἅμφιϐολὴν
3459 3430 3492 3498 ἡ
3519 3427 3753 3498 διχόνοια
3782 3445 3795 3458 °

2221 3521 2267 3571 ei
2295 3518 2402 3588 γὰρ
2429 3517 2524 3570 καὶ
2559 3516 2827 3588 παρθένος
2853 3514 2954 3588 ἦν,
2989 3517 3126 3572 ἀλλὰ
3165 3519 3303 3590 γυνή
3332 3537 3344 3549 ·
3383 3521 3433 3572 εί
3475 3520 3570 3572 καὶ
3603 3519 3798 3572 Θεοτό-

2220 3625 2335 3672 κος,
2388 3609 2505 3662 ἀλλ’
2535 3612 2597 3662 ὲκ
2647 3607 2742 3660 τοῦ
2794 3609 3065 3679 ἡμετέρου
3125 3609 3472 3680 φυράματος.
3522 3609 3799 3680 Ῥομφαία

2219 3700 2399 3752 τοίνυν
2441 3699 2614 3768 αὐτῆς
2645 3700 2743 3771 τὴν
2767 3700 2946 3772 ψυχὴν
2971 3701 3264 3765 διέϐαινεν,
3317 3702 3466 3763 ὅπως
3513 3701 3796 3754 ἀποκαλυα

2221 3790 2425 3860 φθῶσιν
2456 3795 2521 3844 ὲκ
2550 3791 2760 3845 πολλῶν
2785 3790 3023 3861 καρδιῶν
3049 3791 3412 3862 διαλογισμοὶ,
3457 3794 3507 3844 οἱ
3539 3793 3670 3859 περὶ
3699 3792 3795 3844 τοῦ

2218 3885 2459 3954 Χριστοῦ
2491 3885 2631 3938 κατὰ
2662 3885 2753 3938 τὸν
2784 3883 2973 3957 καιρὸν
3004 3884 3098 3937 τοῦ
3131 3883 3337 3948 πάθους
3361 3885 3632 3957 διάφοροι,
3666 3886 3798 3938 ποτὲ

2222 3978 2320 4048 μὲν
2358 3978 2522 4031 αὐτὸν
2555 3978 2863 4048 προφήτην,
2883 3976 3016 4029 ποτὲ
3044 3977 3100 4030 δὲ
3133 3976 3416 4048 λυτρωτὴν
3446 3977 3541 4030 τοῦ
3583 3976 3798 4049 Ἰσραὴλ

2218 4070 2317 4138 οὐχ
2348 4070 2785 4140 ὑπογράφοντες,
2822 4068 3024 4140 πολλὴν
3059 4070 3154 4121 καὶ
3199 4069 3293 4121 ὲπὶ
3325 4069 3536 4134 τούτοις
3561 4069 3798 4139 ἀμφιϐο-

2217 4161 2337 4215 λίαν
2369 4162 2457 4215 διὰ
2483 4161 2575 4214 τὸν
2611 4162 2773 4214 σάλον
2817 4161 2908 4213 τὸν
2933 4163 2997 4213 ἐκ
3028 4159 3122 4213 τοῦ
3160 4161 3365 4225 πάθους
3395 4164 3759 4232 ὑπομένοντες
3780 4180 3792 4191 ·

2217 4251 2355 4305 ὥστε
2408 4254 2534 4315 τοὺς
2612 4253 2742 4323 περὶ
2808 4251 3057 4304 Κλεόπαν
3132 4253 3379 4322 μαθητάς
3463 4254 3794 4322 περιόντας,

2219 4345 2314 4398 καὶ
2376 4346 2512 4416 πρὸς
2568 4345 2733 4398 αὐτὸν
2795 4345 2973 4412 λέγειν
3003 4361 3018 4374 ο
3089 4345 3173 4398 Σὺ
3227 4345 3410 4413 μόνος
3492 4346 3798 4414 παροικεῖς

2217 4435 2287 4488 ἐν
2326 4434 2737 4504 Ἰερουσαλὴμ,
2797 4435 2898 4487 καὶ
2957 4435 3069 4487 οὐκ
3123 4434 3314 4503 ἔγνως
3377 4435 3452 4489 τὰ
3505 4438 3799 4504 γενόμενα

536 4495 635 4606 [αὖ
675 4495 756 4588 νίν
785 4495 1049 4604 ρνορΙιεια
1094 4529 1162 4592 ⁸⁷,
1189 4535 1242 4582 et
1265 4541 1384 4597 qua:
1431 4536 1753 4595 sequuntur.
1789 4527 1932 4597 Ergo
1993 4495 2101 4582 sic-

2218 4529 2284 4581 ἐν
2357 4495 2487 4591 ταῖς
2552 4495 2800 4593 ἡμέραις
2857 4495 3314 4589 raritate-{sita
3399 4495 3796 4596 ἐρωτηθέντες,

541 4638 600 4683 ut
629 4628 696 4681 de
729 4627 996 4697 propheta
1039 4621 1352 4677 sentiebant
1380 4626 1436 4673 et
1468 4619 1536 4673 de
1595 4617 1880 4672 Saivatore
1911 4618 2105 4684 Israel,

540 4725 759 4788 prepter
780 4725 960 4769 autem
981 4712 1291 4783 passionem
1307 4719 1363 4764 et
1390 4710 1567 4764 varias
1612 4710 1840 4763 emissas
1892 4710 2106 4778 opinio-

538 4820 637 4861 nes
666 4805 810 4876 quod
856 4805 1240 4872 redempturus
1275 4810 1422 4855 esset
1452 4799 1756 4854 Jerusalem
1797 4799 1989 4854 incerti
2034 4801 2115 4855 vi-

537 4899 828 4956 debantur.
857 4896 990 4963 Quae
1017 4895 1237 4966 quidem
1271 4910 1380 4948 non
1424 4894 1480 4947 in
1537 4909 1735 4948 vanum
1782 4902 2111 4959 evenerunt,

538 4993 634 5050 sed
666 4990 732 5046 ad
753 4986 1241 5052 manifestandum,
1268 4985 1393 5055 quia
1429 4983 1581 5049 Quod
1621 4984 1842 5038 stultum
1874 4993 1949 5037 est
1991 4985 2112 5047 Dei,

535 5084 824 5156 sapientius
854 5089 929 5135 est
947 5078 1242 5133 hominibus
1265 5077 1333 5132 “.
1367 5077 1582 5131 Etenim
1613 5077 1667 5130 in
1709 5079 1960 5146 passione
1988 5092 2112 5130 cru-

536 5181 615 5234 cis
640 5191 831 5232 omnes
861 5173 1082 5229 cribrati
1103 5179 1232 5226 sunt
1271 5169 1550 5239 etagitati,
1598 5184 1704 5222 non
1745 5169 1918 5222 solum
1980 5169 2113 5221 sim-

539 5272 706 5342 plices
720 5265 992 5337 discipuli,
1034 5265 1132 5320 sed
1160 5273 1215 5319 et
1237 5263 1394 5318 electi
1423 5272 1479 5317 et
1513 5269 1688 5316 mater
1738 5260 1879 5328 ejus,
1904 5270 1969 5314 et
1993 5260 2111 5314 hare

539 5363 717 5434 passio
764 5360 1082 5416 universum
1131 5359 1319 5413 orbem
1364 5352 1724 5416 conﬁrmavit,
1787 5351 1842 5404 in
1893 5351 2109 5406 Christo

534 5454 666 5511 Iesu
690 5452 921 5508 Domino
940 5461 1148 5517 nostro,
1181 5466 1278 5522 per
1307 5462 1468 5519 quem
1500 5455 1554 5500 et
1603 5459 1728 5499 cum
1796 5458 1904 5513 quo
1964 5442 2108 5498 Patri

988 5537 1026 5567 δ

1108 5581 1124 5604 ο

606 5631 835 5705 fucati.
877 5645 998 5705 χιιι,
1031 5631 1120 5684 57.
1196 5631 1241 5661 δ’
1270 5629 1628 5705 Μεμψχπιὴι,
1652 5630 1742 5705 55.
1819 5631 1864 5663 ⁸³
1892 5631 2051 5705 Joan.
2080 5647 2112 5686 ι

2219 5635 2272 5692 6.
2349 5636 2392 5668 ”
2416 5635 2603 5692 Matth.
2663 5652 2834 5705 xxv",
2892 5638 2979 5695 63.

537 5701 694 5766 t,25,
722 5703 814 5754 24.
890 5703 934 5733 δ’
963 5702 1092 5758 Luc.
1125 5715 1280 5767 xxul,
1305 5703 1389 5766 l9,
1415 5700 1508 5756 20.
1584 5702 1628 5732 "
1659 5703 1674 5756 l
1701 5701 1825 5757 Cor.
1858 5719 1897 5772 ι,
1923 5703 2015 5758 9.5.

2214 4623 2388 4684 “om;
2422 4618 2722 4688 ἐπήγαγον,
2760 4617 2833 4670 Τὰ
2868 4617 3001 4683 περὶ
3043 4615 3247 4681 Ἰησοῦ
3285 4617 3392 4670 τοῦ
3428 4616 3793 4685 Ναζωραίου,

2216 4712 2284 4776 ὃς
2299 4707 2538 4779 ἐγένετο
2559 4707 2713 4776 ἀνὴρ
2737 4707 3070 4776 προφήτης,
3100 4706 3195 4759 καὶ
3220 4709 3283 4760 τά
3305 4709 3451 4778 ἑξῆς.
3483 4709 3696 4763 οὐκοῦν
3721 4708 3797 4773 ὠς

2216 4803 2348 4872 περὶ
2381 4803 2664 4872 προφήτου
2695 4801 2795 4870 μὲν
2821 4796 2967 4870 εἶχον
3007 4801 3101 4854 καὶ
3130 4801 3498 4872 λυτρουμένου
3544 4803 3642 4857 τὸν
3692 4802 3794 4857 Ίσ·

2223 4895 2359 4966 ραήλ
2383 4909 2398 4921 ’
2429 4895 2517 4947 διὰ
2545 4893 2601 4946 δὲ
2643 4893 2706 4946 τὸ
2734 4893 2906 4956 πάθος
2938 4895 3033 4946 καὶ
3076 4894 3281 4964 ταύτην
3327 4894 3621 4965 ἐμϐάλλειν
3668 4896 3797 4967 περὶ

2219 4986 2384 5040 αὑτοῦ
2441 4985 2540 5056 τὴν
2597 4985 2889 5056 ὑπόληψιν,
2937 4986 3018 5037 ὅτι
3079 4985 3368 5056 λυτροῦται
3420 4986 3510 5039 τὸν
3578 4986 3796 5058 Ἰσραὴλ

2219 5081 2590 5135 ἐκινδύνευον·
2618 5079 2780 5134 τοῦτο
2805 5081 2862 5133 δὲ
2886 5081 2946 5133 ού
2977 5084 3154 5150 μάτην
3203 5083 3433 5150 ἐγίνετο,
3491 5083 3606 5136 ἀλλ’
3653 5082 3795 5136 ὥστε

2216 5167 2407 5238 δεῖξαι,
2457 5174 2540 5226 ὃτι
2589 5174 2660 5227 Τὸ
2706 5174 2911 5241 μωρὸν
2963 5173 3070 5228 τοῦ
3103 5175 3272 5240 Θεοῦ,
3304 5175 3653 5244 σοφώτερον
3677 5175 3797 5228 τῶν

2210 5263 2538 5332 ἀνθρώπων
2594 5263 2787 5318 ἐστίν.
2823 5266 2898 5318 Τὸ
2938 5266 3047 5336 γάρ
3097 5264 3190 5318 τοῦ
3239 5266 3477 5337 σταυροῦ
3525 5268 3717 5330 πάθος.
3747 5267 3793 5320 oi

2216 5357 2416 5422 πάντες
2449 5359 2832 5430 ὲσινιάνθησαν
2862 5359 2956 5411 καὶ
2992 5358 3391 5431 ἐσαλεύθησαν,
3426 5363 3486 5414 ού
3544 5362 3706 5431 μόνον
3744 5361 3795 5412 οἱ

2218 5450 2404 5514 ἁπλῶς
2438 5451 2702 5522 μαθηταὶ,
2729 5449 2866 5506 ἀλλὰ
2910 5450 3004 5505 καὶ
3036 5452 3086 5504 oi
3122 5451 3372 5506 ἐκλεκτοὶ
3421 5453 3571 5522 καὶὴ
3610 5454 3796 5523 μήτηρ

3121 5637 3164 5670 ⁸⁸
3192 5635 3321 5691 ibid.
3355 5635 3442 5689 54.
3556 5633 3600 5665 “
3621 5634 3641 5686 Ι
3663 5631 3794 5687 Cor.

3771 5805 3820 5819 λον·
