3968 6220
286 288 419 356 1481
1015 285 1113 346 DE
1140 281 1683 345 TEMPERANTIA
1717 280 1813 341 ET
1852 281 1858 294 ‘

1966 277 2211 338 lTUTE.
2241 300 2309 310 -
2345 272 2736 335 CENTURIA
2762 271 2812 331 Ῑ.
3381 264 3517 330 1482

278 404 376 457 καὶ
407 398 705 471 προθύμως
738 395 1032 467 ὁδευομένη
1053 411 1069 428 ·
1116 394 1318 465 γνῶσίν
1356 411 1419 449 τε
1449 393 1668 463 ἀσφαλῆ
1708 388 1847 444 θεοῦ

1966 387 2132 458 pravis
2158 385 2439 458 cperibus,
2482 382 2786 453 opitulante
2830 378 2967 445 Deo,
3004 391 3233 448 prorsus
3290 375 3517 430 liberat,

276 490 374 547 τοῦ
423 470 810 556 ἀκαταλήπτου
859 484 1152 555 ὁδευομένη
1198 482 1506 554 χαρίζεται,
1559 480 1681 535 καθ’
1727 480 1850 533 ὅσον

1966 492 2156 537 :ertam
2187 481 2351 550 etiam
2401 479 2472 534 de
2519 478 2633 532 Deo
2690 471 3224 544 incomprehensibili
3270 470 3518 527 notitiam
3619 541 3626 548 _

280 584 522 654 ἐφικτὸν,
556 582 651 635 καὶ
685 579 1004 652 μυστηρίων
1050 578 1211 633 θείων
1238 579 1332 631 καὶ
1352 575 1694 647 ἀποκρύφων
1720 574 1852 626 ἁπο-

281 673 505 745 κρύφως
554 669 710 724 λύσιν
731 683 746 700 '
803 667 1038 738 ὑπάρχει
1087 684 1149 719 τε
1202 664 1383 735 πάσης
1437 661 1658 732 ἐντολῆς
1715 659 1851 714 Θεοῦ

281 765 526 826 Παλαιᾶς
563 762 661 815 καὶ
705 760 850 825 Νέας
898 759 1175 830 Διαθήκης
1208 755 1490 828 ποιητικὴ,
1526 755 1621 809 καὶ
1654 753 1854 815 παντὸς

281 854 489 925 ἀγαθοῦ
533 854 633 909 τοῦ
684 852 973 924 μέλλοντος
1008 851 1208 916 αἰῶνος
1239 849 1571 920 παρεκτική.
1617 845 1767 917 Αὕτη
1796 846 1852 898 δὲ

282 947 487 1017 κυρίως
516 945 685 1011 ἐστὶν,
724 946 758 1016 ἡ
804 944 903 1015 τῆς
952 942 1179 1017 καρδίας
1214 942 1560 1014 καθαρότηςο
1594 942 1716 1013 ἥτις
1763 938 1855 993 διὰ

281 1039 341 1093 τὸ
373 1038 605 1110 μέγεθος
637 1038 730 1091 καὶ
762 1037 862 1106 τὴν
891 1035 1157 1106 καλλονὴν
1200 1035 1393 1106 αὐτῆς,
1439 1034 1472 1103 ἢ
1507 1032 1854 1104 κυριωτέρως

281 1133 484 1194 εἰπεῖν,
558 1129 651 1184 διὰ
701 1129 800 1201 τὴν
851 1127 1184 1201 ἀπροσεξίαν
1231 1126 1324 1181 καὶ
1372 1126 1633 1195 ἀμέλειαν
1675 1123 1852 1195 ἡμῶν,

285 1219 535 1284 σπανίζει
566 1221 806 1291 σήμερον
855 1215 1000 1272 πάνυ
1042 1220 1104 1272 ἐν
1149 1221 1404 1289 μοναχοῖς
1424 1231 1436 1246 ·
1469 1219 1536 1291 ἢν
1563 1219 1592 1270 ὁ
1620 1216 1855 1288 Χριστὸς

283 1310 578 1382 μακαρίζει
623 1310 798 1379 λέγων
829 1327 841 1338 ·
888 1309 1177 1378 Μακάριοι
1226 1312 1281 1363 οἱ
1319 1309 1560 1378 καθαροί
1608 1307 1681 1377 τῇ
1718 1324 1857 1377 καρ-

280 1400 404 1469 δίᾳ,
454 1401 545 1455 ὅτι
587 1401 760 1455 αὐτοὶ
799 1401 908 1455 τὸν
939 1400 1091 1455 Θεὸν
1143 1400 1422 1469 ἅψονται.
1478 1399 1714 1470 Τοιαύτη
1761 1398 1855 1453 οὖν

281 1488 437 1558 οὖσα,
471 1491 670 1546 πολλοῦ
702 1492 1058 1563 άγοράζεται.
1106 1491 1288 1563 Νῆψις
1318 1493 1376 1544 ἐν
1421 1491 1693 1562 ἀνθρώπῳ
1724 1508 1854 1561 χρο-

285 1587 527 1651 νίζουσα,
563 1586 727 1658 ὀρθοῦ
767 1587 862 1639 καὶ
908 1586 1200 1656 θεαρέστου
1238 1584 1355 1655 βίου
1397 1585 1589 1656 ὁδηγὸς
1621 1585 1852 1653 γίνεται.

284 1676 490 1731 Τούτου
538 1677 636 1730 καὶ
681 1676 957 1739 ἐπίϐασις,
992 1677 1223 1746 θεωρίαν
1252 1676 1347 1730 καὶ
1373 1676 1434 1730 τὸ
1463 1675 1722 1747 τριμερὲς
1756 1675 1855 1745 τῆς

1952 573 2198 644 largitur,
2229 578 2493 641 quantum
2525 568 2740 638 assequi
2762 567 2923 620 licet:
2958 578 3173 619 necnon
3211 562 3520 618 divinorum

1952 670 2010 716 et
2042 662 2380 716 occultorum
2413 658 2797 731 mysteriorum
2826 665 3093 712 secretam
3132 654 3338 725 prabet
3377 654 3524 708 solu-

1950 750 2157 805 tionem
2183 769 2194 803 :
2224 749 2538 819 suppeditat
2563 748 2708 801 vires
2747 745 3006 816 implendi
3031 754 3226 800 cuncta
3255 743 3347 806 Dei
3367 759 3514 798 man—

1954 843 2234 906 data,tam
2265 840 2450 895 Veteri
2477 855 2640 910 quam
2676 839 2831 893 Novo
2882 838 3231 893 Testamento
3270 850 3523 905 compre-

1956 935 2157 989 hensa:
2208 940 2263 988 et
2302 931 2522 985 tandem
2580 929 2836 984 universa
2896 929 3036 983 bona
3086 934 3308 997 praestat
3353 924 3522 980 futuri

1956 1023 2160 1079 sicculi.
2185 1023 2310 1079 llaec
2339 1029 2520 1077 autem
2553 1019 2771 1091 preprie
2802 1028 2885 1074 est
2908 1018 3130 1088 ,puritas
3173 1017 3358 1073 cordis
3402 1031 3525 1087 quae

1955 1114 2172 1185 quidem
2215 1122 2435 1184 propter
2466 1112 2843 1168 excellentiam
2895 1118 2950 1165 et
3002 1110 3298 1165 bonitatem
3345 1123 3525 1170 suam,

1956 1207 2041 1261 vel
2078 1210 2159 1276 (ut
2177 1206 2349 1276 magis
2379 1203 2600 1274 proprie
2626 1200 2839 1272 loquar)
2871 1202 2941 1256 ob
2965 1200 3235 1273 ignaviam
3279 1208 3334 1255 et
3353 1199 3525 1269 negli-

1957 1297 2195 1367 gentiam
2226 1306 2491 1361 nostram,
2519 1294 2679 1349 hodie
2706 1293 2952 1364 profecto
2979 1308 3097 1346 rara
3129 1300 3212 1346 est
3236 1291 3291 1344 in
3335 1306 3526 1345 mona-

1955 1388 2103 1442 chis:
2132 1402 2297 1457 quam
2324 1384 2574 1443 Christus
2608 1385 2821 1439 beatam
2874 1383 3150 1453 praedicat,
3196 1381 3282 1436 his
3323 1381 3523 1444 verbis,

1957 1478 2111 1532 Beati
2143 1477 2337 1530 mundo
2364 1476 2538 1539 corde,
2571 1475 2823 1544 quoniam
2854 1474 2954 1542 ipsi
2988 1473 3156 1527 Deum
3190 1472 3435 1554 videbunt
3456 1472 3523 1524 ⁵⁸.

1955 1570 2092 1624 Cum
2108 1583 2238 1638 ergo
2268 1567 2337 1622 sit
2366 1567 2657 1636 ejusmodi,
2701 1580 2896 1635 magno
2949 1552 3255 1620 redimitur.
3289 1564 3528 1634 Tempe-

1957 1658 2133 1713 rantia
2164 1672 2284 1727 qua:
2321 1656 2584 1727 perdurat
2612 1656 2668 1708 in
2691 1655 2936 1719 homine,
2964 1661 3127 1708 rectae
3158 1655 3378 1723 Deoque
3410 1655 3526 1724 pla-
3636 1695 3645 1703 .

284 1766 465 1838 ψυχῆς
508 1766 734 1830 δικαίως
781 1769 949 1821 κινεῖν
985 1744 1132 1837 ἡμᾶς
1174 1744 1506 1830 ἐκδιδάσκει,
1537 1744 1858 1835 τὰςήαὶσοή-

1966 1746 2133 1802 ccntis
2183 1746 2310 1801 vita:
2356 1746 2465 1800 dux
2510 1745 2777 1800 efﬁcitur:
2839 1744 2996 1813 cujus
3055 1759 3380 1816 progressus
3424 1759 3529 1799 nos

288 1877 402 1922 σεις
443 1874 503 1911 τε
541 1859 795 1928 ἀσφαλῶς
833 1862 1012 1930 τηρεῖ,
1048 1860 1141 1913 καὶ
1174 1859 1274 1923 τὰς
1317 1858 1540 1928 γενικὰς
1585 1859 1855 1928 τέσσαρας

284 1953 487 2023 ἀρετὰς
520 1955 578 2007 ἐν
608 1953 688 2023 τῷ
717 1954 930 2024 μετόχῳ
961 1951 1131 2023 αὐτῆς
1160 1950 1282 2005 καθ’
1317 1950 1527 2022 ἡμέραν
1552 1948 1728 2014 αὔξει.
1789 2019 1795 2024 ι

360 2209 428 2282 β’.
480 2212 538 2266 ’0
593 2213 766 2283 μέγας
816 2212 1112 2283 νομοθέτης
1161 2211 1387 2283 Μωσῆς,
1440 2211 1640 2282 μᾶλλον
1691 2211 1748 2265 δὲ
1794 2211 1859 2265 τὸ

288 2303 584 2374 Πνεῦματὸ
614 2306 789 2372 διγιον,
822 2303 1188 2359 ὑποδεικνύων
1213 2303 1272 2357 τὸ
1297 2304 1585 2375 ἄμεμπτον
1614 2304 1708 2358 καὶ
1750 2318 1855 2356 καα

288 2393 472 2463 θαρὸν,
514 2393 608 2445 καὶ
641 2394 1011 2463 περιεκτικδν,
1048 2395 1143 2446 καί⁵
1174 2394 1432 2455 comam
1461 2391 1564 2462 τῆς
1601 2392 1854 2464 τοιαύτης

284 2482 518 2554 ἀρετῆς,
553 2485 648 2535 καὶ
684 2483 948 2537 διδάσκων
982 2485 1149 2555 ἡμᾶς,
1180 2485 1331 2547 ὅπως
1359 2483 1563 2555 ταύτης
1592 2481 1856 2553 ἄρχεσθαι

287 2572 382 2624 καὶ
406 2570 643 2625 ἐκτελεῖν
671 2572 769 2636 δεῖ,
795 2573 1034 2642 Πρόσεχε
1068 2572 1302 2643 σεαυτῷ,
1340 2572 1491 2643 φησὶ,
1528 2572 1604 2643 μὴ
1631 2570 1856 2642 γένηται

287 2661 444 2731 ῥῆμα
475 2662 736 2732 κρυπτὸν,
765 2663 864 2732 τὴν
915 2663 1294 2734 μονολόγιστον
1323 2664 1623 2733 ἐμφάνειαν
1655 2664 1856 2735 ὀνομά-

286 2749 397 2815 ζων
458 2752 786 2823 πράγματός
847 2770 994 2815 τινος
1059 2752 1393 2824 μισουμένου
1457 2755 1698 2827 πονηροῦ
1753 2755 1858 2810 ὑπὸ

283 2840 461 2894 Θεοῢ’
505 2844 572 2914 ἣν
615 2844 679 2913 δὴ
728 2846 823 2898 καὶ
871 2844 1178 2916 προσϐολὴν
1223 2846 1475 2915 λέγουσιν
1507 2849 1557 2900 ei.
1587 2847 1853 2919 Πατέρες,

287 2937 707 3006 προσαγομένην
736 2939 803 3007 τῇ
834 2937 1032 3007 καρδίᾳ
1081 2954 1173 2990 σου
1218 2937 1367 3010 παρὰ
1387 2938 1480 2992 τοῦ
1518 2938 1786 3004 διαϐόλου,

286 3028 744 3083 ἐπακολουθοῦσιν
789 3032 841 3084 el
869 3031 1027 3101 ἡμῶν
1072 3032 1347 3103 λογισμοὶ,
1393 3034 1554 3099 εὐθὺς
1598 3053 1857 3108 παραφασ

287 3120 439 3189 νείσῃ
479 3119 556 3190 τῷ
587 3119 682 3191 νῷ,
718 3122 982 3192 ἐμπαθῶς
1012 3141 1070 3177 τε
1100 3125 1236 3198 αὐτῇ
1271 3127 1769 3198 προσδιαλέγονται.

213 3358 222 3367 ,
358 3294 427 3358 γ’.
467 3291 646 3363 Νῆψίς
699 3295 845 3348 ἐστιν
884 3295 1000 3360 ὁδὸς
1052 3296 1233 3370 πάσης
1264 3299 1466 3371 ἀρετῆς
1511 3302 1605 3355 καὶ
1636 3301 1859 3371 ἐντολῆς

289 3378 446 3447 Θεοῦ,
476 3381 596 3452 ἥτις
630 3385 723 3438 καὶ
752 3386 948 3456 καρδία
978 3386 1074 3441 καὶ
1114 3389 1336 3461 ἡσυχία,
1383 3393 1478 3445 καὶ
1514 3392 1858 3462 ἀφάνταστος

285 3466 636 3527 τελειωθεῖσα
667 3475 886 3548 φυλακὴ
913 3479 1032 3542 νοὸς
1067 3480 1100 3550 ἡ
1129 3480 1292 3549 αὐτή.

358 3653 420 3710 δ’.
463 3658 578 3726 Οὐχ
606 3659 707 3728 δρᾷ
736 3658 850 3727 φῶς
877 3660 1031 3731 ἡλίου
1057 3664 1086 3715 ὁ
1111 3665 1390 3734 γεννηθεὶς
1412 3666 1617 3733 τυφλός
1639 3682 1653 3696 ·
1685 3666 1858 3732 οὕτως
1930 3701 1933 3705 ‹

285 3740 411 3795 οὐδὲ
440 3745 469 3796 ὁ
505 3742 581 3815 μὴ
623 3745 779 3816 νήφει
809 3747 1009 3802 ὁδεύων
1039 3751 1140 3821 ὁρᾷ
1184 3751 1458 3817 πλουσίως
1490 3753 1590 3816 τὰς
1635 3771 1861 3825 μαρμα-

288 3839 465 3907 ρυγὰς
500 3839 601 3907 τῆς
640 3838 846 3893 ἄνωθεν
894 3842 1116 3913 χάριτος
1137 3859 1148 3873 ·
1178 3842 1302 3898 οὔτε
1339 3845 1397 3899 δὲ
1425 3845 1860 3919 ἐλευθερωθήσε-

286 3942 381 3980 ται
429 3931 495 3983 ἐκ
547 3931 801 4002 πονηρῶν
850 3935 946 3988 καὶ
997 3936 1245 4008 μισητῶν
1289 3936 1409 4008 Θεῷ
1445 3938 1620 4011 ἔργων
1655 3957 1716 3994 τε
1762 3943 1860 3997 καὶ

287 4015 463 4086 λόγων
505 4021 602 4076 καὶ
630 4022 873 4091 ἐννοιῶν,
906 4025 969 4090 δς
1010 4026 1109 4080 οὐκ
1152 4027 1443 4103 ἐλευθερίῳ
1476 4032 1663 4103 τρόπῳ
1689 4033 1751 4087 ἐν
1787 4036 1856 4106 τῇ

288 4108 455 4185 ἐξόδῳ
483 4114 613 4179 τοὺς
642 4118 968 4190 ταρταρίους
996 4121 1395 4193 παρελεύσεται
1425 4125 1716 4198 ἄρχοντας.

357 4297 420 4391 τ’.
461 4294 708 4391 Προσοζή
760 4295 914 4391 ἐστιζ
951 4299 1219 4391 καρδιακῂ
1266 4302 1611 4371 ἀδιάλειπτος
1658 4309 1860 4381 ἡσυχία

1958 1836 2172 1902 edocet,
2208 1844 2268 1890 ut
2288 1835 2435 1906 juste
2453 1849 2768 1891 moveamus
2787 1834 3240 1905 speculationem,
3267 1843 3321 1890 et
3354 1835 3529 1905 tripli-

1958 1941 2076 1981 cem
2108 1925 2304 1981 animae
2342 1924 2658 1981 facultatem
2685 1943 2699 1980 :
2731 1940 2928 1981 sensus
2952 1925 3010 1980 in
3057 1934 3176 1982 tuto
3205 1936 3525 1983 conservat:

1957 2026 2190 2086 quatuor
2234 2017 2408 2071 etiam
2474 2017 2760 2088 generales
2815 2018 3044 2072 virtutes
3111 2017 3398 2089 participio
3445 2020 3527 2073 sui
3573 2060 3579 2067 .

1955 2118 2119 2179 auget
2147 2108 2411 2178 quotidie.

2026 2202 2082 2257 2.
2109 2202 2337 2274 Magnus
2359 2203 2449 2258 ille
2469 2202 2750 2274 legislator
2773 2201 2968 2267 Moses,
3002 2201 3113 2256 imo
3140 2216 3267 2257 vero
3293 2201 3530 2271 Spiritus

1958 2303 2202 2362 sanctus,
2229 2296 2356 2351 dum
2401 2296 2632 2365 hujusce
2665 2295 2883 2350 virtutis
2931 2293 3245 2351 facultatem
3298 2295 3529 2365 irrepre-

1959 2386 2306 2452 hensibilem,
2343 2401 2556 2457 puram,
2588 2400 2871 2455 capacem,
2902 2394 2958 2439 et
2977 2385 3320 2456 magniﬁcam
3347 2387 3531 2441 subin-

1956 2477 2121 2540 dicat,
2150 2476 2387 2532 instrues
2415 2492 2517 2532 nos
2539 2492 2646 2547 qua
2670 2476 2882 2531 ratione
2915 2474 3224 2531 ducendum
3280 2477 3352 2531 sit
3378 2477 3447 2531 ab
3466 2492 3529 2531 ea

1958 2565 2204 2636 initium,
2227 2575 2388 2638 atque
2434 2568 2911 2638 conplementum:
2967 2568 3203 2624 Attende
3259 2568 3358 2623 tibi
3404 2569 3528 2638 ipsi,

1956 2663 2055 2729 ait,
2080 2676 2152 2715 ne
2180 2661 2403 2715 verbum
2432 2661 2527 2714 ﬁat
2550 2659 2856 2715 occultum:
2887 2658 3216 2730 singularem
3248 2660 3530 2730 appellans

1957 2755 2375 2810 ostentationem
2426 2752 2708 2824 cujusdam
2762 2752 2842 2807 rei
2897 2767 3101 2823 pravae-
3135 2752 3248 2808 Deo
3304 2746 3526 2816 odiosm.

1957 2862 2123 2917 quam
2157 2859 2290 2901 sane
2341 2844 2530 2901 Patres
2564 2843 2728 2898 etiam
2776 2843 3063 2898 nominant
3106 2843 3528 2914 suggestionem,

1956 2952 2077 3007 quae
2103 2935 2253 2993 cordi
2285 2944 2378 2991 tuo
2410 2935 2720 2990 obtruditur
2747 2950 2777 2988 a
2827 2932 3063 2989 diabolo.
3112 2932 3308 2998 Quam,
3345 2932 3529 2988 statim

1961 3035 2023 3081 ut
2076 3041 2197 3081 sese
2221 3025 2533 3081 exhibuerit
2573 3023 2763 3089 menti,
2813 3030 3119 3093 sequuntur
3172 3024 3532 3093 cogitationes

1961 3124 2190 3185 nostrae,
2251 3125 2309 3172 ct
2359 3132 2481 3173 cum
2535 3131 2598 3171 ea
2650 3115 2918 3186 colloquia
2958 3118 3191 3173 miscent
3242 3117 3531 3173 allemibus

1960 3196 2142 3280 plena.

2034 3303 2087 3357 5.
2129 3301 2510 3372 Temperantia
2557 3311 2643 3358 est
2693 3301 2779 3357 via
2834 3300 3098 3357 virtutum
3144 3302 3428 3369 omnium,
3476 3304 3532 3360 et

1961 3393 2345 3449 mandatorum
2406 3392 2523 3460 Dei,
2552 3408 2673 3463 qute
2705 3393 2924 3463 quidem
2976 3388 3257 3450 etiam-est
3300 3410 3414 3460 cor,
3475 3406 3533 3450 et

1960 3482 2148 3552 quies:
2205 3483 2502 3553 eademque
2553 3482 2620 3537 ad
2686 3482 3013 3538 vacuitatem
3082 3482 3530 3554 imaginationum

1960 3577 2202 3647 perfecte
2224 3578 2466 3642 redacta,
2500 3578 2698 3634 mentis
2718 3588 2803 3632 est
2829 3577 3097 3634 custodia.

2028 3665 2086 3720 4.
2116 3665 2221 3730 Qui
2249 3676 2554 3723 excaecatus
2584 3676 2687 3733 est,
2716 3682 2828 3721 non
2854 3667 3006 3721 videt
3031 3665 3161 3721 solis
3208 3665 3429 3721 lumen:
3455 3666 3530 3721 ita

1959 3755 2053 3825 qui
2108 3771 2222 3810 non
2273 3757 2514 3813 ambulat
2568 3765 2955 3826 temperanter,
3018 3752 3289 3825 pretiosos
3342 3757 3529 3828 gratia:

1959 3862 2213 3918 superna
2249 3849 2570 3919 splendores
2630 3849 2824 3919 nequit
2865 3848 3211 3920 perspicere:
3270 3866 3449 3923 neque
3497 3868 3533 3915 ι

1960 3938 2117 3993 malis
2139 3946 2195 3994 et
2223 3936 2335 3995 Deo
2367 3938 2571 3994 odiosis
2601 3939 2882 4011 operibus,
2906 3939 3278 4004 semonibus.
3297 3952 3355 3998 et
3384 3945 3533 4015 cogi-

1959 4030 2260 4088 tationibus
2302 4030 2646 4105 liberabitur.
2676 4031 2762 4088 .Et
2793 4031 2841 4087 is
2863 4040 3106 4102 tempore
3147 4032 3345 4101 exitus,
3380 4036 3530 4091 nulla

1957 4123 2129 4179 libere
2148 4122 2645 4195 evadendiratione
2669 4138 2960 4196 perpensa,
2988 4131 3347 4182 tartareorum
3373 4128 3532 4199 prin-

1960 4213 2145 4285 cipum
2164 4229 2360 4271 manus
2382 4229 2494 4273 non
2524 4214 2766 4286 etl‘ugiet.
2868 4258 2871 4261 λ

2034 4306 2088 4362 5.
2121 4305 2366 4362 Attentio
2384 4316 2476 4371 est
2502 4307 2761 4362 continua
2790 4307 3250 4379 cordisrrequies,
3295 4311 3366 4367 ab
3410 4325 3534 4365 om—

285 4381 629 4473 dvrbjravrb;
654 4383 938 4457 λογισμοῦ,
963 4381 1199 4460 Χριστδν
1239 4393 1447 4463 Ἰησοῦν
1468 4396 1559 4452 τὸν
1592 4397 1720 4451 Υίὸν
1761 4399 1857 4453 τοῦ

1966 4397 2127 4455 nibus
2186 4397 2624 4469 cogitationibus.
2649 4397 2865 4454 libera:
2928 4412 3052 4469 quas
3104 4399 3282 4455 solum
3343 4399 3530 4456 lesqu

283 4470 425 4524 Θεοῦ
457 4467 551 4526 καὶ
589 4474 724 4528 Θεὸν
766 4477 855 4531 ἀεὶ
911 4478 1010 4533 καὶ
1065 4482 1310 4547 άεννάως
1347 4486 1445 4540 καὶ
1499 4488 1864 4556 ἀδιαλείπτως

1962 4487 2243 4545 Christum
2275 4489 2370 4544 Dei
2419 4488 2616 4544 Filium
2667 4498 2726 4544 et
2782 4488 2953 4546 Deum
2991 4499 3262 4561 perpetuo
3311 4505 3376 4546 ac
3413 4491 3533 4546 sine

289 4560 454 4631 μόνον
502 4564 665 4619 αὐτὸν
709 4568 1077 4638 ἀναπνέουσα,
1132 4575 1228 4628 καὶ
1280 4576 1720 4651 ἐπικαλουμένη,
1771 4584 1858 4636 καὶ

1966 4579 2371 4636 intermissione
2400 4582 2573 4650 spirat
2596 4587 2651 4635 et
2674 4579 2948 4650 implorat,
2980 4560 3244 4636 staticum
3273 4596 3340 4637 eo
3356 4581 3533 4637 virili-

286 4653 552 4745 ἀνδρείως
600 4657 736 4726 πρὸς
781 4662 909 4725 τοὺς
959 4663 1190 4735 ἐχθροὺς
1237 4670 1649 4743 συντασσομένη
1688 4673 1860 4745 αὐτῷ,

285 4743 439 4813 αὐτῷ
468 4760 526 4796 τε
559 4744 1028 4823 ἐξομολογουμένη
1054 4754 1135 4824 τῷ
1159 4755 1414 4821 ἐξουσίαν
1442 4758 1618 4830 ἔχοντι
1650 4743 1863 4835 συγχω-

286 4837 405 4926 ρεῖν
439 4835 833 4926 ἁμαρτήματα.
885 4844 1410 4919 Περιπτυσσομένης
1460 4850 1568 4923 γὰρ
1623 4856 1861 4926 συνεχῶς

281 4924 507 5016 dipter
547 4926 615 4979 δι’
641 4928 984 5001 ἐπικλήσεως
1009 4937 1272 5006 κρυπτῶς
1299 4940 1457 5014 μόνῳ
1485 4941 1562 5010 τῷ
1586 4942 1684 5007 τὰς
1724 4924 1863 5016 καρ-

279 5012 403 5081 δίας
432 5014 830 5091 ἐξεταζομένῳ,
878 5023 1003 5088 τοὺς
1047 5026 1368 5098 ἀνθρώπους
1399 5012 1457 5087 τε
1488 5034 1698 5097 πάντας
1728 5012 1862 5090 πανο

280 5103 441 5197 τοίως
474 5105 659 5162 λαθεῖν
692 5113 1042 5186 πειρωμένης
1071 5118 1172 5190 τῆς
1204 5119 1385 5193 ψυχῆς
1413 5124 1514 5195 τὴν
1545 5125 1862 5197 γλυκύτητα

282 5193 475 5287 αύτῇς,
501 5199 593 5251 καὶ
623 5199 714 5254 τὸν
748 5201 896 5258 ἔνδον
921 5207 1131 5274 ἀγῶνα,
1167 5213 1304 5283 μήτε
1347 5217 1376 5269 ὁ
1406 5193 1643 5287 πονηρὸς
1683 5193 1861 5275 λαθῶν

282 5284 537 5382 εὐοδῴσει
571 5293 792 5382 κακίαν,
826 5298 921 5351 καὶ
952 5300 1207 5369 άφανίσει
1237 5284 1539 5378 καλλίστην.
1575 5310 1882 5382 ἐργασίαν.⁴

486 5377 664 5448 Νῆψίς
706 5386 874 5452 ἐστιν,
931 5364 1168 5460 ἔμμονος
1209 5364 1734 5470 λογισμοῶπῆξίς,

286 5464 479 5528 στάσις
516 5469 679 5524 αὑτοῦ
720 5476 780 5529 ἐν
824 5478 969 5552 πύλῃ
1016 5486 1268 5553 καρδίας,
1297 5490 1332 5560 ἢ
1362 5464 1488 5555 τοὺς
1527 5464 1860 5565 ἐρχομένους

1963 4680 2046 4728 ter
2066 4673 2121 4726 in
2154 4672 2273 4728 acie
2303 4673 2567 4728 adversus
2584 4673 2793 4737 hostes,
2820 4671 2980 4741 eique
3002 4673 3313 4739 conﬁtetur,
3333 4688 3557 4744 nempe

1960 4765 2051 4834 qui
2075 4765 2244 4834 possit
2265 4765 2547 4820 remittere
2573 4772 2814 4833 peccata.
2837 4763 2975 4818 Cum
3000 4762 3145 4818 enim
3169 4766 3349 4820 anima
3379 4765 3534 4821 invo-

1961 4856 2268 4911 cationibus
2297 4855 2531 4911 assiduis
2560 4855 3030 4926 circumplectitur
3080 4854 3383 4923 Christum,
3439 4857 3535 4927 qui

1960 4948 2109 5003 solus
2178 4954 2394 5002 secreto
2449 4953 2727 5002 scrutatur
2791 4946 2995 5010 corda,
3052 4961 3383 5016 omnemque
3443 4948 3535 5002 dat

1959 5053 2207 5108 operam,
2238 5054 2310 5094 ne
2342 5032 2437 5093 ulli
2462 5038 2744 5095 hominum
2771 5046 2916 5101 notae
2943 5038 3055 5093 sint
3083 5038 3403 5093 dulcedines
3420 5053 3535 5092 ante

1961 5128 2276 5198 internique
2328 5127 2633 5192 conﬂictus,
2679 5128 2833 5183 nullo
2889 5137 3051 5197 pacto
3099 5127 3383 5197 improbus
3441 5129 3535 5185 ille

1966 5218 2104 5273 clam
2127 5218 2429 5287 nequitiam
2472 5233 2794 5290 promovere
2836 5217 3057 5302 poterit,
3086 5223 3144 5270 et
3189 5217 3537 5287 operationes

1966 5309 2201 5379 optimas
2219 5310 2425 5366 delere.
3158 5354 3161 5361 .
3512 5308 3515 5311 Α

2036 5401 2088 5454 6.
2152 5401 2535 5470 Temperantia
2598 5411 2684 5457 est
2728 5416 3089 5472 perseverans
3146 5400 3536 5472 cogitationum

1964 5497 2269 5550 constantia
2315 5512 2329 5551 :
2386 5495 2611 5565 quando
2676 5495 2881 5550 scilicet
2942 5494 3390 5603 sistttntnr'ipstn
3439 5509 3538 5565 pro

3078 5757 3148 5821 b7
