4038 6226
472 328 610 391 1183

1656 321 2015 383 uesrcuu
2058 280 2533 383 caesurum

3592 327 3733 394 1484

470 441 680 497 foribus
717 438 917 501 cordis,
951 435 1214 508 perapicit
1239 446 1293 491 et
1342 437 1495 491 audit
1524 435 1610 489 illa
1655 436 1786 505 quid
1839 435 2046 498 dicant,

2167 436 2446 505 ιογισμοὺς
2485 435 2699 501 λεπτῶς
2741 438 2846 510 ὁρᾷ
2874 439 2968 491 καὶ
3001 436 3215 505 ἀκούει,
3245 442 3296 493 τί
3343 441 3443 510 μὲν
3487 442 3732 511 λέγουσι,

470 531 672 601 quidve
735 529 938 582 iaciant
1002 528 1192 582 furtim
1278 527 1608 596 obrepentes
1684 525 2048 596 cogitationes

469 622 752 677 exitiales:
789 634 1040 691 quamam
1067 622 1232 676 etiam
1291 619 1365 673 sit
1395 620 1590 684 forma,
1628 634 1748 689 qua:
1782 634 1812 673 a
1841 619 2047 673 daemo—

470 717 635 770 nibus
664 715 999 785 insculpitur
1028 724 1086 769 et
1125 713 1487 785 imprim‘itur:
1540 728 1605 768 ac
1658 726 1757 785 per
1814 711 2048 782 seipsam

471 809 961 880 imaginationibus
1007 807 1310 864 dissolvere
1349 807 1548 863 nititur
1595 806 1864 861 animum.
1926 805 2051 859 llaec

468 901 617 955 enim
642 900 942 971 diligenter
970 900 1209 962 exculta.
1238 900 1284 954 si
1306 900 1562 963 velimus,
1586 899 1879 954 admodum
1915 899 2050 952 scite

468 1009 570 1048 nos
600 994 801 1048 docent
821 993 946 1047 belli
978 993 1365 1047 intellectualis
1387 992 1802 1063 experientiam.

541 1084 591 1137 7.
623 1083 854 1150 Quando
875 1083 1183 1137 deserimur
1220 1099 1251 1137 a
1274 1083 1406 1148 Deo,
1436 1083 1658 1153 quando
1683 1083 1814 1135 item
1854 1092 2056 1135 occur-

436 1210 441 1215 -
471 1189 599 1233 runt
631 1178 967 1232 tentationes
1006 1176 1073 1230 ad
1120 1175 1490 1231 erudiendum
1527 1184 1687 1245 aptte,
1730 1173 1929 1243 duplex
1963 1173 2052 1226 ille

472 1280 651 1324 metus
676 1269 998 1324 attentionis
1016 1269 1333 1338 magistram
1363 1267 1832 1322 continuationem
1862 1279 2051 1334 parere

470 1361 609 1416 solet
638 1362 694 1414 in
716 1369 896 1416 mente
920 1360 1191 1416 hominis:
1219 1361 1310 1428 qui
1343 1374 1629 1427 pravarum
1659 1357 2049 1428 cogitationum

471 1468 810 1522 operumque
837 1460 1071 1506 conatur
1101 1452 1359 1505 obturare
1386 1450 1618 1504 fontem.
1643 1448 1803 1503 Unde
1852 1458 1907 1503 et
1950 1448 2051 1502 (le-

472 1541 744 1593 scrtiones
767 1546 823 1593 et
856 1539 1148 1607 insperata
1173 1551 1203 1590 a
1240 1535 1350 1591 Deo
1384 1537 1724 1591 tcntationes
1748 1537 1815 1589 ad
1863 1551 2052 1591 emcn-

472 1633 748 1687 dationem
790 1630 915 1684 vitae
951 1637 1154 1683 nostrae
1199 1629 1503 1683 obveniant
1534 1630 1694 1683 nobis
1752 1629 2048 1700 praecipue,

469 1724 562 1793 qui
589 1721 990 1777 recreationem
1018 1721 1183 1790 hujus
1218 1721 1349 1775 boni
1376 1721 1741 1791 gnstavimus,
1787 1731 1842 1776 et
1869 1731 2048 1776 tamen

471 1814 811 1885 Iwgligimus.
841 1812 1196 1868 Continuatio
1224 1828 1354 1868 vero
1380 1813 1549 1885 gignit
1569 1813 1845 1868 habitum:
1885 1813 2047 1868 habi-

472 1917 557 1961 tus
583 1916 789 1969 autem,
828 1905 1133 1959 naturalem
1166 1905 1458 1975 quamdam
1496 1906 1876 1977 temperantia:
1933 1905 2043 1960 fre-

470 1998 786 2068 quentiam:
828 1996 947 2052 haec
978 1997 1219 2062 tandem,
1255 2014 1355 2067 pro
1396 1998 1662 2067 qualitate
1714 1998 1816 2060 rei,
1844 1998 2045 2052 sensim

472 2090 724 2160 producit
756 2089 1277 2159 contemplationem
1308 2090 1465 2145 belli:
1490 2105 1653 2160 quam
1691 2089 1894 2159 excipit
1922 2105 2049 2159 per-

471 2200 734 2240 scverans
767 2199 893 2254 erga
924 2181 1110 2238 losum
1145 2182 1412 2251 precatio,
1458 2183 1646 2237 suavis
1677 2180 2050 2251 tranquillitas

470 2278 639 2333 animi
674 2273 1155 2346 imaginationibus
1188 2288 1381 2337 vacua,
1441 2283 1498 2328 et
1528 2273 1797 2328 stabilitas
1832 2273 1887 2327 in
1919 2272 2050 2327 Jesu

472 2372 494 2425 ί·
496 2371 718 2425 nudata.

540 2463 594 2516 8.
628 2460 904 2515 Constans
922 2458 1160 2521 animus,
1194 2458 1287 2528 qui
1309 2456 1588 2513 Christum
1614 2458 1835 2514 invocat
1855 2457 2052 2513 adver-

472 2569 566 2607 sus
594 2553 804 2616 hostes,
853 2551 922 2604 ad
970 2549 1236 2619 illumque
1269 2549 1529 2622 perfugit,
1590 2559 1677 2605 est
1733 2550 1886 2606 velut
1935 2549 2051 2603 l‘era

472 2645 719 2715 quantum
775 2657 805 2695 a
851 2641 1080 2695 canibus
1113 2656 1225 2695 non
1283 2643 1470 2711 paucis
1514 2642 1873 2709 circumdata,
1931 2658 2054 2713 quae

475 2738 709 2806 scipsam
746 2749 812 2788 ex
861 2734 1094 2788 adverso
1135 2730 1368 2788 collocat
1398 2734 1451 2788 in
1506 2744 1648 2790 tuto.
1679 2735 1821 2790 Cum
1868 2746 2052 2791 autem

473 2827 664 2901 procul
694 2835 878 2880 mente
901 2825 1200 2895 praevidcat
1224 2826 1464 2881 hostium
1507 2827 1864 2883 invisibilium
1889 2828 2054 2884 intel-

476 2921 739 2975 leclualt‘s
766 2918 1016 2982 insidias,
1044 2917 1171 2986 quia
1216 2917 1565 2974 continenter
1597 2921 1886 2975 adversum
1935 2921 2056 2977 illos

477 3021 586 3066 stat
610 3027 735 3066 eum
766 3009 895 3067 J‘esu
924 3002 1172 3081 paeiilco,
1203 3021 1489 3080 permanet
1516 3011 1719 3066 illaesos
1750 3013 1819 3068 ab
1855 3013 1983 3069 illis.

548 3106 603 3157 9.
646 3105 703 3157 Si
732 3117 1022 3173 prtees,ac
1071 3103 1170 3157 tibi
1227 3103 1411 3157 datum
1455 3114 1558 3168 est,
1616 3114 1679 3159 ut
1729 3106 1952 3161 assistas
2003 3115 2128 3177 etc

479 3197 744 3268 specteris
778 3196 1037 3249 horarum
1077 3196 1471 3250 matutinarum
1519 3205 1785 3266 tempore,
1829 3210 2059 3253 conces-

479 3305 599 3344 sum
621 3296 704 3342 est
738 3286 948 3356 utique,
970 3294 1031 3340 ut
1060 3286 1135 3341 sis
1160 3288 1325 3341 etiam
1362 3288 1662 3359 spectator.
1705 3289 1803 3342 Sin
1854 3290 2058 3353 minus,

482 3381 665 3451 Vigila,
688 3386 745 3433 et
778 3378 1162 3447 consequeris.

552 3467 638 3523 10.
677 3466 897 3536 Corpus
927 3466 1095 3521 maris
1120 3466 1372 3521 consistit
1398 3466 1451 3520 in
1503 3481 1768 3537 aquarum
1810 3471 2058 3526 multitu-

481 3562 641 3618 dine:
676 3572 965 3629 compages
987 3567 1170 3612 autem
1205 3568 1260 3612 et
1292 3558 1693 3613 ﬁrmamentum
1728 3562 2057 3629 sobrietatis,

482 3648 852 3713 abstinentiae,
878 3655 935 3703 et
958 3646 1401 3717 profundissimae
1430 3648 1635 3718 quietis
1659 3650 1880 3717 animae,
1904 3654 2063 3724 abys-

481 3755 575 3793 sus
602 3739 731 3793 item
757 3735 1286 3806 contemplationem
1318 3742 1428 3790 tam
1458 3741 1475 3758 ‘
1529 3752 1693 3806 quam
1711 3753 2058 3805 arcanorum,

462 3829 859 3901 .ox‘ploratricis
917 3827 1082 3883 etiam
1155 3827 1512 3890 humilitatis,
1584 3829 1937 3885 rectitudinis
2001 3846 2064 3886 ac

481 3921 816 3988 dilectionis,
847 3929 934 3975 est
961 3933 1175 3974 summa
1223 3918 1586 3988 temperantia
1645 3928 1702 3974 et
1742 3921 2066 3990 deprecatio

480 4015 605 4070 .lcsu
647 4012 856 4069 Christi
918 4026 1112 4067 carens
1167 4009 1594 4081 cogitationibus
1637 4029 1652 4065 :
1702 4012 1865 4082 idque
1938 4029 2064 4069 cum

482 4106 864 4175 frequentibus
917 4102 1171 4174 suspiriis
1222 4111 1278 4156 et
1322 4102 1586 4157 continuo
1644 4103 1856 4171 labore,
1924 4087 2065 4160 citra

484 4204 664 4247 tmuen
700 4191 1070 4247 oﬂensionem
1102 4191 1212 4247 sui.

554 4285 641 4338 ll.
682 4282 803 4336 Non
836 4282 1006 4336 omnis
1026 4284 1119 4352 qui
1147 4283 1274 4337 dicit
1301 4284 1429 4338 mihi
1463 4298 1480 4337 :
1514 4283 1774 4348 Domine,
1822 4284 2064 4351 Domine,

482 4371 703 4424 intrabit
729 4370 786 4424 in
817 4383 1034 4440 regnum
1054 4370 1326 4435 caelorum,
1352 4371 1565 4440 inquit:
1596 4379 1686 4425 sed
1715 4373 1805 4443 qui
1826 4374 1951 4444 facit
1974 4390 2066 4428 vo—

2149 527 2202 579 τί
2228 526 2284 581 δὲ
2326 527 2574 582 ποιοῦσιν
2602 531 2653 582 οἱ
2688 530 2884 599 φόνιοι,
2913 533 3009 585 καὶ
3032 532 3117 594 τίς
3147 532 3296 585 ἐστιν
3322 534 3356 603 ἡ
3394 533 3736 605 ὲγγλυφεῖσα

2149 625 2246 676 καὶ
2289 624 2629 696 στηλωθείσα
2682 628 2867 700 μορφή
2921 630 3077 701 παρά
3126 630 3238 684 τῶν
3280 631 3590 702 δαιμόνων,
3640 634 3741 689 καὶ

2151 716 2471 786 πειρωμένη
2510 714 2578 769 δι’
2628 718 2829 789 ἑαυτῆς
2879 721 3260 789 φανταστικῶς
3295 721 3600 776 καταλῦσαι
3646 724 3740 776 τὴν

2150 806 2297 861 νοῦν.
2348 806 2535 862 Ταῦτα
2588 807 2700 880 γὰρ
2753 811 3189 882 φιλοπονούμενα
3244 812 3346 882 τὴν
3399 814 3595 885 πεῖραν
3640 813 3740 866 τοῦ

2151 900 2345 971 νοητοῦ
2376 901 2612 973 πολέμου
2648 902 3033 975 ἐπιστημόνως
3063 905 3205 974 ἀγαν
3234 906 3389 976 ἡμῖν,
3424 905 3520 959 ὲάν
3564 905 3740 960 θέλω-

2154 1009 2278 1064 μεν,
2305 992 2662 1048 δεικνύουσιν.

2219 1086 2288 1150 ζν.
2338 1081 2462 1140 Οἵδε
2494 1087 2693 1159 γεννᾷν
2726 1085 2894 1155 φόϐος
2936 1087 2966 1139 ό
3004 1086 3182 1150 διττὸς
3224 1086 3322 1139 καὶ
3368 1087 3424 1139 αἱ
3460 1085 3566 1139 ὑπὸ
3597 1085 3741 1138 Θεοῦ

2151 1178 2590 1249 ἐγκαταλείψεις,
2622 1178 2718 1233 καὶ
2756 1181 2814 1233 αἱ
2866 1179 3215 1234 παιδευτικαὶ
3249 1181 3361 1233 τῶν
3408 1181 3743 1252 πειρασμῶν

2155 1265 2477 1337 συμϐάσεις,
2536 1266 2818 1338 συνέχειαν
2860 1267 3222 1337 ἐπιστατικὴν
3258 1269 3533 1340 προσοχῆς
3564 1270 3624 1320 ὲν
3659 1268 3744 1339 τῷ

2151 1357 2469 1430 ἡγεμονικῷ
2519 1358 2612 1411 τοῦ
2670 1357 2959 1429 ἀνθρώπου
3010 1360 3358 1431 πειρωμένου
3404 1361 3507 1431 τὴν
3553 1362 3745 1430 πηγὴν

2152 1450 2360 1520 φράξαι
2389 1449 2497 1504 τῶν
2531 1449 2717 1504 κακῶν
2759 1451 3041 1522 λογισμῶν
3068 1455 3164 1506 καὶ
3196 1452 3398 1524 ἔργων,
3428 1453 3495 1505 δι’
3525 1454 3595 1525 ἢν
3643 1455 3744 1507 καὶ

2154 1542 2597 1612 ἐγκαταλείψεις,
2624 1542 2721 1596 καὶ
2755 1544 2805 1596 οἱ
2835 1543 3089 1614 ἀδόκητοι
3118 1543 3232 1597 ἀπὸ
3263 1543 3401 1596 Θεοῦ
3439 1546 3742 1616 πειρασμοὶ

2153 1635 2291 1708 πρὸς
2315 1634 2415 1707 τὴν
2446 1634 2607 1705 ἡμῶν
2631 1634 2724 1689 τοῦ
2756 1634 2874 1705 βίου
2904 1636 3208 1708 διόρθωσιν,
3234 1637 3328 1690 καὶ
3363 1637 3601 1705 μάλιστα
3626 1641 3742 1701 τοῖς

2155 1728 2513 1799 γευσαμένοις
2548 1727 2649 1797 τὴν
2697 1729 3009 1784 ἀνάπαυσιν
3057 1729 3153 1783 τοῦ
3205 1730 3372 1784 καλοῦ
3413 1730 3608 1784 τούτου
3644 1731 3742 1783 καὶ

2155 1819 2472 1891 ἀμελοῦσιν.
2507 1820 2576 1874 Ἦ
2600 1820 2659 1874 δὲ
2682 1821 2934 1891 συνέχεια
2966 1823 3131 1891 γεννᾷ
3157 1820 3303 1886 ἕξιν·
3330 1824 3364 1892 η
3395 1821 3475 1886 δὲ,
3502 1823 3744 1891 φυσικήν

2154 1931 2276 1968 τινα
2327 1913 2642 1985 πυκνότητα
2695 1912 2946 1983 νήψεως·
2996 1915 3030 1983 η
3068 1913 3149 1975 δὲ,
3200 1914 3440 1984 θεωρίαν
3466 1914 3602 1977 τέως
3643 1913 3741 1966 τοῦ

2156 2004 2396 2075 πολέμου
2451 2006 2638 2075 ἡρέμα
2684 2005 2827 2057 κατά
2873 2004 3136 2074 ποιότητα
3178 2006 3365 2075 γεννᾷ,
3404 2003 3475 2075 ῆν
3523 2006 3741 2075 δέχεται

2156 2093 2416 2162 ἐπίμονος
2462 2092 2639 2163 Ἰησοῦ
2682 2092 2838 2164 εὐχὴ,
2874 2094 2908 2164 ὴ
2954 2095 3301 2163 ἀφάνταστος
3342 2094 3460 2158 νοὸς
3511 2095 3741 2164 γλυκεῖα

2157 2182 2386 2253 ἠρεμία,
2433 2183 2528 2235 καὶ
2561 2185 2595 2253 ἡ
2625 2181 2961 2245 κατάστασις
2990 2181 3051 2247 ἐξ
3082 2182 3261 2253 Ἰησοῦ
3294 2183 3629 2240 συνεστῶσα.

2227 2455 2298 2520 η’.
2346 2448 2634 2517 Ἰσταμένη
2657 2449 2752 2502 καὶ
2777 2447 3183 2518 ἐπικαλουμένη
3210 2449 3242 2518 ή
3268 2447 3480 2503 διάνοια
3503 2447 3743 2518 Χριστὸν

2158 2542 2301 2595 κατά
2343 2539 2454 2593 τῶν
2484 2540 2780 2610 πολεμίων,
2830 2539 2927 2594 καὶ
2957 2539 3382 2609 καταφεύγουσα
3424 2540 3510 2591 ἐπ’
3552 2539 3738 2605 αὑτὸν,

2158 2626 2271 2685 οἷον
2301 2622 2407 2701 θήρ
2443 2648 2527 2694 τις
2570 2630 2875 2695 κυκλωθεὶς
2909 2630 3015 2684 ὑπὸ
3042 2629 3220 2685 κυνῶν
3247 2629 3482 2696 πολλῶν,
3511 2631 3607 2684 καὶ
3631 2631 3744 2684 ἀν·-

2158 2724 2422 2794 τιστήσας
2461 2722 2650 2778 ἑαυτὸν
2679 2724 2736 2775 ἐν
2769 2721 3112 2793 ὀχυρώματι,
3140 2721 3422 2794 πόρρωθεν
3448 2722 3509 2776 ’δὲ
3539 2723 3746 2792 νοητῶς

2161 2818 2290 2880 τοὺς
2318 2816 2543 2888 νοητοὺς
2589 2815 2778 2884 λόχους
2809 2813 2917 2866 τῶν
2954 2812 3205 2883 ἀοράτων
3247 2811 3459 2883 ἐχθρῶν
3504 2812 3734 2882 προὸλέ-

2167 2924 2365 2968 πουσα.
2395 2908 2490 2961 καὶ
2529 2907 2618 2961 διά
2649 2907 2709 2960 τὸ
2738 2906 2977 2976 συνεχῶς
3019 2905 3370 2975 ἐντυγχάνειν
3408 2903 3487 2974 τῷ
3529 2905 3749 2974 εἰρηνο-

2163 2997 2302 3067 ποιῷ
2330 2996 2502 3066 Ἰησοῦ
2519 2998 2639 3050 κατ’
2664 2994 2871 3062 αὐτῶν,
2902 2996 3146 3067 ἄτρωτος
3172 2994 3230 3061 ἐξ
3259 2994 3441 3048 αὐτῶν
3474 2994 3743 3062 διαμένει.

2237 3090 2302 3145 θ’.
2352 3091 2414 3142 Ei
2466 3089 2765 3143 ἐπίστασαι
2820 3089 2915 3141 καὶ
2957 3087 3116 3158 ἐδόθη
3154 3103 3233 3141 σοι
3275 3088 3357 3151 εἰς
3395 3086 3495 3150 τάς
3533 3086 3750 3156 πριυῖας

2164 3183 2523 3253 παρεστάναι,
2551 3184 2645 3235 καὶ
2678 3180 3099 3244 ἐποπτεύεσθαι,
3124 3179 3371 3234 ἀλλὰκαὶ
3400 3177 3748 3242 ἐποπτεύειν,

2158 3270 2308 3337 οἶδας
2340 3272 2369 3326 ὃ
2395 3273 2542 3342 λέγω
2562 3288 2576 3303 ·
2611 3274 2661 3326 εἰ
2691 3272 2746 3326 δὲ
2780 3270 2866 3337 οὓ,
2910 3272 3070 3342 νῆφε,
3102 3270 3198 3326 καὶ
3224 3270 3389 3342 λήψῃ.

2237 3461 2290 3511 ι’.
2340 3453 2675 3524 Συστήματα
2702 3451 2985 3508 θαλασσῶν
3012 3449 3157 3522 ὕδωρ
3190 3449 3327 3504 πολύ
3352 3464 3367 3480 ·
3400 3449 3653 3520 σύστημα
3689 3450 3750 3502 δὲ

2165 3546 2262 3600 καὶ
2293 3546 2623 3617 κραταίωμα
2656 3544 2898 3616 νήψεως,
2935 3543 3033 3597 καὶ
3076 3542 3490 3613 νηφαλιότητος,
3528 3542 3621 3595 καὶ
3647 3542 3750 3610 ψυ-

2164 3639 2326 3709 χικῆς
2368 3626 2511 3692 κατὰ
2555 3637 2754 3707 βάθους
2793 3637 3049 3710 ἡσυχίας,
3081 3636 3178 3690 καὶ
3220 3634 3457 3699 ἀϐυσσος
3502 3634 3753 3703 θεωριῶν

2166 3732 2257 3784 καὶ
2287 3731 2381 3795 ἐξα
2413 3770 2450 3785 ..
2479 3747 2539 3783 τε
2564 3731 2660 3784 καὶ
2681 3720 3034 3803 ἀπορρήτων,
3062 3730 3158 3783 καὶ⁸
3187 3728 3624 3798 ὲπιγνωμονικῆς
3651 3744 3753 3779 τα-

2167 3823 2501 3887 πεινώσεως,
2530 3824 2626 3878 καὶ
2655 3823 2972 3894 εὐθύτητος,
3001 3823 3096 3876 καὶ
3121 3821 3366 3891 ἀγάπης,
3400 3821 3561 3890 νῆψις
3600 3821 3753 3889 ἄκρα

2166 3917 2266 3971 καὶ
2329 3915 2507 3986 Ἰησοῦ
2545 3913 2785 3987 Χριστοῦ
2839 3915 3009 3986 χωρὶς
3063 3912 3341 3983 λογισμῶν
3401 3911 3536 3982 εὐχὴ
3574 3950 3588 3976 ,
3654 3911 3755 3962 καὶ

2165 4010 2325 4063 τοῦτο
2374 4008 2598 4073 στενῶς,
2647 4010 2743 4063 καὶ
2782 4006 3024 4070 πυκνῶς,
3055 4005 3151 4060 καὶ
3188 4002 3475 4076 διηνεκῶς,
3517 4001 3615 4055 καὶ
3652 4016 3757 4053 πο-

2167 4101 2424 4172 νητικῶς,
2458 4100 2553 4155 καὶ
2586 4101 2661 4172 μὴ
2705 4101 3052 4169 περικακεϊν.

2240 4283 2332 4331 ια’.
2362 4278 2445 4331 οὐ
2464 4274 2584 4341 πᾶς
2613 4278 2646 4330 ὁ
2675 4274 2870 4344 λέγων
2888 4290 3010 4342 μοι,
3039 4272 3236 4340 Κύριε,
3258 4271 3456 4339 Κύριε,
3485 4269 3755 4322 εἰσελεύ-

2167 4384 2359 4430 σεται,
2403 4368 2601 4437 ιρησὶν,
2639 4366 2711 4420 ἐν
2759 4364 2836 4434 τῇ
2865 4364 3168 4429 ϐασιλείᾳ,
3220 4362 3360 4417 ἀλλ’
3384 4363 3417 4415 ὁ
3464 4358 3652 4413 ποιῶν
3684 4361 3757 4412 τὸ

482 4463 742 4517 (niualem
770 4460 949 4514 Patris
979 4461 1084 4514 mei
1122 4461 1189 4513 ⁸³.
1229 4460 1491 4516 Voluntas
1512 4473 1705 4517 autem
1735 4465 1909 4533 patris
1934 4466 2056 4535 ejus

2167 4457 2393 4526 θέλημα
2428 4456 2535 4510 τοῦ
2566 4454 2798 4522 Πατρός
2846 4470 2986 4523 μου.
3013 4451 3241 4521 Θέλημα
3291 4448 3348 4503 δὲ
3401 4448 3496 4502 τοῦ
3537 4448 3757 4516 Πατρδς

485 4555 602 4607 haec
660 4561 769 4616 est,
816 4566 1069 4622 nempe:
1126 4550 1237 4618 Qui
1293 4554 1515 4626 diligitis
1575 4555 1883 4621 Dominum,
1927 4559 2066 4614 adite

486 4642 717 4696 mala“.
773 4641 1183 4696 Accedentibus
1220 4657 1352 4714 ergo
1408 4645 1668 4714 precibus
1711 4661 1835 4716 erga
1877 4647 2064 4703 Iesum

484 4733 786 4795 Christum,
815 4748 1213 4804 prosequamur
1238 4738 1366 4793 odio
1400 4737 1760 4807 cogitationes
1789 4740 1978 4805 malas,
2011 4752 2067 4797 et

485 4840 617 4881 ecce
655 4825 993 4880 voluntatem
1022 4827 1117 4880 Dei
1143 4824 1399 4881 fecimus.

562 4918 650 4974 12.
691 4916 950 4972 Omnium
1004 4919 1267 4973 virtutum
1294 4930 1470 4990 typus,
1505 4923 1784 4991 exemplar
1841 4925 2065 4979 humani

487 5011 724 5083 generis,
756 5024 822 5065 ac
852 5024 1060 5063 numen
1104 5010 1470 5066 invocandum
1522 5030 1623 5083 pro
1666 5015 1837 5070 veteri
1890 5016 2068 5086 lapsu,

491 5101 757 5157 Dominus
789 5108 982 5155 noster
1006 5115 1071 5155 ac
1123 5101 1269 5156 Deus
1318 5103 1656 5168 incarnatus,
1709 5115 1768 5163 ut
1800 5107 2069 5177 picturam

489 5196 673 5249 vivam
702 5192 985 5263 proposuit
1010 5192 1169 5247 nobis
1221 5207 1394 5255 suam,
1429 5210 1590 5263 quam
1621 5196 1675 5248 in
1697 5210 1863 5250 carne
1902 5207 2073 5253 trans-

491 5283 623 5354 egit,
677 5281 878 5349 vitam,
929 5282 1079 5335 omni
1130 5282 1395 5337 virtutum
1432 5298 1633 5354 genere
1670 5286 2070 5355 splendentem.

492 5373 700 5428 Praeter
748 5372 837 5427 illa
888 5386 1020 5427 vero
1068 5374 1207 5427 bona
1260 5389 1383 5441 quia:
1414 5374 1573 5429 nobis
1619 5377 1892 5440 exhibuit,
1951 5390 2075 5450 post

492 5463 824 5532 baptismum
865 5470 1180 5530 susceptum
1227 5462 1447 5516 rediens
1503 5465 1555 5518 in
1604 5467 1908 5536 desertum,
1946 5486 2071 5525 cum

497 5552 810 5621 icmnasset,
836 5568 1074 5622 pugnam
1105 5552 1532 5609 intellectualem
1574 5560 1741 5627 erepit
1767 5561 1903 5616 inire
1946 5577 2069 5617 cum

569 5724 617 5754 "
651 5722 840 5778 Matth.
874 5743 968 5791 vn,
993 5726 1083 5778 2|.
1163 5728 1206 5759 ⁸ο
1235 5727 1381 5782 Psal.
1416 5746 1556 5798 xcw,
1598 5734 1684 5788 l0.

2171 4548 2338 4603 αὐτοῦ
2370 4544 2686 4606 ὲστιτοῦτο,
2710 4546 2792 4610 τὺ,
2863 4547 2927 4597 Ol
2980 4540 3332 4612 ἀγαπῶντες
3360 4539 3468 4594 τὸν
3507 4540 3756 4606 Κύριον,

2165 4639 2401 4711 μισεῖτε
2431 4637 2688 4706 πονηρά.
2720 4634 2933 4690 Οὐκοῦν
2966 4634 3064 4688 σὺν
3101 4635 3168 4704 τῇ
3215 4633 3349 4703 εὐχῇ
3395 4629 3569 4702 Ἰησοῦ
3616 4630 3757 4698 Χρι-

2175 4730 2325 4797 στοῦ,
2358 4732 2681 4801 μισήσωμεν
2710 4727 2809 4780 καὶ
2838 4723 3109 4794 πονηροὺς
3147 4721 3466 4791 λογισμοὺς,
3501 4719 3599 4773 καὶ
3641 4717 3758 4772 ἰδοὺ

2173 4824 2557 4893 πεποιήκαμεν
2599 4819 2661 4872 τδ
2692 4816 2907 4887 θέλημα
2950 4812 3046 4868 τοῦ
3072 4812 3231 4866 Θεοῦ.

2248 4914 2335 4985 ιβ’.
2401 4912 2628 4982 Ἀρετῆς
2658 4909 2841 4979 πάσης
2887 4903 3255 4975 ὑπογραμμδς
3305 4901 3402 4955 καὶ
3446 4897 3761 4968 ὑπόδειγμα

2175 5009 2367 5078 γένους
2394 5003 2718 5075 ἀνθρώπιον,
2749 5001 2846 5054 καὶ
2876 4998 3175 5068 ἀνάκλησις
3214 4993 3310 5048 τοῦ
3342 4990 3578 5055 παλαιοῦ
3614 4990 3762 5042 πτώο

2180 5116 2368 5171 ματος,
2399 5098 2427 5150 ό
2453 5094 2733 5164 Δεσπότης
2759 5090 2916 5162 ἡμῶν
2951 5088 3046 5143 καὶ
3094 5086 3228 5151 Θεὸς
3262 5083 3592 5157 σαρκωθεὶς,
3625 5098 3761 5152 προ-

2178 5190 2374 5260 έθηκεν
2401 5189 2555 5259 ἡμῖν,
2586 5184 2956 5255 ζωγραφήσας
2981 5181 3071 5234 τὸν
3102 5180 3171 5232 ὲν
3199 5177 3362 5250 σαρκὶ
3395 5173 3572 5229 αὐτοῦ
3616 5189 3763 5225 πανο

2179 5285 2374 5354 άρετον
2410 5279 2543 5350 βίον.
2590 5279 2696 5332 Σὺν
2740 5277 2877 5329 πᾶσι
2903 5273 2961 5327 δὲ
3003 5275 3117 5335 τοῖς
3161 5269 3347 5333 καλοῖς
3387 5262 3468 5330 οἷς
3492 5267 3626 5338 ἡμῖν
3655 5263 3762 5318 ὑπ-

2182 5372 2371 5439 έδειξε,
2409 5374 2546 5443 μετά
2587 5371 2649 5423 τὸ
2690 5369 2976 5440 βάπτισμα
3016 5363 3257 5419 ἀνελθὼν
3290 5365 3372 5425 είς
3395 5360 3495 5431 τὴν
3524 5357 3759 5428 ἔρημον,

2186 5468 2322 5540 μετά
2361 5465 2616 5536 νηστείας
2652 5463 2879 5535 ἄρχεται
2904 5460 3085 5533 πάλης
3113 5460 3312 5528 νοητῆς
3358 5453 3453 5509 τοῦ
3481 5449 3760 5540 διαϐόλου,

2181 5539 2255 5623 ὡς
2283 5556 2555 5629 ἀνθρώπῳ
2579 5552 2719 5626 ψιλῷ
2751 5553 2902 5626 αὐτῷ
2946 5551 3356 5626 προσελθόντος,
3402 5545 3493 5599 καὶ
3539 5542 3627 5596 διὰ
3668 5539 3763 5594 τοῦ
