3968 6220
253 264 386 326 1485

956 257 1052 316 DE
1089 251 1634 315 TEMPERANTIA
1675 250 1768 308 ΕΤ
1809 247 2163 307 VIRTUTE.
2200 272 2263 280 --
2299 245 2686 305 CENTURIA
2717 245 2767 305 Ι.

3371 243 3500 308 14θῶ

250 371 450 440 τρόπου
485 367 585 435 τῆς
629 365 787 433 νίκης
828 361 1038 427 ἐδίδαξε
1082 362 1176 414 καὶ
1220 359 1370 429 ἡμᾶς
1395 357 1524 420 τοὺς
1571 353 1824 425 ἀχρείους

1967 353 2164 415 iabolo,
2192 353 2364 416 illum,
2400 361 2459 405 ut
2487 367 2681 421 purum
2717 351 2996 406 hominem
3032 353 3406 423 aggredicntc.
3440 353 3506 407 Et

248 460 467 522 δούλους
486 460 514 512 ὁ
538 457 815 524 Δεσπότης
839 454 978 525 πρὸς
1001 452 1070 505 τὰ
1099 451 1388 520 πνεῦματα
1415 449 1514 518 τῆς
1539 450 1828 516 πονηρίας,

249 554 398 614 ὅπως
419 549 527 622 χρὴ
553 549 649 618 τὴν
678 548 855 615 πάλην
881 547 1148 613 ἐνεργεῖν,
1184 542 1458 595 τουτέστιν
1483 541 1542 594 ὲν
1565 535 1834 590 ταπεινά)-

253 662 338 697 σει
371 646 466 696 καὶ
494 640 739 711 νηστείᾳ,
768 640 864 692 καὶ
906 638 1040 706 εὐχῇ
1076 635 1169 690 καὶ
1205 632 1386 703 νήψει,
1427 631 1456 683 ὁ
1497 629 1570 702 μὴ
1615 625 1834 698 χρῄζων

253 735 363 788 τῶν
388 733 668 796 τοιούτων,
714 729 850 784 καθὸ
871 728 1032 790 Θεὸς,
1063 727 1158 780 καὶ
1191 725 1320 787 Θεὸς
1351 723 1459 786 τῶν
1483 720 1642 773 θεῶν.

329 907 421 978 ιγ’.
474 907 548 962 Τὸ
588 909 667 972 δὲ,
704 907 861 960 πόσοι
899 904 1092 976 τρόποι
1141 903 1250 956 είσὶ
1301 901 1418 954 κατ’
1452 897 1552 970 ἐμὲ
1589 897 1688 967 τῆς
1740 896 1834 964 νή.

257 997 424 1069 ψεως,
461 996 780 1067 καθαρίζειν
815 994 922 1048 ἀπὸ
955 993 1234 1063 λογισμῶν
1269 989 1538 1060 ὲμπαθῶν
1580 988 1672 1041 τὸν
1712 985 1837 1040 νοῦν

259 1091 380 1146 κατ’
423 1091 627 1158 ὀλίγον,
685 1088 795 1142 ἰδοὺ
831 1087 1075 1158 σημᾶναι
1131 1101 1212 1138 σοι
1257 1081 1422 1140 αὑτοῦ
1472 1079 1839 1150 ἀκομψεύστῳ

259 1181 403 1248 λέξει
454 1183 549 1234 καὶ
597 1179 868 1249 ἀποικίλῳ
909 1179 1012 1232 οὐκ
1060 1177 1307 1247 ὀκνήσω·
1357 1175 1417 1228 οὐ
1474 1173 1583 1243 γὰρ
1642 1171 1837 1241 ἔκρινα

255 1274 449 1345 ὥσπερ
498 1277 554 1327 ὲν
593 1276 708 1337 τοῖς
756 1272 853 1325 τοῦ
899 1272 1140 1341 πολέμου
1189 1269 1548 1341 διηγήμασιν,
1595 1267 1654 1321 ἐν
1702 1264 1838 1335 τῷδε

258 1367 336 1436 τῷ
375 1367 520 1435 λόγῳ
559 1364 766 1436 κρύψαι
802 1364 902 1435 τὴν
933 1363 1206 1432 ὠφέλειαν
1241 1361 1333 1414 διὰ
1360 1359 1469 1414 τῶν
1498 1358 1716 1424 λέξεων,
1748 1356 1842 1413 καλ

262 1459 498 1528 μάλιστα
525 1461 638 1521 τοῖς
687 1456 1103 1527 ἁπλουστέροις.
1153 1454 1226 1508 Σὺ
1256 1452 1336 1518 δὲ,
1359 1451 1550 1504 τέκνον
1585 1448 1840 1522 Τιμόθεε,

262 1551 501 1622 πρόσεχε
535 1545 618 1613 οἷς
647 1547 1068 1617 ἀναγινώσκεις.

1930 458 1993 496 ea
2028 445 2277 498 vincendi
2310 445 2520 498 ratione
2547 445 2706 498 etiam
2741 460 2839 499 nos
2865 445 3087 499 inutiles
3112 460 3300 500 servos
3325 445 3510 500 docuit

1933 533 2220 598 Dominus,
2259 550 2369 603 quo
2393 545 2551 604 pacto
2579 536 2982 606 conﬂigendum
3020 538 3242 594 sitcum
3297 542 3508 610 spiriti-

1933 627 2032 680 bus
2075 628 2354 696 nequitim,
2390 629 2492 681 hoc
2518 636 2620 690 est,
2657 627 2708 680 in
2737 629 3067 693 humilitate,
3111 630 3342 700 jejunio,
3383 649 3509 701 pre-

1935 719 2115 782 ribus,
2174 727 2230 772 et
2255 721 2654 788 temperantia:
2707 721 2799 790 qui
2851 732 3059 786 tamen.
3119 732 3177 777 ut
3236 726 3399 788 lteris,
3449 745 3510 779 ιιι·

1935 811 2159 863 deorum
2196 810 2353 873 Deus,
2385 812 2578 865 talibus
2605 828 2710 866 non
2743 815 2977 870 habebat
3007 831 3168 886 opus.

2011 903 2093 955 l5.
2137 901 2278 968 Quot
2306 913 2510 967 autem,
2537 921 2654 958 mea
2687 908 2981 971 sententia,
3007 909 3118 962 sint
3142 896 3284 963 modi
3315 912 3513 964 mentis

1939 995 2305 1064 expurganda:
2391 996 2652 1065 paulatim
2721 999 3141 1068 cogitationibus
3215 1004 3510 1058 aﬂ'ectuum

1939 1085 2138 1156 plenis,
2169 1093 2228 1138 nt
2259 1087 2612 1154 perveniatur
2639 1087 2709 1141 ad
2746 1093 3191 1159 temperantiam,
3229 1093 3342 1161 jam
3375 1095 3516 1150 indi-

1940 1193 2068 1232 care
2125 1177 2220 1231 tibi
2277 1193 2386 1232 non
2449 1179 2729 1243 dubitabo,
2779 1195 3038 1236 sermone
3093 1183 3513 1253 haudquaquam

1939 1279 2136 1324 ornato
2159 1280 2256 1323 aut
2287 1271 2458 1324 vario.
2492 1269 2609 1324 Non
2646 1273 2816 1334 cnim,
2848 1280 2908 1324 ut
2942 1272 2995 1326 in
3019 1272 3250 1327 historia
3303 1275 3516 1341 bellica,

1943 1361 2107 1415 statui
2133 1362 2233 1414 hac
2267 1361 2515 1416 oratione
2541 1361 2645 1422 sub
2672 1363 2964 1422 verborum
2996 1363 3288 1420 lenociniis
3315 1367 3517 1421 utilita-

1945 1461 2054 1506 tem
2086 1452 2386 1518 occultare,
2414 1461 2468 1506 et
2499 1452 2730 1507 maxime
2758 1454 3206 1524 simplicioribus.
3254 1457 3334 1512 Tu
3366 1475 3516 1525 vero,

1941 1543 2019 1597 ﬁli
2053 1543 2352 1610 Theodule,
2379 1545 2601 1602 attende
2623 1544 2867 1600 animum
2891 1547 2976 1601 his
3002 1563 3123 1616 quae
3151 1549 3304 1620 legis.

337 1641 416 1695 ιδ’.
459 1637 554 1702 Εἷς
603 1639 698 1698 οὖν
747 1638 948 1710 τρόπος
985 1637 1219 1707 νὴψεως,
1259 1635 1343 1700 τὸ,
1391 1634 1492 1704 τὴν
1543 1631 1846 1700 φαντασίαν

2023 1636 2110 1690 lt.
2155 1633 2311 1690 Unus
2331 1650 2468 1706 ergo
2501 1636 2698 1690 modus
2727 1637 3102 1705 temperantia:
3139 1642 3524 1708 comparandae

267 1730 450 1784 πυκνὰ
499 1732 746 1794 σκοπεῖν,
808 1730 976 1799 ἦγουν
1029 1728 1127 1798 τὴν
1176 1725 1501 1799 προσϐολὴν,
1541 1725 1628 1777 διὰ
1674 1723 1738 1776 τὸ
1773 1722 1848 1792 μὴ

261 1820 529 1880 δύνασθαι
563 1821 655 1873 τὸν
694 1821 939 1878 Σατανᾶν
983 1821 1154 1890 χωρὶς
1200 1818 1507 1888 φαντασίας
1551 1814 1849 1884 λογισμοὺς

267 1913 640 1984 δημιουργεῖν,
674 1913 768 1972 καὶ
795 1911 1217 1983 παραδεικνύειν
1249 1909 1328 1981 τῷ
1357 1908 1430 1979 νῷ
1467 1909 1603 1980 πρὸς
1633 1908 1850 1976 ἀπάτην

267 2005 464 2074 ψευδῆ.

343 2095 428 2148 ιε’.
484 2096 711 2165 ’Έτερος
742 2095 822 2161 δὲ,
860 2095 920 2149 τὸ
950 2093 1094 2165 ἔχειν
1122 2092 1223 2166 τὴν
1257 2091 1485 2162 καρδίαν
1526 2090 1735 2161 βαθέως
1765 2091 1854 2146 διὰ

270 2190 472 2250 παντὸς
508 2189 805 2241 σιωπῶσαν
834 2189 926 2241 καὶ
955 2188 1336 2258 ἡσυχάζουσαν
1366 2183 1475 2239 ἀπδ
1525 2183 1730 2245 παντὸς
1757 2183 1848 2234 λόο

270 2294 393 2344 γου,
425 2276 517 2330 καὶ
550 2275 826 2346 εὔχεσθαι.

347 2375 443 2433 ις’.
499 2368 715 2430 Ἀλλος,
757 2368 816 2420 τὸ
846 2365 1186 2436 παρακαλεῖν
1225 2363 1317 2416 τὸν
1361 2360 1566 2432 Ἰησοῦν
1611 2363 1690 2424 εἰς
1727 2361 1851 2431 βοή-

271 2458 427 2515 θειαν
463 2458 712 2528 συνεχῶς
740 2460 801 2518 ἑν
829 2454 1183 2513 ταπεινώσει.

348 2548 435 2612 ιζ’.
495 2549 719 2618 Ἕτερος
748 2547 806 2600 δὲ
839 2545 1059 2616 τρόπος,
1082 2545 1162 2606 τὸ,
1198 2544 1417 2614 μνήμην
1450 2543 1594 2613 ἔχειν
1624 2541 1852 2597 θανάτου

273 2642 625 2696 ἀδιάλειπτον
654 2643 712 2693 ὲν
741 2641 805 2708 τῇ

347 2740 438 2803 ιη’.
489 2727 660 2786 Αὗται
694 2732 864 2786 πᾶσαι
895 2731 951 2784 at
997 2727 1278 2798 ἐργασίαι,
1320 2725 1596 2795 ἁγαπητὲ,
1625 2725 1722 2787 τὰς
1757 2741 1856 2778 πο-

274 2823 686 2893 νηρὰς-ἑννοίας
715 2822 877 2892 δίκην
901 2819 1173 2888 πυλωρῶν
1204 2817 1494 2872 κωλύουσι.
1537 2816 1611 2868 Th
1641 2816 1697 2880 δὲ
1726 2817 1858 2886 όρᾷν

275 2915 416 2985 πρὸς
441 2908 668 2984 οὐρανὸν
705 2915 796 2968 καὶ
823 2912 950 2981 γῆν,
988 2911 1124 2983 μηδὲ
1171 2908 1430 2980 ἡγεῖσθαι
1459 2909 1608 2969 ὅπως
1632 2906 1857 2977 ὲνεργές

273 3008 398 3058 ἐστι
441 3007 537 3058 σὺν
571 3006 683 3066 τοῖς
715 3003 921 3067 ἄλλοις,
961 3001 1095 3056 Θεοῦ
1123 3001 1378 3064 διδόντος,
1417 3001 1569 3074 ῥῆμα
1603 2999 1660 3051 ὲν
1708 2998 1854 3068 ἄλλῳ

274 3097 429 3166 τόπῳ
455 3095 833 3165 ὲκτελέστερον
854 3092 1291 3166 ὲκ[τε]οήσομαι.

353 3186 436 3239 ιθ’.
501 3185 627 3237 Ἐὰν
660 3186 798 3253 πρὸς
827 3184 1008 3252 ὀλίγον
1036 3181 1146 3234 τῶν
1198 3181 1384 3234 παθῶν
1413 3181 1508 3242 τὰς
1540 3179 1718 3242 αἰτίας
1761 3180 1856 3234 ὲκ-

276 3275 570 3344 κόψαντες,
622 3277 732 3336 τοῖς
763 3275 1160 3344 ,πνευματικοῖς
1215 3269 1666 3340 ὲνασχοληθῶμεν
1720 3269 1856 3323 θεωο

277 3372 512 3441 ρήμασι,
549 3369 623 3440 μὴ
673 3372 734 3423 ὲν
783 3369 965 3440 αὐτοῖς
999 3368 1056 3420 δὲ
1101 3366 1496 3436 διατρίψωμεν,
1527 3366 1658 3419 αὐτὸ
1698 3365 1856 3421 τοῦτο

275 3464 496 3532 ἔχοντες
527 3461 961 3532 ἔργον,εὐχερῶς
989 3459 1150 3514 πάλιν
1174 3458 1265 3511 ἐπὶ
1281 3458 1348 3517 τὰ
1367 3457 1683 3527 τῆςσαρκδς
1709 3457 1856 3529 πάῦη

277 3553 753 3622 περιτρεπόμεθα,
796 3550 969 3623 μηδὲν
998 3547 1127 3601 ἄλλο
1165 3546 1374 3599 ἐκεῖθεν
1405 3546 1856 3616 καρπωσάμενοι,

276 3644 312 3713 ἢ
371 3643 635 3698 σκότωσιν
679 3639 956 3700 παντελῶς
989 3637 1084 3690 τοῦ
1138 3635 1253 3700 νοῦ,
1303 3636 1399 3688 καί
1444 3637 1538 3688 ἐπὶ
1583 3636 1650 3689 τὰ
1701 3637 1859 3689 ὑλικὰ

277 3735 578 3803 ἐκτροπὴν.

352 3830 422 3878 κ’.
473 3825 564 3875 Δεῖ
617 3821 712 3876 σὺν
760 3819 1166 3890 ἀγωνιζόμενον
1220 3820 1368 3879 ἔνδον
1427 3820 1569 3874 κατὰ
1622 3819 1856 3891 στιγμὴν

275 3915 478 3987 χρόνου
497 3915 653 3984 ,ἔχειν
681 3913 750 3968 τὰ
781 3914 1023 3984 τέσσαρα
1050 3912 1223 3968 ταῦτα
1243 3953 1258 3979 ,
1287 3913 1619 3967 ταπείνωσιν
1644 3951 1658 3976 ,
1693 3927 1862 3982 προσ-

274 4009 417 4078 οχήν
435 4023 496 4059 τε
517 4007 714 4076 ἄκραν,
743 4006 1089 4077 ἀντίρρησιν,
1119 4005 1216 4060 καὶ
1233 4006 1561 4076 προσευχήν·
1590 4003 1861 4058 ταπείνω-

280 4120 371 4155 σιν
402 4101 520 4169 μὲν,
552 4101 636 4152 ὅτι
665 4096 800 4168 πρὸς
834 4094 1218 4165 ὑπερηφάνους
1254 4095 1512 4164 δαίμονας
1549 4092 1862 4156 ἀντιθέτους

275 4191 615 4248 ταπεινώσει
657 4191 807 4251 ἐστὶν
859 4187 999 4257 αὕτη
1047 4189 1084 4257 ἡ
1131 4188 1306 4256 πάλη.
1358 4187 1444 4242 ἵνα
1479 4185 1576 4257 τὴν
1621 4182 1858 4256 Χριστοῦ

1951 1737 2053 1791 est,
2091 1735 2151 1781 ut
2192 1728 2639 1798 imaginationem
2663 1729 2857 1784 crebro
2904 1730 3330 1799 perpendamus,
3372 1733 3525 1803 obje-

1949 1819 2192 1872 ctioncm
2236 1819 2536 1874 videlicet:
2580 1835 2646 1874 eo
2691 1821 2838 1890 quod
2869 1821 3080 1890 absque
3131 1821 3525 1892 imaginatione

1953 1908 2186 1962 Satanas
2223 1920 2464 1978 nequeat
2495 1909 2673 1963 moliri
2732 1910 3120 1983 cogitationes,
3157 1924 3254 1967 aut
3294 1914 3524 1973 ,fallendi

1952 1999 2145 2067 gratia,
2175 2001 2344 2054 menti
2373 2016 2682 2071 preponere
2716 2003 3023 2058 mendacia.

2027 2092 2112 2145 l5.
2157 2091 2309 2147 Alter
2331 2109 2484 2159 vero,
2530 2105 2590 2150 ut
2617 2096 2670 2149 in
2691 2095 2965 2166 profundo
2986 2112 3087 2167 per
3130 2099 3314 2154 omnia
3358 2100 3528 2156 silen.

1954 2184 2052 2250 tio,
2106 2196 2163 2240 et
2213 2186 2400 2255 quiete
2446 2188 2597 2242 omni
2656 2203 2913 2244 sermone
2955 2205 3147 2255 vacua,
3208 2190 3526 2248 demersum

1956 2276 2254 2337 habeamus
2283 2277 2550 2345 animum,
2591 2294 2655 2337 ac
2687 2295 2998 2350 precemur.

2034 2367 2116 2420 l6.
2160 2367 2332 2431 Alius,
2359 2377 2418 2422 ut
2453 2384 2576 2424 cum
2602 2369 2907 2426 humilitate
2933 2371 3122 2428 Jesum
3160 2374 3212 2428 in
3264 2376 3529 2431 auxilium

1959 2457 2304 2512 ccu-tinenter
2326 2460 2665 2515 invocemus.

1947 2537 1950 2540 ’
2032 2549 2118 2606 l7.
2163 2551 2402 2617 Quartus
2457 2559 2644 2606 autem
2688 2553 2884 2609 modus
2935 2565 3053 2619 est,
3107 2567 3167 2612 ut
3215 2559 3529 2616 continuam

1959 2636 2012 2688 in
2039 2637 2220 2691 animo
2245 2638 2541 2695 habeamus
2581 2639 2774 2693 mortis
2804 2641 3144 2695 memoriam.

2033 2727 2118 2782 18.
2153 2728 2430 2784 Universa:
2466 2731 2816 2800 Operationes
2845 2732 3138 2802 ejusmodi,
3187 2735 3528 2800 charissimc,

1960 2835 2117 2875 more
2147 2821 2444 2890 ianitorum
2473 2837 2662 2877 arcere
2700 2823 2876 2878 solent
2899 2839 3096 2893 pravas
3119 2830 3526 2897 conceptiones.

1961 2911 2162 2978 Quanti
2196 2930 2327 2970 vero
2359 2915 2430 2970 sit
2456 2917 2740 2982 momenti,
2781 2917 2977 2972 cmlnm
3011 2918 3234 2981 intueri,
3277 2931 3332 2975 et
3376 2922 3528 2976 nihili

1964 3000 2145 3056 facere
2199 3011 2422 3069 terram,
2483 3018 2591 3056 una
2647 3018 2773 3057 cum
2822 3004 3067 3074 reliquis,
3127 3006 3238 3061 Deo
3290 3009 3531 3064 donante

1961 3095 2276 3151 facultatem
2297 3097 2543 3165 dicendi,
2571 3097 2688 3164 alio
2725 3097 2845 3152 loco
2871 3099 3087 3168 plenius
3115 3114 3404 3170 exponam.

2035 3188 2120 3241 19.
2156 3185 2211 3240 Si
2231 3187 2529 3256 amputatis
2555 3187 2620 3241 ad
2645 3188 2916 3243 modicum
2938 3197 3150 3260 tempus
3181 3190 3532 3247 aﬂ‘eetionnm

1963 3292 2182 3339 causas,
2217 3278 2439 3333 studere
2470 3278 2797 3349 incipiamus
2829 3279 3170 3349 spiritalibus
3198 3282 3534 3339 observatio‘

1962 3369 2148 3434 nibus,
2179 3377 2236 3423 et
2263 3369 2316 3422 in
2342 3369 2424 3434 eis
2449 3384 2557 3424 non
2587 3368 2958 3435 immorentur,
2995 3371 3239 3426 eamdem
3268 3385 3534 3428 navantes

1962 3476 2208 3532 operam,
2256 3460 2418 3515 facile
2467 3461 2654 3517 denuo
2697 3461 3042 3515 revolvemur
3073 3461 3140 3516 ad
3176 3465 3357 3518 carnis
3400 3465 3535 3518 atie-

1971 3561 2120 3617 ctus,
2158 3553 2368 3606 nullum
2397 3551 2526 3606 inde
2550 3552 2786 3606 fruct-um
2827 3553 2991 3605 alium
3018 3552 3338 3616 referentes,
3373 3571 3533 3622 quam

1965 3643 2334 3700 omnimodam
2388 3642 2898 3696 obtenehrationem
2953 3643 3186 3707 mentis,
3235 3653 3292 3698 et
3328 3646 3399 3700 ad
3451 3662 3538 3702 res

1966 3733 2197 3788 sensiles
2223 3731 2658 3787 conversionem.

2023 3822 2116 3878 20.
2159 3822 2296 3878 Eum
2330 3822 2422 3891 qui
2456 3823 2692 3877 sustinet
2709 3822 2967 3878 interiora
3001 3825 3318 3890 certamina,
3344 3828 3536 3883 eodem

1968 3922 2248 3976 momento
2283 3915 2561 3983 temporis,
2609 3913 2760 3968 hisce
2803 3925 3040 3984 quatuor
3089 3917 3376 3986 praeditum
3417 3935 3539 3973 esse

1967 4004 2247 4069 convenit,
2279 4003 2609 4068 humilitate,
2651 4005 2955 4062 attentione
3013 4021 3247 4068 summa,
3303 4009 3540 4062 rclncta-

1969 4098 2138 4164 tione,
2171 4107 2226 4154 et
2261 4099 2597 4168 precatione.
2623 4096 2943 4155 Humilitate
2983 4099 3232 4168 quidem,
3281 4102 3537 4169 quoniam

1967 4189 2256 4250 conﬂictus
2307 4191 2402 4255 ille
2458 4201 2543 4252 est
2597 4191 2862 4248 adversus
2915 4191 3185 4260 superbos
3223 4191 3537 4258 daemonas,

279 4287 538 4360 βοήθειαν
581 4285 638 4336 ὲν
687 4283 834 4353 χειρὶ
866 4280 1093 4350 καρδίας
1137 4280 1258 4352 ἔχῃ,
1301 4279 1390 4334 διὰ
1433 4278 1496 4332 τὸ
1521 4279 1616 4332 τὸν
1641 4277 1854 4349 ,Κύριον

1970 4283 2294 4339 humilitatis
2357 4283 2736 4339 adversarios:
2777 4299 2886 4352 quo
2933 4282 3135 4338 Christi
3167 4285 3426 4339 auxilium
3484 4287 3539 4340 in

277 4378 672 4448 ὑπερηφάνους
754 4374 970 4444 μισεῖνο
1025 4373 1299 4445 προσοχὴν
1351 4372 1429 4436 δὲ,
1486 4372 1576 4428 ἵνα
1629 4372 1718 4434 ἀεὶ
1765 4371 1865 4441 τὴν

279 4471 485 4528 ἑαυτοῦ
531 4468 756 4539 καρδίαν
799 4467 926 4536 ποιῇ
988 4464 1193 4535 μηδένα
1248 4464 1512 4535 λογισμὸν
1561 4465 1730 4535 ἔχειν,
1768 4463 1874 4518 κᾶν

272 4565 451 4634 δῆθεν
481 4559 681 4629 ἀγαθὸς
701 4557 968 4628 ,φαίνηται
990 4571 1004 4584 ·
1040 4556 1362 4628 ἀντίρρησιν
1403 4555 1483 4622 δὲ,
1517 4557 1606 4610 ῐνα
1633 4554 1871 4626 ὁπηνίκα

276 4659 458 4722 ὀξέως
489 4655 653 4722 γνοὺς
692 4651 784 4704 τὸν
819 4651 1066 4715 ἐλθόντα,
1105 4649 1270 4711 εὐθὺς
1303 4650 1425 4718 μετ’
1458 4649 1628 4720 ὀργῆς
1650 4649 1869 4708 ἀντιλο-

274 4748 508 4820 γισοείη
533 4744 612 4815 τῷ
635 4740 880 4812 πονηρῷ.
913 4741 1022 4808 Kal
1042 4739 1542 4807 ἀποκριθήσομαι,
1562 4738 1718 4810 φησὶ,
1747 4740 1865 4805 τοῖς

273 4837 653 4901 ὀιέιὸιζουσί
681 4852 784 4906 μοι
813 4833 971 4889 κακά
993 4851 1007 4865 ·
1039 4833 1184 4902 Οὐχί
1216 4832 1296 4898 τῷ
1331 4831 1453 4899 Θεῷ
1491 4830 1870 4900 ὑποταγήσε-

275 4953 375 4990 ται
413 4933 457 4999 ’ἡ
493 4927 662 4998 ψυχή
689 4941 848 4995 pou;
887 4923 1054 4994 εὐχὴν
1072 4923 1162 4986 δὲ,
1192 4923 1282 4978 ἶνα
1316 4924 1453 4994 μετὰ
1474 4923 1870 4994 ,τὴνλάντίῤῥη-

286 5043 400 5089 σιν,
436 5019 599 5082 εὐθὺς
632 5019 696 5069 ἐκ
733 5013 940 5084 βαθέων
978 5013 1210 5084 καρδίας
1242 5014 1534 5084 κραυγάσῃ
1571 5012 1713 5082 πρὸς
1740 5013 1875 5082 Χρι-

289 5115 423 5168 στὸν
456 5106 743 5176 στεναγμῷ
796 5105 1051 5174 ἁλαλήτῳ
1074 5120 1087 5136 ο
1121 5104 1215 5158 καὶ
1260 5105 1381 5156 τότε
1414 5104 1575 5167 αὐτὸς
1618 5106 1646 5156 ό
1667 5106 1874 5172 ,ἀγωνι-

284 5203 520 5271 ζόμενος
553 5195 806 5266 meum
850 5195 940 5248 τὸν
970 5193 1163 5265 ἐχθρόν
1193 5192 1455 5264 λυόμενον
1485 5192 1562 5263 τῷ
1583 5193 1732 5264 ,ἁγίῳ
1757 5195 1868 5256 ,καὶ

287 5286 659 5363 προσκυνητῷ
685 5286 916 5354 ὀνόματι
949 5283 1045 5338 τοῦ
1100 5282 1296 5354 Ἰησοῦ,
1345 5283 1418 5340 ὡς
1452 5283 1578 5353 χοῦν
1615 5284 1719 5336 ὑπὸ
1747 5285 1870 5339 ἀνέ-

289 5400 423 5458 μου,
460 5379 497 5448 ἢ
529 5379 606 5441 ὡς
656 5377 858 5432 καπνὸν
891 5377 1209 5432 ἐκλείποντα
1255 5382 1397 5446 μετὰ
1437 5377 1535 5444 τῆς
1569 5377 1866 5444 φαντασίας

287 5471 492 5531 αὐτοῦ.

372 5662 420 5697 ⁸⁸
456 5670 598 5727 Psal.
630 5682 818 5733 cntu,
849 5667 938 5722 42.
1022 5668 1064 5699 ⁶¹
1097 5665 1240 5720 Psal.
1279 5681 1390 5732 ωιι,
1422 5667 1471 5718 1.

1970 4392 2134 4432 manu
2155 4376 2334 4431 cordis
2359 4377 2588 4431 habeat:
2616 4391 2743 4431 cum
2765 4375 3031 4430 Dominus
3052 4376 3230 4432 oderit
3254 4378 3540 4447 superbos.

1968 4467 2288 4522 Attentione
2321 4481 2471 4530 vero,
2524 4473 2586 4522 ut
2623 4480 2783 4520 suum
2839 4463 3015 4534 ipsius
3041 4465 3286 4527 animum
3309 4467 3312 4470 ’
3336 4466 3542 4536 cogita-

1968 4561 2232 4626 tionibus,
2285 4560 2453 4623 etiam
2503 4558 2654 4613 velut
2698 4555 2966 4612 bonitatis
3015 4556 3263 4626 speciem
3321 4573 3433 4627 prae.
3483 4574 3544 4613 se

1953 4653 2295 4715 terentibus,
2325 4653 2626 4710 inmunem
2663 4663 2880 4718 semper
2911 4648 3124 4704 reddat.
3159 4647 3544 4703 .Reluctat-ione

1969 4751 2176 4808 autem,
2205 4751 2265 4796 ut
2298 4757 2422 4796 cum
2443 4739 2794 4795 accedentem
2847 4737 3090 4808 diligenti
3150 4739 3350 4794 mentis
3411 4754 3545 4794 acu--

1971 4834 2120 4888 mine
2158 4833 2394 4895 noverit,
2447 4846 2572 4886 mox
2611 4829 3022 4891 excandescens
3073 4830 3414 4884 contradicat
3469 4830 3542 4882 iiIi

1971 4939 2234 4994 nequam.
2309 4924 2379 4978 Et
2446 4920 2788 4990 respondebo.
2845 4921 3053 4991 inquit,
3109 4919 3546 4988 exprobrantibus

1975 5015 2103 5068 mihi
2162 5015 2308 5068 mala
2339 5015 2436 5066 “z
2495 5013 2683 5076 Nonne
2739 5013 2847 5067 Deo
2903 5012 3140 5081 subjecta
3200 5011 3301 5064 erit
3363 5011 3547 5065 animo

1976 5123 2092 5160 mea
2111 5107 2154 5137 ⁸³
2179 5109 2203 5161 Ρ
2233 5107 2559 5161 l‘reeatione
2583 5115 2793 5170 autem,
2839 5115 2899 5159 ut
2928 5113 3282 5174 posteaquam
3326 5103 3546 5166 restite-

1977 5199 2069 5262 rit,
2125 5197 2424 5253 confestim
2489 5214 2558 5254 ex
2621 5198 2816 5252 intimo
2861 5195 3033 5251 corde
3091 5193 3426 5250 voc'tferetur
3479 5197 3546 5250 ad

1977 5288 2258 5345 Christum
2286 5289 2492 5360 gemitu
2517 5287 3082 5356 indicibili..fl‘umque
3116 5285 3182 5351 is,
3242 5285 3336 5354 qui
3386 5287 3549 5341 modo

1979 5382 2244 5446 certabat,
2275 5383 2481 5441 videbit
2506 5383 2719 5438 hostem
2741 5396 2874 5436 cum
2901 5377 3248 5434 illusionibns
3289 5376 3424 5442 suis,
3454 5393 3550 5448 per

1979 5485 2179 5526 nomen
2209 5469 2338 5526 .lesu
2373 5480 2707 5526 sanctumet
2733 5467 3095 5530 adorandum,
3147 5464 3295 5519 velut
3349 5466 3546 5535 .pulve-

1979 5577 2093 5618 rem
2125 5577 2154 5616 a
2178 5571 2362 5627 vento,
2395 5570 2488 5618 aut
2516 5562 2649 5616 fumi
2672 5558 3052 5630 evanescentis
3082 5556 3541 5625 instar,.dissolvi.
