3968 6220
250 293 386 362 1489

884 288 889 291 ’
922 300 1020 360 DE
1060 299 1613 361 ΤΕΜΡΕΒΑΝΤΙΛ
1647 301 1745 360 ΕΤ
1778 300 1867 361 VI]

1975 301 2112 361 UTE
2174 328 2242 339 --
2273 301 2657 362 CENTURIA
2722 300 2750 360 Ῐ

3357 298 3492 364 1490

247 416 374 478 τοὺς
415 414 644 485 ἐχθροὺς
706 412 767 476 ἐξ
828 414 1000 484 αὐτῆς
1045 414 1175 467 ἄνευ
1241 415 1445 485 συχνῆς
1476 414 1867 486 ἑπικλήσεωςὶ

1978 415 2088 468 usis
2118 414 2492 485 conceptibus,
2532 428 2633 469 nec
2658 415 2727 467 ab
2755 427 2822 467 eo
2866 412 3259 469 intellectuales
3308 414 3499 471 hostes

265 504 456 574 Ἰησοῦ.

323 641 425 697 κθ¹.
458 640 583 694 Ἐὰν
614 641 753 711 μετὰ
778 642 1161 706 ταπεινώσεως
1195 644 1540 714 φρονήματος
1571 642 1662 696 καὶ
1692 642 1827 712 μνή·

261 753 366 805 μης
388 734 644 799 θανάτου,
678 735 772 787 καὶ
809 735 917 789 ἀπὸ
952 733 1211 805 μέμψεως
1232 777 1248 801 ,
1291 734 1386 789 καί
1430 736 1824 806 ἀντιρρήσεως,

258 828 355 883 καὶ
382 827 721 898 ἐπικλήσεως
768 826 946 896 Ἰησοῦ
982 827 1218 896 Χριστοῦ
1247 827 1346 891 τὰς
1374 826 1659 896 διατριϐὰς
1690 825 1827 879 πάν-

260 937 383 974 τοτε
418 922 593 983 ποιεῖς
628 922 685 973 ὲν
721 921 788 990 τῇ
820 922 885 990 σῇ
928 920 1126 992 καρδίᾳ
1150 936 1163 949 °
1217 918 1313 973 καὶ
1352 917 1451 989 τὴν
1484 917 1677 986 στενὴν
1708 916 1828 986 μὲν,

263 1011 400 1065 ἀλλὰ
443 1013 734 1082 χαροποιὸν
764 1012 858 1065 καὶ
888 1011 1128 1083 τερπνὴν
1161 1011 1280 1065 ὁδὸν
1305 1011 1408 1080 τῆς
1443 1009 1681 1071 διανοίας
1709 1007 1832 1060 καθ’

264 1103 500 1172 ἡμέραν,
540 1103 678 1170 μετὰ
706 1102 910 1155 τούτων
938 1102 1046 1156 τῶν
1087 1102 1269 1157 ὃπλων
1298 1101 1500 1164 ὀδεύεις
1534 1099 1833 1170 νηφόντως,

266 1197 347 1257 εἰς
380 1194 619 1266 θεωρίας
646 1194 804 1263 ἁγίας
827 1195 997 1264 ἁγίων
1019 1193 1212 1266 ὲλεύσῃ
1231 1235 1244 1253 ,
1274 1196 1369 1248 καὶ
1390 1193 1707 1264 φωτισθήσῃ
1740 1210 1837 1264 μυο

269 1288 469 1358 στήρια
507 1287 675 1357 βαθέα
706 1287 856 1356 παρὰ
896 1287 1156 1371 Χριστοῦ.
1201 1285 1343 1355 lIap’
1372 1278 1421 1351 ᾧ
1452 1288 1504 1340 οἱ
1547 1284 1836 1353 θησαυροὶ

268 1379 380 1447 τῆς
403 1382 624 1449 σοφίας
660 1384 756 1434 καὶ
792 1381 900 1448 τῆς
938 1368 1215 1449 γνώσεως
1243 1379 1614 1447 ἀπόκρυφον
1661 1378 1764 1430 Ἐν
1792 1368 1841 1442 ᾧ

271 1468 536 1523 κατοικεῖ
572 1468 694 1523 πᾶν
729 1468 796 1522 τό
835 1467 1126 1536 πλήρωμα
1170 1466 1277 1534 τῆς
1326 1469 1606 1532 θεότητος
1645 1479 1843 1532 σωμα-

268 1557 480 1625 τικῶς’
538 1558 847 1631 αίσθηθήσῃ
900 1558 1010 1630 γὰρ
1050 1558 1186 1628 πρὸς
1244 1555 1421 1628 Ἰησοῦ
1450 1572 1463 1587 °
1500 1557 1582 1609 ὅτι
1625 1555 1845 1625 πνεῦμα

273 1651 427 1719 ἅγιον
448 1651 686 1720 ἑφήλατο
717 1653 783 1721 τῇ
832 1653 898 1722 σῇ
929 1650 1107 1721 ψυχῇ,
1134 1650 1267 1720 παρ’
1292 1642 1356 1704 οὗ
1390 1647 1512 1712 νοῦς
1540 1647 1845 1719 ἀνθρώπων

1924 506 2231 576 proﬂigare.

1994 641 2083 696 29.
2121 643 2176 695 Si
2205 658 2329 696 cum
2361 642 2691 709 humilitate,
2719 642 3030 713 prudentia,
3056 643 3359 714 mortisque
3382 657 3497 700 mc-

1929 733 2117 797 moria,
2163 733 2575 802 conquestione,
2623 734 3070 797 contradictione,
3122 732 3501 803 imploratione

1928 825 2058 881 Jesu
2086 825 2307 890 Christi,
2335 825 2681 881 continenter
2711 826 2970 881 exercitia
2999 813 3226 897 peragas
3253 827 3309 882 in
3337 824 3509 881 corde

1934 926 2044 978 tuo,
2071 925 2127 969 et
2150 930 2248 984 per
2268 922 2552 985 angustam
2591 915 2832 985 quidem,
2866 917 2962 972 sed
2993 918 3188 972 animae
3210 916 3503 986 jucundam

1934 1017 2096 1077 atque
2126 1005 2496 1061 delectabilem
2523 1005 2687 1071 viam,
2721 1005 2805 1060 his
2835 1006 3080 1076 quotidie
3103 1006 3269 1061 armis
3297 1006 3504 1061 instru-

1936 1109 2075 1158 ctus,
2110 1105 2257 1171 caste
2280 1097 2524 1161 incedas,
2556 1097 2626 1152 ad
2652 1105 2869 1152 sanctas
2906 1106 3219 1153 sanctorum
3257 1106 3507 1153 contem-

1936 1187 2203 1259 plationes
2232 1187 2521 1257 pervenies
2550 1204 2565 1241 :
2601 1197 2653 1241 et
2680 1186 2947 1256 profunda
2982 1189 3235 1259 mysteria
3265 1188 3362 1244 tibi
3397 1202 3511 1242 ma-

1940 1281 2345 1337 nifestabuntur
2371 1295 2403 1334 a
2433 1279 2670 1336 Christo.
2700 1280 2764 1334 In
2792 1297 2894 1349 quo
2921 1289 3041 1334 sunt
3072 1297 3248 1334 omnes
3279 1280 3510 1334 thesauri

1941 1375 2213 1445 sapientiw
2241 1384 2289 1428 et
2316 1373 2550 1428 scientia:
2581 1374 2872 1429 absconditi
2902 1374 2946 1406 ⁸⁸
2975 1389 2990 1426 :
3026 1373 3093 1428 In
3119 1389 3221 1443 quo
3247 1372 3512 1426 inhabitat

1944 1469 2114 1523 omnis
2157 1466 2427 1537 plenitudo
2467 1466 2760 1520 divinitatis
2797 1465 3140 1535 corporaliter
3185 1465 3251 1517 “.
3300 1461 3516 1517 Senties

1946 1560 2089 1617 enim
2124 1559 2193 1614 ab
2220 1557 2351 1614 Jesu
2371 1557 2588 1613 Christo
2616 1556 2823 1610 insilire
2853 1555 2908 1609 in
2941 1555 3177 1610 animam
3219 1563 3368 1609 tuam
3395 1551 3517 1621 Spi-

1946 1653 2112 1709 ritum
2141 1657 2417 1714 sanctum,
2465 1662 2565 1719 per
2596 1662 2758 1718 quem
2803 1647 3103 1702 illustratur
3147 1659 3304 1701 mens
3340 1643 3518 1699 homi-

271 1742 608 1812 δᾳδουχεϊται
629 1742 762 1812 όρᾷν
775 1740 1086 1794 ἀνακεκαλυ
1096 1739 1287 1811 μμένῳ
1300 1737 1601 1809 προσώπῳ.
1611 1736 1781 1792 οὐδε)
1790 1758 1844 1804 ς,

1975 1759 2104 1808 mm,
2135 1750 2193 1796 ut
2220 1740 2454 1796 revelata
2486 1737 2622 1794 l‘acie
2648 1736 2818 1809 possit
2846 1735 3068 1791 intueri.
3097 1731 3287 1799 Nemo,
3318 1732 3517 1802 inquit.

274 1833 431 1903 φησι.
491 1833 657 1902 λέγει
706 1833 925 1900 Κύριον
968 1831 1233 1900 Ἰησοῦν,
1300 1833 1352 1886 εί
1387 1832 1474 1901 μὴ
1527 1830 1600 1884 ἐν
1654 1830 1847 1885 Uret}-

269 1941 414 1995 ματι
452 1924 631 1995 ἁγίῳ,
687 1923 891 2003 δηλαδὴ
938 1923 1173 1996 βεϐαιῶν
1225 1921 1505 1994 μυστικῶς
1545 1923 1607 1975 τὸ
1655 1919 1850 1992 ζητούσ

280 2032 463 2086 μενον.

348 2126 413 2180 λ’.
442 2127 588 2196 Πλὴν
628 2129 724 2182 καὶ
762 2126 924 2181 τοῦτο
971 2121 1065 2181 οῦν
1104 2126 1302 2189 ίστιίον,
1332 2128 1462 2189 τοὺς
1507 2124 1850 2196 φιλομαθεῖς.

278 2220 470 2289 ὅτιπερ
510 2221 560 2272 oi
614 2218 869 2288 φθονεροὶ
914 2217 1266 2289 δαίμονές,τε
1299 2216 1560 2280 πολλάκις
1588 2217 1684 2270 καὶ
1715 2213 1852 2285 κρύ-

282 2328 476 2365 πτουσι
507 2310 606 2365 καὶ
636 2310 1021 2364 συστέλλουσιν
1063 2309 1124 2375 ἐξ
1165 2308 1324 2381 ἡμῶν
1358 2308 1447 2363 τὸν
1466 2307 1657 2378 νοητὸν
1693 2305 1853 2359 πόλι-

286 2421 408 2474 μον,
434 2402 818 2472 βασκαίνοντες
844 2404 979 2472 ἡμῖν
997 2403 1048 2455 οἱ
1084 2402 1250 2455 δεινοὶ
1275 2400 1377 2470 τῆς
1406 2400 1471 2452 ὲκ
1493 2397 1587 2452 τοῦ
1614 2397 1855 2467 πολέμου

281 2490 553 2559 ὠφελείας
587 2508 647 2544 τε
694 2490 791 2544 καὶ
834 2489 1114 2559 γνώσεως,
1150 2489 1245 2543 καὶ⁵
1297 2489 1436 2558 πρὸς
1476 2488 1611 2541 Θεὸν
1650 2485 1856 2542 ἀναδά-

287 2602 445 2648 σεως,
491 2585 585 2637 καὶ
630 2584 697 2636 ἶν’
747 2581 1241 2653 ἀμεριμνησάντων
1285 2581 1442 2652 ἡμῶν
1483 2581 1741 2650 ἐξαίφνης
1769 2581 1860 2634 τδν

288 2676 414 2732 νοῦν
460 2671 616 2739 αὖθις
683 2676 993 2746 ἁρπάσωσι,
1056 2675 1151 2729 καὶ
1212 2675 1538 2744 ἀπροσεχεῇς
1592 2689 1745 2737 τινας
1793 2675 1859 2744 τῇ

287 2767 504 2838 διανοίᾳ
557 2766 720 2820 πάλιν
768 2765 1195 2836 ἀπεργάσωνται
1244 2764 1470 2834 (σκοπὸς
1524 2767 1634 2832 γὰρ
1678 2763 1863 2825 αὐτοῖς

290 2860 527 2931 ᾶληκτος
562 2858 657 2912 καὶ
689 2856 839 2925 ἁγὼν
883 2857 1234 2926 φροντίζεται
1269 2856 1391 2926 μηδ’
1422 2856 1556 2920 ὅλως
1593 2857 1689 2927 ὲᾷν
1715 2855 1865 2925 ἡμᾶς

292 2951 394 3022 τὴν
422 2949 647 3021 καρδίαν
676 2950 832 3020 ἡμῶν
857 2948 1143 3020 προσεχῶς
1157 2947 1357 3018 ἄγειν),
1383 2948 1584 3010 ειδότες
1615 2948 1707 3001 τὸν
1740 2964 1866 2999 συν-

1947 1836 2095 1901 dicit,
2125 1833 2380 1888 Dominus
2398 1831 2572 1895 Jews,
2597 1831 2700 1885 nisi
2739 1830 2797 1883 in
2830 1826 3033 1898 Spiritu
3076 1834 3258 1882 sancto
3290 1824 3358 1889 ",
3386 1838 3521 1879 con-

1922 1927 2200 2025 \lirmante
2221 1923 2430 1980 scilicet
2446 1921 2673 1995 mystice
2700 1935 2826 1977 eum
2852 1919 2945 1991 qui
2969 1918 3186 1990 qua-rit.

2019 2126 2112 2183 50.
2143 2123 2290 2181 Istud
2330 2138 2493 2195 porro
2535 2120 2676 2177 scire
2707 2120 2929 2183 debent,
2975 2117 3067 2188 qui
3106 2113 3350 2173 discendi
3381 2111 3526 2170 desi-

1953 2218 2106 2273 derio
2144 2223 2421 2280 tenentur,
2454 2225 2835 2283 saepenumero
2875 2209 3150 2265 daemones
3180 2206 3398 2261 invidos
3434 2218 3527 2258 ce—

1956 2311 2069 2365 lare
2101 2324 2219 2371 nos,
2267 2316 2323 2362 et
2368 2305 2691 2361 subtrahere
2729 2317 2760 2358 a
2800 2301 2962 2358 nobis
3003 2298 3245 2370 spiritale
3274 2296 3475 2352 bellum
3511 2310 3526 2348 :

1957 2401 2086 2457 dum
2125 2398 2307 2454 infesti
2363 2397 2442 2452 illi
2496 2395 2655 2451 nobis
2696 2394 2943 2463 invident
2988 2397 3304 2446 nascentem
3349 2401 3416 2441 ex
3464 2399 3532 2441 eo

1958 2491 2101 2547 bello
2168 2490 2404 2546 fructum
2427 2528 2441 2553 ,
2503 2485 2868 2556 cognitionem
2926 2491 2983 2539 et
3033 2479 3407 2537 ascensionem
3464 2476 3533 2531 ad

1961 2585 2131 2637 Deum
2163 2600 2178 2636 :
2208 2591 2267 2635 nt
2298 2578 2696 2650 negligentibus
2721 2575 2899 2636 nobis,
2940 2587 3062 2628 mox
3103 2577 3328 2641 repente
3379 2582 3536 2622 nien-

1963 2684 2070 2729 tem
2103 2672 2355 2741 eripiant,
2383 2679 2439 2724 et
2472 2669 2668 2740 ignavo
2694 2665 2877 2720 animo
2906 2662 3170 2734 quosdam
3205 2660 3388 2715 denuo
3416 2656 3535 2712 etii-

1963 2766 2111 2822 ciant
2137 2765 2417 2833 (perpetua
2443 2761 2588 2814 enim
2619 2758 2837 2813 illorum
2864 2754 3095 2810 intentio
3119 2759 3175 2807 et
3204 2751 3355 2806 labor
3385 2749 3439 2803 in
3472 2763 3540 2803 eo

1965 2854 2234 2919 consistit,
2263 2861 2322 2907 ut
2349 2866 2460 2905 non
2491 2849 2673 2905 sinant
2701 2860 2802 2901 nos
2833 2860 2927 2900 cor
2954 2851 3205 2898 nostrum
3227 2839 3541 2904 observare.)

1968 2962 2075 3003 non
2102 2944 2271 3017 ignari
2296 2954 2512 3012 quanta:
2537 2939 2861 3010 proveniant
2894 2950 3027 3006 opes
3055 2934 3270 2994 animm,
3304 2946 3370 2985 ex
3402 2944 3542 2999 quo-

296 3017 567 3112 αγόμενον
623 3017 853 3094 πλοῦτον
904 3017 975 3112 τῇ
1033 3017 1202 3111 ψυχῇ,
1244 3017 1321 3094 ὲκ
1356 3039 1457 3110 τῆς
1494 3038 1613 3093 καθ’
1652 3039 1867 3110 ἡμέραν

1975 3038 2176 3092 tidiana
2201 3033 2597 3090 observatione.
2639 3028 2745 3085 Nos
2788 3040 2920 3082 vero
2960 3034 3099 3084 tunc,
3131 3033 3405 3077 memores
3438 3017 3544 3071 Do-

295 3098 593 3205 προσοχῆς.
644 3131 784 3185 Ἀλλ’
830 3098 989 3201 misi";
1319 3098 1457 3200 μετᾶ
1492 3130 1593 3201 τῆς
1648 3098 1867 3199 μνήμης

1975 3132 2106 3187 mini
2169 3132 2342 3185 nostri
2395 3127 2525 3183 Jesu
2586 3124 2809 3188 Christi,
2867 3121 3126 3192 erigimur
3170 3116 3237 3171 ad
3275 3114 3548 3185 spiritales

292 3223 389 3277 τοῦ
435 3223 638 3294 Κυρίου
693 3222 851 3294 ἡμῶν
893 3222 1069 3293 Ἰησοῦ
1091 3221 1330 3291 Χριστοῦ
1380 3219 1737 3292 ὲκτεινόμεθα
1786 3221 1868 3281 εἰς

299 3315 675 3387 πνευματικὰς
708 3314 962 3386 Θεωρίας,
1007 3315 1103 3367 καὶ
1147 3316 1177 3368 ὀ
1209 3313 1443 3383 πόλεμος
1477 3311 1639 3367 πάλιν
1670 3313 1750 3385 εἰς
1780 3310 1870 3364 τὸν

299 3381 852 3476 νοῦν-ἐπανέρχεταί,
895 3404 1054 3472 μόνον
1111 3402 1251 3472 μετὰ
1304 3381 1523 3471 βουλῆς,
1568 3400 1657 3453 ἵνα
1687 3381 1869 3462 ὀὕτως

299 3499 460 3561 είπω,
510 3492 674 3549 αὐτοῦ
718 3492 813 3548 τοῦ
868 3492 1100 3564 Κυρίου,
1157 3490 1252 3563 και
1307 3491 1445 3544 me
1492 3486 1873 3550 ταπεινώσεως

303 3587 506 3657 πολλῆς
530 3586 708 3640 πάντα
737 3585 1002 3655 ποιῶμεν.

376 3701 480 3754 λα’.
505 3701 595 3751 Δεῖ
622 3697 731 3766 γὰρ
750 3698 900 3767 ἡμᾶς
947 3697 1007 3749 ὲν
1030 3693 1195 3765 κοινῷ
1225 3694 1325 3765 βίῳ
1352 3691 1729 3763 διατρίϐοντας
1759 3692 1877 3763 μεθ’

308 3791 557 3847 ἑκουσίου
600 3787 1014 3860 προαιρέσεως,
1051 3784 1165 3839 καὶ
1212 3784 1479 3856 προθύμῳ
1522 3784 1725 3853 καρδίᾳ⁵
1773 3784 1881 3836 πᾶν

309 3885 524 3955 θιλημα
582 3879 1096 3951 ἡμῶν.ὲκκόπτειν,
1134 3877 1214 3946 τῷ
1253 3875 1562 3948 προεστῶτι
1607 3873 1703 3928 τοῦ
1746 3872 1883 3927 Θεοῦ

312 3976 702 4047 συγγινομὲνου
726 3990 739 4003 ·
797 3971 1009 4025 εὺὼνιοι
1034 3970 1133 4023 καὶ
1178 3969 1332 4023 αὐτοὶ
1363 3971 1524 4040 ἡμεῖς
1566 3982 1684 4029 πως
1724 3963 1886 4033 γινώ-

315 4071 457 4140 μεθα
485 4068 581 4121 καὶ
608 4066 859 4134 ὰθέλητοι
878 4078 892 4092 ⁸
942 4056 1045 4117 ὧδε
1077 4061 1274 4132 τέχνην
1303 4059 1515 4123 τούτοις
1557 4057 1701 4127 ἔχειν
1726 4072 1888 4127 προσ-

311 4166 460 4234 ήκει,
494 4160 581 4214 ἵνα
624 4159 698 4229 μὴ
727 4156 806 4228 τῷ
839 4156 981 4228 χόλῳ
1004 4151 1449 4225 ταρασσώμεθα,
1487 4150 1585 4202 καὶ
1629 4149 1692 4201 τὸ
1729 4147 1889 4217 θυμι-

313 4257 410 4311 κὸν
441 4252 601 4323 ἡμῶν
629 4248 956 4321 παραλόγως
998 4247 1096 4300 καὶ
1131 4243 1286 4316 παρὰ
1313 4242 1474 4312 φύσιν
1502 4240 1764 4310 κινῶμεν,
1794 4238 1890 4291 καὶ

314 4344 760 4419 ἀπαρρησίαστοι
807 4337 1058 4400 τολοιπδν
1095 4337 1175 4399 είς
1212 4335 1305 4388 τὸν
1365 4333 1597 4404 ἀόρατον
1655 4329 1890 4399 πόλεμον

1975 3221 2481 3292 contemplationes,
2521 3218 2809 3286 denuoque
2841 3214 3044 3270 bellum
3077 3207 3310 3278 insurgit
3342 3207 3397 3262 in
3423 3206 3544 3260 ani-

1976 3332 2122 3371 mum
2156 3333 2170 3368 :
2204 3313 2366 3368 modo
2411 3326 2534 3366 cum
2578 3307 2828 3370 consilio,
2875 3314 2934 3361 ut
2982 3305 3057 3359 ita
3090 3302 3289 3364 dicam,
3332 3295 3548 3353 Domini

1981 3408 2150 3477 ipsius
2177 3447 2192 3473 ,
2264 3413 2315 3460 et
2386 3401 2696 3458 humilitate
2765 3413 2876 3454 non
2954 3394 3168 3452 modica
3232 3404 3554 3464 peragamus

1977 3514 2179 3553 omnia.

2053 3698 2143 3753 “5|.
2171 3693 2283 3751 Nos
2318 3694 2408 3764 qui
2437 3694 2684 3765 degimus
2711 3692 2765 3745 in
2792 3686 3065 3750 coenobio,
3095 3689 3395 3753 spontaneo
3430 3695 3558 3749 pro-

1982 3785 2162 3855 posito
2190 3790 2244 3837 et
2275 3781 2441 3836 alacri
2494 3780 2678 3833 animo
2722 3776 2986 3831 debemus
3025 3778 3308 3841 amputare
3341 3781 3558 3823 omnem

1984 3875 2323 3930 voluntatem
2351 3879 2616 3933 nostram,
2650 3882 2772 3923 cum
2802 3866 2945 3921 Deus
2972 3863 3111 3919 adsit
3150 3859 3395 3932 praelato.
3448 3857 3562 3913 Ali-

1985 3968 2114 4038 jecti
2145 3966 2307 4021 etiam
2329 3979 2430 4019 nos
2453 3961 2558 4032 ipsi
2590 3958 2823 4031 quodam
2852 3957 3014 4013 modo
3038 3953 3356 4014 elﬁciamur,
3388 3958 3442 4005 et
3465 3965 3565 4004 vo-

1990 4059 2198 4112 luntate
2231 4061 2506 4111 carentes.
2540 4051 2605 4106 Et
2653 4050 2797 4105 hanc
2840 4056 3010 4101 artem
3057 4044 3257 4101 callere
3308 4040 3568 4095 convenit

1992 4149 2118 4212 illis,
2150 4162 2222 4202 ne
2244 4146 2336 4201 bili
2366 4144 2769 4216 perturbemur,
2811 4149 2868 4195 et
2900 4145 3142 4193 nostram
3188 4131 3451 4189 irascendi
3489 4130 3567 4184 l‘ac

1996 4239 2251 4295 cultatem
2274 4244 2472 4308 praeter
2502 4243 2754 4290 naturam
2782 4241 2841 4286 et
2864 4230 3129 4286 rationem
3148 4237 3489 4283 moveamus,
3514 4229 3571 4275 et

1996 4332 2062 4386 ad
2111 4328 2560 4386 committendum
2615 4324 2857 4395 spiritale
2900 4322 3104 4378 bellum
3157 4319 3211 4372 in
3260 4322 3566 4386 posterum,

314 4401 718 4507 ηὑρισκιῦμεθα.
758 4430 933 4485 Elates
978 4427 1088 4498 γὰρ
1124 4425 1186 4478 τὸ
1234 4401 1448 4493 θέλημα
1475 4421 1635 4493 ἡμῶν
1687 4418 1761 4488 μὴ
1796 4434 1863 4471 κο

1995 4419 2336 4487 reperiamur
2391 4413 2585 4468 timidi.
2628 4410 2892 4467 Voluntas
2935 4408 3079 4464 enim
3121 4414 3305 4461 nostra
3345 4419 3374 4457 a
3412 4401 3571 4456 nobis

318 4530 587 4597 πτόμενον
662 4525 794 4591 παρ’
854 4518 1014 4592 ἡμῶν
1076 4515 1521 4579 αὐτοεκουσίως,
1573 4508 1893 4583 ὀργίζεσθαι

318 4618 458 4689 πρὸς
504 4616 632 4678 τοὺς
696 4612 969 4675 ἀκουσίως
1017 4608 1176 4681 ἡμῶν
1218 4608 1441 4661 κόπτειν
1506 4603 1639 4658 αὐτὸ
1685 4603 1896 4670 ἐπιχει-

322 4688 571 4778 ροῦντας.
599 4703 711 4758 Καὶ
740 4703 805 4754 ἐκ
827 4701 1013 4756 τούτου
1044 4697 1139 4752 οὖν
1161 4699 1191 4751 ὁ
1218 4695 1391 4765 θυμὸς
1422 4691 1610 4756 κακῶς
1640 4688 1892 4743 ὑλακτῶν

318 4797 585 4869 κινηθεὶς,
622 4793 885 4848 ἀπόλλυσι
917 4791 1015 4861 τὴν
1047 4788 1249 4858 γνῶσιν
1274 4788 1374 4855 τῆς
1406 4785 1606 4853 πάλης,
1641 4784 1708 4851 ἢν
1733 4780 1896 4858 μόγις

322 4887 464 4960 μετὰ
486 4884 734 4955 καμάτου
764 4880 961 4935 πολλοῦ
988 4875 1293 4949 κτήσασθαι
1315 4874 1573 4946 ἠδυνήθη.
1594 4869 1894 4942 Φθαρτικδς

318 4985 430 5052 γὰρ
459 4981 488 5032 ό
527 4976 698 5047 θυμός
744 4970 883 5027 εἶναι
918 4972 1185 5040 πέφυκεν.
1220 4970 1282 5022 El
1328 4968 1424 5039 μὲν
1447 4961 1541 5020 οὖν
1572 4964 1708 5037 πρὸς
1745 4963 1894 5031 λογι-

323 5072 497 5141 σμοὺς
541 5065 793 5137 κινηθείη
821 5061 1220 5133 δαιμονιώδεις,
1245 5060 1458 5131 φθείρει
1507 5060 1600 5111 καὶ
1638 5054 1896 5109 ἀπολλύει

325 5158 547 5222 αὐτούς,
579 5159 643 5212 Ei
666 5157 711 5211 6’
748 5150 814 5211 αὖ
845 5154 1011 5208 πάλιν
1037 5151 1181 5207 κατὰ
1208 5149 1536 5221 ἀνθρώπων,
1563 5147 1778 5218 φθείρει
1808 5147 1903 5200 καὶ

330 5251 652 5312 οὕτως-τοὺς
685 5246 1063 5319 ἀνθρωπίνους
1091 5245 1386 5314 λογισμοὺς
1415 5243 1473 5294 ὲν
1519 5242 1672 5311 ἡμῖν.
1706 5238 1852 5310 Πλὴν
1877 5241 1905 5290 ό

333 5345 398 5396 θυ
407 5341 621 5411 μὸςόρῶ
635 5341 716 5393 ὅτι
729 5339 836 5409 φθα
846 5336 1027 5408 ρτικὸς
1045 5336 1303 5407 τυγχάνει
1321 5331 1599 5402 λογισμῶν
1612 5331 1904 5391 παντοίων,

336 5435 445 5490 εἴτε
461 5420 732 5504 πονηρῶν,
766 5434 876 5485 εἴτε
912 5431 1055 5504 τύχῃ
1073 5430 1166 5482 καὶ
1181 5424 1602 5494 δεξιῶν.”οπλον
1624 5422 1734 5492 γὰρ
1755 5423 1905 5492 παρὰ

336 5525 473 5581 Θεοῦ
498 5526 593 5581 καὶ
626 5525 779 5591 τόξον
804 5525 945 5578 κατὰ
975 5522 1248 5594 δαιμόνων
1276 5522 1405 5591 ἡμῖν
1436 5515 1826 5589 παρασχεθεὶς,
1856 5516 1903 5565 εί

412 5703 457 5736 ⁸⁵
487 5700 694 5758 Coloss.
730 5714 789 5765 ll,
824 5700 876 5753 5.
954 5697 1147 5753 “ibid.
1180 5699 1230 5751 9.
1310 5696 1351 5727 "
1387 5696 1406 5750 Ι
1439 5695 1561 5749 Cor.
1585 5707 1684 5755 xu,
1710 5690 1761 5745 5.

2001 4512 2142 4564 ultro
2176 4525 2285 4564 non
2317 4508 2574 4569 abscissa,
2612 4504 3006 4561 excandescere
3049 4500 3187 4553 solet
3228 4499 3283 4551 in
3328 4510 3442 4556 eos,
3479 4492 3573 4561 qui

1999 4602 2050 4656 vi
2085 4601 2232 4655 illam
2264 4616 2293 4653 a
2318 4597 2478 4652 nobis
2510 4602 2792 4665 amputare
2832 4590 3105 4645 nituntur.
3145 4585 3303 4641 Unde
3331 4582 3409 4636 ira
3443 4595 3571 4651 per-

2000 4703 2145 4747 m0ta
2174 4689 2315 4744 male
2364 4686 2661 4747 oblatrans,
2702 4679 2893 4736 adimit
2932 4675 3060 4733 belli
3105 4672 3378 4734 notitiam,
3409 4683 3575 4739 quam

1999 4787 2086 4838 vix
2118 4782 2290 4838 multo
2319 4795 2443 4834 cum
2474 4778 2659 4833 labore
2686 4772 2945 4844 consequi
2977 4769 3173 4842 potuit.
3200 4767 3286 4823 Ira
3306 4766 3577 4835 siquidem

2001 4882 2195 4927 natura
2244 4869 2551 4923 facultatem
2605 4865 2773 4920 habet
2822 4858 3218 4917 interimendi:
3274 4857 3328 4911 in
3372 4854 3579 4924 cogita-

2005 4966 2181 5018 tiones
2204 4962 2420 5032 quidem
2445 4957 2740 5012 diaboiieas
2767 4965 2966 5017 emota,
2998 4951 3212 5023 perimit
3237 4957 3291 5003 et
3329 4945 3582 5002 dissolvit

2007 5070 2101 5109 eas
2131 5071 2143 5107 :
2171 5054 2257 5108 sin
2284 5060 2474 5107 contra
2527 5049 2798 5113 homines,
2854 5047 3041 5101 itidem
3085 5041 3442 5113 cogitationes
3476 5037 3582 5089 hn-

2010 5162 2205 5202 manas
2239 5146 2291 5199 in
2328 5141 2488 5198 nobis
2516 5142 2679 5196 delet.
2714 5134 2926 5209 Itaque,
2970 5147 3028 5191 ut
3078 5135 3258 5197 video,
3304 5131 3382 5184 ira
3430 5141 3587 5197 quas-

2012 5254 2227 5309 cunque
2255 5236 2554 5306 corrumpit
2591 5230 2966 5308 cogitationes,
3024 5242 3122 5282 seu
3162 5224 3432 5283 sinistras,
3464 5235 3585 5279 seu,
3664 5258 3669 5263 .

2013 5332 2057 5385 si
2087 5331 2161 5386 ita
2199 5331 2498 5400 contingat,
2535 5327 2802 5383 dexteras.
2842 5324 3002 5376 Arma
3037 5319 3178 5375 enim
3214 5324 3268 5370 et
3298 5315 3403 5370 tela
3427 5312 3586 5366 nobis

2014 5424 2275 5477 adversus
2304 5421 2578 5477 daemones
2608 5433 2640 5471 a
2681 5419 2790 5471 Deo
2818 5414 3036 5478 donata,
3071 5410 3177 5464 nisi
3199 5416 3501 5477 teneantur
3531 5403 3583 5455 in

2014 5515 2281 5584 utrisque,
2314 5512 2441 5567 licet
2468 5511 2676 5565 varium
2708 5508 2944 5564 habeant
2979 5503 3256 5565 ell'ectum,
3286 5496 3589 5568 perniciosi
3622 5504 3625 5507 ‘
