3968 6220
270 371 403 430 1493

949 371 1040 429 DE
1074 371 1615 430 TEMPERANTIA
1660 370 1751 428 ET
1795 370 2148 428 VIRTUJ‘E.
2197 395 2259 402 -
2294 371 2680 430 CENTURlA
2727 371 2777 431 Ι.

3371 372 3502 435 1495

255 484 399 537 λέσει
451 480 811 548 ἀγαθωσύνην
859 479 1138 548 μεγάλην,
1198 480 1293 530 καὶ
1338 478 1668 548 ἁμαρτάνων
1705 477 1861 538 νοῦς,

1974 478 2124 531 erdet
2157 479 2295 532 bona
2328 481 2519 542 multa,
2559 490 2612 533 et
2655 497 2808 534 mens
2850 498 2967 549 qum
3012 491 3222 550 peccat,
3269 498 3422 538 escas
3450 494 3507 536 et

259 570 502 635 ἐξόλλυσι
549 567 615 622 τὰ
644 569 700 620 ὲν
731 566 808 636 τῷ
854 566 1336 636 προγεγραμμένῳ
1365 567 1653 638 κεφαλαίῳ
1693 567 1830 620 ποτὰ

259 662 350 715 καὶ¹
385 659 568 729 βρωτὰ
600 657 934 726 ἀμϐροσίας.

328 748 426 814 λζ’.
454 749 567 802 Οὐκ
590 749 757 817 ὲσμὲν
775 747 1012 817 Σαμψὼν
1039 746 1426 817 δυνατώτεροι,
1459 747 1518 799 οὐ
1549 747 1834 816 Σολομῶν-

258 858 349 903 τος
379 838 699 908 σοφώτεροι,
749 837 808 889 οὑ
857 836 1020 890 Δαϐὶδ
1045 836 1138 889 τοῦ
1181 836 1330 888 θείου
1371 834 1832 903 γνωστικώτεροι,

259 931 320 980 οὐ
366 929 574 998 Πέτρου
625 926 724 979 τοῦ
777 926 1078 996 κορυφαίου
1134 926 1332 995 μᾶλλον
1376 926 1512 979 Θεὸν
1573 923 1836 992 ἀγαπῶν-

262 1037 382 1082 τεςο
431 1021 505 1089 μὴ
549 1021 761 1081 ἑαυτοῖς
800 1020 981 1071 τοίνυν
1036 1018 1406 1090 θαρρήσωμεν
1434 1034 1447 1046 ’
1487 1017 1621 1087 φησὶ
1665 1015 1773 1086 γὰρ
1801 1017 1834 1084 ἡ

264 1112 550 1182 Γραφή”0
577 1113 655 1174 εἰς
695 1111 858 1164 αὑτὸν
895 1110 1137 1182 θαρρῶν,
1179 1112 1429 1164 πεσεῖται
1459 1109 1660 1179 πτῶμα
1691 1109 1840 1172 ἐξαί-

268 1220 406 1256 σιον.

337 1295 439 1365 λη’.
485 1295 762 1364 Μάθωμεν
823 1295 931 1348 ἀπὸ
991 1294 1231 1366 Χριστοῦ
1295 1293 1839 1366 ταπεινοφροσύνην,

269 1387 363 1440 καὶ
397 1389 460 1438 ὲκ
495 1387 662 1439 Δαὸὶδ
705 1387 1058 1450 ταπείνωσιν,
1094 1386 1190 1439 καὶ
1238 1387 1303 1438 ὲκ
1332 1385 1540 1454 Πέτρου
1583 1384 1844 1453 δακρύειν

270 1479 362 1528 ἐπὶ
389 1479 501 1540 τοῖς
529 1477 942 1547 συμϐαίνουσιν,
964 1461 1107 1530 ἀλλᾶ
1133 1477 1207 1546 μὴ
1241 1476 1666 1543 ἁπογινάκςκειν,
1707 1475 1847 1528 κατὰ

274 1570 346 1620 Σα
357 1567 534 1638 μψὼν,
566 1570 658 1620 καὶ
684 1567 910 1632 Ἰούδαν,
936 1569 1027 1622 καὶ
1044 1567 1366 1637 Σολομῶντα
1386 1568 1477 1620 τὸν
1507 1567 1627 1619 λίαν
1667 1566 1846 1636 σοφώ-

269 1676 458 1715 τατον.

338 1748 436 1803 λθ’.
486 1749 544 1799 ὐ
568 1751 676 1819 γὰρ
713 1747 958 1810 διάϐολος
994 1749 1306 1820 ὼρυόμενος
1329 1752 1404 1813 ώς
1437 1749 1575 1803 λέων
1603 1765 1848 1819 περιπα-

1932 569 2182 636 potiones
2214 570 2521 636 ambrositu,
2559 571 2610 624 in
2647 580 2773 625 ante
2807 573 3010 640 scripto
3048 573 3289 642 capitulo
3325 573 3506 628 decla-

1937 669 2097 723 ratas,
2127 661 2323 728 perdit.

1993 749 2092 801 57.
2136 748 2254 801 Non
2304 765 2494 803 smnus
2547 750 2798 804 fortiores
2823 750 3134 804 Samsone:
3191 767 3299 804 non
3353 749 3508 804 Salo-

1939 855 2098 896 mone
2132 841 2530 909 sapientiores:
2565 856 2674 894 non
2712 843 3136 910 perspicaciores
3159 843 3210 894 in
3238 858 3294 894 re
3326 843 3509 896 divina

1938 945 2098 999 quam
2155 929 2368 984 David:
2428 945 2532 982 non
2588 929 2860 999 diligimus
2911 932 3079 984 Deum
3136 932 3512 986 vehementius

1939 1037 2098 1090 quam
2145 1019 2340 1073 Petrus
2384 1021 2757 1088 apostolorum
2815 1021 3088 1090 princeps.
3146 1021 3510 1087 Quamobrem

1942 1129 2052 1168 non
2092 1114 2250 1167 nobis
2293 1113 2424 1182 ipsis
2470 1112 2717 1168 fidamus.
2768 1111 2946 1181 lnqnit
2975 1115 3122 1168 enim
3176 1116 3455 1184 Scriptura
3499 1133 3510 1166 ι

1943 1203 2043 1269 Qui
2069 1203 2125 1256 in
2156 1201 2336 1270 seipso
2360 1201 2603 1265 conlidit,
2633 1211 2755 1255 ruet
2783 1217 2911 1255 casu
2949 1203 3290 1272 gravissimo.

2017 1297 2106 1350 58.
2153 1295 2433 1353 Discamus
2469 1310 2500 1348 a
2528 1294 2768 1358 Christo,
2796 1295 2863 1350 de
2894 1295 3050 1350 nobis
3077 1295 3358 1348 humiliter
3393 1312 3511 1351 sen-

1950 1388 2052 1442 tire
2085 1404 2098 1441 :
2138 1396 2193 1440 et
2233 1402 2263 1440 a
2298 1385 2516 1449 Davide,
2553 1385 2913 1454 abjectionem
2955 1406 2970 1442 :
3000 1402 3029 1439 a
3058 1385 3254 1449 Petro,
3280 1386 3411 1439 flere
3447 1388 3518 1441 ob

1949 1494 2106 1535 casus
2135 1479 2537 1547 contingentes.
2567 1476 2686 1532 Non
2719 1485 2898 1530 tamen
2929 1477 3366 1546 despondeamus
3399 1477 3518 1530 ani-

1951 1587 2120 1632 mum.
2162 1585 2313 1624 more
2353 1567 2652 1634 Samsonis,
2688 1575 2743 1622 et
2808 1566 2980 1632 Iudas,
3030 1577 3084 1622 et
3129 1566 3517 1637 sapientissimi

1952 1662 2275 1717 Salomonis.

2023 1751 2112 1808 59.
2153 1751 2407 1805 Diabolus
2441 1750 2587 1803 enim
2624 1749 2868 1819 rugiens,
2918 1758 2975 1803 ut
3017 1749 3126 1812 leo,
3162 1747 3519 1803 obambulans

272 1841 376 1891 τῶν
409 1839 561 1909 ζητεῖ
595 1841 714 1893 τίνα
759 1841 1018 1894 καταπίει
1063 1843 1161 1895 σὺν
1198 1845 1319 1904 ταῖς
1361 1842 1528 1896 αὐτοῦ
1557 1841 1841 1910 δυνάμεσι.

1974 1841 2145 1912 ιιιωιίι
2173 1856 2296 1894 cum
2347 1839 2600 1892 omnibus
2645 1837 3004 1908 potestatibus
3046 1837 3178 1902 suis,
3230 1851 3391 1905 quem
3423 1835 3519 1889 de-

272 1933 422 1999 Μὴτε
451 1928 543 1983 οὖν
577 1934 610 2002 η
653 1933 922 2001 καρδιακὴ
965 1932 1031 1985 δι’
1064 1933 1187 1984 ὅλου
1233 1933 1496 2004 προσοχὴ,
1537 1932 1632 1984 καὶ
1660 1932 1842 2000 νῆψις,

275 2025 369 2076 καὶ
418 2025 757 2094 ἀντίρρησις,
799 2025 893 2076 καὶ
942 2026 1076 2096 εὐχὴ
1124 2027 1262 2098 πρὸς
1312 2025 1547 2096 Χριστὸν
1611 2021 1843 2092 Ἰησοῦν,

273 2117 363 2167 τὸν
381 2115 513 2167 θεδν
548 2115 725 2185 ἡμῶν,
751 2116 988 2187 ἁργειτω
1019 2118 1172 2184 ποτὲ,
1201 2117 1378 2189 πάρεξ
1424 2113 1599 2185 Ἰησοῦ
1625 2131 1638 2144 ·
1670 2116 1847 2184 κρεῖτ-

272 2223 362 2257 τον
396 2206 502 2274 γὰρ
539 2204 793 2276 βοήθημα
821 2207 920 2277 οὐχ
961 2207 1213 2278 εὑρήσεις
1244 2210 1302 2261 ὲν
1336 2207 1432 2277 ὅλῃ
1461 2208 1527 2276 τῇ
1561 2208 1674 2274 ζωῇ
1718 2221 1844 2256 σου·

275 2297 434 2359 αὐτὸς
497 2299 605 2366 γὰρ
676 2298 838 2365 μόνος
897 2300 926 2351 ὁ
982 2299 1188 2370 Κύριος
1259 2299 1520 2367 γινώσκει
1579 2297 1654 2359 ὡς
1716 2295 1848 2359 Θεὸς

215 2409 220 2412 ·
275 2389 370 2451 τὰς
425 2388 532 2440 τῶν
563 2388 832 2459 δαιμόνων
867 2393 1229 2462 πανουργίας,
1269 2391 1364 2446 καὶ
1397 2391 1706 2463 μεθοδείας,
1755 2388 1850 2442 καὶ

277 2482 479 2543 δόλους.

351 2582 422 2645 μ’.
467 2578 533 2631 Ἦ
575 2577 723 2649 ψυχὴ
765 2575 946 2629 τοίνυν
997 2575 1272 2648 θαρρείτω
1315 2578 1396 2638 εἰς
1449 2576 1713 2647 Χριστὸν,
1756 2576 1852 2628 καὶ

279 2669 666 2735 παρακαλείτω
688 2667 874 2732 αὐτὸν,
899 2667 992 2720 καὶ
1019 2667 1154 2738 μηδ’
1176 2668 1312 2729 ὅλως
1342 2667 1613 2721 δειλιάτω.
1645 2667 1718 2720 Οὐ
1744 2667 1852 2736 γὰρ

209 2778 217 2790 -
285 2757 418 2825 μόνη
453 2758 702 2828 πολεμεῖ,
753 2755 889 2810 ἀλλὰ
925 2755 1062 2826 μετὰ
1103 2756 1336 2827 φοϐεροῦ
1372 2756 1634 2826 βασιλέως
1677 2754 1852 2826 Ἰησοῦ

280 2849 536 2916 Χριστοῦ,
549 2849 766 2903 κτίστου
786 2848 1003 2902 πάντων
1022 2848 1130 2901 τῶν
1151 2849 1658 2918 δντων,ἁσωμάτων
1682 2864 1742 2900 τε
1762 2847 1856 2900 καὶ

282 2944 630 3014 ἐνσωμάτων,
669 2944 839 3014 ἤγουν
867 2942 1077 3014 ὁρατῶν
1109 2942 1206 2996 καὶ
1233 2941 1502 3013 ἀοράτων.

356 3123 465 3192 μα’.
505 3123 590 3186 Ὧς
624 3122 733 3194 γὰρ
767 3124 795 3176 ὁ
829 3123 983 3187 ὑετὸς
1014 3123 1124 3193 ὅσῳ
1152 3121 1337 3177 πλεῖον
1379 3119 1472 3174 ἐπὶ
1502 3119 1603 3220 τῆης
1635 3119 1737 3188 γῆς
1769 3134 1862 3220 καῖ
1891 3163 1933 3220 c

283 3212 603 3284 ταφέρεται,
618 3214 869 3266 τοσοῦτον
883 3215 975 3267 καὶ
989 3212 1089 3282 τὴν
1110 3213 1213 3282 γῆν
1228 3210 1510 3266 ἁπαλύνειο
1533 3209 1675 3262 οὕτω
1696 3207 1864 3261 καὶτὸ

287 3304 442 3372 ἆγιον
478 3304 648 3375 ὄνομα
709 3307 801 3358 τοῦ
843 3303 1082 3376 Χριστοῦ
1115 3303 1246 3374 παρ’
1288 3301 1448 3373 ἡμῶν
1495 3299 1864 3367 ἐπιϐοώμενον

288 3395 457 3465 χωρὶς
489 3394 796 3465 λογισμῶν,
844 3396 968 3448 ὅσον
1013 3393 1344 3462 πυκνότερον
1389 3391 1521 3446 αὐτὸ
1563 3388 1860 3443 ἐπικαλού-

290 3484 452 3553 μεθα,
474 3483 738 3537 ἁπαλύνει
762 3483 858 3553 τὴν
876 3483 976 3553 γῆν
1001 3480 1100 3552 τῆς
1121 3479 1349 3551 καρδίας
1374 3479 1552 3550 ἡμῶν,
1576 3479 1670 3531 καὶ
1694 3495 1860 3548 χαρο-

285 3577 452 3639 ποιεῖ,
491 3575 584 3627 κα)⁵
607 3573 914 3643 εὐφραίνει.

366 3666 474 3733 μβ¹.
504 3664 685 3716 Καλὸν
710 3663 766 3714 δὲ
796 3663 889 3714 καὶ
918 3660 1076 3714 τοῦτο
1099 3663 1227 3725 τοὺς
1259 3660 1520 3729 ἀπείρους
1543 3660 1760 3724 εἰδέναι,
1783 3660 1865 3712 ὅτι

265 3751 496 3822 ἐχθροὺς
515 3754 711 3826 ἔχομεν
766 3751 1093 3820 ἀσωμάτους
1121 3751 1215 3804 καὶ
1256 3749 1524 3820 ἀοράτους
1565 3750 1660 3802 καὶ
1704 3767 1868 3802 κακο-

295 3845 492 3906 θελεϊς,
518 3843 611 3895 καὶ
639 3840 937 3912 φρονίμους
963 3842 1044 3904 είς
1069 3841 1130 3893 τὸ
1162 3841 1434 3905 κακῶσαι,
1467 3841 1562 3894 καὶ
1591 3842 1867 3911 ἐντρεχεῖς

293 3935 390 3988 καὶ
423 3933 661 4003 κούφους
711 3933 1252 4002 ἐμπειροπολέμους,
1297 3930 1441 3983 ἔτεσι
1483 3931 1596 3994 τοῖς
1637 3929 1746 3982 ἀπὸ
1772 3928 1867 3980 τοῦ

306 4025 479 4092 Ἀδὰμ
505 4023 597 4076 καὶ
633 4023 797 4094 μέχρι
832 4023 1062 4086 καὶτοῖς
1092 4020 1272 4091 δεῦρο,
1308 4023 1357 4073 oi
1383 4022 1576 4091 παχεῖς
1607 4021 1753 4090 ἡμᾶς
1775 4021 1870 4074 καὶ

299 4120 433 4186 πρὸς
450 4118 552 4186 γῆν
576 4115 972 4187 βρίθοντες,καὶ
990 4114 1067 4186 τῷ
1087 4113 1301 4184 σώματι
1325 4116 1418 4168 καὶ
1438 4115 1516 4184 τῷ
1536 4116 1866 4188 φρονήματι·

301 4209 475 4261 οὐδενὶ
509 4207 653 4276 ἄλλῳ
681 4207 870 4278 τρόπῳ
901 4206 1126 4261 δυνατὸν
1151 4206 1350 4267 αὐτοὺς
1392 4209 1636 4277 νικῆσαι,
1673 4207 1788 4258 ἀλλ’
1836 4206 1868 4275 ἢ

295 4299 363 4352 δι’
410 4299 642 4352 ἁεννάυυ
693 4298 813 4359 νοὸς
860 4297 1076 4367 νήψεως
1141 4296 1236 4351 καὶ
1276 4295 1619 4364 ἐπικλήσεως
1690 4295 1867 4366 Ἰησοῦ

299 4389 534 4462 Χριστοῦ
567 4388 663 4442 τοῦ
706 4388 842 4441 Θεοῦ
883 4390 976 4442 καὶ
1008 4388 1241 4457 Ποιητοῦ
1279 4388 1454 4458 ἡμῶν.
1491 4389 1598 4442 Καὶ
1629 4391 1740 4451 τοῖς
1770 4387 1872 4456 μὲν

1956 1940 2128 1986 voret.
2179 1932 2521 1998 Quapropter
2567 1944 2638 1982 ne
2685 1929 2997 1982 remittatur
3041 1942 3274 1996 unquam
3323 1925 3521 1979 mentis

1953 2024 2280 2086 observatio,
2312 2021 2689 2090 temperantia,
2724 2019 3030 2083 reluctatio,
3080 2029 3136 2075 et
3167 2032 3356 2088 preces
3395 2033 3524 2087 erga

1954 2113 2122 2166 Deum
2177 2120 2424 2166 nostrum
2489 2108 2677 2163 Jesum
2745 2109 3046 2164 Christum.
3101 2109 3317 2162 Nullum
3374 2109 3526 2162 enim

1955 2202 2298 2273 praestantius
2319 2201 2578 2256 auxilium
2603 2200 2658 2253 in
2683 2209 2793 2255 tota
2825 2201 2932 2255 vita
2969 2209 3056 2255 tua
3089 2201 3348 2270 reperies,
3380 2216 3528 2270 pra:-

1958 2300 2202 2362 terquam
2232 2292 2300 2345 ab
2326 2290 2479 2346 Iesu.
2517 2289 2679 2351 Solus
2708 2291 2853 2344 enim
2887 2290 3003 2359 ipse
3054 2290 3314 2346 Dominus
3352 2293 3524 2355 norit,

1957 2389 2016 2436 ut
2042 2381 2205 2447 Deus,
2235 2379 2522 2447 versutias,
2553 2379 2780 2439 artiﬁcia
2811 2390 2865 2435 et
2891 2381 3044 2435 dolos
3075 2381 3405 2435 daemonum.

2023 2560 2112 2616 40.
2149 2559 2398 2614 Confidat
2420 2560 2582 2629 igitur
2613 2559 2792 2614 anima
2819 2562 2874 2616 in
2905 2562 3201 2626 Christum,
3235 2573 3290 2616 et
3318 2562 3532 2616 invocet

1961 2651 2149 2705 illum:
2206 2660 2261 2705 et
2316 2652 2630 2706 nullatenus
2669 2653 3009 2708 extimescat.
3059 2653 3177 2707 Non
3223 2655 3368 2708 enim
3416 2656 3532 2708 sola

1960 2741 2201 2807 dimicat,
2235 2743 2329 2796 sed
2354 2743 2422 2797 ab
2442 2741 2569 2798 Jesu
2596 2743 2814 2802 Christo
2841 2761 2964 2815 rege
2990 2747 3273 2800 tremendo
3299 2747 3484 2814 adjuta
3517 2767 3529 2800 :

1961 2833 2054 2903 qui
2090 2841 2174 2886 est
2225 2843 2438 2888 creator
2490 2835 2736 2890 omnium
2789 2851 2994 2899 rerum,
3046 2852 3431 2906 corporearum
3479 2846 3533 2891 et

1924 2986 1926 2990 ι
1962 2939 2190 2994 corpore
2237 2926 2564 2995 carentium,
2611 2926 2902 2982 visibilium
2953 2927 3159 2981 scilicet
3195 2937 3250 2980 et
3285 2927 3532 2982 invisibi-

1963 3015 2116 3069 lium.

2036 3107 2124 3161 41.
2193 3107 2661 3174 Quemadmodum
2731 3110 2912 3180 pluvia
2991 3120 3197 3180 quanto
3261 3111 3538 3182 copiosius

1964 3197 2263 3252 ell'unditur
2307 3214 2472 3268 super
2517 3208 2738 3267 terram,
2799 3209 2947 3255 tanto
3009 3201 3310 3260 molliorem
3361 3203 3538 3260 reddit

1965 3290 2110 3344 illaut
2142 3307 2157 3344 :
2189 3290 2260 3343 ita
2299 3299 2546 3344 sanctum
2583 3290 2784 3345 Christi
2819 3308 3017 3347 nomen
3049 3309 3079 3346 a
3114 3294 3272 3348 nobis
3316 3295 3538 3347 invoca-

1966 3391 2101 3444 tum,
2156 3381 2390 3452 explosis
2437 3382 2880 3453 cogitationibus,
2935 3394 3138 3454 quanto
3194 3385 3537 3455 frequentius

1965 3471 2144 3540 ipsum
2169 3470 2506 3536 invocamus,
2533 3479 2683 3527 tanto
2703 3473 2873 3542 magis
2896 3474 3104 3528 emollit
3131 3484 3326 3532 terram
3359 3477 3540 3530 cordis

1965 3560 2162 3624 nostri,
2194 3576 2423 3631 eamque
2446 3562 2643 3632 gaudio
2672 3573 2726 3618 et
2757 3564 2942 3619 lmtitia
2975 3565 3276 3634 perfundit.

2036 3651 2124 3704 4'2.
2163 3654 2432 3706 (Jmterum
2477 3663 2532 3706 et
2577 3655 2680 3708 hoc
2729 3656 3011 3723 imperitos
3055 3672 3218 3710 nosse
3261 3655 3541 3719 convenit,

1968 3761 2080 3797 rem
2118 3745 2276 3799 nobis
2307 3761 2427 3799 esse
2457 3761 2580 3799 cum
2624 3748 2872 3802 hostibus
2903 3747 3259 3816 ineorporeis,
3293 3749 3543 3804 invisibi-

1969 3833 2132 3893 libus,
2165 3833 2436 3902 malignis,
2479 3833 2545 3885 ad
2579 3832 2927 3902 aliiigendum
2975 3836 3202 3900 callidis,
3242 3837 3540 3902 velocibus,

1969 3922 2198 3987 levibus,
2232 3923 2354 3977 belli
2392 3923 2598 3992 peritis,
2645 3925 2713 3977 ab
2755 3924 2914 3978 annis
2952 3926 3080 3980 Adae
3121 3927 3187 3981 ad
3219 3927 3338 3982 haec
3373 3945 3545 3998 usque

1972 4027 2211 4084 tempora
2241 4032 2252 4066 :
2275 4016 2364 4084 qui
2389 4032 2487 4070 nos
2513 4032 2744 4081 crassos,
2777 4027 2884 4072 tam
2910 4035 3139 4090 corpore
3165 4036 3326 4089 quam
3357 4039 3542 4084 sensu,

1970 4119 2266 4178 aggravant
2293 4109 2348 4161 in
2377 4117 2597 4162 terram.
2619 4109 2728 4164 llos
2751 4111 2896 4166 nulla
2921 4112 3022 4165 alia
3049 4113 3260 4166 ratione
3286 4130 3545 4184 superare

1971 4212 2279 4266 possumus,
2317 4212 2478 4266 quant
2531 4208 2790 4267 perpetua
2839 4201 3004 4254 animi
3052 4207 3432 4271 temperantia,
3484 4215 3538 4260 «ι

1974 4287 2313 4342 invocatione
2362 4287 2490 4343 Jesu
2531 4289 2727 4344 Christi
2787 4290 2878 4345 Dei
2931 4300 2986 4346 et
3017 4294 3293 4348 Creatoris
3349 4298 3544 4349 nostri.

1977 4378 2222 4432 liudibus
2266 4379 2452 4448 itaque
2502 4395 2600 4447 pro
2631 4380 2792 4434 modo
2845 4390 2900 4434 et
2958 4393 3292 4451 praeceptore
3346 4385 3551 4454 Optimo

299 4478 548 4547 ἀπείροις
581 4475 754 4545 Ἰησοῦ
791 4477 1028 4548 Χριστοῦ
1055 4477 1187 4546 εὐχὴ
1211 4475 1494 4547 προτροπὴ
1519 4477 1613 4528 τοῦ
1642 4476 1861 4545 δοκιμά-

1977 4471 2087 4523 sint
2126 4470 2259 4533 haec,
2286 4470 2595 4538 deprecatio
2633 4471 2759 4525 .lesu
2784 4472 3006 4535 Christi,
3029 4485 3084 4528 et
3114 4477 3181 4528 ad
3213 4477 3550 4543 probandum

299 4585 392 4622 σαι
422 4568 514 4622 καὶ
541 4567 743 4635 γνῶναι
770 4568 831 4619 τὸ
865 4569 1028 4620 καλὸν
1060 4568 1202 4621 ἔστω
1228 4567 1426 4622 ταῦτα’
1457 4570 1568 4631 τοῖς
1593 4567 1648 4620 δὲ
1682 4567 1874 4636 ἐμπεί-

303 4676 416 4730 ροις
448 4661 481 4730 ἡ
505 4659 702 4728 πρᾶξις
741 4659 835 4712 καὶ
861 4659 893 4728 ἡ
921 4659 1214 4728 δοκιμασία
1238 4661 1332 4712 καὶ
1356 4661 1389 4730 ἡ
1418 4660 1747 4725 ἀνάπαυσις,
1779 4659 1873 4710 τοῦ

306 4751 472 4804 καλοῦ
507 4752 724 4820 ἄριστος
747 4750 837 4802 καὶ
864 4751 1064 4818 τρόπος
1099 4752 1194 4804 καὶ
1214 4751 1558 4814 διδάσκαλος.

375 4842 478 4909 >.γ’.
513 4842 726 4911 Ὥσπερ
756 4841 984 4902 παιδίον,
1018 4841 1212 4911 μικρὸν
1242 4841 1411 4910 ἤγουν
1445 4841 1537 4894 καὶ
1576 4840 1876 4910 ἁπόνηρον,

307 4931 724 5000 φαντασιοποιόν
754 4947 875 4983 τινα
903 4930 1121 4999 βλέπον,
1153 4931 1338 4999 ἥδεται
1366 4933 1460 4982 καὶ
1487 4930 1775 4984 ἀκολουθεῖ
1801 4930 1880 5001 τῷ

305 5021 731 5089 φαντασιοκόπῳ
765 5020 824 5085 ἐξ
867 5021 1124 5083 ἁκακίας·
1163 5021 1303 5073 οὕτω
1353 5023 1442 5074 καὶ
1472 5025 1505 5090 ἡ
1550 5021 1696 5091 ψυχὴ
1723 5021 1881 5090 ἡμῶν

304 5108 450 5177 ἁπλῆ
490 5127 572 5172 τις
620 5105 755 5162 οὖσα
791 5111 882 5162 καὶ
931 5110 1113 5180 ἀγαθὴ
1139 5151 1152 5174 ,
1182 5109 1356 5172 οὕτως
1408 5110 1512 5161 ὑπὸ
1541 5111 1638 5162 τοῦ
1677 5107 1880 5176 ἀγαθοῦ

301 5199 576 5253 Δεσπότου
628 5202 800 5270 αὐτῆς
830 5201 1112 5255 κτισθεῖσα
1137 5242 1152 5266 ,
1181 5201 1370 5270 ἥδεται
1410 5202 1528 5262 ταῖς
1559 5201 1883 5269 προσϐολαῖς

308 5290 406 5347 τοῦ
447 5291 691 5344 διαϐόλου
742 5295 865 5355 ταῖς
918 5295 1346 5358 φακθταστικαῖς,
1395 5291 1487 5344 καὶ
1540 5289 1884 5360 ἀπατωμένη

310 5381 606 5450 ποστρέχει
642 5384 716 5444 ώς
748 5383 899 5450 καλῷ
923 5383 998 5452 τῷ
1029 5383 1258 5453 χείρονι,
1287 5381 1361 5444 ώς
1388 5383 1420 5451 ἡ
1453 5380 1755 5451 περιστερὰ
1805 5380 1883 5450 τῷ

309 5472 588 5541 ἐπιϐούλῳ
625 5473 733 5524 τῶν
783 5473 986 5540 ἑαυτῆς
1034 5474 1272 5525 τέκνων·
1319 5473 1425 5536 ,καὶ
1472 5471 1615 5524 οῦτω
1668 5471 1883 5540 μιγνύει

309 5563 438 5627 τοὺς
475 5563 676 5633 ἑαυτῆς
703 5563 1001 5632 λογισμοὺς
1030 5605 1042 5627 ,
1081 5567 1146 5634 τῇ
1177 5564 1445 5635 φαντασίᾳ
1475 5567 1572 5633 τῆς
1597 5563 1884 5632 δαιμονιώ-

309 5658 431 5719 δονς
476 5656 800 5725 προσϐολῆς.
838 5657 898 5707 Εἰ
923 5655 1073 5724 τύχοι
1097 5655 1351 5723 γυναικὸς
1406 5656 1683 5724 εὐμόρφου
1715 5655 1885 5724 πρόσ-

313 5749 531 5819 ωπον,ἢ
565 5748 685 5802 ἄλλο
715 5765 766 5800 τι
799 5749 944 5819 παρὰ
977 5747 1079 5800 τῶν
1109 5748 1332 5801 ἐντολῶν
1359 5746 1448 5799 τοῦ
1468 5745 1702 5820 Χριστοῦ
1733 5745 1882 5816 πάμ-

1977 4571 2032 4615 et
2064 4563 2503 4631 cognoscendum
2547 4563 2675 4630 quid
2710 4571 2914 4616 rectum
2955 4565 3045 4628 sit,
3093 4567 3419 4620 exhortatio.
3450 4565 3551 4619 Pe-

1979 4652 2098 4704 ritis
2126 4660 2328 4718 autem,
2366 4653 2659 4717 exsecutio,
2711 4652 3045 4722 experientia
3080 4667 3130 4710 et
3169 4656 3403 4726 requies,
3433 4674 3553 4726 quae

1979 4759 2042 4795 ex
2085 4752 2232 4794 recto
2263 4752 2314 4795 et
2348 4743 2492 4796 bono
2515 4744 2706 4795 oritur.
3483 4802 3485 4804 η

2051 4835 2140 4887 4⁵5.
2182 4835 2650 4899 Quemadmodum
2716 4851 2871 4904 puer,
2935 4838 3191 4905 parvulus
3244 4839 3447 4893 scilicet
3503 4849 3557 4890 et
3610 4869 3612 4872 τ

1983 4923 2186 4980 nullius
2229 4939 2395 4993 capax
2453 4925 2690 4989 malitiae,
2740 4926 2830 4978 ubi
2877 4928 3322 4997 przcstigiatorcnt
3362 4945 3554 4997 quem-

1984 5015 2126 5083 piam
2188 5012 2350 5074 videt,
2398 5011 2627 5075 laetatur,
2690 5021 2744 5066 et
2794 5029 2889 5066 sua
2947 5013 3294 5084 simplicitate
3338 5016 3555 5074 ductus,

1987 5104 2135 5158 illum
2190 5103 2483 5172 imaginum
2531 5102 2826 5157 ellictorem
2889 5114 3179 5167 sectatur,
3243 5105 3321 5158 sie
3379 5106 3557 5157 anitna

1988 5204 2193 5259 nostra,
2225 5210 2349 5248 cum
2379 5194 2443 5248 sit
2468 5193 2696 5264 simplex
2729 5204 2785 5248 et
2819 5197 2980 5260 bona,
3011 5197 3156 5248 hunc
3196 5197 3247 5247 in
3281 5197 3498 5248 modum
3530 5214 3558 5248 a

1989 5304 2088 5343 suo
2127 5289 2270 5342 bono
2302 5287 2528 5340 Domino
2559 5297 2761 5351 creata,
2807 5288 3108 5342 delectatur
3140 5287 3399 5340 illuseriis
3429 5304 3563 5356 snt.-

1992 5379 2326 5450 gestionibus
2383 5378 2621 5432 diaboli:
2664 5386 2718 5432 et
2761 5381 3008 5447 decepta,
3064 5394 3358 5447 properans
3403 5380 3469 5432 ad
3511 5380 3558 5430 ial

1991 5470 2136 5540 quod
2167 5469 2406 5523 deterius
2427 5476 2530 5531 est,
2554 5485 2652 5538 pro
2673 5470 2816 5524 bono
2842 5469 3188 5538 amplectitur
3222 5487 3234 5522 :
3271 5485 3377 5522 non
3407 5471 3561 5523 aliter

1992 5577 2152 5632 quam
2182 5562 2431 5615 columba
2475 5575 2598 5614 eum
2643 5561 2735 5629 qui
2766 5560 2880 5615 suis
2915 5561 3084 5630 ipsius
3131 5561 3291 5630 pullis
3339 5560 3561 5613 llisldlh‘

1995 5666 2082 5709 tur
2112 5673 2122 5706 :
2161 5663 2215 5708 et
2249 5655 2354 5707 hoc
2387 5662 2546 5724 pacto
2576 5669 2703 5707 suas
2747 5652 3103 5721 cogitationes
3133 5651 3562 5720 permiseeteum

1993 5746 2242 5800 illusione
2274 5745 2634 5816 suggestionis
2662 5744 2957 5799 diabolica}.
3000 5743 3055 5798 Si
3088 5746 3334 5800 formosa!
3368 5741 3556 5796 mulie-
