  <div class='ocr_page' id='page_1' title='image "/cluster/home/n/w/nwhite01/storage/ocr_20150623/93/mdp.39015078384313/756.png"; bbox 0 0 3968 6220; ppageno 0'>
   <div class='ocr_carea' id='block_1_1' title="bbox 436 406 568 472">
    <p class='ocr_par' dir='ltr' id='par_1_1' title="bbox 436 406 568 472">
     <span class='ocr_line' id='line_1_1' title="bbox 436 406 568 472; baseline -0.023 0"><span class='ocrx_word' id='word_1_1' title='bbox 436 406 568 472; x_wconf 72' lang='grc'><strong>1497</strong></span> 
     </span>
    </p>
   </div>
   <div class='ocr_carea' id='block_1_2' title="bbox 1135 405 2946 472">
    <p class='ocr_par' dir='ltr' id='par_1_2' title="bbox 1135 405 2946 472">
     <span class='ocr_line' id='line_1_2' title="bbox 1135 405 2946 472; baseline -0.002 -3"><span class='ocrx_word' id='word_1_2' title='bbox 1135 408 1233 469; x_wconf 91' lang='lat' dir='ltr'><strong>DE</strong></span> <span class='ocrx_word' id='word_1_3' title='bbox 1265 409 1806 471; x_wconf 79' lang='lat' dir='ltr'><strong>TEMPERANTIA</strong></span> <span class='ocrx_word' id='word_1_4' title='bbox 1837 412 1931 471; x_wconf 91' lang='lat' dir='ltr'><strong>ET</strong></span> <span class='ocrx_word' id='word_1_5' title='bbox 1968 411 2331 472; x_wconf 85' lang='lat' dir='ltr'><strong>VIRTUTE.</strong></span> <span class='ocrx_word' id='word_1_6' title='bbox 2372 434 2440 449; x_wconf 85' lang='lat'><strong>--</strong></span> <span class='ocrx_word' id='word_1_7' title='bbox 2479 405 2868 469; x_wconf 80' lang='lat' dir='ltr'><strong>CENTURIA</strong></span> <span class='ocrx_word' id='word_1_8' title='bbox 2894 405 2946 466; x_wconf 93' lang='grc' dir='ltr'>Ι.</span> 
     </span>
    </p>
   </div>
   <div class='ocr_carea' id='block_1_3' title="bbox 3517 404 3659 471">
    <p class='ocr_par' dir='ltr' id='par_1_3' title="bbox 3517 404 3659 471">
     <span class='ocr_line' id='line_1_3' title="bbox 3517 404 3659 471; baseline 0.007 -3"><span class='ocrx_word' id='word_1_9' title='bbox 3517 404 3659 471; x_wconf 74' lang='grc'><strong>1498</strong></span> 
     </span>
    </p>
   </div>
   <div class='ocr_carea' id='block_1_4' title="bbox 407 515 1997 594">
    <p class='ocr_par' dir='ltr' id='par_1_4' title="bbox 407 518 1977 594">
     <span class='ocr_line' id='line_1_4' title="bbox 407 518 1977 594; baseline 0.002 -19"><span class='ocrx_word' id='word_1_10' title='bbox 407 535 545 594; x_wconf 80' lang='grc' dir='ltr'>σκῃς</span> <span class='ocrx_word' id='word_1_11' title='bbox 571 520 701 585; x_wconf 78' lang='grc' dir='ltr'>τοὺς</span> <span class='ocrx_word' id='word_1_12' title='bbox 737 518 1092 590; x_wconf 78' lang='grc' dir='ltr'>ἀλλοφύλους,</span> <span class='ocrx_word' id='word_1_13' title='bbox 1125 522 1294 593; x_wconf 75' lang='grc' dir='ltr'>ἧγουν</span> <span class='ocrx_word' id='word_1_14' title='bbox 1345 522 1473 587; x_wconf 76' lang='grc' dir='ltr'>τοὺς</span> <span class='ocrx_word' id='word_1_15' title='bbox 1509 522 1617 577; x_wconf 81' lang='grc' dir='ltr'><strong>τῶν</strong></span> <span class='ocrx_word' id='word_1_16' title='bbox 1666 525 1977 593; x_wconf 75' lang='grc' dir='ltr'><strong>Αἰγυπτίων</strong></span> 
     </span>
    </p>
   </div>
   <div class='ocr_carea' id='block_1_5' title="bbox 2111 515 3654 594">
    <p class='ocr_par' dir='ltr' id='par_1_5' title="bbox 2111 515 3654 588">
     <span class='ocr_line' id='line_1_5' title="bbox 2111 515 3654 588; baseline -0.001 -12"><span class='ocrx_word' id='word_1_17' title='bbox 2111 532 2399 576; x_wconf 85' lang='lat' dir='ltr'><strong>entaneam</strong></span> <span class='ocrx_word' id='word_1_18' title='bbox 2435 540 2448 574; x_wconf 91' lang='lat'><strong>:</strong></span> <span class='ocrx_word' id='word_1_19' title='bbox 2491 529 2550 575; x_wconf 91' lang='lat' dir='ltr'><strong>ut</strong></span> <span class='ocrx_word' id='word_1_20' title='bbox 2596 520 2699 575; x_wconf 91' lang='lat' dir='ltr'><strong>hoc</strong></span> <span class='ocrx_word' id='word_1_21' title='bbox 2741 526 2902 588; x_wconf 85' lang='lat' dir='ltr'><strong>pacto</strong></span> <span class='ocrx_word' id='word_1_22' title='bbox 2943 515 3102 579; x_wconf 81' lang='lat' dir='ltr'><strong>facile</strong></span> <span class='ocrx_word' id='word_1_23' title='bbox 3143 515 3422 573; x_wconf 87' lang='lat' dir='ltr'><strong>discemas</strong></span> <span class='ocrx_word' id='word_1_24' title='bbox 3462 518 3654 574; x_wconf 84' lang='lat' dir='ltr'><strong>alieni-</strong></span> 
     </span>
    </p>
   </div>
   <div class='ocr_carea' id='block_1_6' title="bbox 407 616 993 689">
    <p class='ocr_par' dir='ltr' id='par_1_6' title="bbox 407 616 993 689">
     <span class='ocr_line' id='line_1_6' title="bbox 407 616 993 689; baseline 0.003 -19"><span class='ocrx_word' id='word_1_25' title='bbox 407 616 784 689; x_wconf 77' lang='grc' dir='ltr'><strong>πρωτοτόκους</strong></span> <span class='ocrx_word' id='word_1_26' title='bbox 824 616 993 681; x_wconf 85' lang='grc' dir='ltr'>υίούς.</span> 
     </span>
    </p>
   </div>
   <div class='ocr_carea' id='block_1_7' title="bbox 478 788 1977 868">
    <p class='ocr_par' dir='ltr' id='par_1_7' title="bbox 478 788 1977 868">
     <span class='ocr_line' id='line_1_7' title="bbox 478 788 1977 868; baseline -0.001 -20"><span class='ocrx_word' id='word_1_27' title='bbox 478 795 541 850; x_wconf 85' lang='grc' dir='ltr'>ν’.</span> <span class='ocrx_word' id='word_1_28' title='bbox 586 788 676 855; x_wconf 81' lang='grc' dir='ltr'>Ὠς</span> <span class='ocrx_word' id='word_1_29' title='bbox 704 790 883 865; x_wconf 80' lang='grc' dir='ltr'>ἀγαθὴ</span> <span class='ocrx_word' id='word_1_30' title='bbox 918 790 1012 847; x_wconf 70' lang='grc' dir='ltr'><strong>καὶ</strong></span> <span class='ocrx_word' id='word_1_31' title='bbox 1069 793 1314 866; x_wconf 75' lang='grc' dir='ltr'>τερπνὴ,</span> <span class='ocrx_word' id='word_1_32' title='bbox 1366 792 1459 850; x_wconf 69' lang='grc' dir='ltr'><strong>καὶ</strong></span> <span class='ocrx_word' id='word_1_33' title='bbox 1492 792 1702 868; x_wconf 73' lang='grc' dir='ltr'>ἡδίστη,</span> <span class='ocrx_word' id='word_1_34' title='bbox 1742 794 1977 864; x_wconf 76' lang='grc' dir='ltr'>φωτεινή</span> 
     </span>
    </p>
   </div>
   <div class='ocr_carea' id='block_1_8' title="bbox 412 880 1981 957">
    <p class='ocr_par' dir='ltr' id='par_1_8' title="bbox 412 880 1981 957">
     <span class='ocr_line' id='line_1_8' title="bbox 412 880 1981 957; baseline 0 -19"><span class='ocrx_word' id='word_1_35' title='bbox 412 898 471 938; x_wconf 83' lang='grc' dir='ltr'><strong>τε</strong></span> <span class='ocrx_word' id='word_1_36' title='bbox 503 884 595 938; x_wconf 70' lang='grc' dir='ltr'><strong>καὶ</strong></span> <span class='ocrx_word' id='word_1_37' title='bbox 625 880 928 952; x_wconf 83' lang='grc' dir='ltr'>πάγκαλος.</span> <span class='ocrx_word' id='word_1_38' title='bbox 975 884 1068 938; x_wconf 68' lang='grc' dir='ltr'>καὶ</span> <span class='ocrx_word' id='word_1_39' title='bbox 1102 886 1475 957; x_wconf 70' lang='grc' dir='ltr'>ἁγλαοφανὴς,</span> <span class='ocrx_word' id='word_1_40' title='bbox 1515 887 1610 940; x_wconf 77' lang='grc' dir='ltr'>καὶ</span> <span class='ocrx_word' id='word_1_41' title='bbox 1642 886 1820 957; x_wconf 90' lang='grc' dir='ltr'>ὡραία</span> <span class='ocrx_word' id='word_1_42' title='bbox 1852 887 1981 956; x_wconf 66' lang='grc' dir='ltr'>ἀρετ</span> 
     </span>
    </p>
   </div>
   <div class='ocr_carea' id='block_1_9' title="bbox 409 972 1981 1044">
    <p class='ocr_par' dir='ltr' id='par_1_9' title="bbox 409 972 1981 1044">
     <span class='ocr_line' id='line_1_9' title="bbox 409 972 1981 1044; baseline -0.001 -19"><span class='ocrx_word' id='word_1_43' title='bbox 409 972 500 1043; x_wconf 77' lang='grc' dir='ltr'>τὴ,</span> <span class='ocrx_word' id='word_1_44' title='bbox 529 972 692 1043; x_wconf 77' lang='grc' dir='ltr'>νῆψις</span> <span class='ocrx_word' id='word_1_45' title='bbox 725 973 831 1025; x_wconf 79' lang='grc' dir='ltr'><strong>ὑπὸ</strong></span> <span class='ocrx_word' id='word_1_46' title='bbox 875 973 991 1039; x_wconf 91' lang='grc' dir='ltr'>σοῦ,</span> <span class='ocrx_word' id='word_1_47' title='bbox 1016 975 1218 1044; x_wconf 83' lang='grc' dir='ltr'>Χριστὲ</span> <span class='ocrx_word' id='word_1_48' title='bbox 1247 977 1274 1027; x_wconf 91' lang='grc' dir='ltr'>ὁ</span> <span class='ocrx_word' id='word_1_49' title='bbox 1305 974 1454 1039; x_wconf 80' lang='grc' dir='ltr'>Θεὸς,</span> <span class='ocrx_word' id='word_1_50' title='bbox 1498 974 1853 1044; x_wconf 81' lang='grc' dir='ltr'>εὐοδουμένη,</span> <span class='ocrx_word' id='word_1_51' title='bbox 1888 972 1981 1026; x_wconf 72' lang='grc' dir='ltr'><strong>καὶ</strong></span> 
     </span>
    </p>
   </div>
   <div class='ocr_carea' id='block_1_10' title="bbox 365 1064 1978 1160">
    <p class='ocr_par' dir='ltr' id='par_1_10' title="bbox 365 1064 1978 1160">
     <span class='ocr_line' id='line_1_10' title="bbox 365 1064 1978 1160; baseline 0 -43"><span class='ocrx_word' id='word_1_52' title='bbox 365 1115 389 1160; x_wconf 35' lang='grc' dir='ltr'>,ἰ</span> <span class='ocrx_word' id='word_1_53' title='bbox 412 1065 795 1136; x_wconf 76' lang='grc' dir='ltr'><strong>ἐγρηγορότως</strong></span> <span class='ocrx_word' id='word_1_54' title='bbox 834 1064 1180 1136; x_wconf 85' lang='grc' dir='ltr'>ἀνθρωπίνου</span> <span class='ocrx_word' id='word_1_55' title='bbox 1226 1066 1345 1130; x_wconf 79' lang='grc' dir='ltr'>νοὸς</span> <span class='ocrx_word' id='word_1_56' title='bbox 1375 1068 1434 1119; x_wconf 82' lang='grc' dir='ltr'>ὲν</span> <span class='ocrx_word' id='word_1_57' title='bbox 1461 1065 1782 1120; x_wconf 84' lang='grc' dir='ltr'><strong>ταπεινώσει</strong></span> <span class='ocrx_word' id='word_1_58' title='bbox 1811 1064 1978 1135; x_wconf 84' lang='grc' dir='ltr'>πολλῇ</span> 
     </span>
    </p>
   </div>
   <div class='ocr_carea' id='block_1_11' title="bbox 379 1156 1980 1228">
    <p class='ocr_par' dir='ltr' id='par_1_11' title="bbox 379 1156 1980 1228">
     <span class='ocr_line' id='line_1_11' title="bbox 379 1156 1980 1228; baseline -0.001 -18"><span class='ocrx_word' id='word_1_59' title='bbox 379 1156 726 1226; x_wconf 72' lang='grc' dir='ltr'>⁵όδευομένησ</span> <span class='ocrx_word' id='word_1_60' title='bbox 756 1157 989 1209; x_wconf 78' lang='grc' dir='ltr'><strong>ἐκτείνει</strong></span> <span class='ocrx_word' id='word_1_61' title='bbox 1017 1156 1125 1226; x_wconf 77' lang='grc' dir='ltr'><strong>γὰρ</strong></span> <span class='ocrx_word' id='word_1_62' title='bbox 1170 1157 1276 1219; x_wconf 74' lang='grc' dir='ltr'>ἓως</span> <span class='ocrx_word' id='word_1_63' title='bbox 1307 1157 1584 1228; x_wconf 83' lang='grc' dir='ltr'><strong>Θαλάσσης</strong></span> <span class='ocrx_word' id='word_1_64' title='bbox 1613 1159 1708 1211; x_wconf 75' lang='grc' dir='ltr'>καὶ</span> <span class='ocrx_word' id='word_1_65' title='bbox 1740 1157 1980 1211; x_wconf 88' lang='grc' dir='ltr'>ἀϐύσσου</span> 
     </span>
    </p>
   </div>
   <div class='ocr_carea' id='block_1_12' title="bbox 376 1243 1981 1317">
    <p class='ocr_par' dir='ltr' id='par_1_12' title="bbox 376 1243 1981 1317">
     <span class='ocr_line' id='line_1_12' title="bbox 376 1243 1981 1317; baseline -0.001 -19"><span class='ocrx_word' id='word_1_66' title='bbox 376 1303 387 1317; x_wconf 52' lang='grc'><strong>,</strong></span> <span class='ocrx_word' id='word_1_67' title='bbox 413 1244 658 1315; x_wconf 88' lang='grc' dir='ltr'>θεωριῶν</span> <span class='ocrx_word' id='word_1_68' title='bbox 684 1243 753 1297; x_wconf 88' lang='grc' dir='ltr'><strong>τά</strong></span> <span class='ocrx_word' id='word_1_69' title='bbox 784 1243 1038 1315; x_wconf 84' lang='grc' dir='ltr'>κλήματα</span> <span class='ocrx_word' id='word_1_70' title='bbox 1086 1244 1278 1313; x_wconf 83' lang='grc' dir='ltr'>αὐτῆς,</span> <span class='ocrx_word' id='word_1_71' title='bbox 1311 1245 1405 1298; x_wconf 77' lang='grc' dir='ltr'>καὶ</span> <span class='ocrx_word' id='word_1_72' title='bbox 1443 1245 1548 1309; x_wconf 79' lang='grc' dir='ltr'>ἓως</span> <span class='ocrx_word' id='word_1_73' title='bbox 1589 1246 1848 1317; x_wconf 80' lang='grc' dir='ltr'>ποταμῶν</span> <span class='ocrx_word' id='word_1_74' title='bbox 1883 1262 1981 1315; x_wconf 78' lang='grc' dir='ltr'>μυ·</span> 
     </span>
    </p>
   </div>
   <div class='ocr_carea' id='block_1_13' title="bbox 415 1333 1982 1405">
    <p class='ocr_par' dir='ltr' id='par_1_13' title="bbox 415 1333 1982 1405">
     <span class='ocr_line' id='line_1_13' title="bbox 415 1333 1982 1405; baseline -0.001 -17"><span class='ocrx_word' id='word_1_75' title='bbox 415 1335 655 1405; x_wconf 82' lang='grc' dir='ltr'>στηρίων</span> <span class='ocrx_word' id='word_1_76' title='bbox 712 1333 963 1405; x_wconf 79' lang='grc' dir='ltr'>τερπνῶν</span> <span class='ocrx_word' id='word_1_77' title='bbox 1016 1351 1075 1387; x_wconf 88' lang='grc' dir='ltr'><strong>τε</strong></span> <span class='ocrx_word' id='word_1_78' title='bbox 1123 1340 1220 1388; x_wconf 68' lang='grc' dir='ltr'>καὶ</span> <span class='ocrx_word' id='word_1_79' title='bbox 1268 1335 1429 1388; x_wconf 87' lang='grc' dir='ltr'>θείων</span> <span class='ocrx_word' id='word_1_80' title='bbox 1473 1334 1573 1398; x_wconf 82' lang='grc' dir='ltr'>τὰς</span> <span class='ocrx_word' id='word_1_81' title='bbox 1620 1335 1982 1404; x_wconf 79' lang='grc' dir='ltr'>παραφυάδας</span> 
     </span>
    </p>
   </div>
   <div class='ocr_carea' id='block_1_14' title="bbox 415 1423 1982 1498">
    <p class='ocr_par' dir='ltr' id='par_1_14' title="bbox 415 1423 1982 1498">
     <span class='ocr_line' id='line_1_14' title="bbox 415 1423 1982 1498; baseline -0.002 -17"><span class='ocrx_word' id='word_1_82' title='bbox 415 1425 611 1495; x_wconf 82' lang='grc' dir='ltr'>αὑτῆς,</span> <span class='ocrx_word' id='word_1_83' title='bbox 649 1425 860 1489; x_wconf 73' lang='grc' dir='ltr'>ποτίζει</span> <span class='ocrx_word' id='word_1_84' title='bbox 902 1441 962 1477; x_wconf 85' lang='grc' dir='ltr'><strong>τε</strong></span> <span class='ocrx_word' id='word_1_85' title='bbox 1015 1423 1140 1477; x_wconf 82' lang='grc' dir='ltr'>νοῦν</span> <span class='ocrx_word' id='word_1_86' title='bbox 1189 1426 1252 1479; x_wconf 76' lang='grc' dir='ltr'>ἐκ</span> <span class='ocrx_word' id='word_1_87' title='bbox 1285 1428 1479 1498; x_wconf 89' lang='grc' dir='ltr'>χρόνου</span> <span class='ocrx_word' id='word_1_88' title='bbox 1521 1425 1718 1479; x_wconf 90' lang='grc' dir='ltr'>πολλοῦ</span> <span class='ocrx_word' id='word_1_89' title='bbox 1766 1442 1982 1478; x_wconf 82' lang='grc' dir='ltr'>καυσω·</span> 
     </span>
    </p>
   </div>
   <div class='ocr_carea' id='block_1_15' title="bbox 416 1515 1984 1600">
    <p class='ocr_par' dir='ltr' id='par_1_15' title="bbox 416 1515 1984 1600">
     <span class='ocr_line' id='line_1_15' title="bbox 416 1515 1984 1600; baseline 0.001 -30"><span class='ocrx_word' id='word_1_90' title='bbox 416 1515 578 1570; x_wconf 84' lang='grc' dir='ltr'>θέντα</span> <span class='ocrx_word' id='word_1_91' title='bbox 626 1518 694 1588; x_wconf 74' lang='grc' dir='ltr'>τῇ</span> <span class='ocrx_word' id='word_1_92' title='bbox 721 1515 975 1600; x_wconf 45' lang='grc' dir='ltr'>,ἀσεϐείᾳ</span> <span class='ocrx_word' id='word_1_93' title='bbox 1021 1516 1127 1570; x_wconf 76' lang='grc' dir='ltr'><strong>ὑπὸ</strong></span> <span class='ocrx_word' id='word_1_94' title='bbox 1179 1516 1362 1588; x_wconf 68' lang='grc' dir='ltr'>ἅλμης</span> <span class='ocrx_word' id='word_1_95' title='bbox 1420 1517 1673 1590; x_wconf 83' lang='grc' dir='ltr'>πονηρῶν</span> <span class='ocrx_word' id='word_1_96' title='bbox 1708 1517 1984 1589; x_wconf 79' lang='grc' dir='ltr'>λογισμῶν</span> 
     </span>
    </p>
   </div>
   <div class='ocr_carea' id='block_1_16' title="bbox 416 1605 1986 1682">
    <p class='ocr_par' dir='ltr' id='par_1_16' title="bbox 416 1605 1986 1682">
     <span class='ocr_line' id='line_1_16' title="bbox 416 1605 1986 1682; baseline 0.003 -22"><span class='ocrx_word' id='word_1_97' title='bbox 416 1605 831 1676; x_wconf 83' lang='grc' dir='ltr'>πνευματικῶν,</span> <span class='ocrx_word' id='word_1_98' title='bbox 858 1608 953 1661; x_wconf 81' lang='grc' dir='ltr'>καὶ</span> <span class='ocrx_word' id='word_1_99' title='bbox 988 1606 1085 1661; x_wconf 88' lang='grc' dir='ltr'><strong>τοῦ</strong></span> <span class='ocrx_word' id='word_1_100' title='bbox 1134 1608 1238 1679; x_wconf 81' lang='grc' dir='ltr'>τῆς</span> <span class='ocrx_word' id='word_1_101' title='bbox 1289 1610 1489 1682; x_wconf 81' lang='grc' dir='ltr'>σαρκὸς</span> <span class='ocrx_word' id='word_1_102' title='bbox 1518 1610 1813 1682; x_wconf 81' lang='grc' dir='ltr'>δυσμενοῦς</span> <span class='ocrx_word' id='word_1_103' title='bbox 1853 1627 1986 1682; x_wconf 74' lang='grc' dir='ltr'>φρο-</span> 
     </span>
    </p>
   </div>
   <div class='ocr_carea' id='block_1_17' title="bbox 416 1698 1190 1768">
    <p class='ocr_par' dir='ltr' id='par_1_17' title="bbox 416 1698 1190 1768">
     <span class='ocr_line' id='line_1_17' title="bbox 416 1698 1190 1768; baseline 0.005 -19"><span class='ocrx_word' id='word_1_104' title='bbox 416 1698 679 1768; x_wconf 81' lang='grc' dir='ltr'>νήματος,</span> <span class='ocrx_word' id='word_1_105' title='bbox 719 1699 747 1752; x_wconf 85' lang='grc' dir='ltr'>ὅ</span> <span class='ocrx_word' id='word_1_106' title='bbox 781 1700 897 1753; x_wconf 89' lang='grc' dir='ltr'>ὲστι</span> <span class='ocrx_word' id='word_1_107' title='bbox 939 1698 1190 1762; x_wconf 86' lang='grc' dir='ltr'>θάνατος.</span> 
     </span>
    </p>
   </div>
   <div class='ocr_carea' id='block_1_18' title="bbox 487 1783 1985 1865">
    <p class='ocr_par' dir='ltr' id='par_1_18' title="bbox 487 1783 1985 1865">
     <span class='ocr_line' id='line_1_18' title="bbox 487 1783 1985 1865; baseline 0.002 -25"><span class='ocrx_word' id='word_1_108' title='bbox 487 1794 587 1842; x_wconf 67' lang='grc' dir='ltr'>ναν.</span> <span class='ocrx_word' id='word_1_109' title='bbox 614 1789 794 1858; x_wconf 73' lang='grc' dir='ltr'>Νῆψις</span> <span class='ocrx_word' id='word_1_110' title='bbox 828 1789 974 1849; x_wconf 80' lang='grc' dir='ltr'>ἔοικε</span> <span class='ocrx_word' id='word_1_111' title='bbox 1016 1791 1083 1860; x_wconf 81' lang='grc' dir='ltr'>τῇ</span> <span class='ocrx_word' id='word_1_112' title='bbox 1118 1788 1213 1843; x_wconf 87' lang='grc' dir='ltr'><strong>τοῦ</strong></span> <span class='ocrx_word' id='word_1_113' title='bbox 1267 1788 1460 1843; x_wconf 84' lang='grc' dir='ltr'>Ἰακὼϐ</span> <span class='ocrx_word' id='word_1_114' title='bbox 1502 1790 1749 1861; x_wconf 75' lang='grc' dir='ltr'>κλίμακι,</span> <span class='ocrx_word' id='word_1_115' title='bbox 1775 1791 1859 1858; x_wconf 73' lang='grc' dir='ltr'><strong>ἐφ’</strong></span> <span class='ocrx_word' id='word_1_116' title='bbox 1889 1783 1923 1865; x_wconf 76' lang='grc' dir='ltr'>ᾖ</span> <span class='ocrx_word' id='word_1_117' title='bbox 1957 1790 1985 1843; x_wconf 82' lang='grc' dir='ltr'>ὁ</span> 
     </span>
    </p>
   </div>
   <div class='ocr_carea' id='block_1_19' title="bbox 417 1860 2057 1950">
    <p class='ocr_par' dir='ltr' id='par_1_19' title="bbox 417 1860 2057 1950">
     <span class='ocr_line' id='line_1_19' title="bbox 417 1860 2057 1950; baseline 0.001 -20"><span class='ocrx_word' id='word_1_118' title='bbox 417 1876 549 1939; x_wconf 77' lang='grc' dir='ltr'>Θεὸς</span> <span class='ocrx_word' id='word_1_119' title='bbox 589 1877 862 1947; x_wconf 82' lang='grc' dir='ltr'>ἐπιμένει,</span> <span class='ocrx_word' id='word_1_120' title='bbox 901 1880 997 1933; x_wconf 66' lang='grc' dir='ltr'>καὶ</span> <span class='ocrx_word' id='word_1_121' title='bbox 1022 1879 1071 1932; x_wconf 79' lang='grc' dir='ltr'>οἱ</span> <span class='ocrx_word' id='word_1_122' title='bbox 1099 1878 1322 1946; x_wconf 76' lang='grc' dir='ltr'>ἄγγελοι</span> <span class='ocrx_word' id='word_1_123' title='bbox 1350 1860 1750 1933; x_wconf 58' lang='grc' dir='ltr'>ἀναϐαίνουσιν</span> <span class='ocrx_word' id='word_1_124' title='bbox 1775 1860 1985 1950; x_wconf 75' lang='grc' dir='ltr'>ἀναιρεῖ</span> <span class='ocrx_word' id='word_1_125' title='bbox 2018 1860 2057 1917; x_wconf 73' lang='grc' dir='ltr'><strong><em>Β</em></strong></span> 
     </span>
    </p>
   </div>
   <div class='ocr_carea' id='block_1_20' title="bbox 417 1964 1985 2039">
    <p class='ocr_par' dir='ltr' id='par_1_20' title="bbox 417 1964 1985 2039">
     <span class='ocr_line' id='line_1_20' title="bbox 417 1964 1985 2039; baseline 0.004 -23"><span class='ocrx_word' id='word_1_126' title='bbox 417 1964 530 2035; x_wconf 75' lang='grc' dir='ltr'>γὰρ</span> <span class='ocrx_word' id='word_1_127' title='bbox 561 1964 621 2029; x_wconf 76' lang='grc' dir='ltr'><strong>ἐξ</strong></span> <span class='ocrx_word' id='word_1_128' title='bbox 643 1966 801 2034; x_wconf 80' lang='grc' dir='ltr'>ἡμῶν</span> <span class='ocrx_word' id='word_1_129' title='bbox 828 1968 935 2019; x_wconf 80' lang='grc' dir='ltr'>πᾶν</span> <span class='ocrx_word' id='word_1_130' title='bbox 963 1967 1151 2022; x_wconf 57' lang='grc' dir='ltr'>κακῶν</span> <span class='ocrx_word' id='word_1_131' title='bbox 1179 1966 1317 2039; x_wconf 84' lang='grc' dir='ltr'>αῦτη</span> <span class='ocrx_word' id='word_1_132' title='bbox 1345 1968 1453 2039; x_wconf 87' lang='grc' dir='ltr'><strong>γάρ</strong></span> <span class='ocrx_word' id='word_1_133' title='bbox 1485 1970 1737 2023; x_wconf 82' lang='grc' dir='ltr'>ἐκκόπτει</span> <span class='ocrx_word' id='word_1_134' title='bbox 1761 1970 1985 2023; x_wconf 76' lang='grc' dir='ltr'>πολυλοο</span> 
     </span>
    </p>
   </div>
   <div class='ocr_carea' id='block_1_21' title="bbox 419 2056 1989 2128">
    <p class='ocr_par' dir='ltr' id='par_1_21' title="bbox 419 2056 1989 2128">
     <span class='ocr_line' id='line_1_21' title="bbox 419 2056 1989 2128; baseline 0.006 -23"><span class='ocrx_word' id='word_1_135' title='bbox 419 2056 569 2123; x_wconf 83' lang='grc' dir='ltr'>γίαν,</span> <span class='ocrx_word' id='word_1_136' title='bbox 611 2057 904 2128; x_wconf 80' lang='grc' dir='ltr'>λοιδορίαν,</span> <span class='ocrx_word' id='word_1_137' title='bbox 958 2058 1312 2122; x_wconf 84' lang='grc' dir='ltr'>καταλαλιάν,</span> <span class='ocrx_word' id='word_1_138' title='bbox 1365 2059 1459 2113; x_wconf 87' lang='grc' dir='ltr'><strong>καί</strong></span> <span class='ocrx_word' id='word_1_139' title='bbox 1508 2059 1725 2114; x_wconf 85' lang='grc' dir='ltr'>πάντων</span> <span class='ocrx_word' id='word_1_140' title='bbox 1762 2061 1871 2114; x_wconf 86' lang='grc' dir='ltr'><strong>τῶν</strong></span> <span class='ocrx_word' id='word_1_141' title='bbox 1903 2062 1989 2114; x_wconf 83' lang='grc' dir='ltr'>αί-</span> 
     </span>
    </p>
   </div>
   <div class='ocr_carea' id='block_1_22' title="bbox 421 2147 1989 2223">
    <p class='ocr_par' dir='ltr' id='par_1_22' title="bbox 421 2147 1989 2223">
     <span class='ocr_line' id='line_1_22' title="bbox 421 2147 1989 2223; baseline 0.004 -21"><span class='ocrx_word' id='word_1_142' title='bbox 421 2147 634 2218; x_wconf 79' lang='grc' dir='ltr'>σθητῶν</span> <span class='ocrx_word' id='word_1_143' title='bbox 684 2149 871 2202; x_wconf 85' lang='grc' dir='ltr'>κακῶν</span> <span class='ocrx_word' id='word_1_144' title='bbox 903 2149 993 2202; x_wconf 76' lang='grc' dir='ltr'>τὸν</span> <span class='ocrx_word' id='word_1_145' title='bbox 1038 2150 1360 2218; x_wconf 81' lang='grc' dir='ltr'>κατάλογον,</span> <span class='ocrx_word' id='word_1_146' title='bbox 1397 2152 1496 2204; x_wconf 89' lang='grc' dir='ltr'><strong>οὑκ</strong></span> <span class='ocrx_word' id='word_1_147' title='bbox 1528 2153 1869 2223; x_wconf 76' lang='grc' dir='ltr'>ἀνασχομένη</span> <span class='ocrx_word' id='word_1_148' title='bbox 1903 2153 1989 2209; x_wconf 67' lang='grc' dir='ltr'><strong>διὰ</strong></span> 
     </span>
    </p>
   </div>
   <div class='ocr_carea' id='block_1_23' title="bbox 418 2239 1990 2313">
    <p class='ocr_par' dir='ltr' id='par_1_23' title="bbox 418 2239 1990 2313">
     <span class='ocr_line' id='line_1_23' title="bbox 418 2239 1990 2313; baseline 0.001 -17"><span class='ocrx_word' id='word_1_149' title='bbox 418 2239 594 2297; x_wconf 83' lang='grc' dir='ltr'>ταῦτα</span> <span class='ocrx_word' id='word_1_150' title='bbox 624 2239 755 2313; x_wconf 8' lang='grc' dir='ltr'>οὐδὲ,</span> <span class='ocrx_word' id='word_1_151' title='bbox 775 2239 910 2308; x_wconf 83' lang='grc' dir='ltr'>πρὸς</span> <span class='ocrx_word' id='word_1_152' title='bbox 941 2240 1119 2308; x_wconf 83' lang='grc' dir='ltr'>ὀλίγον</span> <span class='ocrx_word' id='word_1_153' title='bbox 1153 2241 1463 2313; x_wconf 83' lang='grc' dir='ltr'>στερεῖσθαι</span> <span class='ocrx_word' id='word_1_154' title='bbox 1487 2243 1583 2312; x_wconf 79' lang='grc' dir='ltr'><strong>τῆς</strong></span> <span class='ocrx_word' id='word_1_155' title='bbox 1620 2243 1756 2306; x_wconf 85' lang='grc' dir='ltr'>ἰδίας</span> <span class='ocrx_word' id='word_1_156' title='bbox 1788 2244 1990 2312; x_wconf 71' lang='grc' dir='ltr'>γλυκύο</span> 
     </span>
    </p>
   </div>
   <div class='ocr_carea' id='block_1_24' title="bbox 420 2348 602 2402">
    <p class='ocr_par' dir='ltr' id='par_1_24' title="bbox 420 2348 602 2402">
     <span class='ocr_line' id='line_1_24' title="bbox 420 2348 602 2402; baseline 0 -17"><span class='ocrx_word' id='word_1_157' title='bbox 420 2348 602 2402; x_wconf 83' lang='grc' dir='ltr'>τητος.</span> 
     </span>
    </p>
   </div>
   <div class='ocr_carea' id='block_1_25' title="bbox 491 2419 1993 2493">
    <p class='ocr_par' dir='ltr' id='par_1_25' title="bbox 491 2419 1993 2493">
     <span class='ocr_line' id='line_1_25' title="bbox 491 2419 1993 2493; baseline -0.003 -16"><span class='ocrx_word' id='word_1_158' title='bbox 491 2421 589 2490; x_wconf 80' lang='grc' dir='ltr'>νβ’.</span> <span class='ocrx_word' id='word_1_159' title='bbox 627 2419 843 2491; x_wconf 82' lang='grc' dir='ltr'>Ταύτην</span> <span class='ocrx_word' id='word_1_160' title='bbox 892 2421 1192 2492; x_wconf 82' lang='grc' dir='ltr'>προθύμως</span> <span class='ocrx_word' id='word_1_161' title='bbox 1222 2421 1442 2491; x_wconf 71' lang='grc' dir='ltr'>ἀδελφοὶ</span> <span class='ocrx_word' id='word_1_162' title='bbox 1491 2422 1788 2493; x_wconf 84' lang='grc' dir='ltr'>μετίωμεν,</span> <span class='ocrx_word' id='word_1_163' title='bbox 1815 2424 1909 2477; x_wconf 72' lang='grc' dir='ltr'>καὶ</span> <span class='ocrx_word' id='word_1_164' title='bbox 1937 2426 1993 2476; x_wconf 81' lang='grc' dir='ltr'>ὲν</span> 
     </span>
    </p>
   </div>
   <div class='ocr_carea' id='block_1_26' title="bbox 310 2510 1994 2584">
    <p class='ocr_par' dir='ltr' id='par_1_26' title="bbox 310 2510 1994 2584">
     <span class='ocr_line' id='line_1_26' title="bbox 310 2510 1994 2584; baseline 0 -19"><span class='ocrx_word' id='word_1_165' title='bbox 310 2537 323 2548; x_wconf 76' lang='grc' dir='ltr'><strong><em>ο</em></strong></span> <span class='ocrx_word' id='word_1_166' title='bbox 422 2512 544 2573; x_wconf 82' lang='grc' dir='ltr'>ταῖς</span> <span class='ocrx_word' id='word_1_167' title='bbox 593 2510 851 2580; x_wconf 84' lang='grc' dir='ltr'>θεωρίαις</span> <span class='ocrx_word' id='word_1_168' title='bbox 906 2512 1097 2582; x_wconf 83' lang='grc' dir='ltr'>αὑτῆς,</span> <span class='ocrx_word' id='word_1_169' title='bbox 1137 2512 1356 2583; x_wconf 81' lang='grc' dir='ltr'>καθαρᾷ</span> <span class='ocrx_word' id='word_1_170' title='bbox 1400 2512 1609 2584; x_wconf 73' lang='grc' dir='ltr'>διανοίᾳ</span> <span class='ocrx_word' id='word_1_171' title='bbox 1644 2513 1741 2566; x_wconf 77' lang='grc' dir='ltr'><strong>σὺν</strong></span> <span class='ocrx_word' id='word_1_172' title='bbox 1774 2512 1994 2584; x_wconf 82' lang='grc' dir='ltr'>Χριστῷ</span> 
     </span>
    </p>
   </div>
   <div class='ocr_carea' id='block_1_27' title="bbox 439 2602 1996 2676">
    <p class='ocr_par' dir='ltr' id='par_1_27' title="bbox 439 2602 1996 2676">
     <span class='ocr_line' id='line_1_27' title="bbox 439 2602 1996 2676; baseline 0.002 -21"><span class='ocrx_word' id='word_1_173' title='bbox 439 2602 614 2671; x_wconf 80' lang='grc' dir='ltr'>Ἰησοῦ</span> <span class='ocrx_word' id='word_1_174' title='bbox 645 2603 956 2674; x_wconf 87' lang='grc' dir='ltr'>πετόμενοι,</span> <span class='ocrx_word' id='word_1_175' title='bbox 998 2602 1237 2674; x_wconf 86' lang='grc' dir='ltr'>κινῶμεν</span> <span class='ocrx_word' id='word_1_176' title='bbox 1274 2603 1373 2675; x_wconf 86' lang='grc' dir='ltr'>τὴν</span> <span class='ocrx_word' id='word_1_177' title='bbox 1403 2604 1638 2676; x_wconf 87' lang='grc' dir='ltr'>θεωρίαν</span> <span class='ocrx_word' id='word_1_178' title='bbox 1668 2605 1776 2658; x_wconf 86' lang='grc' dir='ltr'><strong>τῶν</strong></span> <span class='ocrx_word' id='word_1_179' title='bbox 1816 2606 1996 2676; x_wconf 82' lang='grc' dir='ltr'>ἀμαρ-</span> 
     </span>
    </p>
   </div>
   <div class='ocr_carea' id='block_1_28' title="bbox 431 2691 1996 2767">
    <p class='ocr_par' dir='ltr' id='par_1_28' title="bbox 431 2691 1996 2767">
     <span class='ocr_line' id='line_1_28' title="bbox 431 2691 1996 2767; baseline 0.002 -20"><span class='ocrx_word' id='word_1_180' title='bbox 431 2693 561 2747; x_wconf 81' lang='grc' dir='ltr'>τιῶν</span> <span class='ocrx_word' id='word_1_181' title='bbox 587 2691 747 2763; x_wconf 81' lang='grc' dir='ltr'>ἡμῶν</span> <span class='ocrx_word' id='word_1_182' title='bbox 778 2695 869 2748; x_wconf 77' lang='grc' dir='ltr'><strong>καὶ</strong></span> <span class='ocrx_word' id='word_1_183' title='bbox 892 2693 987 2749; x_wconf 89' lang='grc' dir='ltr'><strong>τοῦ</strong></span> <span class='ocrx_word' id='word_1_184' title='bbox 1022 2693 1138 2764; x_wconf 85' lang='grc' dir='ltr'>βίου</span> <span class='ocrx_word' id='word_1_185' title='bbox 1164 2694 1257 2748; x_wconf 89' lang='grc' dir='ltr'><strong>τοῦ</strong></span> <span class='ocrx_word' id='word_1_186' title='bbox 1282 2694 1571 2767; x_wconf 81' lang='grc' dir='ltr'>προτέρου,</span> <span class='ocrx_word' id='word_1_187' title='bbox 1596 2695 1682 2750; x_wconf 80' lang='grc' dir='ltr'><strong>ἴνα</strong></span> <span class='ocrx_word' id='word_1_188' title='bbox 1705 2699 1762 2751; x_wconf 81' lang='grc' dir='ltr'><strong>ὲν</strong></span> <span class='ocrx_word' id='word_1_189' title='bbox 1793 2700 1857 2767; x_wconf 84' lang='grc' dir='ltr'>τῇ</span> <span class='ocrx_word' id='word_1_190' title='bbox 1886 2698 1996 2750; x_wconf 88' lang='grc' dir='ltr'><strong>τῶν</strong></span> 
     </span>
    </p>
   </div>
   <div class='ocr_carea' id='block_1_29' title="bbox 401 2780 1996 2857">
    <p class='ocr_par' dir='ltr' id='par_1_29' title="bbox 401 2780 1996 2857">
     <span class='ocr_line' id='line_1_29' title="bbox 401 2780 1996 2857; baseline 0.003 -20"><span class='ocrx_word' id='word_1_191' title='bbox 401 2780 718 2857; x_wconf 68' lang='grc' dir='ltr'><strong>⁵ἁμαρτιῶν</strong></span> <span class='ocrx_word' id='word_1_192' title='bbox 745 2784 904 2854; x_wconf 78' lang='grc' dir='ltr'>ἡμῶν</span> <span class='ocrx_word' id='word_1_193' title='bbox 938 2785 1125 2854; x_wconf 84' lang='grc' dir='ltr'>μνήμῃ</span> <span class='ocrx_word' id='word_1_194' title='bbox 1153 2784 1563 2855; x_wconf 86' lang='grc' dir='ltr'>συντριϐόμενοι</span> <span class='ocrx_word' id='word_1_195' title='bbox 1594 2787 1688 2840; x_wconf 75' lang='grc' dir='ltr'><strong>καὶ</strong></span> <span class='ocrx_word' id='word_1_196' title='bbox 1710 2786 1996 2841; x_wconf 87' lang='grc' dir='ltr'>ταπεινού-</span> 
     </span>
    </p>
   </div>
   <div class='ocr_carea' id='block_1_30' title="bbox 434 2868 1998 2954">
    <p class='ocr_par' dir='ltr' id='par_1_30' title="bbox 434 2868 1998 2954">
     <span class='ocr_line' id='line_1_30' title="bbox 434 2868 1998 2954; baseline 0.008 -30"><span class='ocrx_word' id='word_1_197' title='bbox 434 2889 607 2941; x_wconf 90' lang='grc' dir='ltr'>μενοι,</span> <span class='ocrx_word' id='word_1_198' title='bbox 638 2872 1006 2930; x_wconf 84' lang='grc' dir='ltr'>ἀδιάσπαστον</span> <span class='ocrx_word' id='word_1_199' title='bbox 1035 2874 1266 2945; x_wconf 84' lang='grc' dir='ltr'>ὲξήμῶν</span> <span class='ocrx_word' id='word_1_200' title='bbox 1292 2876 1504 2947; x_wconf 78' lang='grc' dir='ltr'>ἒξωμεν</span> <span class='ocrx_word' id='word_1_201' title='bbox 1528 2880 1627 2949; x_wconf 84' lang='grc' dir='ltr'><strong>τὴν</strong></span> <span class='ocrx_word' id='word_1_202' title='bbox 1656 2868 1832 2951; x_wconf 83' lang='grc' dir='ltr'>Ἰησοῦ</span> <span class='ocrx_word' id='word_1_203' title='bbox 1866 2884 1998 2954; x_wconf 89' lang='grc' dir='ltr'>Χρι-</span> 
     </span>
    </p>
   </div>
   <div class='ocr_carea' id='block_1_31' title="bbox 432 2962 1996 3044">
    <p class='ocr_par' dir='ltr' id='par_1_31' title="bbox 432 2962 1996 3044">
     <span class='ocr_line' id='line_1_31' title="bbox 432 2962 1996 3044; baseline 0.008 -29"><span class='ocrx_word' id='word_1_204' title='bbox 432 2962 560 3016; x_wconf 89' lang='grc' dir='ltr'>στοῦ</span> <span class='ocrx_word' id='word_1_205' title='bbox 587 2965 681 3017; x_wconf 87' lang='grc' dir='ltr'><strong>τοῦ</strong></span> <span class='ocrx_word' id='word_1_206' title='bbox 713 2965 920 3035; x_wconf 85' lang='grc' dir='ltr'>Κυρίου</span> <span class='ocrx_word' id='word_1_207' title='bbox 949 2966 1109 3037; x_wconf 78' lang='grc' dir='ltr'>ἡμῶν</span> <span class='ocrx_word' id='word_1_208' title='bbox 1138 2966 1392 3039; x_wconf 86' lang='grc' dir='ltr'>βοήθειαν</span> <span class='ocrx_word' id='word_1_209' title='bbox 1413 2971 1494 3033; x_wconf 83' lang='grc' dir='ltr'><strong>εἰς</strong></span> <span class='ocrx_word' id='word_1_210' title='bbox 1519 2971 1613 3025; x_wconf 80' lang='grc' dir='ltr'><strong>τὸν</strong></span> <span class='ocrx_word' id='word_1_211' title='bbox 1635 2973 1868 3044; x_wconf 85' lang='grc' dir='ltr'>ἀόρατον</span> <span class='ocrx_word' id='word_1_212' title='bbox 1901 2975 1996 3028; x_wconf 87' lang='grc' dir='ltr'>πό-</span> 
     </span>
    </p>
   </div>
   <div class='ocr_carea' id='block_1_32' title="bbox 429 3053 1996 3131">
    <p class='ocr_par' dir='ltr' id='par_1_32' title="bbox 429 3053 1996 3131">
     <span class='ocr_line' id='line_1_32' title="bbox 429 3053 1996 3131; baseline 0.007 -26"><span class='ocrx_word' id='word_1_213' title='bbox 429 3053 616 3123; x_wconf 71' lang='grc' dir='ltr'>λεμον⁴</span> <span class='ocrx_word' id='word_1_214' title='bbox 668 3054 1022 3125; x_wconf 85' lang='grc' dir='ltr'>στερηθέντες</span> <span class='ocrx_word' id='word_1_215' title='bbox 1076 3054 1186 3127; x_wconf 87' lang='grc' dir='ltr'><strong>γάρ</strong></span> <span class='ocrx_word' id='word_1_216' title='bbox 1232 3058 1330 3128; x_wconf 81' lang='grc' dir='ltr'>τῆς</span> <span class='ocrx_word' id='word_1_217' title='bbox 1395 3059 1569 3128; x_wconf 86' lang='grc' dir='ltr'>Ἰησοῦ</span> <span class='ocrx_word' id='word_1_218' title='bbox 1624 3059 1874 3131; x_wconf 85' lang='grc' dir='ltr'>βοηθείας</span> <span class='ocrx_word' id='word_1_219' title='bbox 1930 3064 1996 3117; x_wconf 88' lang='grc' dir='ltr'>δι’</span> 
     </span>
    </p>
   </div>
   <div class='ocr_carea' id='block_1_33' title="bbox 2079 609 3654 686">
    <p class='ocr_par' dir='ltr' id='par_1_33' title="bbox 2079 609 3654 686">
     <span class='ocr_line' id='line_1_33' title="bbox 2079 609 3654 686; baseline -0.002 -17"><span class='ocrx_word' id='word_1_220' title='bbox 2079 631 2284 686; x_wconf 81' lang='lat' dir='ltr'><strong>genas,</strong></span> <span class='ocrx_word' id='word_1_221' title='bbox 2353 613 2494 668; x_wconf 83' lang='lat' dir='ltr'><strong>ﬁlios</strong></span> <span class='ocrx_word' id='word_1_222' title='bbox 2571 610 2831 666; x_wconf 81' lang='lat' dir='ltr'><strong>nimirum</strong></span> <span class='ocrx_word' id='word_1_223' title='bbox 2905 609 3301 680; x_wconf 83' lang='lat' dir='ltr'><strong>primogenitos</strong></span> <span class='ocrx_word' id='word_1_224' title='bbox 3370 610 3654 684; x_wconf 61' lang='lat' dir='ltr'><strong>Egyptia-</strong></span> 
     </span>
    </p>
   </div>
   <div class='ocr_carea' id='block_1_34' title="bbox 2081 722 2220 762">
    <p class='ocr_par' dir='ltr' id='par_1_34' title="bbox 2081 722 2220 762">
     <span class='ocr_line' id='line_1_34' title="bbox 2081 722 2220 762; baseline -0.014 -1"><span class='ocrx_word' id='word_1_225' title='bbox 2081 722 2220 762; x_wconf 70' lang='lat' dir='ltr'><strong>TUHL</strong></span> 
     </span>
    </p>
   </div>
   <div class='ocr_carea' id='block_1_35' title="bbox 2151 792 3650 865">
    <p class='ocr_par' dir='ltr' id='par_1_35' title="bbox 2151 792 3650 865">
     <span class='ocr_line' id='line_1_35' title="bbox 2151 792 3650 865; baseline -0.001 -14"><span class='ocrx_word' id='word_1_226' title='bbox 2151 796 2239 853; x_wconf 78' lang='lat'><strong>50.</strong></span> <span class='ocrx_word' id='word_1_227' title='bbox 2281 796 2454 862; x_wconf 79' lang='lat' dir='ltr'><strong>Quam</strong></span> <span class='ocrx_word' id='word_1_228' title='bbox 2497 794 2661 860; x_wconf 89' lang='lat' dir='ltr'><strong>bona,</strong></span> <span class='ocrx_word' id='word_1_229' title='bbox 2707 792 3066 858; x_wconf 51' lang='lat' dir='ltr'><strong>delectai‘ilis,</strong></span> <span class='ocrx_word' id='word_1_230' title='bbox 3101 795 3306 859; x_wconf 80' lang='lat' dir='ltr'><strong>suavis,</strong></span> <span class='ocrx_word' id='word_1_231' title='bbox 3346 795 3650 865; x_wconf 85' lang='lat' dir='ltr'><strong>splendida,</strong></span> 
     </span>
    </p>
   </div>
   <div class='ocr_carea' id='block_1_36' title="bbox 2080 885 3653 960">
    <p class='ocr_par' dir='ltr' id='par_1_36' title="bbox 2080 885 3653 960">
     <span class='ocr_line' id='line_1_36' title="bbox 2080 885 3653 960; baseline -0.003 -17"><span class='ocrx_word' id='word_1_232' title='bbox 2080 887 2358 960; x_wconf 63' lang='lat' dir='ltr'><strong>praeclara,</strong></span> <span class='ocrx_word' id='word_1_233' title='bbox 2388 894 2616 941; x_wconf 85' lang='lat' dir='ltr'><strong>venusta</strong></span> <span class='ocrx_word' id='word_1_234' title='bbox 2648 893 2703 938; x_wconf 88' lang='lat' dir='ltr'><strong>et</strong></span> <span class='ocrx_word' id='word_1_235' title='bbox 2740 885 2987 954; x_wconf 89' lang='lat' dir='ltr'><strong>speciosa</strong></span> <span class='ocrx_word' id='word_1_236' title='bbox 3027 885 3200 939; x_wconf 88' lang='lat' dir='ltr'><strong>virtus</strong></span> <span class='ocrx_word' id='word_1_237' title='bbox 3231 894 3313 939; x_wconf 91' lang='lat' dir='ltr'><strong>est</strong></span> <span class='ocrx_word' id='word_1_238' title='bbox 3348 894 3653 954; x_wconf 85' lang='lat' dir='ltr'><strong>temperan-</strong></span> 
     </span>
    </p>
   </div>
   <div class='ocr_carea' id='block_1_37' title="bbox 2078 975 3651 1048">
    <p class='ocr_par' dir='ltr' id='par_1_37' title="bbox 2078 975 3651 1048">
     <span class='ocr_line' id='line_1_37' title="bbox 2078 975 3651 1048; baseline -0.003 -14"><span class='ocrx_word' id='word_1_239' title='bbox 2078 980 2200 1035; x_wconf 89' lang='lat' dir='ltr'><strong>tia:</strong></span> <span class='ocrx_word' id='word_1_240' title='bbox 2237 994 2355 1048; x_wconf 73' lang='lat' dir='ltr'><strong>qua:</strong></span> <span class='ocrx_word' id='word_1_241' title='bbox 2403 993 2433 1030; x_wconf 90' lang='lat' dir='ltr'><strong>a</strong></span> <span class='ocrx_word' id='word_1_242' title='bbox 2482 985 2555 1039; x_wconf 85' lang='lat' dir='ltr'><strong>te,</strong></span> <span class='ocrx_word' id='word_1_243' title='bbox 2612 975 2828 1030; x_wconf 79' lang='lat' dir='ltr'><strong>Christe</strong></span> <span class='ocrx_word' id='word_1_244' title='bbox 2887 977 3050 1039; x_wconf 85' lang='lat' dir='ltr'><strong>Deus,</strong></span> <span class='ocrx_word' id='word_1_245' title='bbox 3100 976 3373 1045; x_wconf 78' lang='lat' dir='ltr'><strong>dirigitur,</strong></span> <span class='ocrx_word' id='word_1_246' title='bbox 3426 985 3480 1029; x_wconf 91' lang='lat' dir='ltr'><strong>et</strong></span> <span class='ocrx_word' id='word_1_247' title='bbox 3527 991 3651 1030; x_wconf 86' lang='lat' dir='ltr'><strong>cum</strong></span> 
     </span>
    </p>
   </div>
   <div class='ocr_carea' id='block_1_38' title="bbox 2082 1066 3654 1136">
    <p class='ocr_par' dir='ltr' id='par_1_38' title="bbox 2082 1066 3654 1136">
     <span class='ocr_line' id='line_1_38' title="bbox 2082 1066 3654 1136; baseline -0.002 -12"><span class='ocrx_word' id='word_1_248' title='bbox 2082 1084 2293 1125; x_wconf 88' lang='lat' dir='ltr'><strong>summa</strong></span> <span class='ocrx_word' id='word_1_249' title='bbox 2322 1067 2520 1121; x_wconf 89' lang='lat' dir='ltr'><strong>mentis</strong></span> <span class='ocrx_word' id='word_1_250' title='bbox 2551 1067 2802 1119; x_wconf 69' lang='lat' dir='ltr'><strong>humana:</strong></span> <span class='ocrx_word' id='word_1_251' title='bbox 2826 1066 3207 1119; x_wconf 84' lang='lat' dir='ltr'><strong>bumiliatione</strong></span> <span class='ocrx_word' id='word_1_252' title='bbox 3236 1066 3525 1136; x_wconf 68' lang='lat' dir='ltr'><strong>vigilanter</strong></span> <span class='ocrx_word' id='word_1_253' title='bbox 3554 1066 3654 1121; x_wconf 87' lang='lat' dir='ltr'><strong>de-</strong></span> 
     </span>
    </p>
   </div>
   <div class='ocr_carea' id='block_1_39' title="bbox 2081 1156 3651 1227">
    <p class='ocr_par' dir='ltr' id='par_1_39' title="bbox 2081 1156 3651 1227">
     <span class='ocr_line' id='line_1_39' title="bbox 2081 1156 3651 1227; baseline -0.003 -13"><span class='ocrx_word' id='word_1_254' title='bbox 2081 1160 2327 1216; x_wconf 75' lang='lat' dir='ltr'><strong>ducitur!</strong></span> <span class='ocrx_word' id='word_1_255' title='bbox 2383 1157 2639 1211; x_wconf 79' lang='lat' dir='ltr'><strong>Extendit</strong></span> <span class='ocrx_word' id='word_1_256' title='bbox 2697 1156 2844 1210; x_wconf 87' lang='lat' dir='ltr'><strong>enim</strong></span> <span class='ocrx_word' id='word_1_257' title='bbox 2894 1157 3146 1227; x_wconf 86' lang='lat' dir='ltr'><strong>palmites</strong></span> <span class='ocrx_word' id='word_1_258' title='bbox 3186 1173 3313 1211; x_wconf 91' lang='lat' dir='ltr'><strong>suos</strong></span> <span class='ocrx_word' id='word_1_259' title='bbox 3367 1173 3542 1227; x_wconf 88' lang='lat' dir='ltr'><strong>usque</strong></span> <span class='ocrx_word' id='word_1_260' title='bbox 3585 1159 3651 1211; x_wconf 83' lang='lat' dir='ltr'><strong>ad</strong></span> 
     </span>
    </p>
   </div>
   <div class='ocr_carea' id='block_1_40' title="bbox 2081 1247 3652 1320">
    <p class='ocr_par' dir='ltr' id='par_1_40' title="bbox 2081 1247 3652 1320">
     <span class='ocr_line' id='line_1_40' title="bbox 2081 1247 3652 1320; baseline -0.003 -15"><span class='ocrx_word' id='word_1_261' title='bbox 2081 1266 2250 1315; x_wconf 89' lang='lat' dir='ltr'><strong>mare,</strong></span> <span class='ocrx_word' id='word_1_262' title='bbox 2281 1258 2335 1304; x_wconf 92' lang='lat' dir='ltr'><strong>et</strong></span> <span class='ocrx_word' id='word_1_263' title='bbox 2379 1250 2632 1320; x_wconf 77' lang='lat' dir='ltr'><strong>abyssum</strong></span> <span class='ocrx_word' id='word_1_264' title='bbox 2668 1247 3125 1317; x_wconf 76' lang='lat' dir='ltr'><strong>speculationum,</strong></span> <span class='ocrx_word' id='word_1_265' title='bbox 3158 1258 3213 1303; x_wconf 87' lang='lat' dir='ltr'><strong>et</strong></span> <span class='ocrx_word' id='word_1_266' title='bbox 3240 1264 3410 1318; x_wconf 87' lang='lat' dir='ltr'><strong>usque</strong></span> <span class='ocrx_word' id='word_1_267' title='bbox 3441 1249 3507 1303; x_wconf 87' lang='lat' dir='ltr'><strong>ad</strong></span> <span class='ocrx_word' id='word_1_268' title='bbox 3549 1248 3652 1301; x_wconf 86' lang='lat' dir='ltr'><strong>ﬂu-</strong></span> 
     </span>
    </p>
   </div>
   <div class='ocr_carea' id='block_1_41' title="bbox 2082 1335 3655 1409">
    <p class='ocr_par' dir='ltr' id='par_1_41' title="bbox 2082 1335 3655 1409">
     <span class='ocr_line' id='line_1_41' title="bbox 2082 1335 3655 1409; baseline -0.001 -15"><span class='ocrx_word' id='word_1_269' title='bbox 2082 1341 2228 1394; x_wconf 88' lang='lat' dir='ltr'><strong>mina</strong></span> <span class='ocrx_word' id='word_1_270' title='bbox 2261 1339 2628 1409; x_wconf 88' lang='lat' dir='ltr'><strong>jucundorum</strong></span> <span class='ocrx_word' id='word_1_271' title='bbox 2661 1352 2725 1392; x_wconf 89' lang='lat' dir='ltr'><strong>ac</strong></span> <span class='ocrx_word' id='word_1_272' title='bbox 2753 1336 3063 1392; x_wconf 81' lang='lat' dir='ltr'><strong>divinorum</strong></span> <span class='ocrx_word' id='word_1_273' title='bbox 3107 1335 3492 1407; x_wconf 76' lang='lat' dir='ltr'><strong>mysteriorum</strong></span> <span class='ocrx_word' id='word_1_274' title='bbox 3527 1352 3655 1407; x_wconf 85' lang='lat' dir='ltr'><strong>pro-</strong></span> 
     </span>
    </p>
   </div>
   <div class='ocr_carea' id='block_1_42' title="bbox 2083 1426 3653 1500">
    <p class='ocr_par' dir='ltr' id='par_1_42' title="bbox 2083 1426 3653 1500">
     <span class='ocr_line' id='line_1_42' title="bbox 2083 1426 3653 1500; baseline -0.001 -18"><span class='ocrx_word' id='word_1_275' title='bbox 2083 1430 2304 1500; x_wconf 83' lang='lat' dir='ltr'><strong>pagines</strong></span> <span class='ocrx_word' id='word_1_276' title='bbox 2329 1444 2454 1482; x_wconf 88' lang='lat' dir='ltr'><strong>suas</strong></span> <span class='ocrx_word' id='word_1_277' title='bbox 2484 1448 2492 1478; x_wconf 86' lang='lat'><strong>:</strong></span> <span class='ocrx_word' id='word_1_278' title='bbox 2523 1436 2685 1496; x_wconf 88' lang='lat' dir='ltr'><strong>atque</strong></span> <span class='ocrx_word' id='word_1_279' title='bbox 2713 1436 2843 1496; x_wconf 87' lang='lat' dir='ltr'><strong>potu</strong></span> <span class='ocrx_word' id='word_1_280' title='bbox 2872 1427 3045 1481; x_wconf 79' lang='lat' dir='ltr'><strong>reiicit</strong></span> <span class='ocrx_word' id='word_1_281' title='bbox 3071 1427 3312 1481; x_wconf 88' lang='lat' dir='ltr'><strong>animum</strong></span> <span class='ocrx_word' id='word_1_282' title='bbox 3334 1426 3653 1495; x_wconf 87' lang='lat' dir='ltr'><strong>jamdudum</strong></span> 
     </span>
    </p>
   </div>
   <div class='ocr_carea' id='block_1_43' title="bbox 2083 1515 3655 1589">
    <p class='ocr_par' dir='ltr' id='par_1_43' title="bbox 2083 1515 3655 1589">
     <span class='ocr_line' id='line_1_43' title="bbox 2083 1515 3655 1589; baseline -0.005 -15"><span class='ocrx_word' id='word_1_283' title='bbox 2083 1519 2361 1589; x_wconf 88' lang='lat' dir='ltr'><strong>impietate</strong></span> <span class='ocrx_word' id='word_1_284' title='bbox 2388 1524 2732 1582; x_wconf 71' lang='lat' dir='ltr'><strong>testuantem,</strong></span> <span class='ocrx_word' id='word_1_285' title='bbox 2772 1531 2884 1585; x_wconf 63' lang='lat' dir='ltr'><strong>prae</strong></span> <span class='ocrx_word' id='word_1_286' title='bbox 2916 1515 3189 1585; x_wconf 77' lang='lat' dir='ltr'><strong>salsugine</strong></span> <span class='ocrx_word' id='word_1_287' title='bbox 3222 1524 3333 1569; x_wconf 89' lang='lat' dir='ltr'><strong>tum</strong></span> <span class='ocrx_word' id='word_1_288' title='bbox 3367 1530 3655 1584; x_wconf 86' lang='lat' dir='ltr'><strong>pravarum</strong></span> 
     </span>
    </p>
   </div>
   <div class='ocr_carea' id='block_1_44' title="bbox 2083 1608 3658 1684">
    <p class='ocr_par' dir='ltr' id='par_1_44' title="bbox 2083 1608 3658 1684">
     <span class='ocr_line' id='line_1_44' title="bbox 2083 1608 3658 1684; baseline -0.003 -15"><span class='ocrx_word' id='word_1_289' title='bbox 2083 1613 2470 1684; x_wconf 78' lang='lat' dir='ltr'><strong>cogitationum</strong></span> <span class='ocrx_word' id='word_1_290' title='bbox 2499 1627 2528 1664; x_wconf 94' lang='lat' dir='ltr'><strong>a</strong></span> <span class='ocrx_word' id='word_1_291' title='bbox 2551 1610 2893 1665; x_wconf 84' lang='lat' dir='ltr'><strong>daemonibus</strong></span> <span class='ocrx_word' id='word_1_292' title='bbox 2916 1608 3276 1673; x_wconf 75' lang='lat' dir='ltr'><strong>invectarum,</strong></span> <span class='ocrx_word' id='word_1_293' title='bbox 3302 1617 3415 1663; x_wconf 90' lang='lat' dir='ltr'><strong>tum</strong></span> <span class='ocrx_word' id='word_1_294' title='bbox 3444 1609 3658 1665; x_wconf 79' lang='lat' dir='ltr'><strong>hostilis</strong></span> 
     </span>
    </p>
   </div>
   <div class='ocr_carea' id='block_1_45' title="bbox 2086 1699 3587 1779">
    <p class='ocr_par' dir='ltr' id='par_1_45' title="bbox 2086 1699 3587 1779">
     <span class='ocr_line' id='line_1_45' title="bbox 2086 1699 3587 1779; baseline -0.007 -19"><span class='ocrx_word' id='word_1_295' title='bbox 2086 1705 2227 1779; x_wconf 72' lang='lat' dir='ltr'><strong>(qua:</strong></span> <span class='ocrx_word' id='word_1_296' title='bbox 2257 1719 2407 1759; x_wconf 88' lang='lat' dir='ltr'><strong>mors</strong></span> <span class='ocrx_word' id='word_1_297' title='bbox 2434 1700 2537 1773; x_wconf 87' lang='lat' dir='ltr'><strong>est)</strong></span> <span class='ocrx_word' id='word_1_298' title='bbox 2569 1700 2875 1771; x_wconf 67' lang='lat' dir='ltr'><strong>prudentia:</strong></span> <span class='ocrx_word' id='word_1_299' title='bbox 2903 1699 3104 1754; x_wconf 90' lang='lat' dir='ltr'><strong>carnis.</strong></span> <span class='ocrx_word' id='word_1_300' title='bbox 3208 1721 3235 1750; x_wconf 60' lang='lat'><strong>2</strong></span> <span class='ocrx_word' id='word_1_301' title='bbox 3576 1766 3587 1773; x_wconf 29' lang='grc' dir='ltr'><em>η</em></span> 
     </span>
    </p>
   </div>
   <div class='ocr_carea' id='block_1_46' title="bbox 2158 1793 3660 1866">
    <p class='ocr_par' dir='ltr' id='par_1_46' title="bbox 2158 1793 3660 1866">
     <span class='ocr_line' id='line_1_46' title="bbox 2158 1793 3660 1866; baseline -0.004 -13"><span class='ocrx_word' id='word_1_302' title='bbox 2158 1798 2245 1854; x_wconf 82' lang='lat'><strong>5|.</strong></span> <span class='ocrx_word' id='word_1_303' title='bbox 2290 1796 2674 1866; x_wconf 83' lang='lat' dir='ltr'><strong>Temperantia</strong></span> <span class='ocrx_word' id='word_1_304' title='bbox 2717 1794 3008 1865; x_wconf 88' lang='lat' dir='ltr'><strong>persimilis</strong></span> <span class='ocrx_word' id='word_1_305' title='bbox 3046 1801 3130 1849; x_wconf 89' lang='lat' dir='ltr'><strong>est</strong></span> <span class='ocrx_word' id='word_1_306' title='bbox 3165 1794 3322 1848; x_wconf 66' lang='lat' dir='ltr'><strong>scalae</strong></span> <span class='ocrx_word' id='word_1_307' title='bbox 3352 1793 3538 1859; x_wconf 73' lang='lat' dir='ltr'><strong>Iacob,</strong></span> <span class='ocrx_word' id='word_1_308' title='bbox 3570 1794 3660 1848; x_wconf 87' lang='lat' dir='ltr'><strong>cui</strong></span> 
     </span>
    </p>
   </div>
   <div class='ocr_carea' id='block_1_47' title="bbox 2091 1882 3658 1954">
    <p class='ocr_par' dir='ltr' id='par_1_47' title="bbox 2091 1882 3658 1954">
     <span class='ocr_line' id='line_1_47' title="bbox 2091 1882 3658 1954; baseline -0.006 -10"><span class='ocrx_word' id='word_1_309' title='bbox 2091 1892 2231 1944; x_wconf 77' lang='lat' dir='ltr'><strong>Deus</strong></span> <span class='ocrx_word' id='word_1_310' title='bbox 2262 1888 2482 1949; x_wconf 86' lang='lat' dir='ltr'><strong>insidet,</strong></span> <span class='ocrx_word' id='word_1_311' title='bbox 2515 1896 2571 1940; x_wconf 90' lang='lat' dir='ltr'><strong>et</strong></span> <span class='ocrx_word' id='word_1_312' title='bbox 2598 1900 2702 1954; x_wconf 80' lang='lat' dir='ltr'><strong>qua</strong></span> <span class='ocrx_word' id='word_1_313' title='bbox 2745 1883 3050 1938; x_wconf 89' lang='lat' dir='ltr'><strong>ascendunt</strong></span> <span class='ocrx_word' id='word_1_314' title='bbox 3090 1882 3285 1953; x_wconf 81' lang='lat' dir='ltr'><strong>angeli.</strong></span> <span class='ocrx_word' id='word_1_315' title='bbox 3326 1882 3489 1937; x_wconf 90' lang='lat' dir='ltr'><strong>Tollit</strong></span> <span class='ocrx_word' id='word_1_316' title='bbox 3513 1882 3658 1936; x_wconf 79' lang='lat' dir='ltr'><strong>enim</strong></span> 
     </span>
    </p>
   </div>
   <div class='ocr_carea' id='block_1_48' title="bbox 2089 1971 3659 2042">
    <p class='ocr_par' dir='ltr' id='par_1_48' title="bbox 2089 1971 3659 2042">
     <span class='ocr_line' id='line_1_48' title="bbox 2089 1971 3659 2042; baseline -0.003 -11"><span class='ocrx_word' id='word_1_317' title='bbox 2089 1994 2117 2031; x_wconf 90' lang='lat' dir='ltr'><strong>a</strong></span> <span class='ocrx_word' id='word_1_318' title='bbox 2148 1977 2305 2031; x_wconf 83' lang='lat' dir='ltr'><strong>nobis</strong></span> <span class='ocrx_word' id='word_1_319' title='bbox 2338 1991 2502 2029; x_wconf 89' lang='lat' dir='ltr'><strong>omne</strong></span> <span class='ocrx_word' id='word_1_320' title='bbox 2537 1974 2750 2028; x_wconf 89' lang='lat' dir='ltr'><strong>vitium.</strong></span> <span class='ocrx_word' id='word_1_321' title='bbox 2794 1972 2929 2027; x_wconf 79' lang='lat' dir='ltr'><strong>Nam</strong></span> <span class='ocrx_word' id='word_1_322' title='bbox 2968 1980 3214 2042; x_wconf 86' lang='lat' dir='ltr'><strong>amputat</strong></span> <span class='ocrx_word' id='word_1_323' title='bbox 3257 1972 3376 2042; x_wconf 86' lang='lat' dir='ltr'><strong>ipsa</strong></span> <span class='ocrx_word' id='word_1_324' title='bbox 3417 1971 3659 2041; x_wconf 83' lang='lat' dir='ltr'><strong>loquaci—</strong></span> 
     </span>
    </p>
   </div>
   <div class='ocr_carea' id='block_1_49' title="bbox 2093 2063 3663 2134">
    <p class='ocr_par' dir='ltr' id='par_1_49' title="bbox 2093 2063 3663 2134">
     <span class='ocr_line' id='line_1_49' title="bbox 2093 2063 3663 2134; baseline -0.004 -10"><span class='ocrx_word' id='word_1_325' title='bbox 2093 2078 2278 2134; x_wconf 88' lang='lat' dir='ltr'><strong>tatem,</strong></span> <span class='ocrx_word' id='word_1_326' title='bbox 2319 2068 2648 2126; x_wconf 85' lang='lat' dir='ltr'><strong>convicium,</strong></span> <span class='ocrx_word' id='word_1_327' title='bbox 2689 2065 3109 2128; x_wconf 83' lang='lat' dir='ltr'><strong>detractionem,</strong></span> <span class='ocrx_word' id='word_1_328' title='bbox 3146 2064 3388 2118; x_wconf 78' lang='lat' dir='ltr'><strong>omnium</strong></span> <span class='ocrx_word' id='word_1_329' title='bbox 3427 2063 3663 2133; x_wconf 85' lang='lat' dir='ltr'><strong>denique</strong></span> 
     </span>
    </p>
   </div>
   <div class='ocr_carea' id='block_1_50' title="bbox 2091 2154 3663 2227">
    <p class='ocr_par' dir='ltr' id='par_1_50' title="bbox 2091 2154 3663 2227">
     <span class='ocr_line' id='line_1_50' title="bbox 2091 2154 3663 2227; baseline -0.007 -9"><span class='ocrx_word' id='word_1_330' title='bbox 2091 2162 2348 2218; x_wconf 88' lang='lat' dir='ltr'><strong>vitiorum</strong></span> <span class='ocrx_word' id='word_1_331' title='bbox 2411 2158 2689 2213; x_wconf 89' lang='lat' dir='ltr'><strong>sensilium</strong></span> <span class='ocrx_word' id='word_1_332' title='bbox 2753 2157 3091 2227; x_wconf 84' lang='lat' dir='ltr'><strong>catalogum:</strong></span> <span class='ocrx_word' id='word_1_333' title='bbox 3149 2171 3270 2225; x_wconf 86' lang='lat' dir='ltr'><strong>quae</strong></span> <span class='ocrx_word' id='word_1_334' title='bbox 3328 2154 3532 2208; x_wconf 87' lang='lat' dir='ltr'><strong>idcirco</strong></span> <span class='ocrx_word' id='word_1_335' title='bbox 3592 2169 3663 2207; x_wconf 90' lang='lat' dir='ltr'><strong>ne</strong></span> 
     </span>
    </p>
   </div>
   <div class='ocr_carea' id='block_1_51' title="bbox 2094 2241 3664 2319">
    <p class='ocr_par' dir='ltr' id='par_1_51' title="bbox 2094 2241 3664 2319">
     <span class='ocr_line' id='line_1_51' title="bbox 2094 2241 3664 2319; baseline -0.007 -14"><span class='ocrx_word' id='word_1_336' title='bbox 2094 2251 2364 2319; x_wconf 83' lang='lat' dir='ltr'><strong>tantisper</strong></span> <span class='ocrx_word' id='word_1_337' title='bbox 2402 2247 2621 2318; x_wconf 84' lang='lat' dir='ltr'><strong>quidem</strong></span> <span class='ocrx_word' id='word_1_338' title='bbox 2655 2245 2799 2300; x_wconf 75' lang='lat' dir='ltr'><strong>ferre</strong></span> <span class='ocrx_word' id='word_1_339' title='bbox 2831 2253 3027 2310; x_wconf 83' lang='lat' dir='ltr'><strong>potest,</strong></span> <span class='ocrx_word' id='word_1_340' title='bbox 3063 2251 3122 2298; x_wconf 86' lang='lat' dir='ltr'><strong>ut</strong></span> <span class='ocrx_word' id='word_1_341' title='bbox 3150 2243 3414 2298; x_wconf 83' lang='lat' dir='ltr'><strong>suavitate</strong></span> <span class='ocrx_word' id='word_1_342' title='bbox 3444 2241 3664 2312; x_wconf 86' lang='lat' dir='ltr'><strong>propria</strong></span> 
     </span>
    </p>
   </div>
   <div class='ocr_carea' id='block_1_52' title="bbox 2092 2350 2293 2397">
    <p class='ocr_par' dir='ltr' id='par_1_52' title="bbox 2092 2350 2293 2397">
     <span class='ocr_line' id='line_1_52' title="bbox 2092 2350 2293 2397; baseline -0.015 0"><span class='ocrx_word' id='word_1_343' title='bbox 2092 2350 2293 2397; x_wconf 81' lang='lat' dir='ltr'><strong>careat.</strong></span> 
     </span>
    </p>
   </div>
   <div class='ocr_carea' id='block_1_53' title="bbox 2165 2425 3665 2500">
    <p class='ocr_par' dir='ltr' id='par_1_53' title="bbox 2165 2425 3665 2500">
     <span class='ocr_line' id='line_1_53' title="bbox 2165 2425 3665 2500; baseline -0.009 -13"><span class='ocrx_word' id='word_1_344' title='bbox 2165 2433 2250 2488; x_wconf 72' lang='lat'><strong>52.</strong></span> <span class='ocrx_word' id='word_1_345' title='bbox 2295 2431 2554 2500; x_wconf 81' lang='lat' dir='ltr'><strong>Hujusce,</strong></span> <span class='ocrx_word' id='word_1_346' title='bbox 2606 2430 2825 2494; x_wconf 86' lang='lat' dir='ltr'><strong>fratres,</strong></span> <span class='ocrx_word' id='word_1_347' title='bbox 2857 2428 3020 2482; x_wconf 90' lang='lat' dir='ltr'><strong>alacri</strong></span> <span class='ocrx_word' id='word_1_348' title='bbox 3062 2427 3244 2481; x_wconf 90' lang='lat' dir='ltr'><strong>animo</strong></span> <span class='ocrx_word' id='word_1_349' title='bbox 3292 2425 3665 2480; x_wconf 86' lang='lat' dir='ltr'><strong>desideremus</strong></span> 
     </span>
    </p>
   </div>
   <div class='ocr_carea' id='block_1_54' title="bbox 2092 2517 3666 2594">
    <p class='ocr_par' dir='ltr' id='par_1_54' title="bbox 2092 2517 3666 2594">
     <span class='ocr_line' id='line_1_54' title="bbox 2092 2517 3666 2594; baseline -0.007 -15"><span class='ocrx_word' id='word_1_350' title='bbox 2092 2540 2213 2579; x_wconf 83' lang='lat' dir='ltr'><strong>esse</strong></span> <span class='ocrx_word' id='word_1_351' title='bbox 2257 2522 2549 2594; x_wconf 88' lang='lat' dir='ltr'><strong>participes</strong></span> <span class='ocrx_word' id='word_1_352' title='bbox 2585 2539 2597 2574; x_wconf 89' lang='lat'><strong>:</strong></span> <span class='ocrx_word' id='word_1_353' title='bbox 2641 2535 2705 2575; x_wconf 92' lang='lat' dir='ltr'><strong>ae</strong></span> <span class='ocrx_word' id='word_1_354' title='bbox 2753 2520 2805 2573; x_wconf 91' lang='lat' dir='ltr'><strong>in</strong></span> <span class='ocrx_word' id='word_1_355' title='bbox 2858 2519 3320 2588; x_wconf 87' lang='lat' dir='ltr'><strong>speculationibus</strong></span> <span class='ocrx_word' id='word_1_356' title='bbox 3364 2517 3483 2586; x_wconf 83' lang='lat' dir='ltr'><strong>ejus</strong></span> <span class='ocrx_word' id='word_1_357' title='bbox 3529 2529 3666 2584; x_wconf 90' lang='lat' dir='ltr'><strong>puro</strong></span> 
     </span>
    </p>
   </div>
   <div class='ocr_carea' id='block_1_55' title="bbox 2095 2610 3667 2675">
    <p class='ocr_par' dir='ltr' id='par_1_55' title="bbox 2095 2610 3667 2675">
     <span class='ocr_line' id='line_1_55' title="bbox 2095 2610 3667 2675; baseline -0.009 -3"><span class='ocrx_word' id='word_1_358' title='bbox 2095 2617 2257 2672; x_wconf 87' lang='lat' dir='ltr'><strong>corde</strong></span> <span class='ocrx_word' id='word_1_359' title='bbox 2290 2630 2413 2669; x_wconf 92' lang='lat' dir='ltr'><strong>cum</strong></span> <span class='ocrx_word' id='word_1_360' title='bbox 2437 2613 2655 2667; x_wconf 87' lang='lat' dir='ltr'><strong>Christo</strong></span> <span class='ocrx_word' id='word_1_361' title='bbox 2678 2610 2807 2667; x_wconf 83' lang='lat' dir='ltr'><strong>Jesu</strong></span> <span class='ocrx_word' id='word_1_362' title='bbox 2847 2611 3114 2675; x_wconf 78' lang='lat' dir='ltr'><strong>volantes,</strong></span> <span class='ocrx_word' id='word_1_363' title='bbox 3139 2610 3498 2664; x_wconf 88' lang='lat' dir='ltr'><strong>discutiamus</strong></span> <span class='ocrx_word' id='word_1_364' title='bbox 3535 2620 3667 2675; x_wconf 90' lang='lat' dir='ltr'><strong>pec-</strong></span> 
     </span>
    </p>
   </div>
   <div class='ocr_carea' id='block_1_56' title="bbox 2096 2702 3670 2775">
    <p class='ocr_par' dir='ltr' id='par_1_56' title="bbox 2096 2702 3670 2775">
     <span class='ocr_line' id='line_1_56' title="bbox 2096 2702 3670 2775; baseline -0.004 -11"><span class='ocrx_word' id='word_1_365' title='bbox 2096 2717 2342 2764; x_wconf 82' lang='lat' dir='ltr'><strong>catorum</strong></span> <span class='ocrx_word' id='word_1_366' title='bbox 2389 2713 2703 2761; x_wconf 91' lang='lat' dir='ltr'><strong>nostrorum</strong></span> <span class='ocrx_word' id='word_1_367' title='bbox 2734 2716 2790 2759; x_wconf 90' lang='lat' dir='ltr'><strong>et</strong></span> <span class='ocrx_word' id='word_1_368' title='bbox 2817 2704 3063 2775; x_wconf 74' lang='lat' dir='ltr'><strong>pristina:</strong></span> <span class='ocrx_word' id='word_1_369' title='bbox 3099 2704 3223 2759; x_wconf 63' lang='lat' dir='ltr'><strong>vita:</strong></span> <span class='ocrx_word' id='word_1_370' title='bbox 3256 2702 3523 2757; x_wconf 85' lang='lat' dir='ltr'><strong>rationem</strong></span> <span class='ocrx_word' id='word_1_371' title='bbox 3564 2720 3577 2755; x_wconf 91' lang='lat'>:</span> <span class='ocrx_word' id='word_1_372' title='bbox 3610 2710 3670 2757; x_wconf 87' lang='lat' dir='ltr'><strong>ut</strong></span> 
     </span>
    </p>
   </div>
   <div class='ocr_carea' id='block_1_57' title="bbox 2096 2794 3668 2873">
    <p class='ocr_par' dir='ltr' id='par_1_57' title="bbox 2096 2794 3668 2873">
     <span class='ocr_line' id='line_1_57' title="bbox 2096 2794 3668 2873; baseline -0.006 -16"><span class='ocrx_word' id='word_1_373' title='bbox 2096 2810 2446 2873; x_wconf 88' lang='lat' dir='ltr'><strong>peccatorum</strong></span> <span class='ocrx_word' id='word_1_374' title='bbox 2488 2807 2794 2853; x_wconf 88' lang='lat' dir='ltr'><strong>nostrorum</strong></span> <span class='ocrx_word' id='word_1_375' title='bbox 2825 2796 3202 2852; x_wconf 85' lang='lat' dir='ltr'><strong>recordatione</strong></span> <span class='ocrx_word' id='word_1_376' title='bbox 3232 2794 3451 2849; x_wconf 90' lang='lat' dir='ltr'><strong>contriti</strong></span> <span class='ocrx_word' id='word_1_377' title='bbox 3481 2802 3538 2848; x_wconf 91' lang='lat' dir='ltr'><strong>et</strong></span> <span class='ocrx_word' id='word_1_378' title='bbox 3561 2795 3668 2848; x_wconf 87' lang='lat' dir='ltr'><strong>hu-</strong></span> 
     </span>
    </p>
   </div>
   <div class='ocr_carea' id='block_1_58' title="bbox 2097 2884 3667 2958">
    <p class='ocr_par' dir='ltr' id='par_1_58' title="bbox 2097 2884 3667 2958">
     <span class='ocr_line' id='line_1_58' title="bbox 2097 2884 3667 2958; baseline -0.007 -9"><span class='ocrx_word' id='word_1_379' title='bbox 2097 2893 2310 2958; x_wconf 87' lang='lat' dir='ltr'><strong>miliati,</strong></span> <span class='ocrx_word' id='word_1_380' title='bbox 2338 2890 2611 2946; x_wconf 86' lang='lat' dir='ltr'><strong>indivulso</strong></span> <span class='ocrx_word' id='word_1_381' title='bbox 2635 2904 2665 2942; x_wconf 87' lang='lat' dir='ltr'><strong>a</strong></span> <span class='ocrx_word' id='word_1_382' title='bbox 2690 2888 2849 2943; x_wconf 89' lang='lat' dir='ltr'><strong>nobis</strong></span> <span class='ocrx_word' id='word_1_383' title='bbox 2874 2886 3090 2941; x_wconf 89' lang='lat' dir='ltr'><strong>Domini</strong></span> <span class='ocrx_word' id='word_1_384' title='bbox 3113 2886 3288 2941; x_wconf 90' lang='lat' dir='ltr'><strong>nostri</strong></span> <span class='ocrx_word' id='word_1_385' title='bbox 3314 2884 3443 2939; x_wconf 83' lang='lat' dir='ltr'><strong>Jesu</strong></span> <span class='ocrx_word' id='word_1_386' title='bbox 3467 2884 3667 2939; x_wconf 85' lang='lat' dir='ltr'><strong>Christi</strong></span> 
     </span>
    </p>
   </div>
   <div class='ocr_carea' id='block_1_59' title="bbox 2096 2975 3665 3056">
    <p class='ocr_par' dir='ltr' id='par_1_59' title="bbox 2096 2975 3665 3056">
     <span class='ocr_line' id='line_1_59' title="bbox 2096 2975 3665 3056; baseline -0.008 -16"><span class='ocrx_word' id='word_1_387' title='bbox 2096 2985 2368 3056; x_wconf 79' lang='lat' dir='ltr'><strong>patiamur</strong></span> <span class='ocrx_word' id='word_1_388' title='bbox 2388 2981 2609 3046; x_wconf 78' lang='lat' dir='ltr'><strong>auxilio,</strong></span> <span class='ocrx_word' id='word_1_389' title='bbox 2638 2981 2705 3035; x_wconf 91' lang='lat' dir='ltr'><strong>ad</strong></span> <span class='ocrx_word' id='word_1_390' title='bbox 2739 2980 2938 3033; x_wconf 88' lang='lat' dir='ltr'><strong>bellum</strong></span> <span class='ocrx_word' id='word_1_391' title='bbox 2971 2976 3241 3033; x_wconf 77' lang='lat' dir='ltr'><strong>invisibile</strong></span> <span class='ocrx_word' id='word_1_392' title='bbox 3270 2975 3665 3046; x_wconf 83' lang='lat' dir='ltr'><strong>peragendum.</strong></span> 
     </span>
    </p>
   </div>
   <div class='ocr_carea' id='block_1_60' title="bbox 2098 3062 3673 3145">
    <p class='ocr_par' dir='ltr' id='par_1_60' title="bbox 2098 3062 3673 3145">
     <span class='ocr_line' id='line_1_60' title="bbox 2098 3062 3673 3145; baseline -0.01 -15"><span class='ocrx_word' id='word_1_393' title='bbox 2098 3073 2215 3145; x_wconf 88' lang='lat' dir='ltr'><strong>Ope</strong></span> <span class='ocrx_word' id='word_1_394' title='bbox 2244 3072 2511 3142; x_wconf 87' lang='lat' dir='ltr'><strong>siquidem</strong></span> <span class='ocrx_word' id='word_1_395' title='bbox 2540 3069 2672 3124; x_wconf 86' lang='lat' dir='ltr'><strong>Jesu</strong></span> <span class='ocrx_word' id='word_1_396' title='bbox 2712 3066 2976 3130; x_wconf 86' lang='lat' dir='ltr'><strong>destituti,</strong></span> <span class='ocrx_word' id='word_1_397' title='bbox 3011 3080 3110 3135; x_wconf 90' lang='lat' dir='ltr'><strong>per</strong></span> <span class='ocrx_word' id='word_1_398' title='bbox 3148 3063 3536 3134; x_wconf 78' lang='lat' dir='ltr'><strong>arrogantiam,</strong></span> <span class='ocrx_word' id='word_1_399' title='bbox 3566 3062 3673 3116; x_wconf 89' lang='lat' dir='ltr'><strong>bu-</strong></span> 
     </span>
    </p>
   </div>
   <div class='ocr_carea' id='block_1_61' title="bbox 432 3144 1997 3242">
    <p class='ocr_par' dir='ltr' id='par_1_61' title="bbox 432 3144 1997 3242">
     <span class='ocr_line' id='line_1_61' title="bbox 432 3144 1997 3242; baseline 0.007 -45"><span class='ocrx_word' id='word_1_400' title='bbox 432 3145 831 3242; x_wconf 76' lang='grc' dir='ltr'>ὑπερηφανίας,</span> <span class='ocrx_word' id='word_1_401' title='bbox 874 3145 908 3216; x_wconf 76' lang='grc' dir='ltr'>ἢ</span> <span class='ocrx_word' id='word_1_402' title='bbox 959 3144 1389 3218; x_wconf 81' lang='grc' dir='ltr'>φιλανθρωπίας,</span> <span class='ocrx_word' id='word_1_403' title='bbox 1418 3151 1451 3220; x_wconf 80' lang='grc' dir='ltr'>ἢ</span> <span class='ocrx_word' id='word_1_404' title='bbox 1485 3151 1812 3219; x_wconf 81' lang='grc' dir='ltr'>κενοδοξίας,</span> <span class='ocrx_word' id='word_1_405' title='bbox 1844 3155 1997 3208; x_wconf 88' lang='grc' dir='ltr'>ὑστε-</span> 
     </span>
    </p>
   </div>
   <div class='ocr_carea' id='block_1_62' title="bbox 2111 3144 3674 3242">
    <p class='ocr_par' dir='ltr' id='par_1_62' title="bbox 2111 3144 3674 3227">
     <span class='ocr_line' id='line_1_62' title="bbox 2111 3144 3674 3227; baseline -0.009 -6"><span class='ocrx_word' id='word_1_406' title='bbox 2111 3144 2323 3221; x_wconf 82' lang='lat' dir='ltr'><strong>manum</strong></span> <span class='ocrx_word' id='word_1_407' title='bbox 2349 3176 2613 3226; x_wconf 86' lang='lat' dir='ltr'><strong>amorem,</strong></span> <span class='ocrx_word' id='word_1_408' title='bbox 2641 3166 2736 3214; x_wconf 88' lang='lat' dir='ltr'><strong>aut</strong></span> <span class='ocrx_word' id='word_1_409' title='bbox 2761 3173 2955 3213; x_wconf 85' lang='lat' dir='ltr'><strong>vanam</strong></span> <span class='ocrx_word' id='word_1_410' title='bbox 2984 3157 3231 3227; x_wconf 80' lang='lat' dir='ltr'><strong>gloriam,</strong></span> <span class='ocrx_word' id='word_1_411' title='bbox 3262 3155 3456 3225; x_wconf 89' lang='lat' dir='ltr'><strong>privati</strong></span> <span class='ocrx_word' id='word_1_412' title='bbox 3487 3169 3674 3209; x_wconf 84' lang='lat' dir='ltr'><strong>sumus</strong></span> 
     </span>
    </p>
   </div>
   <div class='ocr_carea' id='block_1_63' title="bbox 436 3235 1998 3316">
    <p class='ocr_par' dir='ltr' id='par_1_63' title="bbox 436 3235 1998 3316">
     <span class='ocr_line' id='line_1_63' title="bbox 436 3235 1998 3316; baseline 0.009 -29"><span class='ocrx_word' id='word_1_413' title='bbox 436 3235 685 3307; x_wconf 74' lang='grc' dir='ltr'>ρηθημεν</span> <span class='ocrx_word' id='word_1_414' title='bbox 742 3237 1114 3309; x_wconf 83' lang='grc' dir='ltr'>καθαρότητος</span> <span class='ocrx_word' id='word_1_415' title='bbox 1160 3241 1410 3311; x_wconf 83' lang='grc' dir='ltr'>καρδίας·</span> <span class='ocrx_word' id='word_1_416' title='bbox 1459 3243 1528 3296; x_wconf 85' lang='grc' dir='ltr'>δι’</span> <span class='ocrx_word' id='word_1_417' title='bbox 1576 3238 1645 3315; x_wconf 84' lang='grc' dir='ltr'>ἦς</span> <span class='ocrx_word' id='word_1_418' title='bbox 1676 3245 1998 3316; x_wconf 82' lang='grc' dir='ltr'>γνωρίζεται</span> 
     </span>
    </p>
   </div>
   <div class='ocr_carea' id='block_1_64' title="bbox 433 3326 2002 3405">
    <p class='ocr_par' dir='ltr' id='par_1_64' title="bbox 433 3326 2002 3405">
     <span class='ocr_line' id='line_1_64' title="bbox 433 3326 2002 3405; baseline 0.008 -27"><span class='ocrx_word' id='word_1_419' title='bbox 433 3326 705 3398; x_wconf 82' lang='grc' dir='ltr'>ἀνθρώπῳ</span> <span class='ocrx_word' id='word_1_420' title='bbox 737 3327 887 3391; x_wconf 86' lang='grc' dir='ltr'>Θεός·</span> <span class='ocrx_word' id='word_1_421' title='bbox 918 3330 1092 3384; x_wconf 85' lang='grc' dir='ltr'>αῐτιον</span> <span class='ocrx_word' id='word_1_422' title='bbox 1125 3331 1234 3402; x_wconf 91' lang='grc' dir='ltr'><strong>γάρ</strong></span> <span class='ocrx_word' id='word_1_423' title='bbox 1263 3332 1339 3396; x_wconf 84' lang='grc' dir='ltr'>ὡς</span> <span class='ocrx_word' id='word_1_424' title='bbox 1370 3332 1660 3405; x_wconf 77' lang='grc' dir='ltr'>ὑπόσχεσις</span> <span class='ocrx_word' id='word_1_425' title='bbox 1688 3334 1784 3388; x_wconf 90' lang='grc' dir='ltr'><strong>τοῦ</strong></span> <span class='ocrx_word' id='word_1_426' title='bbox 1827 3336 2002 3391; x_wconf 81' lang='grc' dir='ltr'>δευτέ-</span> 
     </span>
    </p>
   </div>
   <div class='ocr_carea' id='block_1_65' title="bbox 435 3419 963 3491">
    <p class='ocr_par' dir='ltr' id='par_1_65' title="bbox 435 3419 963 3491">
     <span class='ocr_line' id='line_1_65' title="bbox 435 3419 963 3491; baseline 0.008 -21"><span class='ocrx_word' id='word_1_427' title='bbox 435 3435 551 3490; x_wconf 87' lang='grc' dir='ltr'>ρου,</span> <span class='ocrx_word' id='word_1_428' title='bbox 585 3419 646 3470; x_wconf 84' lang='grc' dir='ltr'><strong>τὸ</strong></span> <span class='ocrx_word' id='word_1_429' title='bbox 679 3420 963 3491; x_wconf 78' lang='grc' dir='ltr'>πρότερον.</span> 
     </span>
    </p>
   </div>
   <div class='ocr_carea' id='block_1_66' title="bbox 504 3510 2003 3590">
    <p class='ocr_par' dir='ltr' id='par_1_66' title="bbox 504 3510 2003 3590">
     <span class='ocr_line' id='line_1_66' title="bbox 504 3510 2003 3590; baseline 0.005 -27"><span class='ocrx_word' id='word_1_430' title='bbox 504 3510 603 3580; x_wconf 87' lang='grc' dir='ltr'>νγ’.</span> <span class='ocrx_word' id='word_1_431' title='bbox 654 3511 796 3575; x_wconf 86' lang='grc' dir='ltr'>Νοῦς</span> <span class='ocrx_word' id='word_1_432' title='bbox 839 3512 914 3583; x_wconf 78' lang='grc' dir='ltr'>μὴ</span> <span class='ocrx_word' id='word_1_433' title='bbox 952 3512 1169 3583; x_wconf 83' lang='grc' dir='ltr'>ἀμελῶν</span> <span class='ocrx_word' id='word_1_434' title='bbox 1205 3515 1304 3584; x_wconf 84' lang='grc' dir='ltr'>τῆς</span> <span class='ocrx_word' id='word_1_435' title='bbox 1333 3516 1525 3569; x_wconf 81' lang='grc' dir='ltr'>ἑαυτοῦ</span> <span class='ocrx_word' id='word_1_436' title='bbox 1566 3520 1813 3587; x_wconf 83' lang='grc' dir='ltr'>κρυπτῆς</span> <span class='ocrx_word' id='word_1_437' title='bbox 1839 3520 2003 3590; x_wconf 74' lang='grc' dir='ltr'>ἔργα·</span> 
     </span>
    </p>
   </div>
   <div class='ocr_carea' id='block_1_67' title="bbox 436 3600 2003 3681">
    <p class='ocr_par' dir='ltr' id='par_1_67' title="bbox 436 3600 2003 3681">
     <span class='ocr_line' id='line_1_67' title="bbox 436 3600 2003 3681; baseline 0.009 -28"><span class='ocrx_word' id='word_1_438' title='bbox 436 3601 581 3664; x_wconf 88' lang='grc' dir='ltr'>σίας,</span> <span class='ocrx_word' id='word_1_439' title='bbox 614 3601 711 3654; x_wconf 79' lang='grc' dir='ltr'><strong>σὺν</strong></span> <span class='ocrx_word' id='word_1_440' title='bbox 751 3605 864 3664; x_wconf 87' lang='grc' dir='ltr'>τοῖς</span> <span class='ocrx_word' id='word_1_441' title='bbox 895 3603 1103 3666; x_wconf 84' lang='grc' dir='ltr'>λοιποῖς</span> <span class='ocrx_word' id='word_1_442' title='bbox 1146 3604 1331 3667; x_wconf 81' lang='grc' dir='ltr'>καλοῖς</span> <span class='ocrx_word' id='word_1_443' title='bbox 1359 3600 1442 3669; x_wconf 74' lang='grc' dir='ltr'>οἷς</span> <span class='ocrx_word' id='word_1_444' title='bbox 1472 3608 1536 3659; x_wconf 81' lang='grc' dir='ltr'>ὲκ</span> <span class='ocrx_word' id='word_1_445' title='bbox 1585 3609 1683 3678; x_wconf 85' lang='grc' dir='ltr'>τῆς</span> <span class='ocrx_word' id='word_1_446' title='bbox 1722 3609 2003 3681; x_wconf 87' lang='grc' dir='ltr'>διηνεκοῦς</span> 
     </span>
    </p>
   </div>
   <div class='ocr_carea' id='block_1_68' title="bbox 436 3693 2003 3766">
    <p class='ocr_par' dir='ltr' id='par_1_68' title="bbox 436 3693 2003 3766">
     <span class='ocr_line' id='line_1_68' title="bbox 436 3693 2003 3766; baseline 0.006 -21"><span class='ocrx_word' id='word_1_447' title='bbox 436 3693 702 3763; x_wconf 68' lang='grc' dir='ltr'>ἐργασίας</span> <span class='ocrx_word' id='word_1_448' title='bbox 767 3695 866 3762; x_wconf 80' lang='grc' dir='ltr'>τῆς</span> <span class='ocrx_word' id='word_1_449' title='bbox 921 3694 1170 3765; x_wconf 83' lang='grc' dir='ltr'>φυλακῆς</span> <span class='ocrx_word' id='word_1_450' title='bbox 1225 3697 1482 3766; x_wconf 87' lang='grc' dir='ltr'>εὑρήσει,</span> <span class='ocrx_word' id='word_1_451' title='bbox 1542 3698 1636 3750; x_wconf 70' lang='grc' dir='ltr'>καὶ</span> <span class='ocrx_word' id='word_1_452' title='bbox 1694 3698 1792 3761; x_wconf 77' lang='grc' dir='ltr'>τὰς</span> <span class='ocrx_word' id='word_1_453' title='bbox 1839 3701 2003 3756; x_wconf 80' lang='grc' dir='ltr'>πέντε</span> 
     </span>
    </p>
   </div>
   <div class='ocr_carea' id='block_1_69' title="bbox 438 3781 2005 3854">
    <p class='ocr_par' dir='ltr' id='par_1_69' title="bbox 438 3781 2005 3854">
     <span class='ocr_line' id='line_1_69' title="bbox 438 3781 2005 3854; baseline 0.006 -18"><span class='ocrx_word' id='word_1_454' title='bbox 438 3781 717 3853; x_wconf 86' lang='grc' dir='ltr'>αἰσθήσεις</span> <span class='ocrx_word' id='word_1_455' title='bbox 750 3782 844 3836; x_wconf 87' lang='grc' dir='ltr'><strong>τοῦ</strong></span> <span class='ocrx_word' id='word_1_456' title='bbox 877 3782 1148 3853; x_wconf 83' lang='grc' dir='ltr'>σώματος,</span> <span class='ocrx_word' id='word_1_457' title='bbox 1174 3785 1347 3854; x_wconf 87' lang='grc' dir='ltr'>ἀργάς</span> <span class='ocrx_word' id='word_1_458' title='bbox 1371 3785 1480 3839; x_wconf 83' lang='grc' dir='ltr'><strong>τῶν</strong></span> <span class='ocrx_word' id='word_1_459' title='bbox 1511 3786 1616 3851; x_wconf 79' lang='grc' dir='ltr'>ἔξω</span> <span class='ocrx_word' id='word_1_460' title='bbox 1650 3789 1840 3843; x_wconf 82' lang='grc' dir='ltr'>κακῶν</span> <span class='ocrx_word' id='word_1_461' title='bbox 1869 3792 2005 3846; x_wconf 83' lang='grc' dir='ltr'>ἀπο-</span> 
     </span>
    </p>
   </div>
   <div class='ocr_carea' id='block_1_70' title="bbox 438 3873 2005 3952">
    <p class='ocr_par' dir='ltr' id='par_1_70' title="bbox 438 3873 2005 3952">
     <span class='ocr_line' id='line_1_70' title="bbox 438 3873 2005 3952; baseline 0.006 -26"><span class='ocrx_word' id='word_1_462' title='bbox 438 3873 622 3939; x_wconf 81' lang='grc' dir='ltr'>δείξει.</span> <span class='ocrx_word' id='word_1_463' title='bbox 656 3874 734 3945; x_wconf 82' lang='grc' dir='ltr'>Τῇ</span> <span class='ocrx_word' id='word_1_464' title='bbox 760 3874 869 3946; x_wconf 81' lang='grc' dir='ltr'>γὰρ</span> <span class='ocrx_word' id='word_1_465' title='bbox 889 3875 1066 3947; x_wconf 83' lang='grc' dir='ltr'>οἰκείᾳ</span> <span class='ocrx_word' id='word_1_466' title='bbox 1090 3878 1259 3947; x_wconf 83' lang='grc' dir='ltr'>ἀρετῇ</span> <span class='ocrx_word' id='word_1_467' title='bbox 1294 3878 1382 3931; x_wconf 80' lang='grc' dir='ltr'><strong>καὶ</strong></span> <span class='ocrx_word' id='word_1_468' title='bbox 1405 3878 1564 3949; x_wconf 68' lang='grc' dir='ltr'>νήψει</span> <span class='ocrx_word' id='word_1_469' title='bbox 1593 3880 1659 3932; x_wconf 92' lang='grc' dir='ltr'>δι’</span> <span class='ocrx_word' id='word_1_470' title='bbox 1681 3879 1802 3933; x_wconf 85' lang='grc' dir='ltr'>ὅλου</span> <span class='ocrx_word' id='word_1_471' title='bbox 1837 3900 2005 3952; x_wconf 78' lang='grc' dir='ltr'>προσ-</span> 
     </span>
    </p>
   </div>
   <div class='ocr_carea' id='block_1_71' title="bbox 441 3961 2004 4041">
    <p class='ocr_par' dir='ltr' id='par_1_71' title="bbox 441 3961 2004 4041">
     <span class='ocr_line' id='line_1_71' title="bbox 441 3961 2004 4041; baseline 0.007 -27"><span class='ocrx_word' id='word_1_472' title='bbox 441 3961 599 4032; x_wconf 88' lang='grc' dir='ltr'>έχων,</span> <span class='ocrx_word' id='word_1_473' title='bbox 633 3963 726 4016; x_wconf 78' lang='grc' dir='ltr'>καὶ</span> <span class='ocrx_word' id='word_1_474' title='bbox 756 3966 869 4027; x_wconf 84' lang='grc' dir='ltr'>τοῖς</span> <span class='ocrx_word' id='word_1_475' title='bbox 912 3965 1147 4035; x_wconf 84' lang='grc' dir='ltr'>νοήμασι</span> <span class='ocrx_word' id='word_1_476' title='bbox 1175 3968 1288 4030; x_wconf 88' lang='grc' dir='ltr'>τοῖς</span> <span class='ocrx_word' id='word_1_477' title='bbox 1312 3966 1498 4030; x_wconf 86' lang='grc' dir='ltr'>καλοῖς</span> <span class='ocrx_word' id='word_1_478' title='bbox 1527 3972 1876 4041; x_wconf 82' lang='grc' dir='ltr'>κατατρυφᾷν</span> <span class='ocrx_word' id='word_1_479' title='bbox 1911 3970 2004 4025; x_wconf 83' lang='grc' dir='ltr'>θέ-</span> 
     </span>
    </p>
   </div>
   <div class='ocr_carea' id='block_1_72' title="bbox 439 4052 2005 4134">
    <p class='ocr_par' dir='ltr' id='par_1_72' title="bbox 439 4052 2005 4134">
     <span class='ocr_line' id='line_1_72' title="bbox 439 4052 2005 4134; baseline 0.005 -25"><span class='ocrx_word' id='word_1_480' title='bbox 439 4052 570 4117; x_wconf 76' lang='grc' dir='ltr'>λων,</span> <span class='ocrx_word' id='word_1_481' title='bbox 602 4054 702 4107; x_wconf 81' lang='grc' dir='ltr'><strong>οὑκ</strong></span> <span class='ocrx_word' id='word_1_482' title='bbox 739 4055 993 4125; x_wconf 78' lang='grc' dir='ltr'>ἀνέχεται</span> <span class='ocrx_word' id='word_1_483' title='bbox 1016 4055 1347 4110; x_wconf 82' lang='grc' dir='ltr'>κλέπτεσθαι</span> <span class='ocrx_word' id='word_1_484' title='bbox 1370 4057 1459 4112; x_wconf 81' lang='grc' dir='ltr'>διὰ</span> <span class='ocrx_word' id='word_1_485' title='bbox 1472 4058 1590 4115; x_wconf 86' lang='grc' dir='ltr'>,τῶν</span> <span class='ocrx_word' id='word_1_486' title='bbox 1616 4061 1776 4114; x_wconf 83' lang='grc' dir='ltr'>πέντε</span> <span class='ocrx_word' id='word_1_487' title='bbox 1808 4062 2005 4134; x_wconf 86' lang='grc' dir='ltr'>αίσθή-</span> 
     </span>
    </p>
   </div>
   <div class='ocr_carea' id='block_1_73' title="bbox 442 4144 2009 4226">
    <p class='ocr_par' dir='ltr' id='par_1_73' title="bbox 442 4144 2009 4226">
     <span class='ocr_line' id='line_1_73' title="bbox 442 4144 2009 4226; baseline 0.008 -31"><span class='ocrx_word' id='word_1_488' title='bbox 442 4160 605 4206; x_wconf 88' lang='grc' dir='ltr'>σεων,</span> <span class='ocrx_word' id='word_1_489' title='bbox 628 4144 831 4200; x_wconf 76' lang='grc' dir='ltr'>ένύλων</span> <span class='ocrx_word' id='word_1_490' title='bbox 858 4146 953 4201; x_wconf 77' lang='grc' dir='ltr'><strong>καὶ</strong></span> <span class='ocrx_word' id='word_1_491' title='bbox 996 4147 1240 4217; x_wconf 88' lang='grc' dir='ltr'>ματαίων</span> <span class='ocrx_word' id='word_1_492' title='bbox 1278 4149 1555 4219; x_wconf 88' lang='grc' dir='ltr'>λογισμῶν</span> <span class='ocrx_word' id='word_1_493' title='bbox 1600 4151 1750 4224; x_wconf 86' lang='grc' dir='ltr'>αὑτῷ</span> <span class='ocrx_word' id='word_1_494' title='bbox 1783 4170 2009 4226; x_wconf 90' lang='grc' dir='ltr'>προσερ-</span> 
     </span>
    </p>
   </div>
   <div class='ocr_carea' id='block_1_74' title="bbox 440 4234 2008 4313">
    <p class='ocr_par' dir='ltr' id='par_1_74' title="bbox 440 4234 2008 4313">
     <span class='ocr_line' id='line_1_74' title="bbox 440 4234 2008 4313; baseline 0.007 -27"><span class='ocrx_word' id='word_1_495' title='bbox 440 4234 709 4308; x_wconf 86' lang='grc' dir='ltr'>χομένων,</span> <span class='ocrx_word' id='word_1_496' title='bbox 736 4236 873 4289; x_wconf 87' lang='grc' dir='ltr'><strong>ἀλλά</strong></span> <span class='ocrx_word' id='word_1_497' title='bbox 893 4238 1057 4305; x_wconf 82' lang='grc' dir='ltr'>γνοὺς</span> <span class='ocrx_word' id='word_1_498' title='bbox 1081 4238 1261 4293; x_wconf 87' lang='grc' dir='ltr'>αὑτῶν</span> <span class='ocrx_word' id='word_1_499' title='bbox 1290 4240 1352 4297; x_wconf 82' lang='grc' dir='ltr'>τὸ</span> <span class='ocrx_word' id='word_1_500' title='bbox 1385 4241 1682 4313; x_wconf 81' lang='grc' dir='ltr'>ἀπατηλὸν,</span> <span class='ocrx_word' id='word_1_501' title='bbox 1709 4242 1856 4301; x_wconf 77' lang='grc' dir='ltr'>ἔνδον</span> <span class='ocrx_word' id='word_1_502' title='bbox 1882 4245 2008 4297; x_wconf 80' lang='grc' dir='ltr'>ἑαυ-</span> 
     </span>
    </p>
   </div>
   <div class='ocr_carea' id='block_1_75' title="bbox 440 4323 1355 4395">
    <p class='ocr_par' dir='ltr' id='par_1_75' title="bbox 440 4323 1355 4395">
     <span class='ocr_line' id='line_1_75' title="bbox 440 4323 1355 4395; baseline 0.005 -15"><span class='ocrx_word' id='word_1_503' title='bbox 440 4323 534 4380; x_wconf 87' lang='grc' dir='ltr'><strong>τοῦ</strong></span> <span class='ocrx_word' id='word_1_504' title='bbox 559 4326 626 4381; x_wconf 88' lang='grc' dir='ltr'><strong>τά</strong></span> <span class='ocrx_word' id='word_1_505' title='bbox 654 4326 826 4382; x_wconf 83' lang='grc' dir='ltr'>πολλὰ</span> <span class='ocrx_word' id='word_1_506' title='bbox 860 4327 1135 4383; x_wconf 84' lang='grc' dir='ltr'>συστέλλει</span> <span class='ocrx_word' id='word_1_507' title='bbox 1167 4331 1355 4395; x_wconf 85' lang='grc' dir='ltr'>αὑτάς.</span> 
     </span>
    </p>
   </div>
   <div class='ocr_carea' id='block_1_76' title="bbox 504 4417 2007 4492">
    <p class='ocr_par' dir='ltr' id='par_1_76' title="bbox 504 4417 2007 4492">
     <span class='ocr_line' id='line_1_76' title="bbox 504 4417 2007 4492; baseline 0.005 -21"><span class='ocrx_word' id='word_1_508' title='bbox 504 4417 597 4472; x_wconf 84' lang='grc' dir='ltr'>νδ’.</span> <span class='ocrx_word' id='word_1_509' title='bbox 628 4418 922 4490; x_wconf 87' lang='grc' dir='ltr'>Παράμενε</span> <span class='ocrx_word' id='word_1_510' title='bbox 946 4421 1012 4491; x_wconf 80' lang='grc' dir='ltr'>τῇ</span> <span class='ocrx_word' id='word_1_511' title='bbox 1034 4419 1261 4492; x_wconf 76' lang='grc' dir='ltr'>διανοίᾳ,</span> <span class='ocrx_word' id='word_1_512' title='bbox 1290 4423 1383 4476; x_wconf 82' lang='grc' dir='ltr'>καὶ</span> <span class='ocrx_word' id='word_1_513' title='bbox 1401 4425 1462 4476; x_wconf 83' lang='grc' dir='ltr'><strong>οὑ</strong></span> <span class='ocrx_word' id='word_1_514' title='bbox 1497 4426 1777 4487; x_wconf 81' lang='grc' dir='ltr'>κοπιάσεις</span> <span class='ocrx_word' id='word_1_515' title='bbox 1802 4427 1860 4479; x_wconf 80' lang='grc' dir='ltr'><strong>ἐν</strong></span> <span class='ocrx_word' id='word_1_516' title='bbox 1888 4444 2007 4481; x_wconf 62' lang='grc' dir='ltr'>πενι-</span> 
     </span>
    </p>
   </div>
   <div class='ocr_carea' id='block_1_77' title="bbox 2107 3248 3676 3328">
    <p class='ocr_par' dir='ltr' id='par_1_77' title="bbox 2107 3248 3676 3328">
     <span class='ocr_line' id='line_1_77' title="bbox 2107 3248 3676 3328; baseline -0.008 -11"><span class='ocrx_word' id='word_1_517' title='bbox 2107 3260 2286 3317; x_wconf 91' lang='lat' dir='ltr'><strong>cordis</strong></span> <span class='ocrx_word' id='word_1_518' title='bbox 2318 3258 2576 3328; x_wconf 89' lang='lat' dir='ltr'><strong>puritate,</strong></span> <span class='ocrx_word' id='word_1_519' title='bbox 2609 3271 2714 3326; x_wconf 88' lang='lat' dir='ltr'><strong>qua</strong></span> <span class='ocrx_word' id='word_1_520' title='bbox 2754 3252 3049 3309; x_wconf 89' lang='lat' dir='ltr'><strong>innotescit</strong></span> <span class='ocrx_word' id='word_1_521' title='bbox 3081 3251 3290 3308; x_wconf 86' lang='lat' dir='ltr'><strong>homini</strong></span> <span class='ocrx_word' id='word_1_522' title='bbox 3324 3250 3486 3305; x_wconf 88' lang='lat' dir='ltr'><strong>Deus.</strong></span> <span class='ocrx_word' id='word_1_523' title='bbox 3520 3248 3676 3304; x_wconf 88' lang='lat' dir='ltr'><strong>Prius</strong></span> 
     </span>
    </p>
   </div>
   <div class='ocr_carea' id='block_1_78' title="bbox 2107 3341 3427 3417">
    <p class='ocr_par' dir='ltr' id='par_1_78' title="bbox 2107 3341 3427 3417">
     <span class='ocr_line' id='line_1_78' title="bbox 2107 3341 3427 3417; baseline -0.007 -12"><span class='ocrx_word' id='word_1_524' title='bbox 2107 3349 2275 3413; x_wconf 89' lang='lat' dir='ltr'><strong>enim,</strong></span> <span class='ocrx_word' id='word_1_525' title='bbox 2311 3355 2369 3402; x_wconf 93' lang='lat' dir='ltr'><strong>ut</strong></span> <span class='ocrx_word' id='word_1_526' title='bbox 2397 3347 2514 3417; x_wconf 92' lang='lat' dir='ltr'><strong>ipse</strong></span> <span class='ocrx_word' id='word_1_527' title='bbox 2540 3344 2845 3416; x_wconf 88' lang='lat' dir='ltr'><strong>pollicetur,</strong></span> <span class='ocrx_word' id='word_1_528' title='bbox 2872 3350 2958 3398; x_wconf 90' lang='lat' dir='ltr'><strong>est</strong></span> <span class='ocrx_word' id='word_1_529' title='bbox 2987 3358 3151 3398; x_wconf 90' lang='lat' dir='ltr'><strong>causa</strong></span> <span class='ocrx_word' id='word_1_530' title='bbox 3180 3341 3427 3397; x_wconf 88' lang='lat' dir='ltr'><strong>secundi.</strong></span> 
     </span>
    </p>
   </div>
   <div class='ocr_carea' id='block_1_79' title="bbox 2140 3516 3676 3591">
    <p class='ocr_par' dir='ltr' id='par_1_79' title="bbox 2140 3516 3676 3591">
     <span class='ocr_line' id='line_1_79' title="bbox 2140 3516 3676 3591; baseline -0.008 -10"><span class='ocrx_word' id='word_1_531' title='bbox 2140 3556 2147 3564; x_wconf 75' lang='grc' dir='ltr'><strong>σ</strong></span> <span class='ocrx_word' id='word_1_532' title='bbox 2180 3526 2265 3581; x_wconf 81' lang='grc'><strong>55.</strong></span> <span class='ocrx_word' id='word_1_533' title='bbox 2307 3524 2537 3579; x_wconf 82' lang='lat' dir='ltr'><strong>Animus</strong></span> <span class='ocrx_word' id='word_1_534' title='bbox 2577 3521 2670 3591; x_wconf 91' lang='lat' dir='ltr'><strong>qui</strong></span> <span class='ocrx_word' id='word_1_535' title='bbox 2708 3521 2763 3574; x_wconf 93' lang='lat' dir='ltr'><strong>in</strong></span> <span class='ocrx_word' id='word_1_536' title='bbox 2801 3521 2983 3591; x_wconf 88' lang='lat' dir='ltr'><strong>seipse</strong></span> <span class='ocrx_word' id='word_1_537' title='bbox 3023 3518 3323 3574; x_wconf 79' lang='lat' dir='ltr'><strong>excolendo</strong></span> <span class='ocrx_word' id='word_1_538' title='bbox 3364 3516 3676 3571; x_wconf 86' lang='lat' dir='ltr'><strong>interiorem</strong></span> 
     </span>
    </p>
   </div>
   <div class='ocr_carea' id='block_1_80' title="bbox 2109 3608 3677 3688">
    <p class='ocr_par' dir='ltr' id='par_1_80' title="bbox 2109 3608 3677 3688">
     <span class='ocr_line' id='line_1_80' title="bbox 2109 3608 3677 3688; baseline -0.008 -15"><span class='ocrx_word' id='word_1_539' title='bbox 2109 3617 2482 3688; x_wconf 89' lang='lat' dir='ltr'><strong>operationem</strong></span> <span class='ocrx_word' id='word_1_540' title='bbox 2532 3629 2642 3667; x_wconf 90' lang='lat' dir='ltr'><strong>non</strong></span> <span class='ocrx_word' id='word_1_541' title='bbox 2694 3612 2948 3682; x_wconf 75' lang='lat' dir='ltr'><strong>negligit,</strong></span> <span class='ocrx_word' id='word_1_542' title='bbox 3000 3620 3196 3679; x_wconf 62' lang='lat' dir='ltr'><strong>printer</strong></span> <span class='ocrx_word' id='word_1_543' title='bbox 3246 3609 3451 3677; x_wconf 88' lang='lat' dir='ltr'><strong>reliqua</strong></span> <span class='ocrx_word' id='word_1_544' title='bbox 3500 3608 3677 3672; x_wconf 88' lang='lat' dir='ltr'><strong>bona,</strong></span> 
     </span>
    </p>
   </div>
   <div class='ocr_carea' id='block_1_81' title="bbox 2108 3699 3679 3777">
    <p class='ocr_par' dir='ltr' id='par_1_81' title="bbox 2108 3699 3679 3777">
     <span class='ocr_line' id='line_1_81' title="bbox 2108 3699 3679 3777; baseline -0.008 -16"><span class='ocrx_word' id='word_1_545' title='bbox 2108 3724 2230 3777; x_wconf 75' lang='lat' dir='ltr'><strong>qua:</strong></span> <span class='ocrx_word' id='word_1_546' title='bbox 2249 3722 2315 3760; x_wconf 74' lang='lat' dir='ltr'><strong>ex</strong></span> <span class='ocrx_word' id='word_1_547' title='bbox 2338 3704 2596 3759; x_wconf 89' lang='lat' dir='ltr'><strong>continua</strong></span> <span class='ocrx_word' id='word_1_548' title='bbox 2619 3701 2849 3755; x_wconf 89' lang='lat' dir='ltr'><strong>actionis</strong></span> <span class='ocrx_word' id='word_1_549' title='bbox 2876 3699 3262 3769; x_wconf 78' lang='lat' dir='ltr'><strong>observatione</strong></span> <span class='ocrx_word' id='word_1_550' title='bbox 3292 3705 3679 3766; x_wconf 88' lang='lat' dir='ltr'><strong>consequetur,</strong></span> 
     </span>
    </p>
   </div>
   <div class='ocr_carea' id='block_1_82' title="bbox 2111 3787 3681 3863">
    <p class='ocr_par' dir='ltr' id='par_1_82' title="bbox 2111 3787 3681 3863">
     <span class='ocr_line' id='line_1_82' title="bbox 2111 3787 3681 3863; baseline -0.007 -12"><span class='ocrx_word' id='word_1_551' title='bbox 2111 3797 2277 3851; x_wconf 90' lang='lat' dir='ltr'><strong>etiam</strong></span> <span class='ocrx_word' id='word_1_552' title='bbox 2322 3793 2562 3863; x_wconf 89' lang='lat' dir='ltr'><strong>quinque</strong></span> <span class='ocrx_word' id='word_1_553' title='bbox 2605 3805 2800 3844; x_wconf 89' lang='lat' dir='ltr'><strong>sensus</strong></span> <span class='ocrx_word' id='word_1_554' title='bbox 2843 3789 3088 3858; x_wconf 87' lang='lat' dir='ltr'><strong>corporis</strong></span> <span class='ocrx_word' id='word_1_555' title='bbox 3122 3788 3364 3842; x_wconf 83' lang='lat' dir='ltr'><strong>externis</strong></span> <span class='ocrx_word' id='word_1_556' title='bbox 3403 3787 3549 3842; x_wconf 83' lang='lat' dir='ltr'><strong>vitiis</strong></span> <span class='ocrx_word' id='word_1_557' title='bbox 3587 3803 3681 3841; x_wconf 88' lang='lat' dir='ltr'><strong>va-</strong></span> 
     </span>
    </p>
   </div>
   <div class='ocr_carea' id='block_1_83' title="bbox 2111 3877 3680 3947">
    <p class='ocr_par' dir='ltr' id='par_1_83' title="bbox 2111 3877 3680 3947">
     <span class='ocr_line' id='line_1_83' title="bbox 2111 3877 3680 3947; baseline -0.006 -7"><span class='ocrx_word' id='word_1_558' title='bbox 2111 3899 2243 3940; x_wconf 88' lang='lat' dir='ltr'><strong>cuos</strong></span> <span class='ocrx_word' id='word_1_559' title='bbox 2304 3882 2573 3937; x_wconf 90' lang='lat' dir='ltr'><strong>ostendet.</strong></span> <span class='ocrx_word' id='word_1_560' title='bbox 2626 3878 2730 3943; x_wconf 81' lang='lat' dir='ltr'><strong>Qui</strong></span> <span class='ocrx_word' id='word_1_561' title='bbox 2786 3877 2932 3932; x_wconf 92' lang='lat' dir='ltr'><strong>enim</strong></span> <span class='ocrx_word' id='word_1_562' title='bbox 2992 3877 3267 3947; x_wconf 90' lang='lat' dir='ltr'><strong>propriam</strong></span> <span class='ocrx_word' id='word_1_563' title='bbox 3314 3877 3569 3930; x_wconf 81' lang='lat' dir='ltr'><strong>virtutem</strong></span> <span class='ocrx_word' id='word_1_564' title='bbox 3619 3892 3680 3931; x_wconf 87' lang='lat' dir='ltr'><strong>ac</strong></span> 
     </span>
    </p>
   </div>
   <div class='ocr_carea' id='block_1_84' title="bbox 2113 3967 3682 4044">
    <p class='ocr_par' dir='ltr' id='par_1_84' title="bbox 2113 3967 3682 4044">
     <span class='ocr_line' id='line_1_84' title="bbox 2113 3967 3682 4044; baseline -0.007 -13"><span class='ocrx_word' id='word_1_565' title='bbox 2113 3972 2528 4044; x_wconf 86' lang='lat' dir='ltr'><strong>temperantiam</strong></span> <span class='ocrx_word' id='word_1_566' title='bbox 2577 3971 2739 4041; x_wconf 86' lang='lat' dir='ltr'><strong>plane</strong></span> <span class='ocrx_word' id='word_1_567' title='bbox 2773 3976 2950 4033; x_wconf 87' lang='lat' dir='ltr'><strong>curat,</strong></span> <span class='ocrx_word' id='word_1_568' title='bbox 2979 3975 3035 4023; x_wconf 87' lang='lat' dir='ltr'><strong>et</strong></span> <span class='ocrx_word' id='word_1_569' title='bbox 3069 3968 3343 4040; x_wconf 68' lang='lat' dir='ltr'><strong>prazclaris</strong></span> <span class='ocrx_word' id='word_1_570' title='bbox 3381 3967 3682 4022; x_wconf 75' lang='lat' dir='ltr'><strong>delectatur</strong></span> 
     </span>
    </p>
   </div>
   <div class='ocr_carea' id='block_1_85' title="bbox 2111 4060 3683 4133">
    <p class='ocr_par' dir='ltr' id='par_1_85' title="bbox 2111 4060 3683 4133">
     <span class='ocr_line' id='line_1_85' title="bbox 2111 4060 3683 4133; baseline -0.007 -11"><span class='ocrx_word' id='word_1_571' title='bbox 2111 4066 2372 4133; x_wconf 84' lang='lat' dir='ltr'><strong>consiliis,</strong></span> <span class='ocrx_word' id='word_1_572' title='bbox 2412 4080 2523 4119; x_wconf 92' lang='lat' dir='ltr'><strong>non</strong></span> <span class='ocrx_word' id='word_1_573' title='bbox 2574 4063 2702 4119; x_wconf 89' lang='lat' dir='ltr'><strong>sinit</strong></span> <span class='ocrx_word' id='word_1_574' title='bbox 2746 4061 3005 4129; x_wconf 87' lang='lat' dir='ltr'><strong>occupari</strong></span> <span class='ocrx_word' id='word_1_575' title='bbox 3055 4077 3115 4117; x_wconf 90' lang='lat' dir='ltr'><strong>se</strong></span> <span class='ocrx_word' id='word_1_576' title='bbox 3151 4062 3395 4132; x_wconf 85' lang='lat' dir='ltr'><strong>quinque</strong></span> <span class='ocrx_word' id='word_1_577' title='bbox 3433 4060 3683 4115; x_wconf 76' lang='lat' dir='ltr'><strong>sensibus</strong></span> 
     </span>
    </p>
   </div>
   <div class='ocr_carea' id='block_1_86' title="bbox 2112 4135 3681 4223">
    <p class='ocr_par' dir='ltr' id='par_1_86' title="bbox 2112 4135 3681 4223">
     <span class='ocr_line' id='line_1_86' title="bbox 2112 4135 3681 4223; baseline -0.007 -9"><span class='ocrx_word' id='word_1_578' title='bbox 2112 4172 2335 4214; x_wconf 89' lang='lat' dir='ltr'><strong>accessu</strong></span> <span class='ocrx_word' id='word_1_579' title='bbox 2373 4170 2677 4211; x_wconf 86' lang='lat' dir='ltr'><strong>crassarum</strong></span> <span class='ocrx_word' id='word_1_580' title='bbox 2712 4167 3082 4223; x_wconf 88' lang='lat' dir='ltr'><strong>vanarumque</strong></span> <span class='ocrx_word' id='word_1_581' title='bbox 3117 4135 3502 4222; x_wconf 81' lang='lat' dir='ltr'><strong>cogitationum</strong></span> <span class='ocrx_word' id='word_1_582' title='bbox 3536 4167 3548 4203; x_wconf 90' lang='lat'><strong>:</strong></span> <span class='ocrx_word' id='word_1_583' title='bbox 3589 4151 3681 4204; x_wconf 86' lang='lat' dir='ltr'><strong>sed</strong></span> 
     </span>
    </p>
   </div>
   <div class='ocr_carea' id='block_1_87' title="bbox 2112 4244 3683 4313">
    <p class='ocr_par' dir='ltr' id='par_1_87' title="bbox 2112 4244 3683 4313">
     <span class='ocr_line' id='line_1_87' title="bbox 2112 4244 3683 4313; baseline -0.006 -8"><span class='ocrx_word' id='word_1_584' title='bbox 2112 4251 2307 4305; x_wconf 83' lang='lat' dir='ltr'><strong>harum</strong></span> <span class='ocrx_word' id='word_1_585' title='bbox 2351 4248 2576 4303; x_wconf 89' lang='lat' dir='ltr'><strong>insidias</strong></span> <span class='ocrx_word' id='word_1_586' title='bbox 2613 4262 2737 4302; x_wconf 90' lang='lat' dir='ltr'><strong>cum</strong></span> <span class='ocrx_word' id='word_1_587' title='bbox 2774 4246 2941 4310; x_wconf 89' lang='lat' dir='ltr'><strong>norit,</strong></span> <span class='ocrx_word' id='word_1_588' title='bbox 2976 4244 3117 4299; x_wconf 89' lang='lat' dir='ltr'><strong>intra</strong></span> <span class='ocrx_word' id='word_1_589' title='bbox 3159 4245 3402 4313; x_wconf 89' lang='lat' dir='ltr'><strong>seipsum</strong></span> <span class='ocrx_word' id='word_1_590' title='bbox 3441 4256 3683 4296; x_wconf 89' lang='lat' dir='ltr'><strong>summo-</strong></span> 
     </span>
    </p>
   </div>
   <div class='ocr_carea' id='block_1_88' title="bbox 2113 4339 3144 4414">
    <p class='ocr_par' dir='ltr' id='par_1_88' title="bbox 2113 4339 3144 4414">
     <span class='ocr_line' id='line_1_88' title="bbox 2113 4339 3144 4414; baseline -0.013 -17"><span class='ocrx_word' id='word_1_591' title='bbox 2113 4357 2243 4414; x_wconf 89' lang='lat' dir='ltr'><strong>pere</strong></span> <span class='ocrx_word' id='word_1_592' title='bbox 2269 4339 2486 4395; x_wconf 88' lang='lat' dir='ltr'><strong>cohibet</strong></span> <span class='ocrx_word' id='word_1_593' title='bbox 2512 4354 2624 4393; x_wconf 90' lang='lat' dir='ltr'><strong>eas.</strong></span> <span class='ocrx_word' id='word_1_594' title='bbox 3070 4389 3074 4392; x_wconf 8' lang='grc' dir='ltr'><em>ἠ</em></span> <span class='ocrx_word' id='word_1_595' title='bbox 3135 4375 3144 4384; x_wconf 89' lang='grc'><strong>.</strong></span> 
     </span>
    </p>
   </div>
   <div class='ocr_carea' id='block_1_89' title="bbox 2186 4421 3685 4498">
    <p class='ocr_par' dir='ltr' id='par_1_89' title="bbox 2186 4421 3685 4498">
     <span class='ocr_line' id='line_1_89' title="bbox 2186 4421 3685 4498; baseline -0.007 -13"><span class='ocrx_word' id='word_1_596' title='bbox 2186 4432 2273 4486; x_wconf 79' lang='grc'><strong>54.</strong></span> <span class='ocrx_word' id='word_1_597' title='bbox 2307 4430 2364 4484; x_wconf 82' lang='lat' dir='ltr'><strong>In</strong></span> <span class='ocrx_word' id='word_1_598' title='bbox 2395 4430 2584 4484; x_wconf 87' lang='lat' dir='ltr'><strong>eadem</strong></span> <span class='ocrx_word' id='word_1_599' title='bbox 2621 4443 2879 4498; x_wconf 89' lang='lat' dir='ltr'><strong>permane</strong></span> <span class='ocrx_word' id='word_1_600' title='bbox 2914 4426 3207 4489; x_wconf 86' lang='lat' dir='ltr'><strong>sententia,</strong></span> <span class='ocrx_word' id='word_1_601' title='bbox 3239 4432 3295 4478; x_wconf 91' lang='lat' dir='ltr'><strong>et</strong></span> <span class='ocrx_word' id='word_1_602' title='bbox 3331 4422 3386 4477; x_wconf 91' lang='lat' dir='ltr'><strong>in</strong></span> <span class='ocrx_word' id='word_1_603' title='bbox 3426 4421 3685 4476; x_wconf 87' lang='lat' dir='ltr'><strong>tentatio-</strong></span> 
     </span>
    </p>
   </div>
   <div class='ocr_carea' id='block_1_90' title="bbox 442 4506 1997 4585">
    <p class='ocr_par' dir='ltr' id='par_1_90' title="bbox 442 4506 1997 4583">
     <span class='ocr_line' id='line_1_90' title="bbox 442 4506 1997 4583; baseline 0.005 -26"><span class='ocrx_word' id='word_1_604' title='bbox 442 4506 691 4576; x_wconf 70' lang='grc' dir='ltr'>ρασμοῖςο</span> <span class='ocrx_word' id='word_1_605' title='bbox 727 4506 936 4561; x_wconf 74' lang='grc' dir='ltr'>ἐκεῖθεν</span> <span class='ocrx_word' id='word_1_606' title='bbox 973 4507 1032 4560; x_wconf 80' lang='grc' dir='ltr'>δὲ</span> <span class='ocrx_word' id='word_1_607' title='bbox 1088 4507 1417 4578; x_wconf 86' lang='grc' dir='ltr'>ἀναχωρῶν,</span> <span class='ocrx_word' id='word_1_608' title='bbox 1449 4509 1686 4580; x_wconf 85' lang='grc' dir='ltr'>ὑπόμενε</span> <span class='ocrx_word' id='word_1_609' title='bbox 1724 4511 1794 4567; x_wconf 88' lang='grc' dir='ltr'><strong>τά</strong></span> <span class='ocrx_word' id='word_1_610' title='bbox 1840 4513 1997 4583; x_wconf 80' lang='grc' dir='ltr'>ἐπερ-</span> 
     </span>
    </p>
   </div>
   <div class='ocr_carea' id='block_1_91' title="bbox 2111 4506 3687 4585">
    <p class='ocr_par' dir='ltr' id='par_1_91' title="bbox 2111 4510 3687 4585">
     <span class='ocr_line' id='line_1_91' title="bbox 2111 4510 3687 4585; baseline -0.008 -9"><span class='ocrx_word' id='word_1_611' title='bbox 2111 4523 2274 4576; x_wconf 84' lang='lat' dir='ltr'><strong>nihus</strong></span> <span class='ocrx_word' id='word_1_612' title='bbox 2314 4536 2424 4575; x_wconf 90' lang='lat' dir='ltr'><strong>non</strong></span> <span class='ocrx_word' id='word_1_613' title='bbox 2460 4519 2769 4583; x_wconf 88' lang='lat' dir='ltr'><strong>laborabis;</strong></span> <span class='ocrx_word' id='word_1_614' title='bbox 2805 4533 2835 4571; x_wconf 85' lang='lat' dir='ltr'><strong>a</strong></span> <span class='ocrx_word' id='word_1_615' title='bbox 2864 4531 2969 4585; x_wconf 86' lang='lat' dir='ltr'><strong>qua</strong></span> <span class='ocrx_word' id='word_1_616' title='bbox 3000 4515 3047 4569; x_wconf 88' lang='lat' dir='ltr'><strong>si</strong></span> <span class='ocrx_word' id='word_1_617' title='bbox 3080 4513 3322 4575; x_wconf 88' lang='lat' dir='ltr'><strong>recedas,</strong></span> <span class='ocrx_word' id='word_1_618' title='bbox 3359 4510 3528 4566; x_wconf 90' lang='lat' dir='ltr'><strong>tolera</strong></span> <span class='ocrx_word' id='word_1_619' title='bbox 3565 4524 3687 4579; x_wconf 67' lang='lat' dir='ltr'><strong>quae</strong></span> 
     </span>
    </p>
   </div>
   <div class='ocr_carea' id='block_1_92' title="bbox 442 4596 667 4666">
    <p class='ocr_par' dir='ltr' id='par_1_92' title="bbox 442 4596 667 4666">
     <span class='ocr_line' id='line_1_92' title="bbox 442 4596 667 4666; baseline 0.009 -19"><span class='ocrx_word' id='word_1_620' title='bbox 442 4596 667 4666; x_wconf 81' lang='grc' dir='ltr'>χόμενα.</span> 
     </span>
    </p>
   </div>
   <div class='ocr_carea' id='block_1_93' title="bbox 512 4680 2009 4761">
    <p class='ocr_par' dir='ltr' id='par_1_93' title="bbox 512 4680 2009 4761">
     <span class='ocr_line' id='line_1_93' title="bbox 512 4680 2009 4761; baseline 0.004 -19"><span class='ocrx_word' id='word_1_621' title='bbox 512 4686 606 4742; x_wconf 65' lang='lat' dir='ltr'><strong>ve’.</strong></span> <span class='ocrx_word' id='word_1_622' title='bbox 642 4687 853 4757; x_wconf 84' lang='grc' dir='ltr'>’Ὠσπερ</span> <span class='ocrx_word' id='word_1_623' title='bbox 899 4689 1026 4751; x_wconf 81' lang='grc' dir='ltr'>τοὺς</span> <span class='ocrx_word' id='word_1_624' title='bbox 1070 4689 1416 4754; x_wconf 86' lang='grc' dir='ltr'>κακοσίτους,</span> <span class='ocrx_word' id='word_1_625' title='bbox 1445 4680 1919 4761; x_wconf 69' lang='grc' dir='ltr'>ἀψίνθιονῶφελεῖ</span> <span class='ocrx_word' id='word_1_626' title='bbox 1948 4694 2009 4748; x_wconf 79' lang='grc' dir='ltr'>τὸ</span> 
     </span>
    </p>
   </div>
   <div class='ocr_carea' id='block_1_94' title="bbox 444 4773 2009 4853">
    <p class='ocr_par' dir='ltr' id='par_1_94' title="bbox 444 4773 2009 4853">
     <span class='ocr_line' id='line_1_94' title="bbox 444 4773 2009 4853; baseline 0.008 -26"><span class='ocrx_word' id='word_1_627' title='bbox 444 4775 661 4845; x_wconf 72' lang='grc' dir='ltr'>πικρὸν,</span> <span class='ocrx_word' id='word_1_628' title='bbox 690 4773 833 4830; x_wconf 79' lang='grc' dir='ltr'>οὕτω</span> <span class='ocrx_word' id='word_1_629' title='bbox 861 4779 975 4841; x_wconf 83' lang='grc' dir='ltr'>τοῖς</span> <span class='ocrx_word' id='word_1_630' title='bbox 1009 4780 1373 4851; x_wconf 85' lang='grc' dir='ltr'>κακοτρόποις</span> <span class='ocrx_word' id='word_1_631' title='bbox 1416 4781 1562 4835; x_wconf 83' lang='grc' dir='ltr'>κακὰ</span> <span class='ocrx_word' id='word_1_632' title='bbox 1607 4782 1839 4852; x_wconf 85' lang='grc' dir='ltr'>πάσχειν</span> <span class='ocrx_word' id='word_1_633' title='bbox 1868 4800 2009 4853; x_wconf 84' lang='grc' dir='ltr'>συμ-</span> 
     </span>
    </p>
   </div>
   <div class='ocr_carea' id='block_1_95' title="bbox 442 4881 1117 4937">
    <p class='ocr_par' dir='ltr' id='par_1_95' title="bbox 442 4881 1117 4937">
     <span class='ocr_line' id='line_1_95' title="bbox 442 4881 1117 4937; baseline 0.006 -22"><span class='ocrx_word' id='word_1_634' title='bbox 442 4881 618 4937; x_wconf 81' lang='grc' dir='ltr'>φερει.</span> <span class='ocrx_word' id='word_1_635' title='bbox 1114 4922 1117 4927; x_wconf 31' lang='grc' dir='ltr'><em>ν</em></span> 
     </span>
    </p>
   </div>
   <div class='ocr_carea' id='block_1_96' title="bbox 505 4954 2007 5031">
    <p class='ocr_par' dir='ltr' id='par_1_96' title="bbox 505 4954 2007 5031">
     <span class='ocr_line' id='line_1_96' title="bbox 505 4954 2007 5031; baseline 0.005 -23"><span class='ocrx_word' id='word_1_636' title='bbox 505 4954 617 5021; x_wconf 80' lang='grc' dir='ltr'>νς’.</span> <span class='ocrx_word' id='word_1_637' title='bbox 651 4956 714 5009; x_wconf 87' lang='grc' dir='ltr'>Εί</span> <span class='ocrx_word' id='word_1_638' title='bbox 772 4957 849 5028; x_wconf 83' lang='grc' dir='ltr'>μὴ</span> <span class='ocrx_word' id='word_1_639' title='bbox 900 4957 1074 5022; x_wconf 87' lang='grc' dir='ltr'>θέλεις</span> <span class='ocrx_word' id='word_1_640' title='bbox 1124 4960 1480 5027; x_wconf 78' lang='grc' dir='ltr'>κακοπαθεῖν,</span> <span class='ocrx_word' id='word_1_641' title='bbox 1529 4960 1664 5031; x_wconf 81' lang='grc' dir='ltr'>μηδὲ</span> <span class='ocrx_word' id='word_1_642' title='bbox 1697 4965 2007 5016; x_wconf 86' lang='grc' dir='ltr'>κακοποιεῖν</span> 
     </span>
    </p>
   </div>
   <div class='ocr_carea' id='block_1_97' title="bbox 443 5046 2005 5121">
    <p class='ocr_par' dir='ltr' id='par_1_97' title="bbox 443 5046 2005 5121">
     <span class='ocr_line' id='line_1_97' title="bbox 443 5046 2005 5121; baseline 0.006 -22"><span class='ocrx_word' id='word_1_643' title='bbox 443 5046 585 5113; x_wconf 74' lang='grc' dir='ltr'>θέλε,</span> <span class='ocrx_word' id='word_1_644' title='bbox 616 5048 752 5102; x_wconf 87' lang='grc' dir='ltr'>διότι</span> <span class='ocrx_word' id='word_1_645' title='bbox 796 5049 954 5103; x_wconf 87' lang='grc' dir='ltr'>τοῦτο</span> <span class='ocrx_word' id='word_1_646' title='bbox 995 5050 1235 5120; x_wconf 82' lang='grc' dir='ltr'>κάκείνῳ</span> <span class='ocrx_word' id='word_1_647' title='bbox 1283 5051 1655 5121; x_wconf 82' lang='grc' dir='ltr'>ἀπαραϐἀτως</span> <span class='ocrx_word' id='word_1_648' title='bbox 1701 5053 2005 5107; x_wconf 76' lang='grc' dir='ltr'>ἀκολουθεῖο</span> 
     </span>
    </p>
   </div>
   <div class='ocr_carea' id='block_1_98' title="bbox 442 5137 2005 5216">
    <p class='ocr_par' dir='ltr' id='par_1_98' title="bbox 442 5137 2005 5216">
     <span class='ocr_line' id='line_1_98' title="bbox 442 5137 2005 5216; baseline 0.004 -25"><span class='ocrx_word' id='word_1_649' title='bbox 442 5137 471 5191; x_wconf 81' lang='grc' dir='ltr'><strong>ὃ</strong></span> <span class='ocrx_word' id='word_1_650' title='bbox 502 5139 606 5210; x_wconf 83' lang='grc' dir='ltr'>γὰρ</span> <span class='ocrx_word' id='word_1_651' title='bbox 653 5140 869 5211; x_wconf 88' lang='grc' dir='ltr'>σπείρει</span> <span class='ocrx_word' id='word_1_652' title='bbox 924 5141 1181 5206; x_wconf 75' lang='grc' dir='ltr'>ἕκαστος,</span> <span class='ocrx_word' id='word_1_653' title='bbox 1213 5159 1370 5197; x_wconf 85' lang='grc' dir='ltr'>τουτο</span> <span class='ocrx_word' id='word_1_654' title='bbox 1402 5146 1497 5198; x_wconf 74' lang='grc' dir='ltr'><strong>καὶ</strong></span> <span class='ocrx_word' id='word_1_655' title='bbox 1547 5143 1773 5216; x_wconf 84' lang='grc' dir='ltr'>θερίσει.</span> <span class='ocrx_word' id='word_1_656' title='bbox 1823 5146 2005 5201; x_wconf 83' lang='grc' dir='ltr'>Ἑκου-</span> 
     </span>
    </p>
   </div>
   <div class='ocr_carea' id='block_1_99' title="bbox 446 5227 2006 5306">
    <p class='ocr_par' dir='ltr' id='par_1_99' title="bbox 446 5227 2006 5306">
     <span class='ocr_line' id='line_1_99' title="bbox 446 5227 2006 5306; baseline 0.005 -25"><span class='ocrx_word' id='word_1_657' title='bbox 446 5232 574 5294; x_wconf 86' lang='grc' dir='ltr'>σίως</span> <span class='ocrx_word' id='word_1_658' title='bbox 606 5227 699 5285; x_wconf 83' lang='grc' dir='ltr'><strong>οῦν</strong></span> <span class='ocrx_word' id='word_1_659' title='bbox 718 5250 721 5252; x_wconf 77' lang='lat'>&#39;</span> <span class='ocrx_word' id='word_1_660' title='bbox 743 5233 814 5286; x_wconf 85' lang='grc' dir='ltr'>τὰ</span> <span class='ocrx_word' id='word_1_661' title='bbox 844 5233 1024 5301; x_wconf 83' lang='grc' dir='ltr'>φαῦλα</span> <span class='ocrx_word' id='word_1_662' title='bbox 1054 5234 1388 5306; x_wconf 84' lang='grc' dir='ltr'>σπείροντες,</span> <span class='ocrx_word' id='word_1_663' title='bbox 1425 5237 1518 5289; x_wconf 76' lang='grc' dir='ltr'>καὶ</span> <span class='ocrx_word' id='word_1_664' title='bbox 1559 5236 1828 5299; x_wconf 83' lang='grc' dir='ltr'>ἀκουσίως</span> <span class='ocrx_word' id='word_1_665' title='bbox 1858 5236 2006 5306; x_wconf 88' lang='grc' dir='ltr'>θερί-</span> 
     </span>
    </p>
   </div>
   <div class='ocr_carea' id='block_1_100' title="bbox 445 5320 2011 5396">
    <p class='ocr_par' dir='ltr' id='par_1_100' title="bbox 445 5320 2011 5396">
     <span class='ocr_line' id='line_1_100' title="bbox 445 5320 2011 5396; baseline 0.003 -24"><span class='ocrx_word' id='word_1_666' title='bbox 445 5320 648 5388; x_wconf 77' lang='grc' dir='ltr'>ζοντες,</span> <span class='ocrx_word' id='word_1_667' title='bbox 684 5323 784 5392; x_wconf 82' lang='grc' dir='ltr'><strong>τὴν</strong></span> <span class='ocrx_word' id='word_1_668' title='bbox 811 5322 1162 5393; x_wconf 86' lang='grc' dir='ltr'>δικαιοσύνην</span> <span class='ocrx_word' id='word_1_669' title='bbox 1184 5324 1309 5378; x_wconf 78' lang='grc' dir='ltr'>-τοῦ</span> <span class='ocrx_word' id='word_1_670' title='bbox 1358 5323 1493 5378; x_wconf 88' lang='grc' dir='ltr'>Θεοῦ</span> <span class='ocrx_word' id='word_1_671' title='bbox 1526 5324 1830 5396; x_wconf 79' lang='grc' dir='ltr'>θαυμάζειν</span> <span class='ocrx_word' id='word_1_672' title='bbox 1861 5324 2011 5394; x_wconf 69' lang='grc' dir='ltr'>ὀφείο</span> 
     </span>
    </p>
   </div>
   <div class='ocr_carea' id='block_1_101' title="bbox 445 5409 1291 5481">
    <p class='ocr_par' dir='ltr' id='par_1_101' title="bbox 445 5409 1291 5481">
     <span class='ocr_line' id='line_1_101' title="bbox 445 5409 1291 5481; baseline -0.001 -16"><span class='ocrx_word' id='word_1_673' title='bbox 445 5409 629 5479; x_wconf 81' lang='grc' dir='ltr'>λομεν.</span> <span class='ocrx_word' id='word_1_674' title='bbox 1276 5468 1291 5481; x_wconf 53' lang='grc'><em>,</em></span> 
     </span>
    </p>
   </div>
   <div class='ocr_carea' id='block_1_102' title="bbox 514 5501 2010 5579">
    <p class='ocr_par' dir='ltr' id='par_1_102' title="bbox 514 5501 2010 5579">
     <span class='ocr_line' id='line_1_102' title="bbox 514 5501 2010 5579; baseline 0.005 -26"><span class='ocrx_word' id='word_1_675' title='bbox 514 5501 613 5564; x_wconf 74' lang='grc' dir='ltr'>νζ’.</span> <span class='ocrx_word' id='word_1_676' title='bbox 655 5502 1042 5574; x_wconf 79' lang='grc' dir='ltr'>Ἐκτυφλοῦται</span> <span class='ocrx_word' id='word_1_677' title='bbox 1089 5509 1117 5560; x_wconf 85' lang='grc' dir='ltr'>ὁ</span> <span class='ocrx_word' id='word_1_678' title='bbox 1163 5507 1286 5571; x_wconf 87' lang='grc' dir='ltr'>νοῦς</span> <span class='ocrx_word' id='word_1_679' title='bbox 1336 5508 1425 5562; x_wconf 78' lang='grc' dir='ltr'>διὰ</span> <span class='ocrx_word' id='word_1_680' title='bbox 1470 5508 1576 5562; x_wconf 87' lang='grc' dir='ltr'><strong>τῶν</strong></span> <span class='ocrx_word' id='word_1_681' title='bbox 1604 5508 1769 5579; x_wconf 84' lang='grc' dir='ltr'>τριῶν</span> <span class='ocrx_word' id='word_1_682' title='bbox 1806 5508 2010 5561; x_wconf 86' lang='grc' dir='ltr'>τούτων</span> 
     </span>
    </p>
   </div>
   <div class='ocr_carea' id='block_1_103' title="bbox 445 5584 2002 5669">
    <p class='ocr_par' dir='ltr' id='par_1_103' title="bbox 445 5584 2002 5669">
     <span class='ocr_line' id='line_1_103' title="bbox 445 5584 2002 5669; baseline 0.006 -26"><span class='ocrx_word' id='word_1_683' title='bbox 445 5590 657 5655; x_wconf 82' lang='grc' dir='ltr'>παθῶν,</span> <span class='ocrx_word' id='word_1_684' title='bbox 689 5595 1052 5667; x_wconf 80' lang='grc' dir='ltr'>φιλαργυρίας</span> <span class='ocrx_word' id='word_1_685' title='bbox 1082 5598 1245 5667; x_wconf 85' lang='grc' dir='ltr'>λέγω,</span> <span class='ocrx_word' id='word_1_686' title='bbox 1282 5584 1623 5666; x_wconf 78' lang='grc' dir='ltr'>κενοδοξίας,</span> <span class='ocrx_word' id='word_1_687' title='bbox 1662 5601 1757 5653; x_wconf 73' lang='grc' dir='ltr'><strong>καὶ</strong></span> <span class='ocrx_word' id='word_1_688' title='bbox 1791 5600 2002 5669; x_wconf 78' lang='grc' dir='ltr'>ἡδονῆς.</span> 
     </span>
    </p>
   </div>
   <div class='ocr_carea' id='block_1_104' title="bbox 515 5684 2004 5761">
    <p class='ocr_par' dir='ltr' id='par_1_104' title="bbox 515 5684 2004 5761">
     <span class='ocr_line' id='line_1_104' title="bbox 515 5684 2004 5761; baseline 0.003 -26"><span class='ocrx_word' id='word_1_689' title='bbox 515 5690 617 5754; x_wconf 70' lang='grc' dir='ltr'>·δη’.</span> <span class='ocrx_word' id='word_1_690' title='bbox 650 5684 857 5750; x_wconf 84' lang='grc' dir='ltr'>Γνῶσις</span> <span class='ocrx_word' id='word_1_691' title='bbox 887 5687 979 5741; x_wconf 74' lang='grc' dir='ltr'><strong>καὶ</strong></span> <span class='ocrx_word' id='word_1_692' title='bbox 1010 5688 1190 5753; x_wconf 81' lang='grc' dir='ltr'>πίστις</span> <span class='ocrx_word' id='word_1_693' title='bbox 1220 5691 1276 5742; x_wconf 89' lang='grc' dir='ltr'><strong>αί</strong></span> <span class='ocrx_word' id='word_1_694' title='bbox 1313 5690 1411 5758; x_wconf 76' lang='grc' dir='ltr'><strong>τῆς</strong></span> <span class='ocrx_word' id='word_1_695' title='bbox 1445 5690 1657 5759; x_wconf 81' lang='grc' dir='ltr'>φύσεως</span> <span class='ocrx_word' id='word_1_696' title='bbox 1689 5690 1846 5761; x_wconf 78' lang='grc' dir='ltr'>ημῶν</span> <span class='ocrx_word' id='word_1_697' title='bbox 1880 5689 2004 5741; x_wconf 84' lang='grc' dir='ltr'>σύν-</span> 
     </span>
    </p>
   </div>
   <div class='ocr_carea' id='block_1_105' title="bbox 444 5775 1999 5853">
    <p class='ocr_par' dir='ltr' id='par_1_105' title="bbox 444 5775 1999 5853">
     <span class='ocr_line' id='line_1_105' title="bbox 444 5775 1999 5853; baseline 0.001 -20"><span class='ocrx_word' id='word_1_698' title='bbox 444 5790 655 5851; x_wconf 65' lang='grc' dir='ltr'>τροφοι,</span> <span class='ocrx_word' id='word_1_699' title='bbox 702 5775 771 5830; x_wconf 84' lang='grc' dir='ltr'>δι’</span> <span class='ocrx_word' id='word_1_700' title='bbox 812 5778 962 5833; x_wconf 78' lang='grc' dir='ltr'>οὐδὲν</span> <span class='ocrx_word' id='word_1_701' title='bbox 1007 5778 1134 5834; x_wconf 78' lang='grc' dir='ltr'>ἄλλο</span> <span class='ocrx_word' id='word_1_702' title='bbox 1182 5781 1219 5853; x_wconf 69' lang='grc' dir='ltr'>ἦ</span> <span class='ocrx_word' id='word_1_703' title='bbox 1244 5781 1311 5834; x_wconf 78' lang='grc' dir='ltr'>δι’</span> <span class='ocrx_word' id='word_1_704' title='bbox 1343 5782 1553 5844; x_wconf 76' lang='grc' dir='ltr'>ὲκείνας</span> <span class='ocrx_word' id='word_1_705' title='bbox 1590 5780 1999 5853; x_wconf 75' lang='grc' dir='ltr'>ἠμϐλύνθησαν.</span> 
     </span>
    </p>
   </div>
   <div class='ocr_carea' id='block_1_106' title="bbox 2112 4611 2475 4667">
    <p class='ocr_par' dir='ltr' id='par_1_106' title="bbox 2112 4611 2475 4667">
     <span class='ocr_line' id='line_1_106' title="bbox 2112 4611 2475 4667; baseline -0.008 0"><span class='ocrx_word' id='word_1_706' title='bbox 2112 4611 2475 4667; x_wconf 89' lang='lat' dir='ltr'><strong>occurrerint.</strong></span> 
     </span>
    </p>
   </div>
   <div class='ocr_carea' id='block_1_107' title="bbox 2184 4692 3687 4767">
    <p class='ocr_par' dir='ltr' id='par_1_107' title="bbox 2184 4692 3687 4767">
     <span class='ocr_line' id='line_1_107' title="bbox 2184 4692 3687 4767; baseline -0.007 -9"><span class='ocrx_word' id='word_1_707' title='bbox 2184 4704 2269 4758; x_wconf 78' lang='grc'><strong>55.</strong></span> <span class='ocrx_word' id='word_1_708' title='bbox 2310 4700 2779 4767; x_wconf 78' lang='lat' dir='ltr'><strong>Quemadmodum</strong></span> <span class='ocrx_word' id='word_1_709' title='bbox 2840 4712 3083 4752; x_wconf 86' lang='lat' dir='ltr'><strong>amarum</strong></span> <span class='ocrx_word' id='word_1_710' title='bbox 3145 4694 3478 4749; x_wconf 82' lang='lat' dir='ltr'><strong>absinthium</strong></span> <span class='ocrx_word' id='word_1_711' title='bbox 3536 4692 3687 4760; x_wconf 83' lang='lat' dir='ltr'><strong>juvat</strong></span> 
     </span>
    </p>
   </div>
   <div class='ocr_carea' id='block_1_108' title="bbox 2111 4781 3688 4861">
    <p class='ocr_par' dir='ltr' id='par_1_108' title="bbox 2111 4781 3688 4861">
     <span class='ocr_line' id='line_1_108' title="bbox 2111 4781 3688 4861; baseline -0.01 -14"><span class='ocrx_word' id='word_1_712' title='bbox 2111 4807 2206 4847; x_wconf 90' lang='lat' dir='ltr'><strong>eos</strong></span> <span class='ocrx_word' id='word_1_713' title='bbox 2234 4791 2327 4861; x_wconf 91' lang='lat' dir='ltr'><strong>qui</strong></span> <span class='ocrx_word' id='word_1_714' title='bbox 2358 4790 2509 4844; x_wconf 85' lang='lat' dir='ltr'><strong>cibos</strong></span> <span class='ocrx_word' id='word_1_715' title='bbox 2540 4787 2827 4843; x_wconf 78' lang='lat' dir='ltr'><strong>fastidiunt</strong></span> <span class='ocrx_word' id='word_1_716' title='bbox 2854 4826 2868 4851; x_wconf 93' lang='lat'><strong>,</strong></span> <span class='ocrx_word' id='word_1_717' title='bbox 2900 4786 2974 4839; x_wconf 88' lang='lat' dir='ltr'><strong>ita</strong></span> <span class='ocrx_word' id='word_1_718' title='bbox 3002 4784 3144 4839; x_wconf 89' lang='lat' dir='ltr'><strong>male</strong></span> <span class='ocrx_word' id='word_1_719' title='bbox 3189 4782 3418 4836; x_wconf 87' lang='lat' dir='ltr'><strong>moratis</strong></span> <span class='ocrx_word' id='word_1_720' title='bbox 3452 4781 3688 4834; x_wconf 84' lang='lat' dir='ltr'><strong>homini-</strong></span> 
     </span>
    </p>
   </div>
   <div class='ocr_carea' id='block_1_109' title="bbox 2108 4876 3162 4949">
    <p class='ocr_par' dir='ltr' id='par_1_109' title="bbox 2108 4876 3162 4949">
     <span class='ocr_line' id='line_1_109' title="bbox 2108 4876 3162 4949; baseline -0.009 -12"><span class='ocrx_word' id='word_1_721' title='bbox 2108 4883 2210 4937; x_wconf 86' lang='lat' dir='ltr'><strong>bus</strong></span> <span class='ocrx_word' id='word_1_722' title='bbox 2237 4881 2365 4935; x_wconf 85' lang='lat' dir='ltr'><strong>utile</strong></span> <span class='ocrx_word' id='word_1_723' title='bbox 2391 4889 2494 4941; x_wconf 88' lang='lat' dir='ltr'><strong>est,</strong></span> <span class='ocrx_word' id='word_1_724' title='bbox 2524 4887 2584 4932; x_wconf 90' lang='lat' dir='ltr'><strong>ut</strong></span> <span class='ocrx_word' id='word_1_725' title='bbox 2608 4878 2889 4949; x_wconf 89' lang='lat' dir='ltr'><strong>patiantur</strong></span> <span class='ocrx_word' id='word_1_726' title='bbox 2915 4876 3162 4931; x_wconf 82' lang='lat' dir='ltr'><strong>adversa.</strong></span> 
     </span>
    </p>
   </div>
   <div class='ocr_carea' id='block_1_110' title="bbox 2185 4963 3691 5037">
    <p class='ocr_par' dir='ltr' id='par_1_110' title="bbox 2185 4963 3691 5037">
     <span class='ocr_line' id='line_1_110' title="bbox 2185 4963 3691 5037; baseline -0.008 -10"><span class='ocrx_word' id='word_1_727' title='bbox 2185 4973 2273 5029; x_wconf 80' lang='lat'><strong>56.</strong></span> <span class='ocrx_word' id='word_1_728' title='bbox 2313 4972 2426 5026; x_wconf 85' lang='lat' dir='ltr'><strong>Nisi</strong></span> <span class='ocrx_word' id='word_1_729' title='bbox 2469 4971 2725 5027; x_wconf 87' lang='lat' dir='ltr'><strong>statueris</strong></span> <span class='ocrx_word' id='word_1_730' title='bbox 2767 4970 2993 5024; x_wconf 88' lang='lat' dir='ltr'><strong>adversa</strong></span> <span class='ocrx_word' id='word_1_731' title='bbox 3047 4966 3278 5037; x_wconf 88' lang='lat' dir='ltr'><strong>perpeti,</strong></span> <span class='ocrx_word' id='word_1_732' title='bbox 3313 4979 3384 5018; x_wconf 91' lang='lat' dir='ltr'><strong>ne</strong></span> <span class='ocrx_word' id='word_1_733' title='bbox 3431 4963 3691 5017; x_wconf 78' lang='lat' dir='ltr'><strong>decernas</strong></span> 
     </span>
    </p>
   </div>
   <div class='ocr_carea' id='block_1_111' title="bbox 2114 5060 3688 5133">
    <p class='ocr_par' dir='ltr' id='par_1_111' title="bbox 2114 5060 3688 5133">
     <span class='ocr_line' id='line_1_111' title="bbox 2114 5060 3688 5133; baseline -0.008 -14"><span class='ocrx_word' id='word_1_734' title='bbox 2114 5065 2256 5120; x_wconf 84' lang='lat' dir='ltr'><strong>bene</strong></span> <span class='ocrx_word' id='word_1_735' title='bbox 2321 5077 2481 5133; x_wconf 78' lang='lat' dir='ltr'><strong>agere</strong></span> <span class='ocrx_word' id='word_1_736' title='bbox 2534 5077 2655 5115; x_wconf 90' lang='lat' dir='ltr'><strong>cum</strong></span> <span class='ocrx_word' id='word_1_737' title='bbox 2706 5061 2813 5115; x_wconf 85' lang='lat' dir='ltr'><strong>hoc</strong></span> <span class='ocrx_word' id='word_1_738' title='bbox 2865 5076 2928 5114; x_wconf 76' lang='lat' dir='ltr'><strong>ex</strong></span> <span class='ocrx_word' id='word_1_739' title='bbox 2975 5060 3065 5113; x_wconf 90' lang='lat' dir='ltr'><strong>illo</strong></span> <span class='ocrx_word' id='word_1_740' title='bbox 3108 5064 3373 5128; x_wconf 87' lang='lat' dir='ltr'><strong>perpetuo</strong></span> <span class='ocrx_word' id='word_1_741' title='bbox 3409 5061 3688 5123; x_wconf 84' lang='lat' dir='ltr'><strong>sequatur.</strong></span> 
     </span>
    </p>
   </div>
   <div class='ocr_carea' id='block_1_112' title="bbox 2115 5147 3686 5222">
    <p class='ocr_par' dir='ltr' id='par_1_112' title="bbox 2115 5147 3686 5222">
     <span class='ocr_line' id='line_1_112' title="bbox 2115 5147 3686 5222; baseline -0.007 -15"><span class='ocrx_word' id='word_1_742' title='bbox 2115 5153 2270 5220; x_wconf 87' lang='lat' dir='ltr'><strong>Quod</strong></span> <span class='ocrx_word' id='word_1_743' title='bbox 2322 5154 2468 5206; x_wconf 88' lang='lat' dir='ltr'><strong>enim</strong></span> <span class='ocrx_word' id='word_1_744' title='bbox 2524 5153 2757 5222; x_wconf 89' lang='lat' dir='ltr'><strong>quisque</strong></span> <span class='ocrx_word' id='word_1_745' title='bbox 2804 5151 3071 5212; x_wconf 84' lang='lat' dir='ltr'><strong>seminat,</strong></span> <span class='ocrx_word' id='word_1_746' title='bbox 3128 5150 3231 5203; x_wconf 89' lang='lat' dir='ltr'><strong>hoc</strong></span> <span class='ocrx_word' id='word_1_747' title='bbox 3285 5147 3447 5201; x_wconf 89' lang='lat' dir='ltr'><strong>etiam</strong></span> <span class='ocrx_word' id='word_1_748' title='bbox 3501 5153 3686 5198; x_wconf 86' lang='lat' dir='ltr'><strong>metet.</strong></span> 
     </span>
    </p>
   </div>
   <div class='ocr_carea' id='block_1_113' title="bbox 2113 5222 3689 5309">
    <p class='ocr_par' dir='ltr' id='par_1_113' title="bbox 2113 5222 3689 5309">
     <span class='ocr_line' id='line_1_113' title="bbox 2113 5222 3689 5309; baseline -0.004 -15"><span class='ocrx_word' id='word_1_749' title='bbox 2113 5222 2382 5304; x_wconf 70' lang='lat' dir='ltr'><strong>Prdinde,</strong></span> <span class='ocrx_word' id='word_1_750' title='bbox 2431 5241 2475 5294; x_wconf 92' lang='lat' dir='ltr'><strong>si</strong></span> <span class='ocrx_word' id='word_1_751' title='bbox 2525 5256 2646 5309; x_wconf 77' lang='lat' dir='ltr'><strong>qua:</strong></span> <span class='ocrx_word' id='word_1_752' title='bbox 2695 5249 2889 5309; x_wconf 90' lang='lat' dir='ltr'><strong>sponte</strong></span> <span class='ocrx_word' id='word_1_753' title='bbox 2942 5239 3275 5294; x_wconf 89' lang='lat' dir='ltr'><strong>seminamus</strong></span> <span class='ocrx_word' id='word_1_754' title='bbox 3317 5235 3490 5298; x_wconf 88' lang='lat' dir='ltr'><strong>mala,</strong></span> <span class='ocrx_word' id='word_1_755' title='bbox 3533 5234 3689 5288; x_wconf 87' lang='lat' dir='ltr'><strong>inviti</strong></span> 
     </span>
    </p>
   </div>
   <div class='ocr_carea' id='block_1_114' title="bbox 2112 5327 3547 5401">
    <p class='ocr_par' dir='ltr' id='par_1_114' title="bbox 2112 5327 3547 5401">
     <span class='ocr_line' id='line_1_114' title="bbox 2112 5327 3547 5401; baseline -0.008 -13"><span class='ocrx_word' id='word_1_756' title='bbox 2112 5332 2393 5397; x_wconf 87' lang='lat' dir='ltr'><strong>metimus,</strong></span> <span class='ocrx_word' id='word_1_757' title='bbox 2414 5330 2683 5401; x_wconf 88' lang='lat' dir='ltr'><strong>justitiam</strong></span> <span class='ocrx_word' id='word_1_758' title='bbox 2718 5328 2959 5385; x_wconf 73' lang='lat' dir='ltr'><strong>divinam</strong></span> <span class='ocrx_word' id='word_1_759' title='bbox 2983 5327 3237 5383; x_wconf 72' lang='lat' dir='ltr'><strong>admirari</strong></span> <span class='ocrx_word' id='word_1_760' title='bbox 3268 5327 3547 5383; x_wconf 88' lang='lat' dir='ltr'><strong>debemus.</strong></span> 
     </span>
    </p>
   </div>
   <div class='ocr_carea' id='block_1_115' title="bbox 2184 5495 3684 5559">
    <p class='ocr_par' dir='ltr' id='par_1_115' title="bbox 2184 5495 3684 5559">
     <span class='ocr_line' id='line_1_115' title="bbox 2184 5495 3684 5559; baseline -0.006 0"><span class='ocrx_word' id='word_1_761' title='bbox 2184 5502 2271 5559; x_wconf 83' lang='lat'><strong>57.</strong></span> <span class='ocrx_word' id='word_1_762' title='bbox 2315 5502 2379 5557; x_wconf 90' lang='lat' dir='ltr'><strong>lli</strong></span> <span class='ocrx_word' id='word_1_763' title='bbox 2409 5510 2517 5555; x_wconf 80' lang='lat' dir='ltr'><strong>tres</strong></span> <span class='ocrx_word' id='word_1_764' title='bbox 2545 5499 2775 5554; x_wconf 63' lang='lat' dir='ltr'><strong>aﬂettus</strong></span> <span class='ocrx_word' id='word_1_765' title='bbox 2811 5508 3088 5554; x_wconf 66' lang='lat' dir='ltr'><strong>excaecant</strong></span> <span class='ocrx_word' id='word_1_766' title='bbox 3126 5499 3367 5553; x_wconf 88' lang='lat' dir='ltr'><strong>animum</strong></span> <span class='ocrx_word' id='word_1_767' title='bbox 3396 5515 3406 5550; x_wconf 93' lang='lat'>:</span> <span class='ocrx_word' id='word_1_768' title='bbox 3440 5495 3684 5559; x_wconf 83' lang='lat' dir='ltr'><strong>avaritia,</strong></span> 
     </span>
    </p>
   </div>
   <div class='ocr_carea' id='block_1_116' title="bbox 2114 5593 3136 5664">
    <p class='ocr_par' dir='ltr' id='par_1_116' title="bbox 2114 5593 3136 5664">
     <span class='ocr_line' id='line_1_116' title="bbox 2114 5593 3136 5664; baseline -0.005 -14"><span class='ocrx_word' id='word_1_769' title='bbox 2114 5597 2355 5664; x_wconf 85' lang='lat' dir='ltr'><strong>inquam,</strong></span> <span class='ocrx_word' id='word_1_770' title='bbox 2392 5610 2530 5647; x_wconf 76' lang='lat' dir='ltr'><strong>vana</strong></span> <span class='ocrx_word' id='word_1_771' title='bbox 2563 5594 2750 5663; x_wconf 79' lang='lat' dir='ltr'><strong>gloria.</strong></span> <span class='ocrx_word' id='word_1_772' title='bbox 2783 5603 2837 5648; x_wconf 89' lang='lat' dir='ltr'><strong>et</strong></span> <span class='ocrx_word' id='word_1_773' title='bbox 2866 5593 3136 5661; x_wconf 86' lang='lat' dir='ltr'><strong>voluptas.</strong></span> 
     </span>
    </p>
   </div>
   <div class='ocr_carea' id='block_1_117' title="bbox 2182 5677 3681 5753">
    <p class='ocr_par' dir='ltr' id='par_1_117' title="bbox 2182 5677 3681 5753">
     <span class='ocr_line' id='line_1_117' title="bbox 2182 5677 3681 5753; baseline -0.005 -16"><span class='ocrx_word' id='word_1_774' title='bbox 2182 5686 2268 5739; x_wconf 81' lang='lat'><strong>58.</strong></span> <span class='ocrx_word' id='word_1_775' title='bbox 2311 5685 2466 5738; x_wconf 84' lang='lat' dir='ltr'><strong>Nulla</strong></span> <span class='ocrx_word' id='word_1_776' title='bbox 2515 5685 2619 5738; x_wconf 88' lang='lat' dir='ltr'><strong>alia</strong></span> <span class='ocrx_word' id='word_1_777' title='bbox 2666 5698 2741 5746; x_wconf 84' lang='lat' dir='ltr'><strong>re,</strong></span> <span class='ocrx_word' id='word_1_778' title='bbox 2786 5698 2945 5753; x_wconf 88' lang='lat' dir='ltr'><strong>quam</strong></span> <span class='ocrx_word' id='word_1_779' title='bbox 2995 5681 3101 5744; x_wconf 89' lang='lat' dir='ltr'><strong>his,</strong></span> <span class='ocrx_word' id='word_1_780' title='bbox 3135 5681 3370 5752; x_wconf 76' lang='lat' dir='ltr'><strong>cognitio</strong></span> <span class='ocrx_word' id='word_1_781' title='bbox 3422 5690 3473 5733; x_wconf 87' lang='lat' dir='ltr'><strong>et</strong></span> <span class='ocrx_word' id='word_1_782' title='bbox 3529 5677 3681 5739; x_wconf 70' lang='lat' dir='ltr'><strong>fidus,</strong></span> 
     </span>
    </p>
   </div>
   <div class='ocr_carea' id='block_1_118' title="bbox 2114 5768 3686 5842">
    <p class='ocr_par' dir='ltr' id='par_1_118' title="bbox 2114 5768 3686 5842">
     <span class='ocr_line' id='line_1_118' title="bbox 2114 5768 3686 5842; baseline -0.004 -13"><span class='ocrx_word' id='word_1_783' title='bbox 2114 5789 2234 5842; x_wconf 71' lang='lat' dir='ltr'><strong>qua:</strong></span> <span class='ocrx_word' id='word_1_784' title='bbox 2308 5775 2651 5830; x_wconf 73' lang='lat' dir='ltr'><strong>collectaneze</strong></span> <span class='ocrx_word' id='word_1_785' title='bbox 2720 5783 2847 5829; x_wconf 86' lang='lat' dir='ltr'><strong>sunt</strong></span> <span class='ocrx_word' id='word_1_786' title='bbox 2915 5782 3122 5828; x_wconf 69' lang='lat' dir='ltr'><strong>naturm</strong></span> <span class='ocrx_word' id='word_1_787' title='bbox 3196 5782 3433 5837; x_wconf 75' lang='lat' dir='ltr'><strong>nostrze,</strong></span> <span class='ocrx_word' id='word_1_788' title='bbox 3504 5768 3686 5838; x_wconf 73' lang='lat' dir='ltr'><strong>proﬂi-v</strong></span> 
     </span>
    </p>
   </div>
   <div class='ocr_carea' id='block_1_119' title="bbox 2120 5876 2332 5934">
    <p class='ocr_par' dir='ltr' id='par_1_119' title="bbox 2120 5876 2332 5934">
     <span class='ocr_line' id='line_1_119' title="bbox 2120 5876 2332 5934; baseline -0.009 -13"><span class='ocrx_word' id='word_1_789' title='bbox 2120 5876 2332 5934; x_wconf 74' lang='lat' dir='ltr'><strong>gantur.</strong></span> 
     </span>
    </p>
   </div>
  </div>
