4038 6226
321 307 457 373 1499

1498 319 1861 381 HESYCHII
1888 321 2360 384 PRESBYTERI

3426 316 3561 381 1500

390 418 476 474 59.
512 418 706 482 Furor,
754 418 854 485 ira,
903 419 1066 485 bella,
1112 420 1307 489 caades,
1341 432 1397 480 et
1434 424 1680 494 reliquus
1724 427 1871 480 malo

2065 425 2162 480 νϐ’.
2201 426 2383 495 Θυμὸς
2427 424 2519 478 καὶ
2569 425 2732 496 ὀργὴ,
2766 424 2860 476 καὶ
2893 422 3118 492 πόλεμοι
3149 420 3246 479 καὶ
3272 422 3443 491 φόνοι,
3469 427 3564 480 καὶ

316 526 437 565 rum
487 511 776 564 universus
827 511 1123 582 catalogus,
1176 513 1387 568 illarum
1432 515 1483 569 vi
1534 516 1888 571 vehementer

314 601 661 655 invalucrunt
686 600 828 655 inter
857 601 1129 658 homines.

382 690 471 745 60.
513 690 615 756 Qui
664 706 775 745 non
813 692 966 748 novit
998 695 1307 757 veritatem,
1343 711 1449 749 nec
1491 711 1619 750 vere
1664 699 1886 753 credere

312 790 492 852 potest
529 800 541 835 :
575 782 701 852 quia
743 784 895 838 notio
927 793 1119 839 natura
1154 787 1410 855 prrccedit
1444 787 1623 841 fidem.
1661 787 1883 868 Eloquia

310 874 582 943 siquidem
623 876 920 945 Scriptum
962 892 1069 930 non
1114 887 1174 931 ut
1216 878 1580 948 intelligamus
1622 881 1886 938 duntaxat

311 965 511 1037 scripta
545 976 693 1033 sunt,
723 968 817 1022 sed
846 976 906 1021 ut
944 984 1008 1023 ea
1041 984 1208 1040 Opere
1236 971 1627 1040 (-ompleamus.

377 1140 466 1193 6i.
510 1140 781 1198 Dncamus
830 1141 994 1214 igitur
1028 1143 1245 1199 initium
1277 1146 1345 1198 ab
1375 1161 1557 1214 opere.
1591 1145 1701 1202 Ilac
1734 1149 1880 1204 enim

311 1231 523 1284 ratione
579 1232 838 1302 deinceps
901 1234 1281 1303 proficientes,
1346 1238 1714 1306 reperiemus,
1769 1256 1879 1295 non

311 1322 474 1375 modo
519 1337 670 1392 spem
722 1323 777 1376 in
822 1322 1013 1385 Deum.
1062 1325 1158 1378 sed
1211 1325 1374 1380 etiam
1431 1327 1641 1382 ﬁrmam
1696 1328 1876 1396 fidem,

310 1411 560 1466 notitiam
600 1413 937 1480 interiorem,
982 1415 1358 1469 liberationem
1400 1432 1429 1469 a
1466 1404 1883 1487 tentatitinibus,

310 1501 701 1556 charismatum
745 1505 906 1566 dona,
949 1505 1131 1558 cordis
1183 1505 1601 1571 confessionem,
1641 1518 1695 1563 et
1739 1511 1879 1565 assi-

313 1590 447 1644 duas
474 1592 754 1662 Iacrymas,
787 1594 1114 1661 precationis
1143 1595 1406 1650 beneficio
1447 1597 1695 1652 fidelibus
1724 1615 1879 1654 acce-

309 1680 460 1733 dere.
496 1680 853 1750 Nequew'ero
894 1681 1011 1738 hrec
1057 1684 1255 1748 solum,
1287 1686 1382 1740 sed
1419 1688 1580 1742 etiam
1625 1688 1876 1743 acciden-

1996 519 2104 579 πᾶς
2140 519 2167 569 6
2193 516 2380 578 λοιπὸς
2415 518 2524 567 τῶν
2563 514 2754 568 κακῶν
2783 512 3108 581 κατάλογος,
3154 511 3223 565 δι’
3264 514 3478 578 ἐκείνας
3505 519 3565 568 ὲν

1993 606 2303 675 ἀνθρώποις
2339 606 2543 673 σφόδρα
2572 604 3045 675 ἐκραταιώθησαν.
3240 592 3243 595 ’

2064 694 2134 761 ξ’,
2175 697 2233 747 Ὀ
2272 696 2347 766 μὴ
2379 695 2663 762 γινώσκων
2710 695 2810 765 τὴν
2859 693 3141 763 ἀλήθειαν,
3180 690 3306 744 οὔτε
3348 690 3563 759 ἀληθῶς

1992 784 2268 838 πιστεύειν
2296 785 2523 838 δύναται
2549 801 2563 817 ο
2593 787 2627 853 ἡ
2669 783 2778 854 γὰρ
2811 783 3012 850 γνῶσις
3063 780 3208 834 κατά
3240 780 3399 848 φύσιν
3430 796 3562 851 προ-

1991 878 2208 945 ηγεῖται
2234 876 2336 945 τῆς
2363 876 2616 938 πίστεως·
2649 873 2720 927 τὰ
2747 875 2856 945 γὰρ
2889 874 2988 941 τῆς
3016 872 3238 943 Γραφῆς
3269 871 3559 943 εἰρημένα,

1988 965 2088 1035 οὐχ
2112 965 2199 1019 ἵνα
2219 967 2506 1037 νοήσωμεν
2528 965 2710 1034 μόνον,
2740 964 2797 1018 ἀ)
2809 966 2854 1017 λ’
2881 966 3028 1027 ὅπως
3053 962 3192 1017 αὑτά
3221 963 3556 1033 ποιήσωμεν,

1989 1057 2228 1128 εἴρηται.

2060 1147 2162 1213 ξω.
2203 1148 2520 1219 Ἀρξώμεθα
2540 1147 2604 1216 δὴ
2634 1142 2727 1201 οὖν
2754 1146 2848 1199 τοῦ
2886 1146 3050 1217 ἔργου
3070 1163 3084 1177 ·
3113 1144 3257 1199 οὑτω
3287 1143 3397 1215 γὰρ
3431 1146 3556 1198 ἀκο-

1986 1239 2192 1303 λούθως
2221 1240 2646 1311 προκόπτοντες,
2674 1239 2987 1308 εὑρήσομεν
3015 1238 3096 1291 ὅτι
3125 1237 3187 1290 οὑ
3212 1236 3378 1306 μόνον
3411 1236 3444 1305 ἡ
3475 1237 3555 1300 είς

1986 1332 2116 1393 Θεὸν
2146 1331 2325 1395 ἐλπὶς,
2353 1329 2489 1384 ἀλλὰ
2507 1330 2601 1384 καὶ
2630 1328 2824 1400 βεϐαία
2853 1329 3035 1390 πίστις
3065 1327 3159 1380 καὶ
3189 1327 3390 1394 γνῶσις
3414 1328 3554 1379 ἐσω·

1985 1419 2119 1490 τέρα
2148 1461 2162 1484 ,
2200 1420 2295 1473 κα.)⁸
2344 1418 2667 1488 πειρασμῶν
2714 1417 3005 1487 λύτρωσις,
3059 1416 3156 1469 καὶ
3202 1415 3554 1485 χαρισμάτων

1984 1507 2307 1578 δωρήματα,
2342 1505 2848 1577 καὶγὲξομολόγησις
2882 1504 3175 1576 καρδιακὴ,
3196 1505 3289 1556 καὶ
3319 1504 3554 1574 δάκρυον

1984 1599 2217 1661 ἐκτενὲς,
2270 1598 2359 1651 ὃιά
2397 1598 2706 1668 προσευχῆς
2754 1598 2865 1658 τοῖς
2907 1597 3123 1656 πιστοῖς
3168 1593 3549 1664 παραγίνεται.

1984 1688 2058 1741 Οὑ
2095 1688 2256 1757 μόνον
2281 1688 2338 1740 δὲ
2363 1688 2558 1751 ταῦτα,
2593 1687 2731 1741 ἀλλὰ
2768 1687 2862 1740 καὶ
2888 1686 2993 1738 τῶν
3026 1685 3407 1754 ἐπερχομένων
3435 1684 3551 1736 θλι-

309 1771 443 1824 tium
502 1773 913 1828 tribulationum
976 1776 1360 1839 tolerantiam,
1403 1779 1703 1846 sinceram,
1760 1796 1871 1850 qua

1986 1775 2166 1843 ὅερῶν
2193 1776 2461 1846 ὑπομονὴ,
2491 1777 2586 1831 καὶ
2615 1774 2914 1843 εἰλικρινὴς
2950 1773 3043 1826 τοῦ
3076 1772 3305 1841 πλησίον
3334 1772 3548 1837 ἄφεσις,

306 1861 378 1914 sit
415 1864 689 1932 proximo,
714 1866 1120 1933 remissionem,
1151 1870 1518 1939 cognitionem
1551 1871 1683 1941 legis
1714 1872 1875 1941 Spiri-

306 1954 450 2019 talis,
487 1955 711 2024 justitite
743 1957 936 2013 divinae
970 1960 1338 2029 adeptionem,
1375 1962 1665 2015 adventum
1700 1963 1872 2017 sancti

305 2044 559 2114 Spiritus,
603 2048 926 2117 spiritalium
975 2051 1360 2105 thesaurorum
1413 2052 1775 2121 largitionem,
1820 2063 1873 2109 et

301 2143 497 2189 cuncta
535 2152 655 2206 qua}
684 2138 957 2206 pollicitus
988 2152 1072 2193 est
1109 2140 1254 2193 Deus
1295 2156 1353 2194 se
1383 2142 1706 2197 donaturum
1740 2143 1873 2199 fide-

301 2224 443 2280 libus
477 2225 812 2289 hominibus,
841 2237 952 2282 tum
985 2229 1036 2282 in
1066 2230 1170 2285 hoc
1198 2238 1312 2286 tum
1345 2234 1396 2285 in
1432 2232 1619 2287 futuro
1651 2236 1869 2290 smculo.

300 2315 368 2368 Et
411 2325 468 2369 ut
514 2315 568 2369 in
615 2332 824 2371 summa
858 2318 1056 2381 dicam,
1101 2336 1209 2373 non
1256 2308 1413 2391 potes
1448 2324 1628 2378 anima
1669 2341 1779 2395 [πω
1812 2342 1870 2381 se

298 2404 445 2458 ferre
486 2405 774 2475 imaginem
822 2406 936 2467 Dei.
969 2408 1073 2462 nisi
1113 2411 1347 2478 gratuito
1388 2411 1480 2466 Dei
1523 2428 1768 2476 munere,
1807 2431 1870 2471 ac

300 2493 404 2546 tide
438 2494 675 2549 hominis
691 2510 765 2562 ex
793 2496 975 2549 animo
1003 2499 1402 2565 perseverantis
1429 2501 1483 2553 in
1517 2516 1726 2556 summa
1764 2504 1868 2557 bu-

300 2580 546 2646 militate,
581 2591 638 2636 et
671 2598 775 2637 non
807 2584 1092 2640 luesitante
1121 2588 1455 2655 precatione.

369 2671 457 2727 62.
500 2670 693 2741 Ingens
731 2675 974 2742 profecto
1010 2676 1216 2731 bonum
1252 2688 1355 2743 est,
1387 2679 1545 2735 sicuti
1580 2683 1868 2750 experien-

303 2762 373 2815 tia
407 2762 736 2832 aeeepimus,
768 2770 831 2817 ut
876 2765 967 2834 qui
1016 2780 1173 2820 suum
1218 2768 1392 2837 ipsius
1434 2784 1530 2824 cor
1567 2786 1867 2843 expurgare

299 2851 608 2917 desiderat,
665 2855 1014 2910 continenter
1063 2855 1281 2912 invocet
1340 2858 1629 2914 Dominum
1678 2859 1864 2918 Jesum

297 2942 558 2998 adversus
605 2943 791 3000 hostes
839 2943 1567 3015 spiritales.'Animadverte,
1602 2959 1866 3018 quantum

218 3102 223 3109 .
298 3038 372 3102 id,
407 3036 548 3106 quod
602 3036 744 3093 facto
782 3039 1024 3109 periculo
1071 3041 1205 3108 dixi,
1235 3049 1498 3097 consonet
1540 3057 1663 3097 cum
1707 3044 1866 3098 testi-

1982 1866 2078 1918 καὶ
2103 1864 2269 1934 νόμου
2304 1865 2677 1935 πνευματικοῦ
2734 1865 3050 1932 ἐπίγνωσις,
3084 1862 3177 1914 καὶ
3204 1859 3551 1930 δικαιοσύνης

1980 1956 2116 2010 Θεοῦ
2143 1956 2380 2028 εὕρεσις,
2414 1958 2505 2011 καὶ
2531 1956 2842 2026 πνεύματος
2876 1956 3033 2023 ἁγίου
3057 1954 3422 2022 ἐπιφοίτησις,
3455 1953 3552 2005 καὶ

1980 2048 2274 2120 Θησαυρῶν
2305 2047 2697 2119 πνευματικῶν
2719 2047 2887 2109 δόσις,
2919 2045 3015 2098 καὶ
3041 2043 3216 2097 πάντα
3244 2043 3344 2095 ὅσα
3377 2042 3551 2108 ἐπηγ-

1978 2137 2197 2204 γείλατο
2242 2140 2271 2190 6
2324 2137 2455 2200 Θεὸς
2505 2136 2774 2206 παρέχειν
2803 2137 2916 2196 τοῖς
2955 2134 3167 2194 πιστοῖς
3215 2131 3546 2200 ἀνθρώποις,

1978 2229 2074 2281 καὶ
2098 2222 2223 2291 ὧδε,
2255 2230 2347 2281 καὶ
2374 2231 2434 2281 ἐν
2465 2228 2543 2299 τῷ
2573 2226 2819 2296 μέλλοντι
2849 2225 3029 2278 αἰῶνι·
3063 2223 3159 2276 καὶ
3188 2221 3372 2284 ἁπλῶς
3403 2219 3550 2284 ἀπαξ

1976 2321 2101 2372 κατ’
2140 2319 2325 2372 εἰκόνα
2366 2318 2502 2372 Θεοῦ
2551 2317 2890 2386 ἀναφανῆναι
2921 2315 3022 2385 τὴν
3064 2314 3239 2385 ψυχὴν
3268 2312 3544 2376 ἀδύνατον,

1975 2411 2025 2463 εί
2059 2410 2133 2480 μὴ
2166 2410 2255 2463 διά
2299 2410 2641 2480 χαρίσματος
2670 2410 2808 2463 Θεοῦ
2855 2410 2950 2463 καὶ
2986 2409 3220 2466 πίστεως
3255 2404 3545 2474 ἀνθρώπου

1953 2501 2118 2581 Δμετὰ.
2168 2500 2371 2572 πολλῆς
2411 2502 2932 2573 ταπεινοφροσύνης,
2982 2501 3077 2554 καὶ
3130 2498 3544 2569 ἀμετεωρίστου

1974 2593 2301 2662 προσευχῆς,
2325 2594 2391 2662 τῇ
2426 2592 2634 2664 διανοίᾳ
2661 2593 3096 2662 παραμένοντος.

2045 2680 2143 2751 ξβ’.
2174 2683 2337 2750 Μέγα
2358 2682 2526 2746 ὅντως
2551 2682 2776 2750 ἀγαθὸν,
2805 2681 2878 2746 ώς
2908 2684 2972 2735 ἐκ
2991 2681 3079 2734 πεί
3087 2698 3182 2753 ρας
3214 2678 3548 2750 παρειλήφα-

1976 2790 2097 2845 μεν,
2127 2773 2190 2827 τὸ
2229 2773 2470 2843 συνεχῶς
2518 2772 2896 2827 ἐπικαλεῖσθαι
2926 2770 3128 2841 Κύριον
3169 2769 3377 2841 Ἰησοῦν
3407 2771 3546 2840 μετά

1971 2866 2081 2919 τῶν
2109 2863 2317 2936 νοητῶν
2359 2864 2660 2936 πολεμίων,
2717 2864 2808 2918 τὸν
2851 2863 3173 2935 βουλόμενον
3209 2862 3307 2932 τὴν
3352 2860 3545 2915 ἑαυτοῦ

1973 2957 2208 3028 καρδίαν
2254 2955 2517 3027 καθᾶραι·
2560 2957 2665 3028 ὅρα
2713 2955 2833 3020 πῶς
2868 2955 3207 3026 σὺμςωνοςὸ
3236 2956 3390 3024 λόγος
3421 2956 3449 3008 6
3481 2953 3547 3007 ἐκ

1973 3050 2166 3120 πείρας
2192 3051 2320 3122 παρ’
2349 3048 2483 3121 ἐμοῦ
2510 3048 2697 3119 ῥηθεὶς
2713 3050 2836 3112 ταῖς
2869 3048 3176 3119 Γραφικαϊς
3199 3047 3542 3119 μαρτυρίαις.

298 3127 500 3181 moniis
542 3127 860 3198 Scriptura}.
906 3116 1162 3202 Praepara
1210 3142 1283 3199 te,
1330 3133 1530 3201 inquit,
1572 3134 1758 3201 Israel,
1799 3135 1865 3190 ad

1982 3116 2328 3210 Ἐτοιμάζου,
2378 3116 2579 3211 ιρησὶν,
2609 3137 2859 3209 Ἰσραὴλ,
2906 3116 2998 3191 τοῦ
3050 3116 3436 3190 ἐπικαλεῖσθαι
3485 3134 3548 3187 τὸ

300 3218 664 3273 invocandum
702 3236 898 3275 nomen
936 3223 1150 3277 Domini
1187 3224 1280 3278 Dei
1324 3225 1422 3279 tui.
1456 3225 1525 3279 Et
1554 3225 1865 3295 Apostolus,

302 3310 427 3364 Sine
454 3311 837 3366 intermissione
873 3324 1019 3368 orate
1041 3316 1106 3367 ".
1138 3315 1216 3369 Ae
1252 3315 1513 3371 Dominus
1557 3326 1744 3371 noster
1781 3317 1867 3370 in-

298 3404 456 3472 quit,
493 3401 618 3457 Sine
673 3421 756 3458 me
803 3405 935 3458 nihil
969 3408 1183 3474 potestis
1213 3409 1403 3477 facere.
1440 3406 1542 3471 Qui
1592 3416 1771 3461 manet
1811 3410 1868 3462 in

298 3513 401 3560 me,
431 3504 479 3550 et
503 3513 595 3568 ego
624 3498 678 3550 in
709 3513 791 3562 eo,
815 3498 897 3551 hic
933 3499 1032 3568 fert
1064 3500 1291 3568 fructum
1319 3499 1543 3553 multum
1568 3500 1634 3553 ⁷⁸.
1669 3502 1735 3556 Ει
1768 3501 1867 3555 ite-

298 3604 457 3642 rum:
490 3587 549 3643 Si
587 3590 702 3660 quis
734 3591 790 3643 in
835 3607 917 3645 me
961 3606 1061 3643 non
1111 3591 1383 3656 manserit,
1424 3592 1659 3646 mittetur
1698 3593 1863 3663 foras,

296 3678 432 3729 sicut
475 3676 677 3745 palmes
706 3678 772 3732 ⁷⁵.
815 3677 1024 3731 Bonum
1066 3677 1258 3750 ingens
1289 3687 1374 3733 est
1416 3679 1611 3746 oratio,
1636 3681 1865 3749 bonum,

299 3768 540 3836 inquam,
571 3766 715 3837 quod
758 3767 920 3822 etiam
954 3768 1136 3822 omnia
1176 3778 1431 3839 procurat
1461 3788 1475 3822 :
1512 3779 1567 3826 et
1608 3773 1868 3829 emendat

298 3874 412 3923 cor,
444 3858 498 3911 in
528 3873 636 3928 quo
669 3868 945 3927 spectatur
979 3859 1121 3915 Deus
1148 3875 1178 3914 a
1212 3860 1484 3917 ﬁdelibus.

368 3952 456 4005 65.
497 3950 831 4008 Humilitatis
873 3953 1100 4018 bonum,
1138 3967 1262 4008 cum
1310 3954 1507 4010 habeat
1557 3955 1667 4011 vim
1716 3956 1866 4012 exal-

301 4042 447 4097 tandi
493 4051 691 4098 natura
737 4060 859 4109 sua,
905 4043 1126 4114 Deoque
1177 4045 1249 4101 sit
1294 4047 1683 4118 gratissimum,
1724 4050 1868 4120 quod

296 4136 464 4190 etiam
507 4135 689 4189 omnia
730 4135 1125 4205 propemodum
1155 4134 1307 4200 vitia,
1340 4145 1395 4191 et
1432 4152 1553 4206 quae
1598 4136 1707 4192 Deo
1741 4146 1869 4194 sunt

298 4227 516 4292 odiosa,
562 4226 618 4281 in
668 4228 829 4283 nobis
877 4227 1153 4295 absumat,
1202 4236 1491 4298 propterea
1541 4245 1654 4284 non
1710 4230 1868 4286 facile

297 4321 602 4390 comparari
638 4319 796 4374 solet.
834 4319 1023 4388 Itaque
1059 4320 1113 4373 in
1157 4336 1270 4374 uno
1297 4323 1597 4393 eodemque
1621 4324 1862 4390 homine,

298 4426 406 4464 non
435 4409 651 4465 dillicile
677 4417 759 4464 est
786 4409 1026 4478 reperire
1056 4410 1410 4480 particulares
1435 4414 1691 4482 quasdam
1723 4415 1865 4468 mul-

300 4508 475 4553 tarum
525 4499 757 4554 aliarum
804 4498 1065 4554 virtutum
1106 4500 1397 4556 actiones:
1440 4500 1493 4555 in
1540 4517 1605 4557 eo
1650 4518 1777 4557 vero
1820 4504 1867 4559 si

295 4604 508 4656 quaeras
527 4590 921 4646 humiliationis
942 4592 1250 4654 odoratum,
1270 4592 1353 4647 vix
1382 4593 1641 4662 reperies.
1672 4593 1868 4660 Quam-

298 4681 486 4735 obrem
528 4682 884 4749 temperantia
930 4698 1040 4737 non
1085 4682 1296 4738 modica
1335 4698 1473 4753 opus
1512 4692 1616 4747 est,
1654 4684 1720 4738 ad
1766 4685 1869 4740 hoc

300 4773 505 4825 bonum
533 4772 1000 4839 consequendum.
1038 4774 1255 4828 Etenim
1290 4774 1375 4829 vel
1404 4774 1676 4829 diabolum
1715 4775 1865 4831 Scri-

301 4874 458 4933 ptura
512 4862 646 4918 dicit
696 4861 1071 4928 immundum,
1118 4865 1373 4934 quoniam
1434 4866 1502 4921 ab
1556 4865 1713 4920 initio
1764 4866 1867 4921 hoc

297 4955 476 5024 ipsum
528 4952 852 5008 humilitatis
896 4953 1104 5008 bonum
1167 4957 1393 5025 repulit,
1450 4967 1506 5012 et
1557 4959 1866 5028 superbiam

297 5043 569 5098 adamavit
595 5061 608 5097 :
630 5052 918 5113 propterea
946 5042 1328 5102 denominatur
1357 5048 1411 5100 in
1434 5048 1690 5102 universa
1719 5047 1868 5102 Scri-

300 5142 454 5202 ptura
481 5133 706 5205 spiritus
734 5133 1067 5188 immundus.
1100 5133 1272 5201 Quam
1298 5135 1446 5189 enim
1468 5136 1867 5195 immunditiam
1919 5180 1924 5184 .

297 5240 614 5294 corpoream
663 5233 981 5296 perpetrare
1021 5234 1209 5296 queat,
1239 5225 1311 5291 id,
1353 5227 1497 5298 quod
1540 5230 1783 5298 corporis
1815 5239 1872 5285 et

297 5316 476 5373 carnis
503 5324 590 5373 est
616 5317 835 5388 penitus
863 5332 1076 5387 expers,
1109 5332 1212 5372 nec
1249 5318 1358 5372 ullo
1399 5317 1520 5372 loco
1559 5319 1722 5374 situm
1762 5328 1866 5386 est,

298 5413 353 5457 et
378 5406 641 5481 sanguine
666 5414 836 5470 caret,
867 5406 1044 5476 qualis
1071 5406 1226 5461 initio
1256 5414 1311 5462 et
1339 5422 1485 5462 nunc
1509 5415 1593 5462 est
1616 5405 1866 5473 Satanas,

301 5504 359 5548 ut
396 5511 461 5551 ex
491 5498 580 5551 his
607 5497 819 5552 dicatur
859 5497 1208 5552 immundus?
1234 5496 1587 5568 Perspicuum
1622 5504 1708 5554 est
1740 5512 1869 5552 eum

368 5672 410 5704 "
436 5672 454 5723 l
484 5673 681 5726 Thess.
710 5688 819 5737 Llll,
858 5675 941 5726 l7.
1021 5672 1242 5727 7"Joan.
1276 5689 1363 5737 xv,
1406 5672 1456 5727 5.
1535 5673 1577 5705 "
1614 5671 1743 5727 ibid.
1781 5673 1833 5727 6.

1971 3228 2141 3299 δνομα
2200 3229 2406 3299 Κυρίου
2464 3228 2559 3282 τοῦ
2608 3227 2745 3281 Θεοῦ
2805 3241 2933 3279 σοῦ’
2969 3225 3065 3279 καὶ
3112 3226 3140 3276 6
3204 3223 3544 3287 Ἀπόστολος,

1984 3318 2408 3383 Ἀδιαλείπτως
2436 3319 2874 3386 προσεύχεσθε.
2904 3316 3013 3368 Καὶ
3044 3318 3072 3368 6
3131 3314 3331 3383 Κύριος
3390 3313 3548 3384 ἡμῶν

1972 3426 2160 3481 φησιν,
2200 3412 2282 3463 Οὐ
2310 3409 2581 3469 δύνασθε
2616 3407 2798 3478 χωρὶς
2827 3407 2975 3476 ἐμοῦ
3004 3405 3198 3461 ποιεῖν
3233 3403 3412 3459 οὐδέν
3435 3422 3450 3436 ·
3491 3405 3547 3455 ’0

1966 3501 2167 3571 μένων
2188 3500 2258 3555 ἐν
2274 3501 2422 3571 ἐμοὶ,
2442 3501 2602 3571 κάγὼ
2621 3501 2691 3554 ἐν
2715 3498 2894 3564 αὐτῷ,
2926 3493 3103 3565 οὗτος
3131 3498 3293 3566 φέρει
3318 3496 3550 3564 καρπὸν

1971 3591 2189 3645 πολύν.
2216 3592 2328 3646 Καὶ
2365 3590 2550 3655 πάλιν,
2591 3590 2727 3643 Ἐὰν
2748 3588 2833 3659 μὴ
2854 3589 3034 3659 μείνῃ
3064 3590 3136 3641 ἐν
3153 3586 3303 3655 ἐμοὶ,
3336 3586 3548 3653 ἐκϐλη-

1970 3680 2046 3749 θῇ
2079 3681 2196 3746 ἔξω
2231 3683 2313 3748 ὡς
2346 3682 2412 3736 τὸ
2439 3680 2663 3750 κλῆμα.
2687 3681 2846 3748 Μέγα
2870 3678 3071 3746 ἀγαθὸν
3100 3677 3256 3746 εὑχὴ,
3292 3676 3385 3730 καὶ
3412 3675 3550 3744 ἀγα-

1970 3770 2061 3824 θὸν
2117 3770 2336 3824 πάντων
2391 3769 2745 3841 παρεκτικὺν,
2779 3767 3007 3839 καρδίαν
3050 3766 3336 3835 καθαῖρον,
3371 3764 3430 3815 ἐν
3519 3764 3549 3814 6

1968 3860 2101 3923 Θεὸς
2124 3861 2418 3915 ὀπτάνεται
2447 3862 2559 3923 τοῖς
2591 3861 2825 3921 πιστοῖς.

2041 3952 2141 4021 ξγθ.
2176 3953 2250 4006 Τὸ
2276 3952 2377 4022 τῆς
2408 3951 2793 4014 ταπεινώσεως
2821 3950 3034 4022 χρῆμα,
3072 3945 3257 4017 ἐπειδὴ
3289 3944 3548 4014 ὑψοποιὸν

1971 4048 2215 4115 πέφυκεν
2239 4041 2404 4106 εἶναι,
2428 4044 2523 4096 καὶ
2548 4042 2666 4112 Θεῷ
2691 4041 3076 4111 ἀγαπώμενον,
3102 4038 3196 4092 καὶ
3216 4034 3548 4089 ἀναλωτικὺν

1972 4135 2158 4205 σχεδὸν
2187 4136 2406 4188 πάντων
2436 4135 2547 4190 τῶν
2581 4137 2639 4188 ἐν
2672 4136 2806 4207 ἡμῖν
2849 4135 3036 4188 κακῶν
3066 4133 3166 4187 καὶ
3198 4128 3546 4202 μισουμένων

1971 4226 2110 4298 Θεῷ,
2145 4228 2506 4299 δυσπόριστον
2559 4226 2648 4280 διά
2701 4227 2874 4279 ταῦτα
2932 4227 3177 4293 πέφυκεν
3222 4219 3401 4275 εἶναι·
3452 4221 3549 4273 καὶ

1973 4320 2172 4391 ῥᾳδίως
2221 4321 2288 4375 ἂν
2336 4322 2396 4373 ἐν
2432 4318 2708 4390 ἀνθρώπῳ
2754 4318 2834 4370 ἐνὶ
2870 4316 3083 4370 πολλῶν
3130 4312 3343 4383 ἀρετῶν
3371 4310 3549 4367 ἄλλων

1971 4411 2237 4481 ἐργασίας
2267 4409 2418 4473 τινὰς
2446 4411 2701 4479 μερικάς,
2728 4408 2969 4478 ζητήσας
3002 4407 3060 4460 δὲ
3100 4408 3159 4459 ἐν
3187 4404 3336 4473 αὑτῷ
3366 4402 3549 4473 ὀσμὴν

1971 4499 2356 4563 ταπεινώσεως
2384 4499 2536 4570 μόλις
2552 4500 2832 4569 εὑρήσεις.
2860 4497 2958 4551 Διά
2981 4500 3139 4551 τοῦτο
3165 4495 3324 4566 χρεία
3346 4493 3548 4561 πολλῆς

1973 4590 2205 4660 νήψεως,
2237 4589 2377 4643 ὥστε
2428 4591 2734 4657 κτήσασθαι
2774 4588 2934 4642 τοῦτο
2962 4589 3022 4640 τὸ
3052 4587 3263 4658 χρῆμα.
3300 4585 3411 4637 Καὶ
3440 4584 3549 4651 γὰρ

1973 4679 2289 4750 ἀκάθαρτον
2332 4680 2422 4732 καὶ
2456 4680 2545 4732 τὸν
2591 4679 2837 4731 διάϐολον
2867 4679 3015 4745 λέγει
3060 4678 3094 4746 ὴ
3121 4674 3334 4746 Γραφὴ.
3361 4672 3550 4741 ἐπειδὴ

1972 4770 2129 4824 τοῦτο
2155 4769 2389 4840 ἐξαρχῆς
2420 4770 2481 4822 τὸ
2518 4771 2725 4838 ἀγαθὸν
2753 4769 2853 4838 τῆς
2885 4766 3389 4838 ταπεινοφροσύνης
3414 4767 3549 4834 χρῆ-

1977 4874 2054 4930 μα
2071 4858 2353 4911 ἀπώσατοο
2387 4859 2481 4910 καὶ
2504 4859 2604 4927 τὴν
2626 4856 3010 4927 ὑπερηφανίαν
3042 4856 3319 4924 ἠγάπησεο
3343 4851 3424 4903 διὸ
3457 4855 3551 4902 καὶ

1973 4950 2285 5021 ἀκάθαρτον
2316 4949 2535 5019 πνεῦμα
2580 4951 2639 5002 ὲν
2690 4949 2898 5009 πάσαις
2942 4948 3062 5009 ταῖς
3103 4946 3348 5017 Γραφαῖς
3380 4956 3552 5014 προσ·-

1975 5042 2321 5115 αγορεύεται.
2384 5041 2543 5096 Ἐπεὶ
2605 5041 2766 5094 ποίαν
2819 5036 3164 5108 ἀκαθαρσίαν
3231 5030 3552 5103 σωματικὴν

1975 5135 2200 5189 δύναται
2232 5133 2579 5204 ἐργάσασθαι
2609 5132 2668 5187 τδ
2698 5131 2992 5200 ἀσώματον
3028 5129 3229 5197 πάντη,
3261 5126 3356 5178 καὶ
3382 5122 3557 5191 ἀσαρ-

1976 5226 2068 5279 κόν
2092 5243 2153 5278 τε
2172 5267 2188 5293 ,
2213 5226 2308 5278 καὶ
2351 5225 2608 5291 ἄστατον,
2658 5225 2756 5276 καὶ
2776 5222 3035 5291 ἄναιμον,
3072 5213 3182 5280 oz'o;
3216 5216 3462 5284 ὑπῆρχεν
3493 5208 3556 5274 ἐξ

1975 5317 2150 5387 ἀρχῆς
2176 5318 2272 5369 καὶ
2298 5316 2395 5368 νῦν
2427 5317 2455 5368 6
2475 5317 2744 5380 Σατανᾶς,
2767 5308 2865 5365 ἵνα
2886 5311 3199 5380 ἀκάθαρτος
3216 5306 3328 5359 ἀπὸ
3345 5301 3554 5356 τούτων

1975 5408 2200 5479 λέγηται
2228 5426 2241 5475 ;
2271 5392 2508 5478 Εὔδηλον
2536 5408 2616 5460 ὅτι
2651 5406 2739 5459 διὰ
2780 5405 2881 5476 τὴν
2937 5399 3319 5474 ὑπερηφανίαν
3348 5393 3554 5463 ἐκλήθη

1976 5499 2304 5571 ἀκάθαρτος,
2338 5500 2433 5554 καὶ
2480 5502 2545 5553 ἐκ
2583 5495 2826 5566 καθαροῦ
2870 5496 2963 5551 καὶ
3014 5487 3280 5564 φωτεινοῦ
3319 5484 3552 5555 ἀγγέλου
