  <div class='ocr_page' id='page_1' title='image "/cluster/home/n/w/nwhite01/storage/ocr_20150623/93/mdp.39015078384313/758.png"; bbox 0 0 3968 6220; ppageno 0'>
   <div class='ocr_carea' id='block_1_1' title="bbox 412 350 543 416">
    <p class='ocr_par' dir='ltr' id='par_1_1' title="bbox 412 350 543 416">
     <span class='ocr_line' id='line_1_1' title="bbox 412 350 543 416; baseline 0.038 -5"><span class='ocrx_word' id='word_1_1' title='bbox 412 350 543 416; x_wconf 82' lang='grc'><strong>1501</strong></span> 
     </span>
    </p>
   </div>
   <div class='ocr_carea' id='block_1_2' title="bbox 1115 346 2944 486">
    <p class='ocr_par' dir='ltr' id='par_1_2' title="bbox 1115 346 2944 486">
     <span class='ocr_line' id='line_1_2' title="bbox 1115 346 2944 486; baseline 0.009 -58"><span class='ocrx_word' id='word_1_2' title='bbox 1115 368 1215 429; x_wconf 91' lang='lat' dir='ltr'><strong>DE</strong></span> <span class='ocrx_word' id='word_1_3' title='bbox 1252 371 1799 444; x_wconf 76' lang='lat' dir='ltr'><strong>TEMPERANTIA</strong></span> <span class='ocrx_word' id='word_1_4' title='bbox 1835 346 2318 453; x_wconf 46' lang='lat' dir='ltr'><strong>ETZVIRTUTE-</strong></span> <span class='ocrx_word' id='word_1_5' title='bbox 2356 387 2860 486; x_wconf 43' lang='lat' dir='ltr'><strong>-*.CENTURIA</strong></span> <span class='ocrx_word' id='word_1_6' title='bbox 2893 386 2944 446; x_wconf 84' lang='lat' dir='ltr'><strong>I.</strong></span> 
     </span>
    </p>
   </div>
   <div class='ocr_carea' id='block_1_3' title="bbox 3523 383 3735 450">
    <p class='ocr_par' dir='ltr' id='par_1_3' title="bbox 3523 383 3735 450">
     <span class='ocr_line' id='line_1_3' title="bbox 3523 383 3735 450; baseline 0.009 -3"><span class='ocrx_word' id='word_1_7' title='bbox 3523 383 3661 450; x_wconf 69' lang='grc'><strong>1502</strong></span> <span class='ocrx_word' id='word_1_8' title='bbox 3722 440 3735 449; x_wconf 81' lang='grc'><strong>.</strong></span> 
     </span>
    </p>
   </div>
   <div class='ocr_carea' id='block_1_4' title="bbox 407 471 1989 573">
    <p class='ocr_par' dir='ltr' id='par_1_4' title="bbox 407 471 1985 573">
     <span class='ocr_line' id='line_1_4' title="bbox 407 471 1985 573; baseline 0.018 -48"><span class='ocrx_word' id='word_1_9' title='bbox 407 471 636 573; x_wconf 65' lang='grc' dir='ltr'>βέϐηλος</span> <span class='ocrx_word' id='word_1_10' title='bbox 685 476 779 573; x_wconf 76' lang='grc' dir='ltr'><strong>καὶ</strong></span> <span class='ocrx_word' id='word_1_11' title='bbox 812 472 1123 573; x_wconf 68' lang='grc' dir='ltr'>ἀκάθαρτος</span> <span class='ocrx_word' id='word_1_12' title='bbox 1164 483 1471 559; x_wconf 76' lang='grc' dir='ltr'>ἀπεφάνθη,</span> <span class='ocrx_word' id='word_1_13' title='bbox 1524 494 1618 547; x_wconf 77' lang='grc' dir='ltr'>καὶ</span> <span class='ocrx_word' id='word_1_14' title='bbox 1672 495 1985 571; x_wconf 77' lang='grc' dir='ltr'><strong>ἀκάθαρτος</strong></span> 
     </span>
    </p>
   </div>
   <div class='ocr_carea' id='block_1_5' title="bbox 2097 471 3658 573">
    <p class='ocr_par' dir='ltr' id='par_1_5' title="bbox 2097 473 3658 573">
     <span class='ocr_line' id='line_1_5' title="bbox 2097 473 3658 573; baseline 0.001 -19"><span class='ocrx_word' id='word_1_15' title='bbox 2097 502 2356 571; x_wconf 63' lang='lat' dir='ltr'><strong>superbiae</strong></span> <span class='ocrx_word' id='word_1_16' title='bbox 2386 473 2547 558; x_wconf 73' lang='lat' dir='ltr'><strong>causa</strong></span> <span class='ocrx_word' id='word_1_17' title='bbox 2574 502 2905 573; x_wconf 88' lang='lat' dir='ltr'><strong>appellatum</strong></span> <span class='ocrx_word' id='word_1_18' title='bbox 2941 515 3062 556; x_wconf 88' lang='lat' dir='ltr'><strong>esse</strong></span> <span class='ocrx_word' id='word_1_19' title='bbox 3095 498 3435 555; x_wconf 86' lang='lat' dir='ltr'><strong>immundum</strong></span> <span class='ocrx_word' id='word_1_20' title='bbox 3461 542 3475 556; x_wconf 90' lang='lat'><strong>.</strong></span> <span class='ocrx_word' id='word_1_21' title='bbox 3506 511 3563 555; x_wconf 89' lang='lat' dir='ltr'><strong>et</strong></span> <span class='ocrx_word' id='word_1_22' title='bbox 3594 518 3658 556; x_wconf 83' lang='lat' dir='ltr'><strong>ox</strong></span> 
     </span>
    </p>
   </div>
   <div class='ocr_carea' id='block_1_6' title="bbox 407 565 1981 659">
    <p class='ocr_par' dir='ltr' id='par_1_6' title="bbox 407 565 1981 659">
     <span class='ocr_line' id='line_1_6' title="bbox 407 565 1981 659; baseline 0.018 -43"><span class='ocrx_word' id='word_1_23' title='bbox 407 565 561 659; x_wconf 64' lang='grc' dir='ltr'>παρὰ</span> <span class='ocrx_word' id='word_1_24' title='bbox 588 567 777 659; x_wconf 55' lang='grc' dir='ltr'>Ιξυρίσρ</span> <span class='ocrx_word' id='word_1_25' title='bbox 802 570 908 632; x_wconf 78' lang='grc' dir='ltr'>πᾶς</span> <span class='ocrx_word' id='word_1_26' title='bbox 948 570 1365 647; x_wconf 67' lang='grc' dir='ltr'>ὑψηλοκάρδιος·</span> <span class='ocrx_word' id='word_1_27' title='bbox 1398 582 1590 655; x_wconf 80' lang='grc' dir='ltr'><strong>πρώτη</strong></span> <span class='ocrx_word' id='word_1_28' title='bbox 1633 586 1764 658; x_wconf 84' lang='grc' dir='ltr'>γὰρ,</span> <span class='ocrx_word' id='word_1_29' title='bbox 1792 565 1981 659; x_wconf 66' lang='grc' dir='ltr'>φησιν,</span> 
     </span>
    </p>
   </div>
   <div class='ocr_carea' id='block_1_7' title="bbox 409 655 1982 750">
    <p class='ocr_par' dir='ltr' id='par_1_7' title="bbox 409 655 1982 750">
     <span class='ocr_line' id='line_1_7' title="bbox 409 655 1982 750; baseline 0.01 -42"><span class='ocrx_word' id='word_1_30' title='bbox 409 655 653 727; x_wconf 75' lang='grc' dir='ltr'>ἁμαρτία</span> <span class='ocrx_word' id='word_1_31' title='bbox 702 656 736 730; x_wconf 78' lang='grc' dir='ltr'><strong>ἠ</strong></span> <span class='ocrx_word' id='word_1_32' title='bbox 784 660 1200 733; x_wconf 73' lang='grc' dir='ltr'>ὑπερηφάνειαι</span> <span class='ocrx_word' id='word_1_33' title='bbox 1236 667 1380 723; x_wconf 78' lang='grc' dir='ltr'>οὕτω</span> <span class='ocrx_word' id='word_1_34' title='bbox 1408 674 1515 744; x_wconf 81' lang='grc' dir='ltr'>γὰρ</span> <span class='ocrx_word' id='word_1_35' title='bbox 1551 675 1643 728; x_wconf 73' lang='grc' dir='ltr'><strong>καὶ</strong></span> <span class='ocrx_word' id='word_1_36' title='bbox 1697 655 1727 728; x_wconf 64' lang='grc' dir='ltr'>ὁ</span> <span class='ocrx_word' id='word_1_37' title='bbox 1770 655 1982 750; x_wconf 53' lang='grc' dir='ltr'>ὑᾷτέρήᾴ</span> 
     </span>
    </p>
   </div>
   <div class='ocr_carea' id='block_1_8' title="bbox 410 751 1984 840">
    <p class='ocr_par' dir='ltr' id='par_1_8' title="bbox 410 751 1984 840">
     <span class='ocr_line' id='line_1_8' title="bbox 410 751 1984 840; baseline 0.017 -41"><span class='ocrx_word' id='word_1_38' title='bbox 410 765 576 840; x_wconf 72' lang='grc' dir='ltr'>φανος</span> <span class='ocrx_word' id='word_1_39' title='bbox 619 751 820 822; x_wconf 79' lang='grc' dir='ltr'>Φαραὼ</span> <span class='ocrx_word' id='word_1_40' title='bbox 874 753 1026 823; x_wconf 78' lang='grc' dir='ltr'>ἔλεγε</span> <span class='ocrx_word' id='word_1_41' title='bbox 1053 772 1069 787; x_wconf 77' lang='grc'><strong>’</strong></span> <span class='ocrx_word' id='word_1_42' title='bbox 1112 758 1223 812; x_wconf 82' lang='grc' dir='ltr'><strong>Τὸν</strong></span> <span class='ocrx_word' id='word_1_43' title='bbox 1280 763 1429 815; x_wconf 81' lang='grc' dir='ltr'>Θεόν</span> <span class='ocrx_word' id='word_1_44' title='bbox 1455 770 1591 832; x_wconf 78' lang='grc' dir='ltr'>σου,</span> <span class='ocrx_word' id='word_1_45' title='bbox 1648 769 1833 840; x_wconf 67' lang='grc' dir='ltr'>φησὶν,</span> <span class='ocrx_word' id='word_1_46' title='bbox 1871 773 1984 826; x_wconf 83' lang='grc' dir='ltr'>οὐκ</span> 
     </span>
    </p>
   </div>
   <div class='ocr_carea' id='block_1_9' title="bbox 410 837 1690 919">
    <p class='ocr_par' dir='ltr' id='par_1_9' title="bbox 410 837 1690 919">
     <span class='ocr_line' id='line_1_9' title="bbox 410 837 1690 919; baseline 0.016 -27"><span class='ocrx_word' id='word_1_47' title='bbox 410 837 565 908; x_wconf 80' lang='grc' dir='ltr'>οἶδα,</span> <span class='ocrx_word' id='word_1_48' title='bbox 595 842 697 896; x_wconf 69' lang='grc' dir='ltr'>καὶ</span> <span class='ocrx_word' id='word_1_49' title='bbox 728 844 837 899; x_wconf 75' lang='grc' dir='ltr'><strong>τὸν</strong></span> <span class='ocrx_word' id='word_1_50' title='bbox 878 846 1119 916; x_wconf 75' lang='grc' dir='ltr'>Ἰσραὴλ</span> <span class='ocrx_word' id='word_1_51' title='bbox 1148 852 1260 906; x_wconf 84' lang='grc' dir='ltr'>οὐκ</span> <span class='ocrx_word' id='word_1_52' title='bbox 1282 852 1690 919; x_wconf 78' lang='grc' dir='ltr'><strong>ἐξαποστελῶ.</strong></span> 
     </span>
    </p>
   </div>
   <div class='ocr_carea' id='block_1_10' title="bbox 485 1105 1986 1193">
    <p class='ocr_par' dir='ltr' id='par_1_10' title="bbox 485 1105 1986 1193">
     <span class='ocr_line' id='line_1_10' title="bbox 485 1105 1986 1193; baseline 0.012 -29"><span class='ocrx_word' id='word_1_53' title='bbox 485 1105 578 1177; x_wconf 70' lang='grc' dir='ltr'>ξδ’.</span> <span class='ocrx_word' id='word_1_54' title='bbox 619 1113 742 1167; x_wconf 73' lang='grc' dir='ltr'>Εἰσὶ</span> <span class='ocrx_word' id='word_1_55' title='bbox 770 1112 827 1166; x_wconf 83' lang='grc' dir='ltr'>δὲ</span> <span class='ocrx_word' id='word_1_56' title='bbox 855 1113 1029 1169; x_wconf 82' lang='grc' dir='ltr'>πολλὰ</span> <span class='ocrx_word' id='word_1_57' title='bbox 1056 1115 1164 1171; x_wconf 80' lang='grc' dir='ltr'>τῶν</span> <span class='ocrx_word' id='word_1_58' title='bbox 1189 1116 1284 1171; x_wconf 81' lang='grc' dir='ltr'>τοῦ</span> <span class='ocrx_word' id='word_1_59' title='bbox 1318 1119 1413 1173; x_wconf 79' lang='grc' dir='ltr'>νοῦ</span> <span class='ocrx_word' id='word_1_60' title='bbox 1457 1123 1879 1193; x_wconf 74' lang='grc' dir='ltr'><strong>ἐνεργημάτων,</strong></span> <span class='ocrx_word' id='word_1_61' title='bbox 1916 1129 1986 1183; x_wconf 78' lang='grc' dir='ltr'><strong>τὰ</strong></span> 
     </span>
    </p>
   </div>
   <div class='ocr_carea' id='block_1_11' title="bbox 410 1201 1985 1289">
    <p class='ocr_par' dir='ltr' id='par_1_11' title="bbox 410 1201 1985 1289">
     <span class='ocr_line' id='line_1_11' title="bbox 410 1201 1985 1289; baseline 0.013 -36"><span class='ocrx_word' id='word_1_62' title='bbox 410 1201 684 1273; x_wconf 85' lang='grc' dir='ltr'>δυνάμενα</span> <span class='ocrx_word' id='word_1_63' title='bbox 706 1206 840 1275; x_wconf 74' lang='grc' dir='ltr'>ἡμῖν</span> <span class='ocrx_word' id='word_1_64' title='bbox 861 1205 921 1259; x_wconf 83' lang='grc' dir='ltr'><strong>τὸ</strong></span> <span class='ocrx_word' id='word_1_65' title='bbox 944 1206 1147 1276; x_wconf 80' lang='grc' dir='ltr'>ἀγαθὸν</span> <span class='ocrx_word' id='word_1_66' title='bbox 1165 1207 1338 1281; x_wconf 83' lang='grc' dir='ltr'>δῶρον</span> <span class='ocrx_word' id='word_1_67' title='bbox 1359 1212 1459 1281; x_wconf 86' lang='grc' dir='ltr'>τῆς</span> <span class='ocrx_word' id='word_1_68' title='bbox 1479 1219 1985 1289; x_wconf 75' lang='grc' dir='ltr'><strong>ταπεινοφροσύνης</strong></span> 
     </span>
    </p>
   </div>
   <div class='ocr_carea' id='block_1_12' title="bbox 413 1295 1986 1382">
    <p class='ocr_par' dir='ltr' id='par_1_12' title="bbox 413 1295 1986 1382">
     <span class='ocr_line' id='line_1_12' title="bbox 413 1295 1986 1382; baseline 0.013 -37"><span class='ocrx_word' id='word_1_69' title='bbox 413 1295 843 1366; x_wconf 76' lang='grc' dir='ltr'><strong>περιποιεῖσθαι,</strong></span> <span class='ocrx_word' id='word_1_70' title='bbox 874 1297 1035 1370; x_wconf 73' lang='grc' dir='ltr'>εἴπερ</span> <span class='ocrx_word' id='word_1_71' title='bbox 1091 1301 1167 1370; x_wconf 81' lang='grc' dir='ltr'>μὴ</span> <span class='ocrx_word' id='word_1_72' title='bbox 1207 1302 1521 1376; x_wconf 79' lang='grc' dir='ltr'>ἀμελοῦμεν</span> <span class='ocrx_word' id='word_1_73' title='bbox 1556 1307 1658 1377; x_wconf 82' lang='grc' dir='ltr'>τῆς</span> <span class='ocrx_word' id='word_1_74' title='bbox 1708 1312 1986 1382; x_wconf 75' lang='grc' dir='ltr'><strong>σωτηρίας</strong></span> 
     </span>
    </p>
   </div>
   <div class='ocr_carea' id='block_1_13' title="bbox 412 1384 1987 1471">
    <p class='ocr_par' dir='ltr' id='par_1_13' title="bbox 412 1384 1987 1471">
     <span class='ocr_line' id='line_1_13' title="bbox 412 1384 1987 1471; baseline 0.013 -35"><span class='ocrx_word' id='word_1_75' title='bbox 412 1384 589 1454; x_wconf 79' lang='grc' dir='ltr'>ἡμῶν,</span> <span class='ocrx_word' id='word_1_76' title='bbox 613 1384 861 1442; x_wconf 81' lang='grc' dir='ltr'><strong>τουτέστι</strong></span> <span class='ocrx_word' id='word_1_77' title='bbox 887 1389 1079 1461; x_wconf 83' lang='grc' dir='ltr'><strong>μνήμη</strong></span> <span class='ocrx_word' id='word_1_78' title='bbox 1103 1391 1325 1465; x_wconf 84' lang='grc' dir='ltr'>άμαρτη</span> <span class='ocrx_word' id='word_1_79' title='bbox 1335 1397 1543 1465; x_wconf 83' lang='grc' dir='ltr'>μάτων,</span> <span class='ocrx_word' id='word_1_80' title='bbox 1576 1401 1633 1452; x_wconf 82' lang='grc' dir='ltr'><strong>ἐν</strong></span> <span class='ocrx_word' id='word_1_81' title='bbox 1664 1399 1866 1471; x_wconf 83' lang='grc' dir='ltr'>λόγοις,</span> <span class='ocrx_word' id='word_1_82' title='bbox 1891 1404 1987 1457; x_wconf 73' lang='grc' dir='ltr'><strong>καὶ</strong></span> 
     </span>
    </p>
   </div>
   <div class='ocr_carea' id='block_1_14' title="bbox 411 1475 1984 1554">
    <p class='ocr_par' dir='ltr' id='par_1_14' title="bbox 411 1475 1984 1554">
     <span class='ocr_line' id='line_1_14' title="bbox 411 1475 1984 1554; baseline 0.013 -27"><span class='ocrx_word' id='word_1_83' title='bbox 411 1475 617 1547; x_wconf 76' lang='grc' dir='ltr'>ἔργοις,</span> <span class='ocrx_word' id='word_1_84' title='bbox 651 1478 746 1532; x_wconf 80' lang='grc' dir='ltr'>καὶ</span> <span class='ocrx_word' id='word_1_85' title='bbox 777 1479 1005 1553; x_wconf 76' lang='grc' dir='ltr'>διανοίᾳ,</span> <span class='ocrx_word' id='word_1_86' title='bbox 1036 1483 1128 1536; x_wconf 75' lang='grc' dir='ltr'><strong>καὶ</strong></span> <span class='ocrx_word' id='word_1_87' title='bbox 1156 1484 1323 1554; x_wconf 78' lang='grc' dir='ltr'>ἕτερα</span> <span class='ocrx_word' id='word_1_88' title='bbox 1344 1487 1575 1544; x_wconf 84' lang='grc' dir='ltr'>πλεῖστα</span> <span class='ocrx_word' id='word_1_89' title='bbox 1606 1491 1687 1554; x_wconf 76' lang='grc' dir='ltr'><strong>είς</strong></span> <span class='ocrx_word' id='word_1_90' title='bbox 1722 1509 1984 1548; x_wconf 83' lang='grc' dir='ltr'>ταπεινο-</span> 
     </span>
    </p>
   </div>
   <div class='ocr_carea' id='block_1_15' title="bbox 411 1567 1987 1654">
    <p class='ocr_par' dir='ltr' id='par_1_15' title="bbox 411 1567 1987 1654">
     <span class='ocr_line' id='line_1_15' title="bbox 411 1567 1987 1654; baseline 0.014 -36"><span class='ocrx_word' id='word_1_91' title='bbox 411 1567 691 1640; x_wconf 83' lang='grc' dir='ltr'>φροσύνην</span> <span class='ocrx_word' id='word_1_92' title='bbox 733 1573 865 1642; x_wconf 78' lang='grc' dir='ltr'>ἡμῖν</span> <span class='ocrx_word' id='word_1_93' title='bbox 925 1574 1329 1645; x_wconf 77' lang='grc' dir='ltr'>συμϐάλλονται</span> <span class='ocrx_word' id='word_1_94' title='bbox 1369 1582 1437 1651; x_wconf 75' lang='grc' dir='ltr'>τῇ</span> <span class='ocrx_word' id='word_1_95' title='bbox 1472 1579 1677 1654; x_wconf 84' lang='grc' dir='ltr'>θεωρίᾳ</span> <span class='ocrx_word' id='word_1_96' title='bbox 1724 1584 1987 1654; x_wconf 87' lang='grc' dir='ltr'>ἀναλεγό-</span> 
     </span>
    </p>
   </div>
   <div class='ocr_carea' id='block_1_16' title="bbox 415 1661 1983 1743">
    <p class='ocr_par' dir='ltr' id='par_1_16' title="bbox 415 1661 1983 1743">
     <span class='ocr_line' id='line_1_16' title="bbox 415 1661 1983 1743; baseline 0.013 -33"><span class='ocrx_word' id='word_1_97' title='bbox 415 1674 573 1726; x_wconf 87' lang='grc' dir='ltr'>μενα.</span> <span class='ocrx_word' id='word_1_98' title='bbox 622 1661 877 1731; x_wconf 81' lang='grc' dir='ltr'>Ἔμποιεϊ</span> <span class='ocrx_word' id='word_1_99' title='bbox 918 1662 976 1717; x_wconf 76' lang='grc' dir='ltr'>δὲ</span> <span class='ocrx_word' id='word_1_100' title='bbox 1018 1664 1114 1719; x_wconf 78' lang='grc' dir='ltr'><strong>καὶ</strong></span> <span class='ocrx_word' id='word_1_101' title='bbox 1166 1668 1506 1722; x_wconf 82' lang='grc' dir='ltr'>ταπείνωσιν</span> <span class='ocrx_word' id='word_1_102' title='bbox 1551 1672 1749 1742; x_wconf 81' lang='grc' dir='ltr'><strong>ἀληθῆ,</strong></span> <span class='ocrx_word' id='word_1_103' title='bbox 1777 1677 1874 1730; x_wconf 73' lang='grc' dir='ltr'><strong>καὶ</strong></span> <span class='ocrx_word' id='word_1_104' title='bbox 1903 1678 1983 1743; x_wconf 82' lang='grc' dir='ltr'><strong>τὸ,</strong></span> 
     </span>
    </p>
   </div>
   <div class='ocr_carea' id='block_1_17' title="bbox 413 1750 1985 1838">
    <p class='ocr_par' dir='ltr' id='par_1_17' title="bbox 413 1750 1985 1838">
     <span class='ocr_line' id='line_1_17' title="bbox 413 1750 1985 1838; baseline 0.012 -34"><span class='ocrx_word' id='word_1_105' title='bbox 413 1750 503 1804; x_wconf 75' lang='grc' dir='ltr'><strong>ἵνα</strong></span> <span class='ocrx_word' id='word_1_106' title='bbox 536 1769 621 1815; x_wconf 87' lang='grc' dir='ltr'><strong>τις</strong></span> <span class='ocrx_word' id='word_1_107' title='bbox 646 1754 755 1808; x_wconf 82' lang='grc' dir='ltr'><strong>τῶν</strong></span> <span class='ocrx_word' id='word_1_108' title='bbox 778 1756 953 1820; x_wconf 87' lang='grc' dir='ltr'>πέλας</span> <span class='ocrx_word' id='word_1_109' title='bbox 985 1756 1055 1811; x_wconf 76' lang='grc' dir='ltr'>τὰ</span> <span class='ocrx_word' id='word_1_110' title='bbox 1081 1759 1491 1831; x_wconf 84' lang='grc' dir='ltr'>κατορθώματα</span> <span class='ocrx_word' id='word_1_111' title='bbox 1515 1763 1638 1817; x_wconf 87' lang='grc' dir='ltr'>καθ’</span> <span class='ocrx_word' id='word_1_112' title='bbox 1665 1767 1901 1838; x_wconf 83' lang='grc' dir='ltr'>ἑκάστην</span> <span class='ocrx_word' id='word_1_113' title='bbox 1926 1768 1985 1823; x_wconf 81' lang='grc' dir='ltr'>ὲν</span> 
     </span>
    </p>
   </div>
   <div class='ocr_carea' id='block_1_18' title="bbox 411 1836 2058 1926">
    <p class='ocr_par' dir='ltr' id='par_1_18' title="bbox 411 1836 2058 1926">
     <span class='ocr_line' id='line_1_18' title="bbox 411 1836 2058 1926; baseline 0.012 -31"><span class='ocrx_word' id='word_1_114' title='bbox 411 1839 492 1905; x_wconf 74' lang='grc' dir='ltr'>οἷς</span> <span class='ocrx_word' id='word_1_115' title='bbox 514 1846 899 1918; x_wconf 83' lang='grc' dir='ltr'>περιστρέφει,</span> <span class='ocrx_word' id='word_1_116' title='bbox 921 1850 1014 1904; x_wconf 76' lang='grc' dir='ltr'>καὶ</span> <span class='ocrx_word' id='word_1_117' title='bbox 1042 1851 1207 1924; x_wconf 74' lang='grc' dir='ltr'>ἕτερα</span> <span class='ocrx_word' id='word_1_118' title='bbox 1232 1853 1442 1910; x_wconf 78' lang='grc' dir='ltr'>ἑαυτῶν</span> <span class='ocrx_word' id='word_1_119' title='bbox 1460 1857 1663 1926; x_wconf 72' lang='grc' dir='ltr'>φυσικὰ</span> <span class='ocrx_word' id='word_1_120' title='bbox 1685 1859 1779 1912; x_wconf 68' lang='grc' dir='ltr'><strong>καὶ</strong></span> <span class='ocrx_word' id='word_1_121' title='bbox 1797 1836 1985 1914; x_wconf 82' lang='grc' dir='ltr'>πλεον-</span> <span class='ocrx_word' id='word_1_122' title='bbox 2017 1836 2058 1890; x_wconf 75' lang='grc' dir='ltr'><strong>Β</strong></span> 
     </span>
    </p>
   </div>
   <div class='ocr_carea' id='block_1_19' title="bbox 411 1936 1986 2015">
    <p class='ocr_par' dir='ltr' id='par_1_19' title="bbox 411 1936 1986 2015">
     <span class='ocr_line' id='line_1_19' title="bbox 411 1936 1986 2015; baseline 0.011 -29"><span class='ocrx_word' id='word_1_123' title='bbox 411 1936 706 2006; x_wconf 82' lang='grc' dir='ltr'>εκτήματα</span> <span class='ocrx_word' id='word_1_124' title='bbox 764 1939 824 1991; x_wconf 69' lang='grc' dir='ltr'>ἐν</span> <span class='ocrx_word' id='word_1_125' title='bbox 885 1938 1066 2012; x_wconf 77' lang='grc' dir='ltr'>ἑαυτῷ</span> <span class='ocrx_word' id='word_1_126' title='bbox 1120 1943 1456 2012; x_wconf 85' lang='grc' dir='ltr'>μεγαλύνει,</span> <span class='ocrx_word' id='word_1_127' title='bbox 1499 1947 1594 2001; x_wconf 77' lang='grc' dir='ltr'>καὶ</span> <span class='ocrx_word' id='word_1_128' title='bbox 1643 1946 1986 2015; x_wconf 79' lang='grc' dir='ltr'>συνεξετάζει</span> 
     </span>
    </p>
   </div>
   <div class='ocr_carea' id='block_1_20' title="bbox 412 2029 1987 2114">
    <p class='ocr_par' dir='ltr' id='par_1_20' title="bbox 412 2029 1987 2114">
     <span class='ocr_line' id='line_1_20' title="bbox 412 2029 1987 2114; baseline 0.013 -37"><span class='ocrx_word' id='word_1_129' title='bbox 412 2030 523 2085; x_wconf 82' lang='grc' dir='ltr'>τοῖς</span> <span class='ocrx_word' id='word_1_130' title='bbox 545 2029 741 2083; x_wconf 83' lang='grc' dir='ltr'>ἑαυτοῦ</span> <span class='ocrx_word' id='word_1_131' title='bbox 763 2031 831 2085; x_wconf 82' lang='grc' dir='ltr'>τὰ</span> <span class='ocrx_word' id='word_1_132' title='bbox 858 2033 1108 2089; x_wconf 77' lang='grc' dir='ltr'>ἐκείνων.</span> <span class='ocrx_word' id='word_1_133' title='bbox 1144 2036 1256 2090; x_wconf 69' lang='grc' dir='ltr'><strong>Καὶ</strong></span> <span class='ocrx_word' id='word_1_134' title='bbox 1284 2035 1426 2093; x_wconf 76' lang='grc' dir='ltr'>οὕτω</span> <span class='ocrx_word' id='word_1_135' title='bbox 1454 2039 1671 2110; x_wconf 81' lang='grc' dir='ltr'>βλέπων</span> <span class='ocrx_word' id='word_1_136' title='bbox 1697 2042 1725 2094; x_wconf 88' lang='grc' dir='ltr'><strong>ό</strong></span> <span class='ocrx_word' id='word_1_137' title='bbox 1746 2044 1871 2106; x_wconf 79' lang='grc' dir='ltr'>νοῦς</span> <span class='ocrx_word' id='word_1_138' title='bbox 1886 2042 1987 2114; x_wconf 84' lang='grc' dir='ltr'>τὴν</span> 
     </span>
    </p>
   </div>
   <div class='ocr_carea' id='block_1_21' title="bbox 413 2120 1988 2204">
    <p class='ocr_par' dir='ltr' id='par_1_21' title="bbox 413 2120 1988 2204">
     <span class='ocr_line' id='line_1_21' title="bbox 413 2120 1988 2204; baseline 0.01 -31"><span class='ocrx_word' id='word_1_139' title='bbox 413 2120 608 2174; x_wconf 78' lang='grc' dir='ltr'>ἑαυτοῦ</span> <span class='ocrx_word' id='word_1_140' title='bbox 663 2122 963 2192; x_wconf 81' lang='grc' dir='ltr'>εὐτέλειαν,</span> <span class='ocrx_word' id='word_1_141' title='bbox 992 2129 1084 2181; x_wconf 76' lang='grc' dir='ltr'><strong>καὶ</strong></span> <span class='ocrx_word' id='word_1_142' title='bbox 1135 2128 1302 2183; x_wconf 87' lang='grc' dir='ltr'>πόσον</span> <span class='ocrx_word' id='word_1_143' title='bbox 1336 2124 1697 2186; x_wconf 74' lang='grc' dir='ltr'>ἀπολείπεται</span> <span class='ocrx_word' id='word_1_144' title='bbox 1732 2133 1831 2204; x_wconf 85' lang='grc' dir='ltr'>τῆς</span> <span class='ocrx_word' id='word_1_145' title='bbox 1877 2134 1988 2188; x_wconf 79' lang='grc' dir='ltr'><strong>τῶν</strong></span> 
     </span>
    </p>
   </div>
   <div class='ocr_carea' id='block_1_22' title="bbox 412 2208 1989 2298">
    <p class='ocr_par' dir='ltr' id='par_1_22' title="bbox 412 2208 1989 2298">
     <span class='ocr_line' id='line_1_22' title="bbox 412 2208 1989 2298; baseline 0.01 -36"><span class='ocrx_word' id='word_1_146' title='bbox 412 2208 659 2282; x_wconf 79' lang='grc' dir='ltr'>ἀδελφῶν</span> <span class='ocrx_word' id='word_1_147' title='bbox 709 2214 1072 2289; x_wconf 81' lang='grc' dir='ltr'>τελειότητος,</span> <span class='ocrx_word' id='word_1_148' title='bbox 1112 2216 1220 2289; x_wconf 77' lang='grc' dir='ltr'><strong>γῆν</strong></span> <span class='ocrx_word' id='word_1_149' title='bbox 1264 2220 1359 2274; x_wconf 75' lang='grc' dir='ltr'>καὶ</span> <span class='ocrx_word' id='word_1_150' title='bbox 1405 2222 1604 2278; x_wconf 75' lang='grc' dir='ltr'>σποδὸν</span> <span class='ocrx_word' id='word_1_151' title='bbox 1634 2226 1660 2277; x_wconf 88' lang='grc' dir='ltr'>ὀ</span> <span class='ocrx_word' id='word_1_152' title='bbox 1698 2222 1989 2298; x_wconf 82' lang='grc' dir='ltr'>ἄνθρωπος</span> 
     </span>
    </p>
   </div>
   <div class='ocr_carea' id='block_1_23' title="bbox 414 2305 1988 2384">
    <p class='ocr_par' dir='ltr' id='par_1_23' title="bbox 414 2305 1988 2384">
     <span class='ocr_line' id='line_1_23' title="bbox 414 2305 1988 2384; baseline 0.011 -28"><span class='ocrx_word' id='word_1_153' title='bbox 414 2305 609 2359; x_wconf 75' lang='grc' dir='ltr'>ἑαυτὸν</span> <span class='ocrx_word' id='word_1_154' title='bbox 657 2306 961 2375; x_wconf 78' lang='grc' dir='ltr'>λογίζεται,</span> <span class='ocrx_word' id='word_1_155' title='bbox 993 2311 1092 2364; x_wconf 75' lang='grc' dir='ltr'><strong>καὶ</strong></span> <span class='ocrx_word' id='word_1_156' title='bbox 1147 2313 1249 2366; x_wconf 84' lang='grc' dir='ltr'>οὐκ</span> <span class='ocrx_word' id='word_1_157' title='bbox 1297 2313 1618 2384; x_wconf 79' lang='grc' dir='ltr'>ἄνθρωπον,</span> <span class='ocrx_word' id='word_1_158' title='bbox 1654 2316 1792 2372; x_wconf 81' lang='grc' dir='ltr'>ἀλλὰ</span> <span class='ocrx_word' id='word_1_159' title='bbox 1849 2318 1988 2373; x_wconf 87' lang='grc' dir='ltr'>κύνα</span> 
     </span>
    </p>
   </div>
   <div class='ocr_carea' id='block_1_24' title="bbox 411 2393 1990 2478">
    <p class='ocr_par' dir='ltr' id='par_1_24' title="bbox 411 2393 1990 2478">
     <span class='ocr_line' id='line_1_24' title="bbox 411 2393 1990 2478; baseline 0.013 -35"><span class='ocrx_word' id='word_1_160' title='bbox 411 2393 652 2457; x_wconf 78' lang='grc' dir='ltr'>τινὰ,ὡς</span> <span class='ocrx_word' id='word_1_161' title='bbox 689 2396 909 2451; x_wconf 74' lang='grc' dir='ltr'>πάντων</span> <span class='ocrx_word' id='word_1_162' title='bbox 948 2400 1044 2453; x_wconf 76' lang='grc' dir='ltr'>ἐπὶ</span> <span class='ocrx_word' id='word_1_163' title='bbox 1095 2401 1201 2472; x_wconf 81' lang='grc' dir='ltr'>γῆς</span> <span class='ocrx_word' id='word_1_164' title='bbox 1252 2402 1491 2472; x_wconf 82' lang='grc' dir='ltr'>λογικῶν</span> <span class='ocrx_word' id='word_1_165' title='bbox 1543 2405 1852 2478; x_wconf 84' lang='grc' dir='ltr'>ἀνθρώπων</span> <span class='ocrx_word' id='word_1_166' title='bbox 1906 2411 1990 2473; x_wconf 84' lang='grc' dir='ltr'><strong>είς</strong></span> 
     </span>
    </p>
   </div>
   <div class='ocr_carea' id='block_1_25' title="bbox 415 2485 1562 2568">
    <p class='ocr_par' dir='ltr' id='par_1_25' title="bbox 415 2485 1562 2568">
     <span class='ocr_line' id='line_1_25' title="bbox 415 2485 1562 2568; baseline 0.014 -31"><span class='ocrx_word' id='word_1_167' title='bbox 415 2485 593 2540; x_wconf 80' lang='grc' dir='ltr'>πάντα</span> <span class='ocrx_word' id='word_1_168' title='bbox 621 2487 949 2560; x_wconf 77' lang='grc' dir='ltr'>ὑστεροῦντα</span> <span class='ocrx_word' id='word_1_169' title='bbox 977 2491 1073 2546; x_wconf 77' lang='grc' dir='ltr'>καὶ</span> <span class='ocrx_word' id='word_1_170' title='bbox 1104 2492 1562 2568; x_wconf 79' lang='grc' dir='ltr'>ἀπολειπόμενον.</span> 
     </span>
    </p>
   </div>
   <div class='ocr_carea' id='block_1_26' title="bbox 486 2749 1992 2837">
    <p class='ocr_par' dir='ltr' id='par_1_26' title="bbox 486 2749 1992 2837">
     <span class='ocr_line' id='line_1_26' title="bbox 486 2749 1992 2837; baseline 0.006 -31"><span class='ocrx_word' id='word_1_171' title='bbox 486 2749 580 2818; x_wconf 72' lang='lat' dir='ltr'><strong>Ea&#39;.</strong></span> <span class='ocrx_word' id='word_1_172' title='bbox 611 2752 752 2823; x_wconf 74' lang='grc' dir='ltr'>Φησὶ</span> <span class='ocrx_word' id='word_1_173' title='bbox 806 2751 867 2808; x_wconf 83' lang='grc' dir='ltr'>τὺ</span> <span class='ocrx_word' id='word_1_174' title='bbox 929 2753 1025 2809; x_wconf 82' lang='grc' dir='ltr'>τοῦ</span> <span class='ocrx_word' id='word_1_175' title='bbox 1071 2757 1314 2828; x_wconf 83' lang='grc' dir='ltr'>Χριστοῦ</span> <span class='ocrx_word' id='word_1_176' title='bbox 1372 2761 1837 2832; x_wconf 85' lang='grc' dir='ltr'>στόμα,ὁστύλος</span> <span class='ocrx_word' id='word_1_177' title='bbox 1891 2767 1992 2837; x_wconf 75' lang='grc' dir='ltr'>τῆς</span> 
     </span>
    </p>
   </div>
   <div class='ocr_carea' id='block_1_27' title="bbox 428 2842 1993 2928">
    <p class='ocr_par' dir='ltr' id='par_1_27' title="bbox 428 2842 1993 2928">
     <span class='ocr_line' id='line_1_27' title="bbox 428 2842 1993 2928; baseline 0.009 -31"><span class='ocrx_word' id='word_1_178' title='bbox 428 2842 774 2915; x_wconf 74' lang='grc' dir='ltr'>Ἐκκλησίας,</span> <span class='ocrx_word' id='word_1_179' title='bbox 807 2846 836 2900; x_wconf 82' lang='grc' dir='ltr'>ὁ</span> <span class='ocrx_word' id='word_1_180' title='bbox 871 2847 1045 2917; x_wconf 80' lang='grc' dir='ltr'>μέγας</span> <span class='ocrx_word' id='word_1_181' title='bbox 1080 2846 1261 2920; x_wconf 79' lang='grc' dir='ltr'>πατὴρ</span> <span class='ocrx_word' id='word_1_182' title='bbox 1309 2846 1467 2922; x_wconf 72' lang='grc' dir='ltr'>ἡμῶν</span> <span class='ocrx_word' id='word_1_183' title='bbox 1495 2850 1802 2923; x_wconf 81' lang='grc' dir='ltr'>Βασίλειος,</span> <span class='ocrx_word' id='word_1_184' title='bbox 1832 2856 1993 2928; x_wconf 89' lang='grc' dir='ltr'>Μέγα</span> 
     </span>
    </p>
   </div>
   <div class='ocr_carea' id='block_1_28' title="bbox 416 2938 1990 3024">
    <p class='ocr_par' dir='ltr' id='par_1_28' title="bbox 416 2938 1990 3024">
     <span class='ocr_line' id='line_1_28' title="bbox 416 2938 1990 3024; baseline 0.01 -34"><span class='ocrx_word' id='word_1_185' title='bbox 416 2938 623 3006; x_wconf 81' lang='grc' dir='ltr'>ἀγαθὸν</span> <span class='ocrx_word' id='word_1_186' title='bbox 656 2939 794 3010; x_wconf 79' lang='grc' dir='ltr'>πρὸς</span> <span class='ocrx_word' id='word_1_187' title='bbox 841 2941 902 2995; x_wconf 78' lang='grc' dir='ltr'>τὸ</span> <span class='ocrx_word' id='word_1_188' title='bbox 942 2941 1019 3015; x_wconf 76' lang='grc' dir='ltr'>μὴ</span> <span class='ocrx_word' id='word_1_189' title='bbox 1062 2942 1425 3016; x_wconf 82' lang='grc' dir='ltr'>ἁμαρτάνειν,</span> <span class='ocrx_word' id='word_1_190' title='bbox 1460 2946 1595 3020; x_wconf 85' lang='grc' dir='ltr'>μηδὲ</span> <span class='ocrx_word' id='word_1_191' title='bbox 1619 2952 1686 3021; x_wconf 77' lang='grc' dir='ltr'>τῇ</span> <span class='ocrx_word' id='word_1_192' title='bbox 1720 2951 1990 3024; x_wconf 75' lang='grc' dir='ltr'>ἐρχομένῃ</span> 
     </span>
    </p>
   </div>
   <div class='ocr_carea' id='block_1_29' title="bbox 416 3028 1995 3112">
    <p class='ocr_par' dir='ltr' id='par_1_29' title="bbox 416 3028 1995 3112">
     <span class='ocr_line' id='line_1_29' title="bbox 416 3028 1995 3112; baseline 0.008 -30"><span class='ocrx_word' id='word_1_193' title='bbox 416 3031 601 3104; x_wconf 76' lang='grc' dir='ltr'>ἡμέρᾳ</span> <span class='ocrx_word' id='word_1_194' title='bbox 648 3033 763 3096; x_wconf 81' lang='grc' dir='ltr'>τοῖς</span> <span class='ocrx_word' id='word_1_195' title='bbox 813 3028 998 3098; x_wconf 75' lang='grc' dir='ltr'>αὐτοῖς</span> <span class='ocrx_word' id='word_1_196' title='bbox 1043 3035 1507 3105; x_wconf 82' lang='grc' dir='ltr'>περιπίπτειν,τό</span> <span class='ocrx_word' id='word_1_197' title='bbox 1546 3039 1688 3111; x_wconf 82' lang='grc' dir='ltr'>μετὰ</span> <span class='ocrx_word' id='word_1_198' title='bbox 1723 3040 1824 3112; x_wconf 84' lang='grc' dir='ltr'><strong>τὴν</strong></span> <span class='ocrx_word' id='word_1_199' title='bbox 1853 3042 1995 3095; x_wconf 84' lang='grc' dir='ltr'>ἁπο-</span> 
     </span>
    </p>
   </div>
   <div class='ocr_carea' id='block_1_30' title="bbox 2085 591 3658 664">
    <p class='ocr_par' dir='ltr' id='par_1_30' title="bbox 2085 591 3658 664">
     <span class='ocr_line' id='line_1_30' title="bbox 2085 591 3658 664; baseline 0.002 -20"><span class='ocrx_word' id='word_1_200' title='bbox 2085 606 2223 661; x_wconf 90' lang='lat' dir='ltr'><strong>puro</strong></span> <span class='ocrx_word' id='word_1_201' title='bbox 2255 599 2309 647; x_wconf 89' lang='lat' dir='ltr'><strong>et</strong></span> <span class='ocrx_word' id='word_1_202' title='bbox 2338 593 2518 647; x_wconf 91' lang='lat' dir='ltr'><strong>lucido</strong></span> <span class='ocrx_word' id='word_1_203' title='bbox 2555 593 2746 664; x_wconf 82' lang='lat' dir='ltr'><strong>angelo</strong></span> <span class='ocrx_word' id='word_1_204' title='bbox 2778 592 3093 662; x_wconf 83' lang='lat' dir='ltr'><strong>inquinatus</strong></span> <span class='ocrx_word' id='word_1_205' title='bbox 3119 601 3173 646; x_wconf 89' lang='lat' dir='ltr'><strong>et</strong></span> <span class='ocrx_word' id='word_1_206' title='bbox 3202 591 3449 662; x_wconf 85' lang='lat' dir='ltr'><strong>impurus</strong></span> <span class='ocrx_word' id='word_1_207' title='bbox 3476 592 3658 647; x_wconf 88' lang='lat' dir='ltr'><strong>decla—</strong></span> 
     </span>
    </p>
   </div>
   <div class='ocr_carea' id='block_1_31' title="bbox 2086 681 3658 753">
    <p class='ocr_par' dir='ltr' id='par_1_31' title="bbox 2086 681 3658 753">
     <span class='ocr_line' id='line_1_31' title="bbox 2086 681 3658 753; baseline 0.003 -18"><span class='ocrx_word' id='word_1_208' title='bbox 2086 691 2238 737; x_wconf 90' lang='lat' dir='ltr'><strong>ratus</strong></span> <span class='ocrx_word' id='word_1_209' title='bbox 2273 693 2377 738; x_wconf 88' lang='lat' dir='ltr'><strong>est.</strong></span> <span class='ocrx_word' id='word_1_210' title='bbox 2418 682 2562 748; x_wconf 82' lang='lat' dir='ltr'><strong>Quin</strong></span> <span class='ocrx_word' id='word_1_211' title='bbox 2601 684 2766 737; x_wconf 89' lang='lat' dir='ltr'><strong>etiam</strong></span> <span class='ocrx_word' id='word_1_212' title='bbox 2813 684 2956 753; x_wconf 86' lang='lat' dir='ltr'><strong>apud</strong></span> <span class='ocrx_word' id='word_1_213' title='bbox 2999 681 3309 748; x_wconf 88' lang='lat' dir='ltr'><strong>Dominum,</strong></span> <span class='ocrx_word' id='word_1_214' title='bbox 3349 682 3658 753; x_wconf 78' lang='lat' dir='ltr'><strong>quicunque</strong></span> 
     </span>
    </p>
   </div>
   <div class='ocr_carea' id='block_1_32' title="bbox 2086 774 3656 844">
    <p class='ocr_par' dir='ltr' id='par_1_32' title="bbox 2086 774 3656 844">
     <span class='ocr_line' id='line_1_32' title="bbox 2086 774 3656 844; baseline 0.001 -15"><span class='ocrx_word' id='word_1_215' title='bbox 2086 775 2322 844; x_wconf 89' lang='lat' dir='ltr'><strong>superbo</strong></span> <span class='ocrx_word' id='word_1_216' title='bbox 2370 784 2457 830; x_wconf 90' lang='lat' dir='ltr'><strong>est</strong></span> <span class='ocrx_word' id='word_1_217' title='bbox 2505 774 2702 840; x_wconf 88' lang='lat' dir='ltr'><strong>corde,</strong></span> <span class='ocrx_word' id='word_1_218' title='bbox 2750 775 3065 829; x_wconf 84' lang='lat' dir='ltr'><strong>immundus</strong></span> <span class='ocrx_word' id='word_1_219' title='bbox 3117 774 3365 830; x_wconf 86' lang='lat' dir='ltr'><strong>habetur.</strong></span> <span class='ocrx_word' id='word_1_220' title='bbox 3417 775 3656 830; x_wconf 88' lang='lat' dir='ltr'><strong>Primum</strong></span> 
     </span>
    </p>
   </div>
   <div class='ocr_carea' id='block_1_33' title="bbox 2084 862 3657 937">
    <p class='ocr_par' dir='ltr' id='par_1_33' title="bbox 2084 862 3657 937">
     <span class='ocr_line' id='line_1_33' title="bbox 2084 862 3657 937; baseline 0 -16"><span class='ocrx_word' id='word_1_221' title='bbox 2084 867 2232 921; x_wconf 86' lang='lat' dir='ltr'><strong>enim</strong></span> <span class='ocrx_word' id='word_1_222' title='bbox 2258 874 2563 937; x_wconf 86' lang='lat' dir='ltr'><strong>peccatum,</strong></span> <span class='ocrx_word' id='word_1_223' title='bbox 2591 862 2786 935; x_wconf 83' lang='lat' dir='ltr'><strong>inquit,</strong></span> <span class='ocrx_word' id='word_1_224' title='bbox 2815 876 2896 920; x_wconf 90' lang='lat' dir='ltr'><strong>cst</strong></span> <span class='ocrx_word' id='word_1_225' title='bbox 2926 867 3198 936; x_wconf 76' lang='lat' dir='ltr'><strong>superbia.</strong></span> <span class='ocrx_word' id='word_1_226' title='bbox 3228 866 3295 921; x_wconf 86' lang='lat' dir='ltr'><strong>Et</strong></span> <span class='ocrx_word' id='word_1_227' title='bbox 3317 867 3463 921; x_wconf 92' lang='lat' dir='ltr'><strong>hunc</strong></span> <span class='ocrx_word' id='word_1_228' title='bbox 3494 868 3657 922; x_wconf 85' lang='lat' dir='ltr'><strong>etiam</strong></span> 
     </span>
    </p>
   </div>
   <div class='ocr_carea' id='block_1_34' title="bbox 2085 954 3655 1026">
    <p class='ocr_par' dir='ltr' id='par_1_34' title="bbox 2085 954 3655 1026">
     <span class='ocr_line' id='line_1_34' title="bbox 2085 954 3655 1026; baseline -0.001 -16"><span class='ocrx_word' id='word_1_229' title='bbox 2085 956 2141 1010; x_wconf 92' lang='lat' dir='ltr'><strong>in</strong></span> <span class='ocrx_word' id='word_1_230' title='bbox 2182 957 2401 1012; x_wconf 90' lang='lat' dir='ltr'><strong>modum</strong></span> <span class='ocrx_word' id='word_1_231' title='bbox 2444 956 2713 1026; x_wconf 81' lang='lat' dir='ltr'><strong>superbus</strong></span> <span class='ocrx_word' id='word_1_232' title='bbox 2743 955 2956 1011; x_wconf 81' lang='lat' dir='ltr'><strong>Pharao</strong></span> <span class='ocrx_word' id='word_1_233' title='bbox 2987 954 3198 1012; x_wconf 88' lang='lat' dir='ltr'><strong>dicebat</strong></span> <span class='ocrx_word' id='word_1_234' title='bbox 3234 976 3247 1009; x_wconf 86' lang='lat'><strong>:</strong></span> <span class='ocrx_word' id='word_1_235' title='bbox 3279 957 3447 1011; x_wconf 80' lang='lat' dir='ltr'><strong>Deum</strong></span> <span class='ocrx_word' id='word_1_236' title='bbox 3486 967 3655 1022; x_wconf 86' lang='lat' dir='ltr'><strong>tuum,</strong></span> 
     </span>
    </p>
   </div>
   <div class='ocr_carea' id='block_1_35' title="bbox 2085 1041 3372 1115">
    <p class='ocr_par' dir='ltr' id='par_1_35' title="bbox 2085 1041 3372 1115">
     <span class='ocr_line' id='line_1_35' title="bbox 2085 1041 3372 1115; baseline -0.003 -16"><span class='ocrx_word' id='word_1_237' title='bbox 2085 1045 2281 1115; x_wconf 90' lang='lat' dir='ltr'><strong>inquit,</strong></span> <span class='ocrx_word' id='word_1_238' title='bbox 2318 1062 2421 1099; x_wconf 84' lang='lat' dir='ltr'><strong>non</strong></span> <span class='ocrx_word' id='word_1_239' title='bbox 2453 1044 2592 1111; x_wconf 79' lang='lat' dir='ltr'><strong>novi,</strong></span> <span class='ocrx_word' id='word_1_240' title='bbox 2616 1053 2665 1098; x_wconf 82' lang='lat' dir='ltr'><strong>et</strong></span> <span class='ocrx_word' id='word_1_241' title='bbox 2690 1041 2865 1097; x_wconf 83' lang='lat' dir='ltr'><strong>Israel</strong></span> <span class='ocrx_word' id='word_1_242' title='bbox 2894 1060 2995 1096; x_wconf 83' lang='lat' dir='ltr'><strong>non</strong></span> <span class='ocrx_word' id='word_1_243' title='bbox 3025 1043 3285 1096; x_wconf 74' lang='lat' dir='ltr'><strong>dimittam</strong></span> <span class='ocrx_word' id='word_1_244' title='bbox 3307 1044 3372 1096; x_wconf 77' lang='grc'>⁷⁸.</span> 
     </span>
    </p>
   </div>
   <div class='ocr_carea' id='block_1_36' title="bbox 2157 1132 3659 1206">
    <p class='ocr_par' dir='ltr' id='par_1_36' title="bbox 2157 1132 3659 1206">
     <span class='ocr_line' id='line_1_36' title="bbox 2157 1132 3659 1206; baseline -0.004 -15"><span class='ocrx_word' id='word_1_245' title='bbox 2157 1136 2246 1191; x_wconf 70' lang='lat' dir='ltr'><strong>6i.</strong></span> <span class='ocrx_word' id='word_1_246' title='bbox 2290 1136 2425 1192; x_wconf 88' lang='lat' dir='ltr'><strong>Sunt</strong></span> <span class='ocrx_word' id='word_1_247' title='bbox 2464 1148 2645 1192; x_wconf 87' lang='lat' dir='ltr'><strong>autem</strong></span> <span class='ocrx_word' id='word_1_248' title='bbox 2689 1132 2973 1206; x_wconf 71' lang='lat' dir='ltr'><strong>permulta:</strong></span> <span class='ocrx_word' id='word_1_249' title='bbox 3008 1134 3207 1188; x_wconf 89' lang='lat' dir='ltr'><strong>mentis</strong></span> <span class='ocrx_word' id='word_1_250' title='bbox 3235 1133 3498 1196; x_wconf 79' lang='lat' dir='ltr'><strong>actiones,</strong></span> <span class='ocrx_word' id='word_1_251' title='bbox 3538 1147 3659 1202; x_wconf 72' lang='lat' dir='ltr'><strong>qua:</strong></span> 
     </span>
    </p>
   </div>
   <div class='ocr_carea' id='block_1_37' title="bbox 2086 1225 3659 1299">
    <p class='ocr_par' dir='ltr' id='par_1_37' title="bbox 2086 1225 3659 1299">
     <span class='ocr_line' id='line_1_37' title="bbox 2086 1225 3659 1299; baseline -0.003 -16"><span class='ocrx_word' id='word_1_252' title='bbox 2086 1243 2188 1283; x_wconf 90' lang='lat' dir='ltr'><strong>nos</strong></span> <span class='ocrx_word' id='word_1_253' title='bbox 2221 1228 2410 1298; x_wconf 89' lang='lat' dir='ltr'><strong>juvare</strong></span> <span class='ocrx_word' id='word_1_254' title='bbox 2450 1237 2682 1299; x_wconf 85' lang='lat' dir='ltr'><strong>possunt</strong></span> <span class='ocrx_word' id='word_1_255' title='bbox 2724 1227 2792 1282; x_wconf 89' lang='lat' dir='ltr'><strong>ad</strong></span> <span class='ocrx_word' id='word_1_256' title='bbox 2834 1225 3221 1281; x_wconf 85' lang='lat' dir='ltr'><strong>vindicandum</strong></span> <span class='ocrx_word' id='word_1_257' title='bbox 3268 1227 3397 1280; x_wconf 90' lang='lat' dir='ltr'><strong>illud</strong></span> <span class='ocrx_word' id='word_1_258' title='bbox 3437 1227 3659 1295; x_wconf 77' lang='lat' dir='ltr'><strong>praecla-</strong></span> 
     </span>
    </p>
   </div>
   <div class='ocr_carea' id='block_1_38' title="bbox 2085 1316 3660 1381">
    <p class='ocr_par' dir='ltr' id='par_1_38' title="bbox 2085 1316 3660 1381">
     <span class='ocr_line' id='line_1_38' title="bbox 2085 1316 3660 1381; baseline -0.001 -9"><span class='ocrx_word' id='word_1_259' title='bbox 2085 1334 2207 1372; x_wconf 91' lang='lat' dir='ltr'><strong>rum</strong></span> <span class='ocrx_word' id='word_1_260' title='bbox 2254 1318 2575 1372; x_wconf 75' lang='lat' dir='ltr'><strong>humilitatis</strong></span> <span class='ocrx_word' id='word_1_261' title='bbox 2622 1319 2847 1381; x_wconf 89' lang='lat' dir='ltr'><strong>donum,</strong></span> <span class='ocrx_word' id='word_1_262' title='bbox 2896 1317 3058 1372; x_wconf 90' lang='lat' dir='ltr'><strong>modo</strong></span> <span class='ocrx_word' id='word_1_263' title='bbox 3108 1316 3323 1371; x_wconf 85' lang='lat' dir='ltr'><strong>solliciti</strong></span> <span class='ocrx_word' id='word_1_264' title='bbox 3372 1317 3541 1371; x_wconf 91' lang='lat' dir='ltr'><strong>simus</strong></span> <span class='ocrx_word' id='word_1_265' title='bbox 3591 1317 3660 1370; x_wconf 85' lang='lat' dir='ltr'><strong>de</strong></span> 
     </span>
    </p>
   </div>
   <div class='ocr_carea' id='block_1_39' title="bbox 2086 1408 3661 1480">
    <p class='ocr_par' dir='ltr' id='par_1_39' title="bbox 2086 1408 3661 1480">
     <span class='ocr_line' id='line_1_39' title="bbox 2086 1408 3661 1480; baseline -0.003 -15"><span class='ocrx_word' id='word_1_266' title='bbox 2086 1410 2260 1465; x_wconf 85' lang='lat' dir='ltr'><strong>salute</strong></span> <span class='ocrx_word' id='word_1_267' title='bbox 2309 1418 2494 1464; x_wconf 87' lang='lat' dir='ltr'><strong>nostra</strong></span> <span class='ocrx_word' id='word_1_268' title='bbox 2532 1429 2543 1463; x_wconf 90' lang='lat'>:</span> <span class='ocrx_word' id='word_1_269' title='bbox 2586 1410 2737 1464; x_wconf 89' lang='lat' dir='ltr'><strong>verbi</strong></span> <span class='ocrx_word' id='word_1_270' title='bbox 2789 1411 2996 1480; x_wconf 88' lang='lat' dir='ltr'><strong>gratia,</strong></span> <span class='ocrx_word' id='word_1_271' title='bbox 3047 1408 3349 1464; x_wconf 83' lang='lat' dir='ltr'><strong>recordatio</strong></span> <span class='ocrx_word' id='word_1_272' title='bbox 3408 1418 3661 1479; x_wconf 81' lang='lat' dir='ltr'><strong>peccato-</strong></span> 
     </span>
    </p>
   </div>
   <div class='ocr_carea' id='block_1_40' title="bbox 2086 1501 3660 1572">
    <p class='ocr_par' dir='ltr' id='par_1_40' title="bbox 2086 1501 3660 1572">
     <span class='ocr_line' id='line_1_40' title="bbox 2086 1501 3660 1572; baseline 0 -16"><span class='ocrx_word' id='word_1_273' title='bbox 2086 1519 2231 1564; x_wconf 87' lang='lat' dir='ltr'><strong>rum,</strong></span> <span class='ocrx_word' id='word_1_274' title='bbox 2263 1518 2383 1571; x_wconf 77' lang='lat' dir='ltr'><strong>qua:</strong></span> <span class='ocrx_word' id='word_1_275' title='bbox 2414 1503 2619 1565; x_wconf 78' lang='lat' dir='ltr'><strong>verbis,</strong></span> <span class='ocrx_word' id='word_1_276' title='bbox 2659 1502 2937 1572; x_wconf 85' lang='lat' dir='ltr'><strong>operibus,</strong></span> <span class='ocrx_word' id='word_1_277' title='bbox 2975 1512 3032 1556; x_wconf 89' lang='lat' dir='ltr'><strong>et</strong></span> <span class='ocrx_word' id='word_1_278' title='bbox 3068 1501 3398 1572; x_wconf 83' lang='lat' dir='ltr'><strong>cogitatione</strong></span> <span class='ocrx_word' id='word_1_279' title='bbox 3440 1512 3660 1557; x_wconf 81' lang='lat' dir='ltr'><strong>contra-</strong></span> 
     </span>
    </p>
   </div>
   <div class='ocr_carea' id='block_1_41' title="bbox 2087 1591 3658 1663">
    <p class='ocr_par' dir='ltr' id='par_1_41' title="bbox 2087 1591 3658 1663">
     <span class='ocr_line' id='line_1_41' title="bbox 2087 1591 3658 1663; baseline -0.001 -16"><span class='ocrx_word' id='word_1_280' title='bbox 2087 1592 2269 1647; x_wconf 84' lang='lat' dir='ltr'><strong>bimus</strong></span> <span class='ocrx_word' id='word_1_281' title='bbox 2303 1610 2317 1646; x_wconf 89' lang='lat'><strong>:</strong></span> <span class='ocrx_word' id='word_1_282' title='bbox 2354 1600 2410 1647; x_wconf 88' lang='lat' dir='ltr'><strong>et</strong></span> <span class='ocrx_word' id='word_1_283' title='bbox 2461 1592 2565 1646; x_wconf 88' lang='lat' dir='ltr'><strong>alia</strong></span> <span class='ocrx_word' id='word_1_284' title='bbox 2618 1591 2882 1661; x_wconf 89' lang='lat' dir='ltr'><strong>plurima,</strong></span> <span class='ocrx_word' id='word_1_285' title='bbox 2931 1606 3052 1661; x_wconf 60' lang='lat' dir='ltr'><strong>qua!</strong></span> <span class='ocrx_word' id='word_1_286' title='bbox 3103 1592 3432 1661; x_wconf 76' lang='lat' dir='ltr'><strong>Speculando</strong></span> <span class='ocrx_word' id='word_1_287' title='bbox 3485 1593 3658 1663; x_wconf 78' lang='lat' dir='ltr'><strong>colligi</strong></span> 
     </span>
    </p>
   </div>
   <div class='ocr_carea' id='block_1_42' title="bbox 2087 1682 3661 1754">
    <p class='ocr_par' dir='ltr' id='par_1_42' title="bbox 2087 1682 3661 1754">
     <span class='ocr_line' id='line_1_42' title="bbox 2087 1682 3661 1754; baseline 0 -17"><span class='ocrx_word' id='word_1_288' title='bbox 2087 1693 2334 1754; x_wconf 88' lang='lat' dir='ltr'><strong>possunt,</strong></span> <span class='ocrx_word' id='word_1_289' title='bbox 2369 1682 2619 1753; x_wconf 88' lang='lat' dir='ltr'><strong>perutilia</strong></span> <span class='ocrx_word' id='word_1_290' title='bbox 2655 1691 2783 1737; x_wconf 91' lang='lat' dir='ltr'><strong>sunt</strong></span> <span class='ocrx_word' id='word_1_291' title='bbox 2821 1682 2983 1736; x_wconf 86' lang='lat' dir='ltr'><strong>nobis</strong></span> <span class='ocrx_word' id='word_1_292' title='bbox 3013 1682 3077 1735; x_wconf 87' lang='lat' dir='ltr'><strong>a-l</strong></span> <span class='ocrx_word' id='word_1_293' title='bbox 3112 1682 3491 1736; x_wconf 80' lang='lat' dir='ltr'><strong>humilitatem.</strong></span> <span class='ocrx_word' id='word_1_294' title='bbox 3521 1682 3661 1739; x_wconf 82' lang='lat' dir='ltr'><strong>Nec—</strong></span> 
     </span>
    </p>
   </div>
   <div class='ocr_carea' id='block_1_43' title="bbox 2086 1772 3662 1843">
    <p class='ocr_par' dir='ltr' id='par_1_43' title="bbox 2086 1772 3662 1843">
     <span class='ocr_line' id='line_1_43' title="bbox 2086 1772 3662 1843; baseline 0 -16"><span class='ocrx_word' id='word_1_295' title='bbox 2086 1788 2196 1828; x_wconf 90' lang='lat' dir='ltr'><strong>non</strong></span> <span class='ocrx_word' id='word_1_296' title='bbox 2229 1772 2361 1828; x_wconf 92' lang='lat' dir='ltr'><strong>illud</strong></span> <span class='ocrx_word' id='word_1_297' title='bbox 2388 1788 2574 1827; x_wconf 89' lang='lat' dir='ltr'><strong>veram</strong></span> <span class='ocrx_word' id='word_1_298' title='bbox 2611 1773 2975 1827; x_wconf 81' lang='lat' dir='ltr'><strong>humilitatem</strong></span> <span class='ocrx_word' id='word_1_299' title='bbox 3003 1772 3165 1843; x_wconf 86' lang='lat' dir='ltr'><strong>parit,</strong></span> <span class='ocrx_word' id='word_1_300' title='bbox 3194 1772 3236 1828; x_wconf 91' lang='lat' dir='ltr'><strong>si</strong></span> <span class='ocrx_word' id='word_1_301' title='bbox 3267 1773 3389 1842; x_wconf 92' lang='lat' dir='ltr'><strong>quis</strong></span> <span class='ocrx_word' id='word_1_302' title='bbox 3424 1788 3508 1826; x_wconf 88' lang='lat' dir='ltr'><strong>res</strong></span> <span class='ocrx_word' id='word_1_303' title='bbox 3542 1790 3662 1842; x_wconf 76' lang='lat' dir='ltr'><strong>qua:</strong></span> 
     </span>
    </p>
   </div>
   <div class='ocr_carea' id='block_1_44' title="bbox 2088 1866 3663 1939">
    <p class='ocr_par' dir='ltr' id='par_1_44' title="bbox 2088 1866 3663 1939">
     <span class='ocr_line' id='line_1_44' title="bbox 2088 1866 3663 1939; baseline 0 -18"><span class='ocrx_word' id='word_1_304' title='bbox 2088 1868 2332 1937; x_wconf 88' lang='lat' dir='ltr'><strong>quotidie</strong></span> <span class='ocrx_word' id='word_1_305' title='bbox 2364 1883 2623 1938; x_wconf 90' lang='lat' dir='ltr'><strong>prospere</strong></span> <span class='ocrx_word' id='word_1_306' title='bbox 2658 1875 2941 1939; x_wconf 78' lang='lat' dir='ltr'><strong>geruntur,</strong></span> <span class='ocrx_word' id='word_1_307' title='bbox 2977 1883 3006 1922; x_wconf 89' lang='lat' dir='ltr'><strong>a</strong></span> <span class='ocrx_word' id='word_1_308' title='bbox 3042 1867 3324 1938; x_wconf 82' lang='lat' dir='ltr'><strong>proximis,</strong></span> <span class='ocrx_word' id='word_1_309' title='bbox 3361 1866 3499 1921; x_wconf 89' lang='lat' dir='ltr'><strong>inter</strong></span> <span class='ocrx_word' id='word_1_310' title='bbox 3527 1881 3663 1936; x_wconf 89' lang='lat' dir='ltr'><strong>quos</strong></span> 
     </span>
    </p>
   </div>
   <div class='ocr_carea' id='block_1_45' title="bbox 2019 1958 3661 2029">
    <p class='ocr_par' dir='ltr' id='par_1_45' title="bbox 2019 1958 3661 2029">
     <span class='ocr_line' id='line_1_45' title="bbox 2019 1958 3661 2029; baseline -0.002 -15"><span class='ocrx_word' id='word_1_311' title='bbox 2019 2016 2026 2027; x_wconf 65' lang='grc'><strong>,</strong></span> <span class='ocrx_word' id='word_1_312' title='bbox 2089 1967 2358 2025; x_wconf 86' lang='lat' dir='ltr'><strong>versatur,</strong></span> <span class='ocrx_word' id='word_1_313' title='bbox 2395 1968 2450 2013; x_wconf 92' lang='lat' dir='ltr'><strong>et</strong></span> <span class='ocrx_word' id='word_1_314' title='bbox 2498 1958 2600 2012; x_wconf 88' lang='lat' dir='ltr'><strong>alia</strong></span> <span class='ocrx_word' id='word_1_315' title='bbox 2639 1974 2760 2029; x_wconf 65' lang='lat' dir='ltr'><strong>quae</strong></span> <span class='ocrx_word' id='word_1_316' title='bbox 2799 1968 2993 2013; x_wconf 89' lang='lat' dir='ltr'><strong>natura</strong></span> <span class='ocrx_word' id='word_1_317' title='bbox 3037 1958 3348 2029; x_wconf 86' lang='lat' dir='ltr'><strong>suppeditat</strong></span> <span class='ocrx_word' id='word_1_318' title='bbox 3389 1958 3488 2022; x_wconf 84' lang='lat' dir='ltr'><strong>eis,</strong></span> <span class='ocrx_word' id='word_1_319' title='bbox 3534 1974 3661 2027; x_wconf 90' lang='lat' dir='ltr'><strong>pos-</strong></span> 
     </span>
    </p>
   </div>
   <div class='ocr_carea' id='block_1_46' title="bbox 2088 2048 3662 2120">
    <p class='ocr_par' dir='ltr' id='par_1_46' title="bbox 2088 2048 3662 2120">
     <span class='ocr_line' id='line_1_46' title="bbox 2088 2048 3662 2120; baseline -0.004 -14"><span class='ocrx_word' id='word_1_320' title='bbox 2088 2050 2359 2106; x_wconf 84' lang='lat' dir='ltr'><strong>sessiones</strong></span> <span class='ocrx_word' id='word_1_321' title='bbox 2391 2049 2544 2116; x_wconf 87' lang='lat' dir='ltr'><strong>item,</strong></span> <span class='ocrx_word' id='word_1_322' title='bbox 2576 2049 2719 2119; x_wconf 89' lang='lat' dir='ltr'><strong>apud</strong></span> <span class='ocrx_word' id='word_1_323' title='bbox 2754 2049 2994 2119; x_wconf 85' lang='lat' dir='ltr'><strong>seipsum</strong></span> <span class='ocrx_word' id='word_1_324' title='bbox 3033 2048 3380 2120; x_wconf 86' lang='lat' dir='ltr'><strong>magnilaciat</strong></span> <span class='ocrx_word' id='word_1_325' title='bbox 3407 2067 3419 2103; x_wconf 88' lang='lat'>:</span> <span class='ocrx_word' id='word_1_326' title='bbox 3452 2063 3662 2102; x_wconf 84' lang='lat' dir='ltr'><strong>rerum-</strong></span> 
     </span>
    </p>
   </div>
   <div class='ocr_carea' id='block_1_47' title="bbox 2089 2136 3661 2209">
    <p class='ocr_par' dir='ltr' id='par_1_47' title="bbox 2089 2136 3661 2209">
     <span class='ocr_line' id='line_1_47' title="bbox 2089 2136 3661 2209; baseline -0.002 -16"><span class='ocrx_word' id='word_1_327' title='bbox 2089 2154 2194 2209; x_wconf 90' lang='lat' dir='ltr'><strong>que</strong></span> <span class='ocrx_word' id='word_1_328' title='bbox 2227 2138 2295 2195; x_wconf 91' lang='lat' dir='ltr'><strong>ad</strong></span> <span class='ocrx_word' id='word_1_329' title='bbox 2328 2153 2424 2195; x_wconf 84' lang='lat' dir='ltr'><strong>eos</strong></span> <span class='ocrx_word' id='word_1_330' title='bbox 2454 2138 2850 2209; x_wconf 89' lang='lat' dir='ltr'><strong>pertinentium</strong></span> <span class='ocrx_word' id='word_1_331' title='bbox 2880 2153 3005 2197; x_wconf 88' lang='lat' dir='ltr'><strong>cum</strong></span> <span class='ocrx_word' id='word_1_332' title='bbox 3040 2137 3155 2192; x_wconf 91' lang='lat' dir='ltr'><strong>suis</strong></span> <span class='ocrx_word' id='word_1_333' title='bbox 3182 2138 3470 2192; x_wconf 85' lang='lat' dir='ltr'><strong>collatione</strong></span> <span class='ocrx_word' id='word_1_334' title='bbox 3501 2136 3661 2204; x_wconf 82' lang='lat' dir='ltr'><strong>facta,</strong></span> 
     </span>
    </p>
   </div>
   <div class='ocr_carea' id='block_1_48' title="bbox 2091 2228 3662 2302">
    <p class='ocr_par' dir='ltr' id='par_1_48' title="bbox 2091 2228 3662 2302">
     <span class='ocr_line' id='line_1_48' title="bbox 2091 2228 3662 2302; baseline -0.001 -16"><span class='ocrx_word' id='word_1_335' title='bbox 2091 2232 2163 2287; x_wconf 86' lang='lat' dir='ltr'><strong>ita</strong></span> <span class='ocrx_word' id='word_1_336' title='bbox 2204 2231 2609 2302; x_wconf 88' lang='lat' dir='ltr'><strong>contempletur</strong></span> <span class='ocrx_word' id='word_1_337' title='bbox 2645 2230 2828 2286; x_wconf 91' lang='lat' dir='ltr'><strong>animo</strong></span> <span class='ocrx_word' id='word_1_338' title='bbox 2866 2245 3019 2285; x_wconf 88' lang='lat' dir='ltr'><strong>suam</strong></span> <span class='ocrx_word' id='word_1_339' title='bbox 3063 2228 3379 2297; x_wconf 81' lang='lat' dir='ltr'><strong>exilitatem,</strong></span> <span class='ocrx_word' id='word_1_340' title='bbox 3412 2238 3467 2284; x_wconf 93' lang='lat' dir='ltr'><strong>et</strong></span> <span class='ocrx_word' id='word_1_341' title='bbox 3502 2246 3662 2298; x_wconf 89' lang='lat' dir='ltr'><strong>quam</strong></span> 
     </span>
    </p>
   </div>
   <div class='ocr_carea' id='block_1_49' title="bbox 2089 2319 3662 2392">
    <p class='ocr_par' dir='ltr' id='par_1_49' title="bbox 2089 2319 3662 2392">
     <span class='ocr_line' id='line_1_49' title="bbox 2089 2319 3662 2392; baseline -0.001 -17"><span class='ocrx_word' id='word_1_342' title='bbox 2089 2321 2247 2392; x_wconf 84' lang='lat' dir='ltr'><strong>longe</strong></span> <span class='ocrx_word' id='word_1_343' title='bbox 2279 2321 2422 2377; x_wconf 89' lang='lat' dir='ltr'><strong>absit</strong></span> <span class='ocrx_word' id='word_1_344' title='bbox 2454 2321 2522 2376; x_wconf 92' lang='lat' dir='ltr'><strong>ab</strong></span> <span class='ocrx_word' id='word_1_345' title='bbox 2555 2336 2742 2376; x_wconf 85' lang='lat' dir='ltr'><strong>eorum</strong></span> <span class='ocrx_word' id='word_1_346' title='bbox 2784 2319 3138 2391; x_wconf 78' lang='lat' dir='ltr'><strong>perfectione,</strong></span> <span class='ocrx_word' id='word_1_347' title='bbox 3172 2330 3369 2375; x_wconf 83' lang='lat' dir='ltr'><strong>terram</strong></span> <span class='ocrx_word' id='word_1_348' title='bbox 3411 2336 3474 2374; x_wconf 90' lang='lat' dir='ltr'><strong>ac</strong></span> <span class='ocrx_word' id='word_1_349' title='bbox 3511 2320 3662 2375; x_wconf 89' lang='lat' dir='ltr'><strong>cine-</strong></span> 
     </span>
    </p>
   </div>
   <div class='ocr_carea' id='block_1_50' title="bbox 2090 2408 3665 2482">
    <p class='ocr_par' dir='ltr' id='par_1_50' title="bbox 2090 2408 3665 2482">
     <span class='ocr_line' id='line_1_50' title="bbox 2090 2408 3665 2482; baseline 0 -18"><span class='ocrx_word' id='word_1_350' title='bbox 2090 2427 2207 2468; x_wconf 88' lang='lat' dir='ltr'><strong>rem</strong></span> <span class='ocrx_word' id='word_1_351' title='bbox 2247 2413 2491 2482; x_wconf 89' lang='lat' dir='ltr'><strong>seipsum</strong></span> <span class='ocrx_word' id='word_1_352' title='bbox 2531 2409 2825 2477; x_wconf 76' lang='lat' dir='ltr'><strong>existimet,</strong></span> <span class='ocrx_word' id='word_1_353' title='bbox 2860 2419 2915 2467; x_wconf 88' lang='lat' dir='ltr'><strong>et</strong></span> <span class='ocrx_word' id='word_1_354' title='bbox 2955 2427 3067 2466; x_wconf 90' lang='lat' dir='ltr'><strong>non</strong></span> <span class='ocrx_word' id='word_1_355' title='bbox 3110 2410 3408 2476; x_wconf 87' lang='lat' dir='ltr'><strong>hominem,</strong></span> <span class='ocrx_word' id='word_1_356' title='bbox 3439 2408 3531 2465; x_wconf 85' lang='lat' dir='ltr'><strong>sed</strong></span> <span class='ocrx_word' id='word_1_357' title='bbox 3573 2425 3665 2464; x_wconf 87' lang='lat' dir='ltr'><strong>ca-</strong></span> 
     </span>
    </p>
   </div>
   <div class='ocr_carea' id='block_1_51' title="bbox 2090 2501 3666 2573">
    <p class='ocr_par' dir='ltr' id='par_1_51' title="bbox 2090 2501 3666 2573">
     <span class='ocr_line' id='line_1_51' title="bbox 2090 2501 3666 2573; baseline -0.005 -15"><span class='ocrx_word' id='word_1_358' title='bbox 2090 2519 2216 2558; x_wconf 90' lang='lat' dir='ltr'><strong>nem</strong></span> <span class='ocrx_word' id='word_1_359' title='bbox 2253 2502 2543 2573; x_wconf 88' lang='lat' dir='ltr'><strong>quemdam</strong></span> <span class='ocrx_word' id='word_1_360' title='bbox 2571 2544 2586 2570; x_wconf 94' lang='lat'><strong>,</strong></span> <span class='ocrx_word' id='word_1_361' title='bbox 2643 2503 2790 2559; x_wconf 88' lang='lat' dir='ltr'><strong>velut</strong></span> <span class='ocrx_word' id='word_1_362' title='bbox 2816 2511 3136 2558; x_wconf 89' lang='lat' dir='ltr'><strong>cunctorum</strong></span> <span class='ocrx_word' id='word_1_363' title='bbox 3174 2502 3264 2572; x_wconf 88' lang='lat' dir='ltr'><strong>qui</strong></span> <span class='ocrx_word' id='word_1_364' title='bbox 3296 2502 3349 2556; x_wconf 92' lang='lat' dir='ltr'><strong>iu</strong></span> <span class='ocrx_word' id='word_1_365' title='bbox 3386 2510 3527 2556; x_wconf 88' lang='lat' dir='ltr'><strong>terra</strong></span> <span class='ocrx_word' id='word_1_366' title='bbox 3567 2501 3666 2556; x_wconf 78' lang='lat' dir='ltr'><strong>de.-</strong></span> 
     </span>
    </p>
   </div>
   <div class='ocr_carea' id='block_1_52' title="bbox 2092 2592 3667 2665">
    <p class='ocr_par' dir='ltr' id='par_1_52' title="bbox 2092 2592 3667 2665">
     <span class='ocr_line' id='line_1_52' title="bbox 2092 2592 3667 2665; baseline -0.001 -17"><span class='ocrx_word' id='word_1_367' title='bbox 2092 2605 2228 2665; x_wconf 84' lang='lat' dir='ltr'><strong>gunt</strong></span> <span class='ocrx_word' id='word_1_368' title='bbox 2269 2593 2553 2648; x_wconf 87' lang='lat' dir='ltr'><strong>hominum</strong></span> <span class='ocrx_word' id='word_1_369' title='bbox 2599 2593 2949 2648; x_wconf 85' lang='lat' dir='ltr'><strong>rationalium</strong></span> <span class='ocrx_word' id='word_1_370' title='bbox 2996 2592 3050 2648; x_wconf 89' lang='lat' dir='ltr'><strong>in</strong></span> <span class='ocrx_word' id='word_1_371' title='bbox 3095 2592 3244 2648; x_wconf 88' lang='lat' dir='ltr'><strong>omni</strong></span> <span class='ocrx_word' id='word_1_372' title='bbox 3299 2607 3499 2664; x_wconf 80' lang='lat' dir='ltr'><strong>genere</strong></span> <span class='ocrx_word' id='word_1_373' title='bbox 3541 2592 3667 2647; x_wconf 79' lang='lat' dir='ltr'><strong>inti-</strong></span> 
     </span>
    </p>
   </div>
   <div class='ocr_carea' id='block_1_53' title="bbox 2092 2692 2717 2756">
    <p class='ocr_par' dir='ltr' id='par_1_53' title="bbox 2092 2692 2717 2756">
     <span class='ocr_line' id='line_1_53' title="bbox 2092 2692 2717 2756; baseline 0 -18"><span class='ocrx_word' id='word_1_374' title='bbox 2092 2699 2243 2739; x_wconf 91' lang='lat' dir='ltr'><strong>mum</strong></span> <span class='ocrx_word' id='word_1_375' title='bbox 2272 2692 2328 2739; x_wconf 92' lang='lat' dir='ltr'><strong>et</strong></span> <span class='ocrx_word' id='word_1_376' title='bbox 2359 2693 2717 2756; x_wconf 87' lang='lat' dir='ltr'><strong>postremum.</strong></span> 
     </span>
    </p>
   </div>
   <div class='ocr_carea' id='block_1_54' title="bbox 2162 2768 3670 2849">
    <p class='ocr_par' dir='ltr' id='par_1_54' title="bbox 2162 2768 3670 2849">
     <span class='ocr_line' id='line_1_54' title="bbox 2162 2768 3670 2849; baseline -0.001 -18"><span class='ocrx_word' id='word_1_377' title='bbox 2162 2776 2250 2831; x_wconf 77' lang='lat'><strong>65.</strong></span> <span class='ocrx_word' id='word_1_378' title='bbox 2284 2775 2359 2831; x_wconf 87' lang='lat' dir='ltr'><strong>Os</strong></span> <span class='ocrx_word' id='word_1_379' title='bbox 2398 2775 2620 2841; x_wconf 88' lang='lat' dir='ltr'><strong>Christi,</strong></span> <span class='ocrx_word' id='word_1_380' title='bbox 2657 2777 2910 2832; x_wconf 89' lang='lat' dir='ltr'><strong>columna</strong></span> <span class='ocrx_word' id='word_1_381' title='bbox 2950 2768 3224 2842; x_wconf 59' lang='lat' dir='ltr'><strong>Ecclesiae,</strong></span> <span class='ocrx_word' id='word_1_382' title='bbox 3259 2790 3488 2849; x_wconf 83' lang='lat' dir='ltr'><strong>magnus</strong></span> <span class='ocrx_word' id='word_1_383' title='bbox 3516 2786 3670 2848; x_wconf 88' lang='lat' dir='ltr'><strong>pater</strong></span> 
     </span>
    </p>
   </div>
   <div class='ocr_carea' id='block_1_55' title="bbox 2093 2854 3667 2935">
    <p class='ocr_par' dir='ltr' id='par_1_55' title="bbox 2093 2854 3667 2935">
     <span class='ocr_line' id='line_1_55' title="bbox 2093 2854 3667 2935; baseline -0.002 -13"><span class='ocrx_word' id='word_1_384' title='bbox 2093 2877 2282 2923; x_wconf 88' lang='lat' dir='ltr'><strong>noster</strong></span> <span class='ocrx_word' id='word_1_385' title='bbox 2337 2866 2572 2924; x_wconf 87' lang='lat' dir='ltr'><strong>Basilius</strong></span> <span class='ocrx_word' id='word_1_386' title='bbox 2626 2854 2722 2935; x_wconf 66' lang='lat' dir='ltr'><strong>aii,</strong></span> <span class='ocrx_word' id='word_1_387' title='bbox 2762 2869 2920 2925; x_wconf 86' lang='lat' dir='ltr'><strong>valde</strong></span> <span class='ocrx_word' id='word_1_388' title='bbox 2975 2868 3223 2926; x_wconf 82' lang='lat' dir='ltr'><strong>conferre</strong></span> <span class='ocrx_word' id='word_1_389' title='bbox 3268 2868 3337 2923; x_wconf 90' lang='lat' dir='ltr'><strong>ad</strong></span> <span class='ocrx_word' id='word_1_390' title='bbox 3388 2867 3667 2922; x_wconf 84' lang='lat' dir='ltr'><strong>vitandum</strong></span> 
     </span>
    </p>
   </div>
   <div class='ocr_carea' id='block_1_56' title="bbox 2092 2960 3668 3030">
    <p class='ocr_par' dir='ltr' id='par_1_56' title="bbox 2092 2960 3668 3030">
     <span class='ocr_line' id='line_1_56' title="bbox 2092 2960 3668 3030; baseline 0 -18"><span class='ocrx_word' id='word_1_391' title='bbox 2092 2969 2398 3027; x_wconf 89' lang='lat' dir='ltr'><strong>peceatum,</strong></span> <span class='ocrx_word' id='word_1_392' title='bbox 2431 2967 2487 3015; x_wconf 88' lang='lat' dir='ltr'><strong>et</strong></span> <span class='ocrx_word' id='word_1_393' title='bbox 2519 2966 2580 3014; x_wconf 90' lang='lat' dir='ltr'><strong>ut</strong></span> <span class='ocrx_word' id='word_1_394' title='bbox 2616 2969 2835 3030; x_wconf 88' lang='lat' dir='ltr'><strong>postera</strong></span> <span class='ocrx_word' id='word_1_395' title='bbox 2871 2960 2959 3016; x_wconf 89' lang='lat' dir='ltr'><strong>die</strong></span> <span class='ocrx_word' id='word_1_396' title='bbox 2990 2960 3044 3014; x_wconf 91' lang='lat' dir='ltr'><strong>in</strong></span> <span class='ocrx_word' id='word_1_397' title='bbox 3075 2960 3263 3015; x_wconf 87' lang='lat' dir='ltr'><strong>eadem</strong></span> <span class='ocrx_word' id='word_1_398' title='bbox 3294 2960 3520 3015; x_wconf 88' lang='lat' dir='ltr'><strong>crimina</strong></span> <span class='ocrx_word' id='word_1_399' title='bbox 3560 2976 3668 3013; x_wconf 89' lang='lat' dir='ltr'><strong>non</strong></span> 
     </span>
    </p>
   </div>
   <div class='ocr_carea' id='block_1_57' title="bbox 2092 3048 3671 3122">
    <p class='ocr_par' dir='ltr' id='par_1_57' title="bbox 2092 3048 3671 3122">
     <span class='ocr_line' id='line_1_57' title="bbox 2092 3048 3671 3122; baseline 0.001 -19"><span class='ocrx_word' id='word_1_400' title='bbox 2092 3048 2417 3113; x_wconf 89' lang='lat' dir='ltr'><strong>dilabamur,</strong></span> <span class='ocrx_word' id='word_1_401' title='bbox 2448 3049 2493 3118; x_wconf 84' lang='lat' dir='ltr'><strong>si</strong></span> <span class='ocrx_word' id='word_1_402' title='bbox 2532 3059 2755 3120; x_wconf 88' lang='lat' dir='ltr'><strong>peracto</strong></span> <span class='ocrx_word' id='word_1_403' title='bbox 2791 3067 3010 3122; x_wconf 89' lang='lat' dir='ltr'><strong>quoque</strong></span> <span class='ocrx_word' id='word_1_404' title='bbox 3037 3050 3123 3106; x_wconf 92' lang='lat' dir='ltr'><strong>die</strong></span> <span class='ocrx_word' id='word_1_405' title='bbox 3154 3066 3254 3107; x_wconf 89' lang='lat' dir='ltr'><strong>nos</strong></span> <span class='ocrx_word' id='word_1_406' title='bbox 3283 3050 3428 3121; x_wconf 90' lang='lat' dir='ltr'><strong>ipsos</strong></span> <span class='ocrx_word' id='word_1_407' title='bbox 3454 3058 3671 3106; x_wconf 84' lang='lat' dir='ltr'><strong>nostra—</strong></span> 
     </span>
    </p>
   </div>
   <div class='ocr_carea' id='block_1_58' title="bbox 417 3121 1989 3231">
    <p class='ocr_par' dir='ltr' id='par_1_58' title="bbox 417 3121 1989 3201">
     <span class='ocr_line' id='line_1_58' title="bbox 417 3121 1989 3201; baseline 0.008 -28"><span class='ocrx_word' id='word_1_408' title='bbox 417 3121 702 3193; x_wconf 80' lang='grc' dir='ltr'>πλήρωσιν</span> <span class='ocrx_word' id='word_1_409' title='bbox 745 3123 844 3196; x_wconf 84' lang='grc' dir='ltr'>τῆς</span> <span class='ocrx_word' id='word_1_410' title='bbox 883 3124 1102 3196; x_wconf 76' lang='grc' dir='ltr'>ἡμέρας</span> <span class='ocrx_word' id='word_1_411' title='bbox 1151 3128 1471 3200; x_wconf 81' lang='grc' dir='ltr'>ἀνακρίνειν</span> <span class='ocrx_word' id='word_1_412' title='bbox 1509 3131 1567 3183; x_wconf 80' lang='grc' dir='ltr'><strong>ὲν</strong></span> <span class='ocrx_word' id='word_1_413' title='bbox 1613 3128 1692 3201; x_wconf 83' lang='grc' dir='ltr'>τῷ</span> <span class='ocrx_word' id='word_1_414' title='bbox 1724 3131 1989 3186; x_wconf 85' lang='grc' dir='ltr'>συνειδότι</span> 
     </span>
    </p>
   </div>
   <div class='ocr_carea' id='block_1_59' title="bbox 2097 3121 3670 3231">
    <p class='ocr_par' dir='ltr' id='par_1_59' title="bbox 2097 3141 3670 3212">
     <span class='ocr_line' id='line_1_59' title="bbox 2097 3141 3670 3212; baseline 0 -17"><span class='ocrx_word' id='word_1_415' title='bbox 2097 3155 2199 3210; x_wconf 84' lang='lat' dir='ltr'><strong>que</strong></span> <span class='ocrx_word' id='word_1_416' title='bbox 2225 3141 2601 3197; x_wconf 80' lang='lat' dir='ltr'><strong>examinemus</strong></span> <span class='ocrx_word' id='word_1_417' title='bbox 2632 3142 2686 3197; x_wconf 89' lang='lat' dir='ltr'><strong>in</strong></span> <span class='ocrx_word' id='word_1_418' title='bbox 2722 3143 3056 3198; x_wconf 88' lang='lat' dir='ltr'><strong>conscientia</strong></span> <span class='ocrx_word' id='word_1_419' title='bbox 3088 3152 3272 3198; x_wconf 89' lang='lat' dir='ltr'><strong>nostra</strong></span> <span class='ocrx_word' id='word_1_420' title='bbox 3314 3161 3327 3195; x_wconf 88' lang='lat'><strong>:</strong></span> <span class='ocrx_word' id='word_1_421' title='bbox 3364 3143 3491 3212; x_wconf 85' lang='lat' dir='ltr'><strong>quid</strong></span> <span class='ocrx_word' id='word_1_422' title='bbox 3531 3143 3670 3197; x_wconf 85' lang='lat' dir='ltr'><strong>deli-</strong></span> 
     </span>
    </p>
   </div>
   <div class='ocr_carea' id='block_1_60' title="bbox 416 3214 1990 3295">
    <p class='ocr_par' dir='ltr' id='par_1_60' title="bbox 416 3214 1990 3295">
     <span class='ocr_line' id='line_1_60' title="bbox 416 3214 1990 3295; baseline 0.003 -23"><span class='ocrx_word' id='word_1_423' title='bbox 416 3214 595 3284; x_wconf 76' lang='grc' dir='ltr'>ήμῶν.</span> <span class='ocrx_word' id='word_1_424' title='bbox 625 3214 773 3287; x_wconf 75' lang='grc' dir='ltr'>ἡμᾶς</span> <span class='ocrx_word' id='word_1_425' title='bbox 799 3217 1029 3284; x_wconf 82' lang='grc' dir='ltr'>ἑαυτοὺς</span> <span class='ocrx_word' id='word_1_426' title='bbox 1055 3221 1124 3274; x_wconf 82' lang='grc' dir='ltr'><strong>τά</strong></span> <span class='ocrx_word' id='word_1_427' title='bbox 1152 3220 1274 3274; x_wconf 74' lang='grc' dir='ltr'>καθ’</span> <span class='ocrx_word' id='word_1_428' title='bbox 1303 3222 1474 3294; x_wconf 77' lang='grc' dir='ltr'>ἡμᾶς,</span> <span class='ocrx_word' id='word_1_429' title='bbox 1499 3222 1552 3275; x_wconf 88' lang='grc' dir='ltr'><strong>τί</strong></span> <span class='ocrx_word' id='word_1_430' title='bbox 1585 3223 1990 3295; x_wconf 73' lang='grc' dir='ltr'>πεπλημμελη-</span> 
     </span>
    </p>
   </div>
   <div class='ocr_carea' id='block_1_61' title="bbox 418 3307 1992 3384">
    <p class='ocr_par' dir='ltr' id='par_1_61' title="bbox 418 3307 1992 3384">
     <span class='ocr_line' id='line_1_61' title="bbox 418 3307 1992 3384; baseline 0.007 -26"><span class='ocrx_word' id='word_1_431' title='bbox 418 3322 617 3376; x_wconf 81' lang='grc' dir='ltr'>καμεν,</span> <span class='ocrx_word' id='word_1_432' title='bbox 645 3307 698 3362; x_wconf 86' lang='grc' dir='ltr'><strong>τί</strong></span> <span class='ocrx_word' id='word_1_433' title='bbox 732 3309 788 3362; x_wconf 79' lang='grc' dir='ltr'>δὲ</span> <span class='ocrx_word' id='word_1_434' title='bbox 828 3309 1431 3384; x_wconf 84' lang='grc' dir='ltr'>ὲδικαιοπραγήσαμεν.</span> <span class='ocrx_word' id='word_1_435' title='bbox 1458 3314 1632 3368; x_wconf 86' lang='grc' dir='ltr'>Τοῦτο</span> <span class='ocrx_word' id='word_1_436' title='bbox 1665 3315 1763 3369; x_wconf 80' lang='grc' dir='ltr'>καὶ</span> <span class='ocrx_word' id='word_1_437' title='bbox 1797 3318 1827 3369; x_wconf 86' lang='grc' dir='ltr'><strong>ὁ</strong></span> <span class='ocrx_word' id='word_1_438' title='bbox 1872 3314 1992 3369; x_wconf 79' lang='grc' dir='ltr'><strong>Ἰὼϐ</strong></span> 
     </span>
    </p>
   </div>
   <div class='ocr_carea' id='block_1_62' title="bbox 418 3396 1991 3470">
    <p class='ocr_par' dir='ltr' id='par_1_62' title="bbox 418 3396 1991 3470">
     <span class='ocr_line' id='line_1_62' title="bbox 418 3396 1991 3470; baseline 0.007 -21"><span class='ocrx_word' id='word_1_439' title='bbox 418 3396 618 3462; x_wconf 74' lang='grc' dir='ltr'>ἐποίει,</span> <span class='ocrx_word' id='word_1_440' title='bbox 660 3397 788 3470; x_wconf 85' lang='grc' dir='ltr'>περί</span> <span class='ocrx_word' id='word_1_441' title='bbox 815 3416 878 3452; x_wconf 81' lang='grc' dir='ltr'><strong>τε</strong></span> <span class='ocrx_word' id='word_1_442' title='bbox 933 3398 1101 3454; x_wconf 78' lang='grc' dir='ltr'>αὑτοῦ</span> <span class='ocrx_word' id='word_1_443' title='bbox 1131 3402 1228 3455; x_wconf 80' lang='grc' dir='ltr'><strong>καὶ</strong></span> <span class='ocrx_word' id='word_1_444' title='bbox 1257 3401 1368 3456; x_wconf 86' lang='grc' dir='ltr'><strong>τῶν</strong></span> <span class='ocrx_word' id='word_1_445' title='bbox 1415 3402 1626 3458; x_wconf 86' lang='grc' dir='ltr'>τέκνων</span> <span class='ocrx_word' id='word_1_446' title='bbox 1661 3404 1831 3460; x_wconf 82' lang='grc' dir='ltr'>αὑτοῦ</span> <span class='ocrx_word' id='word_1_447' title='bbox 1858 3422 1873 3437; x_wconf 76' lang='grc' dir='ltr'><strong><em>ο</em></strong></span> <span class='ocrx_word' id='word_1_448' title='bbox 1921 3405 1991 3460; x_wconf 76' lang='grc' dir='ltr'>τὰ</span> 
     </span>
    </p>
   </div>
   <div class='ocr_carea' id='block_1_63' title="bbox 417 3482 1994 3569">
    <p class='ocr_par' dir='ltr' id='par_1_63' title="bbox 417 3482 1994 3569">
     <span class='ocr_line' id='line_1_63' title="bbox 417 3482 1994 3569; baseline 0.006 -27"><span class='ocrx_word' id='word_1_449' title='bbox 417 3482 526 3560; x_wconf 66' lang='grc' dir='ltr'>γὰρ</span> <span class='ocrx_word' id='word_1_450' title='bbox 578 3489 700 3543; x_wconf 77' lang='grc' dir='ltr'>καθ’</span> <span class='ocrx_word' id='word_1_451' title='bbox 728 3490 969 3562; x_wconf 82' lang='grc' dir='ltr'>ἑκάστην</span> <span class='ocrx_word' id='word_1_452' title='bbox 1032 3492 1325 3563; x_wconf 88' lang='grc' dir='ltr'>λογοθέσια</span> <span class='ocrx_word' id='word_1_453' title='bbox 1374 3495 1437 3550; x_wconf 85' lang='grc' dir='ltr'><strong>τὸ</strong></span> <span class='ocrx_word' id='word_1_454' title='bbox 1485 3494 1611 3550; x_wconf 87' lang='grc' dir='ltr'>καθ’</span> <span class='ocrx_word' id='word_1_455' title='bbox 1645 3496 1800 3569; x_wconf 84' lang='grc' dir='ltr'>ὥραν</span> <span class='ocrx_word' id='word_1_456' title='bbox 1830 3497 1994 3567; x_wconf 82' lang='grc' dir='ltr'>φωτί-</span> 
     </span>
    </p>
   </div>
   <div class='ocr_carea' id='block_1_64' title="bbox 417 3578 1990 3660">
    <p class='ocr_par' dir='ltr' id='par_1_64' title="bbox 417 3578 1990 3660">
     <span class='ocr_line' id='line_1_64' title="bbox 417 3578 1990 3660; baseline 0.005 -28"><span class='ocrx_word' id='word_1_457' title='bbox 417 3578 590 3643; x_wconf 78' lang='grc' dir='ltr'>ζουσι.</span> <span class='ocrx_word' id='word_1_458' title='bbox 618 3582 728 3635; x_wconf 72' lang='grc' dir='ltr'>Καὶ</span> <span class='ocrx_word' id='word_1_459' title='bbox 782 3581 947 3636; x_wconf 85' lang='grc' dir='ltr'>πάλιν</span> <span class='ocrx_word' id='word_1_460' title='bbox 993 3584 1022 3636; x_wconf 88' lang='grc' dir='ltr'><strong>ό</strong></span> <span class='ocrx_word' id='word_1_461' title='bbox 1078 3584 1241 3650; x_wconf 85' lang='grc' dir='ltr'>αὐτός</span> <span class='ocrx_word' id='word_1_462' title='bbox 1283 3598 1440 3657; x_wconf 76' lang='grc' dir='ltr'>φησιο</span> <span class='ocrx_word' id='word_1_463' title='bbox 1468 3587 1584 3642; x_wconf 72' lang='grc' dir='ltr'><strong>Πᾶν</strong></span> <span class='ocrx_word' id='word_1_464' title='bbox 1626 3585 1829 3657; x_wconf 80' lang='grc' dir='ltr'>μέτρον</span> <span class='ocrx_word' id='word_1_465' title='bbox 1864 3587 1990 3660; x_wconf 79' lang='grc' dir='ltr'>ἄρι-</span> 
     </span>
    </p>
   </div>
   <div class='ocr_carea' id='block_1_65' title="bbox 422 3688 568 3725">
    <p class='ocr_par' dir='ltr' id='par_1_65' title="bbox 422 3688 568 3725">
     <span class='ocr_line' id='line_1_65' title="bbox 422 3688 568 3725; baseline 0.014 -2"><span class='ocrx_word' id='word_1_466' title='bbox 422 3688 568 3725; x_wconf 84' lang='grc' dir='ltr'>στον.</span> 
     </span>
    </p>
   </div>
   <div class='ocr_carea' id='block_1_66' title="bbox 491 3764 1990 3844">
    <p class='ocr_par' dir='ltr' id='par_1_66' title="bbox 491 3764 1990 3844">
     <span class='ocr_line' id='line_1_66' title="bbox 491 3764 1990 3844; baseline 0.015 -32"><span class='ocrx_word' id='word_1_467' title='bbox 491 3764 597 3828; x_wconf 72' lang='grc' dir='ltr'><strong>ξςν,</strong></span> <span class='ocrx_word' id='word_1_468' title='bbox 620 3764 730 3816; x_wconf 73' lang='grc' dir='ltr'><strong>Καὶ</strong></span> <span class='ocrx_word' id='word_1_469' title='bbox 770 3764 943 3820; x_wconf 83' lang='grc' dir='ltr'>πάλιν</span> <span class='ocrx_word' id='word_1_470' title='bbox 991 3765 1179 3838; x_wconf 68' lang='grc' dir='ltr'>ἕτερος</span> <span class='ocrx_word' id='word_1_471' title='bbox 1206 3769 1316 3823; x_wconf 84' lang='grc' dir='ltr'><strong>τῶν</strong></span> <span class='ocrx_word' id='word_1_472' title='bbox 1347 3769 1418 3824; x_wconf 73' lang='grc' dir='ltr'><strong>τά</strong></span> <span class='ocrx_word' id='word_1_473' title='bbox 1483 3770 1605 3827; x_wconf 84' lang='grc' dir='ltr'>θεῖα</span> <span class='ocrx_word' id='word_1_474' title='bbox 1645 3772 1829 3843; x_wconf 78' lang='grc' dir='ltr'>σοφῶν</span> <span class='ocrx_word' id='word_1_475' title='bbox 1860 3771 1990 3844; x_wconf 73' lang='grc' dir='ltr'><strong>ἔφη,</strong></span> 
     </span>
    </p>
   </div>
   <div class='ocr_carea' id='block_1_67' title="bbox 431 3853 1994 3935">
    <p class='ocr_par' dir='ltr' id='par_1_67' title="bbox 431 3853 1994 3935">
     <span class='ocr_line' id='line_1_67' title="bbox 431 3853 1994 3935; baseline 0.007 -27"><span class='ocrx_word' id='word_1_476' title='bbox 431 3853 600 3928; x_wconf 81' lang='grc' dir='ltr'>Ἀρχὴ</span> <span class='ocrx_word' id='word_1_477' title='bbox 626 3856 1008 3928; x_wconf 83' lang='grc' dir='ltr'>καρποφορίας</span> <span class='ocrx_word' id='word_1_478' title='bbox 1034 3858 1213 3925; x_wconf 81' lang='grc' dir='ltr'>ἄνθος,</span> <span class='ocrx_word' id='word_1_479' title='bbox 1252 3861 1349 3914; x_wconf 75' lang='grc' dir='ltr'>καὶ</span> <span class='ocrx_word' id='word_1_480' title='bbox 1371 3861 1515 3934; x_wconf 81' lang='grc' dir='ltr'>ἀρχὴ</span> <span class='ocrx_word' id='word_1_481' title='bbox 1550 3865 1867 3935; x_wconf 84' lang='grc' dir='ltr'>πρακτικῆς</span> <span class='ocrx_word' id='word_1_482' title='bbox 1895 3867 1994 3935; x_wconf 83' lang='grc' dir='ltr'><strong>ὲγ-</strong></span> 
     </span>
    </p>
   </div>
   <div class='ocr_carea' id='block_1_68' title="bbox 420 3944 1993 4029">
    <p class='ocr_par' dir='ltr' id='par_1_68' title="bbox 420 3944 1993 4029">
     <span class='ocr_line' id='line_1_68' title="bbox 420 3944 1993 4029; baseline 0.008 -31"><span class='ocrx_word' id='word_1_483' title='bbox 420 3944 668 4018; x_wconf 80' lang='grc' dir='ltr'>κράτεια.</span> <span class='ocrx_word' id='word_1_484' title='bbox 701 3947 912 4002; x_wconf 76' lang='grc' dir='ltr'>Οὐκοῦν</span> <span class='ocrx_word' id='word_1_485' title='bbox 967 3950 1493 4023; x_wconf 76' lang='grc' dir='ltr'>ὲγκρατευσώμεθα,</span> <span class='ocrx_word' id='word_1_486' title='bbox 1523 3955 1620 4008; x_wconf 74' lang='grc' dir='ltr'>καὶ</span> <span class='ocrx_word' id='word_1_487' title='bbox 1673 3952 1856 4024; x_wconf 76' lang='grc' dir='ltr'>τοῦτο,</span> <span class='ocrx_word' id='word_1_488' title='bbox 1895 3958 1993 4029; x_wconf 85' lang='grc' dir='ltr'>μέ-</span> 
     </span>
    </p>
   </div>
   <div class='ocr_carea' id='block_1_69' title="bbox 415 4037 1995 4113">
    <p class='ocr_par' dir='ltr' id='par_1_69' title="bbox 415 4037 1995 4113">
     <span class='ocr_line' id='line_1_69' title="bbox 415 4037 1995 4113; baseline 0.008 -24"><span class='ocrx_word' id='word_1_489' title='bbox 415 4054 531 4108; x_wconf 85' lang='grc' dir='ltr'>τρῳ</span> <span class='ocrx_word' id='word_1_490' title='bbox 554 4038 649 4091; x_wconf 71' lang='grc' dir='ltr'><strong>καὶ</strong></span> <span class='ocrx_word' id='word_1_491' title='bbox 681 4037 929 4111; x_wconf 81' lang='grc' dir='ltr'>σταθμῷ,</span> <span class='ocrx_word' id='word_1_492' title='bbox 964 4038 1040 4104; x_wconf 85' lang='grc' dir='ltr'>ὡς</span> <span class='ocrx_word' id='word_1_493' title='bbox 1077 4042 1128 4095; x_wconf 86' lang='grc' dir='ltr'>οἱ</span> <span class='ocrx_word' id='word_1_494' title='bbox 1157 4042 1402 4113; x_wconf 85' lang='grc' dir='ltr'>Πατέρες</span> <span class='ocrx_word' id='word_1_495' title='bbox 1445 4045 1826 4100; x_wconf 78' lang='grc' dir='ltr'>ἐκδιδάσκουσι</span> <span class='ocrx_word' id='word_1_496' title='bbox 1855 4063 1868 4079; x_wconf 89' lang='grc'><strong>·</strong></span> <span class='ocrx_word' id='word_1_497' title='bbox 1899 4049 1995 4101; x_wconf 85' lang='grc' dir='ltr'>καὶ</span> 
     </span>
    </p>
   </div>
   <div class='ocr_carea' id='block_1_70' title="bbox 417 4128 1995 4211">
    <p class='ocr_par' dir='ltr' id='par_1_70' title="bbox 417 4128 1995 4211">
     <span class='ocr_line' id='line_1_70' title="bbox 417 4128 1995 4211; baseline 0.008 -30"><span class='ocrx_word' id='word_1_498' title='bbox 417 4128 517 4199; x_wconf 70' lang='grc' dir='ltr'>τὴν</span> <span class='ocrx_word' id='word_1_499' title='bbox 546 4129 760 4200; x_wconf 76' lang='grc' dir='ltr'>ἡμέραν</span> <span class='ocrx_word' id='word_1_500' title='bbox 788 4130 919 4201; x_wconf 82' lang='grc' dir='ltr'>ὃλην</span> <span class='ocrx_word' id='word_1_501' title='bbox 953 4130 1061 4185; x_wconf 83' lang='grc' dir='ltr'><strong>τῶν</strong></span> <span class='ocrx_word' id='word_1_502' title='bbox 1100 4131 1313 4187; x_wconf 83' lang='grc' dir='ltr'>δώδεκα</span> <span class='ocrx_word' id='word_1_503' title='bbox 1345 4135 1505 4208; x_wconf 79' lang='grc' dir='ltr'>ὡρῶν</span> <span class='ocrx_word' id='word_1_504' title='bbox 1547 4137 1608 4190; x_wconf 83' lang='grc' dir='ltr'><strong>ὲν</strong></span> <span class='ocrx_word' id='word_1_505' title='bbox 1652 4142 1718 4210; x_wconf 80' lang='grc' dir='ltr'>τῇ</span> <span class='ocrx_word' id='word_1_506' title='bbox 1764 4140 1995 4211; x_wconf 85' lang='grc' dir='ltr'>τηρήσει</span> 
     </span>
    </p>
   </div>
   <div class='ocr_carea' id='block_1_71' title="bbox 416 4219 1995 4301">
    <p class='ocr_par' dir='ltr' id='par_1_71' title="bbox 416 4219 1995 4301">
     <span class='ocr_line' id='line_1_71' title="bbox 416 4219 1995 4301; baseline 0.007 -28"><span class='ocrx_word' id='word_1_507' title='bbox 416 4219 514 4274; x_wconf 83' lang='grc' dir='ltr'>τοῦ</span> <span class='ocrx_word' id='word_1_508' title='bbox 549 4221 669 4285; x_wconf 80' lang='grc' dir='ltr'>νοὸς</span> <span class='ocrx_word' id='word_1_509' title='bbox 716 4221 1128 4293; x_wconf 84' lang='grc' dir='ltr'>παρερχώμεθα</span> <span class='ocrx_word' id='word_1_510' title='bbox 1153 4239 1168 4256; x_wconf 79' lang='grc' dir='ltr'><strong>ο</strong></span> <span class='ocrx_word' id='word_1_511' title='bbox 1215 4224 1361 4280; x_wconf 77' lang='grc' dir='ltr'>οὕτω</span> <span class='ocrx_word' id='word_1_512' title='bbox 1401 4228 1513 4299; x_wconf 82' lang='grc' dir='ltr'>γὰρ</span> <span class='ocrx_word' id='word_1_513' title='bbox 1564 4230 1870 4296; x_wconf 74' lang='grc' dir='ltr'>ποιοῦντες,</span> <span class='ocrx_word' id='word_1_514' title='bbox 1893 4231 1995 4301; x_wconf 74' lang='grc' dir='ltr'><strong>τὴν</strong></span> 
     </span>
    </p>
   </div>
   <div class='ocr_carea' id='block_1_72' title="bbox 418 4310 1997 4392">
    <p class='ocr_par' dir='ltr' id='par_1_72' title="bbox 418 4310 1997 4392">
     <span class='ocr_line' id='line_1_72' title="bbox 418 4310 1997 4392; baseline 0.006 -26"><span class='ocrx_word' id='word_1_515' title='bbox 418 4311 620 4366; x_wconf 77' lang='grc' dir='ltr'>κακίαν</span> <span class='ocrx_word' id='word_1_516' title='bbox 677 4310 771 4384; x_wconf 75' lang='grc' dir='ltr'>βία</span> <span class='ocrx_word' id='word_1_517' title='bbox 813 4313 924 4366; x_wconf 75' lang='grc' dir='ltr'>τινὶ</span> <span class='ocrx_word' id='word_1_518' title='bbox 981 4313 1174 4368; x_wconf 79' lang='grc' dir='ltr'>σόέσαι</span> <span class='ocrx_word' id='word_1_519' title='bbox 1230 4316 1328 4370; x_wconf 78' lang='grc' dir='ltr'>καὶ</span> <span class='ocrx_word' id='word_1_520' title='bbox 1372 4319 1606 4389; x_wconf 81' lang='grc' dir='ltr'>μειῶσαι</span> <span class='ocrx_word' id='word_1_521' title='bbox 1651 4320 1997 4392; x_wconf 81' lang='grc' dir='ltr'>δυνησόμεθα</span> 
     </span>
    </p>
   </div>
   <div class='ocr_carea' id='block_1_73' title="bbox 422 4405 1995 4483">
    <p class='ocr_par' dir='ltr' id='par_1_73' title="bbox 422 4405 1995 4483">
     <span class='ocr_line' id='line_1_73' title="bbox 422 4405 1995 4483; baseline 0.009 -28"><span class='ocrx_word' id='word_1_522' title='bbox 422 4405 562 4475; x_wconf 71' lang='grc' dir='ltr'>μετὰ</span> <span class='ocrx_word' id='word_1_523' title='bbox 585 4405 754 4471; x_wconf 76' lang='grc' dir='ltr'>Θεοῦ,</span> <span class='ocrx_word' id='word_1_524' title='bbox 786 4405 909 4458; x_wconf 70' lang='grc' dir='ltr'>ἐπεὶ</span> <span class='ocrx_word' id='word_1_525' title='bbox 940 4406 1034 4459; x_wconf 68' lang='grc' dir='ltr'><strong>καὶ</strong></span> <span class='ocrx_word' id='word_1_526' title='bbox 1069 4405 1265 4480; x_wconf 82' lang='grc' dir='ltr'>βιαστή</span> <span class='ocrx_word' id='word_1_527' title='bbox 1291 4410 1441 4463; x_wconf 79' lang='grc' dir='ltr'>ἐστιν</span> <span class='ocrx_word' id='word_1_528' title='bbox 1472 4413 1505 4482; x_wconf 71' lang='grc' dir='ltr'><strong>η</strong></span> <span class='ocrx_word' id='word_1_529' title='bbox 1540 4410 1800 4483; x_wconf 80' lang='grc' dir='ltr'>ἐνάρετος</span> <span class='ocrx_word' id='word_1_530' title='bbox 1842 4414 1995 4468; x_wconf 84' lang='grc' dir='ltr'>πολι-</span> 
     </span>
    </p>
   </div>
   <div class='ocr_carea' id='block_1_74' title="bbox 418 4491 1745 4572">
    <p class='ocr_par' dir='ltr' id='par_1_74' title="bbox 418 4491 1745 4572">
     <span class='ocr_line' id='line_1_74' title="bbox 418 4491 1745 4572; baseline 0.008 -24"><span class='ocrx_word' id='word_1_531' title='bbox 418 4494 562 4562; x_wconf 84' lang='grc' dir='ltr'>τεία,</span> <span class='ocrx_word' id='word_1_532' title='bbox 586 4496 655 4549; x_wconf 86' lang='grc' dir='ltr'>δι’</span> <span class='ocrx_word' id='word_1_533' title='bbox 683 4491 750 4567; x_wconf 82' lang='grc' dir='ltr'>ἧς</span> <span class='ocrx_word' id='word_1_534' title='bbox 777 4496 979 4551; x_wconf 77' lang='grc' dir='ltr'>δίδοται</span> <span class='ocrx_word' id='word_1_535' title='bbox 1007 4499 1041 4569; x_wconf 79' lang='grc' dir='ltr'><strong>ἡ</strong></span> <span class='ocrx_word' id='word_1_536' title='bbox 1064 4498 1314 4570; x_wconf 77' lang='grc' dir='ltr'>βασιλεία</span> <span class='ocrx_word' id='word_1_537' title='bbox 1338 4501 1446 4554; x_wconf 86' lang='grc' dir='ltr'><strong>τῶν</strong></span> <span class='ocrx_word' id='word_1_538' title='bbox 1474 4502 1745 4572; x_wconf 74' lang='grc' dir='ltr'>οὐρανῶν.</span> 
     </span>
    </p>
   </div>
   <div class='ocr_carea' id='block_1_75' title="bbox 491 4666 1991 4743">
    <p class='ocr_par' dir='ltr' id='par_1_75' title="bbox 491 4666 1991 4743">
     <span class='ocr_line' id='line_1_75' title="bbox 491 4666 1991 4743; baseline 0.013 -24"><span class='ocrx_word' id='word_1_539' title='bbox 491 4666 589 4732; x_wconf 68' lang='grc' dir='ltr'>ξς.</span> <span class='ocrx_word' id='word_1_540' title='bbox 639 4668 789 4733; x_wconf 84' lang='grc' dir='ltr'>Ὀδὺς</span> <span class='ocrx_word' id='word_1_541' title='bbox 819 4670 915 4723; x_wconf 73' lang='grc' dir='ltr'>ἐπὶ</span> <span class='ocrx_word' id='word_1_542' title='bbox 935 4671 1038 4743; x_wconf 76' lang='grc' dir='ltr'><strong>τὴν</strong></span> <span class='ocrx_word' id='word_1_543' title='bbox 1062 4673 1285 4741; x_wconf 79' lang='grc' dir='ltr'>γνῶσιν,</span> <span class='ocrx_word' id='word_1_544' title='bbox 1317 4676 1559 4732; x_wconf 79' lang='grc' dir='ltr'>ἀπάθεια</span> <span class='ocrx_word' id='word_1_545' title='bbox 1589 4680 1685 4735; x_wconf 74' lang='grc' dir='ltr'><strong>καὶ</strong></span> <span class='ocrx_word' id='word_1_546' title='bbox 1719 4684 1991 4739; x_wconf 85' lang='grc' dir='ltr'>ταπείνω-</span> 
     </span>
    </p>
   </div>
   <div class='ocr_carea' id='block_1_76' title="bbox 422 4753 1641 4842">
    <p class='ocr_par' dir='ltr' id='par_1_76' title="bbox 422 4753 1641 4842">
     <span class='ocr_line' id='line_1_76' title="bbox 422 4753 1641 4842; baseline 0.011 -29"><span class='ocrx_word' id='word_1_547' title='bbox 422 4775 529 4826; x_wconf 75' lang='grc' dir='ltr'>σις,</span> <span class='ocrx_word' id='word_1_548' title='bbox 558 4753 639 4816; x_wconf 81' lang='grc' dir='ltr'>ὧν</span> <span class='ocrx_word' id='word_1_549' title='bbox 660 4762 833 4833; x_wconf 76' lang='grc' dir='ltr'>χωρὶς</span> <span class='ocrx_word' id='word_1_550' title='bbox 866 4762 1045 4829; x_wconf 73' lang='grc' dir='ltr'>οὐδεὶς</span> <span class='ocrx_word' id='word_1_551' title='bbox 1073 4765 1263 4836; x_wconf 74' lang='grc' dir='ltr'>ὄψεται</span> <span class='ocrx_word' id='word_1_552' title='bbox 1289 4768 1383 4824; x_wconf 77' lang='grc' dir='ltr'><strong>τὸν</strong></span> <span class='ocrx_word' id='word_1_553' title='bbox 1412 4770 1641 4842; x_wconf 84' lang='grc' dir='ltr'>Κύριον.</span> 
     </span>
    </p>
   </div>
   <div class='ocr_carea' id='block_1_77' title="bbox 488 4935 1992 5027">
    <p class='ocr_par' dir='ltr' id='par_1_77' title="bbox 488 4935 1992 5027">
     <span class='ocr_line' id='line_1_77' title="bbox 488 4935 1992 5027; baseline 0.014 -37"><span class='ocrx_word' id='word_1_554' title='bbox 488 4935 594 5027; x_wconf 56' lang='grc' dir='ltr'>ξηέ.</span> <span class='ocrx_word' id='word_1_555' title='bbox 635 4935 697 4991; x_wconf 89' lang='lat'><strong>&#39;0</strong></span> <span class='ocrx_word' id='word_1_556' title='bbox 729 4937 1089 5006; x_wconf 80' lang='grc' dir='ltr'>ἀδιαλείπτως</span> <span class='ocrx_word' id='word_1_557' title='bbox 1115 4942 1247 5014; x_wconf 71' lang='grc' dir='ltr'>περὶ</span> <span class='ocrx_word' id='word_1_558' title='bbox 1282 4945 1351 5000; x_wconf 80' lang='grc' dir='ltr'>τὰ</span> <span class='ocrx_word' id='word_1_559' title='bbox 1386 4945 1535 5003; x_wconf 79' lang='grc' dir='ltr'>ἔνδον</span> <span class='ocrx_word' id='word_1_560' title='bbox 1573 4950 1674 5014; x_wconf 71' lang='grc' dir='ltr'><strong>τὰς</strong></span> <span class='ocrx_word' id='word_1_561' title='bbox 1702 4952 1992 5027; x_wconf 67' lang='grc' dir='ltr'>διατριϐὰς</span> 
     </span>
    </p>
   </div>
   <div class='ocr_carea' id='block_1_78' title="bbox 414 5026 1990 5106">
    <p class='ocr_par' dir='ltr' id='par_1_78' title="bbox 414 5026 1990 5106">
     <span class='ocr_line' id='line_1_78' title="bbox 414 5026 1990 5106; baseline 0.013 -26"><span class='ocrx_word' id='word_1_562' title='bbox 414 5026 760 5098; x_wconf 83' lang='grc' dir='ltr'>ποιούμενος,</span> <span class='ocrx_word' id='word_1_563' title='bbox 795 5033 1083 5102; x_wconf 72' lang='grc' dir='ltr'>σωφρονεῖ.</span> <span class='ocrx_word' id='word_1_564' title='bbox 1121 5035 1196 5088; x_wconf 83' lang='grc' dir='ltr'><strong>Οὐ</strong></span> <span class='ocrx_word' id='word_1_565' title='bbox 1222 5035 1384 5106; x_wconf 80' lang='grc' dir='ltr'>μόνον</span> <span class='ocrx_word' id='word_1_566' title='bbox 1415 5038 1505 5104; x_wconf 83' lang='grc' dir='ltr'><strong>δὲ,</strong></span> <span class='ocrx_word' id='word_1_567' title='bbox 1536 5041 1677 5098; x_wconf 78' lang='grc' dir='ltr'>ἀλλὰ</span> <span class='ocrx_word' id='word_1_568' title='bbox 1719 5045 1813 5098; x_wconf 70' lang='grc' dir='ltr'><strong>καὶ</strong></span> <span class='ocrx_word' id='word_1_569' title='bbox 1834 5026 1990 5100; x_wconf 82' lang='grc' dir='ltr'>θεω-</span> 
     </span>
    </p>
   </div>
   <div class='ocr_carea' id='block_1_79' title="bbox 416 5117 1991 5196">
    <p class='ocr_par' dir='ltr' id='par_1_79' title="bbox 416 5117 1991 5196">
     <span class='ocr_line' id='line_1_79' title="bbox 416 5117 1991 5196; baseline 0.015 -28"><span class='ocrx_word' id='word_1_570' title='bbox 416 5118 525 5188; x_wconf 78' lang='grc' dir='ltr'>ρετ,</span> <span class='ocrx_word' id='word_1_571' title='bbox 552 5118 646 5171; x_wconf 77' lang='grc' dir='ltr'><strong>καὶ</strong></span> <span class='ocrx_word' id='word_1_572' title='bbox 677 5117 940 5188; x_wconf 83' lang='grc' dir='ltr'>θεολογεί,</span> <span class='ocrx_word' id='word_1_573' title='bbox 968 5122 1062 5176; x_wconf 73' lang='grc' dir='ltr'><strong>καὶ</strong></span> <span class='ocrx_word' id='word_1_574' title='bbox 1091 5124 1478 5196; x_wconf 86' lang='grc' dir='ltr'>προσεύχεται.</span> <span class='ocrx_word' id='word_1_575' title='bbox 1511 5131 1623 5183; x_wconf 72' lang='grc' dir='ltr'>Καὶ</span> <span class='ocrx_word' id='word_1_576' title='bbox 1656 5133 1815 5187; x_wconf 85' lang='grc' dir='ltr'>τοῦτό</span> <span class='ocrx_word' id='word_1_577' title='bbox 1844 5136 1991 5190; x_wconf 78' lang='grc' dir='ltr'>ἐστιν</span> 
     </span>
    </p>
   </div>
   <div class='ocr_carea' id='block_1_80' title="bbox 412 5207 1991 5290">
    <p class='ocr_par' dir='ltr' id='par_1_80' title="bbox 412 5207 1991 5290">
     <span class='ocr_line' id='line_1_80' title="bbox 412 5207 1991 5290; baseline 0.013 -29"><span class='ocrx_word' id='word_1_578' title='bbox 412 5207 447 5261; x_wconf 76' lang='grc' dir='ltr'><strong>ὃ</strong></span> <span class='ocrx_word' id='word_1_579' title='bbox 472 5207 618 5276; x_wconf 80' lang='grc' dir='ltr'>λέγει</span> <span class='ocrx_word' id='word_1_580' title='bbox 661 5211 690 5264; x_wconf 86' lang='grc' dir='ltr'><strong>ὁ</strong></span> <span class='ocrx_word' id='word_1_581' title='bbox 735 5212 1090 5280; x_wconf 76' lang='grc' dir='ltr'>’Δπόστολος,</span> <span class='ocrx_word' id='word_1_582' title='bbox 1124 5217 1425 5286; x_wconf 80' lang='grc' dir='ltr'>Πνεύματι</span> <span class='ocrx_word' id='word_1_583' title='bbox 1465 5224 1861 5290; x_wconf 79' lang='grc' dir='ltr'>περιπατεῖτε,</span> <span class='ocrx_word' id='word_1_584' title='bbox 1893 5228 1991 5282; x_wconf 79' lang='grc' dir='ltr'>καὶ</span> 
     </span>
    </p>
   </div>
   <div class='ocr_carea' id='block_1_81' title="bbox 413 5297 1545 5379">
    <p class='ocr_par' dir='ltr' id='par_1_81' title="bbox 413 5297 1545 5379">
     <span class='ocr_line' id='line_1_81' title="bbox 413 5297 1545 5379; baseline 0.013 -29"><span class='ocrx_word' id='word_1_585' title='bbox 413 5297 739 5368; x_wconf 79' lang='grc' dir='ltr'>ἐπιθυμίαν</span> <span class='ocrx_word' id='word_1_586' title='bbox 765 5303 998 5372; x_wconf 80' lang='grc' dir='ltr'>σαρκὸς</span> <span class='ocrx_word' id='word_1_587' title='bbox 1024 5307 1096 5361; x_wconf 88' lang='grc' dir='ltr'>οὺ</span> <span class='ocrx_word' id='word_1_588' title='bbox 1118 5307 1205 5377; x_wconf 78' lang='grc' dir='ltr'>μὴ</span> <span class='ocrx_word' id='word_1_589' title='bbox 1235 5309 1545 5379; x_wconf 77' lang='grc' dir='ltr'>τελέσητε.</span> 
     </span>
    </p>
   </div>
   <div class='ocr_carea' id='block_1_82' title="bbox 491 5389 1989 5484">
    <p class='ocr_par' dir='ltr' id='par_1_82' title="bbox 491 5389 1989 5484">
     <span class='ocr_line' id='line_1_82' title="bbox 491 5389 1989 5484; baseline 0.016 -43"><span class='ocrx_word' id='word_1_590' title='bbox 491 5389 609 5484; x_wconf 72' lang='grc' dir='ltr'>ξοο.</span> <span class='ocrx_word' id='word_1_591' title='bbox 640 5391 701 5447; x_wconf 80' lang='grc' dir='ltr'><strong>Ὀ</strong></span> <span class='ocrx_word' id='word_1_592' title='bbox 747 5393 847 5464; x_wconf 79' lang='grc' dir='ltr'>τὴν</span> <span class='ocrx_word' id='word_1_593' title='bbox 907 5397 1031 5451; x_wconf 80' lang='grc' dir='ltr'>ὁδὸν</span> <span class='ocrx_word' id='word_1_594' title='bbox 1083 5400 1179 5469; x_wconf 83' lang='grc' dir='ltr'>τὴν</span> <span class='ocrx_word' id='word_1_595' title='bbox 1228 5404 1614 5477; x_wconf 74' lang='grc' dir='ltr'>πνευματικὴν</span> <span class='ocrx_word' id='word_1_596' title='bbox 1645 5407 1853 5463; x_wconf 80' lang='grc' dir='ltr'>ὁδεύειν</span> <span class='ocrx_word' id='word_1_597' title='bbox 1913 5411 1989 5484; x_wconf 81' lang='grc' dir='ltr'><strong>μὴ</strong></span> 
     </span>
    </p>
   </div>
   <div class='ocr_carea' id='block_1_83' title="bbox 417 5483 1986 5567">
    <p class='ocr_par' dir='ltr' id='par_1_83' title="bbox 417 5483 1986 5567">
     <span class='ocr_line' id='line_1_83' title="bbox 417 5483 1986 5567; baseline 0.017 -34"><span class='ocrx_word' id='word_1_598' title='bbox 417 5483 806 5553; x_wconf 70' lang='grc' dir='ltr'>ἐπιστάμενος,</span> <span class='ocrx_word' id='word_1_599' title='bbox 832 5487 939 5541; x_wconf 86' lang='grc' dir='ltr'><strong>τῶν</strong></span> <span class='ocrx_word' id='word_1_600' title='bbox 989 5491 1253 5561; x_wconf 81' lang='grc' dir='ltr'>ἐμπαθῶν</span> <span class='ocrx_word' id='word_1_601' title='bbox 1303 5496 1595 5567; x_wconf 78' lang='grc' dir='ltr'>νοημάτων</span> <span class='ocrx_word' id='word_1_602' title='bbox 1645 5501 1705 5553; x_wconf 73' lang='grc' dir='ltr'>οὗ</span> <span class='ocrx_word' id='word_1_603' title='bbox 1754 5483 1986 5558; x_wconf 82' lang='grc' dir='ltr'>ποιεῖται</span> 
     </span>
    </p>
   </div>
   <div class='ocr_carea' id='block_1_84' title="bbox 421 5570 1985 5666">
    <p class='ocr_par' dir='ltr' id='par_1_84' title="bbox 421 5570 1985 5666">
     <span class='ocr_line' id='line_1_84' title="bbox 421 5570 1985 5666; baseline 0.018 -43"><span class='ocrx_word' id='word_1_604' title='bbox 421 5573 703 5641; x_wconf 78' lang='grc' dir='ltr'>φροντίδα,</span> <span class='ocrx_word' id='word_1_605' title='bbox 737 5575 854 5630; x_wconf 79' lang='grc' dir='ltr'>ἀλλ’</span> <span class='ocrx_word' id='word_1_606' title='bbox 886 5578 1017 5651; x_wconf 84' lang='grc' dir='ltr'>ὃλην</span> <span class='ocrx_word' id='word_1_607' title='bbox 1066 5582 1164 5652; x_wconf 77' lang='grc' dir='ltr'>τὴν</span> <span class='ocrx_word' id='word_1_608' title='bbox 1218 5586 1414 5658; x_wconf 75' lang='grc' dir='ltr'>σχολὴν</span> <span class='ocrx_word' id='word_1_609' title='bbox 1471 5591 1601 5660; x_wconf 74' lang='grc' dir='ltr'>περὶ</span> <span class='ocrx_word' id='word_1_610' title='bbox 1656 5570 1757 5661; x_wconf 68' lang='grc' dir='ltr'>τὴν</span> <span class='ocrx_word' id='word_1_611' title='bbox 1786 5595 1985 5666; x_wconf 37' lang='grc' dir='ltr'>,σάρκα</span> 
     </span>
    </p>
   </div>
   <div class='ocr_carea' id='block_1_85' title="bbox 492 5753 1420 5830">
    <p class='ocr_par' dir='ltr' id='par_1_85' title="bbox 492 5753 1420 5830">
     <span class='ocr_line' id='line_1_85' title="bbox 492 5753 1420 5830; baseline 0.015 -25"><span class='ocrx_word' id='word_1_612' title='bbox 492 5753 732 5819; x_wconf 71' lang='lat' dir='ltr'><strong>&quot;,Exod.</strong></span> <span class='ocrx_word' id='word_1_613' title='bbox 769 5773 817 5821; x_wconf 78' lang='grc' dir='ltr'><strong>ν,</strong></span> <span class='ocrx_word' id='word_1_614' title='bbox 844 5757 898 5811; x_wconf 75' lang='grc'>2.</span> <span class='ocrx_word' id='word_1_615' title='bbox 975 5760 1017 5791; x_wconf 85' lang='grc'><strong>⁷⁷</strong></span> <span class='ocrx_word' id='word_1_616' title='bbox 1046 5760 1217 5816; x_wconf 80' lang='lat' dir='ltr'><strong>Galat.</strong></span> <span class='ocrx_word' id='word_1_617' title='bbox 1247 5781 1301 5830; x_wconf 79' lang='grc' dir='ltr'><strong>ν,</strong></span> <span class='ocrx_word' id='word_1_618' title='bbox 1338 5763 1420 5818; x_wconf 81' lang='grc'>16.</span> 
     </span>
    </p>
   </div>
   <div class='ocr_carea' id='block_1_86' title="bbox 2092 3231 3673 3304">
    <p class='ocr_par' dir='ltr' id='par_1_86' title="bbox 2092 3231 3673 3304">
     <span class='ocr_line' id='line_1_86' title="bbox 2092 3231 3673 3304; baseline 0.003 -20"><span class='ocrx_word' id='word_1_619' title='bbox 2092 3232 2334 3301; x_wconf 88' lang='lat' dir='ltr'><strong>quimus,</strong></span> <span class='ocrx_word' id='word_1_620' title='bbox 2365 3232 2563 3302; x_wconf 87' lang='lat' dir='ltr'><strong>quidve</strong></span> <span class='ocrx_word' id='word_1_621' title='bbox 2594 3233 2723 3289; x_wconf 90' lang='lat' dir='ltr'><strong>boni</strong></span> <span class='ocrx_word' id='word_1_622' title='bbox 2757 3235 2940 3304; x_wconf 87' lang='lat' dir='ltr'><strong>operis</strong></span> <span class='ocrx_word' id='word_1_623' title='bbox 2971 3235 3263 3290; x_wconf 78' lang='lat' dir='ltr'><strong>edidimus.</strong></span> <span class='ocrx_word' id='word_1_624' title='bbox 3292 3234 3349 3289; x_wconf 86' lang='lat' dir='ltr'><strong>Id</strong></span> <span class='ocrx_word' id='word_1_625' title='bbox 3382 3235 3543 3289; x_wconf 82' lang='lat' dir='ltr'><strong>etiam</strong></span> <span class='ocrx_word' id='word_1_626' title='bbox 3568 3231 3673 3288; x_wconf 84' lang='lat' dir='ltr'><strong>Job</strong></span> 
     </span>
    </p>
   </div>
   <div class='ocr_carea' id='block_1_87' title="bbox 2092 3323 3670 3399">
    <p class='ocr_par' dir='ltr' id='par_1_87' title="bbox 2092 3323 3670 3399">
     <span class='ocr_line' id='line_1_87' title="bbox 2092 3323 3670 3399; baseline 0 -23"><span class='ocrx_word' id='word_1_627' title='bbox 2092 3323 2346 3387; x_wconf 77' lang='lat' dir='ltr'><strong>faciebat,</strong></span> <span class='ocrx_word' id='word_1_628' title='bbox 2383 3330 2491 3377; x_wconf 89' lang='lat' dir='ltr'><strong>tam</strong></span> <span class='ocrx_word' id='word_1_629' title='bbox 2524 3339 2621 3378; x_wconf 88' lang='lat' dir='ltr'><strong>sua</strong></span> <span class='ocrx_word' id='word_1_630' title='bbox 2653 3340 2814 3399; x_wconf 82' lang='lat' dir='ltr'><strong>quam</strong></span> <span class='ocrx_word' id='word_1_631' title='bbox 2865 3324 3099 3380; x_wconf 82' lang='lat' dir='ltr'><strong>ﬁliorum</strong></span> <span class='ocrx_word' id='word_1_632' title='bbox 3143 3341 3325 3380; x_wconf 88' lang='lat' dir='ltr'><strong>causa.</strong></span> <span class='ocrx_word' id='word_1_633' title='bbox 3360 3323 3489 3390; x_wconf 69' lang='lat' dir='ltr'><strong>Qua:</strong></span> <span class='ocrx_word' id='word_1_634' title='bbox 3525 3323 3670 3377; x_wconf 88' lang='lat' dir='ltr'><strong>enim</strong></span> 
     </span>
    </p>
   </div>
   <div class='ocr_carea' id='block_1_88' title="bbox 2095 3409 3667 3482">
    <p class='ocr_par' dir='ltr' id='par_1_88' title="bbox 2095 3409 3667 3482">
     <span class='ocr_line' id='line_1_88' title="bbox 2095 3409 3667 3482; baseline -0.001 -18"><span class='ocrx_word' id='word_1_635' title='bbox 2095 3409 2341 3480; x_wconf 74' lang='lat' dir='ltr'><strong>quotidie</strong></span> <span class='ocrx_word' id='word_1_636' title='bbox 2378 3410 2592 3467; x_wconf 89' lang='lat' dir='ltr'><strong>ratione</strong></span> <span class='ocrx_word' id='word_1_637' title='bbox 2626 3412 3025 3477; x_wconf 81' lang='lat' dir='ltr'><strong>subducuntur,</strong></span> <span class='ocrx_word' id='word_1_638' title='bbox 3056 3412 3333 3467; x_wconf 89' lang='lat' dir='ltr'><strong>declarant</strong></span> <span class='ocrx_word' id='word_1_639' title='bbox 3366 3412 3496 3482; x_wconf 87' lang='lat' dir='ltr'><strong>quid</strong></span> <span class='ocrx_word' id='word_1_640' title='bbox 3537 3411 3667 3464; x_wconf 84' lang='lat' dir='ltr'><strong>hora</strong></span> 
     </span>
    </p>
   </div>
   <div class='ocr_carea' id='block_1_89' title="bbox 2092 3500 3669 3574">
    <p class='ocr_par' dir='ltr' id='par_1_89' title="bbox 2092 3500 3669 3574">
     <span class='ocr_line' id='line_1_89' title="bbox 2092 3500 3669 3574; baseline -0.002 -16"><span class='ocrx_word' id='word_1_641' title='bbox 2092 3518 2306 3573; x_wconf 89' lang='lat' dir='ltr'><strong>quaque</strong></span> <span class='ocrx_word' id='word_1_642' title='bbox 2344 3510 2555 3574; x_wconf 86' lang='lat' dir='ltr'><strong>gestum</strong></span> <span class='ocrx_word' id='word_1_643' title='bbox 2597 3502 2661 3558; x_wconf 92' lang='lat' dir='ltr'><strong>sit</strong></span> <span class='ocrx_word' id='word_1_644' title='bbox 2711 3519 2773 3558; x_wconf 92' lang='lat' dir='ltr'><strong>ac</strong></span> <span class='ocrx_word' id='word_1_645' title='bbox 2816 3503 3133 3574; x_wconf 83' lang='lat' dir='ltr'><strong>gerendum.</strong></span> <span class='ocrx_word' id='word_1_646' title='bbox 3164 3501 3400 3556; x_wconf 83' lang='lat' dir='ltr'><strong>Rursum</strong></span> <span class='ocrx_word' id='word_1_647' title='bbox 3431 3500 3519 3556; x_wconf 87' lang='lat' dir='ltr'><strong>ille</strong></span> <span class='ocrx_word' id='word_1_648' title='bbox 3555 3502 3669 3571; x_wconf 86' lang='lat' dir='ltr'><strong>ipsc</strong></span> 
     </span>
    </p>
   </div>
   <div class='ocr_carea' id='block_1_90' title="bbox 2094 3589 3493 3660">
    <p class='ocr_par' dir='ltr' id='par_1_90' title="bbox 2094 3589 3493 3660">
     <span class='ocr_line' id='line_1_90' title="bbox 2094 3589 3493 3660; baseline -0.004 -15"><span class='ocrx_word' id='word_1_649' title='bbox 2094 3591 2326 3647; x_wconf 84' lang='lat' dir='ltr'><strong>Basilius</strong></span> <span class='ocrx_word' id='word_1_650' title='bbox 2356 3591 2528 3647; x_wconf 80' lang='lat' dir='ltr'><strong>dicit:</strong></span> <span class='ocrx_word' id='word_1_651' title='bbox 2561 3589 2778 3646; x_wconf 79' lang='lat' dir='ltr'><strong>Modum</strong></span> <span class='ocrx_word' id='word_1_652' title='bbox 2809 3608 3025 3647; x_wconf 84' lang='lat' dir='ltr'><strong>onmem</strong></span> <span class='ocrx_word' id='word_1_653' title='bbox 3056 3606 3178 3647; x_wconf 88' lang='lat' dir='ltr'><strong>esse</strong></span> <span class='ocrx_word' id='word_1_654' title='bbox 3208 3590 3493 3660; x_wconf 86' lang='lat' dir='ltr'><strong>optimum.</strong></span> 
     </span>
    </p>
   </div>
   <div class='ocr_carea' id='block_1_91' title="bbox 2163 3763 3671 3836">
    <p class='ocr_par' dir='ltr' id='par_1_91' title="bbox 2163 3763 3671 3836">
     <span class='ocr_line' id='line_1_91' title="bbox 2163 3763 3671 3836; baseline -0.002 -13"><span class='ocrx_word' id='word_1_655' title='bbox 2163 3767 2251 3823; x_wconf 80' lang='lat'><strong>66.</strong></span> <span class='ocrx_word' id='word_1_656' title='bbox 2295 3766 2483 3821; x_wconf 89' lang='lat' dir='ltr'><strong>Denuo</strong></span> <span class='ocrx_word' id='word_1_657' title='bbox 2523 3765 2664 3821; x_wconf 89' lang='lat' dir='ltr'><strong>alius</strong></span> <span class='ocrx_word' id='word_1_658' title='bbox 2703 3780 2733 3821; x_wconf 90' lang='lat' dir='ltr'><strong>e</strong></span> <span class='ocrx_word' id='word_1_659' title='bbox 2775 3765 2965 3836; x_wconf 88' lang='lat' dir='ltr'><strong>peritis</strong></span> <span class='ocrx_word' id='word_1_660' title='bbox 3011 3780 3193 3819; x_wconf 90' lang='lat' dir='ltr'><strong>rerum</strong></span> <span class='ocrx_word' id='word_1_661' title='bbox 3237 3763 3543 3820; x_wconf 84' lang='lat' dir='ltr'><strong>divinarum</strong></span> <span class='ocrx_word' id='word_1_662' title='bbox 3583 3763 3671 3820; x_wconf 85' lang='lat' dir='ltr'><strong>in-</strong></span> 
     </span>
    </p>
   </div>
   <div class='ocr_carea' id='block_1_92' title="bbox 2094 3853 3673 3928">
    <p class='ocr_par' dir='ltr' id='par_1_92' title="bbox 2094 3853 3673 3928">
     <span class='ocr_line' id='line_1_92' title="bbox 2094 3853 3673 3928; baseline -0.003 -17"><span class='ocrx_word' id='word_1_663' title='bbox 2094 3854 2230 3928; x_wconf 86' lang='lat' dir='ltr'><strong>quit,</strong></span> <span class='ocrx_word' id='word_1_664' title='bbox 2272 3855 2494 3911; x_wconf 86' lang='lat' dir='ltr'><strong>Initium</strong></span> <span class='ocrx_word' id='word_1_665' title='bbox 2546 3855 2862 3918; x_wconf 79' lang='lat' dir='ltr'><strong>fertilitatis,</strong></span> <span class='ocrx_word' id='word_1_666' title='bbox 2899 3861 2983 3909; x_wconf 79' lang='lat' dir='ltr'><strong>est</strong></span> <span class='ocrx_word' id='word_1_667' title='bbox 3027 3854 3125 3907; x_wconf 86' lang='lat' dir='ltr'><strong>llos</strong></span> <span class='ocrx_word' id='word_1_668' title='bbox 3171 3871 3183 3908; x_wconf 93' lang='lat'><strong>:</strong></span> <span class='ocrx_word' id='word_1_669' title='bbox 3236 3862 3288 3907; x_wconf 87' lang='lat' dir='ltr'><strong>et</strong></span> <span class='ocrx_word' id='word_1_670' title='bbox 3344 3853 3673 3924; x_wconf 83' lang='lat' dir='ltr'><strong>principium</strong></span> 
     </span>
    </p>
   </div>
   <div class='ocr_carea' id='block_1_93' title="bbox 2096 3943 3678 4020">
    <p class='ocr_par' dir='ltr' id='par_1_93' title="bbox 2096 3943 3678 4020">
     <span class='ocr_line' id='line_1_93' title="bbox 2096 3943 3678 4020; baseline -0.003 -17"><span class='ocrx_word' id='word_1_671' title='bbox 2096 3965 2278 4004; x_wconf 88' lang='lat' dir='ltr'><strong>rerum</strong></span> <span class='ocrx_word' id='word_1_672' title='bbox 2338 3948 2703 4020; x_wconf 88' lang='lat' dir='ltr'><strong>agendarum,</strong></span> <span class='ocrx_word' id='word_1_673' title='bbox 2757 3954 2839 4001; x_wconf 87' lang='lat' dir='ltr'><strong>est</strong></span> <span class='ocrx_word' id='word_1_674' title='bbox 2902 3944 3255 4001; x_wconf 89' lang='lat' dir='ltr'><strong>continentia.</strong></span> <span class='ocrx_word' id='word_1_675' title='bbox 3315 3943 3678 4000; x_wconf 80' lang='lat' dir='ltr'><strong>Continentcs</strong></span> 
     </span>
    </p>
   </div>
   <div class='ocr_carea' id='block_1_94' title="bbox 2097 4035 3671 4112">
    <p class='ocr_par' dir='ltr' id='par_1_94' title="bbox 2097 4035 3671 4112">
     <span class='ocr_line' id='line_1_94' title="bbox 2097 4035 3671 4112; baseline -0.003 -18"><span class='ocrx_word' id='word_1_676' title='bbox 2097 4041 2259 4112; x_wconf 82' lang='lat' dir='ltr'><strong>igitur</strong></span> <span class='ocrx_word' id='word_1_677' title='bbox 2300 4040 2473 4096; x_wconf 87' lang='lat' dir='ltr'><strong>simus</strong></span> <span class='ocrx_word' id='word_1_678' title='bbox 2506 4057 2519 4094; x_wconf 89' lang='lat'><strong>:</strong></span> <span class='ocrx_word' id='word_1_679' title='bbox 2551 4039 2713 4109; x_wconf 89' lang='lat' dir='ltr'><strong>idque</strong></span> <span class='ocrx_word' id='word_1_680' title='bbox 2765 4053 2890 4093; x_wconf 89' lang='lat' dir='ltr'><strong>cum</strong></span> <span class='ocrx_word' id='word_1_681' title='bbox 2941 4037 3104 4092; x_wconf 86' lang='lat' dir='ltr'><strong>modo</strong></span> <span class='ocrx_word' id='word_1_682' title='bbox 3152 4044 3208 4090; x_wconf 92' lang='lat' dir='ltr'><strong>et</strong></span> <span class='ocrx_word' id='word_1_683' title='bbox 3258 4044 3478 4100; x_wconf 86' lang='lat' dir='ltr'><strong>statera,</strong></span> <span class='ocrx_word' id='word_1_684' title='bbox 3512 4035 3671 4091; x_wconf 85' lang='lat' dir='ltr'><strong>sicuti</strong></span> 
     </span>
    </p>
   </div>
   <div class='ocr_carea' id='block_1_95' title="bbox 2097 4127 3672 4201">
    <p class='ocr_par' dir='ltr' id='par_1_95' title="bbox 2097 4127 3672 4201">
     <span class='ocr_line' id='line_1_95' title="bbox 2097 4127 3672 4201; baseline -0.006 -14"><span class='ocrx_word' id='word_1_685' title='bbox 2097 4132 2286 4188; x_wconf 84' lang='lat' dir='ltr'><strong>Patres</strong></span> <span class='ocrx_word' id='word_1_686' title='bbox 2317 4132 2514 4187; x_wconf 86' lang='lat' dir='ltr'><strong>docent</strong></span> <span class='ocrx_word' id='word_1_687' title='bbox 2547 4149 2560 4185; x_wconf 92' lang='lat'><strong>:</strong></span> <span class='ocrx_word' id='word_1_688' title='bbox 2597 4140 2870 4201; x_wconf 84' lang='lat' dir='ltr'><strong>totamque</strong></span> <span class='ocrx_word' id='word_1_689' title='bbox 2902 4129 3046 4184; x_wconf 89' lang='lat' dir='ltr'><strong>diem</strong></span> <span class='ocrx_word' id='word_1_690' title='bbox 3084 4127 3370 4182; x_wconf 87' lang='lat' dir='ltr'><strong>duodecim</strong></span> <span class='ocrx_word' id='word_1_691' title='bbox 3415 4127 3672 4181; x_wconf 69' lang='lat' dir='ltr'><strong>horarun</strong></span> 
     </span>
    </p>
   </div>
   <div class='ocr_carea' id='block_1_96' title="bbox 2096 4219 3676 4293">
    <p class='ocr_par' dir='ltr' id='par_1_96' title="bbox 2096 4219 3676 4293">
     <span class='ocr_line' id='line_1_96' title="bbox 2096 4219 3676 4293; baseline -0.004 -14"><span class='ocrx_word' id='word_1_692' title='bbox 2096 4226 2150 4279; x_wconf 92' lang='lat' dir='ltr'><strong>in</strong></span> <span class='ocrx_word' id='word_1_693' title='bbox 2181 4224 2555 4280; x_wconf 84' lang='lat' dir='ltr'><strong>conservando</strong></span> <span class='ocrx_word' id='word_1_694' title='bbox 2583 4224 2767 4278; x_wconf 92' lang='lat' dir='ltr'><strong>animo</strong></span> <span class='ocrx_word' id='word_1_695' title='bbox 2798 4221 3184 4293; x_wconf 88' lang='lat' dir='ltr'><strong>transigamus.</strong></span> <span class='ocrx_word' id='word_1_696' title='bbox 3214 4220 3292 4274; x_wconf 87' lang='lat' dir='ltr'><strong>Ita</strong></span> <span class='ocrx_word' id='word_1_697' title='bbox 3322 4219 3471 4273; x_wconf 90' lang='lat' dir='ltr'><strong>enim</strong></span> <span class='ocrx_word' id='word_1_698' title='bbox 3504 4232 3676 4289; x_wconf 76' lang='lat' dir='ltr'><strong>agen-</strong></span> 
     </span>
    </p>
   </div>
   <div class='ocr_carea' id='block_1_97' title="bbox 2100 4310 3669 4391">
    <p class='ocr_par' dir='ltr' id='par_1_97' title="bbox 2100 4310 3669 4391">
     <span class='ocr_line' id='line_1_97' title="bbox 2100 4310 3669 4391; baseline -0.008 -15"><span class='ocrx_word' id='word_1_699' title='bbox 2100 4330 2200 4386; x_wconf 89' lang='lat' dir='ltr'><strong>tes,</strong></span> <span class='ocrx_word' id='word_1_700' title='bbox 2236 4315 2556 4391; x_wconf 87' lang='lat' dir='ltr'><strong>poterimus.</strong></span> <span class='ocrx_word' id='word_1_701' title='bbox 2590 4312 2702 4370; x_wconf 89' lang='lat' dir='ltr'><strong>Deo</strong></span> <span class='ocrx_word' id='word_1_702' title='bbox 2745 4322 3048 4384; x_wconf 69' lang='lat' dir='ltr'><strong>praeeunte,</strong></span> <span class='ocrx_word' id='word_1_703' title='bbox 3099 4311 3152 4367; x_wconf 92' lang='lat' dir='ltr'><strong>vi</strong></span> <span class='ocrx_word' id='word_1_704' title='bbox 3197 4311 3440 4381; x_wconf 75' lang='lat' dir='ltr'><strong>quaedam</strong></span> <span class='ocrx_word' id='word_1_705' title='bbox 3490 4310 3669 4365; x_wconf 84' lang='lat' dir='ltr'><strong>immi-</strong></span> 
     </span>
    </p>
   </div>
   <div class='ocr_carea' id='block_1_98' title="bbox 2097 4404 3674 4478">
    <p class='ocr_par' dir='ltr' id='par_1_98' title="bbox 2097 4404 3674 4478">
     <span class='ocr_line' id='line_1_98' title="bbox 2097 4404 3674 4478; baseline -0.008 -6"><span class='ocrx_word' id='word_1_706' title='bbox 2097 4430 2268 4471; x_wconf 89' lang='lat' dir='ltr'><strong>nuere</strong></span> <span class='ocrx_word' id='word_1_707' title='bbox 2299 4412 2490 4470; x_wconf 87' lang='lat' dir='ltr'><strong>vitium</strong></span> <span class='ocrx_word' id='word_1_708' title='bbox 2517 4417 2566 4463; x_wconf 86' lang='lat' dir='ltr'><strong>et</strong></span> <span class='ocrx_word' id='word_1_709' title='bbox 2595 4406 2959 4478; x_wconf 80' lang='lat' dir='ltr'><strong>exstinguere.</strong></span> <span class='ocrx_word' id='word_1_710' title='bbox 2999 4404 3248 4461; x_wconf 78' lang='lat' dir='ltr'><strong>Violenta</strong></span> <span class='ocrx_word' id='word_1_711' title='bbox 3281 4404 3548 4474; x_wconf 86' lang='lat' dir='ltr'><strong>siquidem</strong></span> <span class='ocrx_word' id='word_1_712' title='bbox 3588 4414 3674 4460; x_wconf 87' lang='lat' dir='ltr'><strong>est</strong></span> 
     </span>
    </p>
   </div>
   <div class='ocr_carea' id='block_1_99' title="bbox 2028 4499 3674 4571">
    <p class='ocr_par' dir='ltr' id='par_1_99' title="bbox 2028 4499 3674 4571">
     <span class='ocr_line' id='line_1_99' title="bbox 2028 4499 3674 4571; baseline -0.004 -12"><span class='ocrx_word' id='word_1_713' title='bbox 2028 4503 2442 4563; x_wconf 83' lang='lat' dir='ltr'><strong>Deonversatio</strong></span> <span class='ocrx_word' id='word_1_714' title='bbox 2489 4501 2786 4556; x_wconf 76' lang='lat' dir='ltr'><strong>virtutibus</strong></span> <span class='ocrx_word' id='word_1_715' title='bbox 2851 4499 3034 4555; x_wconf 84' lang='lat' dir='ltr'><strong>dedita</strong></span> <span class='ocrx_word' id='word_1_716' title='bbox 3093 4513 3200 4569; x_wconf 90' lang='lat' dir='ltr'><strong>qua</strong></span> <span class='ocrx_word' id='word_1_717' title='bbox 3241 4514 3467 4571; x_wconf 79' lang='lat' dir='ltr'><strong>regnum</strong></span> <span class='ocrx_word' id='word_1_718' title='bbox 3509 4499 3674 4554; x_wconf 83' lang='lat' dir='ltr'><strong>coelo-</strong></span> 
     </span>
    </p>
   </div>
   <div class='ocr_carea' id='block_1_100' title="bbox 2099 4594 2511 4651">
    <p class='ocr_par' dir='ltr' id='par_1_100' title="bbox 2099 4594 2511 4651">
     <span class='ocr_line' id='line_1_100' title="bbox 2099 4594 2511 4651; baseline -0.015 -1"><span class='ocrx_word' id='word_1_719' title='bbox 2099 4610 2219 4651; x_wconf 89' lang='lat' dir='ltr'><strong>rum</strong></span> <span class='ocrx_word' id='word_1_720' title='bbox 2257 4594 2511 4648; x_wconf 83' lang='lat' dir='ltr'><strong>donatur.</strong></span> 
     </span>
    </p>
   </div>
   <div class='ocr_carea' id='block_1_101' title="bbox 2170 4674 3677 4750">
    <p class='ocr_par' dir='ltr' id='par_1_101' title="bbox 2170 4674 3677 4750">
     <span class='ocr_line' id='line_1_101' title="bbox 2170 4674 3677 4750; baseline -0.007 -11"><span class='ocrx_word' id='word_1_721' title='bbox 2170 4682 2257 4743; x_wconf 84' lang='lat'><strong>67.</strong></span> <span class='ocrx_word' id='word_1_722' title='bbox 2301 4682 2395 4737; x_wconf 85' lang='lat' dir='ltr'><strong>Via</strong></span> <span class='ocrx_word' id='word_1_723' title='bbox 2437 4694 2557 4750; x_wconf 72' lang='lat' dir='ltr'><strong>qua:</strong></span> <span class='ocrx_word' id='word_1_724' title='bbox 2597 4674 2748 4733; x_wconf 86' lang='lat' dir='ltr'><strong>ducit</strong></span> <span class='ocrx_word' id='word_1_725' title='bbox 2784 4676 2851 4731; x_wconf 90' lang='lat' dir='ltr'><strong>ad</strong></span> <span class='ocrx_word' id='word_1_726' title='bbox 2890 4675 3280 4747; x_wconf 76' lang='lat' dir='ltr'><strong>cognitionem,</strong></span> <span class='ocrx_word' id='word_1_727' title='bbox 3315 4681 3399 4730; x_wconf 84' lang='lat' dir='ltr'><strong>est</strong></span> <span class='ocrx_word' id='word_1_728' title='bbox 3431 4675 3677 4731; x_wconf 85' lang='lat' dir='ltr'><strong>vacuitas</strong></span> 
     </span>
    </p>
   </div>
   <div class='ocr_carea' id='block_1_102' title="bbox 2096 4767 3673 4839">
    <p class='ocr_par' dir='ltr' id='par_1_102' title="bbox 2096 4767 3673 4839">
     <span class='ocr_line' id='line_1_102' title="bbox 2096 4767 3673 4839; baseline -0.004 -9"><span class='ocrx_word' id='word_1_729' title='bbox 2096 4775 2470 4837; x_wconf 71' lang='lat' dir='ltr'><strong>aliectionum,</strong></span> <span class='ocrx_word' id='word_1_730' title='bbox 2519 4779 2575 4827; x_wconf 92' lang='lat' dir='ltr'><strong>et</strong></span> <span class='ocrx_word' id='word_1_731' title='bbox 2615 4768 2893 4825; x_wconf 87' lang='lat' dir='ltr'><strong>humilitas</strong></span> <span class='ocrx_word' id='word_1_732' title='bbox 2925 4784 2940 4823; x_wconf 88' lang='lat'><strong>:</strong></span> <span class='ocrx_word' id='word_1_733' title='bbox 2980 4767 3097 4823; x_wconf 88' lang='lat' dir='ltr'><strong>sine</strong></span> <span class='ocrx_word' id='word_1_734' title='bbox 3131 4768 3331 4839; x_wconf 90' lang='lat' dir='ltr'><strong>quibus</strong></span> <span class='ocrx_word' id='word_1_735' title='bbox 3380 4781 3542 4823; x_wconf 90' lang='lat' dir='ltr'><strong>nemo</strong></span> <span class='ocrx_word' id='word_1_736' title='bbox 3587 4770 3673 4824; x_wconf 85' lang='lat' dir='ltr'><strong>vi-</strong></span> 
     </span>
    </p>
   </div>
   <div class='ocr_carea' id='block_1_103' title="bbox 2097 4864 2590 4921">
    <p class='ocr_par' dir='ltr' id='par_1_103' title="bbox 2097 4864 2590 4921">
     <span class='ocr_line' id='line_1_103' title="bbox 2097 4864 2590 4921; baseline -0.008 0"><span class='ocrx_word' id='word_1_737' title='bbox 2097 4866 2248 4921; x_wconf 78' lang='lat' dir='ltr'><strong>debit</strong></span> <span class='ocrx_word' id='word_1_738' title='bbox 2279 4864 2590 4919; x_wconf 89' lang='lat' dir='ltr'><strong>Dominum.</strong></span> 
     </span>
    </p>
   </div>
   <div class='ocr_carea' id='block_1_104' title="bbox 2165 4948 3675 5022">
    <p class='ocr_par' dir='ltr' id='par_1_104' title="bbox 2165 4948 3675 5022">
     <span class='ocr_line' id='line_1_104' title="bbox 2165 4948 3675 5022; baseline -0.007 -11"><span class='ocrx_word' id='word_1_739' title='bbox 2165 4956 2255 5012; x_wconf 83' lang='lat'><strong>68.</strong></span> <span class='ocrx_word' id='word_1_740' title='bbox 2299 4955 2405 5022; x_wconf 88' lang='lat' dir='ltr'><strong>Qui</strong></span> <span class='ocrx_word' id='word_1_741' title='bbox 2450 4953 2669 5008; x_wconf 89' lang='lat' dir='ltr'><strong>assidue</strong></span> <span class='ocrx_word' id='word_1_742' title='bbox 2719 4951 2813 5008; x_wconf 86' lang='lat' dir='ltr'><strong>dat.</strong></span> <span class='ocrx_word' id='word_1_743' title='bbox 2857 4966 3080 5022; x_wconf 85' lang='lat' dir='ltr'><strong>operam</strong></span> <span class='ocrx_word' id='word_1_744' title='bbox 3130 4950 3294 5006; x_wconf 88' lang='lat' dir='ltr'><strong>rebus</strong></span> <span class='ocrx_word' id='word_1_745' title='bbox 3335 4949 3586 5013; x_wconf 73' lang='lat' dir='ltr'><strong>internis,</strong></span> <span class='ocrx_word' id='word_1_746' title='bbox 3625 4948 3675 5001; x_wconf 82' lang='lat' dir='ltr'><strong>is</strong></span> 
     </span>
    </p>
   </div>
   <div class='ocr_carea' id='block_1_105' title="bbox 2097 5041 3669 5119">
    <p class='ocr_par' dir='ltr' id='par_1_105' title="bbox 2097 5041 3669 5119">
     <span class='ocr_line' id='line_1_105' title="bbox 2097 5041 3669 5119; baseline -0.008 -17"><span class='ocrx_word' id='word_1_747' title='bbox 2097 5049 2335 5119; x_wconf 87' lang='lat' dir='ltr'><strong>prudens</strong></span> <span class='ocrx_word' id='word_1_748' title='bbox 2361 5058 2463 5102; x_wconf 73' lang='lat' dir='ltr'><strong>est.</strong></span> <span class='ocrx_word' id='word_1_749' title='bbox 2490 5045 2680 5115; x_wconf 85' lang='lat' dir='ltr'><strong>Neque</strong></span> <span class='ocrx_word' id='word_1_750' title='bbox 2707 5060 2835 5100; x_wconf 89' lang='lat' dir='ltr'><strong>vero</strong></span> <span class='ocrx_word' id='word_1_751' title='bbox 2867 5043 2919 5099; x_wconf 91' lang='lat' dir='ltr'><strong>id</strong></span> <span class='ocrx_word' id='word_1_752' title='bbox 2951 5052 3161 5098; x_wconf 89' lang='lat' dir='ltr'><strong>tantum</strong></span> <span class='ocrx_word' id='word_1_753' title='bbox 3191 5060 3203 5095; x_wconf 91' lang='lat'><strong>:</strong></span> <span class='ocrx_word' id='word_1_754' title='bbox 3232 5041 3327 5095; x_wconf 86' lang='lat' dir='ltr'><strong>sed</strong></span> <span class='ocrx_word' id='word_1_755' title='bbox 3349 5049 3404 5094; x_wconf 91' lang='lat' dir='ltr'><strong>et</strong></span> <span class='ocrx_word' id='word_1_756' title='bbox 3428 5050 3669 5095; x_wconf 83' lang='lat' dir='ltr'><strong>contem-</strong></span> 
     </span>
    </p>
   </div>
   <div class='ocr_carea' id='block_1_106' title="bbox 2097 5132 3673 5211">
    <p class='ocr_par' dir='ltr' id='par_1_106' title="bbox 2097 5132 3673 5211">
     <span class='ocr_line' id='line_1_106' title="bbox 2097 5132 3673 5211; baseline -0.004 -18"><span class='ocrx_word' id='word_1_757' title='bbox 2097 5138 2320 5211; x_wconf 84' lang='lat' dir='ltr'><strong>plationi</strong></span> <span class='ocrx_word' id='word_1_758' title='bbox 2345 5149 2402 5192; x_wconf 73' lang='lat' dir='ltr'><strong>ct</strong></span> <span class='ocrx_word' id='word_1_759' title='bbox 2438 5138 2722 5208; x_wconf 83' lang='lat' dir='ltr'><strong>theologiae</strong></span> <span class='ocrx_word' id='word_1_760' title='bbox 2755 5136 2941 5191; x_wconf 84' lang='lat' dir='ltr'><strong>studet</strong></span> <span class='ocrx_word' id='word_1_761' title='bbox 2976 5145 3026 5190; x_wconf 90' lang='lat' dir='ltr'><strong>et</strong></span> <span class='ocrx_word' id='word_1_762' title='bbox 3062 5132 3380 5204; x_wconf 87' lang='lat' dir='ltr'><strong>precationi.</strong></span> <span class='ocrx_word' id='word_1_763' title='bbox 3416 5132 3673 5200; x_wconf 80' lang='lat' dir='ltr'><strong>lstudquc</strong></span> 
     </span>
    </p>
   </div>
   <div class='ocr_carea' id='block_1_107' title="bbox 2095 5223 3672 5300">
    <p class='ocr_par' dir='ltr' id='par_1_107' title="bbox 2095 5223 3672 5300">
     <span class='ocr_line' id='line_1_107' title="bbox 2095 5223 3672 5300; baseline -0.007 -14"><span class='ocrx_word' id='word_1_764' title='bbox 2095 5241 2178 5286; x_wconf 89' lang='lat' dir='ltr'><strong>est</strong></span> <span class='ocrx_word' id='word_1_765' title='bbox 2205 5230 2350 5300; x_wconf 89' lang='lat' dir='ltr'><strong>quod</strong></span> <span class='ocrx_word' id='word_1_766' title='bbox 2387 5230 2464 5284; x_wconf 89' lang='lat' dir='ltr'><strong>ait</strong></span> <span class='ocrx_word' id='word_1_767' title='bbox 2491 5229 2805 5299; x_wconf 87' lang='lat' dir='ltr'><strong>Apostolus,</strong></span> <span class='ocrx_word' id='word_1_768' title='bbox 2837 5225 3043 5295; x_wconf 81' lang='lat' dir='ltr'><strong>Spiritu</strong></span> <span class='ocrx_word' id='word_1_769' title='bbox 3070 5223 3361 5289; x_wconf 83' lang='lat' dir='ltr'><strong>ambulate,</strong></span> <span class='ocrx_word' id='word_1_770' title='bbox 3389 5232 3438 5276; x_wconf 83' lang='lat' dir='ltr'><strong>et</strong></span> <span class='ocrx_word' id='word_1_771' title='bbox 3466 5223 3672 5276; x_wconf 79' lang='lat' dir='ltr'><strong>deside-</strong></span> 
     </span>
    </p>
   </div>
   <div class='ocr_carea' id='block_1_108' title="bbox 2097 5317 2924 5391">
    <p class='ocr_par' dir='ltr' id='par_1_108' title="bbox 2097 5317 2924 5391">
     <span class='ocr_line' id='line_1_108' title="bbox 2097 5317 2924 5391; baseline -0.002 -15"><span class='ocrx_word' id='word_1_772' title='bbox 2097 5325 2179 5376; x_wconf 83' lang='lat' dir='ltr'><strong>ria</strong></span> <span class='ocrx_word' id='word_1_773' title='bbox 2214 5323 2389 5376; x_wconf 84' lang='lat' dir='ltr'><strong>carnis</strong></span> <span class='ocrx_word' id='word_1_774' title='bbox 2420 5338 2527 5376; x_wconf 76' lang='lat' dir='ltr'><strong>non</strong></span> <span class='ocrx_word' id='word_1_775' title='bbox 2553 5320 2830 5391; x_wconf 77' lang='lat' dir='ltr'><strong>perﬁcietis</strong></span> <span class='ocrx_word' id='word_1_776' title='bbox 2859 5317 2924 5374; x_wconf 84' lang='grc'>⁷⁷.</span> 
     </span>
    </p>
   </div>
   <div class='ocr_carea' id='block_1_109' title="bbox 2168 5405 3670 5481">
    <p class='ocr_par' dir='ltr' id='par_1_109' title="bbox 2168 5405 3670 5481">
     <span class='ocr_line' id='line_1_109' title="bbox 2168 5405 3670 5481; baseline -0.006 -13"><span class='ocrx_word' id='word_1_777' title='bbox 2168 5414 2254 5469; x_wconf 86' lang='grc'><strong>69.</strong></span> <span class='ocrx_word' id='word_1_778' title='bbox 2297 5411 2401 5479; x_wconf 83' lang='lat' dir='ltr'><strong>Qui</strong></span> <span class='ocrx_word' id='word_1_779' title='bbox 2455 5413 2593 5466; x_wconf 88' lang='lat' dir='ltr'><strong>viam</strong></span> <span class='ocrx_word' id='word_1_780' title='bbox 2647 5409 2942 5481; x_wconf 82' lang='lat' dir='ltr'><strong>Spiritalem</strong></span> <span class='ocrx_word' id='word_1_781' title='bbox 2990 5406 3261 5463; x_wconf 80' lang='lat' dir='ltr'><strong>coniicere</strong></span> <span class='ocrx_word' id='word_1_782' title='bbox 3309 5405 3514 5471; x_wconf 90' lang='lat' dir='ltr'><strong>nescit,</strong></span> <span class='ocrx_word' id='word_1_783' title='bbox 3559 5420 3670 5460; x_wconf 87' lang='lat' dir='ltr'><strong>non</strong></span> 
     </span>
    </p>
   </div>
   <div class='ocr_carea' id='block_1_110' title="bbox 2095 5496 3671 5575">
    <p class='ocr_par' dir='ltr' id='par_1_110' title="bbox 2095 5496 3671 5575">
     <span class='ocr_line' id='line_1_110' title="bbox 2095 5496 3671 5575; baseline -0.005 -15"><span class='ocrx_word' id='word_1_784' title='bbox 2095 5514 2250 5560; x_wconf 87' lang='lat' dir='ltr'><strong>curat</strong></span> <span class='ocrx_word' id='word_1_785' title='bbox 2297 5502 2652 5575; x_wconf 83' lang='lat' dir='ltr'><strong>cogitationes</strong></span> <span class='ocrx_word' id='word_1_786' title='bbox 2683 5500 2967 5556; x_wconf 81' lang='lat' dir='ltr'><strong>aﬂ&#39;ectibus</strong></span> <span class='ocrx_word' id='word_1_787' title='bbox 3008 5498 3239 5562; x_wconf 85' lang='lat' dir='ltr'><strong>deditas,</strong></span> <span class='ocrx_word' id='word_1_788' title='bbox 3274 5499 3369 5552; x_wconf 90' lang='lat' dir='ltr'><strong>sed</strong></span> <span class='ocrx_word' id='word_1_789' title='bbox 3420 5506 3563 5552; x_wconf 88' lang='lat' dir='ltr'><strong>totus</strong></span> <span class='ocrx_word' id='word_1_790' title='bbox 3601 5496 3671 5552; x_wconf 87' lang='lat' dir='ltr'><strong>de</strong></span> 
     </span>
    </p>
   </div>
   <div class='ocr_carea' id='block_1_111' title="bbox 2095 5588 3664 5663">
    <p class='ocr_par' dir='ltr' id='par_1_111' title="bbox 2095 5588 3664 5663">
     <span class='ocr_line' id='line_1_111' title="bbox 2095 5588 3664 5663; baseline -0.008 -12"><span class='ocrx_word' id='word_1_791' title='bbox 2095 5613 2256 5653; x_wconf 77' lang='lat' dir='ltr'><strong>carne</strong></span> <span class='ocrx_word' id='word_1_792' title='bbox 2288 5597 2554 5654; x_wconf 87' lang='lat' dir='ltr'><strong>sollicitus</strong></span> <span class='ocrx_word' id='word_1_793' title='bbox 2584 5601 2668 5649; x_wconf 86' lang='lat' dir='ltr'><strong>est</strong></span> <span class='ocrx_word' id='word_1_794' title='bbox 2700 5602 2795 5650; x_wconf 89' lang='lat' dir='ltr'><strong>:et</strong></span> <span class='ocrx_word' id='word_1_795' title='bbox 2834 5602 2926 5649; x_wconf 89' lang='lat' dir='ltr'><strong>aut</strong></span> <span class='ocrx_word' id='word_1_796' title='bbox 2958 5591 3266 5663; x_wconf 82' lang='lat' dir='ltr'><strong>crapulatur</strong></span> <span class='ocrx_word' id='word_1_797' title='bbox 3304 5599 3361 5645; x_wconf 88' lang='lat' dir='ltr'><strong>et</strong></span> <span class='ocrx_word' id='word_1_798' title='bbox 3394 5588 3664 5657; x_wconf 61' lang='lat' dir='ltr'><strong>intempx-</strong></span> 
     </span>
    </p>
   </div>
  </div>
