4038 6226
298 312 444 380 1503

1488 323 1850 385 HESYCHII
1890 325 2366 391 PRESBYTERI

3410 327 3549 396 15M

302 424 534 479 rantiam
577 433 814 489 exercet,
853 432 947 479 aut
990 424 1206 496 angitur
1239 434 1294 480 ct
1334 428 1664 500 indignatur,
1700 446 1764 486 ac
1792 431 1877 484 iu-

2003 430 2117 501 ἶχει,
2140 434 2234 486 καὶ
2264 432 2297 502 ἢ
2323 436 2736 504 γαστριμαργετ
2760 433 2851 489 καὶ
2881 432 3552 502 ἀκολασταίνει,λυπείταί

292 517 475 585 jurias
508 517 564 569 in
604 516 922 570 memoriam
969 525 1207 590 revocat,
1249 517 1390 573 unde
1435 528 1674 573 mentem
1723 530 1879 575 tene-

306 607 419 660 bris
454 606 636 660 obruit
667 625 680 659 :
711 615 804 661 aut
848 607 1239 663 exercitatione
1281 608 1569 664 immodica
1599 610 1787 676 utitur,
1825 620 1882 665 et

304 696 555 766 inquinat
583 698 850 751 animum.

378 787 465 842 70.
508 787 609 854 Qui
666 789 829 844 rebus
883 789 1320 855 abrenuntiavit,
1387 788 1621 858 exempli
1686 789 1878 860 gratia,

298 877 486 938 uxori,
533 877 991 944 possessionibus,
1024 885 1081 932 et
1126 878 1371 947 reliquis,
1417 877 1742 932 exteriorem
1782 878 1882 932 ho-

308 966 512 1020 minem
543 967 671 1022 fecit
707 970 1058 1033 monachum,
1090 969 1334 1023 nondum
1363 977 1542 1022 autem
1574 976 1628 1022 et
1660 968 1883 1023 interio-

309 1074 448 1112 rem.
491 1059 594 1125 Qui
623 1076 752 1115 vero
792 1060 1214 1131 cogitationibus
1240 1060 1340 1114 ista
1375 1059 1756 1114 affectantibus
1797 1073 1884 1113 re-

308 1149 605 1211 nuntiavit,
638 1150 953 1204 interiorem
986 1151 1289 1215 hominem,
1325 1150 1581 1203 nimirum
1620 1149 1881 1214 animum,

312 1239 545 1293 reddidit
592 1242 944 1295 monachum.
984 1242 1052 1295 Et
1084 1241 1409 1296 exteriorem
1447 1240 1665 1309 quidem
1706 1240 1885 1294 homi-

312 1345 463 1392 nem,
504 1332 666 1386 modo
718 1331 905 1397 libeat,
953 1332 1110 1387 facile
1156 1340 1336 1402 potest
1386 1331 1653 1401 quispiam
1693 1346 1886 1384 mona-

311 1405 479 1475 chum
518 1421 773 1477 eﬂicere:
807 1424 952 1493 atqui
999 1439 1107 1478 non
1153 1432 1235 1478 est
1272 1422 1447 1492 exigui
1480 1413 1684 1492 operis,
1718 1423 1888 1476 inter-

317 1527 446 1566 num
473 1511 747 1567 hominem
779 1512 956 1568 facere
982 1515 1332 1568 monachum.

385 1595 476 1653 71.
522 1598 655 1665 Quis
708 1617 874 1670 porro
913 1603 1280 1673 generationis
1314 1602 1502 1672 hujus,
1529 1601 1625 1673 qui
1675 1601 1888 1673 cogita-

312 1685 562 1744 tionibus
589 1691 942 1748 atl‘ectionum
961 1694 1216 1749 studiosis
1240 1694 1400 1764 plane
1432 1695 1716 1761 liberatus,
1744 1710 1890 1766 pura:

313 1792 416 1847 per
459 1781 644 1836 omnia
683 1782 1071 1852 defaecataeque
1105 1760 1375 1839 orationis
1415 1760 1888 1856 dignitatem’adi-
1923 1760 1963 1815 Β

316 1869 461 1939 pisci
510 1872 763 1928 meruit?
803 1876 949 1945 quod
998 1874 1217 1945 quidem
1281 1876 1495 1947 signum
1548 1885 1632 1933 est
1687 1874 1891 1932 interni

322 1962 598 2016 monachi.

390 2053 474 2106 72.
496 2052 826 2109 Aﬂ'ectiones
841 2071 949 2110 non
974 2050 1159 2125 paucae
1181 2056 1347 2111 latent
1363 2057 1416 2110 in
1430 2055 1885 2111 animisnostris:

318 2160 440 2212 quae
486 2155 599 2200 tum
643 2148 1152 2218 deprehenduntur,
1186 2164 1310 2203 cum
1352 2148 1675 2205 emerserint
1701 2162 1889 2202 earum

315 2253 516 2292 causa.

401 2329 491 2384 75.
531 2329 610 2383 Nc
656 2332 889 2386 colloces
935 2347 1152 2386 omnem
1182 2347 1402 2402 operam
1443 2339 1590 2385 tuam
1631 2331 1684 2385 in
1727 2345 1893 2386 carne

315 2423 555 2471 curanda
583 2438 595 2473 :
627 2418 721 2473 sed
757 2428 897 2474 stato
933 2428 1179 2488 tempore
1211 2435 1311 2489 pro
1341 2418 1549 2473 viribus
1580 2432 1698 2471 eam
1736 2431 1891 2469 exer-

317 2517 463 2574 ceto,
519 2518 681 2580 atque
726 2512 966 2567 animum
1023 2521 1174 2566 tuum
1229 2512 1446 2580 penitus
1491 2511 1556 2564 ad
1622 2509 1881 2563 interiora

319 2610 598 2657 converte.
649 2601 950 2669 Corporalis
993 2606 1128 2657 enim
1171 2604 1475 2656 exercitatio
1524 2603 1594 2655 ad
1628 2602 1890 2654 modicum

321 2693 470 2747 utilis
494 2704 567 2746 est
591 2695 636 2725 ⁷⁸
663 2711 675 2745 :
711 2694 884 2763 pietas
913 2702 1093 2747 autem
1116 2694 1184 2748 ad
1213 2694 1397 2747 omnia
1429 2693 1578 2747 utilis
1607 2701 1711 2747 est.

392 2783 483 2836 76.
519 2782 620 2836 Ubi
651 2791 868 2838 cessant
897 2783 1126 2837 affectus
1170 2784 1456 2852 impetere,
1498 2791 1608 2836 tum
1643 2784 1894 2837 oboritur

322 2873 651 2943 arrogantia,
688 2874 770 2927 vel
803 2874 873 2928 ob
895 2875 969 2937 id,
1004 2874 1148 2943 quod
1178 2889 1291 2928 non
1313 2883 1664 2941 amputantur
1692 2889 1892 2940 causa},

320 2967 408 3019 vel
438 2979 503 3018 eo
534 2968 676 3034 quod
707 2964 964 3020 insidiose
993 2966 1296 3035 subrepunt
1340 2966 1639 3021 daemones.

397 3058 483 3111 75.
517 3056 808 3111 llumilitas
829 3066 883 3111 et
917 3057 1138 3112 alilictio
1171 3059 1409 3112 liberant
1431 3057 1710 3112 hominem
1741 3057 1891 3112 omni
1924 3084 1967 3142 α

325 3155 552 3216 peccato
595 3163 609 3198 ι
657 3163 781 3200 cum
832 3148 922 3200 illa
977 3147 1196 3216 quidem
1252 3148 1525 3202 rescindat
1584 3148 1901 3202 all‘ectiones

328 3237 496 3290 animi
528 3256 542 3290 :
572 3238 672 3292 ista
705 3253 855 3302 vero,
884 3239 1151 3307 corporis.
1182 3238 1472 3306 Propterea
1505 3240 1768 3293 Dominus
1790 3240 1898 3293 ait:

326 3326 483 3382 Beati
516 3328 711 3381 mundo
742 3331 912 3395 corde,
946 3330 1321 3397 quoniamipsi
1348 3330 1512 3382 Deum
1538 3331 1779 3383 videbunt
1809 3331 1851 3362 ⁷⁸
1888 3347 1901 3383 :

328 3418 533 3490 ipsum,
553 3421 794 3490 inquam,
816 3430 872 3475 et
895 3421 1177 3474 thesauros
1203 3422 1254 3473 in
1278 3437 1344 3475 eo
1370 3422 1679 3476 reconditos
1702 3441 1715 3475 :
1742 3437 1906 3491 quan-

332 3514 403 3567 do
437 3528 539 3582 per
587 3512 909 3566 cliaritatcm
945 3518 999 3564 et
1027 3511 1417 3564 continentiam
1454 3512 1665 3580 seipsos
1714 3525 1909 3565 emun-

339 3606 608 3661 darerint.
658 3604 941 3672 Tantoque
988 3602 1202 3672 plenius
1258 3602 1542 3669 videbunt,
1598 3612 1803 3673 quanto
1849 3618 1907 3657 se

334 3698 690 3771 purgaverint
716 3697 1051 3751 accuratius.

412 3789 496 3842 76.
527 3788 870 3852 Semnonum,
898 3786 985 3856 qni
1019 3786 1087 3840 dc
1117 3800 1441 3856 quacunque
1469 3786 1673 3841 virtute
1696 3786 1909 3841 haben-

335 3890 446 3941 tur,
481 3879 716 3933 intentio
742 3887 844 3943 est,
880 3886 938 3931 ut
960 3878 1170 3947 integer
1206 3886 1458 3932 servetur
1483 3877 1701 3930 animus
1729 3893 1741 3928 :
1771 3876 1913 3929 sicut

334 3972 595 4040 antiquus
638 3970 885 4025 iDavidis
953 3984 1147 4038 scopus
1186 3968 1661 4024 circumcisionem
1731 3967 1913 4022 cordis

337 4062 675 4133 praesignaba
686 4070 723 4115 t.
1208 4132 1215 4135 _

406 4155 493 4209 77.
539 4155 610 4210 Ut
642 4155 695 4206 in
740 4152 1015 4214 sensibus,
1054 4165 1178 4204 cum
1213 4165 1276 4204 ea
1309 4150 1560 4204 videmus
1590 4164 1710 4219 quae
1741 4149 1914 4203 oﬂen-

335 4247 491 4302 dunt.
526 4246 809 4300 laedimur:
852 4243 925 4297 ita
955 4241 1101 4296 circa
1123 4241 1364 4294 animum
1396 4239 1614 4294 accidit.

405 4339 491 4393 78.
537 4334 1001 4402 Quemadmodum
1038 4331 1131 4400 qui
1165 4345 1259 4385 cor
1301 4329 1530 4400 alicujus
1559 4330 1759 4400 planta:
1778 4329 1908 4383 vnl-

1980 541 2038 576 τε
2073 525 2169 576 καὶ
2201 523 2522 594 ὀργίζεται,
2557 524 2655 578 καὶ
2718 527 3056 595 μνησικακεῖ
3085 542 3101 559 ο
3156 526 3253 581 καὶ
3299 527 3552 584 ἐντεῦθεν

1980 614 2071 665 τὸν
2099 614 2223 667 νοῦν
2257 615 2520 679 σκοτίζει,
2548 615 2581 686 ἢ
2624 614 2848 687 ἀμέτρῳ
2868 615 3101 686 ἀσκήσει
3134 616 3423 688 κέχρηται,
3458 622 3553 674 καὶ

1982 702 2128 757 θολοῖ
2156 704 2253 776 τὴν
2278 706 2539 760 διάνοιαν.

2054 800 2115 847 ο’.
2169 796 2225 848 '0
2254 796 2353 865 μὲν
2377 799 2492 859 τοῖς
2525 797 2849 868 πράγμασιν
2873 796 3309 868 ἀποταξάμενος,
3338 793 3447 853 οἷον
3488 803 3552 869 τῇ

1983 887 2225 953 γυναικὶ,
2253 889 2348 941 καὶ
2390 891 2505 952 τοῖς
2556 889 2829 959 χρήμασι,
2867 891 2961 942 καὶ
3001 892 3117 954 τοῖς
3153 890 3303 959 ἑξῆς,
3330 890 3422 943 τὸν
3449 890 3556 957 ἔξω

1984 977 2521 1049 ἄνθρωπον⁶ὲποίησε
2555 981 2812 1050 μοναχὸν,
2837 980 2991 1034 οῦπω
3018 981 3074 1034 δὲ
3109 981 3205 1035 καὶ¹
3229 982 3318 1034 τὸν
3348 980 3556 1048 ἅνθρω-

1986 1086 2086 1122 πον
2115 1070 2207 1122 τὸν
2247 1069 2354 1122 ἔσω
2382 1085 2395 1099 ’
2424 1070 2451 1121 6
2479 1070 2535 1123 δὲ
2565 1073 2679 1135 τοῖς
2726 1070 2932 1124 τούτων
2982 1071 3255 1142 ὲμπαθέσι
3295 1071 3554 1141 νοήμασι,

1984 1159 2076 1214 τὸν
2099 1161 2205 1213 ἔσω
2228 1161 2538 1233 ἄνθρωπον,
2567 1163 2595 1215 ὃ
2627 1164 2776 1221 ἐστιν
2797 1164 2825 1215 6
2855 1163 3000 1226 νοῦς.
3037 1163 3148 1217 Καὶ
3176 1163 3267 1216 τὸν
3312 1161 3413 1231 μὲν
3450 1162 3559 1227 ἔξω

1988 1252 2275 1323 ἄνθρωπον
2336 1253 2574 1316 εὐκόλως
2625 1271 2712 1316 τις
2752 1255 2899 1306 ποιεῖ
2957 1254 3218 1323 μοναχὸν,
3246 1254 3408 1322 μόνον
3464 1252 3559 1309 ἐὰν

1991 1342 2212 1415 θελήσῃ,
2242 1344 2342 1397 οὐκ
2370 1344 2548 1413 ὀλίγος
2577 1346 2634 1399 δὲ
2656 1343 2805 1413 ἀγὼν
2834 1343 2925 1396 τὸν
2957 1342 3375 1415 ἐσωξάνθρωπον
3401 1344 3561 1413 ποιῆο

1993 1451 2085 1488 σαι
2128 1436 2383 1506 μοναχόν.

2062 1619 2166 1668 oa’.
2207 1612 2306 1677 Τίς
2349 1613 2498 1666 ἐστιν
2544 1612 2653 1685 ἄρα
2680 1613 2737 1666 ὲν
2773 1615 2838 1684 τῇ
2877 1614 3046 1683 γενεᾷ
3074 1611 3249 1682 ταύτῃ
3287 1614 3316 1666 6
3352 1612 3562 1667 παντά-

1993 1722 2158 1758 πασιν
2189 1701 2527 1771 ἀπαλλαγεὶς
2556 1701 2818 1773 ὲμπαθῶν
2846 1702 3167 1774 νοημάτων,
3201 1703 3298 1756 καὶ
3332 1703 3436 1774 τῆς
3465 1720 3565 1758 κα-

1993 1796 2165 1868 θαρᾶς
2195 1794 2285 1848 διὰ
2335 1794 2538 1858 παντὸς
2571 1794 2671 1862 καὶ
2721 1794 2890 1848 ἄθλου
2938 1793 3302 1860 καταξιωθεὶς
3332 1811 3567 1866 προσευ-

1990 1886 2114 1959 κῆς.
2149 1885 2287 1959 ὅπερ
2317 1884 2434 1939 ἐστὶ
2468 1886 2693 1957 σημεῖον
2718 1884 2814 1938 τοῦ
2847 1884 2997 1939 ἔνδον
3027 1882 3265 1956 μοναχοῦ
3291 1900 3307 1951 ;

2063 2061 2161 2134 οβ’.
2199 2060 2381 2116 Πολλὰ
2424 2058 2571 2131 πάθη
2620 2059 2679 2113 ὲν
2726 2061 2848 2124 ταῖς
2875 2059 3078 2131 ψυχαῖς
3110 2061 3270 2131 ἡμῶν
3302 2060 3569 2131 ἑγκέκρυ-

1993 2170 2156 2208 πταιο
2188 2153 2311 2207 τότε
2342 2153 2399 2206 δὲ
2428 2152 2771 2223 ἐλέγχονται,
2804 2152 2933 2205 ὅταν
2969 2152 3036 2204 τὰ
3070 2151 3218 2205 αῑτια
3246 2152 3561 2223 φαίνωνται.

2062 2336 2163 2399 ογ’.
2197 2329 2290 2399 Μὴ
2324 2328 2466 2400 ¹ὃλην
2513 2327 2612 2400 τὴν
2666 2328 2862 2398 σχολὴν
2918 2328 3048 2398 περὶ
3083 2327 3180 2398 τὴν
3232 2330 3411 2399 σάρκα
3452 2328 3565 2399 ἔχε,

1995 2421 2112 2476 ἀλλ’
2142 2424 2265 2475 ὅσον
2301 2421 2471 2490 αὐτὴν
2519 2419 2661 2473 κατὰ
2710 2420 2944 2489 δύναμιν
2996 2420 3126 2488 περὶ
3169 2418 3268 2490 τὴν
3312 2420 3565 2491 ἄσκησιν,

1995 2515 2088 2569 καὶ
2122 2515 2241 2567 ὅλον
2275 2514 2363 2566 τὸν
2391 2512 2516 2565 νοῦν
2568 2528 2663 2565 σου
2716 2511 2846 2582 περὶ
2896 2511 2964 2563 τὰ
3017 2510 3166 2563 ἔνδον
3198 2510 3450 2581 στρέψον.
3502 2513 3573 2566 Ἡ

1995 2607 2105 2675 γὰρ
2139 2603 2447 2673 σωματικὴ
2479 2604 2785 2673 γυμνασία
2816 2603 2965 2670 πρὸς
2994 2603 3205 2670 ὀλίγον
3227 2603 3398 2657 ἐστὶν
3423 2603 3569 2672 ὠφέ-

1995 2700 2199 2764 λιμος·
2228 2698 2260 2764 ἡ
2298 2694 2354 2767 δὲ
2381 2693 2634 2746 εὐσέϐεια
2664 2693 2746 2754 εἰς
2805 2692 2985 2746 πάντα
3014 2693 3293 2761 ὠφέλιμός
3327 2694 3494 2750 ἐστιν.

2066 2788 2158 2841 οδ’.
2209 2787 2333 2839 Ἐπὶ
2366 2789 2433 2857 τῇ
2463 2785 2573 2839 τῶν
2605 2783 2796 2839 παθῶν
2844 2785 3171 2857 ἁνεργησίᾳ,
3207 2787 3240 2856 ἢ
3276 2786 3563 2856 ὑπερηφα-

2000 2881 2090 2951 νίᾳ
2121 2880 2436 2950 συμϐαίνει,
2468 2879 2501 2949 ἢ
2539 2879 2650 2931 τῶν
2696 2878 2883 2933 αἰτιῶν
2925 2878 3026 2932 οῦκ
3076 2878 3569 2949 ἀποκοπτομένων,

1999 2973 2032 3044 ἢ
2071 2972 2177 3025 τῶν
2212 2972 2483 3042 δαιμόνων
2513 2969 2820 3041 δολουργῶς
2848 2970 3303 3040 ὑποχωρούντων.

2070 3063 2162 3119 σε’.
2212 3065 2275 3117 Ἠ
2300 3065 2631 3125 ταπείνωσις
2659 3063 2754 3115 καὶ
2782 3061 3146 3126 κακοπάθεια,
3176 3061 3360 3131 πάσης
3394 3061 3574 3132 ἀμαρ-

2004 3158 2127 3220 τίας
2156 3152 2501 3226 ἐλευθεροῦσι
2540 3155 2632 3209 τὸν
2662 3154 2951 3227 ἄνθρωπον
2972 3171 2984 3183 ·
3021 3155 3054 3223 ἡ
3087 3154 3207 3223 μὲν,
3246 3151 3313 3208 τὰ
3354 3156 3452 3224 τῆς
3479 3153 3579 3223 ψυ-

2006 3249 2134 3319 χῆςο
2180 3250 2213 3319 ἡ
2256 3248 2335 3311 δὲ,
2386 3247 2452 3300 τὰ
2496 3247 2591 3300 τοῦ
2642 3244 2897 3317 σώματος
2934 3245 3349 3317 περικόπτουσα
3400 3244 3572 3312 πάθη·

2005 3341 2093 3393 διὰ
2122 3339 2282 3392 τοῦτο
2306 3339 2456 3407 λέγει
2484 3341 2512 3391 6
2546 3337 2770 3407 Κύριοςο
2807 3336 3096 3404 Μακάριοι
3129 3339 3185 3389 οἱ
3230 3334 3474 3402 καθαροὶ
3504 3334 3578 3402 τῇ

2007 3429 2241 3498 καρδίᾳ,
2291 3428 2379 3482 ὅτι
2420 3428 2591 3482 αὐτοὶ
2639 3426 2746 3481 τὸν
2776 3427 2924 3481 Θεὸν
2961 3427 3215 3495 ὄψονται
3239 3441 3254 3456 '
3289 3426 3453 3480 αὐτὸν
3486 3428 3580 3479 καὶ

2006 3523 2134 3583 τοὺς
2169 3523 2226 3572 ὲν
2259 3519 2406 3588 αὐτῷ
2443 3518 2772 3590 θησαυροὺς,
2817 3518 2947 3570 ὅταν
2991 3516 3058 3569 δι’
3094 3516 3317 3586 ἀγάπης
3366 3516 3462 3569 καὶ
3492 3517 3582 3585 ἐγ-

2010 3615 2273 3685 κρατείας
2317 3613 2547 3675 ἑαυτοὺς
2597 3610 2906 3681 καθάρωσι,
2946 3609 3036 3663 καὶ
3091 3605 3349 3660 τοσοῦτον
3392 3605 3579 3672 πλέον,

2009 3710 2130 3761 ὅσον
2161 3707 2259 3777 τὴν
2290 3704 2560 3777 κάθαρσιν
2589 3702 2942 3756 ἐπιτείνουσι.

2080 3795 2187 3862 ος’.
2220 3795 2628 3865 Σκοπευτήριον
2653 3792 2761 3845 τῶν
2795 3810 2861 3845 πε
2871 3792 2923 3860 pl.
2955 3792 3158 3862 ἀρετῆς
3179 3791 3360 3860 πάσης
3387 3789 3582 3857 λόγων,

2010 3891 2042 3959 ἡ
2071 3888 2165 3941 τοῦ
2202 3886 2291 3941 νοῦ
2323 3886 2555 3958 τήρησίς
2584 3885 2755 3949 ἐστιν,
2784 3884 2858 3946 ὼς
2889 3886 2917 3937 6
2954 3883 3121 3936 πάλαι
3149 3881 3243 3934 τοῦ
3267 3880 3431 3934 Δαὸὶδ
3457 3896 3584 3933 σκο-

2012 3980 2115 4044 πὸς
2139 3980 2240 4048 τὴν
2269 3976 2576 4051 περιτομὴν
2601 3977 2698 4046 τῆς
2728 3975 2955 4048 καρδίας
2990 3974 3308 4045 προεδήλου.

2083 4155 2178 4218 οζ¹.
2221 4153 2435 4221 ’Ὠσπερ
2465 4148 2739 4219 αἰσθητῶς
2761 4147 2829 4200 τὰ
2860 4146 3169 4217 βλάπτοντα
3197 4144 3429 4217 ὁρῶντες
3458 4143 3592 4214 βλαη

2016 4244 2285 4314 πτόμεθα,
2318 4243 2464 4296 οὕτω
2492 4242 2634 4296 κατὰ
2661 4240 2806 4295 νοῦν.

2086 4336 2187 4406 οη’.
2232 4336 2444 4404 Ὠσπερ
2489 4334 2517 4385 6
2568 4332 2668 4403 τὴν
2710 4331 2803 4386 τοῦ
2857 4331 3022 4399 φυτοῦ
3076 4328 3295 4400 τρώσας
3343 4327 3590 4398 καρδίαν,

336 4431 568 4493 neravit,
600 4429 742 4481 illam
774 4439 997 4495 prorsus
1015 4424 1222 4477 aridam
1248 4421 1481 4476 reddidit
1506 4439 1518 4473 :
1549 4420 1624 4475 ita
1651 4421 1719 4476 de
1748 4421 1902 4476 corde

2015 4429 2135 4483 ὅλον
2167 4427 2259 4493 ἐξῆ
2271 4442 2452 4495 ρανεν,
2475 4422 2619 4476 οὕτω
2648 4421 2744 4476 uati.
2768 4421 2858 4474 ἐπὶ
2887 4420 3115 4491 καρδίαν
3141 4418 3429 4489 ἀνθρώπου
3457 4418 3590 4482 νόει,

340 4525 580 4578 humano
597 4521 762 4575 debes
790 4516 1110 4585 intelligere,
1142 4521 1197 4569 et
1224 4521 1486 4583 punctum
1510 4511 1689 4581 ipsum
1738 4512 1919 4566 anim-

337 4613 640 4666 advertere.
696 4605 1149 4675 Quandoquidem
1220 4602 1373 4657 fures
1429 4617 1702 4672 nusquam
1748 4602 1911 4671 quie-

341 4711 521 4757 8011111..

409 4793 498 4848 79.
523 4789 661 4844 Cum
688 4787 849 4840 vellet
872 4785 1132 4839 Dominus
1160 4783 1469 4846 ostendere,
1499 4796 1601 4835 nos
1631 4782 1698 4835 ad
1729 4780 1915 4835 omnia

340 4884 599 4941 mandata
615 4876 926 4951 peragenda
961 4874 1167 4938 teneri;
1197 4874 1431 4927 ﬁliorum
1462 4884 1643 4926 autem
1663 4872 1913 4942 adoptio-

341 4995 468 5034 nem
491 4990 613 5032 esse
645 4970 865 5044 proprio
889 4968 1154 5039 sanguine
1177 4966 1432 5020 donatam
1463 4965 1798 5031 hominibus,
1819 4965 1913 5028 ait,

342 5070 477 5127 Cum
498 5067 726 5138 feceritis
748 5063 947 5128 omnia,
972 5076 1087 5130 qua:
1105 5067 1367 5129 prwccpta
1399 5066 1516 5110 sunt
1537 5058 1701 5122 vobis,
1726 5057 1915 5110 dicite:

342 5161 488 5215 Servi
508 5155 718 5212 inutiles
732 5169 911 5208 smnus
934 5168 951 5205 :
973 5151 1110 5222 quod
1126 5150 1396 5203 debuimus
1421 5148 1593 5215 facere
1614 5148 1828 5217 fecimus
1846 5148 1912 5200 ⁸⁸.

342 5254 416 5308 Ea
442 5252 508 5305 de
540 5261 700 5301 causa
733 5259 957 5315 regnum
992 5242 1256 5296 cuelorum
1283 5254 1399 5292 non
1431 5247 1515 5291 est
1544 5252 1754 5291 merces
1780 5248 1914 5307 ope-

346 5360 489 5410 rum;
516 5339 611 5396 sed
640 5338 810 5408 gratia
844 5334 1083 5398 Domini,
1115 5330 1366 5386 ﬁdelibus
1389 5328 1560 5382 servis
1589 5339 1911 5397 praeparata.

346 5438 461 5488 Non
499 5431 738 5504 postulat
776 5442 968 5483 servus
998 5425 1326 5487 libertatem,
1360 5420 1526 5475 veluti
1557 5420 1864 5476 mercedem
1899 5440 1909 5474 :

348 5525 438 5579 sed
497 5524 699 5594 gratias
755 5520 880 5589 agit,
931 5526 991 5571 ιιι
1039 5515 1270 5576 debitor,
1319 5523 1371 5569 et
1426 5514 1573 5567 velut
1620 5513 1913 5579 gratuitum

352 5632 541 5670 manus
572 5614 792 5680 excipit.

419 5727 460 5756 ⁷⁸
494 5725 510 5776 l
544 5722 684 5774 Tim.
709 5738 787 5784 ιτ,
814 5724 863 5775 8.
941 5726 981 5754 '9
1013 5720 1199 5774 Matth.
1229 5737 1280 5783 γ,
1303 5720 1353 5771 8.
1432 5719 1476 5751 ⁸ο
1508 5718 1633 5772 Lue-
1664 5734 1793 5783 xvn,
1834 5716 1915 5771 10.

2016 4519 2185 4589 αὐτὴν
2233 4516 2332 4588 τὴν
2386 4514 2623 4585 στιγμὴν
2669 4512 2962 4585 προσέχειν
3007 4511 3108 4577 δεῖ,
3147 4509 3337 4580 ἐπειδὴ
3367 4509 3469 4562 οὐκ
3497 4509 3595 4579 ιί1ιρ⁴

2017 4613 2203 4681 γοῦσιν
2232 4612 2280 4663 oi
2310 4608 2560 4662 κλέπται.

2087 4784 2184 4840 σθ’.
2237 4785 2296 4838 '0
2332 4783 2538 4853 Κύριος
2568 4783 2747 4835 πᾶσαν
2786 4778 3007 4851 ἐντολὴν
3032 4777 3392 4848 ὀφειλομένην
3424 4777 3596 4843 δεῖξαι

2023 4882 2214 4946 θέλων,
2251 4878 2348 4947 τὴν
2380 4877 2437 4929 δὲ
2468 4874 2744 4928 υἱοθεσίαν
2780 4871 2896 4941 ἰδίῳ
2922 4873 3114 4941 αἰματι
3150 4873 3262 4932 τοῖς
3286 4866 3597 4941 ἀνθρώποις

2023 4969 2427 5043 δεδωρημένην,
2480 4965 2667 5035 φησὶν.
2719 4964 2906 5016 ’Ὅταν
2949 4961 3149 5014 πάντα
3189 4958 3488 5027 ποιήσητε
3524 4955 3598 5010 τὰ

2022 5057 2511 5130 προστεταγμένα
2536 5054 2697 5122 ὑμῖν,
2725 5052 2951 5116 εἴπατε,
2992 5052 3071 5104 ὅτι
3115 5047 3357 5118 Ἅχρεῒοι
3386 5046 3599 5101 δοῦλοί

2021 5155 2229 5222 ἐσμεν,
2261 5150 2359 5206 καὶ
2395 5146 2784 5217 ὃξὼςρείλομεν
2839 5141 3109 5210 ποιῆσαι,
3164 5139 3595 5208 πεποιήκαμεν.

2023 5244 2122 5297 Διὰ
2166 5243 2325 5296 τοῦτο
2365 5241 2468 5293 οὐκ
2508 5239 2622 5291 ἔστι
2667 5236 2858 5305 μισθὸς
2922 5234 3100 5304 ἔργων
3130 5233 3162 5302 ἡ
3197 5230 3446 5301 βασιλεία
3489 5230 3600 5282 τῶν

2022 5335 2289 5408 οὐρανῶν,
2316 5333 2451 5387 ἀλλὰ
2480 5332 2638 5402 χάρις
2671 5328 2934 5382 δεσπότου
2974 5324 3184 5386 πιστοῖς
3214 5322 3420 5383 δούλοις
3448 5322 3599 5389 ἡτοι-

2029 5427 2281 5497 μασμένη
2305 5442 2318 5455 ·
2350 5425 2450 5478 οὐκ
2498 5423 2723 5476 ἁπαιτεί
2751 5419 2938 5482 δοῦλος
2967 5419 3044 5480 ὡς
3072 5416 3284 5486 μισθὸν,
3320 5414 3419 5483 τὴν
3448 5411 3602 5463 ἐλευ-

2028 5521 2237 5590 θέριαν,
2268 5517 2383 5571 ἀλλ’
2416 5516 2731 5587 εὐχαριστεῖ
2761 5512 2833 5575 ὼς
2873 5510 3178 5580 ὀιξειλέτης,
3213 5505 3306 5561 καὶ
3334 5501 3474 5558 κατὰ
3501 5502 3602 5572 χά-

2036 5628 2118 5680 ριν
2149 5609 2447 5678 ἐκδέχεται.
