3968 6220
435 391 568 457 1505
621 407 635 416 ’

1131 386 1224 445 DE
1251 385 1796 444 TEMPERANTIA
1844 383 1938 442 ET
1978 383 2339 444 VIRTUTE.
2380 410 2447 422 -
2488 386 2876 451 CENTURIA
2918 390 2965 449 I.

3539 391 3560 454 1
3572 394 3680 457 506

504 501 578 552 π’.
629 497 714 560 Ὡς
747 495 1019 549 ἀπέθανεν
1054 496 1193 565 ὑπὲρ
1220 495 1328 547 τῶν
1360 495 1646 564 ἁμαρτιῶν
1678 495 1836 565 ἡμῶν
1861 493 2002 546 κατὰ

2178 493 2269 546 80.
2312 495 2448 548 Nam
2498 505 2748 551 mortuus
2794 506 2878 552 est
2928 514 3027 568 pro
3062 500 3298 570 peccatis
3331 501 3553 568 nostris,
3585 520 3675 558 se-

432 592 528 652 τάς
553 587 797 658 Γραφὰς,
826 587 921 639 καὶ
952 588 1062 650 τοῖς
1088 581 1146 639 εὖ
1170 585 1513 638 δουλεύουσιν
1551 587 1700 655 αὐτῷ
1737 586 1834 655 τὴν
1862 585 2006 636 ἐλευ-

433 680 620 748 θερίαν
645 677 956 748 χαρίζεταιο
991 676 1126 747 φησὶ
1156 675 1284 744 γάρ·
1335 675 1443 742 Εὖ,
1477 675 1660 729 δοῦλε
1691 677 1874 744 ἀγαθὲ
1906 676 2006 728 καὶ

433 770 632 836 mare,
670 769 768 822 ἐπὶ
807 769 982 838 ὀλίγα
1013 769 1228 838 ἐγένου
1260 767 1496 832 πιστὸς,
1532 767 1630 820 ἐπὶ
1660 767 1910 820 πολλῶν
1934 783 2008 820 σε

436 859 819 925 καταστήσω,
856 859 1094 913 εἴσελθε
1128 863 1213 925 εις
1245 861 1360 925 τὴν
1388 859 1582 926 χαρὰν
1630 860 1738 913 τοῦ
1787 862 2007 930 Κυρίου

436 969 576 1006 σου.
619 951 785 1005 Οὔπω
808 951 864 1005 δὲ
888 951 1073 1014 δοῦλός
1109 954 1224 1004 ἐστι
1264 953 1476 1018 πιστὸς,
1501 956 1528 1006 ὁ
1553 953 1680 1024 ψιλῇ
1712 957 1775 1024 τῇ
1807 953 2009 1022 γνώσει

436 1044 874 1115 ἐπερειδόμενος,
905 1043 1019 1096 ἀλλ’
1064 1046 1091 1096 6
1135 1044 1203 1096 δι’
1229 1045 1474 1116 ὑπακοῆς
1519 1045 1599 1116 τῷ
1643 1047 2010 1117 ἐντειλαμένῳ

434 1135 658 1206 Χριστῷ
700 1135 995 1202 πιστεύων,
1048 1135 1138 1188 τὸν
1172 1137 1451 1206 Δεσπότην
1503 1137 1701 1207 τιμῶν,
1749 1141 1896 1190 ποιεῖ
1941 1139 2009 1191 τὰ

435 1226 797 1296 κελευόμεναο
848 1227 1072 1296 σφαλεὶς
1123 1226 1180 1279 δὲ
1225 1227 1258 1297 ἢ
1314 1228 1693 1297 παρακούσας,
1749 1229 2010 1298 ὑπομένει

432 1318 508 1381 ὡς
539 1319 645 1372 ἴδια
690 1319 759 1372 τὰ
822 1318 1187 1388 ἐπερχόμενα.
1225 1319 1535 1391 Φιλομαθὴς
1579 1317 1674 1374 οὖν
1723 1321 1875 1387 γίνου
1914 1323 2010 1375 καὶ

437 1409 750 1479 φιλόπονος·
777 1414 809 1481 ἠ
839 1411 949 1480 γὰρ
977 1410 1106 1480 ψιλὴ
1137 1411 1340 1478 γνῶσις
1370 1415 1552 1480 φυσιοῖ
1579 1411 1668 1464 τὸν
1694 1412 2004 1484 ἄνθρωπον.

507 1586 618 1642 πα’.
660 1589 724 1642 Ol
773 1589 1199 1658 ἀπροσδοκήτως
1253 1589 1388 1658 ἡμῖν
1443 1587 1837 1656 συμϐαίνοντες
1891 1605 2012 1640 πει-

438 1681 658 1750 ρασμοὶ,
701 1680 1064 1750 οἰκονομικῶς
1120 1681 1269 1750 ἡμᾶς
1319 1678 1640 1748 φιλοπόνους
1693 1679 2007 1733 διδάσκουσι

433 1771 708 1839 γενέσθαι.

2108 585 2348 638 cundum
2382 587 2736 656 Seripturas:
2769 604 2832 642 ac
2860 590 3000 644 bene
3041 592 3408 648 servientibus
3437 595 3486 647 ei
3509 594 3678 648 liber-

2110 681 2274 727 tatem
2322 678 2558 746 gratuito
2605 679 2849 749 largitur.
2899 679 3080 748 lnquit
3111 682 3258 739 enim
3291 701 3302 735 :
3342 681 3510 752 Euge,
3533 700 3683 738 serve-

2107 764 2234 818 boue
2259 777 2306 818 et
2326 768 2513 835 ﬁdelis,
2537 786 2698 838 supra
2729 788 2898 840 pauca
2921 773 3067 842 fuisti
3097 774 3285 840 ﬁdelis,
3311 790 3471 843 supra
3508 756 3674 828 multa

2107 865 2158 909 te
2199 849 2515 912 constituam
2544 876 2562 913 :
2598 863 2740 914 intra
2781 863 2837 915 in
2870 863 3124 931 gaudium
3153 863 3368 917 Domini
3395 867 3472 918 tui
3499 867 3568 917 ⁸³.
3601 867 3668 918 At

2108 950 2349 1004 nondum
2383 963 2468 1005 est
2515 951 2690 1006 ﬁdelis
2726 968 2941 1017 servus,
2966 956 3057 1024 qui
3098 956 3165 1009 de
3190 956 3331 1010 nuda
3365 959 3676 1026 cognitione

2107 1039 2368 1108 gloriatur
2399 1058 2412 1093 :
2445 1041 2538 1095 sed
2559 1042 2650 1111 qui
2673 1043 3056 1112 obtemperans
3075 1047 3412 1115 praecipienti
3435 1048 3676 1107 Christo.

2109 1131 2298 1192 credit,
2323 1141 2374 1185 et
2412 1147 2750 1201 prosequens
2778 1135 2986 1189 honore
3006 1135 3319 1203 Dominum,
3354 1138 3503 1192 illius
3524 1139 3675 1208 iussa

2109 1222 2337 1291 peragit.
2371 1223 2473 1286 Qui
2505 1234 2686 1278 autem
2711 1233 2875 1290 errat,
2910 1234 2966 1279 et
2997 1241 3103 1280 non
3135 1238 3309 1296 paret,
3345 1244 3503 1283 casus
3528 1230 3678 1284 velut

2111 1313 2413 1381 peculiares
2475 1314 2619 1369 ferre
2673 1316 2905 1387 cogitur.
2975 1315 3262 1383 Quocirca,
3325 1321 3570 1375 discendi
3622 1333 3677 1376 et

2108 1404 2369 1470 operandi
2391 1405 2667 1461 studiosus
2699 1416 2816 1461 esto
2849 1426 2860 1461 :
2893 1409 3018 1477 quia
3043 1409 3187 1464 nuda
3215 1412 3454 1481 cognitio
3482 1411 3673 1466 inﬂare

2108 1495 2245 1548 solet
2275 1495 2574 1549 hominem.

2179 1584 2268 1636 81.
2305 1583 2681 1650 Tentationes,
2719 1601 2838 1654 quae
2864 1589 3020 1642 nobis
3051 1605 3113 1642 ex
3145 1602 3420 1659 Insperato
3457 1595 3678 1648 contin-

2109 1683 2263 1744 gunt,
2297 1674 2706 1744 dispensatione
2731 1677 2913 1732 divina
2949 1693 3049 1733 nos
3076 1680 3296 1747 docent,
3329 1682 3382 1735 in
3414 1685 3678 1740 continuo

2109 1765 2296 1818 labore
2326 1766 2533 1819 versari
2563 1767 2783 1821 debere.

507 1863 616 1932 πβ’.
661 1863 819 1915 ’Ίδιον
849 1863 946 1932 μὲν
972 1861 1201 1932 ἀστέρος
1228 1861 1288 1912 τὸ
1315 1861 1442 1930 περὶ
1472 1861 1632 1914 αὐτὸν
1658 1860 1794 1929 φῶς,
1826 1861 1921 1914 τοῦ
1950 1861 2004 1914 δὲ

2177 1855 2267 1910 82.
2290 1855 2468 1910 Stellae
2491 1859 2815 1928 proprietas,
2839 1867 2922 1913 est
2943 1859 3127 1914 lumen
3155 1877 3262 1931 quo
3283 1863 3521 1918 ambitur
3550 1884 3562 1918 :
3600 1867 3675 1934 pii

436 1953 722 2014 θεοσεϐοῦς
762 1955 856 2007 καὶ
903 1954 1035 2006 Θεὸν
1084 1952 1418 2022 φοϐουμένου
1450 1952 1602 2015 ῐδιον,
1635 1952 1878 2004 εὐτέλεια
1911 1957 2008 2005 καὶ

433 2044 765 2107 ταπείνωσις
789 2060 800 2073 ·
841 2044 964 2097 ἐπεὶ
1009 2045 1131 2113 μηδ’
1162 2043 1290 2097 ἄλλο
1321 2059 1372 2094 τι
1423 2043 1786 2114 γνωριστικὸν
1834 2043 2006 2111 πέφυ-

434 2151 527 2187 κεν
556 2131 719 2200 εἶναι,
769 2135 861 2187 καὶ
904 2134 1190 2204 δηλότερον
1227 2136 1454 2204 σημεῖον
1483 2134 1592 2185 τῶν
1623 2134 1718 2186 τοῦ
1766 2135 2006 2204 Χριστοῦ

437 2226 716 2298 μαθητῶν,
747 2226 821 2286 ὡς
849 2227 1104 2279 ταπεινὸν
1145 2227 1398 2296 φρόνημα
1429 2226 1525 2278 καὶ
1553 2226 1767 2289 εὐτελὲς
1800 2228 2000 2296 σχῆμα.

436 2318 545 2369 Καὶ
573 2317 733 2369 τοῦτο
759 2317 935 2370 πάντα
967 2316 1130 2387 βοῶσι
1157 2318 1225 2370 τὰ
1247 2318 1493 2388 τέσσαρα
1523 2318 1832 2387 Εὐαγγέλια
1852 2336 1865 2349 ·
1899 2321 1927 2372 6
1951 2320 2007 2372 δὲ

438 2409 514 2478 μὴ
541 2409 713 2472 οὕτως
739 2411 1009 2471 ταπεινῶς
1036 2410 1205 2478 βιοὺς,
1238 2409 1332 2461 τοῦ
1370 2411 1572 2481 μέρους
1611 2413 1867 2465 ἐκπίπτει
1910 2413 2006 2466 τοῦ

435 2501 626 2552 ἑαυτὸν
657 2500 921 2562 ἑκουσίως
967 2500 1409 2563 ταπεινώσαντος
1459 2502 1620 2571 μέχρι
1648 2504 1882 2573 σταυροῦ
1914 2505 2007 2557 καὶ¹

434 2588 690 2655 θανάτου,
735 2590 828 2644 τοῦ
867 2591 961 2644 καὶ
995 2591 1098 2643 τῶν
1134 2590 1295 2644 θείων
1328 2593 1672 2661 Εὐαγγελίων
1699 2596 2006 2663 πρακτικοῦ

433 2680 742 2756 νομοθέτου.

505 2871 618 2931 πγ’.
655 2867 721 2918 Ol
763 2864 1080 2933 διψῶντες,
1133 2866 1289 2935 φησὶ,
1333 2866 1660 2934 πορεύεσθε
1695 2865 1790 2936 ἐφ’
1815 2865 2004 2934 ὒδωρυ

433 2954 482 3006 οἱ
511 2955 567 3006 δὲ
595 2955 856 3022 διψῶντες
881 2956 1036 3019 Θεὸν,
1067 2956 1365 3026 πορεύεσθε
1390 2957 1722 3029 καθαρότητι
1747 2959 2002 3021 διανοίας·

435 3047 576 3118 πλὴν
606 3048 682 3118 τῷ
715 3049 936 3118 ὑψηλῶς
966 3049 1034 3101 δι’
1066 3049 1234 3118 αὐτῆς
1263 3050 1570 3120 πετομένῳ,
1599 3049 1705 3121 χρὴ
1737 3052 1832 3103 καὶ
1869 3050 2008 3120 πρὸς

2107 1962 2237 2000 vero
2267 1962 2332 2001 ac
2369 1943 2541 2001 Deum
2578 1949 2823 2003 timentis
2855 1949 2957 2003 viri
2989 1953 3317 2021 proprietas,
3349 1965 3432 2009 est
3456 1955 3673 2025 simpli-

2107 2037 2242 2092 citas
2273 2048 2330 2093 et
2359 2037 2659 2093 humilitas.
2691 2037 2910 2093 Nullum
2952 2049 3036 2094 est
3067 2042 3214 2095 enim
3259 2044 3405 2098 aliud
3448 2047 3678 2113 quodvis

2108 2129 2450 2184 manifestius
2480 2146 2543 2184 ac
2563 2132 2766 2186 certius
2791 2132 3003 2203 signum
3034 2132 3422 2204 discipulorum
3451 2137 3674 2204 Christi,

2107 2237 2269 2290 quam
2290 2222 2512 2278 humilis
2535 2223 2601 2278 de
2624 2239 2683 2278 se
2710 2224 3067 2289 existimatio,
3088 2236 3143 2279 et
3178 2227 3403 2296 simplex
3433 2228 3670 2285 habitus.

2109 2313 2176 2367 Et
2209 2313 2314 2368 hoc
2370 2315 2667 2370 inclamant
2723 2317 2907 2370 omnia
2952 2329 3187 2386 quatuor
3228 2319 3537 2391 Evangelia.
3571 2322 3674 2388 Qui

2108 2420 2239 2458 vero
2282 2405 2338 2458 in
2371 2421 2434 2460 ea
2463 2407 2814 2476 simplicitate
2843 2409 3008 2462 vitam
3044 2425 3154 2463 non
3177 2411 3307 2480 agit,
3337 2428 3403 2466 eo
3433 2415 3677 2482 privatur

2108 2489 2395 2557 beneﬁcio,
2445 2502 2504 2548 ut
2533 2503 2730 2564 sponte
2761 2511 2818 2550 se
2849 2496 3140 2553 humiliare
3189 2501 3380 2569 possit,
3415 2517 3585 2572 usque
3609 2505 3676 2558 ad

2108 2599 2328 2638 erucem
2363 2593 2418 2640 et
2457 2595 2687 2640 mortem
2736 2588 3140 2656 perferendam.
3195 2589 3506 2655 Quinetiam
3557 2595 3678 2664 ipso

2108 2675 2415 2730 divinorum
2466 2677 2879 2748 Evangeliorum
2916 2679 3225 2748 legislatore
3263 2683 3545 2750 privatur:
3578 2687 3675 2756 qui

2110 2769 2360 2829 saneivit,
2391 2784 2669 2838 nunquam
2712 2785 2824 2825 non
2855 2772 3192 2840 operandam
3220 2787 3360 2829 esse.

2179 2860 2268 2914 85.
2317 2859 2586 2926 Sitientes,
2633 2861 2830 2930 inquit,
2876 2863 3048 2916 venite
3095 2865 3166 2916 ad
3196 2865 3561 2934 aquam”.At
3585 2871 3678 2937 qui

2109 2951 2273 3004 sititis
2303 2951 2498 3016 Deum,
2527 2953 2772 3007 accedite
2799 2969 2923 3008 cum
2950 2955 3184 3023 puritate
3209 2957 3409 3011 cordis.
3445 2958 3677 3013 Verum-

2111 3051 2294 3096 tamen
2345 3058 2574 3098 necesse
2625 3052 2708 3098 est
2755 3060 2878 3098 eum
2926 3045 3015 3112 qui
3079 3045 3244 3116 hujus
3277 3048 3532 3117 puritatis
3572 3065 3676 3119 ope

433 3139 532 3209 τὴν
561 3139 664 3208 γῆν
695 3141 794 3210 τῆς
832 3139 1028 3193 ἑαυτοῦ
1057 3141 1329 3204 εὐτελείας
1355 3141 1518 3210 ὁρᾷν·
1555 3141 1728 3203 οὐδεὶς
1757 3141 1866 3212 γὰρ
1907 3141 2000 3195 τοῦ

2113 3135 2255 3189 volat
2277 3134 2331 3190 in
2367 3135 2554 3198 altum,
2579 3136 2743 3190 etiam
2776 3138 2833 3191 in
2869 3145 3069 3191 terram
3103 3153 3215 3193 suae
3251 3139 3423 3208 ipsius
3457 3142 3672 3212 simpli-

433 3230 688 3284 ταπεινοῦ
724 3231 1076 3302 ὑψηλότερος.
1108 3231 1223 3296 ιὩς
1247 3231 1356 3301 γὰρ
1397 3231 1574 3299 φωτὸς
1625 3231 1698 3301 μὴ
1735 3231 2002 3302 παρόντος

433 3318 646 3390 ζοφώδη
683 3323 775 3375 καὶ
825 3321 1080 3375 σκοτεινὰ
1126 3321 1365 3386 ἅπαντα,
1395 3320 1537 3374 οὕτω
1563 3323 1655 3374 καὶ
1694 3322 1768 3392 μὴ
1804 3322 2007 3393 παρού-

435 3429 532 3483 σης
584 3413 1109 3484 ταπεινοφροσύνης,
1179 3413 1358 3466 πάντα
1409 3412 1568 3483 ἡμῶν
1627 3413 1854 3482 μάταια,
1908 3414 2006 3466 καὶ

432 3499 576 3554 ἕωλα
598 3500 663 3554 ea;
694 3502 837 3554 κατὰ
867 3502 998 3555 Θεὸν
1035 3500 1471 3571 σπουδαζόμενα.

501 3677 606 3730 πᾶ.
645 3677 812 3739 Τέλος
869 3677 926 3729 δὲ
979 3677 1163 3742 λόγου,
1199 3673 1259 3726 τὸ
1305 3675 1413 3727 πᾶν
1461 3675 1648 3727 ἄκουεο
1709 3675 1818 3727 Τόν
1857 3676 2004 3730 Θεὸν

433 3768 644 3838 φοϐοῦ,
676 3769 776 3821 καὶ
806 3769 911 3833 τὰς
942 3767 1196 3830 ἐντολὰς
1221 3765 1408 3818 αὑτοῦ
1439 3767 1722 3832 φύλαττε,
1763 3767 1858 3819 καὶ
1881 3784 2006 3837 νοη-

432 3859 542 3920 τῶς
575 3858 670 3911 καὶ
707 3857 1014 3928 αἰσθητῶς·
1053 3857 1103 3908 εἰ
1137 3855 1243 3924 γὰρ
1283 3853 1489 3922 νοητῶς
1543 3852 1754 3920 βιάσεις
1804 3855 2004 3907 σαυτὸν

431 3948 604 4010 αὐτὰς
655 3950 864 4018 τηρεῖν,
928 3946 1173 4014 ὀλιγάκις
1213 3943 1320 3995 τῶν
1358 3941 1631 4012 αἰσθητῶν
1697 3945 1777 4005 εἰς
1834 3945 2004 4007 αὐτὰς

433 4039 649 4092 κόπτων
681 4039 884 4109 δεήσει.
918 4037 1058 4107 Φησὶ
1095 4035 1203 4105 γὰρ
1230 4037 1258 4088 ό
1291 4033 1457 4087 Δαϐίδ
1480 4049 1493 4062 ·
1531 4034 1908 4103 Ἠϐουλήθην
1936 4037 2003 4090 τὸ

432 4130 660 4200 θέλημά
688 4146 804 4184 σου
835 4129 932 4184 καὶ
961 4131 1069 4182 τὸν
1099 4121 1289 4196 νόμοντ
1316 4139 1432 4178 σου
1465 4125 1712 4194 ποιῆσαι
1738 4128 1809 4181 ἐν
1835 4129 2004 4197 μέσῳ

432 4222 543 4293 τῆς
580 4223 815 4287 κοιλίας
846 4239 988 4290 μου.
1021 4222 1118 4274 Ἂν
1174 4218 1249 4290 μὴ
1306 4219 1364 4269 ὲν
1422 4217 1572 4288 μέσῳ
1629 4220 1733 4289 τῆς
1770 4220 2000 4284 κοιλίας,

325 4337 332 4343 ·
431 4315 710 4370 τουτέστιν
757 4316 814 4368 ὲν
851 4313 989 4384 μέσῃ
1036 4313 1234 4384 καρδίᾳ
1269 4317 1296 4368 ὁ
1327 4314 1615 4387 ἄνθρωπος
1649 4313 1709 4366 τὸ
1742 4311 1836 4366 τοῦ
1867 4311 2002 4364 Θεοῦ

432 4408 649 4478 θᾶλημα
679 4407 774 4460 καὶ
800 4404 891 4458 τὸν
909 4405 1078 4475 νόμον
1102 4406 1399 4475 ποιήσειεν,
1429 4405 1553 4459 οὔτε
1581 4403 1779 4470 ἔξωθεν
1805 4403 2004 4476 ῥᾳδίως

2107 3226 2288 3280 citatis
2338 3227 2538 3281 intueri
2573 3249 2582 3282 :
2612 3228 2738 3297 quia
2776 3243 2940 3283 nemo
2974 3229 3170 3282 humili
3215 3230 3334 3284 viro
3371 3234 3653 3289 sublimior

2110 3319 2178 3373 Ut
2228 3318 2374 3372 enim
2420 3320 2647 3374 absente
2681 3321 2911 3384 lumine,
2953 3321 3251 3392 caliginosa
3292 3329 3349 3376 et
3392 3326 3677 3380 tenebrosa

2105 3415 2232 3460 sunt
2271 3409 2454 3462 omnia
2481 3449 2494 3473 ,
2522 3409 2596 3462 ita
2651 3409 2695 3462 si
2747 3409 2889 3464 desit
2931 3411 3231 3476 humilitas,
3275 3413 3455 3466 omnia
3498 3417 3676 3469 studia

2105 3507 2312 3562 nostra,
2343 3515 2462 3569 quae
2488 3500 2540 3554 in
2572 3500 2681 3555 Deo
2707 3501 2936 3556 colendo
2962 3503 3352 3572 impendimus,
3377 3521 3511 3558 vana
3547 3519 3676 3561 sunt

2104 3596 2158 3641 et
2183 3588 2402 3644 frivola.

2174 3679 2606 3734 8-l.Universum
2639 3684 2908 3736 sermonis
2933 3683 3092 3738 linem
3122 3687 3248 3739 audi
3282 3705 3296 3742 :
3329 3688 3497 3741 Deum
3528 3689 3672 3753 time,

2103 3774 2152 3817 et
2178 3769 2431 3820 mandata
2465 3770 2580 3837 ejus
2607 3786 2756 3823 serva
2781 3771 2852 3835 ⁸³,
2873 3780 2978 3824 tam
3005 3773 3190 3828 animo
3212 3791 3371 3844 quam
3398 3778 3686 3832 sensibus.“

2103 3853 2238 3909 Nam
2292 3858 2383 3910 ubi
2409 3859 2648 3929 coegeris
2697 3860 2880 3914 animo
2911 3861 3144 3931 teipsum
3182 3866 3248 3920 ad
3280 3882 3342 3920 ea
3387 3870 3670 3935 servanda,

2106 3947 2414 4017 impingens
2444 3949 2497 4001 iu
2537 3963 2728 4003 sensus
2759 3960 2899 4016 tuos,
2924 3951 3194 4022 indigebis
3225 3955 3497 4011 interdum
3528 3959 3672 4014 illis:

2103 4051 2228 4090 cum
2264 4036 2432 4092 David
2463 4039 2645 4093 dicat:
2679 4039 2828 4094 Volui
2870 4041 3193 4096 voluntatem
3231 4053 3379 4098 tuam
3417 4056 3464 4100 et
3497 4048 3663 4118 legem

2105 4135 2253 4180 tuam
2291 4129 2483 4197 facere,
2516 4129 2572 4180 in
2599 4130 2772 4184 medio
2801 4133 2994 4185 ventris
3024 4135 3123 4186 mei
3147 4134 3216 4186 ⁸⁵.
3260 4134 3375 4188 Nisi
3412 4136 3466 4189 in
3493 4139 3674 4192 medio

2104 4220 2330 4280 ventris.
2375 4218 2483 4274 hoe
2515 4228 2618 4283 est,
2664 4221 2720 4274 in
2767 4222 2949 4276 medio
2993 4224 3177 4286 corde,
3226 4225 3562 4282 voluntatem
3608 4244 3676 4282 ac

2104 4309 2279 4378 legem
2318 4310 2415 4364 Dei
2451 4310 2676 4380 impleat
2726 4313 2910 4374 homo,
2947 4329 3047 4368 nec
3095 4315 3339 4369 exterius
3370 4316 3473 4372 hoc
3513 4317 3673 4376 facile

2104 4401 2310 4469 poterit
2343 4400 2578 4456 edicere.
2633 4403 2936 4458 Conveniet
2971 4405 3153 4474 itaque
3202 4405 3371 4460 Deum
3404 4406 3673 4480 intempe-

431 4498 638 4568 πρᾶξαι
678 4495 839 4550 τοῦτο
893 4494 1136 4548 δύναται.
1189 4497 1298 4549 Καὶ
1348 4499 1467 4566 ὲρετ
1521 4498 1658 4568 πρὸς
1704 4497 1836 4550 Θεὸν
1863 4497 1892 4548 6
1925 4495 2002 4567 μὴ

2113 4505 2235 4545 rans
2268 4499 2325 4544 et
2365 4505 2534 4562 vagus
2569 4491 2754 4556 homo,
2795 4491 2883 4547 his
2924 4493 3128 4558 verbis,
3161 4493 3318 4550 Viam
3348 4504 3499 4551 tuam
3532 4499 3674 4554 scire

431 4587 618 4656 νήφων
641 4586 736 4639 καὶ
767 4585 1080 4656 ἀδιάφορος,
1115 4584 1198 4650 τὸ,
1232 4585 1385 4649 ὁδούς
1416 4603 1510 4640 σου
1548 4587 1749 4640 εἰδέναι
1773 4587 1834 4640 ού
1874 4585 2002 4655 βού-

432 4676 618 4747 λομαι,
665 4677 880 4738 πάντως
927 4675 994 4730 δι’
1030 4674 1263 4746 ἔλλειψιν
1312 4675 1462 4741 θείας
1513 4677 1868 4748 ὲλλάμψεωςο
1898 4672 2002 4750 ἦσ-

433 4763 578 4832 τινος
627 4769 656 4822 6
709 4765 954 4838 μετέχων
1012 4769 1111 4824 οὐκ
1175 4769 1644 4841 ἀπληροφόρητος,
1705 4769 1841 4822 ἀλλά
1906 4769 2003 4823 καὶ⁷

433 4859 668 4930 ἔμπεδος
705 4859 905 4923 ἱκανῶς
939 4861 1069 4931 περὶ
1100 4861 1169 4913 τὰ
1194 4861 1312 4914 θεῖα
1338 4863 1652 4930 γενήσεται.

505 4956 608 5008 πε¹.
651 4950 862 5022 ’Ὠσπερ
898 4951 1006 5022 γὰρ
1051 4952 1110 5003 τὺ
1143 4951 1398 5023 αἰσθητὸν
1432 4951 1564 5014 ἃλας
1588 4951 1769 5021 ἡδύνει
1808 4951 1900 5006 τόν
1935 4968 1996 5004 τε

435 5040 596 5108 ἄρτον
624 5041 719 5094 καὶ
767 5041 875 5094 πᾶν
913 5041 1066 5110 ὄψον,
1102 5043 1196 5094 καὶ
1229 5042 1448 5112 ἄσηπτα
1487 5041 1610 5094 τινὰ
1661 5041 1766 5093 τῶν
1823 5043 2000 5114 κρεῶν

435 5133 530 5184 καὶ
590 5130 832 5201 διαρκῶν
898 5132 1176 5200 φυλάττει,
1218 5135 1312 5186 καὶ
1371 5134 1468 5202 τὴν
1528 5132 1761 5197 ὀζωδίαν
1819 5135 2000 5185 πᾶσαν

435 5221 796 5284 διασκεδπειο
818 5221 1079 5274 οὕτωκαὶ
1108 5223 1198 5274 ἐπὶ
1229 5223 1326 5293 τῆς
1352 5223 1445 5275 τοῦ
1474 5223 1592 5285 νοὸς
1615 5223 1879 5292 φυλακῆς,
1903 5224 2003 5293 τῆς

437 5310 632 5380 νοητῆς
665 5309 928 5381 ἡδύτητος
957 5311 1052 5362 καὶ
1085 5310 1405 5379 θαυμαστῆς
1441 5312 1698 5379 ἐργασίας
1729 5312 1856 5365 νόει.
1894 5313 2003 5364 Καὶ

438 5403 546 5472 γὰρ
589 5402 770 5471 ἡδύνει
819 5401 1040 5465 ὲνθέως,
1073 5403 1169 5456 καὶ
1212 5403 1304 5454 τὸν
1361 5402 1534 5466 ἐντὸς,
1574 5403 1669 5456 καὶ
1715 5403 1808 5456 τὸν
1846 5402 2002 5466 ἐκτὸς

438 5491 746 5562 ἄνθρωπον,
780 5492 874 5543 καὶ
909 5492 1009 5560 τὴν
1041 5490 1268 5553 δζωδίαν
1299 5491 1406 5544 τῶν
1438 5491 1696 5561 πονηρῶν
1725 5491 2006 5560 λογισμῶν

439 5579 710 5642 ἐκδιώκει,
744 5580 838 5632 καὶ
879 5579 1116 5650 διαρκῶν
1168 5581 1226 5632 ἐν
1271 5581 1384 5642 τοῖς
1426 5580 1610 5643 καλοῖς
1644 5584 1790 5651 ἡμᾶς
1821 5583 2008 5648 διαφυ-

439 5671 621 5724 λάττει

508 5791 556 5828 ἰ
590 5787 777 5845 Matth.
810 5805 930 5857 xxv,
963 5788 1051 5843 25.
1130 5788 1174 5820 δ’
1196 5788 1292 5843 lsa.
1322 5804 1408 5855 LV,
1446 5791 1494 5852 1.

1572 5793 1614 5824 ⁸³
1648 5791 1813 5846 Eccli.
1840 5809 1934 5859 xu,
1973 5793 2034 5846 15

2106 4581 2235 4636 nolo
2261 4599 2274 4634 :
2305 4583 2495 4651 utique
2520 4582 2589 4636 ob
2611 4581 2883 4637 defectum
2911 4583 3285 4639 illustrationis
3311 4586 3528 4642 divinae.
3562 4587 3674 4645 Cu-

2101 4669 2193 4739 jus
2237 4671 2456 4740 quidem
2501 4672 2595 4740 qui
2628 4672 2903 4742 particeps
2956 4681 3060 4738 est,
3099 4689 3208 4728 non
3242 4683 3325 4730 est
3377 4676 3619 4733 incertus
3657 4698 3669 4732 :

2107 4761 2201 4816 sed
2248 4762 2489 4832 illigatus
2535 4772 2587 4818 et
2618 4763 2912 4839 impeditus
2942 4767 3136 4822 evadet
3169 4768 3386 4824 abunde
3413 4770 3557 4825 circa
3586 4789 3673 4827 res

2109 4853 2342 4908 divinas.

2183 4945 2268 4998 85.
2323 4945 2607 5010 Quomodo
2627 4947 2703 5000 sal
2742 4947 2887 5003 istud
2926 4952 3126 5005 sensile
3156 4951 3383 5006 condire
3411 4952 3549 5006 solet
3579 4967 3671 5021 pa-

2112 5051 2258 5098 nem,
2299 5045 2353 5090 et
2393 5053 2610 5092 omnem
2659 5052 2866 5102 escam,
2903 5055 3095 5094 carnes
3133 5041 3264 5095 item
3303 5043 3587 5110 quasdam,
3618 5055 3672 5098 et

2112 5142 2232 5194 qua:
2253 5127 2508 5181 duratura
2548 5135 2695 5194 sunt,
2729 5139 3062 5184 conservata
3085 5131 3392 5199 putredine,
3423 5147 3671 5186 omnem-

2112 5236 2219 5288 que
2257 5221 2455 5273 malnm
2507 5220 2655 5290 fugat
2683 5221 2906 5275 odorem
2949 5238 2962 5274 :
3003 5223 3148 5276 hunc
3184 5222 3346 5276 etiam
3372 5223 3427 5276 in
3455 5225 3673 5278 modum

2112 5311 2315 5365 sentire
2356 5311 2523 5365 debes
2587 5311 2654 5365 de
2709 5313 3123 5366 conservatione
3157 5313 3376 5377 mentis,
3410 5314 3675 5367 suavitate

2111 5403 2303 5465 animi,
2359 5412 2414 5456 et
2475 5403 2796 5455 admiranda
2826 5403 2946 5469 ejus
2977 5402 3232 5457 ellieacia.
3265 5403 3498 5458 Suavem
3529 5405 3676 5457 enim

2112 5491 2372 5546 divinitus
2402 5491 2582 5545 reddit
2614 5491 2910 5555 hominem,
2933 5499 3038 5545 tam
3071 5493 3368 5556 internum,
3390 5508 3548 5562 quam
3580 5509 3673 5546 ex-

2119 5593 2368 5635 ternum:
2401 5591 2456 5635 et
2485 5596 2773 5649 pravarum
2804 5581 3191 5652 cogitationum
3233 5582 3448 5651 paedore
3492 5583 3675 5652 proﬂi-

2120 5684 2262 5745 gato,
2293 5689 2647 5742 perseverans
2670 5673 2722 5726 in
2760 5675 2920 5727 rebus
2950 5674 3216 5740 honestis,
3239 5691 3338 5730 nos
3369 5685 3674 5731 conservat.

2131 5794 2175 5826 θλ
2199 5794 2338 5847 Psal.
2373 5809 2552 5857 XXXIX,
2583 5792 2632 5846 9.
