4038 6226
306 359 439 427 1507

1491 359 1860 421 HESYCHII
1891 360 2280 425 PRESBYTE
2288 362 2367 427 BI

3423 352 3561 418 1508

374 472 466 529 86.
522 470 565 527 Ε
607 467 956 541 suggestione
1001 467 1368 540 cogitationes
1396 468 1652 525 oriuntur
1681 469 1883 526 immo.

2056 471 2175 538 πς’.
2232 473 2329 526 Ἐκ
2369 469 2688 542 προσ6ολῆς
2721 467 2909 527 πολλοὶ
2945 466 3219 538 λογισμοὶ,
3264 467 3331 519 ὲκ
3363 465 3419 518 δὲ
3445 465 3569 520 τού-

304 567 443 622 dieas
485 582 499 618 :
551 578 620 618 cx
681 562 770 618 his
839 575 1006 632 porro
1059 570 1360 632 erumpunt
1404 562 1652 618 exterius
1729 575 1883 618 acto-

303 670 404 710 nes
483 653 763 723 improbae.
843 652 1114 707 Czeterum
1202 652 1297 722 qui
1382 653 1574 709 divino
1661 653 1885 725 adjutus

306 732 526 808 auxilio,
547 743 835 801 confestim
864 742 1099 814 primum
1132 744 1482 812 exstinxerit,
1514 745 1724 815 reliqua
1747 743 1886 801 εσυ-

306 838 455 908 giet:
494 850 830 906 suavemque
869 850 1053 919 regum
1088 835 1399 891 divinarum
1426 845 1753 907 assequetur
1780 853 1884 893 eu-

307 928 511 982 mulate
555 927 807 982 notitiam
833 942 942 996 qua
981 926 1151 982 Deum
1194 927 1401 996 ubique
1446 928 1641 983 adesse
1656 928 1882 984 sentiet.

308 1019 367 1073 In
395 1033 463 1074 eo
490 1033 623 1073 vero
659 1018 942 1088 speculum
968 1017 1170 1073 mentis
1191 1032 1256 1072 ex
1280 1017 1724 1073 reverberatione
1744 1032 1885 1073 con-

310 1112 550 1166 tinenter
585 1111 907 1176 illustratur,
948 1125 1060 1165 non
1099 1110 1257 1166 aliter
1272 1124 1441 1180 quam
1486 1110 1689 1165 vitrum
1721 1124 1885 1165 mun-

310 1199 438 1254 dum
468 1213 500 1252 a
536 1199 649 1254 sole
680 1197 943 1254 sensibili.
1000 1197 1070 1253 Et.
1112 1206 1227 1253 tum
1271 1197 1508 1269 quiescit
1551 1199 1767 1254 animus
1813 1198 1885 1255 ab

310 1290 458 1345 omni
505 1290 631 1357 alia,
666 1292 1052 1360 quamcunque
1087 1299 1435 1360 conceperat,
1474 1291 1881 1360 speculatione:

313 1381 464 1435 velut
508 1396 807 1437 occurrens
845 1397 1012 1452 scopo
1040 1381 1285 1441 omnium
1306 1380 1572 1437 bonorum
1602 1382 1880 1439 desidera-

311 1471 549 1527 tissimo.

380 1561 474 1617 87.
513 1560 650 1617 Cum
680 1561 858 1618 omnis
895 1562 1152 1634 cogitatio
1180 1579 1246 1620 ex
1280 1565 1669 1637 imaginatione
1698 1578 1883 1621 rerum

311 1653 667 1722 quarumdam
695 1652 979 1707 sensilium
1016 1654 1226 1710 oriatur
1248 1656 1305 1710 in
1331 1657 1495 1713 corde
1519 1700 1537 1724 ,
1586 1666 1719 1714 tunc
1755 1657 1887 1713 bea-

314 1752 428 1796 tum
485 1741 784 1796 divinitatis
820 1741 1005 1796 lumen
1065 1743 1358 1800 illustrabit
1400 1746 1703 1812 hominem,
1754 1760 1886 1801 cum

1985 581 2093 619 των
2116 566 2151 635 ἡ
2177 564 2393 636 πονηρὰ
2429 561 2665 632 αἰσθητὴ
2692 559 2893 632 πρᾶξις
2911 575 2925 591 ’
2952 561 2983 614 ὁ
3013 558 3070 613 δὲ
3106 557 3247 629 μετὰ
3259 556 3353 611 τοῦ
3392 554 3569 627 Ἰησοῦ

1984 656 2045 709 τδ
2079 653 2297 726 πρῶτον
2336 653 2502 716 εὐθὺς
2560 651 2853 717 σσεννύων,
2895 651 2968 705 τὰ
3022 650 3150 721 ἑξῆς
3199 649 3444 717 διέφυγε,
3474 647 3571 700 καὶ

1984 744 2192 816 γνῶσιν
2222 744 2373 801 θείαν
2395 746 2656 814 γλυκεῖαν
2685 744 3003 815 πλουτήσει,
3032 743 3102 796 δι’
3124 737 3193 814 ἦς
3238 740 3372 795 Θεὸν
3400 740 3569 810 εὑρή-

1987 853 2070 893 σει
2115 838 2211 891 τὸν
2255 820 2749 908 πανταχοῦδντω
2772 837 2832 890 ὲν
2862 835 3012 905 αὐτῷ
3064 834 3122 888 δὲ
3163 833 3225 887 τὺ
3259 832 3572 900 κάτοπτρον

1982 924 2079 981 τοῦ
2114 925 2237 992 νοὸς
2268 926 2593 998 ἀντερείσαις
2627 925 2926 996 φωτίζεται
2942 923 3211 995 διηνεκῶς
3236 922 3361 977 καθ’
3390 922 3568 991 ὁμοιό-

1983 1035 2125 1088 τητα
2158 1017 2256 1079 τοῦ
2283 1017 2527 1090 καθαροῦ
2577 1018 2764 1086 ὑέλου,
2805 1019 2903 1074 καὶ
2949 1017 3045 1072 τοῦ
3098 1012 3363 1086 suam;
3391 1013 3573 1085 ἡλίου,

1984 1108 2081 1165 καὶ
2127 1108 2253 1167 τότε
2296 1107 2642 1163 ἀναπαύεται
2673 1108 2701 1161 ὁ
2740 1108 2888 1175 νοῦς,
2938 1109 3019 1172 ὡς
3068 1106 3136 1161 -τδ
3182 1105 3420 1179 ἔσχατον
3463 1102 3576 1157 τῶν

1983 1198 2231 1270 ὀρεκτῶν
2263 1199 2501 1271 φθάσας,
2539 1200 2648 1256 ἀπὸ
2692 1202 2879 1273 πάσης
2916 1200 3086 1273 ἄλλης
3130 1198 3281 1264 τινος
3326 1199 3388 1251 ὲν
3421 1195 3575 1267 αὐτῷ

1986 1292 2245 1365 θεωρίας.
2684 1328 2691 1336 -

2056 1557 2167 1622 πξ.
2222 1556 2447 1628 Ἐπειδὴ
2481 1557 2593 1621 πᾶς
2632 1555 2896 1626 λογισμὸς
2914 1555 3006 1609 διὰ
3048 1553 3354 1625 φαντασίας
3382 1552 3578 1621 αἰσθη-

1985 1650 2097 1705 τῶν
2142 1667 2310 1703 τινων
2356 1648 2672 1720 εἰσέρχεται
2715 1650 2774 1702 ἐν
2813 1649 2881 1719 τῇ
2931 1647 3155 1719 καρδίᾳ,
3186 1645 3308 1700 τότε
3343 1644 3579 1715 αὐγάζει

1985 1741 2151 1795 αὐτὸν
2181 1741 2242 1794 τὸ
2277 1741 2552 1811 μακάριον
2597 1738 2716 1810 φῶς
2760 1740 2860 1809 τῆς
2909 1738 3186 1810 θεότητος,
3229 1739 3359 1791 ὅταν
3398 1737 3581 1790 πάντα.

311 1829 493 1888 omnia
525 1846 750 1901 prorsus
777 1840 967 1903 pacata
998 1834 1316 1901 reddiderit,
1344 1844 1401 1891 et
1429 1836 1747 1907 hujusmodi
1773 1834 1890 1891 for-

1999 1835 2301 1906 εὐκαιρήσῃ
2337 1832 2447 1886 ἀπὸ
2486 1832 2729 1897 πάντων,
2770 1830 2869 1886 καὶ
2913 1831 3327 1903 ἀσχημάτιστος
3356 1830 3421 1882 ὲκ
3453 1828 3581 1881 τού-

310 1935 523 1979 marum
547 1937 739 1993 expers
756 1922 1072 1993 apparuerit
1094 1942 1109 1978 :
1136 1924 1181 1979 si
1205 1940 1396 1980 verum
1417 1934 1520 1991 est,
1536 1926 1887 1997 splendorem

313 2011 462 2069 illum
493 2028 644 2084 pura:
683 2014 852 2069 menti
878 2015 1233 2087 perspicuum
1277 2030 1422 2083 esse,
1458 2018 1885 2089 conceptionum

312 2104 557 2161 omnium
590 2105 917 2175 privatione.

383 2192 472 2248 88.
513 2192 729 2259 Quanto
754 2193 1067 2251 accuratius
1093 2194 1474 2253 observaveris
1530 2196 1889 2270 cogitationes

312 2283 484 2338 animi
511 2284 610 2347 tui.
659 2292 811 2345 tanto
838 2284 1045 2354 majore
1072 2299 1196 2345 cum
1224 2286 1500 2345 desiderio
1527 2287 1714 2347 Jesum
1760 2304 1889 2360 pre-

310 2374 542 2432 caberis.
568 2375 862 2441 Etcontra,
886 2384 1093 2445 quanto
1113 2377 1480 2449 negligentius
1504 2393 1598 2435 eas
1612 2386 1891 2435 scrutatus

312 2466 502 2531 fueris,
550 2476 704 2523 tanto
734 2466 956 2538 longius
983 2467 1052 2523 ab
1091 2467 1223 2523 Jesu
1249 2469 1562 2526 recesseris.
1599 2470 1669 2527 Et
1695 2485 1888 2541 quem~

311 2558 606 2615 admodum
654 2558 808 2628 prius
851 2557 988 2615 illud
1016 2572 1201 2614 aerem
1231 2561 1434 2619 mentis
1464 2560 1665 2617 mirum
1689 2560 1745 2615 in
1769 2576 1888 2616 mo-

311 2651 441 2707 dum
474 2650 710 2709 illustrat
736 2665 750 2701 :
778 2649 879 2715 ita,
908 2649 960 2707 si
992 2649 1118 2720 quis
1144 2652 1508 2722 temperantia
1536 2654 1889 2719 destituatur,

313 2751 369 2798 et
412 2742 569 2797 suavi
600 2741 733 2799 Jesu
758 2740 1128 2811 invocatione,
1160 2744 1405 2800 tenebris
1432 2760 1661 2816 prorsus
1708 2746 1891 2804 obdu-

312 2841 488 2889 cetur.
522 2830 591 2886 Et
634 2846 756 2890 rem
799 2830 1113 2902 huiusmodi
1145 2833 1225 2891 sic
1261 2846 1458 2891 natura
1488 2852 1548 2892 se
1575 2837 1801 2901 habere,
1832 2846 1892 2894 ut

310 2923 575 2989 diximus,
599 2931 654 2979 et
672 2938 790 2980 non
805 2923 986 2990 aliter,
1012 2925 1353 2996 experientia
1375 2926 1577 2995 disces,
1596 2927 1892 2987 eumrfacto

312 3016 437 3085 ipso
471 3016 770 3073 tentaveris
799 3033 814 3070 :
843 3031 967 3073 cum
1002 3032 1067 3077 ea
1087 3019 1260 3076 virtus
1275 3020 1517 3092 jucunda
1547 3022 1891 3079 illuminandi

313 3105 573 3161 facultate
620 3104 868 3174 prmdita,
911 3121 1022 3162 non
1049 3106 1212 3166 aliter
1254 3110 1464 3181 percipi
1500 3112 1698 3179 soleat,
1727 3128 1890 3182 quam

198 3238 201 3241 η
315 3194 676 3263 experientia.

388 3286 476 3341 89.
508 3286 817 3357 implorare
842 3287 1033 3347 Jesum
1066 3291 1302 3349 assiduis
1328 3293 1606 3363 precibus,
1636 3307 1761 3349 cum
1797 3297 1895 3350 de-

314 3376 522 3455 siderio
552 3377 786 3447 quodam
831 3380 1120 3438 suavitatis
1161 3390 1221 3437 et
1263 3383 1469 3440 lstitiae
1497 3385 1683 3454 pleno,
1708 3386 1898 3442 reddit

316 3468 521 3525 ruentis
568 3483 758 3525 aerem
785 3470 1008 3541 plenum
1034 3472 1235 3543 gaudio
1279 3482 1337 3528 et
1371 3475 1780 3545 tranquillitate,
1827 3478 1898 3534 ob

315 3576 584 3617 summam
616 3559 700 3617 sui
740 3562 1198 3619 observationem.
1234 3563 1306 3620 Ut
1337 3574 1522 3621 autem
1557 3567 1773 3623 animus
1798 3584 1899 3639 pe-

316 3654 463 3709 ritus
517 3653 833 3721 mandetur,
883 3669 1047 3710 causa
1095 3663 1182 3711 est
1211 3656 1372 3712 Jesus
1430 3657 1685 3715 Christus
1724 3658 1899 3717 Filius

316 3741 413 3796 Dei
460 3750 514 3797 et
538 3742 708 3809 Deus,
730 3742 976 3801 omnium
1017 3743 1286 3804 bonorum
1311 3756 1506 3803 auctor
1552 3758 1608 3804 et
1644 3748 1894 3806 eﬂector.

315 3832 430 3907 Ego
455 3832 627 3901 enim,
655 3832 856 3904 inquit,
878 3832 1019 3889 Deus
1041 3834 1239 3904 faciens
1265 3848 1451 3905 pacem
1473 3836 1544 3893 ⁸⁵.

384 4042 473 4098 90.
517 4042 730 4109 Anima,
777 4058 901 4114 qua:
945 4044 1228 4101 beneﬁciis
1260 4053 1317 4099 et
1358 4045 1653 4106 dulcedine
1700 4051 1897 4108 aﬂ‘ecta

315 4142 400 4189 cst
436 4134 505 4189 ab
540 4133 693 4200 Jcsu,
713 4149 841 4190 cum
864 4136 1230 4190 exsultatione
1255 4138 1493 4206 quadam
1522 4150 1579 4196 et
1608 4142 1894 4211 charitate,

318 4240 415 4292 per
447 4224 874 4291 confessionem,
904 4240 1031 4281 cum
1081 4226 1175 4296 qui
1206 4228 1469 4286 beneﬁcia
1526 4232 1780 4299 contulit,
1809 4248 1897 4289 re-

317 4326 570 4373 munerat
591 4336 603 4371 :
628 4327 738 4373 tam
761 4318 962 4389 gratias
983 4320 1214 4391 agendo,
1246 4337 1408 4391 quam
1441 4325 1748 4382 invocanda
1774 4343 1899 4382 cum

318 4409 594 4479 voluptate
629 4410 797 4464 animi
827 4409 1158 4480 piscatorem
1183 4430 1340 4470 suum
1379 4431 1393 4466 :
1418 4416 1504 4470 vel
1535 4430 1601 4470 eo
1632 4426 1897 4486 tempore,

1994 1942 2106 1985 των
2136 1926 2387 1996 γένηται,
2417 1924 2581 1996 εἴπερ
2605 1926 2639 1994 ἡ
2676 1922 3002 1996 λαμπρότης
3048 1921 3236 1991 ἐκείνη
3273 1921 3419 1976 κατὰ
3450 1920 3580 1974 στέ-

1998 2031 2161 2086 ρησιν
2191 2014 2300 2069 τῶν
2319 2015 2549 2070 πάντων
2590 2013 2887 2085 νοημάτων
2920 2010 3334 2082 παραφαίνεται
3379 2009 3456 2082 τῷ
3490 2028 3584 2064 κα-

1995 2103 2150 2177 θα.ρῷ
2182 2106 2284 2160 νοτ.

2066 2204 2181 2268 πη’.
2224 2197 2389 2251 Ὅσον
2430 2194 2541 2267 τὴν
2580 2195 2822 2251 διάνοιαν
2876 2196 3062 2267 ἄκρως
3089 2195 3405 2267 προσέχεις,
3438 2194 3585 2249 κατὰ

1994 2288 2254 2345 τοσοῦτον
2285 2287 2425 2359 μετὰ
2451 2287 2626 2342 πόθου
2658 2287 2735 2358 τῷ
2771 2286 2947 2359 Ἰησοῦ
2985 2286 3287 2359 προσεύξῃ.
3306 2286 3428 2355 ,Καὶ
3457 2287 3586 2340 ὅσον

1998 2379 2162 2434 πάλιν
2193 2378 2292 2450 τὴν
2325 2377 2566 2432 διάνοιαν
2602 2377 2825 2448 ἀμελῶς
2856 2378 3156 2449 ὲπισκέιζαῃ.
3204 2377 3348 2434 κατὰ
3395 2376 3585 2430 τοσοῦ-

1996 2488 2090 2527 τον
2112 2472 2212 2529 καὶ
2232 2469 2334 2524 -τοῦ
2377 2470 2555 2541 Ἰησοῦ
2577 2470 2942 2542 μακρυνθήσῃ
2966 2486 2979 2500 ·
3016 2472 3108 2525 καὶ
3136 2470 3287 2524 ῶσπε
3296 2488 3329 2542 ρ
3356 2469 3419 2524 τὸ
3449 2469 3585 2541 πρό-

1996 2580 2159 2636 τερον
2191 2562 2381 2634 ἄκρως
2425 2561 2521 2616 τὸν
2548 2562 2692 2633 ἀέρα
2733 2562 2836 2632 τῆς
2884 2561 3127 2626 διανοίας
3161 2561 3409 2631 φωτίζει,
3438 2560 3585 2614 οὓτω

1997 2655 2093 2708 καὶ
2130 2653 2191 2707 τὸ
2236 2650 2541 2707 ὲκκενῶσαι
2585 2652 2693 2706 ἀπὸ
2726 2651 2827 2724 τῆς
2864 2652 3101 2724 νήψεως,
3149 2652 3248 2706 καὶ
3295 2652 3397 2723 τῆς
3448 2652 3585 2720 γλυ-

1997 2746 2152 2810 κείας
2197 2744 2548 2817 ἐπικλήσεως
2581 2744 2784 2816 Ἰησοῦ,
2831 2745 3109 2809 σκοτίζειν
3148 2744 3315 2800 αὑτὸν
3359 2747 3423 2798 ἐκ
3451 2761 3585 2798 παν-

1990 2838 2089 2904 τὸς
2120 2838 2393 2908 πέφυκεν,
2426 2837 2505 2901 ὡς
2547 2832 2689 2892 εἶναι
2735 2836 2900 2907 φύσει
2945 2837 3007 2893 τὸ
3059 2840 3295 2909 πρᾶγμα
3340 2837 3584 2892 τοιοῦτον

1988 2929 2075 2993 ὼς
2120 2929 2375 3000 εἴπομεν,
2420 2929 2518 2982 καὶ
2548 2928 2731 2993 ἄλλως
2760 2928 2863 2982 οὐκ
2893 2927 3032 2983 ἔστι.
3072 2929 3189 2984 Καὶ
3219 2928 3382 2983 τοῦτο
3414 2930 3583 3000 πείρᾳ

1999 3019 2169 3091 λήψῃ,
2204 3019 2356 3091 ἔργῳ
2402 3018 2730 3090 δικιμάσας,
2764 3019 2895 3073 ἐπεὶ
2940 3019 3016 3091 μὴ
3063 3020 3308 3089 πέφυκεν
3339 3019 3508 3090 ἀρετὴ
3546 3023 3580 3090 ή

1997 3113 2228 3182 τοιαύτη
2257 3110 2569 3182 φωτοτόκος
2596 3112 2808 3185 τερπνὴ
2838 3111 3097 3188 ἐργασία,
3127 3114 3176 3167 εἰ
3200 3111 3279 3185 μὴ
3316 3114 3384 3183 τῇ
3416 3110 3583 3183 πείρᾳ

1920 3178 1967 3241 C
1988 3178 2371 3262 διδάσκεσθαι.

2071 3297 2181 3352 πθ’.
2222 3296 2296 3351 Τὸ
2332 3296 2435 3366 μὲν
2470 3295 2610 3366 μετὰ
2659 3294 2832 3350 πόθου
2872 3295 3019 3361 τινος
3060 3295 3259 3367 μεστοῦ
3310 3295 3587 3367 γλυκύτη-

1994 3406 2090 3452 τος
2118 3387 2215 3443 καὶ
2248 3387 2426 3458 χαρᾶς
2444 3385 2831 3450 ἐπικαλεῖσθαι
2864 3388 3106 3458 συνεχῶς
3145 3386 3379 3459 Ἰησοῦν,
3411 3386 3585 3440 αἴτιον

1997 3479 2093 3535 τοῦ
2118 3480 2296 3551 χαρᾶς
2330 3477 2571 3550 ἔμπλεον
2605 3480 2700 3533 καὶ
2728 3477 2976 3550 γαλήνης
3017 3474 3160 3532 εἶναι
3194 3478 3288 3532 τὸν
3316 3478 3454 3548 ἀέρα
3482 3479 3584 3548 τῆς

1999 3572 2248 3644 καρδίας,
2300 3572 2366 3625 ἐκ
2414 3570 2518 3641 τῆς
2553 3570 2732 3642 ἄκρας
2776 3572 3076 3642 προσοχῆς.
3134 3569 3242 3624 Τοῦ
3283 3569 3343 3624 δὲ
3393 3571 3582 3639 ἄκρως

1999 3662 2371 3734 καθαίρεσθαι
2400 3661 2501 3733 τὴν
2533 3660 2786 3733 καρδίαν,
2817 3661 2991 3725 αττιος
3029 3659 3242 3731 Ἰησοῦς
3281 3660 3520 3732 Χριστὸς
3554 3662 3582 3714 ὁ

1998 3752 2130 3817 Υἱὸς
2159 3749 2260 3805 τοῦ
2293 3749 2432 3804 Θεοῦ
2472 3752 2570 3805 καὶ
2599 3749 2757 3817 Θεὸς,
2788 3752 2816 3804 ὀ
2850 3750 3073 3805 πάντων
3105 3748 3218 3803 τῶν
3260 3750 3446 3813 καλῶν
3495 3751 3581 3804 αἷ-

1998 3860 2114 3908 τιος
2143 3843 2239 3898 καὶ
2266 3842 2525 3916 ποιητής.
2562 3840 2706 3912 Ἐγὼ
2734 3842 2845 3915 γὰρ
2865 3883 2880 3909 ,
2913 3842 3070 3915 φησὶ,
3112 3841 3259 3909 Θεὸς
3285 3841 3473 3897 ποιῶν
3498 3845 3582 3897 ει-

1991 3935 2214 4005 primv-

2072 4053 2142 4117 ιιο.
2184 4048 2643 4120 Εὗεργετουμένη
2695 4046 2877 4129 ψυχὴ,
2921 4047 3017 4101 καὶ
3044 4047 3584 4121 γλυκαινομὲνηιὺπὺ

2012 4137 2219 4210 ἰησοῦ,
2254 4138 2395 4211 μετὰ
2416 4133 2796 4208 ἀγαλλιάσεώς
2820 4154 2967 4203 τινος
2999 4140 3098 4193 καὶ
3122 4140 3344 4211 ἀγάπης
3372 4140 3461 4194 διὰ
3482 4140 3584 4211 τῆς

2000 4229 2448 4302 ὲξομολογήσεως
2499 4230 2596 4284 τὸν
2639 4230 2944 4301 εὐεργέτην
2989 4231 3308 4300 ἀμειόεται,
3355 4231 3583 4302 εὐχαρι-

2002 4321 2206 4375 στοῦσα
2235 4321 2334 4374 καὶ
2368 4320 2785 4392 ἐπικαλουμένη
2830 4320 2969 4391 μετὰ
3016 4320 3337 4392 θυμηθείας.
3376 4324 3468 4377 τὸν
3505 4324 3585 4376 εί-

2005 4408 2403 4483 ρηνοποιοῦντα
2431 4411 2626 4482 αὐτὴν,
2667 4411 2765 4465 καὶ
2797 4410 2966 4481 μέσον
2994 4410 3168 4482 αὐτῆς
3196 4411 3405 4483 νοητῶς
3438 4414 3579 4484 ὀρώ-

315 4516 425 4569 quo
456 4501 602 4557 videt
629 4516 757 4558 eum
801 4503 857 4558 in
892 4505 1070 4561 medio
1095 4505 1507 4575 dissolventem,
1539 4507 1890 4566 intellectuali

2004 4520 2103 4575 σης
2133 4502 2297 4558 αὐτὸν
2322 4502 2524 4557 λύοντα
2552 4501 2652 4567 τὰς
2692 4502 3003 4572 φαντασίας
3031 4503 3142 4557 τῶν
3166 4506 3267 4576 τῆς
3312 4506 3586 4577 πονηρίας

317 4592 550 4661 ratione,
579 4595 858 4652 illusiones
890 4597 1183 4667 spirituum
1212 4598 1492 4670 nequitiae.

388 4705 478 4761 9i.
521 4705 590 4759 Et
619 4709 869 4777 despexit,
900 4710 1081 4782 inquit
1118 4711 1314 4779 David,
1346 4711 1528 4768 oculus
1556 4730 1702 4769 meus
1732 4715 1894 4771 intel-

316 4797 568 4853 lectualis
606 4798 846 4855 inimicos
873 4818 1014 4856 meas
1044 4804 1322 4873 spiritales
1355 4820 1370 4859 :
1415 4813 1463 4858 et
1506 4790 1893 4877 insurgentibus

313 4889 373 4941 in
404 4902 487 4941 me
514 4886 696 4941 audiet
735 4889 882 4942 auris
906 4905 1024 4943 mea
1049 4890 1119 4944 “.
1151 4890 1220 4945 Et
1244 4890 1666 4948 retributionem
1696 4908 1894 4962 pecca-

318 4985 496 5032 torum
526 4977 584 5031 in
617 4992 706 5033 me
734 4993 764 5032 a
794 4976 907 5034 Deo
943 4976 1060 5033 ﬁeri
1096 4979 1371 5035 videbam.

387 5089 476 5144 92.
519 5088 577 5149 Si
600 5090 769 5146 nullae
807 5089 1095 5147 fuerintin
1146 5101 1332 5149 mente
1367 5093 1672 5162 illusiones,
1700 5096 1756 5151 in
1792 5112 1893 5153 suo

316 5180 553 5236 naturali
582 5187 727 5237 statu
766 5191 1055 5253 permanet
1082 5184 1318 5250 animus,
1370 5197 1594 5256 paratus
1627 5187 1894 5245 inclinare

316 5270 374 5326 in
408 5287 630 5327 omnem
660 5273 1059 5342 delectabilem,
1090 5275 1412 5346 spiritalem,
1450 5287 1509 5334 et
1539 5279 1653 5334 Deo
1683 5291 1892 5352 gratam

316 5361 854 5431 contemplationem.

388 5470 478 5527 93.
519 5470 633 5529 Hac
678 5487 808 5544 ergo
860 5474 1098 5541 ratione,
1152 5489 1219 5535 ut
1252 5479 1387 5546 dixi,
1436 5479 1795 5551 temperantia
1838 5492 1899 5536 et

320 5558 630 5630 deprecatio
653 5561 786 5619 Jesu
816 5580 942 5621 sese
973 5576 1165 5623 natura
1207 5577 1400 5626 mutuo
1429 5571 1674 5629 stabilire
1697 5571 1898 5628 solent.

403 5737 449 5768 ⁸⁸
481 5736 588 5790 lsa.
615 5752 736 5803 va,
771 5739 825 5792 7.
923 5741 969 5773 ⁸⁸
995 5739 1135 5799 Psal.
1166 5760 1273 5800 χει.

2000 4595 2354 4666 πνευμάτων.

2073 4711 2182 4774 ιιαν.
2223 4706 2335 4761 Kal
2361 4704 2581 4771 ἐπεῖδε,
2611 4706 2777 4777 φησίν
2810 4706 2839 4760 ὁ
2869 4704 3035 4759 Δαὸὶδ
3055 4707 3083 4760 ὁ
3110 4705 3328 4777 νοητὸς,
3362 4709 3585 4777 cicada!-

1996 4796 2112 4866 μός
2135 4812 2256 4865 μου
2285 4796 2355 4849 ἐν
2389 4793 2516 4860 τοῖς
2541 4793 2779 4863 ἐχθροῖς
2806 4811 2948 4864 μου.
2981 4793 3093 4851 Καὶ
3124 4795 3203 4849 -ἐν
3249 4796 3375 4862 τοῖς
3403 4797 3587 4850 ἐπαν-

2003 4886 2369 4956 ισταμένοις,
2401 4886 2728 4941 ἀκούσεται
2755 4885 2823 4938 τὸ
2839 4879 2951 4952 οὖς
2972 4902 3114 4955 μου.
3147 4885 3259 4941 Καὶ
3286 4887 3587 4942 ἀνταπόδο-

2005 4996 2090 5033 σιν
2120 4977 2468 5049 ἁμαρτωλῶν
2497 4973 2638 5031 εῑδον
2663 4976 2815 5048 παρὰ
2841 4975 2978 5030 Θεοῦ
3008 4976 3067 5031 ὲν
3097 4977 3224 5048 ἐμοὶ
3256 4976 3583 5049 γενομένην.

2073 5089 2179 5161 ιιβν.
2220 5089 2539 5145 Φαντασιῶν
2568 5089 2627 5143 δὲ
2656 5089 2735 5161 μὴ
2762 5088 2938 5142 οὐσῶν
2964 5104 3129 5143 τινων
3159 5089 3218 5142 ἐν
3243 5089 3468 5161 καρδίᾳ,
3502 5093 3587 5155 εἰς

2001 5183 2061 5236 τὸ
2090 5181 2232 5237 κατᾶ
2264 5181 2428 5251 φύσιν
2457 5184 2486 5236 ὁ
2529 5181 2655 5246 νοῦς
2688 5181 2931 5246 ἵσταται,
2957 5179 3176 5251 ἕτοιμος
3208 5178 3284 5234 ῶν
3314 5181 3586 5236 κινεῖσθαι

2000 5276 2084 5336 εἰς
2129 5275 2313 5327 πᾶσαν
2352 5272 2591 5344 θεωρίαν
2620 5258 2878 5343 τερπνὴν
2910 5270 3291 5343 πνευματικὴν
3332 5271 3427 5326 καὶ
3463 5270 3583 5325 θεοο

1999 5365 2151 5435 φιλῆ.

2076 5477 2185 5548 ιιγῖ
2226 5477 2418 5544 Οὕτως
2447 5474 2562 5544 οὖν,
2594 5479 2670 5542 ὡς
2698 5473 2875 5545 εἷπον,
2909 5476 3224 5547 πεφύκασιν
3248 5469 3395 5529 εἶναι
3414 5473 3585 5545 ἀλλή-

2008 5570 2115 5624 λων
2152 5570 2477 5635 συστατικὰ,
2510 5571 2546 5640 ἥ
2575 5588 2634 5625 τε
2660 5570 2841 5641 νῆψις,
2872 5569 2970 5624 καὶ
3007 5566 3185 5638 Ἰησοῦ
3209 5566 3378 5639 auxi)“
3410 5566 3445 5636 ἠ
3472 5562 3583 5634 μὲν
