3968 6220
353 399 488 465 1509

1053 394 1151 454 DE
1189 388 1734 454 TEMPERANTIA
1773 390 1867 448 ET
1908 384 2269 449 VlR'l'UTE.
2301 411 2366 420 -—
2391 383 2782 445 CENTURIA
2806 387 2856 445 Ι.

3453 385 3593 453 1510

351 506 482 576 γὰρ,
517 503 664 576 ἄκρα
703 500 950 572 προσοχὴ
976 500 1077 570 τῆς
1119 496 1378 568 συνεχοῦς
1404 492 1572 564 εὐχῆς
1592 509 1606 523 ’
1643 494 1678 563 ἡ
1706 494 1761 546 δὲ
1789 490 1924 562 εὐχὴ

2065 503 2245 543 umma
2269 488 2413 543 enim
2437 489 2764 555 observatio,
2795 487 3112 544 continuam
3144 500 3425 559 promovet
3464 507 3592 561 pre~

353 595 518 650 πάλιν
547 592 768 648 ἐννοιῶν
797 591 898 661 τῆς
929 592 1106 661 ἄκρας
1133 589 1349 660 νὴψεως
1375 587 1469 638 καὶ
1500 583 1796 654 προσοχῆς.

422 772 526 841 ιιδν.
567 770 819 843 Χρηστὸς
868 764 1222 835 παιδαγωγὸς
1266 764 1363 818 καὶ
1410 761 1506 815 τοῦ
1551 758 1803 828 σώματος
1829 757 1926 810 καὶ

2026 578 2330 632 cationem:
2358 578 2595 647 precatio
2640 592 2857 631 rursum
2883 577 3228 647 procuratrix
3256 584 3339 629 est
3367 592 3596 632 summa

2029 666 2401 736 temperantiae
2426 675 2481 721 et
2507 667 2904 721 observationis
2924 666 3332 736 cogitationum.

2097 756 2186 811 94.
2226 755 2479 828 Optimus
2526 759 2773 828 corporis
2816 766 2871 813 et
2912 759 3110 812 animae
3140 757 3460 829 paedagogus
3491 772 3595 821 εει,

352 864 453 934 τῆς
485 862 684 932 ψυχῆς,
712 863 746 930 ἡ
791 857 1162 928 ἀνεπίληπτος
1190 855 1379 926 μνήμη
1409 850 1505 905 τοῦ
1538 850 1792 912 θανάτου,
1829 849 1927 901 καὶ

2062 849 2334 905 ndelebilis
2369 851 2631 905 memoria
2653 851 2846 905 mortis
2872 868 2885 904 :
2910 860 2985 917 et,
3023 850 3091 905 iis
3116 866 3236 919 quae
3255 858 3382 904 ante
3411 848 3600 904 oculos

353 954 415 1007 τὸ
438 994 453 1017 ,
486 955 557 1006 τά
585 955 642 1005 ὲν
672 951 825 1022 μέσῳ
869 949 1089 1010 πάντως
1131 943 1566 1015 παραδραμόντα
1607 938 1767 993 αὐτὸν
1788 981 1802 1005 ,
1840 939 1930 992 ἀεὶ

2062 948 2242 1006 acent,
2288 941 2513 996 omnino
2562 941 2967 1012 praetermissis,
3019 940 3367 995 continenter
3422 940 3603 994 cubile

355 1044 688 1116 προδλέπειν
725 1042 826 1111 τὴν
864 1039 1081 1109 κλίνην,
1128 1036 1258 1090 ἔνθα
1296 1029 1775 1105 ψυχορραγοῦντες
1802 1029 1932 1101 μέλ-

357 1135 519 1204 λομεν
550 1130 930 1196 κατακεῖσθαι,
965 1131 1059 1184 καὶ
1086 1127 1155 1181 τὰ
1179 1125 1363 1180 λοιπά.

427 1228 530 1291 ιιεν.
574 1224 689 1275 Ούκ
728 1221 900 1285 ἔστιν,
934 1218 1183 1288 ἀδελφοὶ,
1217 1215 1384 1269 ὕπνον
1413 1215 1652 1286 ἄρασθαι
1681 1212 1773 1265 τὸν
1813 1210 1935 1281 βου-

358 1315 582 1385 λόμενον
625 1314 871 1381 ἄτρωτον
919 1311 1103 1382 μένειν
1145 1307 1235 1362 διὰ
1264 1307 1469 1370 παντός
1493 1322 1505 1335 ·
1535 1305 1752 1374 ἀνάγκη
1786 1302 1934 1355 δυοῖν

360 1405 608 1475 θάτερον,
646 1404 680 1472 ἢ
720 1404 912 1456 πεσεῖν
954 1401 1051 1455 καὶ
1076 1397 1377 1454 ἀπολέσθαι
1426 1394 1787 1467 γυμνωθέντα
1829 1393 1936 1445 τῶν

360 1494 594 1563 ἀρετῶν,
640 1494 674 1564 ἢ
702 1492 791 1545 διὰ
820 1492 1022 1554 παντὸς
1048 1490 1128 1560 τῷ
1159 1489 1240 1544 νοτ
1276 1486 1743 1557 καθωπλισμένον
1772 1484 1936 1538 ἐστά-

362 1600 485 1638 ναι·
511 1585 604 1636 καὶ
632 1582 743 1653 γὰρ
774 1585 802 1637 ό
833 1583 1028 1655 ὲχθρδς
1060 1583 1146 1636 ἀεὶ
1187 1581 1410 1635 ἵσταται
1445 1578 1583 1650 μετὰ
1614 1577 1713 1648 τῆς
1744 1576 1937 1630 ἑαυτοῦ

364 1673 745 1748 παρατάξεως.

433 1770 546 1833 ιις’.
586 1763 803 1818 Γίνεται
834 1780 919 1828 τις
952 1763 1293 1827 κατάστασις
1321 1760 1444 1817 θεία
1473 1762 1532 1814 ὲν
1559 1760 1639 1830 τῷ
1665 1759 1741 1831 νῷ
1779 1758 1940 1830 ἡμῶν

367 1857 431 1907 ἐκ
467 1855 564 1925 τῆς
597 1852 854 1924 συνεχοῦς
888 1854 1111 1924 μνήμης
1137 1849 1232 1904 τοῦ
1259 1849 1472 1918 Κυρίου
1496 1847 1653 1919 ἡμῶν
1695 1847 1789 1899 καὶ
1817 1838 1936 1898 tm;

368 1943 613 2013 κλήσεως
636 1944 802 1998 αὑτοῦ
829 1942 1108 2013 συνεχοῦς,
1133 1942 1228 1995 ἐὰν
1255 1940 1331 2012 μὴ
1359 1938 1658 2010 ἁμελῶμεν
1678 1937 1776 2006 τῆς
1802 1935 1940 2007 πρὸς

368 2037 604 2107 Χριστὸν
635 2035 834 2106 συχνῆς
865 2035 1008 2088 κατὰ
1048 2033 1174 2087 νοῦν
1214 2032 1451 2103 δεήσεως
1479 2030 1701 2100 καὶτῆς
1730 2031 1942 2099 πυκνῆς

369 2129 603 2197 νήψεως,
635 2129 725 2179 καὶ
749 2125 844 2178 τοῦ
873 2122 1226 2177 ἐπιστατικοῦ
1252 2122 1416 2192 ἔργου
1442 2139 1456 2153 ο
1483 2121 1619 2175 ἀλλά
1648 2121 1741 2175 καὶ
1775 2120 1943 2184 ὅντως

370 2219 532 2288 ἔργον
564 2217 697 2270 αὐτὸ
737 2217 846 2282 ἀεὶ,
908 2217 1007 2270 καὶ
1051 2214 1315 2277 ὡσαύτως
1363 2212 1780 2284 ὲπιτελούμενον
1803 2211 1941 2281 έχω-

376 2326 475 2379 μεν
501 2308 600 2377 τῆς
639 2307 812 2378 Ἰησοῦ
867 2307 1107 2378 Χριστοῦ
1136 2306 1234 2360 τοῦ
1266 2305 1476 2377 Κυρίου
1519 2304 1679 2375 ἡμῶν
1713 2303 1945 2373 ἐπικλή-

374 2415 535 2465 σεως,
560 2397 696 2451 ἀλλὰ
729 2398 869 2468 μετά
892 2397 1190 2468 πυρώσεως
1214 2396 1442 2467 καρδίας
1465 2395 1785 2459 ἐκϐοῶντες,
1804 2393 1946 2447 ὥστε

377 2486 703 2558 μεταλαϐεῖν
741 2488 804 2540 τὸ
849 2486 1005 2555 ἅγιον
1047 2487 1220 2558 ὄνομα
1265 2485 1442 2556 Ἰησοῦ
1477 2502 1492 2518 ·
1537 2485 1794 2555 συνέχεια
1837 2483 1947 2554 γάρ

376 2579 474 2631 καὶ
516 2577 612 2630 ἐπὶ
639 2576 842 2647 ἀρετῆς
873 2576 968 2629 καὶ
998 2578 1088 2629 ἐπὶ
1118 2576 1321 2639 κακίας
1363 2577 1548 2646 μήτηρ
1572 2572 1740 2636 ἕξεως
1761 2588 1772 2602 σ
1811 2573 1845 2641 ἡ
1866 2571 1947 2637 δὲ,

375 2665 451 2730 ὡς
486 2666 645 2735 φύσις
673 2666 862 2719 λοιπὸν
891 2667 1103 2737 κρατεῖ.
1140 2666 1252 2718 Καὶ
1274 2667 1331 2718 ὲν
1370 2662 1703 2717 καταστάσει
1724 2661 1950 2731 τοιαύτῃ

377 2763 405 2812 ὃ
453 2758 577 2822 νοῦς
619 2759 931 2828 γενόμενος,
981 2755 1136 2826 ζητεῖ
1188 2756 1315 2820 τοὺς
1380 2754 1693 2823 πολεμίους,
1761 2751 1950 2824 ῶσπερ

381 2852 527 2906 κύων
548 2848 863 2912 Λακωνικὸς
896 2848 1109 2917 λαγωὸν
1156 2850 1215 2901 ἐν
1248 2847 1502 2918 λόχμαις.
1539 2844 1695 2899 Οὕτω
1718 2844 1826 2914 γάρ
1857 2845 1953 2897 καὶ

378 2943 407 2994 ό
436 2940 559 3003 νοῦς
587 2937 837 3011 πονηρῶν
869 2937 1148 3007 λογισμῶν
1172 2935 1433 3008 ὲξερευνᾷ
1452 2952 1465 2965 ο
1499 2933 1614 2988 ἀλλ’
1641 2934 1671 2985 ό
1709 2932 1829 3003 μὲν,
1864 2934 1951 2985 ἵνα

381 3030 704 3101 καταφάγῃ·
735 3031 763 3082 ό
790 3029 865 3095 δὲ,
902 3028 990 3081 ἵνα
1028 3028 1387 3099 καταφθείρῃ.

452 3207 555 3273 ac.
600 3206 727 3259 Ὅτε
775 3200 868 3260 οὖν
914 3205 1012 3260 καὶ
1055 3207 1250 3271 ὁσάκις
1303 3204 1696 3276 ὲπισυμὸαίνει
1745 3204 1950 3273 πληθύι

382 3296 567 3351 νεσθαι
608 3297 667 3350 ὲν
713 3297 846 3367 ἡμῖν
884 3297 1012 3360 τοὺς
1058 3297 1331 3368 πονηροὺς
1377 3295 1696 3367 λογισμοὺς,
1728 3294 1829 3365 τὴν
1857 3292 1951 3348 τοῦ

384 3386 589 3460 Κυρίου
623 3385 780 3458 ἡμῶν
821 3385 995 3460 Ἰησοῦ
1021 3385 1263 3458 Χριστοῦ
1315 3385 1606 3455 ἐπίκλησιν
1661 3383 1830 3455 μέσον
1856 3384 1955 3439 αύ-

382 3477 492 3531 τῶν
538 3476 898 3549 ἐμϐάλωμενο
938 3476 1034 3530 καὶ
1079 3475 1467 3546 διαλυομένους
1506 3475 1708 3538 αὐτοὺς
1747 3475 1955 3537 εὐθέως

383 3566 506 3618 τότε
553 3566 686 3620 ὡσεὶ⁵
733 3565 944 3619 καπνὸν
1004 3566 1065 3619 ὲν
1112 3565 1238 3634 ἀέρι
1286 3563 1555 3634 ὀψόμεθα,
1602 3563 1677 3626 ὼς
1709 3566 1744 3633 ἡ
1789 3565 1956 3633 πεῖρα

386 3653 617 3719 ἐδίδαξε·
651 3658 746 3708 καὶ
792 3656 890 3708 τοῦ
937 3650 1067 3717 νοὸς
1120 3655 1282 3723 μόνου
1333 3651 1789 3723 καταλειφθέντος
1833 3654 1955 3705 τότε

386 3743 683 3814 ἀρχώμεθα
727 3744 892 3798 πάλιν
916 3743 1016 3812 τῆς
1065 3742 1324 3812 συνεχοῦς
1367 3742 1646 3812 προσοχῆς
1692 3742 1786 3795 καὶ
1838 3743 1959 3796 ὲπι·

388 3833 655 3902 κλήσεως.
700 3832 812 3886 Kal.
855 3833 1050 3895 ὁσάκις
1081 3832 1186 3884 ὑπὸ
1213 3831 1412 3902 πείρας
1435 3831 1582 3894 τινὸς
1607 3830 1766 3884 τοῦτο
1795 3829 1959 3885 πάλιν

389 3923 671 3995 πάθωμεν,
701 3922 872 3987 οὕτως
894 3922 1161 3994 ποιῶμεν.

459 4106 569 4171 ιιιηκ
585 4100 675 4166 Ὠς
696 4100 805 4173 γὰρ
825 4102 886 4155 οὐ
919 4100 1146 4155 δυνατὸν
1179 4116 1247 4170 γυ
1256 4103 1388 4172 μνον
1407 4102 1490 4164 είς
1510 4099 1750 4172 πόλεμον
1782 4098 1960 4153 εἰσελ-

391 4191 552 4245 θόντα
584 4191 822 4262 σώματι,
872 4190 907 4263 ἢ
946 4189 1178 4244 πλεῦσαι
1209 4191 1352 4261 μέγα
1386 4189 1621 4258 πέλαγος
1658 4192 1776 4261 μετ’
1806 4189 1959 4244 ἐνδυ-

393 4282 601 4354 μάτων,
624 4283 659 4353 ἦ
695 4282 795 4355 ζῇν
844 4281 973 4337 ἄνευ
1008 4282 1105 4336 τοῦ
1140 4283 1424 4349 ἀναπνεῖν,
1469 4281 1647 4346 οὕτως
1692 4282 1959 4337 ἀδύνατον

389 4375 560 4443 χωρὶς
625 4371 1007 4438 ταπεινώσεως
1055 4374 1152 4427 καὶ
1224 4374 1481 4445 συνεχοῦς
1536 4374 1675 4445 πρὸς
1723 4374 1962 4444 Χριστὸν

2031 1033 2352 1101 praevidere,
2383 1033 2439 1087 in
2489 1048 2598 1104 quo
2620 1033 2854 1105 posthac
2909 1048 3034 1087 cum
3071 1021 3352 1102 refrigerio
3381 1030 3599 1101 requie—

2034 1136 2187 1177 scere
2218 1123 2510 1191 possimus.

2102 1213 2191 1267 95.
2232 1214 2349 1267 Non
2397 1213 2578 1278 debet,
2632 1213 2849 1282 fratres,
2883 1215 3137 1285 amplecti
3188 1222 3466 1279 somnum,
3506 1212 3599 1283 qui

2036 1316 2300 1374 perpetuo
2328 1305 2446 1359 vult
2479 1305 2680 1359 illaesus
2708 1320 2952 1361 manere.
2998 1305 3188 1374 Itaque
3236 1318 3463 1359 necesse
3518 1312 3605 1357 est

2036 1396 2266 1450 alterum
2297 1396 2553 1463 duorum,
2585 1406 2680 1451 aut
2716 1393 3334 1465 spoliatum'virtutibus
3377 1408 3602 1448 occum-

2037 1488 2167 1542 bere
2183 1497 2238 1543 et
2264 1490 2464 1557 perire,
2491 1497 2585 1542 aut
2611 1495 2794 1542 mente
2824 1503 3040 1558 semper
3054 1495 3262 1542 armata
3278 1486 3599 1541 consistere:

2038 1575 2166 1646 quia
2218 1590 2497 1647 nunquam
2528 1591 2638 1630 non
2673 1584 2816 1631 astat
2861 1576 3054 1641 hostis,
3091 1576 3322 1646 stipatus
3358 1576 3604 1631 exercitu

2041 1682 2160 1722 SllO.

2112 1758 2199 1814 96.
2244 1757 2429 1815 Status
2479 1758 2702 1829 quidam
2766 1758 2987 1814 divinus
3024 1758 3270 1813 nascitur
3318 1757 3374 1811 in
3423 1756 3606 1810 animo

2042 1860 2232 1907 nostro
2262 1867 2327 1907 ex
2351 1852 2614 1907 continua
2648 1851 2858 1907 Domini
2883 1851 3057 1908 nostri
3089 1849 3372 1916 memoria,
3392 1858 3447 1905 et
3469 1850 3606 1921 assi—

2041 1939 2149 1996 dua
2186 1941 2304 2011 ejus
2337 1942 2715 1998 invocatione:
2751 1943 2914 1999 modo
2960 1941 3178 1997 solliciti
3206 1941 3379 1997 simus
3404 1941 3470 1997 de
3500 1940 3608 1995 fre-

2041 2032 2334 2101 quentibus
2383 2033 2548 2087 animi
2595 2035 2851 2103 precibus
2878 2049 3010 2106 erga
3058 2032 3361 2098 Christum,
3403 2032 3609 2089 crebris

2039 2122 2285 2193 jejuniis,
2317 2132 2371 2178 et
2414 2125 2670 2195 operibus
2730 2125 3096 2195 principatum
3136 2124 3489 2180 tenentibus:
3524 2138 3610 2177 re-

2043 2228 2194 2279 vera,
2233 2228 2400 2283 opere
2440 2215 2579 2284 ipso,
2613 2216 2754 2285 quod
2793 2216 2847 2269 in
2876 2215 3218 2271 invocatione
3270 2213 3479 2269 Domini
3509 2230 3610 2269 no—

2045 2306 2144 2360 stri
2168 2306 2297 2361 Jesu
2333 2305 2534 2361 Christi
2573 2307 2841 2373 consistit,
2870 2322 3088 2377 semper
3115 2315 3170 2361 et
3214 2306 3407 2361 eodem
3450 2305 3611 2359 modo

2044 2396 2355 2467 peragenda
2382 2397 2592 2466 praediti
2620 2396 2816 2463 simus,
2844 2411 3079 2452 accenso
3104 2396 3269 2453 corde
3302 2396 3612 2451 exclaman-

2048 2498 2153 2552 tes,
2189 2495 2248 2541 ut
2294 2488 2468 2542 sancti
2504 2487 2740 2543 nominis
2782 2485 2914 2543 Jesu
2938 2487 3212 2558 possimus
3240 2502 3362 2543 esse
3390 2486 3613 2556 partici-

2047 2591 2164 2646 pes.
2201 2576 2506 2631 Assiduitas
2544 2577 2716 2640 enim,
2760 2577 2876 2632 sive
2907 2577 2964 2632 in
2996 2577 3197 2633 virtute
3225 2576 3343 2633 sive
3376 2576 3431 2630 in
3462 2576 3609 2637 vitio.

2046 2676 2226 2722 mater
2273 2676 2357 2722 est
2405 2667 2661 2722 habitus:
2698 2667 2918 2723 habitus
2961 2678 3165 2730 autem,
3209 2670 3360 2725 velut
3396 2676 3611 2730 natura,

2049 2768 2246 2814 caetera
2262 2758 2487 2815 obtinet.
2510 2758 2569 2813 ln
2596 2774 2663 2814 eo
2683 2759 2864 2829 itaque
2885 2767 3029 2815 statu
3057 2759 3357 2815 collocatus
3374 2761 3613 2825 animus,

2052 2846 2242 2902 hostes
2280 2847 2529 2917 inquirit,
2569 2856 2630 2901 ut
2676 2848 2830 2903 canis
2865 2847 3144 2904 laconicus
3180 2849 3237 2902 in
3285 2849 3434 2905 silvis
3465 2849 3616 2919 lepo-

2052 2954 2190 2994 rem.
2231 2939 2311 2993 Ad
2342 2939 2490 2993 hunc
2530 2940 2676 2992 enim
2722 2939 2944 2994 modum
2976 2953 3134 2993 mens
3172 2946 3448 2993 scrutatur
3491 2954 3617 3008 per-

2053 3043 2242 3084 versas
2287 3027 2685 3099 cogitationes:
2734 3027 2831 3083 sed
2861 3027 2950 3083 ille
2978 3027 3222 3098 quidem,
3257 3037 3317 3084 ut
3340 3029 3615 3092 emuedat,

2057 3121 2176 3177 haec
2204 3130 2409 3187 autem,
2441 3126 2503 3174 ut
2527 3117 2837 3175 labefactet.

2123 3210 2212 3266 97.
2253 3207 2700 3276 Quandocunque
2742 3216 2798 3261 et
2838 3205 3270 3277 quotiescunque
3297 3206 3618 3278 'contigerit,

2055 3311 2117 3356 ut
2147 3310 2406 3371 augeatur
2435 3299 2492 3353 in
2526 3298 2683 3352 nobis
2710 3311 2975 3352 numerus
3005 3312 3293 3367 pravarum
3337 3296 3622 3368 cogitatio-

2053 3408 2189 3448 num
2210 3432 2224 3458 ,
2255 3390 2655 3461 interjieiamus
2698 3389 2754 3443 in
2789 3388 3029 3444 medium
3060 3404 3249 3445 earum
3287 3387 3624 3459 imploratio-
3661 3385 3668 3392 ’

2054 3500 2182 3539 nem
2216 3481 2428 3538 Domini
2455 3479 2631 3535 nostri
2659 3478 2788 3535 Jesu
2819 3478 3059 3535 Christi:
3091 3488 3316 3549 tumque
3346 3493 3472 3532 mox
3508 3493 3623 3541 eas,

2058 3575 2233 3628 instar
2270 3572 2405 3628 fumi
2436 3570 2492 3625 in
2525 3586 2673 3637 aere,
2706 3570 3018 3626 videbimus
3042 3582 3371 3627 evanescens
3399 3582 3414 3619 :
3467 3568 3625 3622 sicuti

2057 3664 2242 3719 docuit
2273 3661 2629 3731 experientia.
2650 3662 2720 3715 Et
2746 3660 2792 3716 si
2814 3674 2969 3715 mens
2995 3658 3109 3713 sola
3132 3657 3627 3728 comprehendatur

2058 3751 2128 3805 ab
2157 3750 2285 3809 illis,
2317 3749 2498 3803 denuo
2547 3761 2891 3801 resumamus
2918 3745 3134 3800 initium
3160 3746 3487 3802 continentis
3529 3747 3627 3801 oh-

2059 3837 2386 3894 servationis
2450 3845 2505 3891 et
2544 3834 2930 3890 invocationis.
3010 3832 3237 3899 Quoties
3297 3836 3479 3906 itaque
3536 3838 3625 3893 tali

2061 3927 2296 3999 quodam
2348 3925 2592 3997 periculo
2637 3938 2855 3980 rursum
2913 3920 3254 3990 vexabimur,
3295 3924 3400 3981 hoc
3447 3926 3625 3997 ipsum

2060 4034 2305 4091 agamus.

2132 4110 2221 4166 98.
2261 4104 2735 4176 Quemadmodum
2757 4104 2873 4161 ﬁeri
2899 4120 3011 4162 non
3037 4114 3215 4176 potest
3247 4114 3306 4162 ut
3327 4106 3448 4178 quis
3479 4109 3628 4166 nudo

2062 4217 2292 4273 corpore
2329 4199 2669 4257 descendens
2697 4199 2757 4254 in
2796 4198 3066 4270 praelium.
3098 4198 3271 4256 victor
3297 4199 3511 4268 evadat,
3534 4212 3629 4258 aut

2063 4311 2186 4351 cum
2210 4292 2544 4348 indumentis
2572 4291 2628 4346 in
2651 4290 2920 4345 immenso
2946 4290 3138 4362 pelago
3165 4301 3337 4359 natet,
3362 4302 3458 4350 aut
3486 4297 3630 4352 vivat

2064 4386 2183 4440 sine
2216 4383 2574 4455 respiratione
2596 4423 2612 4448 ,
2656 4382 2729 4437 ita
2761 4381 2879 4437 ﬁeri
2910 4397 3020 4437 non
3064 4391 3245 4451 potest
3278 4395 3336 4438 ut
3364 4384 3497 4441 citra
3525 4387 3628 4441 hu-

393 4463 626 4526 ῐκεσίας,
656 4463 748 4515 τὸν
787 4463 977 4533 νοητὸν
998 4463 1093 4516 καὶ
1126 4463 1370 4533 κρυπτὸν
1398 4462 1638 4532 πόλεμον
1669 4463 1950 4534 ἐκμαθεῖν,

2064 4476 2348 4531 militatem
2401 4483 2457 4529 et
2505 4473 2821 4529 continuam
2878 4472 3077 4527 Christi
3131 4474 3629 4544 supplicationem,

389 4550 484 4603 καὶ
509 4551 775 4621 τεχνικῶς
798 4552 1025 4616 τούτους
1046 4551 1411 4607 καταδιώκειν
1439 4552 1535 4605 καὶ
1560 4552 1795 4624 βάλλειν.

464 4731 571 4800 ἥθ’.
622 4730 682 4785 '0
737 4731 912 4802 μέγας
948 4733 1399 4805 πρακτικώτατος
1448 4733 1612 4788 Δαϐίδ
1663 4752 1797 4806 φησι
1829 4751 1843 4767 ⁸
1891 4736 1960 4790 Τὸ

388 4818 611 4890 κράτος
646 4837 769 4890 μου
801 4823 952 4890 πρὸς
1005 4822 1083 4876 σὲ
1117 4822 1371 4892 φυλάξω
1393 4863 1409 4888 ,
1445 4824 1582 4895 πρὸς
1616 4824 1710 4879 τὸν
1753 4825 1960 4897 Κύριον

388 4913 563 4981 λέγει,
597 4910 741 4965 ῶστε
768 4911 828 4966 τὸ
857 4913 1198 4985 φυλαχθῆναι
1239 4916 1297 4969 ὲν
1335 4915 1468 4985 ἡμῖν
1509 4914 1570 4967 τὸ
1609 4916 1810 4986 κράτος
1862 4916 1962 4987 τῆς

382 5002 694 5074 καρδιακῖκ
724 5004 916 5072 νοερᾶς
957 5004 1207 5074 ἡσυχίας,
1243 5004 1302 5070 ἐξ
1338 5001 1408 5077 ἦς
1456 5005 1755 5074 γεννῶνται
1790 5008 1964 5061 πᾶσαι

383 5094 450 5147 αἱ
482 5094 696 5163 ἀρεταὶ,
734 5092 824 5146 διὰ
861 5093 959 5147 τοῦ
1012 5095 1327 5167 βοηθεῖσθαι
1356 5096 1506 5165 ἡμᾶς
1537 5097 1689 5166 παρά
1718 5097 1812 5151 τοῦ
1848 5097 1962 5151 Κυ-

391 5183 514 5253 ρίου
559 5184 916 5255 προσγίνεται
936 5203 952 5216 ·
995 5186 1091 5240 τοῦ
1138 5187 1235 5241 καὶ
1262 5186 1361 5251 τὰς
1390 5188 1609 5252 ἐντολὰς
1639 5189 1841 5252 δόντος,
1871 5190 1967 5243 καὶ

388 5271 491 5340 ἀφ’
519 5273 677 5342 ἡμῶν
704 5274 805 5346 τὴν
856 5276 1061 5348 μιαρὰν
1096 5276 1268 5348 λήθην
1312 5277 1690 5345 ὲκδιώκοντος,
1727 5280 1967 5349 συνεχῶς

396 5361 533 5432 παρ’
561 5363 718 5434 ἡμῶν
766 5366 1154 5437 ἐπιϐοωμένων
1190 5368 1500 5440 φθαρτικὴν
1526 5363 1698 5424 οὖσαν
1728 5370 1966 5438 μάλιστα

397 5452 500 5520 τῆς
541 5452 846 5525 καρδιακῆς
878 5457 1109 5527 ἡσυχίας
1134 5457 1235 5528 τὴν
1260 5458 1549 5528 ἀμέλειαν,
1576 5460 1651 5524 ώς
1682 5459 1826 5532 ὕδωρ
1858 5478 1967 5514 πυ-

386 5544 524 5617 ρός’
554 5543 766 5615 διόπερ,
809 5548 1029 5619 μοναχὲ,
1053 5550 1128 5620 μὴ
1157 5550 1216 5617 ἐξ
1249 5551 1511 5622 ἀμελείας
1545 5552 1732 5618 ὑπνοῖς
1756 5554 1836 5618 εἰς
1867 5553 1967 5607 θά-

469 5724 512 5756 "
544 5722 684 5779 Psal.
713 5739 861 5781 LVIII.

2066 4566 2310 4638 spiritale
2330 4574 2384 4619 et
2404 4572 2675 4619 secretum
2699 4561 2899 4616 bellum
2925 4561 3251 4628 ediscamus,
3267 4572 3322 4619 et
3341 4564 3633 4622 artiﬁciose

2069 4651 2425 4723 cogitationes
2452 4649 2568 4704 illas
2588 4648 2923 4719 expellamus
2949 4658 3005 4703 et
3027 4649 3316 4709 cmdamus.

2139 4744 2228 4799 99.
2270 4741 2493 4813 Magnus
2520 4739 2723 4804 David,
2761 4755 2944 4794 rerum
2971 4741 3328 4811 gerendarum
3367 4745 3635 4815 peritissi-

2071 4846 2215 4899 mus,
2265 4830 2552 4885 Dominum
2587 4828 2889 4899 alloquens,
2920 4829 3030 4885 ait:
3060 4830 3442 4889 Fortitudinem
3465 4852 3636 4891 meam

2071 4924 2141 4977 ad
2184 4931 2232 4977 te
2260 4923 2551 4976 custodiam
2573 4919 2642 4977 ⁸⁷.
2681 4920 2761 4976 Ita
2797 4931 2857 4976 ut
2883 4929 2994 4977 tota
3037 4924 3118 4978 vis
3149 4925 3347 4993 quietis
3381 4926 3639 4995 spiritalis

2070 5014 2235 5069 animi
2277 5013 2471 5075 nostri,
2509 5011 2651 5067 unde
2675 5023 2978 5068 nascuntur
3009 5030 3198 5071 omnes
3229 5016 3478 5082 virtutes,
3503 5032 3638 5072 con-

2072 5113 2319 5161 servetur
2351 5105 2558 5159 auxilio
2588 5103 2798 5158 Domini
2826 5122 2839 5157 :
2872 5105 2965 5174 qui
3000 5114 3057 5159 et
3091 5114 3366 5175 praecepta
3391 5105 3558 5171 dedit,
3585 5117 3640 5161 et

2073 5195 2342 5264 impuram
2386 5191 2719 5247 oblivionem
2772 5207 2803 5245 a
2846 5192 3003 5246 nobis
3050 5191 3294 5261 expellit,
3323 5201 3432 5247 eta
3461 5195 3638 5249 conti-

2075 5290 2269 5338 nenter
2285 5281 2725 5346 inclamantibus,
2751 5281 3035 5354 ignaviam:
3052 5298 3173 5352 quae
3194 5283 3639 5353 tranquillitatem

2077 5375 2277 5428 mentis
2327 5388 2438 5426 non
2492 5372 2650 5427 aliter
2678 5372 3012 5446 corrumpit,
3060 5388 3221 5442 quam
3249 5388 3388 5443 aqua
3436 5373 3638 5446 ignem.

2077 5464 2464 5531 Quamobrem,
2497 5445 2783 5528 monaelte,
2811 5479 2882 5519 ne
2911 5463 3149 5519 dormias
3180 5464 3233 5518 in
3272 5445 3501 5520 mortem
3524 5483 3645 5536 pra:

2080 5554 2424 5628 negligentia,
2460 5556 2554 5611 sed
2580 5555 2802 5611 nomine
2822 5555 2949 5610 Jesu
2976 5563 3197 5624 percute
3222 5555 3435 5611 hostes:
3472 5566 3545 5624 et,
3584 5568 3645 5611 ut
