4038 6226
322 269 458 337 1511

1509 260 1869 321 HESYCHII
1905 257 2375 318 PRESBYTER]

3434 253 3570 321 151?.

319 384 545 457 quidam
575 380 788 450 sapiens
827 375 985 440 dixit,
1020 374 1298 429 adimerent
1327 386 1527 427 nomen
1552 374 1684 431 Jesu
1724 370 1897 441 spira-

2024 389 2186 436 ἀτον,
2220 371 2357 424 ἀλλὰ
2400 366 2573 440 Ἰησοῦ
2603 365 2826 438 ὀνόματι
2874 365 3106 437 μάστιζε
3136 365 3449 436 πολεμίους,
3479 364 3574 422 καὶ

319 477 446 532 culo
492 484 608 536 tuo,
651 479 705 525 et
735 468 1004 523 universae
1033 466 1192 522 vitae:
1225 463 1444 537 jamque
1477 475 1773 534 cognosces
1806 476 1893 514 re-

321 564 521 635 quietis
543 562 803 617 fructum.

394 746 517 801 100.
537 741 775 810 'Quando
796 754 923 803 nos,
949 736 1041 806 qui
1073 735 1274 806 alioqui
1315 732 1527 804 indigni
1561 746 1778 794 sumus,
1829 729 1899 784 ad

324 837 512 892 divina
534 842 591 890 et
613 832 898 902 impolluta
930 828 1190 901 mysteria
1230 825 1453 889 Christi,
1480 823 1575 879 Dei
1604 821 1827 887 summi,
1847 828 1903 874 et

327 925 721 983 extimescendi
752 922 898 993 regis
924 920 1122 986 nostri,
1154 934 1266 974 non
1292 918 1410 973 sine
1446 917 1679 972 horrore
1702 912 1901 969 admit-

328 1019 520 1082 timur,
554 1025 683 1071 tunc
705 1014 965 1084 majorem
990 1020 1045 1066 et
1061 1009 1456 1066 accuratiorem
1484 1003 1898 1075 temperantiam

329 1116 386 1162 ct
437 1106 640 1178 mentis
695 1104 998 1159 custodiam
1032 1103 1414 1157 demonstrare
1473 1099 1787 1153 debemus:
1844 1101 1905 1148 ut

330 1199 471 1269 ignis
528 1197 772 1263 divinus,
825 1209 1022 1265 nempe
1048 1207 1248 1263 corpus
1301 1191 1517 1246 Domini
1548 1188 1718 1243 nostri
1771 1187 1906 1242 Iesu

329 1288 562 1352 Christi,
603 1296 830 1357 peccata
862 1298 1075 1350 nostra,
1107 1293 1164 1341 et
1194 1293 1303 1339 tam
1343 1296 1570 1353 magnas
1593 1296 1757 1351 quam
1785 1279 1904 1333 cxi-

333 1396 468 1450 guas
501 1378 694 1433 sordes
724 1377 998 1430 absumat.
1024 1374 1158 1428 Nam
1198 1373 1356 1437 illud,
1422 1370 1607 1425 statim
1637 1378 1696 1423 ut
1719 1369 1904 1438 ingre-

335 1470 483 1522 ditur
517 1468 572 1521 in
594 1461 718 1531 nos,
745 1463 967 1533 expellit
998 1477 1029 1516 e
1056 1461 1223 1515 corde
1256 1459 1539 1528 improbos
1567 1457 1793 1527 spiritus
1814 1470 1908 1510 ne-

335 1559 541 1629 quitiaa,
567 1565 790 1627 peccata
817 1554 873 1607 in
899 1553 1056 1607 nobis
1083 1553 1277 1625 oborta
1296 1551 1572 1605 condonat
1597 1565 1610 1600 :
1649 1559 1702 1604 et
1726 1549 1908 1603 relin—

333 1650 519 1718 quitur
533 1647 749 1701 animus
769 1658 1061 1713 pravarum
1086 1640 1477 1712 cogitationum
1498 1638 1910 1709 perturbatione

335 1716 565 1793 vacuus.
595 1736 821 1790 Necnon
860 1734 907 1789 si
935 1743 1146 1805 postea,
1200 1741 1410 1788 stantes
1442 1732 1510 1786 ad
1545 1731 1692 1786 fores
1734 1730 1914 1784 cordis
1948 1716 1987 1773 Β

334 1830 532 1896 nostri,
564 1828 855 1899 diligenter
871 1828 1116 1881 animum
1137 1826 1669 1886 conservaverimus,
1697 1821 1914 1890 quando

338 1934 556 1975 rursum
584 1918 649 1972 ad
671 1932 735 1972 ea
764 1916 1025 1988 mysteria
1046 1916 1382 1980 accedimus,
1431 1927 1631 1983 corpus
1668 1911 1915 1966 divinum

336 2011 548 2079 majore
580 2009 781 2072 adhuc,
806 2007 1037 2076 majore,
1072 2007 1317 2075 inquam,
1351 2004 1645 2074 splendore
1675 2010 1915 2077 mentem

338 2098 638 2170 perfundit,
679 2105 735 2152 et
764 2097 937 2153 stellae
966 2097 1202 2151 similem
1234 2096 1434 2151 reddit.

759 2229 1113 2287 CENTURIA
1147 2228 1484 2285 SECUNDA.

415 2347 465 2400 1.
490 2344 707 2400 Oblivio
740 2344 927 2399 delere
960 2344 1101 2398 solet
1148 2341 1350 2396 mentis
1395 2340 1723 2405 custodiam,
1780 2339 1922 2394 sicut

341 2451 481 2506 aqua
512 2436 1029 2506 exstinguitignem.
1081 2433 1356 2489 Conlinua
1404 2447 1536 2487 vero
1555 2446 1681 2503 erga
1731 2430 1921 2485 Iesum

342 2527 606 2599 precatio,
652 2527 971 2581 vehementi
1014 2527 1207 2596 juncta
1258 2524 1656 2594 temperantiae,
1701 2523 1921 2578 tandem

345 2619 606 2675 absorbet
629 2619 777 2672 illam
807 2632 838 2672 e
892 2628 1094 2672 mente.
1136 2600 1269 2688 Eget
1297 2617 1444 2671 enim
1477 2616 1652 2670 oratio
1709 2622 1921 2685 tempe-

345 2711 543 2775 rentia,
578 2723 689 2764 non
710 2708 868 2763 aliter
891 2722 1056 2778 quam
1096 2707 1311 2777 lampas
1334 2706 1555 2779 exigua,
1587 2706 1797 2761 lumine
1831 2706 1919 2760 lu-

347 2818 554 2857 cernae.

415 2917 471 2970 2.
503 2915 907 2971 Elaborandum
957 2920 1043 2969 est
1080 2913 1134 2969 in
1171 2911 1517 2968 asservandis
1538 2910 1606 2966 iis
1634 2924 1755 2992 quae
1797 2918 1927 2965 sunt

346 3009 582 3079 pretiosa
631 3025 646 3060 :
707 3007 947 3077 pretiosa
997 3018 1162 3074 porro
1229 3019 1418 3058 revera
1473 3011 1622 3069 sunt,
1658 3017 1780 3072 qua:
1821 3017 1926 3057 nos

348 3107 683 3154 conservant
711 3096 781 3150 ab
814 3096 963 3149 omni
1000 3094 1155 3158 vitio,
1188 3102 1298 3148 tam
1324 3093 1570 3164 corporis
1593 3109 1758 3162 quam
1797 3093 1928 3146 ani-

348 3205 474 3243 mm.
498 3189 566 3243 Et
587 3196 716 3242 sunt
745 3187 867 3251 ista,
890 3185 1153 3242 Custodia
1193 3184 1416 3250 mentis,
1473 3199 1662 3239 secum
1716 3184 1929 3239 habens

349 3292 617 3332 annexam
658 3274 1203 3331 invocationemJesu
1232 3274 1456 3338 Christi,
1493 3272 1763 3345 profunda
1803 3289 1930 3329 cor-

351 3370 436 3423 dis
469 3383 687 3437 semper
713 3367 938 3432 intucri,
973 3367 1213 3420 animum
1241 3373 1526 3436 perpetuo,
1557 3365 1710 3419 utita
1727 3365 1927 3430 dicam,

351 3457 703 3509 fluctuantem
734 3453 1087 3522 tranquillum
1118 3453 1368 3516 reddere,
1394 3452 1563 3506 etiam
1586 3452 1655 3506 ab
1686 3451 1755 3506 iis
1778 3451 1929 3522 0οεί-

352 3546 650 3601 tationibus
682 3559 804 3615 qum
827 3553 993 3599 rectae
1033 3544 1295 3599 videntur
1328 3560 1341 3595 :
1402 3543 1537 3598 dare
1583 3560 1807 3613 operam
1871 3553 1932 3599 ut

351 3635 777 3705 cogitationibus
805 3634 1042 3689 libenter
1064 3650 1373 3700 careamus,
1408 3650 1476 3690 ne
1513 3635 1662 3692 fures
1713 3651 1815 3691 nos
1845 3636 1928 3692 la-

355 3734 524 3782 teant.
557 3728 623 3780 Et
660 3727 909 3795 quamvis
938 3726 1272 3782 laboriosum
1309 3728 1399 3801 sit,
1449 3728 1506 3782 in
1551 3731 1931 3785 conservando

353 3820 516 3872 corde
555 3832 899 3887 permanere,
924 3826 980 3871 at
1009 3819 1255 3888 proxima
1279 3828 1364 3886 est
1387 3820 1717 3874 consolatio.

422 3909 475 3963 3.
503 3908 657 3964 Mens
696 3909 843 3963 enim
861 3925 983 3978 quae
1006 3909 1127 3964 sine
1154 3909 1567 3966 intermissione
1588 3910 1926 3976 custoditur,

353 4011 409 4056 et
431 4010 614 4056 tamen
651 4001 701 4056 ei
732 4001 1053 4056 conceditur
1097 4001 1352 4072 excipere
1395 4002 1619 4073 formas,
1668 4003 1933 4074 imagines

353 4092 718 4148 etillusiones
771 4092 1132 4146 obscurorum
1170 4101 1227 4147 et
1272 4108 1566 4161 pravorum
1613 4094 1930 4163 spirituum,

353 4181 491 4236 solet
531 4196 598 4236 ex
655 4180 736 4236 eis
784 4180 918 4250 ipsis
975 4181 1338 4251 cogitationes
1369 4183 1581 4238 lucidas
1603 4185 1927 4253 concipere.

351 4270 486 4327 Nam
513 4280 574 4326 ut
611 4273 776 4327 carbo
790 4270 1064 4327 ﬂammam
1091 4273 1363 4342 producit,
1400 4274 1574 4330 multo
1594 4276 1769 4345 magis
1787 4276 1935 4330 Deus

1996 466 2073 528 ὡς
2122 465 2285 532 σοφός
2330 479 2416 525 τις
2459 462 2698 531 λέλεχεν.
2744 459 2918 532 Ἰησοῦ
2948 459 3120 531 ὄνομα
3159 459 3480 530 κολληθήτω
3505 462 3572 531 τῇ

1997 559 2133 626 πνοῇ
2183 573 2275 608 σου
2331 556 2425 607 καὶ
2469 553 2621 625 πάσῃ
2674 554 2741 622 τῇ
2788 551 2899 622 ζωῇ
2954 567 3073 617 σου,
3115 551 3212 604 καὶ
3237 551 3360 604 τότε
3389 550 3577 622 γνώσῃ

1997 646 2228 717 ἡσυχίας
2255 644 2547 715 ὠφέλειαν.

2073 738 2140 809 ρ’.
2172 737 2342 790 Ὅταν
2406 736 2516 789 τῶν
2562 735 2723 789 θείων
2772 734 2868 788 καὶ
2931 733 3217 804 ἀχράντων
3265 735 3580 804 μυστηρίων

2000 828 2239 900 Χριστοῦ
2271 827 2367 881 τοῦ
2422 827 2559 879 Θεοῦ
2609 827 2703 880 καὶ
2736 825 2974 897 μεγάλου
3001 824 3264 894 βασιλέως
3296 824 3453 894 ἡμῶν
3484 840 3573 891 φο.

2004 919 2165 990 δεροῦ
2199 919 2445 991 φρικτῶς
2494 917 2821 988 ἀξιωθῶμεν
2851 918 2910 970 ὀί
2957 916 3189 982 ἀνάξιοι,
3223 916 3344 969 τότε
3382 914 3581 985 μᾶλλον

2004 1009 2103 1078 τὴν
2129 1009 2291 1077 νῆψιν
2346 1008 2441 1062 κα¹ι
2482 1009 2582 1078 τὴν
2640 1008 2870 1078 τήρησιν
2902 1006 2998 1060 τοῦ
3034 1007 3153 1070 νοὸς
3181 1005 3275 1059 καὶ
3301 1003 3584 1077 ἀκρίϐειαν

2005 1099 2428 1169 ἐπιδειξώμεθα,
2464 1099 2552 1173 ἵνα
2583 1097 2942 1169 καταναλώσῃ
2981 1097 3140 1169 ἡμῶν
3163 1097 3261 1160 τὰς
3288 1096 3583 1166 ἁμαρτίας,

2008 1194 2103 1245 καὶ
2124 1193 2193 1244 τὰ
2226 1190 2399 1262 μικρά
2435 1191 2529 1243 καὶ
2556 1189 2624 1242 τὰ
2678 1188 2890 1259 μεγάλα
2911 1188 3272 1259 ρυπάσματα,
3298 1186 3358 1239 τὸ
3392 1186 3504 1255 πῦρ
3528 1184 3590 1239 τὸ

2010 1282 2210 1346 θεῖκὸν,
2251 1283 2419 1351 ἤγουν
2446 1281 2508 1334 τὸ
2531 1282 2692 1351 σῶμα
2714 1280 2807 1333 τοῦ
2832 1279 3035 1349 Κυρίου
3062 1279 3219 1350 ἡμῶν
3251 1277 3423 1349 Ἰησοῦ
3454 1279 3586 1348 Χριο

2014 1373 2162 1426 στοῦ.
2203 1373 2315 1427 Καὶ
2368 1372 2478 1443 γάρ
2529 1374 2916 1444 εἰσερχόμενον
2973 1375 3031 1426 ὲν
3078 1376 3234 1443 ημῖν,
3263 1373 3332 1426 τὰ
3377 1372 3592 1440 πονηρὰ

2014 1460 2304 1530 πνεύματα
2331 1461 2431 1530 τῆς
2455 1460 2721 1531 πονηρίας
2757 1461 2920 1524 εὐθὺς
2968 1463 3033 1515 ἐκ
3073 1465 3173 1532 τῆς
3227 1460 3455 1532 καρδίας
3487 1462 3594 1514 άπ-

2013 1552 2251 1618 ελαύνει,
2280 1554 2375 1606 καὶ
2398 1554 2497 1616 τὰς
2540 1553 2817 1623 ἁμαρτίας
2856 1553 2956 1616 τὰς
3004 1553 3414 1624 προγενομένας
3458 1553 3593 1622 ἡμῖν

2017 1646 2309 1715 συγχωρεῖ,
2340 1643 2435 1697 καὶ
2462 1643 2941 1712 καταλιμπάνεται
2978 1644 3006 1697 ὁ
3038 1643 3164 1707 νοῦς
3211 1644 3381 1714 χωρὶς
3430 1642 3593 1713 όχλήο

2019 1752 2158 1789 σεων
2216 1732 2469 1804 πονηρῶν
2527 1732 2848 1804 λογισμῶνο
2912 1736 3008 1789 καὶ
3057 1734 3216 1806 εἴπερ
3252 1734 3387 1806 μετὰ
3421 1734 3595 1787 ταῦτα

2017 1824 2264 1895 ἀκριϐῶς
2301 1825 2392 1877 τὸν
2420 1825 2542 1877 νοῦν
2583 1828 2937 1896 τηρήσωμεν,
2982 1826 3075 1879 καὶ
3103 1827 3160 1879 ὲν
3197 1824 3340 1895 πύλῃ
3370 1824 3597 1895 καρδίας

2016 1917 2048 1986 ἠ
2059 1914 2176 1984 μῶν
2204 1913 2441 1985 στῶμεν,
2479 1915 2569 1968 ὅτε
2601 1915 2763 1968 πάλιν
2798 1916 3248 1985 καταξιωθῶμεν,
3278 1916 3476 1986 μᾶλλον
3515 1915 3597 1968 ἔτι

2017 2010 2113 2063 καὶ
2145 2011 2347 2081 μᾶλλον
2380 2010 2697 2083 λαμπρύνει
2732 2013 2823 2065 τὸν
2852 2013 2998 2079 νοῦν,
3032 2013 3127 2067 καὶ
3153 2012 3468 2083 ἀστεροειδῆ
3500 2011 3602 2064 c.6-

2017 2100 2110 2154 τὸν
2128 2101 2189 2154 τὸ
2224 2101 2367 2154 θετον
2397 2100 2558 2173 σῶμα
2587 2102 2989 2175 ἀπεργάζεται.
3360 2092 3361 2095 η

2429 2237 2747 2290 ΔΕΥΤΕΡΑ
2778 2237 3219 2292 ΕΚΑΤΟΝΤΛΣ.

2093 2358 2159 2405 α’.
2200 2350 2355 2423 Λήθη
2402 2351 2682 2406 σϐεννύειν
2747 2346 2856 2404 οἶδε
2905 2350 3025 2413 νοὸς
3074 2348 3360 2418 φυλακὴν,
3414 2348 3603 2419 ῶσπερ

2026 2440 2280 2497 σϐέννυσι
2337 2442 2450 2514 πῦρ
2514 2442 2698 2514 ὕδωρ*
2766 2442 2997 2514 συνεχὴς
3031 2441 3086 2494 δὲ
3132 2441 3308 2510 Ἰησοῦ
3348 2440 3479 2511 εὐχὴ
3522 2443 3606 2503 είς

2022 2531 2178 2596 τέλος
2241 2532 2414 2605 αὐτὴν
2477 2534 2758 2605 ὲκδαπανᾷ
2804 2534 2905 2604 τῆς
2942 2534 3171 2603 καρδίας
3204 2532 3340 2600 μετὰ
3392 2532 3605 2602 νήψεως

2028 2625 2291 2679 συντόνου
2320 2642 2334 2658 ·
2361 2626 2555 2698 χρῄζει
2613 2625 2723 2696 γὰρ
2756 2628 2788 2696 ἡ
2833 2624 2971 2695 εὐχὴ
3001 2625 3101 2695 τῆς
3139 2622 3377 2694 νήψεως,
3415 2621 3607 2692 ὥσπερ
3634 2692 3643 2697 1

2025 2715 2338 2787 λαμπάδιον
2366 2717 2545 2786 φωτὸς
2574 2716 2792 2787 λύχνου.

2103 2912 2170 2985 β’.
2199 2914 2391 2969 Πονεῖν
2450 2913 2530 2967 δεῖ
2555 2912 2651 2966 ἐπὶ
2695 2914 2761 2983 τῇ
2799 2910 3013 2983 φυλακῇ
3053 2910 3162 2964 τῶν
3184 2908 3381 2980 τιμίων
3407 2926 3420 2940 ο
3452 2910 3609 2979 τίμια

2030 3006 2087 3060 δὲ
2149 3006 2225 3068 ὡς
2277 3003 2515 3075 άληθῶς,
2545 3002 2615 3056 τὰ
2651 3002 2993 3072 φυλάσσοντα
3027 2999 3175 3072 ἡμᾶς
3212 3002 3392 3071 πάσης
3413 2998 3612 3063 κακίας

2034 3095 2299 3166 αἰσθητῆς
2326 3112 2384 3148 τε
2420 3094 2517 3149 καὶ
2546 3094 2765 3164 νοητῆς.
2796 3093 2982 3147 Ταῦτα
3010 3094 3066 3147 δέ
3101 3095 3206 3146 εἰσι
3239 3092 3453 3162 φυλακὴ
3491 3092 3612 3155 νοὸς

2032 3192 2128 3247 σὺν
2181 3187 2360 3256 Ἰησοῦ
2412 3183 2657 3257 Χριστοῦ
2697 3184 3009 3254 ἐπικλήσει,
3061 3183 3277 3254 βλέπειν
3310 3200 3370 3236 τε
3401 3182 3487 3236 ἀεὶ
3532 3186 3613 3244 εἰς

2028 3279 2089 3332 τὸ
2147 3276 2312 3349 βάθος
2357 3276 2457 3345 τῆς
2523 3275 2785 3348 καρδίας,
2811 3275 2904 3328 καὶ
2939 3274 3235 3343 ἡσυχάζειν
3275 3274 3515 3336 άεννάως
3544 3273 3610 3342 τῇ

2029 3371 2260 3441 διανοίᾳ,
2297 3369 2363 3423 ἵν’
2388 3367 2564 3432 οὕτως
2595 3369 2756 3434 εἴπω,
2792 3369 2887 3420 καὶ
2910 3370 2975 3420 ἐκ
3003 3366 3111 3420 τῶν
3141 3365 3441 3420 δοκούντων
3463 3366 3613 3431 λογι-

2033 3464 2185 3534 σμῶν
2215 3460 2591 3533 εὑρίσκεσθαι,
2638 3461 2725 3512 ἵνα
2763 3459 2840 3530 μὴ
2898 3458 3238 3513 λανθάνωσιν
3269 3459 3318 3510 οί
3342 3457 3610 3511 κλέπταιυ

2031 3556 2125 3610 καὶ
2153 3555 2202 3607 εί
2245 3554 2340 3607 καὶ
2372 3550 2643 3622 πονοῦμεν
2672 3554 2739 3623 τῇ
2787 3550 2983 3621 καρδίᾳ
3020 3550 3456 3621 παραμένοντες,
3497 3551 3613 3604 ἀλλ’

2033 3648 2202 3717 ἐγγὺς
2231 3647 2265 3718 ἡ
2293 3643 2664 3717 παράκλησις.

2103 3918 2174 3981 γ’.
2207 3910 2430 3980 Πέφυκε
2451 3902 2617 3981 γὰρὴ
2653 3907 2849 3978 καρδία
2881 3905 3246 3971 ἀδιαλείπτως
3274 3904 3616 3978 τηρουμένη,

2034 4005 2133 4059 καὶ
2165 4001 2614 4074 συγχωρουμένη,
2652 4000 2753 4063 τάς
2791 3999 3027 4071 μορφάς,
3093 3998 3192 4074 καὶ
3240 3998 3341 4061 τὰς
3379 3999 3614 4061 εἰκόνας,

2035 4094 2131 4149 καὶ
2158 4072 2598 4162 τὰςήφαντασίας
2624 4090 2879 4161 δέχεσθαι
2916 4089 3026 4144 τῶν
3066 4072 3362 4143 σκοτεινῶν
3391 4091 3487 4143 καὶ
3514 4105 3617 4143 πο-

2034 4183 2221 4256 νηρῶν
2247 4182 2600 4253 πνευμάτων,
2622 4181 2923 4252 λογισμοὺς
2953 4181 3288 4250 φεγγοειδσῖς
3313 4179 3375 4244 ἑξ
3407 4179 3616 4233 ἑαυτῶν

2034 4276 2307 4329 κυΐσκειν.
2346 4274 2564 4344 Ὠσπερ
2590 4271 2700 4342 γὰρ
2728 4272 2954 4342 κάρῦων
2990 4273 3157 4343 γεννᾷ
3205 4270 3401 4342 φλόγα,
3437 4270 3616 4342 πολλῷ

353 4361 608 4417 habitans
630 4360 686 4416 in
719 4361 905 4427 corde,
940 4376 1009 4417 ex
1040 4371 1232 4418 sancto
1262 4363 1613 4434 baptismate,
1669 4365 1718 4419 si
1772 4380 1923 4437 repe-

2039 4366 2242 4437 μᾶλλον
2266 4367 2296 4419 ὁ
2324 4363 2551 4419 ένοικῶν
2580 4362 2645 4436 τῇ
2690 4363 2888 4434 καρδίᾳ
2914 4362 3049 4427 Θεὸς
3076 4362 3184 4417 ἀπὸ
3201 4361 3297 4416 τοῦ
3324 4362 3480 4430 ἁγίου
3516 4360 3615 4431 βα-

353 4452 460 4507 riat
481 4467 667 4507 aerem
689 4451 1001 4508 intellectus
1017 4453 1190 4508 nostri
1215 4470 1413 4524 purum
1439 4471 1467 4509 a
1495 4454 1785 4526 spiritibus
1826 4472 1930 4512 ne-

352 4542 559 4610 quitiae,
601 4544 702 4598 sub
724 4543 973 4598 custodia
1003 4544 1204 4599 mentis
1226 4555 1589 4606 asservatum.
1661 4548 1932 4604 accendet

354 4629 743 4685 intellectivam
782 4632 951 4687 animi
986 4632 1159 4687 nostri
1211 4633 1529 4689 facultatem
1589 4636 1658 4692 ad
1688 4646 1933 4692 contem-

352 4719 672 4789 plationem,
704 4720 933 4788 perinde
955 4732 1018 4775 ut
1050 4721 1265 4776 ﬂamma
1297 4740 1505 4778 ceram.

425 4807 480 4863 4.
510 4804 976 4872 Quemadmodum
1001 4810 1321 4865 imminente
1362 4812 1543 4881 pluvia
1568 4812 1746 4884 fulgur
1776 4814 1933 4868 volu-

355 4912 502 4959 tatur
543 4901 600 4957 in
663 4916 793 4956 aere
842 4900 1170 4956 ﬁrmamenti
1203 4921 1215 4955 :
1257 4903 1327 4957 ita
1347 4920 1576 4960 necesse
1614 4916 1699 4962 est
1728 4923 1933 4962 nomen

351 4993 482 5050 Jesu
512 4993 715 5049 Christi
752 4999 1020 5063 perpetuo
1047 4995 1251 5049 versari
1288 4996 1341 5049 in
1377 5012 1503 5052 area
1535 4999 1716 5054 cordis
1735 4999 1930 5055 nostri.

353 5084 508 5150 Quod
540 5092 728 5138 exacte
762 5093 986 5151 norunt,
1004 5085 1095 5154 qui
1129 5086 1330 5140 mentis
1359 5096 1414 5141 et
1445 5088 1647 5143 interni
1672 5089 1800 5144 belli
1835 5106 1933 5159 pe-

354 5174 585 5230 riculum
616 5174 886 5230 fecerunt.
912 5175 1003 5231 Sic
1042 5176 1244 5231 bellum
1268 5175 1639 5235 intellectuale
1668 5170 1933 5251 gerimus,

354 5271 414 5316 ut
446 5262 501 5316 in
528 5262 665 5317 acie.
688 5263 954 5329 Primum,
976 5266 1279 5320 attentione
1309 5266 1518 5322 utimur
1545 5285 1558 5321 :
1596 5269 1818 5333 deinde,
1840 5269 1935 5324 ubi

355 5352 570 5405 hostem
633 5351 962 5422 cOgitatione
992 5354 1158 5409 ferire
1197 5356 1473 5422 novimus,
1508 5357 1687 5427 ipsum
1753 5358 1936 5414 verbis

355 5440 753 5495 maledictionis
788 5441 841 5494 in
870 5445 1053 5497 animo
1112 5431 1372 5499 iracunde
1418 5447 1712 5513 cedimus;
1775 5449 1936 5504 tertio

357 5540 481 5579 mox
531 5528 749 5609 ordine,
804 5545 899 5585 cor
947 5525 1401 5603 contorquentes,
1467 5538 1721 5592 invocato
1802 5539 1935 5593 Jesu

356 5611 597 5677 Christo,
623 5614 986 5682 imprecamur
1018 5623 1089 5691 ei,
1126 5631 1186 5677 ut
1216 5625 1618 5694 quamprimum
1667 5627 1935 5685 dissolva-

2032 4456 2362 4527 πτίσματος,
2421 4455 2583 4525 είπερ
2633 4454 2881 4524 εὑρίσκει
2938 4452 3029 4507 τὸν
3068 4454 3207 4523 ἀέρα
3248 4454 3347 4523 τῆς
3374 4451 3617 4514 διανοίας

2032 4548 2189 4620 ἡμῶν
2214 4546 2455 4617 καθαρὸν
2504 4546 2723 4616 ἀνέμων
2765 4545 3034 4615 πονηρίας
3058 4560 3072 4576 ·
3116 4544 3209 4598 καὶ
3236 4545 3341 4598 ὑπὸ
3371 4544 3615 4614 φυλακῆς

2033 4640 2154 4704 νοὸς
2181 4637 2542 4710 τηρούμενον,
2582 4638 2816 4692 ἀνάπτει
2840 4638 2901 4692 τὸ
2922 4637 3264 4709 διανοητικὸν
3295 4638 3457 4708 ἡμῶν
3480 4636 3616 4706 πρὸς

2036 4726 2297 4799 θεωρίαν,
2328 4727 2405 4790 ὡς
2438 4726 2572 4796 φλὸξ
2610 4727 2800 4796 κηρόν.

2104 4819 2168 4873 δ’.
2200 4820 2294 4871 Δεῖ
2351 4819 2460 4889 γὰρ
2502 4820 2589 4872 ἀεὶ
2642 4820 2896 4889 στρέφειν
2952 4819 3010 4872 ὲν
3052 4819 3342 4890 χωρήματι
3390 4818 3615 4889 καρδίας

2036 4908 2194 4979 ἡμῶν
2241 4908 2418 4979 Ἰησοῦ
2449 4909 2690 4980 Χριστοῦ
2753 4910 2948 4980 δνομα,
2977 4910 3171 4980 ῶσπερ
3211 4911 3307 4963 καὶ
3329 4909 3618 4979 ἀστραπὴν

2038 4998 2366 5070 στρέφεσθαι
2397 5000 2455 5052 ἐν
2498 4999 2622 5069 ἀέρι
2666 4998 2763 5052 τοῦ
2797 4999 3182 5071 στερεώματος
3214 4998 3370 5052 ὑετοῦ
3396 4996 3618 5068 μέλλον-

2035 5106 2146 5151 τος.
2173 5089 2283 5141 Καὶ
2307 5086 2418 5158 γὰρ
2445 5088 2603 5142 τοῦτο
2628 5089 2809 5142 ἴσασιν
2841 5089 3086 5160 ἀκριϐῶς
3115 5092 3163 5143 οἱ
3186 5092 3380 5158 πεῖραν
3410 5088 3506 5142 τοῦ
3524 5084 3617 5140 νοῦ

2038 5178 2253 5247 ἔχοντες
2299 5180 2394 5232 καὶ
2438 5179 2530 5233 τοῦ
2588 5179 2737 5234 ἔνδον
2788 5181 3048 5251 πολέμου,
3100 5181 3174 5244 ὡς
3197 5182 3290 5234 καὶ
3331 5182 3390 5233 ὲν
3419 5179 3571 5244 τάξει
3599 5192 3615 5208 ⁰

2037 5266 2178 5321 οὕτω
2221 5268 2313 5321 τὸν
2372 5270 2563 5342 νοητὸν
2616 5270 2854 5342 πόλεμον
2914 5273 3346 5343 στρατηγῶμεν’
3401 5270 3620 5340 πρῶτον

2039 5363 2318 5432 προσοχῇ·
2375 5359 2497 5415 εἶτα
2535 5363 2627 5416 τὸν
2669 5364 2864 5435 ἐχθρὸν
2906 5364 3153 5435 λογισμῷ
3176 5362 3395 5431 γνόντος
3436 5377 3611 5434 παρα-

2038 5450 2295 5516 ϐαλόντα,
2319 5453 2501 5522 λόγοις
2534 5454 2783 5526 κατάρας
2804 5456 2860 5509 ὲν
2881 5456 3079 5529 καρδίᾳ
3109 5457 3228 5527 μετ’
3265 5455 3438 5526 όργῆς
3459 5453 3623 5508 αὐτὸν

2040 5542 2311 5613 βάλλομεν
2338 5544 2496 5616 τρίτη
2527 5547 2682 5611 τάξις
2738 5547 2924 5613 εὐθὺς,
2956 5548 3325 5613 κατεύξασθαι
3353 5548 3476 5602 κατ’
3519 5548 3623 5602 αὖ·

2037 5632 2156 5701 τοῦ,
2192 5636 2601 5706 συστρέφοντας
2631 5638 2729 5711 τὴν
2760 5639 2987 5710 καρδίαν
3016 5645 3081 5713 τῇ
3116 5642 3403 5714 ἐπικλήσει
3446 5640 3623 5713 Ἰησοῦ
