3968 6220
350 282 492 350 1513

1059 283 1158 344 DE
1195 282 1739 345 TEMPERANTIA
1777 284 1875 354 ΕΤ
1915 285 2271 347 VIRTUTE.
2311 313 2379 323 —
2403 286 2808 350 :CENTURIA
2848 289 2932 352 II.

3465 292 3605 360 1514

347 396 610 472 Χριστοῦ,
637 397 706 452 ἶν’
730 394 937 461 εὐθέως
966 394 1245 468 καταλυθῇ
1279 395 1340 449 τὸ
1363 395 1642 466 δαιμόνιον
1672 393 1919 465 ἰνδαλμα,

2031 404 2122 450 tur
2148 395 2351 468 eﬂigies
2372 396 2638 454 daemonis
2669 414 2685 451 :
2724 413 2795 453 ne
2827 405 2986 455 mens
3035 409 3279 458 sectetur
3338 406 3605 481 imagina~

348 491 443 547 τοῦ
486 491 563 564 μὴ
627 487 1056 558 ἐξαωλουθῆσαι
1098 489 1163 559 τῇ
1208 488 1482 558 φαντασίᾳ
1521 487 1614 540 τὸν
1668 485 1811 551 νοῦν,
1849 486 1925 551 ὡς

350 583 545 654 νήπιον
570 581 675 635 ὑπὸ
701 580 1171 650 φαντασιεσκόπου
1195 580 1339 643 τινὸς
1370 579 1743 650 πλανώμενον.

421 681 486 728 ε’.
511 673 885 744 Κοπιάσωμεν
913 671 988 737 ὡς
1025 673 1055 728 6
1081 671 1267 736 Δαϐὶδ,
1300 670 1596 740 κράζοντες
1627 671 1710 739 τὸ,
1751 672 1924 744 Ἰησοῦ

347 763 574 836 Χριστέ,
618 763 695 842 μὴ
755 763 1152 836 βραγχιασάτω
1195 762 1354 832 ἡμῶν
1379 762 1410 815 6
1454 761 1686 834 λάρυγξ,
1725 763 1926 835 καὶμὴ

349 855 644 910 ἐκλίπωσιν
679 856 730 908 oi
763 855 944 927 νοητοὶ
993 854 1153 925 ⁴ἡμῶν
1189 853 1461 926 ὀφθαλμοὶ
1493 855 1602 910 ἀπὺ
1642 855 1738 910 τοῦ
1775 857 1927 912 ἐλπί-

349 945 464 1013 ζειν
495 950 646 1021 ἡμᾶς
698 949 792 1004 ἐπὶ
839 947 1046 1020 Κύριον
1101 949 1194 1004 τὸν
1246 948 1377 1002 Θεὸν
1406 949 1587 1023 ήμῶν,
1618 950 1721 1022 τῆς
1745 968 1927 1024 παρα-

349 1041 512 1113 ϐολῆς
545 1041 631 1095 ἀεὶ
667 1040 1009 1112 μεμνημένοι
1055 1039 1150 1093 τοῦ
1205 1039 1396 1112 κριτοῦ
1443 1041 1545 1113 τῆς
1600 1042 1837 1107 ἀδικίας,
1859 1045 1926 1115 ἢν

350 1130 506 1186 εἶπεν
544 1134 573 1186 6
601 1131 829 1204 Κύριος,
859 1130 993 1203 πρὸς
1017 1131 1079 1184 τὸ
1118 1131 1230 1187 δεῖν
1276 1133 1424 1203 ἡμᾶς
1467 1132 1701 1189 πάντοτε
1754 1150 1925 1206 προσ-

277 1221 295 1233 ⁸
347 1223 626 1298 εύχεσθαι,
656 1226 751 1278 καὶ
783 1223 859 1296 μὴ
891 1224 1172 1292 inquit},
1199 1224 1299 1278 καὶ
1327 1225 1387 1278 τὸ
1411 1225 1597 1297 κέρδος
1614 1226 1925 1298 εὑρήσομεν

351 1320 446 1376 καὶ
468 1321 569 1390 τὴν
595 1318 901 1387 ἐκδίκησιν.

418 1411 493 1476 ς’.
524 1411 738 1481 Ὠσπερ
798 1410 826 1462 6
881 1407 962 1479 τῷ
1007 1407 1146 1479 ἡλίῳ
1204 1406 1491 1473 ἀτενίζων,
1537 1407 1802 1462 ἀδύνατον
1848 1406 1924 1479 μὴ

346 1499 618 1563 πλουσίως
666 1497 768 1562 τὰς
830 1496 983 1566 ὄψεις
1036 1495 1512 1566 καταυγάζεσθαισ
1569 1495 1746 1561 οὕτως
1775 1496 1803 1548 6
1837 1496 1926 1551 ἀεὶ

344 1591 638 1661 ἐγκύπτων
689 1592 770 1654 είς
819 1589 958 1659 ἀέρα
1016 1589 1247 1661 καρδίας
1276 1585 1554 1656 αὐτοῦ,οὐ
1593 1587 1820 1643 δυνατὸν
1847 1587 1924 1660 μὴ

345 1683 699 1754 φωτίζεσθαι.

2029 487 2256 554 tionem,
2287 503 2440 544 more
2469 488 2648 560 pueri,
2681 490 2776 560 qui
2807 492 3089 572 seducitur
3117 493 3187 550 ab
3217 494 3441 556 illnsore
3465 516 3606 572 quo-

2026 577 2192 649 piam.
3039 571 3044 575 ’

2098 673 2152 727 5.
2175 673 2552 740 Elaboremus,
2587 675 2806 732 Davidis
2841 676 2899 731 in
2937 693 3148 737 rnorem
3206 682 3600 751 vociferantes.

2026 764 2156 820 Jesu
2179 764 2418 830 Christe,
2450 782 2521 822 ne
2546 767 2925 826 irraucescant
2952 771 3142 829 fauces
3179 784 3386 832 nostra:
3424 793 3604 834 :nevu

2026 857 2284 914 deﬁciant
2311 859 2708 917 intellectuales
2733 863 2878 919 oculi
2916 865 3095 921 nostri
3123 866 3192 934 ’⁸,
3232 866 3367 924 dum
3413 885 3602 941 spera-

2025 963 2148 1004 mus
2187 949 2242 1004 in
2275 949 2509 1008 Domino
2535 951 2648 1008 Deo
2669 964 2901 1010 nostro:
2965 969 3241 1015 memores
3269 975 3491 1032 semper
3514 961 3604 1018 di-

2026 1048 2127 1095 cta:
2155 1057 2185 1094 a
2214 1039 2447 1100 Domino
2474 1043 2773 1114 parabolae,
2811 1046 2881 1102 de
2903 1047 3092 1118 judice
3120 1048 3604 1124 iniquitatiszquae

2026 1126 2226 1195 innuit,
2255 1146 2475 1204 semper
2495 1149 2596 1190 nos
2621 1136 2833 1205 precari
2861 1137 3086 1205 debere,
3132 1148 3189 1195 et
3219 1155 3330 1197 non
3358 1141 3600 1216 fatigari,

2025 1220 2238 1278 lucrum
2265 1223 2393 1279 inde
2419 1236 2837 1294 consecuturos,
2863 1237 2921 1284 et
2947 1228 3268 1288 vindictam.

2096 1399 2150 1452 6.
2205 1398 2276 1456 Ut
2297 1399 2394 1470 qui
2413 1399 2642 1456 intentis
2667 1401 2840 1457 oculis
2862 1403 3034 1458 solem
3072 1403 3347 1470 intuetur,
3372 1420 3487 1462 non
3508 1421 3603 1476 po-

2026 1497 2133 1546 test
2161 1489 2341 1546 visum
2370 1490 2588 1546 abunde
2627 1491 2963 1548 illustratum
2983 1509 3097 1549 non
3126 1495 3330 1551 habere
3362 1512 3380 1549 ι
3413 1495 3488 1551 ita
3504 1501 3599 1567 qui

2025 1596 2244 1652 semper
2268 1583 2536 1639 incumbit
2567 1583 2622 1639 in
2650 1599 2838 1640 aerem
2877 1585 3058 1641 cordis
3097 1587 3205 1654 sui,
3257 1601 3372 1643 non
3419 1598 3602 1658 potest

2025 1688 2136 1728 non
2162 1673 2438 1730 illustrari.

417 1776 486 1841 ζ’.
538 1777 626 1841 Ὠς
681 1775 968 1840 ἀδύνατον,
1023 1772 1122 1847 τὴν
1165 1773 1451 1846 παροῦσαν
1486 1771 1634 1844 ζωὴν
1663 1772 1766 1845 ζῇν
1790 1773 1919 1828 ἄνευ

2097 1767 2149 1820 7.
2198 1763 2670 1832 Quemadmodum
2715 1769 2923 1840 absque
2974 1770 3100 1826 cibo
3139 1778 3383 1841 potaque
3427 1771 3596 1826 vitam

342 1864 438 1920 τοῦ
477 1865 681 1920 ἐσθίειν
711 1866 808 1920 καὶ
846 1865 1045 1930 πίνειν,
1073 1863 1247 1927 οὕτως
1276 1863 1536 1919 ἀδύνατον
1559 1865 1730 1935 χωρὶς
1759 1864 1923 1933 ιρυλα⁸

343 1955 450 2029 κῆς
471 1957 592 2022 νοὸς
615 1957 710 2012 καὶ
739 1956 1109 2029 καθαρότητος
1124 1954 1374 2027 καρδίας,
1396 1955 1425 2009 6
1444 1955 1559 2008 ἐστι
1583 1955 1680 2009 καὶ
1704 1954 1922 2025 λέγεται

343 2050 530 2122 νῆψις,
562 2050 642 2114 εἷς
669 2067 722 2103 τι
752 2049 1129 2120 πνευματικὸν
1165 2049 1262 2103 καὶ
1299 2047 1537 2118 ἀρέσκον
1568 2047 1688 2118 Θεῷ
1711 2048 1921 2116 φθάσαι

341 2143 443 2212 τὴν
463 2141 661 2213 ψυχὴν,
691 2140 726 2211 ἢ
752 2138 1188 2212 ἐλευθερωθῖψαι
1209 2138 1307 2208 τῆς
1319 2138 1460 2193 κατά
1480 2137 1718 2193 διάνοιαν
1742 2139 1923 2211 ἁμαρ-

344 2233 484 2296 τίας,
535 2234 584 2285 εί
637 2233 734 2286 καὶ
782 2230 1028 2302 βιάζεταί
1057 2247 1141 2295 τις
1171 2229 1362 2286 ἐαυτὸν
1385 2228 1474 2284 διὰ
1502 2229 1594 2283 τὸν
1619 2228 1789 2300 ιρόόον
1813 2230 1922 2286 τῶν

237 2323 240 2326 ’
347 2320 625 2374 κολάσεων
657 2320 734 2392 μὴ
757 2319 1114 2391 ἁμαρτάνειν.

415 2410 486 2484 η’.
518 2413 663 2483 Πλὴν
684 2413 782 2466 καὶ
827 2414 877 2466 οί
906 2414 1010 2482 τῆς
1056 2413 1175 2466 κατ’
1213 2410 1495 2484 ἐνέργειαν
1525 2413 1802 2486 ἁμαρτίας
1830 2414 1923 2488 βία

344 2506 453 2558 τινὶ
485 2504 841 2576 ἀπεχόμενοι,
877 2505 1142 2576 μακάριοι
1169 2504 1322 2576 παρά
1361 2522 1421 2558 τε
1443 2505 1521 2576 τῷ
1550 2505 1669 2577 Θεῷ
1696 2509 1793 2561 καὶ
1820 2509 1923 2577 άγ-

345 2597 552 2666 γέλοις,
601 2597 694 2650 καὶ
756 2593 1090 2667 ἀνθρώποις,
1145 2596 1228 2650 ὅτι
1269 2594 1487 2666 βιασταὶ
1515 2597 1613 2668 τῆς
1644 2597 1924 2668 βασιλείας

344 2688 453 2743 τῶν
481 2687 731 2759 οὐρανῶν
756 2687 1125 2759 εὑρίσκονται.

417 2779 482 2836 θ’.
514 2777 690 2834 Τοῦτο
735 2777 1050 2850 θαυμαστὸν
1099 2777 1198 2848 τῆς
1238 2777 1509 2848 ὠφελείας
1560 2777 1659 2849 τῆς
1690 2778 1785 2833 τοῦ
1826 2777 1922 2836 νοῦ

345 2874 599 2946 ἡσυχίας,
626 2873 710 2927 ὅτι
739 2871 914 2927 πάντα
941 2871 1009 2925 τὰ
1053 2871 1427 2942 ἁμαρτήματα
1467 2871 1609 2927 κατά
1632 2871 1758 2927 νοῦν
1784 2873 1923 2945 πρό-

343 2983 500 3036 τερον
529 2963 818 3038 κρούονται
849 2966 909 3016 ἐν
937 2963 1221 3033 λογισμοῖς
1262 2960 1420 3034 μόνον
1445 2979 1459 2993 ο
1491 2962 1632 3018 ὥστε
1653 2966 1702 3018 εί
1741 2982 1919 3037 παρα-

2021 1857 2166 1912 hanc
2196 1858 2384 1914 vivere
2405 1874 2517 1914 non
2557 1875 2893 1930 possumus:
2925 1861 3020 1927 ita,
3049 1862 3094 1918 si
3149 1862 3291 1918 desit
3342 1863 3597 1923 custodia

2019 1949 2241 2010 mentis,
2287 1957 2343 2004 et
2399 1949 2607 2020 puritas
2635 1938 2839 2018 cordis,
2885 1967 3007 2022 quae
3045 1960 3207 2008 estet
3234 1953 3604 2010 dicituntelm

2021 2043 2292 2111 perantia,
2323 2057 2435 2097 non
2466 2050 2650 2113 potest
2673 2043 2743 2098 ad
2777 2058 2894 2098 rem
2951 2043 3116 2098 ullam
3144 2045 3331 2100 anima
3345 2045 3608 2115 -:sp'irita1

2021 2134 2129 2190 lem
2187 2141 2245 2189 et
2271 2133 2384 2189 Deo
2426 2143 2633 2205 gratam
2675 2135 2985 2205 pervenire,
3033 2145 3128 2191 aut
3155 2136 3322 2191 animi
3345 2145 3604 2206 ipsecausa

2021 2223 2241 2280 liberari
2276 2243 2290 2279 :
2325 2226 2542 2283 etiamsi
2573 2236 2723 2282 metu
2754 2242 3044 2298 poenarum
3078 2227 3186 2284 sibi
3214 2228 3595 2300 vin-aptium-

2020 2315 2183 2382 ferat,
2209 2318 2277 2372 ad
2307 2319 2588 2374 vitandum
2611 2329 2918 2390 peccatum.

2092 2410 2146 2464 8.
2170 2409 2556 2466 Verumtamen
2585 2421 2642 2467 et
2695 2413 2788 2482 qui
2833 2413 2890 2467 vi
2941 2413 3174 2484 quadam
3229 2414 3504 2471 abstinent
3566 2432 3593 2472 a

2021 2501 2390 2570 perpetrando
2420 2513 2669 2572 peccato,
2698 2504 2844 2559 beati
2902 2516 3202 2562 censentur
3221 2508 3365 2576 apud
3396 2508 3593 2566 Deum.

2021 2593 2264 2662 angelos,
2288 2603 2345 2649 et
2373 2595 2622 2651 homines
2659 2615 2674 2652 :
2720 2598 2854 2668 quia
2899 2598 3146 2666 violenti,
3180 2597 3428 2671 raptores
3473 2596 3597 2656 e‘sse

2021 2685 2175 2755 regni
2200 2685 2465 2741 caelorum
2487 2687 2865 2744 inveniuntur.

2092 2773 2316 2830 9.1nter
2347 2780 2632 2832 commoda
2653 2794 2773 2848 qua:
2797 2778 3112 2856 referuntur
3162 2796 3235 2836 ex
3282 2783 3596 2853 tranquilli-

2020 2873 2134 2922 tate
2188 2869 2381 2932 animi,
2424 2870 2528 2925 hoc
2578 2870 2778 2926 mirum
2805 2880 2910 2938 est,
2968 2873 3115 2942 quod
3163 2873 3345 2928 omnia
3369 2885 3593 2944 peccata

2019 2957 2172 3028 prius
2201 2961 2622 3031 cogitationibus
2669 2963 2937 3018 duntaxat
2975 2964 3196 3034 pulsant
3239 2966 3486 3021 animum
3522 2984 3592 3022 :a

343 3053 575 3124 δεχθῶσι
621 3053 773 3124 παρά
827 3053 928 3123 τῆς
961 3053 1221 3116 διανοίας,
1276 3052 1532 3120 γενέσθαι
1572 3055 1919 3126 αἰσθητὰκαὶ

2028 3064 2133 3118 quo
2162 3050 2208 3104 si
2233 3051 2586 3121 recipiantur,
2623 3053 2848 3108 sensilia
2889 3053 3029 3108 ﬁunt
3077 3063 3134 3110 et
3155 3070 3363 3112 crassa.
3408 3055 3595 3113 Virtus

344 3119 542 3220 παχέα.
592 3119 993 3219 Ἀμαρτήματα
1060 3149 1237 3202 πάντα
1280 3119 1538 3201 ἐκκόπτει
1571 3149 1605 3220 ὴ
1635 3119 1915 3222 πρακτικὴ

2028 3149 2205 3196 autem
2235 3119 2501 3213 operandi
2535 3144 2798 3208 studiosa,
2841 3155 3205 3215 promovente
3237 3156 3294 3202 et
3314 3151 3593 3218 epe‘m’t’e-

343 3240 515 3313 ἀρετὴ
535 3241 592 3293 ἐν
621 3239 698 3311 τῷ
727 3239 834 3292 ἔσω
864 3238 1018 3309 ἡμῶν
1061 3237 1353 3309 ἀνθρώπῳ,
1415 3239 1490 3310 μὴ
1540 3239 1688 3294 ἐῶσα
1740 3242 1914 3296 ταῦτα

341 3334 422 3396 είς
443 3331 582 3404 ἔργα
604 3331 834 3404 ἀχθῆναι
869 3348 1005 3399 now;
1016 3331 1103 3400 ρὰ,
1135 3333 1200 3400 τῇ
1233 3333 1376 3403 ῥοπῇ
1395 3332 1491 3384 καὶ
1516 3331 1794 3403 ἀντιλήψει
1818 3331 1914 3387 τοῦ

341 3423 547 3496 Κυρίου
584 3423 739 3494 ἡμῶν
777 3424 950 3494 Ἰησοῦ
972 3421 1228 3494 Χριστοῦ.

412 3521 468 3572 ι’.
502 3516 681 3570 Είκὼν
715 3517 812 3586 τῆς
847 3514 1118 3584 ἐξω-,τέρας
1143 3514 1236 3566 καὶ
1265 3513 1529 3584 αἰσθητῆς
1561 3514 1656 3568 καὶ
1681 3530 1918 3583 σωματι-

341 3605 444 3674 κῆς
499 3605 820 3674 ἀσκήσεως,
858 3605 892 3672 ἠ
937 3602 1154 3656 Παλαιὰ
1198 3602 1476 3672 Διαθήκηο
1539 3603 1601 3656 τὸ
1659 3601 1717 3655 δέ
1761 3601 1917 3671 ἅγιον

342 3695 696 3763 Εὐαγγὲλιον,
721 3696 748 3747 6
777 3695 924 3746 ἐστιν
944 3694 978 3763 ἡ
1013 3693 1192 3764 Καινὴ
1217 3732 1231 3756 ,
1255 3693 1420 3745 εἰκὼν
1477 3693 1574 3762 τῆς
1621 3695 1914 3766 προσοχῆς,

343 3789 510 3858 ἤγουν
529 3785 627 3856 τῆς
661 3785 1032 3854 καθαρότητος
1058 3785 1160 3853 τῆς
1191 3785 1438 3856 καρδίας.
1484 3785 1594 3838 Καὶ
1655 3785 1846 3859 ὥσπερ
1881 3788 1916 3857 ἠ

342 3878 555 3934 Παλαιὰ
584 3877 684 3931 οὐκ
733 3876 994 3943 ἐτελείου,
1055 3875 1180 3930 οὔτε
1229 3876 1601 3948 ἐπληροφόρει
1667 3877 1760 3931 τὸν
1805 3876 1918 3933 ἔσω

341 3969 626 4041 ἄνθρωπον
651 3971 730 4032 εἰς
753 3968 1062 4023 θεοσέϐειαν
1091 3969 1329 4038 (Οὐδένα
1351 3969 1486 4037 γάρ,
1517 3970 1680 4041 φησὶν
1696 3971 1728 4025 6
1756 3971 1917 4024 Ἀπό-

344 4061 549 4127 στολος,
581 4063 764 4130 νόμος
789 4061 1148 4132 ἐτελείωσε),
1191 4061 1326 4130 μόνα
1357 4061 1413 4114 δὲ
1441 4061 1508 4116 τὰ
1541 4063 1720 4134 παχέα
1743 4064 1917 4135 ἀμαρ-

341 4154 560 4225 τήματα
606 4152 866 4208 διεκώλυε
893 4153 1011 4224 (τοῦ
1035 4154 1143 4224 γὰρ
1174 4153 1415 4208 κωλῦσαι
1447 4155 1521 4226 μὴ
1549 4155 1801 4210 ἐκϐαλεῖν
1825 4156 1915 4211 τὸν

338 4243 617 4314 ὀφθαλμὸν
657 4248 750 4299 καὶ
779 4245 967 4299 ὀδόντα
1011 4243 1105 4298 τοῦ
1135 4245 1384 4315 πλησίον,
1413 4249 1473 4298 τὸ
1497 4248 1590 4300 καὶ
1615 4249 1742 4311 τοὺς
1767 4248 1916 4316 λογιε-

342 4337 513 4408 σμοὺς
535 4337 642 4391 ἀπὸ
654 4337 880 4410 καρδίας
896 4337 1148 4408 ἐκκόψαι,
1171 4338 1310 4408 ὅπερ
1331 4339 1447 4391 ἐστὶ
1469 4337 1561 4392 τοῦ
1579 4338 1913 4409 Εὐαγγελίου

339 4427 636 4499 διάταγμα,
665 4431 760 4484 καὶ
814 4430 913 4492 τάς
963 4430 1209 4501 πονηρὰς
1265 4429 1617 4502 ἐνθυμήσεις,
1647 4431 1833 4502 μεῖζόν
1859 4450 1912 4486 τι
1946 4451 1989 4505 ι)

341 4522 422 4584 είς
451 4521 803 4593 καθαρότητα
823 4521 1024 4592 ψυχῆς)
1044 4537 1055 4551 ’
1075 4521 1217 4575 οὕτω
1239 4523 1333 4574 καὶ
1362 4523 1454 4575 ἐπὶ
1473 4525 1573 4594 τῆς
1596 4524 1915 4594 σωματικῆς

342 4609 687 4678 δικαιοσύνης
723 4610 819 4662 καὶ
863 4609 1169 4679 ἀσκήσεως,
1221 4611 1473 4680 νηστείας
1517 4611 1678 4681 λέγω,
1707 4614 1916 4684 ἐγκρα-

315 4700 513 4763 -τείας,
548 4717 712 4770 χαμει
736 4701 867 4765 δίας,
899 4701 1232 4772 ἀγρυπνίας,
1262 4702 1524 4769 στάσεως,
1553 4703 1784 4756 καὶτῶν
1805 4704 1917 4756 λοι-

343 4793 485 4856 πῶν,
508 4789 544 4845 ἀ
573 4793 697 4862 περὶ
743 4808 798 4844 ιο
829 4791 986 4861 σῶμα
1024 4791 1324 4862 πεφύκασι,
1364 4793 1456 4846 καὶ
1501 4793 1561 4846 τὸ
1613 4793 1915 4863 παθητικὸν

346 4883 513 4956 μέρος
560 4882 655 4937 τοῦ
696 4882 947 4954 σώματος
996 4884 1293 4953 ἡσυχάζειν
1345 4887 1492 4939 ποιεῖ
1516 4885 1624 4940 ἀπὸ
1661 4887 1760 4955 τῆς
1791 4886 1915 4940 κατ’

340 4975 627 5047 ἐνέργειαν
649 4975 947 5044 ἁμαρτίας,
971 4974 1160 5046 ὥσπερ
1187 4972 1342 5028 εἶπον
1369 4977 1622 5046 περὶτῆς
1643 4976 1913 5045 Παλαιᾶς,

341 5067 484 5119 καλά
504 5084 562 5120 τε
605 5067 734 5120 ὄντα
764 5066 860 5121 καὶ
914 5065 1088 5120 ταῦτα
1113 5084 1126 5098 ·
1161 5066 1511 5135 παιδαγωγία
1541 5069 1652 5138 γάρ
1682 5071 1788 5124 εἰσι
1816 5069 1912 5123 τοῦ

340 5158 446 5223 ἐξω
469 5157 625 5228 ἡμῶν
641 5156 952 5228 ἀνθρώπου,
977 5157 1074 5210 καὶ
1093 5156 1333 5229 φρουρὸς
1351 5157 1458 5210 τῶν
1478 5159 1599 5211 κατ’
1625 5159 1912 5231 ἐνέργειαν

340 5249 552 5314 κακῶν,
570 5249 631 5300 οὐ
661 5247 763 5319 μὴν
798 5250 892 5302 καὶ
911 5246 1021 5300 τῶν
1051 5248 1193 5301 κατά
1222 5246 1460 5302 διάνοιαν
1483 5247 1911 5321 ’ἁμαρτημάτων

339 5337 640 5400 κωλυτικά,
666 5332 776 5389 οἷον
807 5335 1115 5402 ἀπαλλάξαι
1141 5337 1288 5405 ἡμᾶς
1339 5338 1436 5392 σὺν
1467 5336 1592 5410 Θεῷ
1631 5338 1911 5405 παντελῶς

337 5429 559 5500 φθόνου,
595 5427 790 5499 ὀργῆς,
817 5426 1044 5482 καὶτῶν
1063 5425 1290 5484 λοιπιῖιν.

402 5691 451 5724 ⁸⁸
475 5691 614 5746 l‘sal.
651 5705 836 5756 vaut,
864 5693 916 5748 4.
991 5693 1036 5726 ⁸⁸
1061 5693 1226 5748 Hebr.
1249 5711 1346 5761 vn,
1367 5695 1450 5751 l9.

652 5784 923 5847 ΡΑτιιοῐ..
966 5787 1080 5847 Gn.
1129 5786 1348 5848 XCIII.

2016 3242 2176 3288 rente
2206 3234 2438 3291 Domino
2465 3243 2659 3291 nostro
2683 3236 2817 3292 Iesu
2845 3236 3089 3304 Christo,
3146 3239 3418 3295 abscindit
3473 3245 3595 3297 uni-

2017 3338 2174 3379 versa
2199 3334 2420 3394 peccata
2451 3326 2507 3380 in
2529 3328 2752 3384 homine
2805 3336 2996 3383 nostro
3028 3329 3263 3397 interno,
3323 3346 3394 3386 ne
3445 3333 3596 3390 sinat

2017 3430 2079 3470 ea
2109 3417 2305 3472 deduci
2336 3418 2392 3472 in
2415 3433 2583 3488 opera
2630 3435 2820 3490 prava.

2091 3509 2178 3562 £0.
2209 3508 2384 3565 Vetus
2410 3511 2822 3568 Testamentum
2863 3520 2948 3567 est
2970 3512 3145 3584 imago
3167 3523 3430 3579 externae,
3455 3530 3592 3571 sen-

2017 3598 2193 3654 sibilis
2247 3611 2303 3654 ct
2369 3617 2644 3671 corporeae
2694 3604 3120 3658 exercitationis.
3175 3604 3434 3661 Sanctum
3491 3623 3591 3663 au-

2019 3700 2130 3745 tem
2180 3687 2553 3763 Evangelium,
2602 3695 2748 3762 quod
2794 3703 2879 3748 est
2907 3695 3116 3748 Novum
3155 3695 3588 3764 Testamentum,

2022 3783 2198 3852 imago
2227 3792 2310 3838 est
2329 3784 2644 3838 attentionis
2672 3786 2788 3839 sive
2814 3785 3064 3854 puritatis
3085 3789 3372 3844 cerdis.Et
3397 3807 3591 3860 quem-

2019 3872 2311 3926 admodum
2349 3873 2514 3929 Vetus
2580 3875 2711 3930 illud
2769 3877 3084 3931 interiorem
3134 3879 3412 3936 hominem
3471 3899 3592 3952 per-

2020 3959 2220 4014 fectum
2267 3969 2322 4016 et
2371 3962 2661 4017 certiorem
2726 3980 2836 4018 non
2895 3964 3128 4020 faciebat
3159 3967 3379 4023 incultu
3399 3971 3585 4026 divino

2021 4051 2330 4123 (Neminem
2353 4055 2521 4118 enim,
2569 4056 2746 4127 inquit
2805 4059 3119 4127 Apostolus,
3175 4061 3246 4114 ad
3299 4065 3589 4135 perfectum

2019 4145 2242 4198 adduxit
2263 4145 2348 4200 lex
2371 4147 2465 4217 ⁸⁸),
2495 4149 2590 4203 sed
2619 4149 2731 4204 sola
2752 4151 3028 4206 crassiora
3062 4162 3290 4221 peccata
3324 4157 3588 4225 prohibe-

2017 4237 2112 4290 bat
2138 4237 2286 4304 (nam
2309 4241 2666 4311 cogitationes
2695 4242 2876 4296 cordis
2897 4251 2954 4296 et
2986 4258 3183 4312 pravas
3232 4247 3399 4301 animi
3452 4264 3586 4303 con-

2018 4328 2299 4397 ccptiones
2325 4340 2630 4401 amputare,
2661 4334 2805 4403 quod
2833 4343 2916 4388 est
2938 4344 3268 4404 praeceptum
3304 4337 3589 4410 Evangeli-

2019 4433 2164 4484 cum,
2191 4423 2544 4490 praestantius
2559 4424 2816 4493 quiddam
2849 4435 2932 4480 est
2967 4427 3034 4481 ad
3070 4429 3390 4484 munditiam
3469 4432 3588 4485 ani-

2020 4523 2141 4574 mae,
2160 4526 2324 4580 quam
2350 4522 2537 4568 vetare
2588 4530 2658 4569 ne
2688 4515 2810 4585 quis
2853 4527 3009 4572 cruat
3051 4519 3269 4575 oculum
3323 4531 3419 4577 aut
3451 4523 3588 4579 den-

2020 4609 2130 4657 tem
2150 4605 2442 4676 proximi):
2475 4607 2667 4662 eodem
2703 4609 2862 4662 modo
2884 4618 2939 4663 et
2965 4611 3018 4664 in
3044 4619 3268 4667 externa
3293 4615 3505 4682 justitia
3532 4628 3587 4672 ct

2020 4694 2433 4762 exercitatione,
2458 4699 2672 4768 jejunio
2724 4698 3000 4764 videlicet,
3037 4703 3400 4772 continentia,
3460 4707 3586 4764 cum

2020 4785 2288 4841 dormitur
2353 4789 2525 4855 humi,
2571 4791 2795 4861 vigiliis,
2841 4792 3047 4862 quiete,
3085 4802 3141 4847 et
3183 4795 3404 4865 reliquis
3461 4814 3589 4868 quae

2020 4880 2163 4934 circa
2184 4895 2387 4951 corpus
2416 4892 2727 4947 versantur,
2771 4893 2832 4939 et
2868 4894 3078 4955 partem
3109 4888 3358 4956 corporis
3376 4889 3590 4944 allecti-

2018 4971 2126 5025 bus
2146 4973 2434 5028 obnoxiam
2469 4985 2824 5046 componunt,
2859 4993 2928 5032 ne
2955 4988 3242 5048 peceatum
3287 4979 3340 5032 in
3391 4995 3590 5050 corpus

2018 5071 2304 5118 externum
2331 5077 2603 5136 erumpat,
2648 5077 2708 5122 ut
2736 5069 2804 5123 de
2839 5069 3019 5125 Veteri
3073 5069 3421 5127 Testamento
3453 5075 3588 5130 dixi-

2018 5170 2174 5222 mus;
2205 5173 2514 5228 quanquam
2549 5169 2603 5214 et
2642 5162 2760 5216 haec
2794 5163 3014 5231 quidem
3075 5163 3216 5216 bona
3263 5173 3430 5232 sunt;
3462 5181 3588 5221 eru-

2016 5244 2176 5301 diunt
2202 5247 2348 5302 enim
2375 5251 2704 5306 exteriorem
2725 5261 2970 5307 nostrum
3015 5253 3315 5318 hominem,
3343 5261 3398 5310 et
3427 5265 3587 5314 tuen-

2015 5344 2107 5391 tur
2133 5339 2202 5393 ab
2255 5342 2501 5395 externis
2553 5343 2702 5398 vitiis
2738 5345 2792 5397 in
2834 5348 3016 5401 actum
3049 5347 3528 5415 prorumpentibus
3568 5367 3584 5404 :

2019 5443 2129 5484 non
2161 5439 2342 5486 tamen
2371 5434 2537 5488 animi
2565 5443 2786 5504 peccata
2816 5444 3072 5490 coercent
3106 5449 3120 5487 :
3151 5437 3457 5506 cuiusmodi
3479 5451 3585 5509 est,

2017 5515 2252 5575 liberare
2295 5537 2399 5577 nos
2459 5537 2704 5593 prorsus,
2734 5522 3040 5594 opitulante
3082 5521 3210 5592 Deo,
3239 5524 3310 5581 ab
3354 5525 3580 5597 invidia,

2019 5608 2120 5676 ina,
2141 5621 2198 5666 ct
2228 5613 2450 5684 reliquis
2469 5614 2770 5672 adedibus.

3029 5800 3106 5862 68
