  <div class='ocr_page' id='page_1' title='image "/cluster/home/n/w/nwhite01/storage/ocr_20150623/93/mdp.39015078384313/766.png"; bbox 0 0 3968 6220; ppageno 0'>
   <div class='ocr_carea' id='block_1_1' title="bbox 283 467 396 532">
    <p class='ocr_par' dir='ltr' id='par_1_1' title="bbox 283 467 396 532">
     <span class='ocr_line' id='line_1_1' title="bbox 283 467 396 532; baseline -0.018 0"><span class='ocrx_word' id='word_1_1' title='bbox 283 467 396 532; x_wconf 68' lang='grc'><strong>1517</strong></span> 
     </span>
    </p>
   </div>
   <div class='ocr_carea' id='block_1_2' title="bbox 956 410 2773 526">
    <p class='ocr_par' dir='ltr' id='par_1_2' title="bbox 956 410 2773 526">
     <span class='ocr_line' id='line_1_2' title="bbox 956 410 2773 526; baseline -0.004 0"><span class='ocrx_word' id='word_1_2' title='bbox 956 467 1052 526; x_wconf 91' lang='lat' dir='ltr'><strong>DE</strong></span> <span class='ocrx_word' id='word_1_3' title='bbox 1089 461 1638 525; x_wconf 75' lang='lat' dir='ltr'><strong>TEMPERANTIA</strong></span> <span class='ocrx_word' id='word_1_4' title='bbox 1669 460 1764 518; x_wconf 88' lang='lat' dir='ltr'>ET</span> <span class='ocrx_word' id='word_1_5' title='bbox 1802 410 2166 522; x_wconf 48' lang='lat' dir='ltr'><strong>VIR&#39;fIdTE.</strong></span> <span class='ocrx_word' id='word_1_6' title='bbox 2199 486 2267 496; x_wconf 90' lang='grc'><strong><em>-</em></strong></span> <span class='ocrx_word' id='word_1_7' title='bbox 2301 459 2688 520; x_wconf 76' lang='lat' dir='ltr'><strong>CENTURIA</strong></span> <span class='ocrx_word' id='word_1_8' title='bbox 2713 459 2773 519; x_wconf 86' lang='grc' dir='ltr'>ΙΙ</span> 
     </span>
    </p>
   </div>
   <div class='ocr_carea' id='block_1_3' title="bbox 3369 459 3506 524">
    <p class='ocr_par' dir='ltr' id='par_1_3' title="bbox 3369 459 3506 524">
     <span class='ocr_line' id='line_1_3' title="bbox 3369 459 3506 524; baseline 0.022 -3"><span class='ocrx_word' id='word_1_9' title='bbox 3369 459 3506 524; x_wconf 80' lang='lat'><strong>15-18</strong></span> 
     </span>
    </p>
   </div>
   <div class='ocr_carea' id='block_1_4' title="bbox 278 567 1852 645">
    <p class='ocr_par' dir='ltr' id='par_1_4' title="bbox 278 567 1826 645">
     <span class='ocr_line' id='line_1_4' title="bbox 278 567 1826 645; baseline -0.006 -15"><span class='ocrx_word' id='word_1_10' title='bbox 278 575 604 645; x_wconf 82' lang='grc' dir='ltr'>φαντασθείς.</span> <span class='ocrx_word' id='word_1_11' title='bbox 661 575 768 630; x_wconf 72' lang='grc' dir='ltr'><strong>Καὶ</strong></span> <span class='ocrx_word' id='word_1_12' title='bbox 815 575 956 628; x_wconf 75' lang='grc' dir='ltr'>οὕτω</span> <span class='ocrx_word' id='word_1_13' title='bbox 1012 575 1176 628; x_wconf 78' lang='grc' dir='ltr'>πάλιν</span> <span class='ocrx_word' id='word_1_14' title='bbox 1233 574 1320 626; x_wconf 66' lang='grc' dir='ltr'>τὸν</span> <span class='ocrx_word' id='word_1_15' title='bbox 1383 571 1556 641; x_wconf 83' lang='grc' dir='ltr'>’Λδὰμ</span> <span class='ocrx_word' id='word_1_16' title='bbox 1597 567 1826 639; x_wconf 75' lang='grc' dir='ltr'>ἐχώρισε</span> 
     </span>
    </p>
   </div>
   <div class='ocr_carea' id='block_1_5' title="bbox 1963 567 3502 645">
    <p class='ocr_par' dir='ltr' id='par_1_5' title="bbox 1963 567 3502 639">
     <span class='ocr_line' id='line_1_5' title="bbox 1963 567 3502 639; baseline -0.001 -16"><span class='ocrx_word' id='word_1_17' title='bbox 1963 584 1994 623; x_wconf 90' lang='lat' dir='ltr'><strong>e</strong></span> <span class='ocrx_word' id='word_1_18' title='bbox 2026 570 2134 624; x_wconf 91' lang='lat' dir='ltr'><strong>Deo</strong></span> <span class='ocrx_word' id='word_1_19' title='bbox 2154 569 2413 639; x_wconf 76' lang='lat' dir='ltr'><strong>:equalem</strong></span> <span class='ocrx_word' id='word_1_20' title='bbox 2440 569 2847 639; x_wconf 78' lang='lat' dir='ltr'><strong>imaginaretut.</strong></span> <span class='ocrx_word' id='word_1_21' title='bbox 2906 567 3104 623; x_wconf 89' lang='lat' dir='ltr'><strong>Eadem</strong></span> <span class='ocrx_word' id='word_1_22' title='bbox 3148 584 3363 624; x_wconf 87' lang='lat' dir='ltr'><strong>rursum</strong></span> <span class='ocrx_word' id='word_1_23' title='bbox 3413 588 3502 624; x_wconf 77' lang='lat' dir='ltr'><strong>ra-</strong></span> 
     </span>
    </p>
   </div>
   <div class='ocr_carea' id='block_1_6' title="bbox 277 658 1826 737">
    <p class='ocr_par' dir='ltr' id='par_1_6' title="bbox 277 658 1826 737">
     <span class='ocr_line' id='line_1_6' title="bbox 277 658 1826 737; baseline -0.007 -15"><span class='ocrx_word' id='word_1_24' title='bbox 277 669 414 733; x_wconf 80' lang='grc' dir='ltr'>Θεοῦ,</span> <span class='ocrx_word' id='word_1_25' title='bbox 449 668 628 722; x_wconf 81' lang='grc' dir='ltr'>θεῖκὸν</span> <span class='ocrx_word' id='word_1_26' title='bbox 679 667 894 737; x_wconf 76' lang='grc' dir='ltr'>ἀξίωμα</span> <span class='ocrx_word' id='word_1_27' title='bbox 955 666 1233 734; x_wconf 83' lang='grc' dir='ltr'>φαντάσας</span> <span class='ocrx_word' id='word_1_28' title='bbox 1291 665 1474 726; x_wconf 72' lang='grc' dir='ltr'>αὑτὸν,</span> <span class='ocrx_word' id='word_1_29' title='bbox 1533 661 1628 716; x_wconf 76' lang='grc' dir='ltr'>καὶ</span> <span class='ocrx_word' id='word_1_30' title='bbox 1681 658 1826 714; x_wconf 72' lang='grc' dir='ltr'>οὕτω</span> 
     </span>
    </p>
   </div>
   <div class='ocr_carea' id='block_1_7' title="bbox 278 750 1828 829">
    <p class='ocr_par' dir='ltr' id='par_1_7' title="bbox 278 750 1828 829">
     <span class='ocr_line' id='line_1_7' title="bbox 278 750 1828 829; baseline -0.008 -14"><span class='ocrx_word' id='word_1_31' title='bbox 278 761 465 822; x_wconf 79' lang='grc' dir='ltr'>πάντας</span> <span class='ocrx_word' id='word_1_32' title='bbox 525 759 650 821; x_wconf 82' lang='grc' dir='ltr'>τοὺς</span> <span class='ocrx_word' id='word_1_33' title='bbox 688 759 1102 829; x_wconf 77' lang='grc' dir='ltr'>ἁμαρτάνοντας</span> <span class='ocrx_word' id='word_1_34' title='bbox 1147 757 1363 827; x_wconf 78' lang='grc' dir='ltr'>ἁπατᾷν</span> <span class='ocrx_word' id='word_1_35' title='bbox 1404 755 1431 807; x_wconf 82' lang='grc' dir='ltr'><strong>ό</strong></span> <span class='ocrx_word' id='word_1_36' title='bbox 1459 753 1701 824; x_wconf 74' lang='grc' dir='ltr'>ψεύστης</span> <span class='ocrx_word' id='word_1_37' title='bbox 1734 750 1828 804; x_wconf 74' lang='grc' dir='ltr'><strong>καὶ</strong></span> 
     </span>
    </p>
   </div>
   <div class='ocr_carea' id='block_1_8' title="bbox 276 850 1379 920">
    <p class='ocr_par' dir='ltr' id='par_1_8' title="bbox 276 850 1379 920">
     <span class='ocr_line' id='line_1_8' title="bbox 276 850 1379 920; baseline -0.005 -14"><span class='ocrx_word' id='word_1_38' title='bbox 276 852 425 915; x_wconf 73' lang='grc' dir='ltr'>δόλιος</span> <span class='ocrx_word' id='word_1_39' title='bbox 453 850 641 905; x_wconf 79' lang='grc' dir='ltr'>εῐωθεν</span> <span class='ocrx_word' id='word_1_40' title='bbox 665 851 759 920; x_wconf 74' lang='grc' dir='ltr'>ὲχθ</span> <span class='ocrx_word' id='word_1_41' title='bbox 769 851 880 920; x_wconf 84' lang='grc' dir='ltr'>ρός.</span> <span class='ocrx_word' id='word_1_42' title='bbox 1377 859 1379 862; x_wconf 75' lang='lat'><em>‘</em></span> 
     </span>
    </p>
   </div>
   <div class='ocr_carea' id='block_1_9' title="bbox 335 1025 1836 1109">
    <p class='ocr_par' dir='ltr' id='par_1_9' title="bbox 335 1025 1836 1109">
     <span class='ocr_line' id='line_1_9' title="bbox 335 1025 1836 1109; baseline -0.008 -18"><span class='ocrx_word' id='word_1_43' title='bbox 335 1044 420 1109; x_wconf 88' lang='grc' dir='ltr'>ιη’.</span> <span class='ocrx_word' id='word_1_44' title='bbox 451 1033 860 1106; x_wconf 78' lang='grc' dir='ltr'>Πικραινόμεθα</span> <span class='ocrx_word' id='word_1_45' title='bbox 894 1033 998 1103; x_wconf 82' lang='grc' dir='ltr'><strong>τὴν</strong></span> <span class='ocrx_word' id='word_1_46' title='bbox 1028 1031 1258 1101; x_wconf 75' lang='grc' dir='ltr'>καρδίαν</span> <span class='ocrx_word' id='word_1_47' title='bbox 1304 1029 1410 1083; x_wconf 74' lang='grc' dir='ltr'>ὑπὸ</span> <span class='ocrx_word' id='word_1_48' title='bbox 1437 1028 1516 1082; x_wconf 81' lang='grc' dir='ltr'>ἰοῦ</span> <span class='ocrx_word' id='word_1_49' title='bbox 1555 1025 1836 1097; x_wconf 76' lang='grc' dir='ltr'><strong>λογισμῶν</strong></span> 
     </span>
    </p>
   </div>
   <div class='ocr_carea' id='block_1_10' title="bbox 277 1120 1836 1202">
    <p class='ocr_par' dir='ltr' id='par_1_10' title="bbox 277 1120 1836 1202">
     <span class='ocr_line' id='line_1_10' title="bbox 277 1120 1836 1202; baseline -0.008 -16"><span class='ocrx_word' id='word_1_50' title='bbox 277 1131 548 1202; x_wconf 80' lang='grc' dir='ltr'>πονηρίας,</span> <span class='ocrx_word' id='word_1_51' title='bbox 617 1131 746 1184; x_wconf 83' lang='grc' dir='ltr'>ὅταν</span> <span class='ocrx_word' id='word_1_52' title='bbox 796 1129 1071 1199; x_wconf 68' lang='grc' dir='ltr'>προσοχῆς</span> <span class='ocrx_word' id='word_1_53' title='bbox 1120 1127 1218 1180; x_wconf 79' lang='grc' dir='ltr'>καὶ</span> <span class='ocrx_word' id='word_1_54' title='bbox 1281 1123 1459 1195; x_wconf 82' lang='grc' dir='ltr'>Ἰησοῦ</span> <span class='ocrx_word' id='word_1_55' title='bbox 1498 1123 1665 1193; x_wconf 73' lang='grc' dir='ltr'>εὐχῆς</span> <span class='ocrx_word' id='word_1_56' title='bbox 1697 1120 1836 1192; x_wconf 77' lang='grc' dir='ltr'>πρὸς</span> 
     </span>
    </p>
   </div>
   <div class='ocr_carea' id='block_1_11' title="bbox 278 1211 1834 1292">
    <p class='ocr_par' dir='ltr' id='par_1_11' title="bbox 278 1211 1834 1292">
     <span class='ocr_line' id='line_1_11' title="bbox 278 1211 1834 1292; baseline -0.008 -16"><span class='ocrx_word' id='word_1_57' title='bbox 278 1223 400 1276; x_wconf 76' lang='grc' dir='ltr'>πολὺ</span> <span class='ocrx_word' id='word_1_58' title='bbox 431 1221 537 1275; x_wconf 76' lang='grc' dir='ltr'>ὑπὸ</span> <span class='ocrx_word' id='word_1_59' title='bbox 567 1222 736 1292; x_wconf 84' lang='grc' dir='ltr'>λήθης</span> <span class='ocrx_word' id='word_1_60' title='bbox 763 1219 1098 1289; x_wconf 75' lang='grc' dir='ltr'><strong>ἀμελοῦντες</strong></span> <span class='ocrx_word' id='word_1_61' title='bbox 1124 1213 1467 1284; x_wconf 67' lang='grc' dir='ltr'>ἀ,ίιταγώμεθα</span> <span class='ocrx_word' id='word_1_62' title='bbox 1491 1230 1506 1246; x_wconf 76' lang='grc' dir='ltr'><strong>ο</strong></span> <span class='ocrx_word' id='word_1_63' title='bbox 1541 1211 1834 1281; x_wconf 80' lang='grc' dir='ltr'>γλυκαινό-</span> 
     </span>
    </p>
   </div>
   <div class='ocr_carea' id='block_1_12' title="bbox 279 1301 1838 1384">
    <p class='ocr_par' dir='ltr' id='par_1_12' title="bbox 279 1301 1838 1384">
     <span class='ocr_line' id='line_1_12' title="bbox 279 1301 1838 1384; baseline -0.009 -16"><span class='ocrx_word' id='word_1_64' title='bbox 279 1315 402 1384; x_wconf 80' lang='grc' dir='ltr'>μεθα</span> <span class='ocrx_word' id='word_1_65' title='bbox 430 1314 486 1367; x_wconf 85' lang='grc' dir='ltr'>δὲ</span> <span class='ocrx_word' id='word_1_66' title='bbox 515 1312 680 1366; x_wconf 75' lang='grc' dir='ltr'>πάλιν</span> <span class='ocrx_word' id='word_1_67' title='bbox 707 1314 768 1365; x_wconf 73' lang='grc' dir='ltr'>ὲν</span> <span class='ocrx_word' id='word_1_68' title='bbox 803 1311 1056 1379; x_wconf 74' lang='grc' dir='ltr'>αἰσθήσει</span> <span class='ocrx_word' id='word_1_69' title='bbox 1086 1309 1181 1362; x_wconf 67' lang='grc' dir='ltr'>καὶ</span> <span class='ocrx_word' id='word_1_70' title='bbox 1229 1305 1458 1378; x_wconf 79' lang='grc' dir='ltr'>ήδύτητί</span> <span class='ocrx_word' id='word_1_71' title='bbox 1505 1322 1612 1357; x_wconf 86' lang='grc' dir='ltr'>τινι</span> <span class='ocrx_word' id='word_1_72' title='bbox 1669 1301 1838 1370; x_wconf 79' lang='grc' dir='ltr'>ἀγαλ-</span> 
     </span>
    </p>
   </div>
   <div class='ocr_carea' id='block_1_13' title="bbox 276 1393 1840 1473">
    <p class='ocr_par' dir='ltr' id='par_1_13' title="bbox 276 1393 1840 1473">
     <span class='ocr_line' id='line_1_13' title="bbox 276 1393 1840 1473; baseline -0.006 -16"><span class='ocrx_word' id='word_1_73' title='bbox 276 1402 492 1466; x_wconf 79' lang='grc' dir='ltr'>λιάσεως</span> <span class='ocrx_word' id='word_1_74' title='bbox 526 1402 828 1473; x_wconf 75' lang='grc' dir='ltr'><strong>μακαρίας,</strong></span> <span class='ocrx_word' id='word_1_75' title='bbox 850 1403 978 1454; x_wconf 83' lang='grc' dir='ltr'>ὅταν</span> <span class='ocrx_word' id='word_1_76' title='bbox 1015 1400 1088 1453; x_wconf 84' lang='grc' dir='ltr'>τὰ</span> <span class='ocrx_word' id='word_1_77' title='bbox 1137 1397 1516 1471; x_wconf 78' lang='grc' dir='ltr'><strong>προειρημένα</strong></span> <span class='ocrx_word' id='word_1_78' title='bbox 1557 1393 1840 1465; x_wconf 80' lang='grc' dir='ltr'>κραταιῶς</span> 
     </span>
    </p>
   </div>
   <div class='ocr_carea' id='block_1_14' title="bbox 277 1486 1840 1565">
    <p class='ocr_par' dir='ltr' id='par_1_14' title="bbox 277 1486 1840 1565">
     <span class='ocr_line' id='line_1_14' title="bbox 277 1486 1840 1565; baseline -0.006 -17"><span class='ocrx_word' id='word_1_79' title='bbox 277 1495 360 1550; x_wconf 71' lang='grc' dir='ltr'>καὶ</span> <span class='ocrx_word' id='word_1_80' title='bbox 388 1493 685 1565; x_wconf 84' lang='grc' dir='ltr'>προθύμως</span> <span class='ocrx_word' id='word_1_81' title='bbox 715 1495 773 1547; x_wconf 76' lang='grc' dir='ltr'>ἐν</span> <span class='ocrx_word' id='word_1_82' title='bbox 828 1491 907 1563; x_wconf 80' lang='grc' dir='ltr'>τῷ</span> <span class='ocrx_word' id='word_1_83' title='bbox 954 1489 1300 1564; x_wconf 75' lang='grc' dir='ltr'><strong>ἐργαστηρίῳ</strong></span> <span class='ocrx_word' id='word_1_84' title='bbox 1323 1490 1423 1559; x_wconf 82' lang='grc' dir='ltr'>τῆς</span> <span class='ocrx_word' id='word_1_85' title='bbox 1472 1486 1708 1551; x_wconf 81' lang='grc' dir='ltr'>διανοίας</span> <span class='ocrx_word' id='word_1_86' title='bbox 1739 1487 1840 1556; x_wconf 65' lang='grc' dir='ltr'><strong>ὲμρ</strong></span> 
     </span>
    </p>
   </div>
   <div class='ocr_carea' id='block_1_15' title="bbox 279 1576 1837 1656">
    <p class='ocr_par' dir='ltr' id='par_1_15' title="bbox 279 1576 1837 1656">
     <span class='ocr_line' id='line_1_15' title="bbox 279 1576 1837 1656; baseline -0.008 -16"><span class='ocrx_word' id='word_1_87' title='bbox 279 1585 444 1656; x_wconf 65' lang='grc' dir='ltr'>μελιῖκ</span> <span class='ocrx_word' id='word_1_88' title='bbox 485 1584 574 1639; x_wconf 82' lang='grc' dir='ltr'>διὰ</span> <span class='ocrx_word' id='word_1_89' title='bbox 621 1584 824 1656; x_wconf 77' lang='grc' dir='ltr'>ἔρωτος</span> <span class='ocrx_word' id='word_1_90' title='bbox 846 1583 988 1637; x_wconf 92' lang='grc' dir='ltr'>θείου</span> <span class='ocrx_word' id='word_1_91' title='bbox 1039 1581 1382 1644; x_wconf 78' lang='grc' dir='ltr'>ὲπιτελῶμεν</span> <span class='ocrx_word' id='word_1_92' title='bbox 1409 1595 1423 1611; x_wconf 75' lang='grc' dir='ltr'><strong><em>ο</em></strong></span> <span class='ocrx_word' id='word_1_93' title='bbox 1468 1578 1591 1634; x_wconf 84' lang='grc' dir='ltr'>τότε</span> <span class='ocrx_word' id='word_1_94' title='bbox 1627 1577 1740 1647; x_wconf 79' lang='grc' dir='ltr'>γὰρ</span> <span class='ocrx_word' id='word_1_95' title='bbox 1776 1576 1837 1628; x_wconf 75' lang='grc' dir='ltr'>οὺ</span> 
     </span>
    </p>
   </div>
   <div class='ocr_carea' id='block_1_16' title="bbox 276 1667 1840 1749">
    <p class='ocr_par' dir='ltr' id='par_1_16' title="bbox 276 1667 1840 1749">
     <span class='ocr_line' id='line_1_16' title="bbox 276 1667 1840 1749; baseline -0.006 -17"><span class='ocrx_word' id='word_1_96' title='bbox 276 1678 336 1734; x_wconf 84' lang='grc' dir='ltr'>δι’</span> <span class='ocrx_word' id='word_1_97' title='bbox 364 1678 490 1734; x_wconf 78' lang='grc' dir='ltr'>ἄλλο</span> <span class='ocrx_word' id='word_1_98' title='bbox 516 1689 570 1731; x_wconf 83' lang='grc' dir='ltr'><strong>τι</strong></span> <span class='ocrx_word' id='word_1_99' title='bbox 591 1680 658 1749; x_wconf 86' lang='grc' dir='ltr'>τῇ</span> <span class='ocrx_word' id='word_1_100' title='bbox 687 1677 960 1748; x_wconf 83' lang='grc' dir='ltr'>καρδιακῇ</span> <span class='ocrx_word' id='word_1_101' title='bbox 995 1674 1197 1745; x_wconf 78' lang='grc' dir='ltr'>ἡσυχίᾳ</span> <span class='ocrx_word' id='word_1_102' title='bbox 1245 1672 1480 1744; x_wconf 77' lang='grc' dir='ltr'><strong>βαδίζειν</strong></span> <span class='ocrx_word' id='word_1_103' title='bbox 1523 1667 1840 1742; x_wconf 81' lang='grc' dir='ltr'>προθυμού-</span> 
     </span>
    </p>
   </div>
   <div class='ocr_carea' id='block_1_17' title="bbox 279 1765 1843 1842">
    <p class='ocr_par' dir='ltr' id='par_1_17' title="bbox 279 1765 1843 1842">
     <span class='ocr_line' id='line_1_17' title="bbox 279 1765 1843 1842; baseline -0.006 -17"><span class='ocrx_word' id='word_1_104' title='bbox 279 1771 431 1842; x_wconf 82' lang='grc' dir='ltr'>μεθα,</span> <span class='ocrx_word' id='word_1_105' title='bbox 457 1772 574 1826; x_wconf 79' lang='grc' dir='ltr'>ἀλλ’</span> <span class='ocrx_word' id='word_1_106' title='bbox 597 1771 632 1842; x_wconf 79' lang='grc' dir='ltr'><strong>ἢ</strong></span> <span class='ocrx_word' id='word_1_107' title='bbox 685 1771 777 1827; x_wconf 77' lang='grc' dir='ltr'>διὰ</span> <span class='ocrx_word' id='word_1_108' title='bbox 817 1770 918 1842; x_wconf 80' lang='grc' dir='ltr'>τὴν</span> <span class='ocrx_word' id='word_1_109' title='bbox 943 1769 1145 1838; x_wconf 66' lang='grc' dir='ltr'>ἑαυτῆς</span> <span class='ocrx_word' id='word_1_110' title='bbox 1183 1769 1242 1822; x_wconf 76' lang='grc' dir='ltr'>ὲν</span> <span class='ocrx_word' id='word_1_111' title='bbox 1287 1770 1354 1839; x_wconf 82' lang='grc' dir='ltr'>τῇ</span> <span class='ocrx_word' id='word_1_112' title='bbox 1387 1766 1536 1837; x_wconf 73' lang='grc' dir='ltr'>ψυχῇ</span> <span class='ocrx_word' id='word_1_113' title='bbox 1585 1765 1843 1833; x_wconf 79' lang='grc' dir='ltr'>γλυκεῖαν</span> 
     </span>
    </p>
   </div>
   <div class='ocr_carea' id='block_1_18' title="bbox 279 1859 820 1933">
    <p class='ocr_par' dir='ltr' id='par_1_18' title="bbox 279 1859 820 1933">
     <span class='ocr_line' id='line_1_18' title="bbox 279 1859 820 1933; baseline 0.002 -19"><span class='ocrx_word' id='word_1_114' title='bbox 279 1861 462 1933; x_wconf 77' lang='grc' dir='ltr'>ἡδονὴν</span> <span class='ocrx_word' id='word_1_115' title='bbox 488 1861 582 1914; x_wconf 76' lang='grc' dir='ltr'><strong>καὶ</strong></span> <span class='ocrx_word' id='word_1_116' title='bbox 607 1859 820 1932; x_wconf 77' lang='grc' dir='ltr'>τέρψιν.</span> 
     </span>
    </p>
   </div>
   <div class='ocr_carea' id='block_1_19' title="bbox 341 1908 1918 2020">
    <p class='ocr_par' dir='ltr' id='par_1_19' title="bbox 341 1908 1918 2020">
     <span class='ocr_line' id='line_1_19' title="bbox 341 1908 1918 2020; baseline -0.004 -15"><span class='ocrx_word' id='word_1_117' title='bbox 341 1908 1178 2020; x_wconf 34' lang='grc' dir='ltr'>ἔθ’-ί*’ἐνπῖστίγ-εἶηηὲπιστημῶν,</span> <span class='ocrx_word' id='word_1_118' title='bbox 1224 1947 1319 2001; x_wconf 79' lang='grc' dir='ltr'><strong>καὶ</strong></span> <span class='ocrx_word' id='word_1_119' title='bbox 1342 1946 1508 2017; x_wconf 80' lang='grc' dir='ltr'>τέχνη</span> <span class='ocrx_word' id='word_1_120' title='bbox 1553 1944 1779 2016; x_wconf 79' lang='grc' dir='ltr'>τεχνῶν,</span> <span class='ocrx_word' id='word_1_121' title='bbox 1815 1945 1844 2015; x_wconf 74' lang='grc' dir='ltr'>ἡ</span> <span class='ocrx_word' id='word_1_122' title='bbox 1878 1908 1918 1967; x_wconf 76' lang='grc' dir='ltr'><strong><em>Β</em></strong></span> 
     </span>
    </p>
   </div>
   <div class='ocr_carea' id='block_1_20' title="bbox 280 2035 1844 2113">
    <p class='ocr_par' dir='ltr' id='par_1_20' title="bbox 280 2035 1844 2113">
     <span class='ocr_line' id='line_1_20' title="bbox 280 2035 1844 2113; baseline -0.003 -20"><span class='ocrx_word' id='word_1_123' title='bbox 280 2040 380 2103; x_wconf 80' lang='grc' dir='ltr'>τῶν</span> <span class='ocrx_word' id='word_1_124' title='bbox 424 2041 752 2113; x_wconf 78' lang='grc' dir='ltr'>κακούργων</span> <span class='ocrx_word' id='word_1_125' title='bbox 787 2039 1068 2113; x_wconf 77' lang='grc' dir='ltr'><strong>λογισμῶν</strong></span> <span class='ocrx_word' id='word_1_126' title='bbox 1117 2043 1236 2109; x_wconf 76' lang='grc' dir='ltr'>ἐστι</span> <span class='ocrx_word' id='word_1_127' title='bbox 1278 2039 1464 2109; x_wconf 75' lang='grc' dir='ltr'>τέχνη.</span> <span class='ocrx_word' id='word_1_128' title='bbox 1516 2038 1705 2092; x_wconf 81' lang='grc' dir='ltr'>Ἔστιν</span> <span class='ocrx_word' id='word_1_129' title='bbox 1751 2035 1844 2089; x_wconf 77' lang='grc' dir='ltr'>οὖν</span> 
     </span>
    </p>
   </div>
   <div class='ocr_carea' id='block_1_21' title="bbox 279 2127 1846 2206">
    <p class='ocr_par' dir='ltr' id='par_1_21' title="bbox 279 2127 1846 2206">
     <span class='ocr_line' id='line_1_21' title="bbox 279 2127 1846 2206; baseline -0.004 -20"><span class='ocrx_word' id='word_1_130' title='bbox 279 2133 494 2204; x_wconf 81' lang='grc' dir='ltr'>ἄριστος</span> <span class='ocrx_word' id='word_1_131' title='bbox 516 2135 716 2206; x_wconf 85' lang='grc' dir='ltr'>τρόπος</span> <span class='ocrx_word' id='word_1_132' title='bbox 741 2134 838 2190; x_wconf 73' lang='grc' dir='ltr'>καὶ</span> <span class='ocrx_word' id='word_1_133' title='bbox 877 2133 1042 2203; x_wconf 80' lang='grc' dir='ltr'>τέχνη</span> <span class='ocrx_word' id='word_1_134' title='bbox 1067 2133 1274 2198; x_wconf 76' lang='grc' dir='ltr'>αὐτῶν,</span> <span class='ocrx_word' id='word_1_135' title='bbox 1319 2131 1401 2195; x_wconf 84' lang='grc' dir='ltr'><strong>τὸ,</strong></span> <span class='ocrx_word' id='word_1_136' title='bbox 1442 2131 1504 2185; x_wconf 80' lang='grc' dir='ltr'><strong>ὲν.</strong></span> <span class='ocrx_word' id='word_1_137' title='bbox 1528 2127 1722 2200; x_wconf 80' lang='grc' dir='ltr'><strong>Κυρίῳ</strong></span> <span class='ocrx_word' id='word_1_138' title='bbox 1745 2128 1846 2199; x_wconf 74' lang='grc' dir='ltr'>τὴν</span> 
     </span>
    </p>
   </div>
   <div class='ocr_carea' id='block_1_22' title="bbox 277 2223 1847 2297">
    <p class='ocr_par' dir='ltr' id='par_1_22' title="bbox 277 2223 1847 2297">
     <span class='ocr_line' id='line_1_22' title="bbox 277 2223 1847 2297; baseline -0.002 -19"><span class='ocrx_word' id='word_1_139' title='bbox 277 2226 568 2295; x_wconf 74' lang='grc' dir='ltr'>φαντασίαν</span> <span class='ocrx_word' id='word_1_140' title='bbox 595 2225 818 2296; x_wconf 75' lang='grc' dir='ltr'>βλέπειν</span> <span class='ocrx_word' id='word_1_141' title='bbox 837 2226 939 2293; x_wconf 78' lang='grc' dir='ltr'>τῆς</span> <span class='ocrx_word' id='word_1_142' title='bbox 967 2224 1299 2297; x_wconf 79' lang='grc' dir='ltr'>προσϐολῆς,</span> <span class='ocrx_word' id='word_1_143' title='bbox 1317 2224 1410 2280; x_wconf 69' lang='grc' dir='ltr'>καὶ</span> <span class='ocrx_word' id='word_1_144' title='bbox 1435 2223 1726 2293; x_wconf 73' lang='grc' dir='ltr'><strong>φυλάττειν</strong></span> <span class='ocrx_word' id='word_1_145' title='bbox 1745 2223 1847 2293; x_wconf 77' lang='grc' dir='ltr'>τὴν</span> 
     </span>
    </p>
   </div>
   <div class='ocr_carea' id='block_1_23' title="bbox 277 2314 1844 2389">
    <p class='ocr_par' dir='ltr' id='par_1_23' title="bbox 277 2314 1844 2389">
     <span class='ocr_line' id='line_1_23' title="bbox 277 2314 1844 2389; baseline -0.001 -20"><span class='ocrx_word' id='word_1_146' title='bbox 277 2317 530 2382; x_wconf 79' lang='grc' dir='ltr'>διάνοιαν,</span> <span class='ocrx_word' id='word_1_147' title='bbox 554 2317 747 2389; x_wconf 81' lang='grc' dir='ltr'>ὥσπερ</span> <span class='ocrx_word' id='word_1_148' title='bbox 773 2317 867 2372; x_wconf 77' lang='grc' dir='ltr'>τὸν</span> <span class='ocrx_word' id='word_1_149' title='bbox 887 2317 1146 2387; x_wconf 71' lang='grc' dir='ltr'>αἰσθητὸν</span> <span class='ocrx_word' id='word_1_150' title='bbox 1167 2315 1522 2386; x_wconf 72' lang='grc' dir='ltr'>φυλάσσομεν</span> <span class='ocrx_word' id='word_1_151' title='bbox 1544 2314 1844 2385; x_wconf 79' lang='grc' dir='ltr'>ὀφθαλμὸν,</span> 
     </span>
    </p>
   </div>
   <div class='ocr_carea' id='block_1_24' title="bbox 277 2405 1847 2478">
    <p class='ocr_par' dir='ltr' id='par_1_24' title="bbox 277 2405 1847 2478">
     <span class='ocr_line' id='line_1_24' title="bbox 277 2405 1847 2478; baseline -0.001 -17"><span class='ocrx_word' id='word_1_152' title='bbox 277 2408 369 2463; x_wconf 77' lang='grc' dir='ltr'><strong>καὶ</strong></span> <span class='ocrx_word' id='word_1_153' title='bbox 400 2407 566 2472; x_wconf 81' lang='grc' dir='ltr'>ὀξέως</span> <span class='ocrx_word' id='word_1_154' title='bbox 603 2409 721 2478; x_wconf 86' lang='grc' dir='ltr'>μετ’</span> <span class='ocrx_word' id='word_1_155' title='bbox 771 2407 936 2461; x_wconf 79' lang='grc' dir='ltr'>αὐτοῦ</span> <span class='ocrx_word' id='word_1_156' title='bbox 967 2407 1241 2478; x_wconf 81' lang='grc' dir='ltr'>βλέπομεν</span> <span class='ocrx_word' id='word_1_157' title='bbox 1293 2407 1384 2462; x_wconf 87' lang='grc' dir='ltr'><strong>τὸν</strong></span> <span class='ocrx_word' id='word_1_158' title='bbox 1411 2405 1609 2477; x_wconf 79' lang='grc' dir='ltr'>πλῆξαι</span> <span class='ocrx_word' id='word_1_159' title='bbox 1655 2405 1847 2460; x_wconf 83' lang='grc' dir='ltr'>τοῦτον</span> 
     </span>
    </p>
   </div>
   <div class='ocr_carea' id='block_1_25' title="bbox 278 2494 1848 2568">
    <p class='ocr_par' dir='ltr' id='par_1_25' title="bbox 278 2494 1848 2568">
     <span class='ocr_line' id='line_1_25' title="bbox 278 2494 1848 2568; baseline -0.001 -20"><span class='ocrx_word' id='word_1_160' title='bbox 278 2497 339 2550; x_wconf 68' lang='grc' dir='ltr'>ἑκ</span> <span class='ocrx_word' id='word_1_161' title='bbox 365 2496 688 2566; x_wconf 82' lang='grc' dir='ltr'>συμϐάσεως</span> <span class='ocrx_word' id='word_1_162' title='bbox 714 2495 1030 2568; x_wconf 77' lang='grc' dir='ltr'>ἐρχόμενον,</span> <span class='ocrx_word' id='word_1_163' title='bbox 1065 2497 1160 2549; x_wconf 82' lang='grc' dir='ltr'><strong>καὶ</strong></span> <span class='ocrx_word' id='word_1_164' title='bbox 1196 2496 1297 2560; x_wconf 82' lang='grc' dir='ltr'><strong>ὅση</strong></span> <span class='ocrx_word' id='word_1_165' title='bbox 1317 2494 1546 2566; x_wconf 79' lang='grc' dir='ltr'>δύναμις</span> <span class='ocrx_word' id='word_1_166' title='bbox 1578 2495 1688 2548; x_wconf 79' lang='grc' dir='ltr'>πᾶν</span> <span class='ocrx_word' id='word_1_167' title='bbox 1713 2495 1848 2564; x_wconf 83' lang='grc' dir='ltr'>κάρ-</span> 
     </span>
    </p>
   </div>
   <div class='ocr_carea' id='block_1_26' title="bbox 277 2585 1042 2657">
    <p class='ocr_par' dir='ltr' id='par_1_26' title="bbox 277 2585 1042 2657">
     <span class='ocr_line' id='line_1_26' title="bbox 277 2585 1042 2657; baseline 0 -15"><span class='ocrx_word' id='word_1_168' title='bbox 277 2603 371 2657; x_wconf 81' lang='grc' dir='ltr'><strong>φος</strong></span> <span class='ocrx_word' id='word_1_169' title='bbox 394 2587 678 2657; x_wconf 71' lang='grc' dir='ltr'>κωλύομεν</span> <span class='ocrx_word' id='word_1_170' title='bbox 703 2587 764 2653; x_wconf 70' lang='grc' dir='ltr'><strong>ἐξ</strong></span> <span class='ocrx_word' id='word_1_171' title='bbox 794 2585 982 2642; x_wconf 78' lang='grc' dir='ltr'>αὐτοῦ.</span> <span class='ocrx_word' id='word_1_172' title='bbox 1039 2615 1042 2618; x_wconf 58' lang='grc' dir='ltr'><strong>λ</strong></span> 
     </span>
    </p>
   </div>
   <div class='ocr_carea' id='block_1_27' title="bbox 343 2676 1849 2750">
    <p class='ocr_par' dir='ltr' id='par_1_27' title="bbox 343 2676 1849 2750">
     <span class='ocr_line' id='line_1_27' title="bbox 343 2676 1849 2750; baseline -0.005 -17"><span class='ocrx_word' id='word_1_173' title='bbox 343 2677 414 2733; x_wconf 83' lang='grc' dir='ltr'><strong>κ’.</strong></span> <span class='ocrx_word' id='word_1_174' title='bbox 461 2677 548 2742; x_wconf 83' lang='grc' dir='ltr'>Ὧς</span> <span class='ocrx_word' id='word_1_175' title='bbox 573 2678 641 2732; x_wconf 81' lang='grc' dir='ltr'>οὐ</span> <span class='ocrx_word' id='word_1_176' title='bbox 671 2676 895 2742; x_wconf 59' lang='grc' dir='ltr'>τάξεται.</span> <span class='ocrx_word' id='word_1_177' title='bbox 914 2676 1046 2747; x_wconf 85' lang='grc' dir='ltr'>χιὼν</span> <span class='ocrx_word' id='word_1_178' title='bbox 1069 2677 1267 2747; x_wconf 82' lang='grc' dir='ltr'>φλόγα,</span> <span class='ocrx_word' id='word_1_179' title='bbox 1320 2679 1356 2749; x_wconf 81' lang='grc' dir='ltr'>ἢ</span> <span class='ocrx_word' id='word_1_180' title='bbox 1390 2678 1542 2750; x_wconf 73' lang='grc' dir='ltr'>ὕδωρ.</span> <span class='ocrx_word' id='word_1_181' title='bbox 1577 2679 1689 2750; x_wconf 84' lang='grc' dir='ltr'><strong>πῦρ</strong></span> <span class='ocrx_word' id='word_1_182' title='bbox 1725 2693 1849 2749; x_wconf 63' lang='grc' dir='ltr'>γενε-</span> 
     </span>
    </p>
   </div>
   <div class='ocr_carea' id='block_1_28' title="bbox 276 2770 1850 2844">
    <p class='ocr_par' dir='ltr' id='par_1_28' title="bbox 276 2770 1850 2844">
     <span class='ocr_line' id='line_1_28' title="bbox 276 2770 1850 2844; baseline 0.001 -20"><span class='ocrx_word' id='word_1_183' title='bbox 276 2773 450 2843; x_wconf 80' lang='grc' dir='ltr'>νήσει,</span> <span class='ocrx_word' id='word_1_184' title='bbox 481 2772 510 2844; x_wconf 73' lang='grc' dir='ltr'>ἢ</span> <span class='ocrx_word' id='word_1_185' title='bbox 553 2771 761 2842; x_wconf 74' lang='grc' dir='ltr'>ῥάμνος</span> <span class='ocrx_word' id='word_1_186' title='bbox 793 2770 977 2835; x_wconf 78' lang='grc' dir='ltr'>σῦκον,</span> <span class='ocrx_word' id='word_1_187' title='bbox 1009 2770 1183 2834; x_wconf 72' lang='grc' dir='ltr'>οὓτως</span> <span class='ocrx_word' id='word_1_188' title='bbox 1215 2771 1314 2824; x_wconf 84' lang='grc' dir='ltr'>οὐκ</span> <span class='ocrx_word' id='word_1_189' title='bbox 1358 2772 1850 2844; x_wconf 71' lang='grc' dir='ltr'>ἐλευθερωθήσεται</span> 
     </span>
    </p>
   </div>
   <div class='ocr_carea' id='block_1_29' title="bbox 278 2862 1848 2934">
    <p class='ocr_par' dir='ltr' id='par_1_29' title="bbox 278 2862 1848 2934">
     <span class='ocr_line' id='line_1_29' title="bbox 278 2862 1848 2934; baseline -0.001 -18"><span class='ocrx_word' id='word_1_190' title='bbox 278 2864 477 2927; x_wconf 79' lang='grc' dir='ltr'>παντὸς</span> <span class='ocrx_word' id='word_1_191' title='bbox 503 2862 792 2933; x_wconf 77' lang='grc' dir='ltr'>ἀνθρώπου</span> <span class='ocrx_word' id='word_1_192' title='bbox 822 2862 1023 2934; x_wconf 82' lang='grc' dir='ltr'>καρδία</span> <span class='ocrx_word' id='word_1_193' title='bbox 1048 2863 1158 2917; x_wconf 78' lang='grc' dir='ltr'><strong>ἀπὸ</strong></span> <span class='ocrx_word' id='word_1_194' title='bbox 1190 2863 1521 2934; x_wconf 83' lang='grc' dir='ltr'>δαιμονικῶν</span> <span class='ocrx_word' id='word_1_195' title='bbox 1551 2863 1848 2933; x_wconf 73' lang='grc' dir='ltr'>λογισμῶν,</span> 
     </span>
    </p>
   </div>
   <div class='ocr_carea' id='block_1_30' title="bbox 277 2951 1852 3024">
    <p class='ocr_par' dir='ltr' id='par_1_30' title="bbox 277 2951 1852 3024">
     <span class='ocr_line' id='line_1_30' title="bbox 277 2951 1852 3024; baseline 0 -18"><span class='ocrx_word' id='word_1_196' title='bbox 277 2953 370 3006; x_wconf 77' lang='grc' dir='ltr'>καὶ</span> <span class='ocrx_word' id='word_1_197' title='bbox 397 2951 578 3024; x_wconf 71' lang='grc' dir='ltr'>ἔργων</span> <span class='ocrx_word' id='word_1_198' title='bbox 629 2953 726 3006; x_wconf 75' lang='grc' dir='ltr'>καὶ</span> <span class='ocrx_word' id='word_1_199' title='bbox 773 2951 970 3022; x_wconf 79' lang='grc' dir='ltr'>λόγων,</span> <span class='ocrx_word' id='word_1_200' title='bbox 1023 2953 1099 3024; x_wconf 80' lang='grc' dir='ltr'>μὴ</span> <span class='ocrx_word' id='word_1_201' title='bbox 1140 2952 1428 3024; x_wconf 80' lang='grc' dir='ltr'>καθάρασα</span> <span class='ocrx_word' id='word_1_202' title='bbox 1453 2953 1520 3008; x_wconf 81' lang='grc' dir='ltr'>τὰ</span> <span class='ocrx_word' id='word_1_203' title='bbox 1549 2953 1727 3008; x_wconf 71' lang='grc' dir='ltr'>ἔνδον·</span> <span class='ocrx_word' id='word_1_204' title='bbox 1757 2954 1852 3010; x_wconf 70' lang='grc' dir='ltr'><strong>καὶ</strong></span> 
     </span>
    </p>
   </div>
   <div class='ocr_carea' id='block_1_31' title="bbox 277 3041 1854 3116">
    <p class='ocr_par' dir='ltr' id='par_1_31' title="bbox 277 3041 1854 3116">
     <span class='ocr_line' id='line_1_31' title="bbox 277 3041 1854 3116; baseline -0.001 -15"><span class='ocrx_word' id='word_1_205' title='bbox 277 3041 442 3114; x_wconf 74' lang='grc' dir='ltr'>νῆψις</span> <span class='ocrx_word' id='word_1_206' title='bbox 473 3044 572 3099; x_wconf 72' lang='grc' dir='ltr'><strong>σὺν</strong></span> <span class='ocrx_word' id='word_1_207' title='bbox 603 3045 742 3116; x_wconf 77' lang='grc' dir='ltr'>εὐχῇ</span> <span class='ocrx_word' id='word_1_208' title='bbox 789 3043 963 3114; x_wconf 82' lang='grc' dir='ltr'>Ἰησοῦ</span> <span class='ocrx_word' id='word_1_209' title='bbox 997 3044 1226 3114; x_wconf 81' lang='grc' dir='ltr'>συνάψει</span> <span class='ocrx_word' id='word_1_210' title='bbox 1255 3046 1437 3116; x_wconf 80' lang='grc' dir='ltr'>νῆψιν,</span> <span class='ocrx_word' id='word_1_211' title='bbox 1468 3045 1565 3100; x_wconf 69' lang='grc' dir='ltr'>καὶ</span> <span class='ocrx_word' id='word_1_212' title='bbox 1589 3045 1854 3100; x_wconf 84' lang='grc' dir='ltr'>ταπείνω-</span> 
     </span>
    </p>
   </div>
   <div class='ocr_carea' id='block_1_32' title="bbox 275 3136 1854 3208">
    <p class='ocr_par' dir='ltr' id='par_1_32' title="bbox 275 3136 1854 3208">
     <span class='ocr_line' id='line_1_32' title="bbox 275 3136 1854 3208; baseline 0.001 -19"><span class='ocrx_word' id='word_1_213' title='bbox 275 3151 365 3192; x_wconf 81' lang='grc' dir='ltr'><strong>σιν</strong></span> <span class='ocrx_word' id='word_1_214' title='bbox 395 3136 490 3189; x_wconf 81' lang='grc' dir='ltr'>καὶ</span> <span class='ocrx_word' id='word_1_215' title='bbox 517 3136 757 3206; x_wconf 77' lang='grc' dir='ltr'>ψυχικὴν</span> <span class='ocrx_word' id='word_1_216' title='bbox 779 3137 1011 3206; x_wconf 83' lang='grc' dir='ltr'>ἡσυχίαν</span> <span class='ocrx_word' id='word_1_217' title='bbox 1027 3137 1386 3207; x_wconf 81' lang='grc' dir='ltr'>κατορθοῦσα,</span> <span class='ocrx_word' id='word_1_218' title='bbox 1411 3139 1504 3190; x_wconf 72' lang='grc' dir='ltr'>καὶ</span> <span class='ocrx_word' id='word_1_219' title='bbox 1523 3138 1854 3208; x_wconf 74' lang='grc' dir='ltr'>ἐπειγομένη</span> 
     </span>
    </p>
   </div>
   <div class='ocr_carea' id='block_1_33' title="bbox 1932 661 3504 732">
    <p class='ocr_par' dir='ltr' id='par_1_33' title="bbox 1932 661 3504 732">
     <span class='ocr_line' id='line_1_33' title="bbox 1932 661 3504 732; baseline 0.001 -16"><span class='ocrx_word' id='word_1_220' title='bbox 1932 664 2077 717; x_wconf 97' lang='lat' dir='ltr'><strong>tione</strong></span> <span class='ocrx_word' id='word_1_221' title='bbox 2105 663 2276 718; x_wconf 82' lang='lat' dir='ltr'><strong>Adam</strong></span> <span class='ocrx_word' id='word_1_222' title='bbox 2298 661 2542 718; x_wconf 58' lang='lat' dir='ltr'><strong>defecit:</strong></span> <span class='ocrx_word' id='word_1_223' title='bbox 2571 661 2715 717; x_wconf 86' lang='lat' dir='ltr'><strong>Deo:</strong></span> <span class='ocrx_word' id='word_1_224' title='bbox 2740 675 2866 715; x_wconf 85' lang='lat' dir='ltr'><strong>cum</strong></span> <span class='ocrx_word' id='word_1_225' title='bbox 2898 665 3234 732; x_wconf 81' lang='lat' dir='ltr'><strong>majestatem</strong></span> <span class='ocrx_word' id='word_1_226' title='bbox 3265 663 3504 718; x_wconf 83' lang='lat' dir='ltr'><strong>divinam</strong></span> 
     </span>
    </p>
   </div>
   <div class='ocr_carea' id='block_1_34' title="bbox 1931 754 3506 828">
    <p class='ocr_par' dir='ltr' id='par_1_34' title="bbox 1931 754 3506 828">
     <span class='ocr_line' id='line_1_34' title="bbox 1931 754 3506 828; baseline 0.002 -19"><span class='ocrx_word' id='word_1_227' title='bbox 1931 757 2316 827; x_wconf 77' lang='lat' dir='ltr'><strong>imaginatione</strong></span> <span class='ocrx_word' id='word_1_228' title='bbox 2367 754 2600 826; x_wconf 83' lang='lat' dir='ltr'><strong>quadam</strong></span> <span class='ocrx_word' id='word_1_229' title='bbox 2647 755 2752 811; x_wconf 85' lang='lat' dir='ltr'><strong>sibi</strong></span> <span class='ocrx_word' id='word_1_230' title='bbox 2802 771 3054 828; x_wconf 78' lang='lat' dir='ltr'><strong>arrogare</strong></span> <span class='ocrx_word' id='word_1_231' title='bbox 3088 757 3268 812; x_wconf 86' lang='lat' dir='ltr'><strong>vellet.</strong></span> <span class='ocrx_word' id='word_1_232' title='bbox 3320 756 3386 811; x_wconf 82' lang='lat' dir='ltr'><strong>Et</strong></span> <span class='ocrx_word' id='word_1_233' title='bbox 3432 758 3506 812; x_wconf 85' lang='lat' dir='ltr'><strong>ita</strong></span> 
     </span>
    </p>
   </div>
   <div class='ocr_carea' id='block_1_35' title="bbox 1933 843 3510 919">
    <p class='ocr_par' dir='ltr' id='par_1_35' title="bbox 1933 843 3510 919">
     <span class='ocr_line' id='line_1_35' title="bbox 1933 843 3510 919; baseline 0.001 -17"><span class='ocrx_word' id='word_1_234' title='bbox 1933 843 2164 903; x_wconf 77' lang='lat' dir='ltr'><strong>mendax</strong></span> <span class='ocrx_word' id='word_1_235' title='bbox 2208 857 2264 903; x_wconf 90' lang='lat' dir='ltr'><strong>et</strong></span> <span class='ocrx_word' id='word_1_236' title='bbox 2293 848 2513 903; x_wconf 88' lang='lat' dir='ltr'><strong>dolosus</strong></span> <span class='ocrx_word' id='word_1_237' title='bbox 2539 847 2712 903; x_wconf 77' lang='lat' dir='ltr'><strong>hostis</strong></span> <span class='ocrx_word' id='word_1_238' title='bbox 2742 859 2953 915; x_wconf 76' lang='lat' dir='ltr'><strong>omnes,</strong></span> <span class='ocrx_word' id='word_1_239' title='bbox 2982 849 3073 919; x_wconf 86' lang='lat' dir='ltr'><strong>qui</strong></span> <span class='ocrx_word' id='word_1_240' title='bbox 3100 857 3329 919; x_wconf 85' lang='lat' dir='ltr'><strong>peccant</strong></span> <span class='ocrx_word' id='word_1_241' title='bbox 3348 889 3362 914; x_wconf 94' lang='lat'><strong>,</strong></span> <span class='ocrx_word' id='word_1_242' title='bbox 3404 850 3510 905; x_wconf 88' lang='lat' dir='ltr'><strong>eir-</strong></span> 
     </span>
    </p>
   </div>
   <div class='ocr_carea' id='block_1_36' title="bbox 1933 941 2437 996">
    <p class='ocr_par' dir='ltr' id='par_1_36' title="bbox 1933 941 2437 996">
     <span class='ocr_line' id='line_1_36' title="bbox 1933 941 2437 996; baseline -0.006 0"><span class='ocrx_word' id='word_1_243' title='bbox 1933 941 2248 996; x_wconf 74' lang='lat' dir='ltr'><strong>cu-mven-ire</strong></span> <span class='ocrx_word' id='word_1_244' title='bbox 2276 941 2437 996; x_wconf 84' lang='lat' dir='ltr'><strong>solet.</strong></span> 
     </span>
    </p>
   </div>
   <div class='ocr_carea' id='block_1_37' title="bbox 2007 1034 3510 1106">
    <p class='ocr_par' dir='ltr' id='par_1_37' title="bbox 2007 1034 3510 1106">
     <span class='ocr_line' id='line_1_37' title="bbox 2007 1034 3510 1106; baseline 0 -18"><span class='ocrx_word' id='word_1_245' title='bbox 2007 1034 2092 1088; x_wconf 75' lang='grc'><strong>18.</strong></span> <span class='ocrx_word' id='word_1_246' title='bbox 2125 1037 2170 1088; x_wconf 82' lang='grc' dir='ltr'><strong>Α</strong></span> <span class='ocrx_word' id='word_1_247' title='bbox 2202 1048 2416 1089; x_wconf 87' lang='lat' dir='ltr'><strong>veneno</strong></span> <span class='ocrx_word' id='word_1_248' title='bbox 2449 1034 2840 1106; x_wconf 79' lang='lat' dir='ltr'><strong>cogitationum</strong></span> <span class='ocrx_word' id='word_1_249' title='bbox 2872 1047 3255 1104; x_wconf 85' lang='lat' dir='ltr'><strong>perversarnm</strong></span> <span class='ocrx_word' id='word_1_250' title='bbox 3284 1049 3510 1090; x_wconf 76' lang='lat' dir='ltr'><strong>exacer-</strong></span> 
     </span>
    </p>
   </div>
   <div class='ocr_carea' id='block_1_38' title="bbox 1934 1115 3510 1197">
    <p class='ocr_par' dir='ltr' id='par_1_38' title="bbox 1934 1115 3510 1197">
     <span class='ocr_line' id='line_1_38' title="bbox 1934 1115 3510 1197; baseline -0.001 -13"><span class='ocrx_word' id='word_1_251' title='bbox 1934 1115 2126 1184; x_wconf 76' lang='lat' dir='ltr'><strong>bamur</strong></span> <span class='ocrx_word' id='word_1_252' title='bbox 2153 1127 2357 1190; x_wconf 85' lang='lat' dir='ltr'><strong>animo,</strong></span> <span class='ocrx_word' id='word_1_253' title='bbox 2396 1129 2617 1197; x_wconf 81' lang='lat' dir='ltr'><strong>quando</strong></span> <span class='ocrx_word' id='word_1_254' title='bbox 2676 1129 2980 1184; x_wconf 82' lang='lat' dir='ltr'><strong>attentione</strong></span> <span class='ocrx_word' id='word_1_255' title='bbox 3025 1127 3266 1196; x_wconf 76' lang='lat' dir='ltr'><strong>Jesuque</strong></span> <span class='ocrx_word' id='word_1_256' title='bbox 3312 1127 3510 1196; x_wconf 87' lang='lat' dir='ltr'><strong>depre-</strong></span> 
     </span>
    </p>
   </div>
   <div class='ocr_carea' id='block_1_39' title="bbox 1936 1222 3511 1294">
    <p class='ocr_par' dir='ltr' id='par_1_39' title="bbox 1936 1222 3511 1294">
     <span class='ocr_line' id='line_1_39' title="bbox 1936 1222 3511 1294; baseline 0.001 -18"><span class='ocrx_word' id='word_1_257' title='bbox 1936 1222 2149 1277; x_wconf 82' lang='lat' dir='ltr'><strong>catione</strong></span> <span class='ocrx_word' id='word_1_258' title='bbox 2181 1223 2274 1278; x_wconf 90' lang='lat' dir='ltr'><strong>diu</strong></span> <span class='ocrx_word' id='word_1_259' title='bbox 2299 1223 2577 1294; x_wconf 86' lang='lat' dir='ltr'><strong>neglectis,</strong></span> <span class='ocrx_word' id='word_1_260' title='bbox 2620 1238 2722 1279; x_wconf 89' lang='lat' dir='ltr'><strong>nos</strong></span> <span class='ocrx_word' id='word_1_261' title='bbox 2754 1223 2977 1278; x_wconf 89' lang='lat' dir='ltr'><strong>abducit</strong></span> <span class='ocrx_word' id='word_1_262' title='bbox 3024 1224 3247 1279; x_wconf 83' lang='lat' dir='ltr'><strong>oblivio.</strong></span> <span class='ocrx_word' id='word_1_263' title='bbox 3305 1225 3511 1278; x_wconf 78' lang='lat' dir='ltr'><strong>Contra</strong></span> 
     </span>
    </p>
   </div>
   <div class='ocr_carea' id='block_1_40' title="bbox 1936 1314 3513 1386">
    <p class='ocr_par' dir='ltr' id='par_1_40' title="bbox 1936 1314 3513 1386">
     <span class='ocr_line' id='line_1_40' title="bbox 1936 1314 3513 1386; baseline 0.001 -17"><span class='ocrx_word' id='word_1_264' title='bbox 1936 1314 2066 1369; x_wconf 85' lang='lat' dir='ltr'><strong>vero</strong></span> <span class='ocrx_word' id='word_1_265' title='bbox 2102 1314 2518 1378; x_wconf 83' lang='lat' dir='ltr'><strong>dulcescimus,</strong></span> <span class='ocrx_word' id='word_1_266' title='bbox 2588 1330 2655 1370; x_wconf 80' lang='lat' dir='ltr'><strong>ex</strong></span> <span class='ocrx_word' id='word_1_267' title='bbox 2715 1315 3066 1386; x_wconf 77' lang='lat' dir='ltr'><strong>perceptione</strong></span> <span class='ocrx_word' id='word_1_268' title='bbox 3135 1324 3189 1370; x_wconf 87' lang='lat' dir='ltr'><strong>et</strong></span> <span class='ocrx_word' id='word_1_269' title='bbox 3248 1316 3513 1372; x_wconf 81' lang='lat' dir='ltr'><strong>suavitate</strong></span> 
     </span>
    </p>
   </div>
   <div class='ocr_carea' id='block_1_41' title="bbox 1938 1405 3511 1477">
    <p class='ocr_par' dir='ltr' id='par_1_41' title="bbox 1938 1405 3511 1477">
     <span class='ocr_line' id='line_1_41' title="bbox 1938 1405 3511 1477; baseline 0.001 -18"><span class='ocrx_word' id='word_1_270' title='bbox 1938 1405 2170 1476; x_wconf 90' lang='lat' dir='ltr'><strong>quadam</strong></span> <span class='ocrx_word' id='word_1_271' title='bbox 2229 1407 2397 1461; x_wconf 74' lang='lat' dir='ltr'><strong>beata:</strong></span> <span class='ocrx_word' id='word_1_272' title='bbox 2431 1407 2842 1472; x_wconf 78' lang='lat' dir='ltr'><strong>exsultationis,</strong></span> <span class='ocrx_word' id='word_1_273' title='bbox 2899 1409 3118 1477; x_wconf 79' lang='lat' dir='ltr'><strong>quando</strong></span> <span class='ocrx_word' id='word_1_274' title='bbox 3178 1416 3511 1474; x_wconf 87' lang='lat' dir='ltr'><strong>constanter,</strong></span> 
     </span>
    </p>
   </div>
   <div class='ocr_carea' id='block_1_42' title="bbox 1939 1493 3517 1570">
    <p class='ocr_par' dir='ltr' id='par_1_42' title="bbox 1939 1493 3517 1570">
     <span class='ocr_line' id='line_1_42' title="bbox 1939 1493 3517 1570; baseline 0.003 -20"><span class='ocrx_word' id='word_1_275' title='bbox 1939 1493 2223 1570; x_wconf 76' lang='lat' dir='ltr'><strong>alacriter</strong></span> <span class='ocrx_word' id='word_1_276' title='bbox 2257 1507 2312 1551; x_wconf 89' lang='lat' dir='ltr'><strong>et</strong></span> <span class='ocrx_word' id='word_1_277' title='bbox 2357 1497 2597 1552; x_wconf 80' lang='lat' dir='ltr'><strong>studiose</strong></span> <span class='ocrx_word' id='word_1_278' title='bbox 2657 1497 2712 1550; x_wconf 92' lang='lat' dir='ltr'><strong>in</strong></span> <span class='ocrx_word' id='word_1_279' title='bbox 2759 1496 2970 1552; x_wconf 79' lang='lat' dir='ltr'><strong>oﬂicina</strong></span> <span class='ocrx_word' id='word_1_280' title='bbox 3027 1498 3223 1552; x_wconf 84' lang='lat' dir='ltr'><strong>mentis</strong></span> <span class='ocrx_word' id='word_1_281' title='bbox 3254 1539 3270 1565; x_wconf 91' lang='lat'><strong>,</strong></span> <span class='ocrx_word' id='word_1_282' title='bbox 3331 1514 3517 1554; x_wconf 88' lang='lat' dir='ltr'><strong>amore</strong></span> 
     </span>
    </p>
   </div>
   <div class='ocr_carea' id='block_1_43' title="bbox 1945 1584 3513 1658">
    <p class='ocr_par' dir='ltr' id='par_1_43' title="bbox 1945 1584 3513 1658">
     <span class='ocr_line' id='line_1_43' title="bbox 1945 1584 3513 1658; baseline 0.001 -16"><span class='ocrx_word' id='word_1_283' title='bbox 1945 1584 2130 1642; x_wconf 76' lang='lat' dir='ltr'><strong>divino</strong></span> <span class='ocrx_word' id='word_1_284' title='bbox 2159 1587 2304 1643; x_wconf 79' lang='lat' dir='ltr'><strong>ducti</strong></span> <span class='ocrx_word' id='word_1_285' title='bbox 2328 1628 2340 1652; x_wconf 91' lang='lat'><strong>,</strong></span> <span class='ocrx_word' id='word_1_286' title='bbox 2373 1587 2498 1654; x_wconf 89' lang='lat' dir='ltr'><strong>ista,</strong></span> <span class='ocrx_word' id='word_1_287' title='bbox 2534 1603 2653 1657; x_wconf 67' lang='lat' dir='ltr'><strong>qua:</strong></span> <span class='ocrx_word' id='word_1_288' title='bbox 2685 1598 2812 1642; x_wconf 85' lang='lat' dir='ltr'><strong>ante</strong></span> <span class='ocrx_word' id='word_1_289' title='bbox 2844 1589 3098 1652; x_wconf 79' lang='lat' dir='ltr'><strong>diximus,</strong></span> <span class='ocrx_word' id='word_1_290' title='bbox 3147 1590 3513 1658; x_wconf 75' lang='lat' dir='ltr'><strong>exsequimur.</strong></span> 
     </span>
    </p>
   </div>
   <div class='ocr_carea' id='block_1_44' title="bbox 1944 1679 3519 1750">
    <p class='ocr_par' dir='ltr' id='par_1_44' title="bbox 1944 1679 3519 1750">
     <span class='ocr_line' id='line_1_44' title="bbox 1944 1679 3519 1750; baseline 0.001 -16"><span class='ocrx_word' id='word_1_291' title='bbox 1944 1679 2101 1736; x_wconf 83' lang='lat' dir='ltr'><strong>Tunc</strong></span> <span class='ocrx_word' id='word_1_292' title='bbox 2151 1681 2296 1735; x_wconf 92' lang='lat' dir='ltr'><strong>enim</strong></span> <span class='ocrx_word' id='word_1_293' title='bbox 2323 1681 2528 1736; x_wconf 89' lang='lat' dir='ltr'><strong>nullam</strong></span> <span class='ocrx_word' id='word_1_294' title='bbox 2565 1680 2723 1735; x_wconf 89' lang='lat' dir='ltr'><strong>aliam</strong></span> <span class='ocrx_word' id='word_1_295' title='bbox 2766 1681 2835 1735; x_wconf 93' lang='lat' dir='ltr'><strong>ob</strong></span> <span class='ocrx_word' id='word_1_296' title='bbox 2886 1695 3104 1734; x_wconf 84' lang='lat' dir='ltr'><strong>causam</strong></span> <span class='ocrx_word' id='word_1_297' title='bbox 3142 1680 3325 1750; x_wconf 88' lang='lat' dir='ltr'><strong>quieto</strong></span> <span class='ocrx_word' id='word_1_298' title='bbox 3355 1681 3519 1736; x_wconf 90' lang='lat' dir='ltr'><strong>corde</strong></span> 
     </span>
    </p>
   </div>
   <div class='ocr_carea' id='block_1_45' title="bbox 1945 1772 3519 1845">
    <p class='ocr_par' dir='ltr' id='par_1_45' title="bbox 1945 1772 3519 1845">
     <span class='ocr_line' id='line_1_45' title="bbox 1945 1772 3519 1845; baseline -0.001 -17"><span class='ocrx_word' id='word_1_299' title='bbox 1945 1773 2131 1829; x_wconf 80' lang='lat' dir='ltr'><strong>vivere</strong></span> <span class='ocrx_word' id='word_1_300' title='bbox 2159 1782 2502 1845; x_wconf 84' lang='lat' dir='ltr'><strong>exoptamus,</strong></span> <span class='ocrx_word' id='word_1_301' title='bbox 2531 1787 2693 1842; x_wconf 88' lang='lat' dir='ltr'><strong>quam</strong></span> <span class='ocrx_word' id='word_1_302' title='bbox 2728 1773 2797 1828; x_wconf 91' lang='lat' dir='ltr'><strong>ob</strong></span> <span class='ocrx_word' id='word_1_303' title='bbox 2821 1787 3044 1828; x_wconf 78' lang='lat' dir='ltr'><strong>suavem</strong></span> <span class='ocrx_word' id='word_1_304' title='bbox 3073 1773 3221 1827; x_wconf 87' lang='lat' dir='ltr'><strong>illius</strong></span> <span class='ocrx_word' id='word_1_305' title='bbox 3252 1772 3307 1827; x_wconf 90' lang='lat' dir='ltr'><strong>in</strong></span> <span class='ocrx_word' id='word_1_306' title='bbox 3337 1773 3519 1827; x_wconf 87' lang='lat' dir='ltr'><strong>anima</strong></span> 
     </span>
    </p>
   </div>
   <div class='ocr_carea' id='block_1_46' title="bbox 1946 1865 2834 1936">
    <p class='ocr_par' dir='ltr' id='par_1_46' title="bbox 1946 1865 2834 1936">
     <span class='ocr_line' id='line_1_46' title="bbox 1946 1865 2834 1936; baseline -0.002 -16"><span class='ocrx_word' id='word_1_307' title='bbox 1946 1865 2281 1936; x_wconf 86' lang='lat' dir='ltr'><strong>voluptatem</strong></span> <span class='ocrx_word' id='word_1_308' title='bbox 2313 1877 2368 1920; x_wconf 90' lang='lat' dir='ltr'><strong>et</strong></span> <span class='ocrx_word' id='word_1_309' title='bbox 2397 1865 2834 1921; x_wconf 89' lang='lat' dir='ltr'><strong>delectationem.</strong></span> 
     </span>
    </p>
   </div>
   <div class='ocr_carea' id='block_1_47' title="bbox 2023 1949 3522 2025">
    <p class='ocr_par' dir='ltr' id='par_1_47' title="bbox 2023 1949 3522 2025">
     <span class='ocr_line' id='line_1_47' title="bbox 2023 1949 3522 2025; baseline 0.001 -14"><span class='ocrx_word' id='word_1_310' title='bbox 2023 1958 2110 2011; x_wconf 84' lang='lat' dir='ltr'><strong>l9.</strong></span> <span class='ocrx_word' id='word_1_311' title='bbox 2145 1955 2246 2012; x_wconf 82' lang='lat' dir='ltr'><strong>Ars</strong></span> <span class='ocrx_word' id='word_1_312' title='bbox 2274 1957 2493 2024; x_wconf 84' lang='lat' dir='ltr'><strong>artium,</strong></span> <span class='ocrx_word' id='word_1_313' title='bbox 2532 1965 2587 2012; x_wconf 91' lang='lat' dir='ltr'><strong>et</strong></span> <span class='ocrx_word' id='word_1_314' title='bbox 2618 1956 2843 2012; x_wconf 87' lang='lat' dir='ltr'><strong>scientia</strong></span> <span class='ocrx_word' id='word_1_315' title='bbox 2881 1949 3256 2025; x_wconf 80' lang='lat' dir='ltr'><strong>scientiarum,</strong></span> <span class='ocrx_word' id='word_1_316' title='bbox 3311 1966 3394 2013; x_wconf 89' lang='lat' dir='ltr'><strong>est</strong></span> <span class='ocrx_word' id='word_1_317' title='bbox 3434 1973 3522 2012; x_wconf 87' lang='lat' dir='ltr'><strong>ars</strong></span> 
     </span>
    </p>
   </div>
   <div class='ocr_carea' id='block_1_48' title="bbox 1951 2047 3524 2121">
    <p class='ocr_par' dir='ltr' id='par_1_48' title="bbox 1951 2047 3524 2121">
     <span class='ocr_line' id='line_1_48' title="bbox 1951 2047 3524 2121; baseline 0.001 -18"><span class='ocrx_word' id='word_1_318' title='bbox 1951 2048 2308 2120; x_wconf 88' lang='lat' dir='ltr'><strong>malignarum</strong></span> <span class='ocrx_word' id='word_1_319' title='bbox 2340 2049 2752 2117; x_wconf 82' lang='lat' dir='ltr'><strong>cogitationum.</strong></span> <span class='ocrx_word' id='word_1_320' title='bbox 2795 2047 2982 2104; x_wconf 82' lang='lat' dir='ltr'><strong>Modus</strong></span> <span class='ocrx_word' id='word_1_321' title='bbox 3013 2050 3176 2121; x_wconf 81' lang='lat' dir='ltr'><strong>igitur</strong></span> <span class='ocrx_word' id='word_1_322' title='bbox 3208 2051 3446 2120; x_wconf 80' lang='lat' dir='ltr'><strong>Optimus</strong></span> <span class='ocrx_word' id='word_1_323' title='bbox 3469 2060 3524 2105; x_wconf 91' lang='lat' dir='ltr'><strong>et</strong></span> 
     </span>
    </p>
   </div>
   <div class='ocr_carea' id='block_1_49' title="bbox 1951 2141 3524 2214">
    <p class='ocr_par' dir='ltr' id='par_1_49' title="bbox 1951 2141 3524 2214">
     <span class='ocr_line' id='line_1_49' title="bbox 1951 2141 3524 2214; baseline -0.001 -17"><span class='ocrx_word' id='word_1_324' title='bbox 1951 2157 2040 2197; x_wconf 87' lang='lat' dir='ltr'><strong>ars</strong></span> <span class='ocrx_word' id='word_1_325' title='bbox 2063 2155 2250 2197; x_wconf 89' lang='lat' dir='ltr'><strong>earum</strong></span> <span class='ocrx_word' id='word_1_326' title='bbox 2293 2151 2395 2208; x_wconf 88' lang='lat' dir='ltr'><strong>est,</strong></span> <span class='ocrx_word' id='word_1_327' title='bbox 2447 2149 2758 2214; x_wconf 86' lang='lat' dir='ltr'><strong>conspecta,</strong></span> <span class='ocrx_word' id='word_1_328' title='bbox 2789 2142 3024 2198; x_wconf 87' lang='lat' dir='ltr'><strong>Domino</strong></span> <span class='ocrx_word' id='word_1_329' title='bbox 3061 2141 3294 2208; x_wconf 81' lang='lat' dir='ltr'><strong>favente,</strong></span> <span class='ocrx_word' id='word_1_330' title='bbox 3331 2157 3524 2213; x_wconf 84' lang='lat' dir='ltr'><strong>sugge-</strong></span> 
     </span>
    </p>
   </div>
   <div class='ocr_carea' id='block_1_50' title="bbox 1952 2232 3525 2308">
    <p class='ocr_par' dir='ltr' id='par_1_50' title="bbox 1952 2232 3525 2308">
     <span class='ocr_line' id='line_1_50' title="bbox 1952 2232 3525 2308; baseline -0.001 -19"><span class='ocrx_word' id='word_1_331' title='bbox 1952 2233 2146 2289; x_wconf 89' lang='lat' dir='ltr'><strong>stionis</strong></span> <span class='ocrx_word' id='word_1_332' title='bbox 2200 2232 2588 2304; x_wconf 76' lang='lat' dir='ltr'><strong>imaginatione</strong></span> <span class='ocrx_word' id='word_1_333' title='bbox 2613 2275 2628 2299; x_wconf 97' lang='lat'><strong>,</strong></span> <span class='ocrx_word' id='word_1_334' title='bbox 2679 2247 3005 2288; x_wconf 78' lang='lat' dir='ltr'><strong>conservare</strong></span> <span class='ocrx_word' id='word_1_335' title='bbox 3041 2233 3284 2287; x_wconf 89' lang='lat' dir='ltr'><strong>animum</strong></span> <span class='ocrx_word' id='word_1_336' title='bbox 3316 2249 3329 2286; x_wconf 91' lang='lat'>:</span> <span class='ocrx_word' id='word_1_337' title='bbox 3363 2232 3525 2308; x_wconf 82' lang='lat' dir='ltr'><strong>sicuti</strong></span> 
     </span>
    </p>
   </div>
   <div class='ocr_carea' id='block_1_51' title="bbox 1953 2323 3526 2390">
    <p class='ocr_par' dir='ltr' id='par_1_51' title="bbox 1953 2323 3526 2390">
     <span class='ocr_line' id='line_1_51' title="bbox 1953 2323 3526 2390; baseline -0.001 -10"><span class='ocrx_word' id='word_1_338' title='bbox 1953 2323 2268 2380; x_wconf 85' lang='lat' dir='ltr'><strong>sensibilem</strong></span> <span class='ocrx_word' id='word_1_339' title='bbox 2293 2323 2510 2378; x_wconf 63' lang='lat' dir='ltr'><strong>oculum</strong></span> <span class='ocrx_word' id='word_1_340' title='bbox 2541 2325 2898 2390; x_wconf 88' lang='lat' dir='ltr'><strong>custodimus,</strong></span> <span class='ocrx_word' id='word_1_341' title='bbox 2936 2332 2989 2379; x_wconf 90' lang='lat' dir='ltr'><strong>et</strong></span> <span class='ocrx_word' id='word_1_342' title='bbox 3013 2339 3078 2379; x_wconf 89' lang='lat' dir='ltr'><strong>eo</strong></span> <span class='ocrx_word' id='word_1_343' title='bbox 3101 2333 3258 2379; x_wconf 88' lang='lat' dir='ltr'><strong>acute</strong></span> <span class='ocrx_word' id='word_1_344' title='bbox 3281 2324 3526 2380; x_wconf 85' lang='lat' dir='ltr'><strong>videmus</strong></span> 
     </span>
    </p>
   </div>
   <div class='ocr_carea' id='block_1_52' title="bbox 1953 2415 3526 2485">
    <p class='ocr_par' dir='ltr' id='par_1_52' title="bbox 1953 2415 3526 2485">
     <span class='ocr_line' id='line_1_52' title="bbox 1953 2415 3526 2485; baseline 0 -15"><span class='ocrx_word' id='word_1_345' title='bbox 1953 2429 2083 2470; x_wconf 88' lang='lat' dir='ltr'><strong>casu</strong></span> <span class='ocrx_word' id='word_1_346' title='bbox 2128 2415 2437 2470; x_wconf 84' lang='lat' dir='ltr'><strong>venientem</strong></span> <span class='ocrx_word' id='word_1_347' title='bbox 2466 2415 2531 2470; x_wconf 90' lang='lat' dir='ltr'><strong>ad</strong></span> <span class='ocrx_word' id='word_1_348' title='bbox 2562 2415 2974 2485; x_wconf 86' lang='lat' dir='ltr'><strong>percutiendum</strong></span> <span class='ocrx_word' id='word_1_349' title='bbox 3005 2416 3176 2480; x_wconf 86' lang='lat' dir='ltr'><strong>illum,</strong></span> <span class='ocrx_word' id='word_1_350' title='bbox 3205 2429 3268 2470; x_wconf 89' lang='lat' dir='ltr'><strong>ac</strong></span> <span class='ocrx_word' id='word_1_351' title='bbox 3315 2431 3415 2485; x_wconf 88' lang='lat' dir='ltr'><strong>pro</strong></span> <span class='ocrx_word' id='word_1_352' title='bbox 3443 2415 3526 2470; x_wconf 83' lang='lat' dir='ltr'><strong>vi-</strong></span> 
     </span>
    </p>
   </div>
   <div class='ocr_carea' id='block_1_53' title="bbox 1955 2507 3129 2564">
    <p class='ocr_par' dir='ltr' id='par_1_53' title="bbox 1955 2507 3129 2564">
     <span class='ocr_line' id='line_1_53' title="bbox 1955 2507 3129 2564; baseline -0.002 -2"><span class='ocrx_word' id='word_1_353' title='bbox 1955 2509 2106 2564; x_wconf 90' lang='lat' dir='ltr'><strong>ribus</strong></span> <span class='ocrx_word' id='word_1_354' title='bbox 2133 2509 2201 2564; x_wconf 90' lang='lat' dir='ltr'><strong>ab</strong></span> <span class='ocrx_word' id='word_1_355' title='bbox 2227 2523 2293 2563; x_wconf 89' lang='lat' dir='ltr'><strong>eo</strong></span> <span class='ocrx_word' id='word_1_356' title='bbox 2320 2507 2583 2562; x_wconf 80' lang='lat' dir='ltr'><strong>festucam</strong></span> <span class='ocrx_word' id='word_1_357' title='bbox 2610 2521 2838 2562; x_wconf 83' lang='lat' dir='ltr'><strong>omnem</strong></span> <span class='ocrx_word' id='word_1_358' title='bbox 2863 2522 3129 2561; x_wconf 82' lang='lat' dir='ltr'><strong>arcemus.</strong></span> 
     </span>
    </p>
   </div>
   <div class='ocr_carea' id='block_1_54' title="bbox 2020 2679 3529 2751">
    <p class='ocr_par' dir='ltr' id='par_1_54' title="bbox 2020 2679 3529 2751">
     <span class='ocr_line' id='line_1_54' title="bbox 2020 2679 3529 2751; baseline -0.001 -14"><span class='ocrx_word' id='word_1_359' title='bbox 2020 2681 2109 2738; x_wconf 65' lang='grc' dir='ltr'><strong>τοι</strong></span> <span class='ocrx_word' id='word_1_360' title='bbox 2145 2681 2615 2749; x_wconf 86' lang='lat' dir='ltr'><strong>Quemadmodum</strong></span> <span class='ocrx_word' id='word_1_361' title='bbox 2647 2682 2740 2736; x_wconf 82' lang='lat' dir='ltr'><strong>nix</strong></span> <span class='ocrx_word' id='word_1_362' title='bbox 2768 2695 2876 2736; x_wconf 89' lang='lat' dir='ltr'><strong>non</strong></span> <span class='ocrx_word' id='word_1_363' title='bbox 2903 2681 3079 2751; x_wconf 81' lang='lat' dir='ltr'><strong>pariet</strong></span> <span class='ocrx_word' id='word_1_364' title='bbox 3101 2679 3396 2744; x_wconf 79' lang='lat' dir='ltr'><strong>flammam,</strong></span> <span class='ocrx_word' id='word_1_365' title='bbox 3425 2687 3529 2735; x_wconf 80' lang='lat' dir='ltr'><strong>nee</strong></span> 
     </span>
    </p>
   </div>
   <div class='ocr_carea' id='block_1_55' title="bbox 1953 2771 3530 2846">
    <p class='ocr_par' dir='ltr' id='par_1_55' title="bbox 1953 2771 3530 2846">
     <span class='ocr_line' id='line_1_55' title="bbox 1953 2771 3530 2846; baseline -0.004 -15"><span class='ocrx_word' id='word_1_366' title='bbox 1953 2791 2092 2846; x_wconf 78' lang='lat' dir='ltr'><strong>aqua</strong></span> <span class='ocrx_word' id='word_1_367' title='bbox 2120 2775 2378 2846; x_wconf 85' lang='lat' dir='ltr'><strong>producet</strong></span> <span class='ocrx_word' id='word_1_368' title='bbox 2405 2775 2609 2846; x_wconf 87' lang='lat' dir='ltr'><strong>ignem,</strong></span> <span class='ocrx_word' id='word_1_369' title='bbox 2649 2780 2742 2828; x_wconf 89' lang='lat' dir='ltr'><strong>aut</strong></span> <span class='ocrx_word' id='word_1_370' title='bbox 2769 2774 2923 2844; x_wconf 88' lang='lat' dir='ltr'><strong>spina</strong></span> <span class='ocrx_word' id='word_1_371' title='bbox 2945 2771 3116 2828; x_wconf 83' lang='lat' dir='ltr'><strong>ticum</strong></span> <span class='ocrx_word' id='word_1_372' title='bbox 3150 2790 3163 2827; x_wconf 91' lang='lat'><strong>:</strong></span> <span class='ocrx_word' id='word_1_373' title='bbox 3198 2773 3272 2827; x_wconf 89' lang='lat' dir='ltr'><strong>ita</strong></span> <span class='ocrx_word' id='word_1_374' title='bbox 3312 2787 3410 2828; x_wconf 89' lang='lat' dir='ltr'><strong>cor-</strong></span> <span class='ocrx_word' id='word_1_375' title='bbox 3437 2787 3530 2827; x_wconf 38' lang='lat' dir='ltr'><strong>cui</strong></span> 
     </span>
    </p>
   </div>
   <div class='ocr_carea' id='block_1_56' title="bbox 1952 2864 3532 2938">
    <p class='ocr_par' dir='ltr' id='par_1_56' title="bbox 1952 2864 3532 2938">
     <span class='ocr_line' id='line_1_56' title="bbox 1952 2864 3532 2938; baseline 0 -19"><span class='ocrx_word' id='word_1_376' title='bbox 1952 2867 2126 2938; x_wconf 84' lang='lat' dir='ltr'><strong>jnsvis</strong></span> <span class='ocrx_word' id='word_1_377' title='bbox 2153 2865 2413 2932; x_wconf 81' lang='lat' dir='ltr'><strong>hominis,</strong></span> <span class='ocrx_word' id='word_1_378' title='bbox 2454 2866 2558 2921; x_wconf 90' lang='lat' dir='ltr'><strong>nisi</strong></span> <span class='ocrx_word' id='word_1_379' title='bbox 2588 2865 2900 2937; x_wconf 78' lang='lat' dir='ltr'><strong>purgaverit</strong></span> <span class='ocrx_word' id='word_1_380' title='bbox 2933 2864 3213 2930; x_wconf 84' lang='lat' dir='ltr'><strong>interiora,</strong></span> <span class='ocrx_word' id='word_1_381' title='bbox 3248 2879 3359 2919; x_wconf 91' lang='lat' dir='ltr'><strong>non</strong></span> <span class='ocrx_word' id='word_1_382' title='bbox 3393 2864 3532 2919; x_wconf 77' lang='lat' dir='ltr'><strong>libo-&#39;-</strong></span> 
     </span>
    </p>
   </div>
   <div class='ocr_carea' id='block_1_57' title="bbox 1957 2955 3532 3030">
    <p class='ocr_par' dir='ltr' id='par_1_57' title="bbox 1957 2955 3532 3030">
     <span class='ocr_line' id='line_1_57' title="bbox 1957 2955 3532 3030; baseline 0.001 -18"><span class='ocrx_word' id='word_1_383' title='bbox 1957 2957 2166 3012; x_wconf 87' lang='lat' dir='ltr'><strong>rabitur</strong></span> <span class='ocrx_word' id='word_1_384' title='bbox 2213 2958 2566 3013; x_wconf 74' lang='lat' dir='ltr'><strong>daemoniaeis</strong></span> <span class='ocrx_word' id='word_1_385' title='bbox 2644 2955 3105 3030; x_wconf 75' lang='lat' dir='ltr'><strong>cogitationibus,</strong></span> <span class='ocrx_word' id='word_1_386' title='bbox 3147 2957 3406 3027; x_wconf 80' lang='lat' dir='ltr'><strong>cperibus</strong></span> <span class='ocrx_word' id='word_1_387' title='bbox 3475 2965 3532 3014; x_wconf 85' lang='lat' dir='ltr'><strong>et</strong></span> 
     </span>
    </p>
   </div>
   <div class='ocr_carea' id='block_1_58' title="bbox 1957 3045 3529 3119">
    <p class='ocr_par' dir='ltr' id='par_1_58' title="bbox 1957 3045 3529 3119">
     <span class='ocr_line' id='line_1_58' title="bbox 1957 3045 3529 3119; baseline -0.001 -15"><span class='ocrx_word' id='word_1_388' title='bbox 1957 3049 2333 3104; x_wconf 85' lang='lat' dir='ltr'><strong>sermonibus:</strong></span> <span class='ocrx_word' id='word_1_389' title='bbox 2354 3049 2457 3104; x_wconf 89' lang='lat' dir='ltr'><strong>nisi</strong></span> <span class='ocrx_word' id='word_1_390' title='bbox 2482 3049 2644 3104; x_wconf 92' lang='lat' dir='ltr'><strong>etiam</strong></span> <span class='ocrx_word' id='word_1_391' title='bbox 2671 3049 2923 3112; x_wconf 80' lang='lat' dir='ltr'><strong>attentio,</strong></span> <span class='ocrx_word' id='word_1_392' title='bbox 2953 3051 3141 3119; x_wconf 75' lang='lat' dir='ltr'><strong>inncta</strong></span> <span class='ocrx_word' id='word_1_393' title='bbox 3159 3045 3529 3118; x_wconf 71' lang='lat' dir='ltr'><strong>depreeatEOni</strong></span> 
     </span>
    </p>
   </div>
   <div class='ocr_carea' id='block_1_59' title="bbox 1955 3138 3535 3211">
    <p class='ocr_par' dir='ltr' id='par_1_59' title="bbox 1955 3138 3535 3211">
     <span class='ocr_line' id='line_1_59' title="bbox 1955 3138 3535 3211; baseline 0.002 -19"><span class='ocrx_word' id='word_1_394' title='bbox 1955 3138 2108 3203; x_wconf 82' lang='lat' dir='ltr'><strong>Jesu,</strong></span> <span class='ocrx_word' id='word_1_395' title='bbox 2139 3138 2404 3194; x_wconf 82' lang='lat' dir='ltr'><strong>accendat</strong></span> <span class='ocrx_word' id='word_1_396' title='bbox 2437 3140 2889 3211; x_wconf 86' lang='lat' dir='ltr'><strong>temperantiam,</strong></span> <span class='ocrx_word' id='word_1_397' title='bbox 2945 3153 3049 3209; x_wconf 87' lang='lat' dir='ltr'><strong>qua</strong></span> <span class='ocrx_word' id='word_1_398' title='bbox 3085 3140 3448 3195; x_wconf 69' lang='lat' dir='ltr'><strong>humilitatem</strong></span> <span class='ocrx_word' id='word_1_399' title='bbox 3477 3148 3535 3195; x_wconf 83' lang='lat' dir='ltr'><strong>et</strong></span> 
     </span>
    </p>
   </div>
   <div class='ocr_carea' id='block_1_60' title="bbox 277 3226 1852 3310">
    <p class='ocr_par' dir='ltr' id='par_1_60' title="bbox 277 3227 1852 3299">
     <span class='ocr_line' id='line_1_60' title="bbox 277 3227 1852 3299; baseline 0.002 -18"><span class='ocrx_word' id='word_1_400' title='bbox 277 3227 378 3281; x_wconf 71' lang='grc' dir='ltr'><strong>σὺν</strong></span> <span class='ocrx_word' id='word_1_401' title='bbox 407 3227 687 3299; x_wconf 80' lang='grc' dir='ltr'>προθυμίᾳ</span> <span class='ocrx_word' id='word_1_402' title='bbox 740 3227 930 3299; x_wconf 80' lang='grc' dir='ltr'>πολλῇ,</span> <span class='ocrx_word' id='word_1_403' title='bbox 979 3229 1074 3282; x_wconf 73' lang='grc' dir='ltr'><strong>καὶ</strong></span> <span class='ocrx_word' id='word_1_404' title='bbox 1127 3229 1408 3296; x_wconf 69' lang='grc' dir='ltr'>ὀδεύουσα.</span> <span class='ocrx_word' id='word_1_405' title='bbox 1467 3229 1604 3281; x_wconf 84' lang='grc' dir='ltr'>Ἀλλ’</span> <span class='ocrx_word' id='word_1_406' title='bbox 1643 3231 1852 3299; x_wconf 77' lang='grc' dir='ltr'>ἀνάγκη</span> 
     </span>
    </p>
   </div>
   <div class='ocr_carea' id='block_1_61' title="bbox 1963 3226 3534 3310">
    <p class='ocr_par' dir='ltr' id='par_1_61' title="bbox 1963 3226 3534 3301">
     <span class='ocr_line' id='line_1_61' title="bbox 1963 3226 3534 3301; baseline 0.003 -21"><span class='ocrx_word' id='word_1_407' title='bbox 1963 3227 2204 3296; x_wconf 88' lang='lat' dir='ltr'><strong>quietem</strong></span> <span class='ocrx_word' id='word_1_408' title='bbox 2236 3227 2403 3282; x_wconf 85' lang='lat' dir='ltr'><strong>animi</strong></span> <span class='ocrx_word' id='word_1_409' title='bbox 2433 3228 2720 3301; x_wconf 75' lang='lat' dir='ltr'><strong>dirigente,</strong></span> <span class='ocrx_word' id='word_1_410' title='bbox 2764 3245 2859 3284; x_wconf 87' lang='lat' dir='ltr'><strong>cor</strong></span> <span class='ocrx_word' id='word_1_411' title='bbox 2907 3229 3229 3295; x_wconf 85' lang='lat' dir='ltr'><strong>deducatur,</strong></span> <span class='ocrx_word' id='word_1_412' title='bbox 3275 3226 3339 3284; x_wconf 64' lang='grc' dir='ltr'><strong>οἱ·</strong></span> <span class='ocrx_word' id='word_1_413' title='bbox 3377 3231 3534 3284; x_wconf 72' lang='lat' dir='ltr'><strong>valde</strong></span> 
     </span>
    </p>
   </div>
   <div class='ocr_carea' id='block_1_62' title="bbox 277 3320 1856 3392">
    <p class='ocr_par' dir='ltr' id='par_1_62' title="bbox 277 3320 1856 3392">
     <span class='ocr_line' id='line_1_62' title="bbox 277 3320 1856 3392; baseline 0.003 -20"><span class='ocrx_word' id='word_1_414' title='bbox 277 3321 591 3392; x_wconf 87' lang='grc' dir='ltr'>στειρεῦσαι</span> <span class='ocrx_word' id='word_1_415' title='bbox 613 3320 714 3390; x_wconf 78' lang='grc' dir='ltr'><strong>τὴν</strong></span> <span class='ocrx_word' id='word_1_416' title='bbox 737 3321 1074 3392; x_wconf 81' lang='grc' dir='ltr'>ἁπρόσεκτον</span> <span class='ocrx_word' id='word_1_417' title='bbox 1102 3320 1280 3391; x_wconf 75' lang='grc' dir='ltr'>ψυχὴν</span> <span class='ocrx_word' id='word_1_418' title='bbox 1300 3323 1502 3385; x_wconf 81' lang='grc' dir='ltr'>παντὸς</span> <span class='ocrx_word' id='word_1_419' title='bbox 1528 3320 1735 3390; x_wconf 82' lang='grc' dir='ltr'>ἀγαθοῦ</span> <span class='ocrx_word' id='word_1_420' title='bbox 1762 3323 1856 3376; x_wconf 75' lang='grc' dir='ltr'><strong>καὶ</strong></span> 
     </span>
    </p>
   </div>
   <div class='ocr_carea' id='block_1_63' title="bbox 271 3407 1856 3485">
    <p class='ocr_par' dir='ltr' id='par_1_63' title="bbox 271 3407 1856 3485">
     <span class='ocr_line' id='line_1_63' title="bbox 271 3407 1856 3485; baseline 0.002 -21"><span class='ocrx_word' id='word_1_421' title='bbox 271 3412 485 3465; x_wconf 90' lang='grc' dir='ltr'>τελείου</span> <span class='ocrx_word' id='word_1_422' title='bbox 511 3413 800 3483; x_wconf 86' lang='grc' dir='ltr'>νοήματος,</span> <span class='ocrx_word' id='word_1_423' title='bbox 846 3412 922 3476; x_wconf 83' lang='grc' dir='ltr'>ὡς</span> <span class='ocrx_word' id='word_1_424' title='bbox 957 3412 1182 3484; x_wconf 82' lang='grc' dir='ltr'>ἡμίονον</span> <span class='ocrx_word' id='word_1_425' title='bbox 1237 3413 1511 3484; x_wconf 81' lang='grc' dir='ltr'>ἄκαρπον,</span> <span class='ocrx_word' id='word_1_426' title='bbox 1609 3414 1711 3466; x_wconf 84' lang='grc' dir='ltr'><strong>οὐκ</strong></span> <span class='ocrx_word' id='word_1_427' title='bbox 1740 3413 1856 3467; x_wconf 83' lang='grc' dir='ltr'>ἔστι</span> 
     </span>
    </p>
   </div>
   <div class='ocr_carea' id='block_1_64' title="bbox 275 3503 1859 3574">
    <p class='ocr_par' dir='ltr' id='par_1_64' title="bbox 275 3503 1859 3574">
     <span class='ocr_line' id='line_1_64' title="bbox 275 3503 1859 3574; baseline 0.001 -18"><span class='ocrx_word' id='word_1_428' title='bbox 275 3503 495 3566; x_wconf 86' lang='grc' dir='ltr'>σύνεσις</span> <span class='ocrx_word' id='word_1_429' title='bbox 524 3504 904 3574; x_wconf 82' lang='grc' dir='ltr'>πνευματικῆς</span> <span class='ocrx_word' id='word_1_430' title='bbox 953 3505 1223 3567; x_wconf 80' lang='grc' dir='ltr'>συνέσεως</span> <span class='ocrx_word' id='word_1_431' title='bbox 1248 3523 1262 3536; x_wconf 87' lang='grc'><strong>·</strong></span> <span class='ocrx_word' id='word_1_432' title='bbox 1294 3504 1464 3566; x_wconf 81' lang='grc' dir='ltr'>ὅντως</span> <span class='ocrx_word' id='word_1_433' title='bbox 1513 3505 1706 3574; x_wconf 80' lang='grc' dir='ltr'>εἰρήνη</span> <span class='ocrx_word' id='word_1_434' title='bbox 1739 3504 1859 3558; x_wconf 75' lang='grc' dir='ltr'>ἐστὶ</span> 
     </span>
    </p>
   </div>
   <div class='ocr_carea' id='block_1_65' title="bbox 272 3593 1859 3668">
    <p class='ocr_par' dir='ltr' id='par_1_65' title="bbox 272 3593 1859 3668">
     <span class='ocr_line' id='line_1_65' title="bbox 272 3593 1859 3668; baseline -0.003 -17"><span class='ocrx_word' id='word_1_435' title='bbox 272 3595 378 3666; x_wconf 76' lang='grc' dir='ltr'>τῆς</span> <span class='ocrx_word' id='word_1_436' title='bbox 399 3595 579 3667; x_wconf 75' lang='grc' dir='ltr'>ψυχῆς</span> <span class='ocrx_word' id='word_1_437' title='bbox 616 3596 676 3650; x_wconf 87' lang='grc' dir='ltr'><strong>τδ</strong></span> <span class='ocrx_word' id='word_1_438' title='bbox 709 3598 882 3664; x_wconf 82' lang='grc' dir='ltr'>γλυκὺ</span> <span class='ocrx_word' id='word_1_439' title='bbox 923 3599 1156 3668; x_wconf 81' lang='grc' dir='ltr'>πρᾶγμα</span> <span class='ocrx_word' id='word_1_440' title='bbox 1176 3595 1271 3650; x_wconf 70' lang='grc' dir='ltr'><strong>καὶ</strong></span> <span class='ocrx_word' id='word_1_441' title='bbox 1293 3595 1490 3665; x_wconf 77' lang='grc' dir='ltr'>δνσμα,</span> <span class='ocrx_word' id='word_1_442' title='bbox 1510 3593 1606 3648; x_wconf 76' lang='grc' dir='ltr'>καὶ</span> <span class='ocrx_word' id='word_1_443' title='bbox 1627 3595 1859 3658; x_wconf 80' lang='grc' dir='ltr'>κένωσις</span> 
     </span>
    </p>
   </div>
   <div class='ocr_carea' id='block_1_66' title="bbox 273 3685 889 3758">
    <p class='ocr_par' dir='ltr' id='par_1_66' title="bbox 273 3685 889 3758">
     <span class='ocr_line' id='line_1_66' title="bbox 273 3685 889 3758; baseline -0.005 -15"><span class='ocrx_word' id='word_1_444' title='bbox 273 3687 570 3758; x_wconf 75' lang='grc' dir='ltr'>νοημάτων</span> <span class='ocrx_word' id='word_1_445' title='bbox 601 3685 889 3756; x_wconf 69' lang='grc' dir='ltr'>ιμπαθῶν.</span> 
     </span>
    </p>
   </div>
   <div class='ocr_carea' id='block_1_67' title="bbox 344 3862 1858 3933">
    <p class='ocr_par' dir='ltr' id='par_1_67' title="bbox 344 3862 1858 3933">
     <span class='ocr_line' id='line_1_67' title="bbox 344 3862 1858 3933; baseline 0.001 -19"><span class='ocrx_word' id='word_1_446' title='bbox 344 3869 462 3921; x_wconf 58' lang='grc' dir='ltr'>καε.</span> <span class='ocrx_word' id='word_1_447' title='bbox 485 3862 656 3920; x_wconf 80' lang='grc' dir='ltr'>Ὅταν</span> <span class='ocrx_word' id='word_1_448' title='bbox 711 3862 898 3927; x_wconf 82' lang='grc' dir='ltr'>κακῶς</span> <span class='ocrx_word' id='word_1_449' title='bbox 944 3862 1288 3933; x_wconf 77' lang='grc' dir='ltr'>συμφωνήσῃ</span> <span class='ocrx_word' id='word_1_450' title='bbox 1315 3862 1350 3933; x_wconf 82' lang='grc' dir='ltr'>ἠ</span> <span class='ocrx_word' id='word_1_451' title='bbox 1389 3862 1539 3932; x_wconf 77' lang='grc' dir='ltr'>ψυχή</span> <span class='ocrx_word' id='word_1_452' title='bbox 1573 3862 1732 3932; x_wconf 76' lang='grc' dir='ltr'>’μετὰ</span> <span class='ocrx_word' id='word_1_453' title='bbox 1764 3862 1858 3916; x_wconf 86' lang='grc' dir='ltr'><strong>τοῦ</strong></span> 
     </span>
    </p>
   </div>
   <div class='ocr_carea' id='block_1_68' title="bbox 277 3953 1855 4028">
    <p class='ocr_par' dir='ltr' id='par_1_68' title="bbox 277 3953 1855 4028">
     <span class='ocr_line' id='line_1_68' title="bbox 277 3953 1855 4028; baseline -0.003 -18"><span class='ocrx_word' id='word_1_454' title='bbox 277 3953 558 4028; x_wconf 80' lang='grc' dir='ltr'>σώματος,</span> <span class='ocrx_word' id='word_1_455' title='bbox 589 3955 708 4009; x_wconf 81' lang='grc' dir='ltr'>τότε</span> <span class='ocrx_word' id='word_1_456' title='bbox 737 3955 904 4026; x_wconf 77' lang='grc' dir='ltr'>ἄμφω</span> <span class='ocrx_word' id='word_1_457' title='bbox 933 3953 1282 4025; x_wconf 79' lang='grc' dir='ltr'>οἰκοδομοῦσι</span> <span class='ocrx_word' id='word_1_458' title='bbox 1334 3955 1494 4008; x_wconf 85' lang='grc' dir='ltr'>πόλιν</span> <span class='ocrx_word' id='word_1_459' title='bbox 1527 3954 1855 4021; x_wconf 76' lang='grc' dir='ltr'>κενοδοξίας,</span> 
     </span>
    </p>
   </div>
   <div class='ocr_carea' id='block_1_69' title="bbox 275 4047 1862 4120">
    <p class='ocr_par' dir='ltr' id='par_1_69' title="bbox 275 4047 1862 4120">
     <span class='ocr_line' id='line_1_69' title="bbox 275 4047 1862 4120; baseline -0.003 -15"><span class='ocrx_word' id='word_1_460' title='bbox 275 4050 380 4105; x_wconf 77' lang='grc' dir='ltr'>καὶ</span> <span class='ocrx_word' id='word_1_461' title='bbox 409 4049 807 4120; x_wconf 74' lang='grc' dir='ltr'>ὑπερηφανίας,</span> <span class='ocrx_word' id='word_1_462' title='bbox 833 4049 930 4102; x_wconf 73' lang='grc' dir='ltr'><strong>καὶ</strong></span> <span class='ocrx_word' id='word_1_463' title='bbox 966 4050 1092 4110; x_wconf 84' lang='grc' dir='ltr'>τοὺς</span> <span class='ocrx_word' id='word_1_464' title='bbox 1118 4049 1176 4101; x_wconf 78' lang='grc' dir='ltr'>ἐν</span> <span class='ocrx_word' id='word_1_465' title='bbox 1237 4047 1419 4110; x_wconf 81' lang='grc' dir='ltr'>αὐτοῖς</span> <span class='ocrx_word' id='word_1_466' title='bbox 1475 4047 1862 4113; x_wconf 82' lang='grc' dir='ltr'>κατοικοῦντας</span> 
     </span>
    </p>
   </div>
   <div class='ocr_carea' id='block_1_70' title="bbox 275 4139 1862 4212">
    <p class='ocr_par' dir='ltr' id='par_1_70' title="bbox 275 4139 1862 4212">
     <span class='ocr_line' id='line_1_70' title="bbox 275 4139 1862 4212; baseline -0.003 -14"><span class='ocrx_word' id='word_1_467' title='bbox 275 4143 498 4206; x_wconf 68' lang='grc' dir='ltr'>ἀσεϐεῖς</span> <span class='ocrx_word' id='word_1_468' title='bbox 523 4141 839 4212; x_wconf 74' lang='grc' dir='ltr'>λογισμούς.</span> <span class='ocrx_word' id='word_1_469' title='bbox 861 4141 918 4194; x_wconf 86' lang='lat'><strong>&#39;0</strong></span> <span class='ocrx_word' id='word_1_470' title='bbox 933 4141 992 4194; x_wconf 77' lang='grc' dir='ltr'>δὲ</span> <span class='ocrx_word' id='word_1_471' title='bbox 1020 4140 1224 4212; x_wconf 81' lang='grc' dir='ltr'>Κύριος</span> <span class='ocrx_word' id='word_1_472' title='bbox 1244 4140 1321 4210; x_wconf 84' lang='grc' dir='ltr'>τῷ</span> <span class='ocrx_word' id='word_1_473' title='bbox 1341 4139 1491 4207; x_wconf 80' lang='grc' dir='ltr'>φόϐῳ</span> <span class='ocrx_word' id='word_1_474' title='bbox 1510 4140 1610 4210; x_wconf 77' lang='grc' dir='ltr'>τῆς</span> <span class='ocrx_word' id='word_1_475' title='bbox 1633 4139 1862 4211; x_wconf 78' lang='grc' dir='ltr'>γεέννης</span> 
     </span>
    </p>
   </div>
   <div class='ocr_carea' id='block_1_71' title="bbox 277 4232 1863 4307">
    <p class='ocr_par' dir='ltr' id='par_1_71' title="bbox 277 4232 1863 4307">
     <span class='ocr_line' id='line_1_71' title="bbox 277 4232 1863 4307; baseline -0.001 -18"><span class='ocrx_word' id='word_1_476' title='bbox 277 4235 386 4307; x_wconf 78' lang='grc' dir='ltr'><strong>τὴν</strong></span> <span class='ocrx_word' id='word_1_477' title='bbox 408 4235 719 4307; x_wconf 74' lang='grc' dir='ltr'>ὁμοφωνίαν</span> <span class='ocrx_word' id='word_1_478' title='bbox 737 4235 916 4289; x_wconf 84' lang='grc' dir='ltr'>αὐτῶν</span> <span class='ocrx_word' id='word_1_479' title='bbox 941 4236 1133 4304; x_wconf 87' lang='grc' dir='ltr'>συγχεῖ</span> <span class='ocrx_word' id='word_1_480' title='bbox 1155 4250 1215 4286; x_wconf 86' lang='grc' dir='ltr'><strong>τε</strong></span> <span class='ocrx_word' id='word_1_481' title='bbox 1231 4234 1339 4286; x_wconf 77' lang='grc' dir='ltr'><strong>καὶ</strong></span> <span class='ocrx_word' id='word_1_482' title='bbox 1363 4233 1578 4304; x_wconf 86' lang='grc' dir='ltr'>διαιρεῖ,</span> <span class='ocrx_word' id='word_1_483' title='bbox 1609 4232 1863 4304; x_wconf 73' lang='grc' dir='ltr'>ἀλλότρια</span> 
     </span>
    </p>
   </div>
   <div class='ocr_carea' id='block_1_72' title="bbox 277 4323 1862 4396">
    <p class='ocr_par' dir='ltr' id='par_1_72' title="bbox 277 4323 1862 4396">
     <span class='ocr_line' id='line_1_72' title="bbox 277 4323 1862 4396; baseline -0.003 -14"><span class='ocrx_word' id='word_1_484' title='bbox 277 4339 347 4382; x_wconf 85' lang='grc' dir='ltr'><strong>τε</strong></span> <span class='ocrx_word' id='word_1_485' title='bbox 376 4329 472 4382; x_wconf 73' lang='grc' dir='ltr'><strong>καὶ</strong></span> <span class='ocrx_word' id='word_1_486' title='bbox 495 4325 720 4382; x_wconf 63' lang='grc' dir='ltr'>ἐναντία</span> <span class='ocrx_word' id='word_1_487' title='bbox 755 4323 834 4396; x_wconf 81' lang='grc' dir='ltr'>τῷ</span> <span class='ocrx_word' id='word_1_488' title='bbox 858 4327 1072 4395; x_wconf 84' lang='grc' dir='ltr'>σώματι</span> <span class='ocrx_word' id='word_1_489' title='bbox 1125 4326 1224 4396; x_wconf 82' lang='grc' dir='ltr'>τὴν</span> <span class='ocrx_word' id='word_1_490' title='bbox 1255 4325 1452 4396; x_wconf 82' lang='grc' dir='ltr'>κυρίαν</span> <span class='ocrx_word' id='word_1_491' title='bbox 1477 4325 1653 4396; x_wconf 80' lang='grc' dir='ltr'>ψυχὴν</span> <span class='ocrx_word' id='word_1_492' title='bbox 1683 4324 1862 4378; x_wconf 85' lang='grc' dir='ltr'>λαλεῖν</span> 
     </span>
    </p>
   </div>
   <div class='ocr_carea' id='block_1_73' title="bbox 272 4412 1864 4489">
    <p class='ocr_par' dir='ltr' id='par_1_73' title="bbox 272 4412 1864 4489">
     <span class='ocr_line' id='line_1_73' title="bbox 272 4412 1864 4489; baseline -0.004 -14"><span class='ocrx_word' id='word_1_493' title='bbox 272 4438 340 4474; x_wconf 83' lang='grc' dir='ltr'><strong>τε</strong></span> <span class='ocrx_word' id='word_1_494' title='bbox 366 4422 464 4475; x_wconf 62' lang='grc' dir='ltr'><strong>καὶ¹</strong></span> <span class='ocrx_word' id='word_1_495' title='bbox 492 4421 709 4489; x_wconf 84' lang='grc' dir='ltr'>φρονεῖν</span> <span class='ocrx_word' id='word_1_496' title='bbox 746 4416 1093 4486; x_wconf 77' lang='grc' dir='ltr'>ἀναγκάζων.</span> <span class='ocrx_word' id='word_1_497' title='bbox 1131 4417 1222 4482; x_wconf 80' lang='grc' dir='ltr'>Ἐξ</span> <span class='ocrx_word' id='word_1_498' title='bbox 1257 4412 1319 4471; x_wconf 74' lang='grc' dir='ltr'><strong>οὗ</strong></span> <span class='ocrx_word' id='word_1_499' title='bbox 1347 4417 1511 4485; x_wconf 87' lang='grc' dir='ltr'>φόϐος</span> <span class='ocrx_word' id='word_1_500' title='bbox 1537 4419 1631 4471; x_wconf 78' lang='grc' dir='ltr'>καὶ</span> <span class='ocrx_word' id='word_1_501' title='bbox 1675 4417 1864 4486; x_wconf 86' lang='grc' dir='ltr'>διαμε-</span> 
     </span>
    </p>
   </div>
   <div class='ocr_carea' id='block_1_74' title="bbox 277 4511 1862 4584">
    <p class='ocr_par' dir='ltr' id='par_1_74' title="bbox 277 4511 1862 4584">
     <span class='ocr_line' id='line_1_74' title="bbox 277 4511 1862 4584; baseline -0.001 -18"><span class='ocrx_word' id='word_1_502' title='bbox 277 4514 481 4584; x_wconf 79' lang='grc' dir='ltr'>ρισμὸς</span> <span class='ocrx_word' id='word_1_503' title='bbox 503 4515 686 4576; x_wconf 82' lang='grc' dir='ltr'>αὐτοῖς</span> <span class='ocrx_word' id='word_1_504' title='bbox 738 4511 1050 4581; x_wconf 83' lang='grc' dir='ltr'>συμϐαίνει,</span> <span class='ocrx_word' id='word_1_505' title='bbox 1086 4511 1176 4566; x_wconf 85' lang='grc' dir='ltr'>διὰ</span> <span class='ocrx_word' id='word_1_506' title='bbox 1215 4512 1298 4576; x_wconf 79' lang='grc' dir='ltr'>τὸ,</span> <span class='ocrx_word' id='word_1_507' title='bbox 1341 4512 1404 4565; x_wconf 81' lang='grc' dir='ltr'>τὸ</span> <span class='ocrx_word' id='word_1_508' title='bbox 1452 4511 1707 4582; x_wconf 81' lang='grc' dir='ltr'>φρόνημα</span> <span class='ocrx_word' id='word_1_509' title='bbox 1762 4511 1862 4575; x_wconf 81' lang='grc' dir='ltr'>τῆς</span> 
     </span>
    </p>
   </div>
   <div class='ocr_carea' id='block_1_75' title="bbox 1959 3319 3534 3395">
    <p class='ocr_par' dir='ltr' id='par_1_75' title="bbox 1959 3319 3534 3395">
     <span class='ocr_line' id='line_1_75' title="bbox 1959 3319 3534 3395; baseline 0.004 -23"><span class='ocrx_word' id='word_1_510' title='bbox 1959 3319 2209 3374; x_wconf 84' lang='lat' dir='ltr'><strong>alacriter</strong></span> <span class='ocrx_word' id='word_1_511' title='bbox 2231 3320 2465 3377; x_wconf 89' lang='lat' dir='ltr'><strong>incedat.</strong></span> <span class='ocrx_word' id='word_1_512' title='bbox 2501 3321 2608 3376; x_wconf 90' lang='lat' dir='ltr'><strong>Sed</strong></span> <span class='ocrx_word' id='word_1_513' title='bbox 2628 3323 2940 3379; x_wconf 86' lang='lat' dir='ltr'><strong>necessario</strong></span> <span class='ocrx_word' id='word_1_514' title='bbox 2968 3324 3166 3378; x_wconf 83' lang='lat' dir='ltr'><strong>evadet</strong></span> <span class='ocrx_word' id='word_1_515' title='bbox 3185 3324 3386 3389; x_wconf 80' lang='lat' dir='ltr'><strong>anima,</strong></span> <span class='ocrx_word' id='word_1_516' title='bbox 3413 3333 3534 3395; x_wconf 68' lang='lat' dir='ltr'><strong>quae</strong></span> 
     </span>
    </p>
   </div>
   <div class='ocr_carea' id='block_1_76' title="bbox 1958 3409 3533 3488">
    <p class='ocr_par' dir='ltr' id='par_1_76' title="bbox 1958 3409 3533 3488">
     <span class='ocr_line' id='line_1_76' title="bbox 1958 3409 3533 3488; baseline 0.003 -23"><span class='ocrx_word' id='word_1_517' title='bbox 1958 3426 2069 3466; x_wconf 90' lang='lat' dir='ltr'><strong>non</strong></span> <span class='ocrx_word' id='word_1_518' title='bbox 2103 3409 2335 3468; x_wconf 85' lang='lat' dir='ltr'><strong>attendit</strong></span> <span class='ocrx_word' id='word_1_519' title='bbox 2363 3454 2376 3479; x_wconf 87' lang='lat'>.</span> <span class='ocrx_word' id='word_1_520' title='bbox 2410 3413 2610 3470; x_wconf 81' lang='lat' dir='ltr'><strong>sterilis</strong></span> <span class='ocrx_word' id='word_1_521' title='bbox 2646 3415 2815 3470; x_wconf 83' lang='lat' dir='ltr'><strong>totius</strong></span> <span class='ocrx_word' id='word_1_522' title='bbox 2870 3415 3000 3471; x_wconf 84' lang='lat' dir='ltr'><strong>boni</strong></span> <span class='ocrx_word' id='word_1_523' title='bbox 3059 3424 3115 3472; x_wconf 79' lang='lat' dir='ltr'><strong>et</strong></span> <span class='ocrx_word' id='word_1_524' title='bbox 3161 3417 3533 3488; x_wconf 74' lang='lat' dir='ltr'><strong>intelligentiae</strong></span> 
     </span>
    </p>
   </div>
   <div class='ocr_carea' id='block_1_77' title="bbox 1959 3505 3535 3577">
    <p class='ocr_par' dir='ltr' id='par_1_77' title="bbox 1959 3505 3535 3577">
     <span class='ocr_line' id='line_1_77' title="bbox 1959 3505 3535 3577; baseline 0.003 -17"><span class='ocrx_word' id='word_1_525' title='bbox 1959 3506 2240 3576; x_wconf 66' lang='lat' dir='ltr'><strong>perfectae,</strong></span> <span class='ocrx_word' id='word_1_526' title='bbox 2275 3509 2504 3577; x_wconf 91' lang='lat' dir='ltr'><strong>perinde</strong></span> <span class='ocrx_word' id='word_1_527' title='bbox 2554 3525 2618 3566; x_wconf 91' lang='lat' dir='ltr'><strong>ac</strong></span> <span class='ocrx_word' id='word_1_528' title='bbox 2657 3511 2836 3566; x_wconf 90' lang='lat' dir='ltr'><strong>mulus</strong></span> <span class='ocrx_word' id='word_1_529' title='bbox 2881 3512 3120 3576; x_wconf 83' lang='lat' dir='ltr'><strong>inutilis,</strong></span> <span class='ocrx_word' id='word_1_530' title='bbox 3163 3505 3250 3567; x_wconf 82' lang='lat' dir='ltr'><strong>cui</strong></span> <span class='ocrx_word' id='word_1_531' title='bbox 3295 3528 3404 3565; x_wconf 89' lang='lat' dir='ltr'><strong>non</strong></span> <span class='ocrx_word' id='word_1_532' title='bbox 3450 3520 3535 3565; x_wconf 85' lang='lat' dir='ltr'><strong>est</strong></span> 
     </span>
    </p>
   </div>
   <div class='ocr_carea' id='block_1_78' title="bbox 1959 3595 3540 3670">
    <p class='ocr_par' dir='ltr' id='par_1_78' title="bbox 1959 3595 3540 3670">
     <span class='ocr_line' id='line_1_78' title="bbox 1959 3595 3540 3670; baseline 0.006 -23"><span class='ocrx_word' id='word_1_533' title='bbox 1959 3595 2272 3654; x_wconf 81' lang='lat' dir='ltr'><strong>intellectus</strong></span> <span class='ocrx_word' id='word_1_534' title='bbox 2321 3601 2603 3668; x_wconf 63' lang='lat' dir='ltr'><strong>sapientia:</strong></span> <span class='ocrx_word' id='word_1_535' title='bbox 2649 3600 2936 3670; x_wconf 84' lang='lat' dir='ltr'><strong>spiritalis.</strong></span> <span class='ocrx_word' id='word_1_536' title='bbox 2978 3599 3233 3655; x_wconf 83' lang='lat' dir='ltr'><strong>Profecto</strong></span> <span class='ocrx_word' id='word_1_537' title='bbox 3290 3616 3390 3669; x_wconf 76' lang='lat' dir='ltr'><strong>pax</strong></span> <span class='ocrx_word' id='word_1_538' title='bbox 3449 3611 3540 3656; x_wconf 91' lang='lat' dir='ltr'><strong>est-</strong></span> 
     </span>
    </p>
   </div>
   <div class='ocr_carea' id='block_1_79' title="bbox 1959 3679 3522 3758">
    <p class='ocr_par' dir='ltr' id='par_1_79' title="bbox 1959 3679 3522 3758">
     <span class='ocr_line' id='line_1_79' title="bbox 1959 3679 3522 3758; baseline 0.005 -19"><span class='ocrx_word' id='word_1_539' title='bbox 1959 3689 2200 3742; x_wconf 86' lang='lat' dir='ltr'><strong>suavitas</strong></span> <span class='ocrx_word' id='word_1_540' title='bbox 2225 3689 2441 3751; x_wconf 69' lang='lat' dir='ltr'><strong>animae,</strong></span> <span class='ocrx_word' id='word_1_541' title='bbox 2477 3697 2586 3742; x_wconf 90' lang='lat' dir='ltr'><strong>tam</strong></span> <span class='ocrx_word' id='word_1_542' title='bbox 2617 3705 2695 3753; x_wconf 87' lang='lat' dir='ltr'><strong>re,</strong></span> <span class='ocrx_word' id='word_1_543' title='bbox 2725 3705 2887 3758; x_wconf 88' lang='lat' dir='ltr'><strong>quam</strong></span> <span class='ocrx_word' id='word_1_544' title='bbox 2929 3691 3170 3755; x_wconf 82' lang='lat' dir='ltr'><strong>nomine,</strong></span> <span class='ocrx_word' id='word_1_545' title='bbox 3206 3700 3261 3746; x_wconf 90' lang='lat' dir='ltr'><strong>et</strong></span> <span class='ocrx_word' id='word_1_546' title='bbox 3289 3679 3522 3748; x_wconf 73' lang='lat' dir='ltr'><strong>evacua—</strong></span> 
     </span>
    </p>
   </div>
   <div class='ocr_carea' id='block_1_80' title="bbox 1961 3777 3244 3848">
    <p class='ocr_par' dir='ltr' id='par_1_80' title="bbox 1961 3777 3244 3848">
     <span class='ocr_line' id='line_1_80' title="bbox 1961 3777 3244 3848; baseline 0.005 -18"><span class='ocrx_word' id='word_1_547' title='bbox 1961 3777 2038 3831; x_wconf 90' lang='lat' dir='ltr'><strong>tio</strong></span> <span class='ocrx_word' id='word_1_548' title='bbox 2077 3778 2466 3848; x_wconf 77' lang='lat' dir='ltr'><strong>cogitationum</strong></span> <span class='ocrx_word' id='word_1_549' title='bbox 2499 3779 2800 3833; x_wconf 87' lang='lat' dir='ltr'><strong>deditarum</strong></span> <span class='ocrx_word' id='word_1_550' title='bbox 2839 3781 3244 3837; x_wconf 78' lang='lat' dir='ltr'><strong>affectionibus.</strong></span> 
     </span>
    </p>
   </div>
   <div class='ocr_carea' id='block_1_81' title="bbox 2031 3863 3526 3944">
    <p class='ocr_par' dir='ltr' id='par_1_81' title="bbox 2031 3863 3526 3944">
     <span class='ocr_line' id='line_1_81' title="bbox 2031 3863 3526 3944; baseline 0.006 -25"><span class='ocrx_word' id='word_1_551' title='bbox 2031 3865 2122 3920; x_wconf 76' lang='grc'><strong>21.</strong></span> <span class='ocrx_word' id='word_1_552' title='bbox 2138 3863 2369 3931; x_wconf 86' lang='lat' dir='ltr'><strong>Quando</strong></span> <span class='ocrx_word' id='word_1_553' title='bbox 2380 3867 2569 3922; x_wconf 79' lang='lat' dir='ltr'><strong>vitiose</strong></span> <span class='ocrx_word' id='word_1_554' title='bbox 2595 3870 2891 3924; x_wconf 77' lang='lat' dir='ltr'><strong>concordat</strong></span> <span class='ocrx_word' id='word_1_555' title='bbox 2915 3868 3095 3925; x_wconf 85' lang='lat' dir='ltr'><strong>anima</strong></span> <span class='ocrx_word' id='word_1_556' title='bbox 3125 3885 3247 3927; x_wconf 88' lang='lat' dir='ltr'><strong>eum</strong></span> <span class='ocrx_word' id='word_1_557' title='bbox 3275 3887 3526 3944; x_wconf 72' lang='lat' dir='ltr'><strong>corpore,</strong></span> 
     </span>
    </p>
   </div>
   <div class='ocr_carea' id='block_1_82' title="bbox 1972 3959 3532 4035">
    <p class='ocr_par' dir='ltr' id='par_1_82' title="bbox 1972 3959 3532 4035">
     <span class='ocr_line' id='line_1_82' title="bbox 1972 3959 3532 4035; baseline 0.006 -24"><span class='ocrx_word' id='word_1_558' title='bbox 1972 3965 2104 4013; x_wconf 89' lang='lat' dir='ltr'><strong>tune</strong></span> <span class='ocrx_word' id='word_1_559' title='bbox 2151 3959 2311 4014; x_wconf 87' lang='lat' dir='ltr'><strong>ambo</strong></span> <span class='ocrx_word' id='word_1_560' title='bbox 2359 3967 2684 4013; x_wconf 81' lang='lat' dir='ltr'><strong>construunt</strong></span> <span class='ocrx_word' id='word_1_561' title='bbox 2717 3960 2992 4016; x_wconf 86' lang='lat' dir='ltr'><strong>civitatem</strong></span> <span class='ocrx_word' id='word_1_562' title='bbox 3035 3979 3188 4017; x_wconf 63' lang='grc' dir='ltr'>τουτο</span> <span class='ocrx_word' id='word_1_563' title='bbox 3232 3965 3448 4035; x_wconf 47' lang='lat' dir='ltr'><strong>glori»,</strong></span> <span class='ocrx_word' id='word_1_564' title='bbox 3477 3977 3532 4020; x_wconf 86' lang='lat' dir='ltr'><strong>et</strong></span> 
     </span>
    </p>
   </div>
   <div class='ocr_carea' id='block_1_83' title="bbox 1962 4050 3533 4128">
    <p class='ocr_par' dir='ltr' id='par_1_83' title="bbox 1962 4050 3533 4128">
     <span class='ocr_line' id='line_1_83' title="bbox 1962 4050 3533 4128; baseline 0.005 -22"><span class='ocrx_word' id='word_1_565' title='bbox 1962 4050 2234 4120; x_wconf 64' lang='lat' dir='ltr'><strong>superbiae</strong></span> <span class='ocrx_word' id='word_1_566' title='bbox 2265 4052 2493 4118; x_wconf 74' lang='lat' dir='ltr'><strong>turrim,</strong></span> <span class='ocrx_word' id='word_1_567' title='bbox 2527 4051 2842 4108; x_wconf 82' lang='lat' dir='ltr'><strong>habitantes</strong></span> <span class='ocrx_word' id='word_1_568' title='bbox 2895 4056 3059 4110; x_wconf 84' lang='lat' dir='ltr'><strong>etiam</strong></span> <span class='ocrx_word' id='word_1_569' title='bbox 3108 4057 3161 4111; x_wconf 89' lang='lat' dir='ltr'><strong>in</strong></span> <span class='ocrx_word' id='word_1_570' title='bbox 3206 4058 3286 4112; x_wconf 87' lang='lat' dir='ltr'><strong>eis</strong></span> <span class='ocrx_word' id='word_1_571' title='bbox 3340 4059 3533 4128; x_wconf 75' lang='lat' dir='ltr'><strong>impias</strong></span> 
     </span>
    </p>
   </div>
   <div class='ocr_carea' id='block_1_84' title="bbox 1964 4144 3532 4214">
    <p class='ocr_par' dir='ltr' id='par_1_84' title="bbox 1964 4144 3532 4214">
     <span class='ocr_line' id='line_1_84' title="bbox 1964 4144 3532 4214; baseline 0.004 -16"><span class='ocrx_word' id='word_1_572' title='bbox 1964 4144 2344 4214; x_wconf 82' lang='lat' dir='ltr'><strong>cogitationes.</strong></span> <span class='ocrx_word' id='word_1_573' title='bbox 2375 4147 2641 4200; x_wconf 80' lang='lat' dir='ltr'><strong>Caeterum</strong></span> <span class='ocrx_word' id='word_1_574' title='bbox 2661 4146 2944 4212; x_wconf 85' lang='lat' dir='ltr'><strong>Dominus,</strong></span> <span class='ocrx_word' id='word_1_575' title='bbox 2973 4164 3160 4202; x_wconf 90' lang='lat' dir='ltr'><strong>eorum</strong></span> <span class='ocrx_word' id='word_1_576' title='bbox 3185 4151 3532 4206; x_wconf 77' lang='lat' dir='ltr'><strong>concerdiam</strong></span> 
     </span>
    </p>
   </div>
   <div class='ocr_carea' id='block_1_85' title="bbox 1962 4235 3536 4314">
    <p class='ocr_par' dir='ltr' id='par_1_85' title="bbox 1962 4235 3536 4314">
     <span class='ocr_line' id='line_1_85' title="bbox 1962 4235 3536 4314; baseline 0.005 -26"><span class='ocrx_word' id='word_1_577' title='bbox 1962 4246 2113 4289; x_wconf 80' lang='lat' dir='ltr'><strong>metu</strong></span> <span class='ocrx_word' id='word_1_578' title='bbox 2161 4235 2423 4305; x_wconf 61' lang='lat' dir='ltr'><strong>gehennae</strong></span> <span class='ocrx_word' id='word_1_579' title='bbox 2480 4237 2767 4292; x_wconf 86' lang='lat' dir='ltr'><strong>confundit</strong></span> <span class='ocrx_word' id='word_1_580' title='bbox 2827 4255 2889 4294; x_wconf 87' lang='lat' dir='ltr'><strong>ac</strong></span> <span class='ocrx_word' id='word_1_581' title='bbox 2949 4238 3339 4296; x_wconf 80' lang='lat' dir='ltr'><strong>dividitzdum</strong></span> <span class='ocrx_word' id='word_1_582' title='bbox 3395 4243 3536 4314; x_wconf 80' lang='lat' dir='ltr'><strong>cogit</strong></span> 
     </span>
    </p>
   </div>
   <div class='ocr_carea' id='block_1_86' title="bbox 1961 4327 3534 4403">
    <p class='ocr_par' dir='ltr' id='par_1_86' title="bbox 1961 4327 3534 4403">
     <span class='ocr_line' id='line_1_86' title="bbox 1961 4327 3534 4403; baseline 0.005 -24"><span class='ocrx_word' id='word_1_583' title='bbox 1961 4327 2330 4397; x_wconf 86' lang='lat' dir='ltr'><strong>principatum</strong></span> <span class='ocrx_word' id='word_1_584' title='bbox 2354 4336 2626 4384; x_wconf 89' lang='lat' dir='ltr'><strong>tenentem</strong></span> <span class='ocrx_word' id='word_1_585' title='bbox 2646 4329 2882 4384; x_wconf 88' lang='lat' dir='ltr'><strong>animam</strong></span> <span class='ocrx_word' id='word_1_586' title='bbox 2903 4332 3106 4386; x_wconf 87' lang='lat' dir='ltr'><strong>sentire</strong></span> <span class='ocrx_word' id='word_1_587' title='bbox 3123 4343 3177 4386; x_wconf 92' lang='lat' dir='ltr'><strong>et</strong></span> <span class='ocrx_word' id='word_1_588' title='bbox 3193 4333 3334 4403; x_wconf 82' lang='lat' dir='ltr'><strong>loqui</strong></span> <span class='ocrx_word' id='word_1_589' title='bbox 3362 4335 3534 4388; x_wconf 81' lang='lat' dir='ltr'><strong>aliena</strong></span> 
     </span>
    </p>
   </div>
   <div class='ocr_carea' id='block_1_87' title="bbox 1963 4419 3533 4491">
    <p class='ocr_par' dir='ltr' id='par_1_87' title="bbox 1963 4419 3533 4491">
     <span class='ocr_line' id='line_1_87' title="bbox 1963 4419 3533 4491; baseline 0.003 -18"><span class='ocrx_word' id='word_1_590' title='bbox 1963 4427 2019 4473; x_wconf 88' lang='lat' dir='ltr'><strong>et</strong></span> <span class='ocrx_word' id='word_1_591' title='bbox 2046 4419 2317 4474; x_wconf 91' lang='lat' dir='ltr'><strong>contraria</strong></span> <span class='ocrx_word' id='word_1_592' title='bbox 2352 4420 2587 4490; x_wconf 85' lang='lat' dir='ltr'><strong>corpori.</strong></span> <span class='ocrx_word' id='word_1_593' title='bbox 2630 4421 2704 4475; x_wconf 81' lang='lat' dir='ltr'><strong>Ex</strong></span> <span class='ocrx_word' id='word_1_594' title='bbox 2735 4438 2842 4491; x_wconf 91' lang='lat' dir='ltr'><strong>quo</strong></span> <span class='ocrx_word' id='word_1_595' title='bbox 2881 4431 3028 4476; x_wconf 87' lang='lat' dir='ltr'><strong>metu</strong></span> <span class='ocrx_word' id='word_1_596' title='bbox 3056 4424 3231 4477; x_wconf 88' lang='lat' dir='ltr'><strong>oritur</strong></span> <span class='ocrx_word' id='word_1_597' title='bbox 3260 4425 3366 4478; x_wconf 89' lang='lat' dir='ltr'><strong>illis</strong></span> <span class='ocrx_word' id='word_1_598' title='bbox 3396 4425 3533 4479; x_wconf 78' lang='lat' dir='ltr'><strong>divi-</strong></span> 
     </span>
    </p>
   </div>
   <div class='ocr_carea' id='block_1_88' title="bbox 1965 4510 3535 4583">
    <p class='ocr_par' dir='ltr' id='par_1_88' title="bbox 1965 4510 3535 4583">
     <span class='ocr_line' id='line_1_88' title="bbox 1965 4510 3535 4583; baseline 0.004 -18"><span class='ocrx_word' id='word_1_599' title='bbox 1965 4510 2088 4565; x_wconf 87' lang='lat' dir='ltr'><strong>sio:</strong></span> <span class='ocrx_word' id='word_1_600' title='bbox 2121 4526 2187 4565; x_wconf 92' lang='lat' dir='ltr'><strong>eo</strong></span> <span class='ocrx_word' id='word_1_601' title='bbox 2219 4512 2364 4581; x_wconf 89' lang='lat' dir='ltr'><strong>quod</strong></span> <span class='ocrx_word' id='word_1_602' title='bbox 2406 4512 2698 4582; x_wconf 84' lang='lat' dir='ltr'><strong>prudentia</strong></span> <span class='ocrx_word' id='word_1_603' title='bbox 2725 4514 2910 4568; x_wconf 86' lang='lat' dir='ltr'><strong>carnis</strong></span> <span class='ocrx_word' id='word_1_604' title='bbox 2947 4515 3165 4568; x_wconf 90' lang='lat' dir='ltr'><strong>inimica</strong></span> <span class='ocrx_word' id='word_1_605' title='bbox 3214 4517 3283 4571; x_wconf 91' lang='lat' dir='ltr'><strong>sit</strong></span> <span class='ocrx_word' id='word_1_606' title='bbox 3320 4516 3448 4583; x_wconf 87' lang='lat' dir='ltr'><strong>Deo,</strong></span> <span class='ocrx_word' id='word_1_607' title='bbox 3479 4526 3535 4574; x_wconf 90' lang='lat' dir='ltr'><strong>ct</strong></span> 
     </span>
    </p>
   </div>
   <div class='ocr_carea' id='block_1_89' title="bbox 276 4591 1852 4678">
    <p class='ocr_par' dir='ltr' id='par_1_89' title="bbox 276 4599 1852 4678">
     <span class='ocr_line' id='line_1_89' title="bbox 276 4599 1852 4678; baseline -0.003 -18"><span class='ocrx_word' id='word_1_608' title='bbox 276 4606 518 4678; x_wconf 74' lang='grc' dir='ltr'>σαρκὸς,</span> <span class='ocrx_word' id='word_1_609' title='bbox 550 4604 749 4674; x_wconf 77' lang='grc' dir='ltr'>ἔχθραν</span> <span class='ocrx_word' id='word_1_610' title='bbox 776 4605 854 4668; x_wconf 83' lang='grc' dir='ltr'>εἰς</span> <span class='ocrx_word' id='word_1_611' title='bbox 877 4603 1010 4657; x_wconf 73' lang='grc' dir='ltr'>Θεὸν</span> <span class='ocrx_word' id='word_1_612' title='bbox 1029 4599 1192 4669; x_wconf 78' lang='grc' dir='ltr'>εἶναι,</span> <span class='ocrx_word' id='word_1_613' title='bbox 1221 4604 1318 4656; x_wconf 75' lang='grc' dir='ltr'>καὶ</span> <span class='ocrx_word' id='word_1_614' title='bbox 1339 4601 1419 4674; x_wconf 81' lang='grc' dir='ltr'>τῷ</span> <span class='ocrx_word' id='word_1_615' title='bbox 1441 4602 1536 4658; x_wconf 85' lang='grc' dir='ltr'><strong>τοῦ</strong></span> <span class='ocrx_word' id='word_1_616' title='bbox 1549 4601 1688 4656; x_wconf 83' lang='grc' dir='ltr'>Θεοῦ</span> <span class='ocrx_word' id='word_1_617' title='bbox 1712 4601 1852 4673; x_wconf 71' lang='grc' dir='ltr'>νόμῳ</span> 
     </span>
    </p>
   </div>
   <div class='ocr_carea' id='block_1_90' title="bbox 1963 4591 2822 4678">
    <p class='ocr_par' dir='ltr' id='par_1_90' title="bbox 1967 4601 2822 4674">
     <span class='ocr_line' id='line_1_90' title="bbox 1967 4601 2822 4674; baseline 0.001 -17"><span class='ocrx_word' id='word_1_618' title='bbox 1967 4601 2071 4672; x_wconf 79' lang='lat' dir='ltr'><strong>legi</strong></span> <span class='ocrx_word' id='word_1_619' title='bbox 2098 4601 2295 4657; x_wconf 62' lang='lat' dir='ltr'><strong>divina;</strong></span> <span class='ocrx_word' id='word_1_620' title='bbox 2328 4609 2437 4658; x_wconf 81' lang='lat' dir='ltr'><strong>non</strong></span> <span class='ocrx_word' id='word_1_621' title='bbox 2463 4603 2534 4657; x_wconf 90' lang='lat' dir='ltr'><strong>sit</strong></span> <span class='ocrx_word' id='word_1_622' title='bbox 2557 4604 2822 4674; x_wconf 81' lang='lat' dir='ltr'><strong>subjecta.</strong></span> 
     </span>
    </p>
   </div>
   <div class='ocr_carea' id='block_1_91' title="bbox 276 4695 812 4772">
    <p class='ocr_par' dir='ltr' id='par_1_91' title="bbox 276 4695 812 4772">
     <span class='ocr_line' id='line_1_91' title="bbox 276 4695 812 4772; baseline -0.011 -18"><span class='ocrx_word' id='word_1_623' title='bbox 276 4699 362 4772; x_wconf 81' lang='grc' dir='ltr'><strong>μὴ</strong></span> <span class='ocrx_word' id='word_1_624' title='bbox 396 4695 812 4752; x_wconf 81' lang='grc' dir='ltr'>ὑποτάσσεσθαι.</span> 
     </span>
    </p>
   </div>
   <div class='ocr_carea' id='block_1_92' title="bbox 352 4779 1860 4858">
    <p class='ocr_par' dir='ltr' id='par_1_92' title="bbox 352 4779 1860 4858">
     <span class='ocr_line' id='line_1_92' title="bbox 352 4779 1860 4858; baseline -0.006 -16"><span class='ocrx_word' id='word_1_625' title='bbox 352 4788 461 4858; x_wconf 59' lang='grc' dir='ltr'>κβτζ</span> <span class='ocrx_word' id='word_1_626' title='bbox 490 4787 569 4840; x_wconf 72' lang='grc' dir='ltr'><strong>Τὰ</strong></span> <span class='ocrx_word' id='word_1_627' title='bbox 617 4781 740 4838; x_wconf 78' lang='grc' dir='ltr'>καθ’</span> <span class='ocrx_word' id='word_1_628' title='bbox 779 4783 996 4855; x_wconf 79' lang='grc' dir='ltr'>ἡμέραν</span> <span class='ocrx_word' id='word_1_629' title='bbox 1035 4781 1194 4854; x_wconf 75' lang='grc' dir='ltr'>ἡμῶν</span> <span class='ocrx_word' id='word_1_630' title='bbox 1241 4781 1381 4852; x_wconf 70' lang='grc' dir='ltr'>ἔργα</span> <span class='ocrx_word' id='word_1_631' title='bbox 1410 4781 1492 4834; x_wconf 81' lang='grc' dir='ltr'><strong>δεῖ</strong></span> <span class='ocrx_word' id='word_1_632' title='bbox 1537 4779 1860 4850; x_wconf 78' lang='grc' dir='ltr'>σταθμίζειν</span> 
     </span>
    </p>
   </div>
   <div class='ocr_carea' id='block_1_93' title="bbox 264 4871 1862 4950">
    <p class='ocr_par' dir='ltr' id='par_1_93' title="bbox 264 4871 1862 4950">
     <span class='ocr_line' id='line_1_93' title="bbox 264 4871 1862 4950; baseline -0.01 -10"><span class='ocrx_word' id='word_1_633' title='bbox 264 4881 412 4939; x_wconf 83' lang='grc' dir='ltr'>καθ’</span> <span class='ocrx_word' id='word_1_634' title='bbox 449 4879 598 4950; x_wconf 78' lang='grc' dir='ltr'>ὥραν</span> <span class='ocrx_word' id='word_1_635' title='bbox 636 4878 730 4932; x_wconf 68' lang='grc' dir='ltr'>καὶ</span> <span class='ocrx_word' id='word_1_636' title='bbox 794 4875 1104 4947; x_wconf 80' lang='grc' dir='ltr'>προσέχειν,</span> <span class='ocrx_word' id='word_1_637' title='bbox 1155 4875 1250 4928; x_wconf 77' lang='grc' dir='ltr'>καὶ</span> <span class='ocrx_word' id='word_1_638' title='bbox 1277 4874 1454 4942; x_wconf 87' lang='grc' dir='ltr'>κοῦφα</span> <span class='ocrx_word' id='word_1_639' title='bbox 1495 4873 1594 4942; x_wconf 84' lang='grc' dir='ltr'><strong>ὃση</strong></span> <span class='ocrx_word' id='word_1_640' title='bbox 1633 4871 1862 4942; x_wconf 79' lang='grc' dir='ltr'>δύναμις</span> 
     </span>
    </p>
   </div>
   <div class='ocr_carea' id='block_1_94' title="bbox 262 4963 1859 5042">
    <p class='ocr_par' dir='ltr' id='par_1_94' title="bbox 262 4963 1859 5042">
     <span class='ocr_line' id='line_1_94' title="bbox 262 4963 1859 5042; baseline -0.007 -15"><span class='ocrx_word' id='word_1_641' title='bbox 262 4975 376 5033; x_wconf 62' lang='grc' dir='ltr'><strong>ἀπ’</strong></span> <span class='ocrx_word' id='word_1_642' title='bbox 409 4974 678 5042; x_wconf 76' lang='grc' dir='ltr'>ἀνάγκαις</span> <span class='ocrx_word' id='word_1_643' title='bbox 723 4973 901 5024; x_wconf 76' lang='grc' dir='ltr'>ποιεῖν</span> <span class='ocrx_word' id='word_1_644' title='bbox 941 4971 1006 5039; x_wconf 77' lang='grc' dir='ltr'>τῇ</span> <span class='ocrx_word' id='word_1_645' title='bbox 1053 4967 1264 5038; x_wconf 77' lang='grc' dir='ltr'>ἑσπέρᾳ</span> <span class='ocrx_word' id='word_1_646' title='bbox 1295 4966 1386 5019; x_wconf 83' lang='grc' dir='ltr'>διὰ</span> <span class='ocrx_word' id='word_1_647' title='bbox 1415 4965 1516 5034; x_wconf 79' lang='grc' dir='ltr'>τῆς</span> <span class='ocrx_word' id='word_1_648' title='bbox 1549 4963 1859 5034; x_wconf 71' lang='grc' dir='ltr'>μετανοίας,</span> 
     </span>
    </p>
   </div>
   <div class='ocr_carea' id='block_1_95' title="bbox 258 5055 1857 5138">
    <p class='ocr_par' dir='ltr' id='par_1_95' title="bbox 258 5055 1857 5138">
     <span class='ocr_line' id='line_1_95' title="bbox 258 5055 1857 5138; baseline -0.01 -13"><span class='ocrx_word' id='word_1_649' title='bbox 258 5070 335 5126; x_wconf 69' lang='lat' dir='ltr'><strong>cl</strong></span> <span class='ocrx_word' id='word_1_650' title='bbox 372 5085 437 5137; x_wconf 82' lang='grc' dir='ltr'><strong>γε</strong></span> <span class='ocrx_word' id='word_1_651' title='bbox 471 5065 772 5138; x_wconf 77' lang='grc' dir='ltr'>βουλόμεθα</span> <span class='ocrx_word' id='word_1_652' title='bbox 808 5065 906 5117; x_wconf 83' lang='grc' dir='ltr'><strong>σὺν</strong></span> <span class='ocrx_word' id='word_1_653' title='bbox 938 5061 1060 5130; x_wconf 79' lang='grc' dir='ltr'><strong>Θεῷ</strong></span> <span class='ocrx_word' id='word_1_654' title='bbox 1083 5060 1182 5128; x_wconf 81' lang='grc' dir='ltr'>τῆς</span> <span class='ocrx_word' id='word_1_655' title='bbox 1215 5059 1415 5120; x_wconf 83' lang='grc' dir='ltr'>κακίας</span> <span class='ocrx_word' id='word_1_656' title='bbox 1453 5055 1857 5127; x_wconf 65' lang='grc' dir='ltr'>περιγενέσθαι.</span> 
     </span>
    </p>
   </div>
   <div class='ocr_carea' id='block_1_96' title="bbox 261 5147 1863 5224">
    <p class='ocr_par' dir='ltr' id='par_1_96' title="bbox 261 5147 1863 5224">
     <span class='ocr_line' id='line_1_96' title="bbox 261 5147 1863 5224; baseline -0.011 -6"><span class='ocrx_word' id='word_1_657' title='bbox 261 5162 402 5218; x_wconf 70' lang='grc' dir='ltr'><strong>Καὶ</strong></span> <span class='ocrx_word' id='word_1_658' title='bbox 441 5161 663 5213; x_wconf 86' lang='grc' dir='ltr'>σκοπεῖν</span> <span class='ocrx_word' id='word_1_659' title='bbox 700 5157 802 5224; x_wconf 85' lang='grc' dir='ltr'>δεῖ,</span> <span class='ocrx_word' id='word_1_660' title='bbox 838 5156 887 5208; x_wconf 79' lang='grc' dir='ltr'><strong>εἰ</strong></span> <span class='ocrx_word' id='word_1_661' title='bbox 930 5154 1071 5208; x_wconf 76' lang='grc' dir='ltr'>κατὰ</span> <span class='ocrx_word' id='word_1_662' title='bbox 1129 5151 1263 5204; x_wconf 74' lang='grc' dir='ltr'>Θεὸν</span> <span class='ocrx_word' id='word_1_663' title='bbox 1283 5149 1547 5220; x_wconf 78' lang='grc' dir='ltr'>τελοῦμεν</span> <span class='ocrx_word' id='word_1_664' title='bbox 1585 5147 1863 5202; x_wconf 74' lang='grc' dir='ltr'>πάντατὰ</span> 
     </span>
    </p>
   </div>
   <div class='ocr_carea' id='block_1_97' title="bbox 258 5238 1862 5321">
    <p class='ocr_par' dir='ltr' id='par_1_97' title="bbox 258 5238 1862 5321">
     <span class='ocr_line' id='line_1_97' title="bbox 258 5238 1862 5321; baseline -0.009 -13"><span class='ocrx_word' id='word_1_665' title='bbox 258 5249 528 5321; x_wconf 78' lang='grc' dir='ltr'>αἰσθητὰ</span> <span class='ocrx_word' id='word_1_666' title='bbox 566 5249 659 5304; x_wconf 62' lang='grc' dir='ltr'><strong>καὶ⁵</strong></span> <span class='ocrx_word' id='word_1_667' title='bbox 702 5248 1003 5318; x_wconf 85' lang='grc' dir='ltr'>φαινόμενα</span> <span class='ocrx_word' id='word_1_668' title='bbox 1057 5243 1210 5314; x_wconf 83' lang='grc' dir='ltr'>ἡμῶν</span> <span class='ocrx_word' id='word_1_669' title='bbox 1254 5242 1390 5314; x_wconf 76' lang='grc' dir='ltr'>ἔργα</span> <span class='ocrx_word' id='word_1_670' title='bbox 1455 5239 1578 5294; x_wconf 86' lang='grc' dir='ltr'>κατ’</span> <span class='ocrx_word' id='word_1_671' title='bbox 1630 5238 1862 5294; x_wconf 72' lang='grc' dir='ltr'>ἐνώπιον</span> 
     </span>
    </p>
   </div>
   <div class='ocr_carea' id='block_1_98' title="bbox 253 5333 1864 5412">
    <p class='ocr_par' dir='ltr' id='par_1_98' title="bbox 253 5333 1864 5412">
     <span class='ocr_line' id='line_1_98' title="bbox 253 5333 1864 5412; baseline -0.009 -10"><span class='ocrx_word' id='word_1_672' title='bbox 253 5335 429 5402; x_wconf 80' lang='grc' dir='ltr'>Θεοῦ</span> <span class='ocrx_word' id='word_1_673' title='bbox 461 5341 556 5396; x_wconf 79' lang='grc' dir='ltr'>καὶ</span> <span class='ocrx_word' id='word_1_674' title='bbox 582 5341 765 5412; x_wconf 82' lang='grc' dir='ltr'>μόνον,</span> <span class='ocrx_word' id='word_1_675' title='bbox 811 5333 902 5393; x_wconf 63' lang='grc' dir='ltr'>ἵνα</span> <span class='ocrx_word' id='word_1_676' title='bbox 933 5337 1009 5408; x_wconf 80' lang='grc' dir='ltr'><strong>μὴ</strong></span> <span class='ocrx_word' id='word_1_677' title='bbox 1039 5336 1144 5389; x_wconf 72' lang='grc' dir='ltr'><strong>ὑπὸ</strong></span> <span class='ocrx_word' id='word_1_678' title='bbox 1169 5335 1278 5388; x_wconf 81' lang='grc' dir='ltr'>τῶν</span> <span class='ocrx_word' id='word_1_679' title='bbox 1312 5333 1618 5406; x_wconf 74' lang='grc' dir='ltr'>αἰσθήσεων</span> <span class='ocrx_word' id='word_1_680' title='bbox 1649 5334 1864 5402; x_wconf 76' lang='grc' dir='ltr'>ἀλόγως</span> 
     </span>
    </p>
   </div>
   <div class='ocr_carea' id='block_1_99' title="bbox 247 5432 672 5504">
    <p class='ocr_par' dir='ltr' id='par_1_99' title="bbox 247 5432 672 5504">
     <span class='ocr_line' id='line_1_99' title="bbox 247 5432 672 5504; baseline -0.014 -12"><span class='ocrx_word' id='word_1_681' title='bbox 247 5432 672 5504; x_wconf 75' lang='grc' dir='ltr'>κλεπτὼμεθα.</span> 
     </span>
    </p>
   </div>
   <div class='ocr_carea' id='block_1_100' title="bbox 345 5601 1859 5684">
    <p class='ocr_par' dir='ltr' id='par_1_100' title="bbox 345 5601 1859 5684">
     <span class='ocr_line' id='line_1_100' title="bbox 345 5601 1859 5684; baseline -0.011 -13"><span class='ocrx_word' id='word_1_682' title='bbox 345 5619 469 5684; x_wconf 79' lang='grc' dir='ltr'>κγ’.</span> <span class='ocrx_word' id='word_1_683' title='bbox 511 5610 640 5666; x_wconf 80' lang='grc' dir='ltr'><strong>Ἐὰν</strong></span> <span class='ocrx_word' id='word_1_684' title='bbox 663 5610 724 5664; x_wconf 82' lang='grc' dir='ltr'><strong>τδ</strong></span> <span class='ocrx_word' id='word_1_685' title='bbox 753 5608 886 5663; x_wconf 65' lang='grc' dir='ltr'>καθ’</span> <span class='ocrx_word' id='word_1_686' title='bbox 921 5607 1162 5677; x_wconf 74' lang='grc' dir='ltr'>ἑκάστην</span> <span class='ocrx_word' id='word_1_687' title='bbox 1203 5601 1577 5675; x_wconf 69' lang='grc' dir='ltr'>κερδαίνωμεν</span> <span class='ocrx_word' id='word_1_688' title='bbox 1609 5603 1708 5658; x_wconf 78' lang='grc' dir='ltr'><strong>σὺν</strong></span> <span class='ocrx_word' id='word_1_689' title='bbox 1739 5601 1859 5672; x_wconf 85' lang='grc' dir='ltr'><strong>Θεῷ</strong></span> 
     </span>
    </p>
   </div>
   <div class='ocr_carea' id='block_1_101' title="bbox 197 5689 1857 5777">
    <p class='ocr_par' dir='ltr' id='par_1_101' title="bbox 197 5689 1857 5777">
     <span class='ocr_line' id='line_1_101' title="bbox 197 5689 1857 5777; baseline -0.022 -6"><span class='ocrx_word' id='word_1_690' title='bbox 197 5715 332 5777; x_wconf 49' lang='lat' dir='ltr'><strong>ﬁat</strong></span> <span class='ocrx_word' id='word_1_691' title='bbox 370 5703 479 5775; x_wconf 81' lang='grc' dir='ltr'>τῆς</span> <span class='ocrx_word' id='word_1_692' title='bbox 506 5701 665 5773; x_wconf 58' lang='grc' dir='ltr'>ἡμῶν</span> <span class='ocrx_word' id='word_1_693' title='bbox 687 5701 922 5771; x_wconf 79' lang='grc' dir='ltr'>νήψεως,</span> <span class='ocrx_word' id='word_1_694' title='bbox 949 5698 1051 5750; x_wconf 83' lang='grc' dir='ltr'><strong>οὐκ</strong></span> <span class='ocrx_word' id='word_1_695' title='bbox 1073 5693 1360 5763; x_wconf 81' lang='grc' dir='ltr'>ὀφείλομεν</span> <span class='ocrx_word' id='word_1_696' title='bbox 1382 5690 1694 5762; x_wconf 78' lang='grc' dir='ltr'>ἀδιαφόρως</span> <span class='ocrx_word' id='word_1_697' title='bbox 1721 5689 1857 5742; x_wconf 75' lang='grc' dir='ltr'>ἀνα-</span> 
     </span>
    </p>
   </div>
   <div class='ocr_carea' id='block_1_102' title="bbox 217 5779 1858 5870">
    <p class='ocr_par' dir='ltr' id='par_1_102' title="bbox 217 5779 1858 5870">
     <span class='ocr_line' id='line_1_102' title="bbox 217 5779 1858 5870; baseline -0.012 -19"><span class='ocrx_word' id='word_1_698' title='bbox 217 5794 619 5870; x_wconf 84' lang='grc' dir='ltr'>στρέφεσθαι</span> <span class='ocrx_word' id='word_1_699' title='bbox 670 5791 762 5846; x_wconf 64' lang='grc' dir='ltr'><strong>καὶ¹</strong></span> <span class='ocrx_word' id='word_1_700' title='bbox 791 5787 1117 5859; x_wconf 74' lang='grc' dir='ltr'>ζημιοῦσθαι</span> <span class='ocrx_word' id='word_1_701' title='bbox 1161 5785 1249 5838; x_wconf 79' lang='grc' dir='ltr'>διὰ</span> <span class='ocrx_word' id='word_1_702' title='bbox 1294 5782 1506 5836; x_wconf 86' lang='grc' dir='ltr'>πολλῶν</span> <span class='ocrx_word' id='word_1_703' title='bbox 1555 5779 1858 5850; x_wconf 83' lang='grc' dir='ltr'>συντυχιῶν</span> 
     </span>
    </p>
   </div>
   <div class='ocr_carea' id='block_1_103' title="bbox 212 5872 1857 5956">
    <p class='ocr_par' dir='ltr' id='par_1_103' title="bbox 212 5872 1857 5956">
     <span class='ocr_line' id='line_1_103' title="bbox 212 5872 1857 5956; baseline -0.018 -2"><span class='ocrx_word' id='word_1_704' title='bbox 212 5885 602 5956; x_wconf 69' lang='grc' dir='ltr'>ἑπισφαλῶν</span> <span class='ocrx_word' id='word_1_705' title='bbox 625 5925 639 5952; x_wconf 89' lang='grc'><strong>,</strong></span> <span class='ocrx_word' id='word_1_706' title='bbox 672 5883 807 5938; x_wconf 64' lang='grc' dir='ltr'>ἀλλὰ</span> <span class='ocrx_word' id='word_1_707' title='bbox 841 5881 1041 5954; x_wconf 73' lang='grc' dir='ltr'>μᾶλλον</span> <span class='ocrx_word' id='word_1_708' title='bbox 1091 5876 1450 5947; x_wconf 81' lang='grc' dir='ltr'>καταφρονεῖν</span> <span class='ocrx_word' id='word_1_709' title='bbox 1487 5874 1567 5928; x_wconf 84' lang='grc' dir='ltr'><strong>δεῖ</strong></span> <span class='ocrx_word' id='word_1_710' title='bbox 1612 5872 1720 5927; x_wconf 84' lang='grc' dir='ltr'><strong>τῶν</strong></span> <span class='ocrx_word' id='word_1_711' title='bbox 1752 5889 1857 5942; x_wconf 86' lang='grc' dir='ltr'>μα-</span> 
     </span>
    </p>
   </div>
   <div class='ocr_carea' id='block_1_104' title="bbox 2033 4777 3538 4858">
    <p class='ocr_par' dir='ltr' id='par_1_104' title="bbox 2033 4777 3538 4858">
     <span class='ocr_line' id='line_1_104' title="bbox 2033 4777 3538 4858; baseline 0.007 -25"><span class='ocrx_word' id='word_1_712' title='bbox 2033 4777 2125 4834; x_wconf 70' lang='lat'><strong>92.</strong></span> <span class='ocrx_word' id='word_1_713' title='bbox 2181 4780 2454 4835; x_wconf 85' lang='lat' dir='ltr'><strong>Debemus</strong></span> <span class='ocrx_word' id='word_1_714' title='bbox 2499 4789 2665 4851; x_wconf 87' lang='lat' dir='ltr'><strong>opera</strong></span> <span class='ocrx_word' id='word_1_715' title='bbox 2715 4792 2900 4836; x_wconf 82' lang='lat' dir='ltr'><strong>nostra</strong></span> <span class='ocrx_word' id='word_1_716' title='bbox 2943 4785 3258 4852; x_wconf 72' lang='lat' dir='ltr'><strong>quotidiana</strong></span> <span class='ocrx_word' id='word_1_717' title='bbox 3312 4788 3538 4858; x_wconf 77' lang='lat' dir='ltr'><strong>singulis</strong></span> 
     </span>
    </p>
   </div>
   <div class='ocr_carea' id='block_1_105' title="bbox 1966 4872 3537 4947">
    <p class='ocr_par' dir='ltr' id='par_1_105' title="bbox 1966 4872 3537 4947">
     <span class='ocr_line' id='line_1_105' title="bbox 1966 4872 3537 4947; baseline 0.002 -21"><span class='ocrx_word' id='word_1_718' title='bbox 1966 4872 2116 4926; x_wconf 84' lang='lat' dir='ltr'><strong>horis</strong></span> <span class='ocrx_word' id='word_1_719' title='bbox 2155 4872 2462 4940; x_wconf 89' lang='lat' dir='ltr'><strong>ponderare</strong></span> <span class='ocrx_word' id='word_1_720' title='bbox 2521 4881 2578 4926; x_wconf 84' lang='lat' dir='ltr'><strong>et</strong></span> <span class='ocrx_word' id='word_1_721' title='bbox 2623 4873 2918 4929; x_wconf 82' lang='lat' dir='ltr'><strong>observare</strong></span> <span class='ocrx_word' id='word_1_722' title='bbox 2953 4892 2966 4928; x_wconf 89' lang='lat'><strong>:</strong></span> <span class='ocrx_word' id='word_1_723' title='bbox 3001 4891 3174 4945; x_wconf 80' lang='lat' dir='ltr'><strong>eaque</strong></span> <span class='ocrx_word' id='word_1_724' title='bbox 3224 4879 3537 4947; x_wconf 80' lang='lat' dir='ltr'><strong>vespertino</strong></span> 
     </span>
    </p>
   </div>
   <div class='ocr_carea' id='block_1_106' title="bbox 1969 4965 3534 5034">
    <p class='ocr_par' dir='ltr' id='par_1_106' title="bbox 1969 4965 3534 5034">
     <span class='ocr_line' id='line_1_106' title="bbox 1969 4965 3534 5034; baseline 0.003 -16"><span class='ocrx_word' id='word_1_725' title='bbox 1969 4974 2249 5034; x_wconf 80' lang='lat' dir='ltr'><strong>tempere,</strong></span> <span class='ocrx_word' id='word_1_726' title='bbox 2296 4979 2394 5034; x_wconf 88' lang='lat' dir='ltr'><strong>pro</strong></span> <span class='ocrx_word' id='word_1_727' title='bbox 2439 4965 2604 5030; x_wconf 85' lang='lat' dir='ltr'><strong>virili,</strong></span> <span class='ocrx_word' id='word_1_728' title='bbox 2651 4967 3038 5021; x_wconf 80' lang='lat' dir='ltr'><strong>necessitatum</strong></span> <span class='ocrx_word' id='word_1_729' title='bbox 3073 4968 3255 5023; x_wconf 83' lang='lat' dir='ltr'><strong>habita</strong></span> <span class='ocrx_word' id='word_1_730' title='bbox 3304 4969 3534 5032; x_wconf 86' lang='lat' dir='ltr'><strong>ratione,</strong></span> 
     </span>
    </p>
   </div>
   <div class='ocr_carea' id='block_1_107' title="bbox 1969 5054 3537 5128">
    <p class='ocr_par' dir='ltr' id='par_1_107' title="bbox 1969 5054 3537 5128">
     <span class='ocr_line' id='line_1_107' title="bbox 1969 5054 3537 5128; baseline 0.002 -20"><span class='ocrx_word' id='word_1_731' title='bbox 1969 5054 2238 5109; x_wconf 80' lang='lat' dir='ltr'><strong>beneﬂcio</strong></span> <span class='ocrx_word' id='word_1_732' title='bbox 2272 5055 2608 5122; x_wconf 57' lang='lat' dir='ltr'><strong>paenitentiae</strong></span> <span class='ocrx_word' id='word_1_733' title='bbox 2637 5055 2870 5112; x_wconf 82' lang='lat' dir='ltr'><strong>allevare</strong></span> <span class='ocrx_word' id='word_1_734' title='bbox 2891 5101 2904 5124; x_wconf 86' lang='lat'><strong>,</strong></span> <span class='ocrx_word' id='word_1_735' title='bbox 2950 5061 2993 5112; x_wconf 91' lang='lat' dir='ltr'><strong>si</strong></span> <span class='ocrx_word' id='word_1_736' title='bbox 3027 5059 3270 5128; x_wconf 82' lang='lat' dir='ltr'><strong>quidem,</strong></span> <span class='ocrx_word' id='word_1_737' title='bbox 3324 5058 3537 5114; x_wconf 82' lang='lat' dir='ltr'><strong>favente</strong></span> 
     </span>
    </p>
   </div>
   <div class='ocr_carea' id='block_1_108' title="bbox 1969 5139 3536 5216">
    <p class='ocr_par' dir='ltr' id='par_1_108' title="bbox 1969 5139 3536 5216">
     <span class='ocr_line' id='line_1_108' title="bbox 1969 5139 3536 5216; baseline 0.001 -13"><span class='ocrx_word' id='word_1_738' title='bbox 1969 5139 2110 5213; x_wconf 84' lang='lat' dir='ltr'><strong>Deo,</strong></span> <span class='ocrx_word' id='word_1_739' title='bbox 2152 5147 2344 5202; x_wconf 85' lang='lat' dir='ltr'><strong>vitium</strong></span> <span class='ocrx_word' id='word_1_740' title='bbox 2375 5162 2636 5216; x_wconf 89' lang='lat' dir='ltr'><strong>superare</strong></span> <span class='ocrx_word' id='word_1_741' title='bbox 2666 5149 2936 5204; x_wconf 80' lang='lat' dir='ltr'><strong>volumus.</strong></span> <span class='ocrx_word' id='word_1_742' title='bbox 2982 5150 3536 5204; x_wconf 80' lang='lat' dir='ltr'><strong>Animadvertendum</strong></span> 
     </span>
    </p>
   </div>
   <div class='ocr_carea' id='block_1_109' title="bbox 1967 5238 3536 5312">
    <p class='ocr_par' dir='ltr' id='par_1_109' title="bbox 1967 5238 3536 5312">
     <span class='ocr_line' id='line_1_109' title="bbox 1967 5238 3536 5312; baseline 0.001 -17"><span class='ocrx_word' id='word_1_743' title='bbox 1967 5247 2054 5295; x_wconf 87' lang='lat' dir='ltr'><strong>est</strong></span> <span class='ocrx_word' id='word_1_744' title='bbox 2082 5240 2268 5305; x_wconf 88' lang='lat' dir='ltr'><strong>etiam,</strong></span> <span class='ocrx_word' id='word_1_745' title='bbox 2299 5255 2367 5293; x_wconf 89' lang='lat' dir='ltr'><strong>an</strong></span> <span class='ocrx_word' id='word_1_746' title='bbox 2404 5238 2657 5294; x_wconf 89' lang='lat' dir='ltr'><strong>universa</strong></span> <span class='ocrx_word' id='word_1_747' title='bbox 2689 5256 2854 5310; x_wconf 85' lang='lat' dir='ltr'><strong>opera</strong></span> <span class='ocrx_word' id='word_1_748' title='bbox 2886 5251 3072 5312; x_wconf 78' lang='lat' dir='ltr'><strong>nostra</strong></span> <span class='ocrx_word' id='word_1_749' title='bbox 3103 5251 3326 5296; x_wconf 82' lang='lat' dir='ltr'><strong>externa</strong></span> <span class='ocrx_word' id='word_1_750' title='bbox 3356 5257 3536 5296; x_wconf 80' lang='lat' dir='ltr'><strong>coram</strong></span> 
     </span>
    </p>
   </div>
   <div class='ocr_carea' id='block_1_110' title="bbox 1971 5331 3558 5404">
    <p class='ocr_par' dir='ltr' id='par_1_110' title="bbox 1971 5331 3558 5404">
     <span class='ocr_line' id='line_1_110' title="bbox 1971 5331 3558 5404; baseline 0 -16"><span class='ocrx_word' id='word_1_751' title='bbox 1971 5332 2084 5388; x_wconf 85' lang='lat' dir='ltr'><strong>Deo</strong></span> <span class='ocrx_word' id='word_1_752' title='bbox 2130 5331 2447 5402; x_wconf 85' lang='lat' dir='ltr'><strong>conspicua,</strong></span> <span class='ocrx_word' id='word_1_753' title='bbox 2502 5346 2567 5385; x_wconf 80' lang='lat' dir='ltr'><strong>ex</strong></span> <span class='ocrx_word' id='word_1_754' title='bbox 2613 5334 2884 5387; x_wconf 84' lang='lat' dir='ltr'><strong>sententia</strong></span> <span class='ocrx_word' id='word_1_755' title='bbox 2931 5334 3114 5388; x_wconf 76' lang='lat' dir='ltr'><strong>divina</strong></span> <span class='ocrx_word' id='word_1_756' title='bbox 3165 5342 3491 5404; x_wconf 79' lang='lat' dir='ltr'><strong>peragantur</strong></span> <span class='ocrx_word' id='word_1_757' title='bbox 3522 5353 3558 5398; x_wconf 15' lang='grc' dir='ltr'><strong>εγ</strong></span> 
     </span>
    </p>
   </div>
   <div class='ocr_carea' id='block_1_111' title="bbox 1969 5421 3540 5490">
    <p class='ocr_par' dir='ltr' id='par_1_111' title="bbox 1969 5421 3540 5490">
     <span class='ocr_line' id='line_1_111' title="bbox 1969 5421 3540 5490; baseline 0.003 -14"><span class='ocrx_word' id='word_1_758' title='bbox 1969 5421 2074 5478; x_wconf 80' lang='lat' dir='ltr'><strong>hac</strong></span> <span class='ocrx_word' id='word_1_759' title='bbox 2122 5423 2283 5476; x_wconf 86' lang='lat' dir='ltr'><strong>etiam</strong></span> <span class='ocrx_word' id='word_1_760' title='bbox 2325 5421 2498 5476; x_wconf 80' lang='lat' dir='ltr'><strong>solum</strong></span> <span class='ocrx_word' id='word_1_761' title='bbox 2554 5422 2620 5475; x_wconf 91' lang='lat' dir='ltr'><strong>de</strong></span> <span class='ocrx_word' id='word_1_762' title='bbox 2658 5431 2818 5477; x_wconf 80' lang='lat' dir='ltr'><strong>causa</strong></span> <span class='ocrx_word' id='word_1_763' title='bbox 2844 5466 2857 5490; x_wconf 96' lang='lat'><strong>,</strong></span> <span class='ocrx_word' id='word_1_764' title='bbox 2920 5434 2996 5478; x_wconf 85' lang='lat' dir='ltr'><strong>ne</strong></span> <span class='ocrx_word' id='word_1_765' title='bbox 3046 5424 3344 5479; x_wconf 78' lang='lat' dir='ltr'><strong>irrationali</strong></span> <span class='ocrx_word' id='word_1_766' title='bbox 3376 5424 3540 5480; x_wconf 83' lang='lat' dir='ltr'><strong>modo</strong></span> 
     </span>
    </p>
   </div>
   <div class='ocr_carea' id='block_1_112' title="bbox 1968 5513 2701 5584">
    <p class='ocr_par' dir='ltr' id='par_1_112' title="bbox 1968 5513 2701 5584">
     <span class='ocr_line' id='line_1_112' title="bbox 1968 5513 2701 5584; baseline -0.003 -15"><span class='ocrx_word' id='word_1_767' title='bbox 1968 5513 2339 5584; x_wconf 81' lang='lat' dir='ltr'><strong>subripiamur</strong></span> <span class='ocrx_word' id='word_1_768' title='bbox 2370 5528 2398 5566; x_wconf 88' lang='lat' dir='ltr'><strong>a</strong></span> <span class='ocrx_word' id='word_1_769' title='bbox 2429 5513 2701 5568; x_wconf 83' lang='lat' dir='ltr'><strong>sensibus.</strong></span> 
     </span>
    </p>
   </div>
   <div class='ocr_carea' id='block_1_113' title="bbox 2035 5603 3544 5677">
    <p class='ocr_par' dir='ltr' id='par_1_113' title="bbox 2035 5603 3544 5677">
     <span class='ocr_line' id='line_1_113' title="bbox 2035 5603 3544 5677; baseline 0.001 -17"><span class='ocrx_word' id='word_1_770' title='bbox 2035 5605 2126 5660; x_wconf 70' lang='lat'><strong>25.</strong></span> <span class='ocrx_word' id='word_1_771' title='bbox 2167 5604 2243 5670; x_wconf 87' lang='lat' dir='ltr'><strong>Si,</strong></span> <span class='ocrx_word' id='word_1_772' title='bbox 2265 5603 2569 5673; x_wconf 80' lang='lat' dir='ltr'><strong>Opituiante</strong></span> <span class='ocrx_word' id='word_1_773' title='bbox 2595 5605 2722 5668; x_wconf 91' lang='lat' dir='ltr'><strong>Deo,</strong></span> <span class='ocrx_word' id='word_1_774' title='bbox 2750 5621 2815 5660; x_wconf 85' lang='lat' dir='ltr'><strong>ex</strong></span> <span class='ocrx_word' id='word_1_775' title='bbox 2843 5609 3202 5677; x_wconf 85' lang='lat' dir='ltr'><strong>temperantia</strong></span> <span class='ocrx_word' id='word_1_776' title='bbox 3229 5619 3414 5663; x_wconf 87' lang='lat' dir='ltr'><strong>nostra</strong></span> <span class='ocrx_word' id='word_1_777' title='bbox 3435 5611 3544 5662; x_wconf 82' lang='lat' dir='ltr'><strong>hoc</strong></span> 
     </span>
    </p>
   </div>
   <div class='ocr_carea' id='block_1_114' title="bbox 1963 5693 3540 5765">
    <p class='ocr_par' dir='ltr' id='par_1_114' title="bbox 1963 5693 3540 5765">
     <span class='ocr_line' id='line_1_114' title="bbox 1963 5693 3540 5765; baseline 0.001 -14"><span class='ocrx_word' id='word_1_778' title='bbox 1963 5697 2100 5751; x_wconf 90' lang='lat' dir='ltr'><strong>lucri</strong></span> <span class='ocrx_word' id='word_1_779' title='bbox 2125 5695 2376 5765; x_wconf 82' lang='lat' dir='ltr'><strong>quotidie</strong></span> <span class='ocrx_word' id='word_1_780' title='bbox 2403 5693 2717 5758; x_wconf 86' lang='lat' dir='ltr'><strong>fecerimus,</strong></span> <span class='ocrx_word' id='word_1_781' title='bbox 2755 5712 2864 5751; x_wconf 91' lang='lat' dir='ltr'><strong>non</strong></span> <span class='ocrx_word' id='word_1_782' title='bbox 2888 5699 3152 5753; x_wconf 83' lang='lat' dir='ltr'><strong>debemus</strong></span> <span class='ocrx_word' id='word_1_783' title='bbox 3186 5700 3304 5754; x_wconf 87' lang='lat' dir='ltr'><strong>sine</strong></span> <span class='ocrx_word' id='word_1_784' title='bbox 3329 5699 3540 5754; x_wconf 81' lang='lat' dir='ltr'><strong>discri—</strong></span> 
     </span>
    </p>
   </div>
   <div class='ocr_carea' id='block_1_115' title="bbox 1967 5783 3539 5847">
    <p class='ocr_par' dir='ltr' id='par_1_115' title="bbox 1967 5783 3539 5847">
     <span class='ocr_line' id='line_1_115' title="bbox 1967 5783 3539 5847; baseline 0.003 -9"><span class='ocrx_word' id='word_1_785' title='bbox 1967 5785 2113 5840; x_wconf 88' lang='lat' dir='ltr'><strong>mine</strong></span> <span class='ocrx_word' id='word_1_786' title='bbox 2138 5783 2472 5847; x_wconf 86' lang='lat' dir='ltr'><strong>conversari,</strong></span> <span class='ocrx_word' id='word_1_787' title='bbox 2498 5799 2568 5837; x_wconf 87' lang='lat' dir='ltr'><strong>ne</strong></span> <span class='ocrx_word' id='word_1_788' title='bbox 2596 5785 2854 5840; x_wconf 90' lang='lat' dir='ltr'><strong>damnum</strong></span> <span class='ocrx_word' id='word_1_789' title='bbox 2888 5805 2954 5843; x_wconf 79' lang='lat' dir='ltr'><strong>ex</strong></span> <span class='ocrx_word' id='word_1_790' title='bbox 2982 5790 3148 5844; x_wconf 89' lang='lat' dir='ltr'><strong>variis</strong></span> <span class='ocrx_word' id='word_1_791' title='bbox 3176 5790 3539 5845; x_wconf 85' lang='lat' dir='ltr'><strong>conversatio-</strong></span> 
     </span>
    </p>
   </div>
   <div class='ocr_carea' id='block_1_116' title="bbox 1969 5876 3542 5953">
    <p class='ocr_par' dir='ltr' id='par_1_116' title="bbox 1969 5876 3542 5953">
     <span class='ocr_line' id='line_1_116' title="bbox 1969 5876 3542 5953; baseline -0.001 -22"><span class='ocrx_word' id='word_1_792' title='bbox 1969 5877 2128 5932; x_wconf 78' lang='lat' dir='ltr'><strong>nibut</strong></span> <span class='ocrx_word' id='word_1_793' title='bbox 2162 5876 2409 5932; x_wconf 87' lang='lat' dir='ltr'><strong>erroneis</strong></span> <span class='ocrx_word' id='word_1_794' title='bbox 2439 5877 2829 5935; x_wconf 67' lang='lat' dir='ltr'><strong>contrahemus</strong></span> <span class='ocrx_word' id='word_1_795' title='bbox 2859 5901 2872 5937; x_wconf 89' lang='lat'><strong>:</strong></span> <span class='ocrx_word' id='word_1_796' title='bbox 2899 5881 2992 5936; x_wconf 83' lang='lat' dir='ltr'><strong>sed</strong></span> <span class='ocrx_word' id='word_1_797' title='bbox 3027 5882 3225 5953; x_wconf 84' lang='lat' dir='ltr'><strong>potius,</strong></span> <span class='ocrx_word' id='word_1_798' title='bbox 3247 5877 3462 5936; x_wconf 83' lang='lat' dir='ltr'><strong>amabili</strong></span> <span class='ocrx_word' id='word_1_799' title='bbox 3486 5882 3542 5930; x_wconf 87' lang='lat' dir='ltr'><strong>et</strong></span> 
     </span>
    </p>
   </div>
  </div>
