3968 6220
345 393 476 460 1521

1035 404 1128 464 DE
1167 397 1714 468 TEMPERANTIA
1742 403 1834 464 ET
1873 401 2234 463 VIRTUTE.
2261 426 2325 435 -
2356 402 2746 463 CENTURIA
2772 403 2831 464 II

3466 404 3600 471 1522

337 510 569 582 δύναμιν
581 509 846 582 ᾶρῥητον,
860 511 1104 584 άρῥήτου
1124 513 1181 566 δέ
1202 516 1296 568 καὶ
1317 513 1529 586 ἀρετῶν
1554 512 1915 586 θεωρητικήν.

2047 508 2088 563 id
2125 510 2232 564 vim
2267 525 2544 573 arcanam.
2583 526 2906 566 arcanorum
2949 521 3003 567 et
3063 513 3322 570 virtutum
3356 526 3598 571 contem-

339 603 447 655 Καὶ
467 599 630 672 βάθος
652 601 859 673 ὑψηλὸν
881 604 975 658 τοῦ
1001 606 1238 677 ἀπείρου
1261 607 1422 662 θείων
1451 607 1669 662 ἐννοιῶν
1697 609 1755 660 ὲν
1779 625 1916 678 καρ-

337 693 428 766 δίᾳ
447 694 761 764 δεξάμυος,
783 696 1106 770 ὀφθήσεται,
1142 698 1218 763 ὡς
1249 701 1469 773 ἐφικτὸν
1491 701 1707 772 καρδίᾳ,
1730 701 1760 753 6
1787 701 1919 765 Θεὸς

337 787 450 855 τῶν
477 786 618 841 θεῶν
641 805 656 820 υ
696 789 726 841 6
762 788 822 843 δέ
859 789 986 853 νοῦς
1019 792 1318 861 ἐκπλαγεὶς
1361 793 1604 847 κυδαίνει
1648 794 1919 864 ἀγαπητι-

339 880 454 944 κῶς
494 880 630 934 Θεὸν
681 881 773 937 τὸν
831 882 1164 954 βλεπόμενον
1205 887 1302 939 καὶ
1353 885 1656 956 βλέποντα,
1698 886 1793 940 καὶ
1831 885 1922 940 διὰ

337 970 498 1027 τοῦτο
525 975 747 1030 κάκεῖνο
776 977 872 1030 καὶ
902 974 1067 1040 σώζει
1094 977 1187 1031 τὸν
1211 978 1547 1044 ἀτενίζοντα.

409 1151 478 1208 λ’.
492 1151 664 1208 Βυθὸν
687 1153 890 1224 ὑψηλὸν
905 1153 1202 1224 κατόψεται
1225 1158 1543 1224 γνωστικῶς
1569 1159 1767 1229 ἡσυχία
1788 1178 1921 1230 καρ-

339 1238 503 1312 διακή
531 1242 976 1315 κατορθουμένη,
1027 1243 1124 1297 καὶ
1166 1244 1380 1312 ἐξαίσια
1406 1249 1558 1318 παρὰ
1591 1248 1724 1302 Θεοῦ
1759 1249 1921 1302 ἀκου-

342 1330 598 1400 σθήσεται
623 1328 718 1395 οὖς
747 1332 998 1404 ήσυχίας.

411 1421 512 1477 λα’.
553 1424 859 1495 Ὀδοιπόρος
905 1426 1005 1498 μὲν
1038 1427 1256 1498 μακρὰν
1291 1428 1386 1481 καὶ
1437 1429 1795 1483 δυσδιάὸατον
1828 1431 1921 1484 κοιλ⁵

341 1514 620 1585 ἀργαλέαν
666 1517 785 1572 ὁδὸν
832 1519 1146 1574 στείλασθαι
1181 1521 1581 1592 ἐναρξάμενος,
1624 1521 1835 1592 πλάνην
1861 1539 1921 1576 τε

342 1610 695 1683 ὑφορώμενος
740 1615 799 1668 ἐν
838 1613 918 1686 τῷ
961 1615 1364 1687 ὑποστρέφειν,
1405 1617 1609 1687 σημεῖά
1653 1634 1776 1671 τινα
1827 1617 1922 1671 καὶ

342 1701 570 1772 ὁδηγοὺς
613 1704 672 1757 ἐν
720 1705 1000 1778 ὁδοιπορίᾳ
1055 1707 1222 1761 αὐτοῦ
1268 1707 1672 1778 καταπήξεται,
1730 1709 1920 1780 ῥᾳδίαν

343 1794 496 1866 αύτῷ
527 1796 626 1865 τὴν
658 1796 794 1866 πρὸς
825 1797 896 1851 τὰ
917 1800 1091 1852 οἰκεῖα
1120 1799 1508 1871 ἐπανάκαμψιν
1535 1800 1915 1871 προξενοῦντα.

344 1885 553 1954 Λόγους
572 1887 630 1940 δὲ
656 1890 684 1940 6
709 1889 988 1958 νηφαλίως
1004 1889 1204 1946 ὁδεύων
1227 1891 1364 1962 ἀνὴρ
1383 1891 1740 1962 στηλώσεται,
1763 1891 1921 1946 τοῦτο

344 1973 476 2028 αὐτὸ
500 1976 591 2028 καὶ
611 1975 774 2041 αὐτὸς
801 1978 1170 2050 ὑφορώμενος.

415 2068 516 2140 λβ’.
559 2070 721 2126 Ἀλλὰ
760 2071 838 2142 τῷ
885 2072 986 2144 μέν
1021 2073 1286 2144 όδιοπόρῳ
1329 2075 1755 2145 ἐπανακάμψαι,
1799 2074 1922 2129 ὃθεν

346 2158 509 2231 ἐξέϐη
529 2164 706 2235 χαρᾶς
745 2162 1005 2233 πρόξενον
1039 2180 1052 2195 ·
1086 2166 1338 2236 νηφαλέῳ
1382 2166 1436 2220 δὲ
1468 2167 1922 2238 ἐπανακάμπτειν

345 2249 427 2313 είς
458 2250 528 2305 τά
554 2251 730 2307 ὀπίσω
751 2296 765 2322 ,
799 2253 1018 2326 ὄλεθρος
1063 2255 1243 2326 ψυχῆς
1271 2257 1494 2328 λογικῆς
1519 2301 1533 2323 ,
1568 2260 1663 2312 καὶ
1697 2261 1922 2330 σημεῖον

348 2342 684 2410 ἀποστασίας
713 2345 1155 2418 τῶνοθεαρέστων
1182 2348 1361 2420 ἔργων
1389 2366 1448 2402 τε
1480 2352 1573 2402 καὶ
1602 2349 1796 2419 λόγων,
1827 2351 1922 2406 καὶ

348 2432 586 2500 ἐννοιιῖιν,
601 2451 696 2489 και
719 2435 831 2501 tisi
858 2437 915 2490 ἓν
944 2437 1308 2509 καιρῷξῦπνου
1341 2439 1517 2511 ψυχῆς
1546 2440 1921 2514 θανατηφόρου

353 2522 474 2585 τοὺς
504 2523 695 2592 λόγους
721 2525 797 2590 ὡς
844 2527 1048 2597 κέντρα
1094 2528 1464 2599 διεγείροντας
1501 2531 1661 2586 αὑτὸν
1686 2536 1756 2604 τῇ
1787 2534 1922 2587 ὑπο-

351 2616 549 2687 μνήσει
585 2617 680 2672 τοῦ
711 2619 907 2672 πολλοῦ
936 2621 1129 2691 κάρον,
1160 2623 1254 2677 καὶ
1285 2622 1560 2694 ῥᾳθυμίας
1583 2625 1681 2695 τῆς
1703 2624 1762 2691 ἐξ
1788 2625 1924 2696 άμε-

349 2698 492 2765 λείας
520 2703 669 2775 αὑτῷ
699 2721 762 2758 συ
769 2706 1006 2778 μδάσης.

419 2795 518 2864 λγ¹.
537 2796 624 2850 Ἐν
654 2797 885 2868 θλίψεσι,
925 2799 1021 2854 καὶ
1043 2800 1410 2871 άπογνώσεσι,
1435 2804 1528 2858 καὶ
1553 2805 1923 2876 ἁπελπισμοῖς

358 2887 745 2957 περιπεσόντας
775 2892 925 2961 ἡμᾶς
963 2891 1069 2964 χρὴ
1099 2895 1272 2948 ποιεῖν
1301 2897 1356 2947 ἐν
1391 2897 1602 2960 ἑαυτοῖς
1629 2896 1724 2949 τοῦ
1757 2897 1925 2953 Δαϐὶδ

351 2978 440 3032 τὸν
463 2978 643 3046 λόγον,
671 2981 886 3053 ἐκχέειν
912 2984 1009 3054 τὴν
1035 2985 1265 3055 καρδίαν
1304 2986 1466 3056 ήμῶν,
1484 2987 1620 3057 πρὸς
1653 2987 1741 3041 τὸν
1769 2989 1921 3055 Θεὸν,

354 3070 450 3122 ml.
473 3070 572 3140 τήν
609 3072 794 3143 δέησιν
822 3075 916 3128 καὶ
936 3076 1037 3146 τὴν
1083 3075 1264 3145 θλίψιν
1290 3077 1447 3148 ήμῶν
1475 3077 1550 3141 ὡς
1585 3077 1703 3131 ἐστι
1734 3079 1926 3152 Κυρίῳ

2022 601 2328 671 platricem.
2371 604 2586 657 Etcum
2613 603 2776 658 imam
2808 605 3234 674 profunditatem
3265 606 3599 663 infinitarum

2019 693 2342 748 notitiarum
2374 695 2685 751 divinarum
2731 697 2914 752 animo
2945 698 3111 752 fuerit
3139 710 3386 755 assecuta
3407 740 3422 765 ,
3452 701 3598 756 vidc-
3690 721 3698 742 π

2021 784 2168 840 bitur
2207 784 2353 840 Deus
2394 786 2621 841 deorum
2646 826 2660 851 ,
2709 798 2973 858 quantum
3015 790 3352 860 permittitur
3395 791 3598 858 animo,

2021 878 2166 932 unde
2213 893 2369 932 mens
2414 879 2642 933 attonita
2681 881 2951 951 gloriﬁcat
3002 883 3375 939 amantissime
3426 883 3596 938 Deum

2020 975 2374 1038 conspectum
2393 978 2451 1024 et
2473 970 2902 1040 conspicientem
2935 990 2947 1026 :
2976 974 3069 1043 qui
3094 983 3326 1045 utraque
3347 975 3414 1030 de
3435 991 3599 1031 causa

2022 1057 2240 1112 assidue
2277 1058 2581 1114 intuentem
2611 1061 2808 1116 salvat.

2092 1151 2178 1206 50.
2212 1151 2320 1207 Cor
2359 1154 2746 1223 tranquillum,
2818 1158 3167 1213 emendatum
3230 1169 3284 1215 et
3337 1160 3599 1216 noscendi

2023 1243 2260 1313 peritum
2282 1246 2617 1300 scrutabitur
2644 1247 2801 1302 valde
2829 1248 3100 1318 profunda
3125 1270 3136 1303 :
3159 1260 3211 1306 ct
3229 1253 3377 1306 auris
3404 1255 3600 1322 quieta:

2023 1335 2224 1390 mentis
2251 1326 2516 1391 efﬁcietur
2550 1354 2580 1392 a
2611 1338 2722 1393 Deo
2752 1355 2921 1409 capax
2960 1342 3215 1396 audiendi
3251 1344 3535 1398 immensa.

2093 1425 2182 1479 51.
2219 1424 2405 1480 Viator
2447 1426 2599 1482 brevi
2644 1429 2990 1497 profecturus
3043 1434 3256 1502 longam
3285 1473 3298 1494 ,
3368 1434 3598 1488 transitu

2022 1515 2298 1571 difﬁcilem
2329 1524 2385 1571 et
2415 1518 2718 1572 molestiam
2756 1520 2896 1575 viam
2922 1563 2935 1586 ,
2989 1523 3277 1592 suspicans
3320 1525 3482 1580 etiam
3532 1542 3600 1579 ne

2025 1607 2351 1662 divertendo
2383 1616 2550 1672 erret,
2587 1608 2739 1679 signa
2769 1611 3037 1679 quaadam,
3071 1612 3170 1664 viae
3201 1612 3386 1677 duces,
3419 1612 3472 1666 in
3503 1630 3598 1667 sua

2025 1696 2367 1768 profectione
2392 1698 2598 1770 deﬁgit,
2623 1715 2742 1770 quae
2771 1699 2984 1756 facilem
3009 1702 3113 1755 sibi
3140 1712 3333 1770 parent
3366 1698 3598 1758 {editum

2025 1789 2091 1844 ad
2119 1803 2239 1844 sua.
2274 1788 2368 1844 Vir
2395 1799 2599 1857 autem,
2627 1792 2719 1861 qui
2753 1793 2934 1847 sobrie
2966 1792 3191 1854 incedit,
3239 1810 3358 1863 qua:
3409 1794 3599 1848 audie-
3657 1837 3662 1841 .

2026 1881 2114 1946 rit,
2141 1880 2349 1936 notabit
2379 1899 2392 1936 :
2428 1881 2573 1937 idem
2609 1883 2773 1938 etiam
2808 1884 2925 1952 ipse
2957 1884 3280 1938 observans.

2097 2056 2188 2112 52.
2217 2055 2323 2112 Sed
2350 2057 2539 2113 viatori
2563 2057 2780 2128 quidem
2804 2059 3026 2122 reditus,
3053 2060 3193 2114 unde
3219 2076 3471 2133 egressus
3492 2071 3598 2130 est,

2025 2148 2264 2204 laetitiam
2295 2149 2468 2220 gignit
2498 2167 2510 2202 :
2544 2150 2728 2205 sobrio
2759 2158 2942 2205 autem
2970 2152 3086 2205 viro
3119 2167 3401 2224 regressus
3443 2155 3512 2210 ad
3537 2171 3599 2210 ea

2023 2256 2144 2310 quae
2169 2256 2199 2294 a
2229 2249 2380 2313 tergo
2418 2241 2658 2312 reliquit,
2687 2252 2773 2297 est
2798 2243 2992 2299 anima:
3029 2245 3306 2300 rationalis
3329 2246 3598 2314 interitus,

2023 2349 2087 2388 ac
2120 2333 2378 2388 indicium
2403 2332 2724 2390 defectionis
2753 2335 2821 2389 ab
2864 2337 3141 2406 operibus,
3165 2339 3508 2396 sermonibus
3546 2350 3602 2397 et

2022 2424 2437 2496 cogitationibus
2475 2425 2584 2480 Deo
2619 2427 2804 2498 gratis.
2837 2425 2884 2481 Is
2933 2428 3114 2498 itaque
3140 2438 3383 2500 tempore
3425 2433 3600 2488 somni

2023 2515 2239 2570 lethalis
2269 2516 2465 2570 animae
2502 2517 2788 2573 habiturus
2845 2528 2932 2573 est
2983 2520 3372 2591 cogitationes,
3432 2522 3604 2578 instar

2023 2607 2336 2662 aculeorum
2355 2607 2657 2663 excitantes
2673 2624 2798 2663 eum
2810 2650 2824 2675 ,
2843 2613 3357 2668 commemoratione
3371 2615 3605 2685 crapula:

2023 2699 2228 2763 multae,
2254 2707 2311 2754 et
2338 2699 2589 2770 ignaviae,
2623 2701 2899 2755 nascentis
2929 2717 2960 2755 e
2982 2703 3332 2774 negligentia.

2094 2793 2186 2848 55.
2217 2778 2355 2848 Cum
2386 2791 2679 2848 incidimus
2703 2793 2757 2846 in
2793 2792 3190 2860 tribulationes,
3215 2795 3606 2866 desponsioncs

2025 2883 2197 2940 animi
2254 2899 2319 2939 ac
2353 2884 2799 2953 desperationes,
2855 2885 3020 2939 verba
3075 2884 3296 2942 Davidis
3354 2887 3408 2941 in
3451 2889 3607 2942 nobis

2028 2976 2133 3048 ipsi
2168 2975 2394 3047 exsequi
2426 2976 2722 3043 debemus,
2753 2975 3034 3031 effundere
3074 2977 3127 3030 in
3157 2987 3455 3048 conspectu
3508 2979 3605 3034 Dei

2026 3067 2198 3123 corda
2224 3076 2431 3133 nostra,
2461 3068 2837 3138 precationem
2879 3079 2935 3124 et
2959 3071 3310 3126 alllictioncm
3343 3081 3606 3138 nostram,

359 3160 728 3228 ἀναγγέλλεινυ
756 3164 1230 3237 ἐξομολογούμεθα
1253 3168 1361 3238 γὰρ
1383 3167 1461 3239 τῷ
1484 3168 1624 3239 Θεῷ,
1647 3168 1723 3232 ὡς
1748 3169 1927 3238 σοφῶς

2047 3169 2091 3215 ιι
2113 3168 2220 3225 est,
2260 3157 2490 3214 Domino
2534 3159 2886 3216 denuntiare.
2924 3161 3266 3217 Conﬁlemur
3299 3165 3442 3218 enim
3478 3165 3606 3229 Deo,
3690 3218 3718 3242 ι.

355 3249 636 3324 δυναμένῳ
673 3253 744 3308 τὰ
783 3256 906 3311 καθ’
943 3259 1094 3328 ήμᾶς
1136 3258 1432 3329 διοικῆσαι,
1477 3262 1571 3314 καὶ
1613 3261 1713 3333 τὴν
1749 3260 1955 3331 θλίψιν-

356 3341 449 3394 ἐπὶ
475 3341 810 3416 συμφέροντι
849 3346 1076 3417 ποιῆσαι
1109 3349 1326 3419 ῥᾳδίαν,
1364 3351 1458 3404 καὶ
1483 3351 1751 3422 ῥύσασθαι
1778 3353 1930 3424 ήμᾶς

356 3430 455 3502 τῆς
485 3430 735 3505 ὀλεθρίας
759 3451 820 3489 τε
844 3435 942 3491 καὶ
967 3436 1218 3510 φθαρτῆς
1253 3438 1449 3511 λύπης.

430 3612 528 3668 λδ¹.
551 3613 734 3684 Θυμὸς
760 3615 870 3687 γὰρ
891 3617 1046 3688 παρὰ
1074 3618 1238 3687 φύσιν
1267 3619 1412 3674 κατὰ
1431 3620 1734 3692 ἀνθρώπιον
1758 3622 1930 3676 κινού-

362 3720 542 3772 μενος,
566 3705 661 3758 καὶ
680 3704 857 3776 λύπην
882 3707 945 3761 ού
969 3707 1114 3762 κατὰ
1132 3709 1266 3764 Θεὸν
1310 3711 1407 3765 καὶ
1428 3711 1656 3782 άκηδίαν
1689 3712 1930 3782 ἐμποιεῖο

362 3793 638 3866 φθαρτικὰ
662 3795 864 3866 ὁμοίως
887 3797 998 3850 alat
1026 3798 1136 3852 τῶν
1164 3798 1384 3868 ἀγαθῶν
1402 3817 1463 3854 τε
1495 3801 1591 3855 καὶ
1611 3801 1935 3870 γνωστικῶν

361 3885 672 3955 λογισμῶν,
703 3885 740 3940 ἃ
775 3888 802 3940 6
834 3886 1039 3960 Κύριος
1076 3891 1144 3960 τῇ
1183 3888 1569 3962 ἐξομολογήσει
1595 3890 1934 3963 σκορπίζων,

364 3975 542 4048 χαράν
578 3977 816 4049 ἐμποιεῖ.

434 4067 529 4120 λε’.
582 4067 876 4139 Λογισμῶν
926 4069 982 4124 δὲ
1023 4070 1084 4126 ἐν
1134 4070 1370 4144 καρδίᾳ,
1413 4073 1510 4128 καὶ
1551 4075 1628 4144 μὴ
1670 4073 1937 4132 θελόντων

365 4158 528 4229 ήμῶν
566 4158 853 4228 παγέντων
893 4177 956 4214 τε
1001 4161 1096 4216 καλ⁸
1127 4163 1466 4233 ἱσταμένων,
1497 4162 1802 4237 ἐξαλείφειν
1838 4167 1940 4222 πέ-

368 4265 542 4319 φυκεν
591 4249 767 4314 Ἰησοῦ
803 4251 936 4324 εὐχὴ
962 4254 1100 4324 μετὰ
1133 4254 1349 4326 νήψεως
1387 4257 1453 4311 ἐκ
1486 4256 1696 4328 βαθέων
1717 4258 1938 4315 ἐννοιῶν

369 4342 620 4413 καρδίας.

439 4433 514 4499 λς
535 4474 548 4488 .
579 4435 898 4505 Κουφισμὸν
931 4419 988 4489 δέ
1042 4437 1140 4490 καὶ
1173 4436 1367 4508 χαρὰν,
1401 4439 1460 4494 ἐν
1503 4439 1680 4512 θλίψει
1729 4443 1940 4498 πολλῶν

2037 3260 2295 3322 tanquam
2322 3267 2387 3308 ea
2421 3268 2542 3322 quae
2567 3253 2708 3309 circa
2751 3269 2853 3309 nos
2883 3265 3050 3321 sunt,
3106 3257 3382 3327 sapienter
3412 3258 3612 3328 guber-

2035 3344 2212 3410 nanti,
2245 3352 2300 3399 et
2333 3344 2428 3417 qui
2458 3344 2866 3400 tribulationem
2914 3362 3038 3401 cum
3091 3346 3266 3402 fructu
3300 3347 3472 3402 levem
3499 3347 3614 3403 eﬂi-
3687 3362 3694 3372 '

2037 3449 2164 3490 care
2215 3442 2435 3505 potest,
2475 3444 2532 3491 et
2567 3435 2800 3492 liberare
2831 3451 2934 3492 nos
2960 3437 3030 3493 ab
3079 3437 3303 3492 interitu
3334 3445 3388 3493 et
3421 3452 3612 3492 corru-

2037 3525 2215 3596 ptibili
2245 3527 2513 3582 molestia.

2109 3617 2200 3672 54.
2253 3616 2332 3672 Ira
2359 3617 2627 3687 siquidem
2657 3619 2920 3672 adversus
2951 3619 3202 3671 homines
3232 3623 3429 3686 praeter
3453 3623 3613 3669 natu-

2040 3722 2157 3762 ram
2185 3717 2386 3770 emota,
2417 3716 2471 3760 et
2517 3707 2792 3760 tristitiam
2841 3723 2949 3762 non
2976 3707 3282 3762 secundum
3320 3707 3508 3772 Deum,
3559 3715 3616 3761 et

2043 3795 2263 3850 aedium
2307 3794 2477 3865 gignit
2508 3812 2520 3847 :
2553 3810 2673 3863 qua:
2705 3795 2911 3864 pariter
2963 3805 3323 3866 corrumpunt
3362 3796 3533 3852 bonas
3561 3804 3619 3852 et

2042 3882 2284 3940 eruditas
2345 3882 2742 3953 cogitationes:
2776 3893 2832 3938 et
2872 3899 2969 3953 per
3011 3884 3410 3940 confessionem
3453 3885 3616 3941 dissi-

2043 3983 2243 4046 pantur
2277 3988 2308 4028 a
2339 3974 2569 4030 Domino
2603 3975 2845 4030 laetitiam
2875 3975 3166 4032 inferente.

2114 4065 2205 4121 55.
2250 4063 2624 4136 Cogitationes
2650 4066 2708 4120 in
2747 4067 2950 4132 animo,
2989 4067 3072 4121 vel
3096 4067 3455 4123 nobisinvitis
3486 4067 3620 4124 fixas

2045 4168 2100 4215 et
2133 4159 2521 4222 consistentes,
2558 4159 2740 4214 delere
2765 4160 2905 4215 solet
2923 4160 3235 4231 deprecatio
3257 4176 3384 4232 erga
3405 4160 3616 4227 Jesum,

2045 4265 2114 4308 ex
2146 4251 2354 4308 intimis
2373 4250 2544 4306 animi
2566 4251 2924 4323 conceptibus
2961 4261 3079 4309 orta
3121 4268 3247 4309 cum
3299 4254 3612 4310 sobrietate.

2059 4481 2062 4484 .
2117 4431 2206 4489 56.
2243 4430 2382 4488 Cum
2414 4431 2668 4502 angimur
2692 4431 3042 4488 multitudine
3067 4432 3454 4504 c0gitationum
3485 4433 3622 4487 irra-

372 4522 586 4592 ἀλόγων
616 4523 894 4595 λογισμῶν
933 4526 1220 4597 γενόμενοι
1259 4527 1570 4601 εὑρήσομεν
1593 4571 1610 4597 ,
1637 4531 1768 4586 ὅταν
1797 4550 1931 4604 μεμε

2050 4524 2356 4592 tionalium,
2392 4523 2565 4579 levari
2589 4523 2831 4579 dolorem
2868 4537 2928 4579 et
2972 4525 3208 4580 recreari
3269 4541 3368 4581 nos
3417 4526 3623 4581 sentic-

370 4611 601 4682 ψώμεθα
640 4614 867 4680 ἑαυτοὺς
913 4617 972 4670 ἐν
1013 4617 1264 4690 ἀληθείᾳ,
1307 4621 1406 4674 καὶ
1446 4621 1820 4691 άπροσπαθῶς
1844 4641 1858 4656 .
1905 4625 1942 4697 ἢ

373 4703 452 4775 τῷ
473 4705 796 4774 ἀναγγεῖλαι
833 4707 1011 4761 πάντα
1041 4708 1292 4780 καθάπερ
1319 4709 1697 4785 ἀνθρώπῳ,τῷ
1727 4714 1940 4787 Κυρίῳ.

377 4794 486 4849 Καὶ
537 4793 756 4859 πάντως
795 4796 861 4850 ἐκ
892 4795 1000 4851 τῶν
1042 4798 1136 4853 δυο
1179 4800 1490 4871 εὑρήσομεν
1535 4804 1842 4859 ἀνάπαυσιν
1879 4807 1946 4861 ἐκ

378 4886 600 4951 παντὸς,
635 4883 728 4940 καὶ
750 4886 924 4952 ἄλλως
951 4887 1053 4942 οὐκ
1076 4888 1243 4945 ἐστιν.
1262 4891 1325 4944 El
1348 4891 1406 4946 δέ
1422 4908 1487 4961 γε
1514 4893 1848 4965 νομίζοιμεν,
1870 4895 1946 4960 ὡς

380 4977 640 5050 χειρικῶς
673 4977 736 5031 τὸ
776 4977 887 5034 τῶν
931 4981 1255 5052 ποιημάτων
1283 4982 1480 5048 αἴτιον,
1527 4984 1622 5038 καὶ
1662 4986 1952 5057 πυγμικῶς

380 5068 845 5140 άνταμειδόμεθα,
877 5071 1230 5142 γνωσόμεθα⁹
1286 5073 1349 5127 '0
1376 5073 1536 5142 ἔχων
1562 5069 1683 5130 ὦτα
1709 5077 1953 5133 ἀκούειν

382 5157 668 5228 ἀκουέτω,
697 5160 862 5232 φησὶν
891 5161 921 5214 6
957 5159 1181 5233 Κύριος,

2049 4631 2194 4681 mus,
2218 4615 2266 4670 si
2297 4629 2444 4680 vere,
2488 4624 2545 4671 et
2599 4615 2747 4671 omni
2795 4616 2997 4671 affectu
3052 4616 3324 4686 deposito,
3377 4618 3624 4687 nosipsos

2048 4723 2400 4764 accusemus:
2440 4716 2538 4762 aut
2565 4707 2611 4761 si
2646 4707 2894 4775 Domino,
2933 4709 3083 4764 velut
3115 4709 3321 4764 homini
3406 4725 3623 4765 annun-

2051 4805 2248 4861 tiemus
2277 4802 2480 4858 omnia.
2511 4801 2623 4857 Hae
2649 4802 2850 4872 duplici
2897 4801 3127 4868 ratione,
3157 4810 3215 4856 et
3277 4817 3390 4856 nor.
3443 4801 3622 4868 aliter,

2054 4893 2452 4951 recreationem
2483 4893 2851 4968 omnimodam
2882 4893 3283 4950 nanciscemur.
3319 4889 3412 4945 Sin
3435 4890 3628 4945 existi-

2057 4999 2308 5050 memus,
2366 4983 2514 5038 velut
2562 4989 2812 5054 porrecta
2867 4999 3055 5048 manu,
3125 4982 3296 5037 Deum
3344 4991 3625 5035 auctorem

2058 5091 2262 5141 rerum,
2307 5083 2365 5131 et
2411 5075 2608 5130 horum
2641 5089 2765 5129 esse
2809 5089 3051 5140 causam,
3106 5083 3164 5128 et
3216 5071 3398 5126 oblato
3443 5086 3628 5142 pugno

1943 5220 1948 5224 .
2060 5167 2288 5239 rependi
2321 5165 2480 5221 nobis
2515 5179 2909 5237 cognoscemus
2946 5164 3100 5230 illud,
3137 5162 3239 5228 Qui
3271 5163 3421 5216 habet
3472 5177 3629 5215 aures

1947 5309 1950 5312 .
2064 5257 2332 5320 audiendi,
2363 5256 2629 5323 audiat“,
2664 5255 2842 5325 inquit
2872 5254 3158 5311 Dominus.

455 5333 552 5399 λζ’.
590 5333 786 5390 Είκόνα
811 5336 906 5392 τοῦ
935 5337 1028 5391 νοῦ
1061 5339 1091 5392 6
1116 5339 1409 5412 νομοθέτης
1445 5343 1650 5415 Μωσῆς
1677 5343 1955 5416 λαμδάνε-

384 5440 476 5478 ται
503 5425 654 5496 παρὰ
681 5427 788 5480 τῶν
809 5428 1082 5499 πατέρων,
1103 5431 1162 5493 ὃς
1184 5432 1320 5487 Θεὸν
1343 5436 1446 5506 δρᾷ
1473 5437 1532 5489 ἐν
1558 5439 1623 5509 τῇ
1652 5437 1822 5509 βάτῳ,
1856 5438 1950 5494 καὶ

387 5513 450 5566 τὸ
490 5514 779 5584 πρόσωπον
819 5515 1101 5582 δοξάζεται
1123 5559 1139 5586 ,
1189 5523 1280 5577 καὶ
1315 5523 1447 5591 Θεὸς
1485 5527 1682 5600 Φαραὼ
1715 5529 1820 5582 ὑπὸ
1861 5529 1958 5584 τοῦ

388 5603 526 5659 Θεοῦ
557 5605 665 5661 τῶν
697 5607 836 5663 θεῶν
864 5609 1208 5681 καθίσταται,
1255 5615 1531 5686 Αἴγυπτον
1565 5621 1838 5692 μαστίζει,
1865 5623 1958 5676 καὶ

465 5785 512 5821 ’⁸
527 5787 718 5848 Matth.
750 5807 824 5851 XI.
859 5793 940 5849 15.

2136 5349 2228 5406 57.
2266 5346 2464 5404 Mentis
2484 5347 2772 5419 imaginem
2796 5362 2828 5400 a
2858 5345 3104 5417 patribus
3122 5343 3331 5415 accepit
3356 5343 3632 5415 legislator

2065 5442 2264 5505 Moses,
2289 5438 2383 5509 qui
2426 5439 2595 5494 Deum
2627 5436 2775 5492 videt
2808 5437 2862 5490 in
2895 5436 3052 5502 rubo,
3104 5435 3258 5490 vultu
3307 5435 3628 5498 illustratur,

2073 5533 2217 5586 Deus
2239 5528 2543 5583 Pharaonis
2566 5541 2596 5580 a
2615 5525 2726 5582 Deo
2743 5525 2972 5581 deorum
3003 5523 3376 5588 constituitur,
3401 5522 3632 5595 ﬂagellat

2065 5621 2384 5696 A‘Igyptum,
2426 5617 2612 5675 educit
2662 5617 2940 5685 lsraelem,
2997 5625 3054 5672 et
3099 5615 3246 5688 leges
3295 5615 3469 5672 sancit
3510 5629 3633 5684 qua
