4038 6226
340 298 479 367 1527

1530 297 1896 359 HESYCHII
1935 301 2410 362 PRESBYTERI

3475 305 3616 372 1528

340 430 442 485 pro
470 411 652 478 nouis,
669 411 794 482 quis
817 407 1090 480 malignus
1111 414 1302 462 contra
1320 405 1461 462 nos?
1485 404 1648 472 Deus,
1674 405 1916 476 inquam,

2023 402 2117 463 οῦν
2139 410 2168 463 ὁ
2187 407 2322 474 Θεὸς
2351 407 2494 482 ὑπὲρ
2521 413 2698 488 ἡμῶν,
2721 413 2804 478 τίς
2829 413 3064 486 πονηρὸς
3089 413 3214 470 καθ’
3237 415 3395 488 ἡμῶν
3421 433 3438 484 ;
3468 417 3527 482 ὃς
3547 435 3612 486 γε

339 507 432 577 ιιιιί
465 506 660 562 beatos
713 502 854 560 dixit
897 499 1136 557 mundos
1177 499 1365 566 corde,
1401 507 1462 554 et
1500 496 1620 570 lege
1664 495 1918 564 sancivit,

340 600 396 653 in
425 597 648 654 mundis
681 594 940 652 cordibus
977 593 1194 651 dulcem
1221 591 1413 650 Iesum
1463 607 1607 664 pure
1654 591 1832 649 solum
1867 600 1922 649 et

338 691 609 748 divinitus
636 689 897 748 incedere
916 698 973 744 et
1000 688 1308 745 inhabitare
1338 686 1524 744 velle?
1552 687 1920 758 Quapropter,

343 793 401 840 ut
433 783 654 840 divinus
708 782 910 838 Paulus
955 781 1114 848 ait",
1168 780 1248 836 Ne
1295 781 1618 836 desinamus
1664 794 1922 836 exercere

342 877 586 934 animum
615 877 684 932 ad
713 876 992 947 pietatem.
1045 875 1124 930 Re
1162 875 1310 930 enim
1344 889 1473 930 vera
1502 873 1679 944 pietas
1724 872 1923 928 merito

345 971 584 1027 radicata
608 979 716 1034 est,
733 983 858 1034 qua
883 968 1094 1025 semina
1132 966 1356 1037 maligni
1415 963 1678 1020 radicitus
1715 963 1922 1019 evellit.

346 1064 464 1134 Ipsa
519 1063 696 1134 pietas
742 1070 830 1118 est
876 1061 965 1116 via
1009 1059 1256 1124 rationis,
1315 1060 1421 1114 hoc
1468 1067 1573 1122 est,
1638 1055 1922 1113 rationalis

346 1155 628 1210 facultatis
652 1154 770 1209 sive
809 1151 1240 1208 ratiocinationis
1282 1149 1387 1206 via.
1440 1147 1577 1203 Nam
1621 1148 1924 1204 secundum

346 1249 746 1318 proprietatem
783 1246 996 1317 lingua
1035 1245 1257 1310 Graeca,
1313 1242 1398 1297 via
1423 1242 1622 1298 dicitur
1670 1236 1834 1310 οἶμος
1870 1249 1924 1296 et

347 1340 630 1405 κέλευθος,
666 1339 812 1409 quod
843 1347 928 1393 est
947 1335 1315 1392 ratiocinatio.

420 1433 508 1490 ιθ.
549 1431 774 1487 Davidis
795 1429 1091 1491 sententia,
1126 1425 1482 1482 Delectabitur
1505 1426 1561 1480 in
1588 1424 1926 1478 multitudine

348 1522 501 1593 pacis
515 1521 582 1586 ⁸⁸,
611 1519 661 1575 is
685 1517 775 1589 qui
802 1533 913 1572 non
935 1515 1132 1586 accipit
1159 1529 1451 1584 personam
1500 1513 1762 1578 hominis,
1822 1527 1924 1569 nec

348 1609 784 1684 injustejudicat
814 1609 868 1662 in
904 1607 1071 1663 corde
1117 1605 1280 1662 :sive
1333 1605 1539 1660 formas
1585 1621 1618 1660 a
1673 1605 1924 1675 malignis

346 1702 636 1776 spiritibus
699 1701 913 1756 oblatas
974 1713 1087 1753 non
1131 1697 1396 1768 suscipit,
1449 1695 1594 1751 unde
1652 1695 1924 1766 concipiat

2024 503 2378 575 μεμακάρικε
2411 491 2688 578 “eam,
2719 508 2788 578 τῇ
2812 505 3030 578 καρδίᾳ,
3067 507 3162 562 καὶ
3183 509 3612 581 νενομοθέτηκεν

2020 593 2097 658 ὡς
2129 597 2249 659 ταῖς
2294 596 2568 669 καθαραῖς
2607 598 2860 669 καρδίαις
2887 602 2918 655 δ
2958 600 3162 668 γλυκὺς
3198 600 3407 671 Ἰησοῦς
3437 600 3610 656 καθα-

2024 684 2136 760 ρῶς
2185 687 2348 758 μόνος
2386 689 2694 746 ἐπιϐαίνειν
2742 690 2941 754 θεῖκῶς
2967 691 3064 746 καὶ
3117 693 3349 746 ἐνοικεῖν
3391 692 3608 760 θέλων;

2021 781 2116 835 Διδ
2140 780 2219 853 μὴ
2235 783 2593 855 ἀποστῶμεν,
2604 784 2751 840 κατά
2780 783 2993 838 Παῦλον
3023 787 3112 840 τὸν
3137 785 3301 851 θετον,
3333 789 3610 858 γυμναζόο

2026 890 2183 945 μενοι
2211 873 2305 930 τὸν
2345 874 2478 930 νοῦν
2523 875 2662 947 πρὸς
2697 876 2984 932 εὐσέϐειαν
3008 893 3022 909 ·
3058 877 3277 949 ἀληθῶς
3315 879 3426 951 γὰρ
3456 881 3611 934 εὐσέ-

2023 965 2151 1019 ϐεια
2174 966 2406 1031 εἰκότως
2439 967 2674 1040 ἐρρήθη,
2717 970 2748 1039 ἡ
2813 968 3030 1039 ῥιζόθεν
3059 969 3380 1024 ὲκτίλλουσα
3407 972 3479 1024 τά
3515 971 3608 1025 τοῦ

2022 1057 2270 1128 Πονηροῦ
2313 1057 2608 1132 σπέρματα
2630 1075 2642 1089 ·
2681 1059 2819 1129 αῦτη
2845 1059 3118 1126 εὐσέϐεια,
3151 1060 3295 1132 αὕτη
3322 1056 3478 1132 οἶμος
3513 1061 3610 1116 τοῦ

2022 1148 2204 1218 λόγου,
2226 1151 2507 1205 τουτέστιν
2529 1149 2646 1216 ὁδὸς
2683 1151 2778 1206 τοῦ
2801 1152 3138 1222 λογιστικοῦ,
3174 1154 3295 1224 ἦτοι
3314 1154 3431 1218 ὁδὸς
3459 1155 3611 1224 λογι-

2026 1240 2197 1311 σμοῦο
2218 1241 2342 1295 καθ’
2368 1242 2688 1313 Ἑλληνικὴν
2707 1243 2764 1296 δὲ
2785 1243 3065 1297 διάλεκτον
3085 1241 3256 1315 σῖμος
3273 1245 3372 1300 καὶ
3402 1245 3612 1301 κέλευ-

2024 1334 2128 1400 θος
2151 1333 2184 1404 ἡ
2207 1333 2324 1397 ὁδὸς
2347 1333 2590 1403 λέγεται,
2621 1336 2651 1389 ὅ
2679 1336 2798 1388 ἐστι
2827 1333 3112 1406 λογισμός.

2097 1422 2204 1493 μοι.
2243 1425 2375 1478 Ἐπὶ
2423 1424 2643 1495 πλήθει
2684 1427 3135 1496 κατατρυφήσει
3165 1427 3435 1497 είρήνης,
3461 1429 3610 1483 κατά

2024 1517 2206 1585 Δαϐὶδ,
2235 1519 2294 1583 ὃς
2319 1521 2382 1573 οὐ
2407 1519 2676 1591 λαμϐάνει
2698 1521 2989 1591 πρόσωπον
3013 1520 3327 1594 ἀνθρώπου,
3356 1521 3452 1575 καὶ
3483 1521 3610 1593 κρί-

2024 1627 2131 1664 νων
2161 1611 2379 1665 ἀδικίαν
2417 1613 2475 1664 έν
2509 1612 2738 1684 καρδίᾳ,
2781 1614 2899 1684 ἤτοι
2938 1617 3153 1684 μορφὰς
3196 1613 3272 1686 μὴ
3309 1614 3611 1685 λαμϐάνων

2023 1702 2132 1756 τῶν
2165 1703 2421 1779 πονηρῶν
2451 1705 2801 1775 πνευμάτων,
2824 1707 2918 1759 καὶ
2943 1707 3030 1760 διὰ
3056 1704 3166 1760 τῶν
3200 1704 3429 1778 μορφῶν
3460 1705 3610 1771 λογις

346 1773 666 1868 peccatum:
693 1808 798 1849 nec
827 1792 968 1848 male
999 1790 1170 1846 sentit
1190 1798 1285 1844 aut
1310 1789 1522 1861 iudicat
1544 1790 1601 1842 in
1629 1797 1770 1844 terra
1798 1803 1919 1844 cor-

2025 1773 2252 1864 ζόμενος
2282 1794 2380 1866 τὴν
2409 1773 2706 1866 ἁμαρτίαν,
2755 1797 2850 1851 καὶ
2880 1797 3065 1862 κακῶς
3094 1773 3296 1868 κρίνων
3321 1773 3418 1850 καὶ
3457 1796 3610 1850 δικά-

345 1890 434 1945 dis
457 1887 566 1952 sui,
590 1901 716 1942 cum
744 1885 888 1957 iusta
939 1882 1202 1954 rependat
1235 1890 1479 1952 peccato.
1512 1880 1723 1936 Summi
1773 1881 1920 1934 enim

342 1991 402 2038 et
430 1980 577 2038 docti
606 1979 796 2036 Patres
838 1979 898 2032 in
945 1975 1234 2047 scripturis
1281 1975 1395 2031 suis
1424 1975 1575 2044 ipsos
1621 1973 1921 2039 damonas,

344 2074 416 2129 ob
443 2071 802 2128 serendarum
815 2068 1205 2141 cogitationum
1225 2066 1360 2131 vim,
1385 2073 1721 2120 vocaverunt
1747 2064 1921 2118 homi-

343 2180 465 2221 nes.
483 2162 654 2235 Cujus
685 2161 900 2233 generis
927 2168 1012 2215 est
1038 2157 1413 2228 Evangelium,
1441 2156 1496 2211 in
1521 2173 1629 2228 quo
1656 2157 1919 2213 Dominus

343 2259 422 2315 ait
451 2277 466 2315 :
495 2257 753 2313 Inimicus
768 2256 922 2310 homo
947 2255 1040 2307 hoc
1061 2253 1181 2322 fecit
1203 2251 1279 2317 9';
1313 2259 1370 2305 et
1396 2250 1573 2305 tritico
1600 2251 1919 2320 permiscuit

343 2350 575 2407 zizania.
599 2349 668 2405 Et
715 2348 842 2419 quia
889 2345 1086 2402 talibus
1141 2341 1439 2412 nequitiam
1476 2344 1920 2413 perpetrantibus

344 2459 456 2500 non
520 2441 702 2500 statim
757 2441 1113 2501 reluctamur,
1170 2435 1292 2490 ideo
1349 2437 1516 2490 etiam
1570 2437 1919 2492 absumimur

342 2534 780 2610 cogitationibus.

416 2705 506 2763 50.
545 2705 742 2762 Mentis
761 2691 1118 2762 adentioncm
1149 2705 1606 2773 administraturi,
1634 2706 1678 2761 si
1705 2715 1918 2775 tempe-

345 2799 536 2855 rantia
564 2797 930 2854 humilitatem
956 2806 1230 2869 aptemus,
1252 2806 1306 2853 et
1339 2797 1684 2853 reluctationi
1721 2797 1918 2868 junga-

343 2909 466 2950 mus
487 2893 881 2965 precationem,
914 2893 1000 2948 via
1029 2892 1337 2948 intellectus
1367 2902 1517 2948 recte
1559 2892 1882 2948 incedemus
1901 2931 1916 2956 ,

342 2988 550 3042 «tonum
593 2985 780 3042 cordis
805 2985 980 3040 nostri
1033 2985 1312 3040 adoranda
1357 2993 1416 3040 et
1468 2993 1662 3040 sancto
1695 2983 1917 3039 nomine

2022 1883 2133 1948 ζων
2171 1885 2228 1937 ἐν
2259 1887 2332 1955 γῇ
2356 1883 2455 1954 τῆς
2484 1884 2618 1949 ιδίας
2652 1886 2880 1958 καρδίας
2905 1927 2919 1953 ,
2945 1887 3017 1940 τὰ
3041 1887 3228 1940 δίκαια
3259 1888 3326 1958 τῇ
3361 1885 3610 1956 ἁμαρτίᾳ.

2021 1971 2197 2036 διδούς
2219 1989 2232 2003 ·
2264 1972 2590 2044 ἀνθρώπους
2612 1975 2721 2046 γὰρ
2745 1976 2841 2030 καὶ
2863 1978 2992 2040 τοὺς
3009 1977 3269 2048 δαίμονας
3295 1976 3345 2029 οί
3373 1975 3605 2046 μεγάλοι

2018 2079 2080 2116 τε
2101 2063 2196 2118 καὶ
2220 2067 2514 2132 γνωστικοὶ
2536 2067 2782 2137 Πατέρες
2807 2069 2867 2121 ὲν
2896 2069 3016 2131 ταῖς
3045 2069 3392 2138 συγγραφαῖς
3420 2065 3604 2120 αὐτῶν

2021 2155 2309 2223 ἐκάλεσαν,
2335 2157 2426 2210 διὰ
2449 2158 2511 2210 τὸ
2544 2158 2873 2227 λογιστικόν·
2895 2155 3006 2215 οἷόν
3041 2162 3190 2214 ἐστιν
3221 2161 3318 2214 καὶ
3349 2159 3411 2212 τὸ
3441 2161 3606 2227 εὐαγ-

2020 2245 2258 2312 γελικὸν,
2297 2245 2426 2300 ἔνθα
2451 2250 2616 2318 φησὶν
2639 2251 2666 2303 ὁ
2696 2250 2920 2323 Κύριος,
2949 2253 3032 2306 ὅτι
3088 2251 3358 2320 Hom;de
3381 2249 3603 2319 div-0pc»

2019 2355 2137 2403 πος
2189 2337 2366 2393 τοῦτο
2405 2339 2662 2408 ἐποίησε
2682 2383 2696 2407 ,
2731 2342 2827 2396 καὶ
2877 2342 2957 2413 τῷ
2990 2344 3122 2413 σίτῳ
3157 2344 3250 2396 καὶ
3288 2342 3360 2396 τὰ
3388 2342 3603 2406 ζιζάνια

2019 2429 2333 2499 κατέμιξεν.
2359 2431 2475 2484 Οὐκ
2489 2430 2638 2486 ἔστιν
2658 2433 2978 2504 ἀντίρρησις
2997 2435 3136 2505 ταχὺ
3157 2434 3266 2487 ἀπὸ
3283 2433 3393 2486 τῶν
3420 2431 3604 2486 τοιού-

2020 2537 2128 2574 των
2162 2521 2225 2575 τδ
2256 2521 2492 2593 πονηρόν
2515 2539 2528 2551 ·
2558 2522 2749 2576 τούτου
2779 2523 2842 2594 δὴ
2877 2525 3042 2596 χάριν
3077 2527 3172 2579 καὶ
3201 2524 3602 2580 καταναλισκό-

2024 2613 2162 2684 μεθα
2186 2612 2294 2667 ὑπὸ
2319 2613 2428 2668 τῶν
2451 2614 2748 2685 λογισμῶν.

2092 2713 2155 2762 ν’.
2188 2705 2301 2760 Νοῦ
2327 2705 2605 2777 προσοχὴν
2634 2706 2931 2778 ἀρξάμενοι
2957 2707 3360 2774 πολιτεύεσθαι,
3406 2711 3456 2763 εἰ
3501 2707 3602 2778 μὲν

2020 2798 2367 2869 άρμόττομεν
2411 2796 2574 2869 νήψει
2629 2799 2976 2864 ταπείνωσιν,
3034 2801 3128 2874 καὶ
3165 2801 3233 2869 τῇ
3279 2799 3600 2868 ἀντιρῤήσει

2019 2890 2186 2960 εὐχὴν
2233 2889 2643 2959 συγκομίσομεν
2667 2927 2682 2952 ,
2714 2889 2817 2959 τὴν
2850 2889 2967 2944 ὁδὸν
3014 2890 3113 2960 τῆς
3156 2890 3392 2954 διανοίας
3421 2890 3600 2954 καλῶς

2017 2980 2312 3051 ὁδεύσομεν
2357 2979 2550 3052 ὥσπερ
2602 2979 2742 3052 μετὰ
2775 2980 3061 3048 λαμπάδος
3103 2982 3280 3050 φωτὸς
3323 2981 3462 3052 μετά
3503 2980 3598 3034 τοῦ

341 3075 477 3132 Jesu
493 3075 718 3142 Christi,
741 3075 890 3130 velut
916 3075 1168 3145 lampade
1201 3075 1360 3140 lucis,
1389 3074 1732 3139 decorantes,
1755 3088 1918 3129 exor-

2022 3073 2400 3145 προσκυνητοῦ
2454 3073 2550 3126 καὶ
2594 3073 2756 3143 ἁγίου
2803 3073 3070 3144 ὀνόματος
3120 3073 3304 3144 Ἰησοῦ
3340 3073 3598 3144 Χριστοῦ,

343 3174 563 3230 nantes,
585 3173 642 3220 et
673 3165 916 3235 nequitia
937 3174 1324 3236 expurgantes.
1355 3163 1451 3220 Sin
1486 3163 1817 3220 confidimus
1861 3164 1915 3218 in

345 3256 462 3311 sola
490 3258 852 3328 temperantia
879 3263 936 3312 et
964 3257 1352 3312 observatione
1379 3264 1590 3320 nostra,
1641 3255 1826 3311 statim
1858 3265 1920 3310 ut

346 3349 689 3421 impellemur
768 3351 841 3406 ab
910 3349 1196 3417 hostibus,
1245 3364 1568 3406 corruamus
1630 3348 1831 3417 eversi,
1864 3357 1922 3405 et

343 3443 737 3516 expugnabunt
778 3458 885 3498 nos
913 3442 1236 3511 deceptores
1279 3443 1355 3497 illi
1418 3442 1803 3510 versutissimi,
1862 3450 1921 3498 et

346 3539 498 3593 hasta
526 3537 725 3604 valida,
781 3537 1006 3592 nomine
1049 3535 1182 3592 Jesu
1225 3535 1432 3594 Christi
1468 3545 1740 3602 carentes,
1801 3537 1920 3592 suis

345 3626 570 3693 retibus,
606 3643 804 3698 nempe
835 3627 1085 3698 malignis
1143 3627 1654 3698 excogitationibus,
1706 3627 1919 3682 facilius

343 3734 399 3772 et
421 3718 804 3774 vehementius
874 3732 977 3773 nos
1043 3716 1420 3774 informabunt
1469 3726 1528 3772 et
1580 3717 1915 3788 sigillabunt.

343 3809 505 3866 Solus
531 3810 680 3865 enim
715 3810 979 3866 colendus
1006 3808 1097 3865 ille
1128 3808 1360 3880 gladius,
1393 3823 1622 3875 nomen,
1669 3809 1916 3878 inquam,

343 3895 507 3955 Jesu:
524 3900 580 3956 in
609 3901 794 3956 stabili
828 3900 995 3956 corde
1021 3899 1223 3970 sapius
1244 3900 1549 3965 revolutus,
1575 3907 1758 3969 potest
1783 3914 1918 3955 con-

346 4004 604 4063 torquere
627 4002 684 4049 et
731 3992 1057 4049 abscindere
1092 3991 1234 4055 illos,
1270 3991 1528 4057 adurere,
1557 3991 1801 4061 inquam,
1863 4001 1921 4047 et

342 4085 410 4139 ad
441 4085 677 4142 latebras
700 4098 916 4156 cogere,
939 4083 1089 4138 velut
1111 4082 1252 4154 ignis
1269 4084 1547 4154 stipulam.
1579 4083 1916 4150 Quinetiam,

344 4189 404 4228 re
434 4174 568 4230 satis
600 4181 729 4230 ante
755 4173 946 4229 oculos
972 4172 1242 4242 subjecta,
1280 4172 1572 4228 certiorem
1609 4171 1739 4228 facit
1769 4174 1920 4244 peri-

345 4263 614 4318 tissimum
637 4261 901 4318 certantis
929 4261 1197 4328 animum,
1222 4276 1422 4334 nempe
1451 4262 1834 4321 auxiliatorem
1863 4275 1920 4321 et

342 4355 524 4413 omnis
538 4353 808 4410 illusionis
839 4352 1126 4410 diabolica
1159 4363 1512 4425 purgatorem
1537 4369 1660 4412 esse
1701 4356 1918 4413 Deum:

342 4448 432 4505 cui
455 4447 661 4506 cedunt
680 4454 738 4505 et
769 4445 1138 4518 subjiciuntur
1165 4445 1376 4502 omnia.

415 4713 507 4770 5i.
544 4709 944 4781 Temperantia
963 4726 1091 4769 vero
1121 4726 1262 4782 opus
1282 4725 1391 4766 non
1424 4709 1919 4778 intermittendum,

342 4815 400 4863 et
425 4803 628 4861 anima
671 4817 946 4858 summum
999 4802 1214 4859 lucrum
1240 4810 1297 4858 et
1337 4803 1770 4859 emolumentum
1815 4813 1919 4871 est,

343 4898 658 4972 perspicere
671 4895 1058 4968 cogitationum
1075 4895 1513 4968 imaginationes,
1538 4910 1663 4950 cum
1684 4894 1920 4966 primum

345 4991 653 5048 formantur
729 4988 790 5045 in
842 4995 1050 5044 mente.
1117 4987 1522 5044 Reluctationis
1588 4995 1772 5044 autem
1838 4995 1926 5044 est

342 5079 760 5155 deprehendere
814 5087 870 5135 et
923 5077 1170 5135 indicare
1218 5078 1632 5150 cogitationem,
1661 5092 1784 5150 qua
1825 5093 1924 5154 per

342 5173 792 5246 imaginationem
819 5171 899 5227 rei
925 5171 1210 5241 cujusdam
1235 5168 1530 5234 sensibilis,
1549 5185 1733 5226 aerem
1762 5185 1922 5227 men-

343 5267 416 5322 tis
443 5271 649 5320 uostra
670 5262 882 5334 ingredi
904 5262 1118 5318 nititur.
1149 5262 1424 5318 Caterum
1451 5261 1590 5316 nihil
1620 5270 1722 5329 est,
1775 5262 1923 5332 quod

345 5363 457 5408 tam
489 5352 602 5408 cito
622 5352 934 5424 exstinguat
973 5359 1030 5406 et
1071 5351 1336 5408 dissolvat
1393 5365 1610 5406 omnem
1663 5351 1922 5407 adversa-

348 5443 558 5497 riorum
600 5444 1038 5514 conceptionem,
1089 5458 1311 5500 omnem
1367 5458 1699 5510 sermonem,
1759 5459 1924 5501 omne

347 5531 553 5595 visum,
585 5547 805 5589 omnem
840 5541 1098 5600 statuam,
1157 5549 1312 5592 )mne
1346 5535 1570 5602 idolum,
1599 5543 1657 5592 et
1702 5550 1921 5592 omnem

416 5696 466 5728 "
491 5698 512 5751 l
542 5697 683 5752 Tim.
713 5718 783 5763 ιν,
808 5707 858 5756 7.
940 5704 982 5737 ⁸⁸
1012 5705 1157 5760 Psal.
1180 5724 1359 5774 xxm,
1399 5710 1483 5762 ll.

2022 3164 2115 3218 τὸν
2133 3159 2283 3217 οἶκον
2303 3163 2464 3235 ἡμῶν
2493 3163 2592 3234 τῆς
2614 3164 2839 3236 καρδίας
2864 3166 2930 3219 ὲκ
2959 3166 3225 3236 πονηρίας
3247 3163 3604 3235 φιλοκαλοῦν-

2024 3254 2116 3318 τές
2148 3271 2210 3307 τε
2241 3253 2336 3308 καὶ
2358 3254 2802 3326 ἐκκαθαίροντες.
2832 3257 2896 3310 Et
2915 3255 2974 3308 δὲ
3005 3255 3166 3325 μόνον
3186 3256 3246 3308 ἐν
3283 3254 3445 3326 νήψει
3466 3257 3600 3324 ἡμε-

2023 3345 2161 3417 τέρᾳ
2211 3344 2244 3416 ἢ
2289 3348 2528 3416 προσοχῇ
2582 3345 2928 3419 θαρρήσομεν
2954 3385 2972 3411 ,
3028 3345 3241 3416 ταχέως
3289 3345 3448 3416 παρὰ
3490 3345 3599 3399 τῶν

2023 3435 2234 3509 ἐχθρῶν
2291 3436 2594 3508 ὠθούμενοι
2636 3436 3046 3509 ἀνατραπέντες
3091 3435 3448 3507 πεσούμεθα,
3507 3435 3604 3489 καὶ

2025 3527 2437 3584 καταϐαλοῦσιν
2470 3529 2621 3599 ἡμᾶς
2665 3529 2718 3582 oi
2761 3528 3054 3600 δολομῆται
3108 3528 3203 3582 καὶ
3248 3526 3562 3582 δολιώτατοι
3582 3565 3600 3592 ,

2023 3619 2258 3682 καὶτοῖς
2303 3617 2742 3691 ἀμφιϐλήστροις
2789 3618 2971 3673 αὐτῶν
3012 3619 3129 3682 τοῖς
3158 3618 3417 3691 πονηροῖς
3446 3616 3604 3669 ἐνθυ-

2027 3708 2170 3781 μίοις
2195 3709 2464 3774 πλειόνως
2489 3707 2982 3780 ὲμπλακησόμεθα,
3005 3708 3039 3780 ἢ
3065 3708 3161 3762 καὶ
3188 3707 3608 3779 σφραγισόμεθα

2025 3801 2268 3874 εὐχερῶς
2300 3802 2391 3856 ὑπ’
2437 3801 2640 3869 αὐτῶν,
2684 3801 2746 3855 τὸ
2776 3801 3038 3872 κρατσαδν
3084 3802 3214 3873 δόρυ
3247 3801 3351 3855 οὐκ
3388 3800 3604 3872 ἔχοντες

2037 3894 2212 3968 Ἰησοῦ
2278 3893 2515 3966 Χριστοῦ
2571 3893 2763 3964 ὄνομα.
2810 3893 2989 3950 Μόνι.
3039 3893 3148 3965 γὰρ
3195 3893 3260 3946 τὸ
3305 3892 3605 3963 σεϐάσμιον

2025 3989 2303 4059 φάσγανον
2323 3986 2480 4040 τοῦτο
2524 3987 2745 4051 πυκνῶς
2777 3987 2920 4056 ἀγαν
2945 3985 3322 4057 στρεφόμενον
3353 3985 3412 4039 ὲν
3445 4001 3602 4055 μονο-

2023 4079 2214 4150 τρόπῳ
2238 4079 2442 4150 καρδίᾳ
2480 4074 2588 4133 οἶδε
2620 4078 2947 4151 συστρέφειν
2973 4079 3068 4132 καὶ
3091 4077 3464 4132 κατακόπτειν
3501 4075 3602 4129 αὑ-

2024 4171 2174 4235 τοὺς,
2237 4169 2604 4240 καταφλέγειν
2650 4187 2711 4223 τε
2769 4170 2864 4223 καὶ
2923 4167 3328 4240 ἀποκρύπτεινο
3379 4167 3471 4222 τὸν
3507 4168 3604 4237 μὲν

2025 4263 2159 4316 ὡσεὶ
2189 4261 2324 4334 πῦρ,
2360 4264 2409 4317 οἱ
2447 4262 2506 4316 δὲ
2553 4261 2631 4327 ὡς
2655 4261 2931 4334 καλάμην.
2972 4260 3137 4316 Ἀλλὰ
3158 4261 3270 4332 γὰρ
3291 4260 3387 4316 καὶ
3420 4261 3478 4315 ὲν
3514 4262 3604 4314 ai-

2027 4351 2216 4424 σθήσει
2245 4353 2404 4424 ίκανῇ
2440 4353 2564 4407 τότε
2607 4352 2866 4424 ὑπάρχει,
2905 4352 3174 4437 γνωρίζον
3201 4351 3302 4424 τὴν
3337 4351 3433 4406 τοῦ
3461 4353 3605 4420 ἀγω-

1949 4453 1996 4510 ι)
2025 4445 2209 4500 νιστοῦ
2245 4443 2578 4517 πολύπειρον
2611 4443 2862 4517 καρδίαν,
2885 4445 3084 4515 ὅτιπερ
3109 4443 3177 4498 ix
3209 4443 3394 4514 πάσης
3412 4445 3605 4513 δαιμο-

2025 4535 2145 4599 νίας
2171 4535 2468 4607 φαντασίας
2496 4534 2709 4607 βοηθῶν
2765 4534 2861 4590 καὶ
2917 4534 3198 4606 καθαίρων
3253 4533 3388 4598 Θεός
3423 4535 3598 4594 ὲστινς

2026 4621 2180 4698 ᾧτινι
2215 4630 2324 4684 πᾶν
2346 4628 2584 4695 ὑπείκει,
2615 4627 2714 4683 καὶ
2739 4628 2918 4683 πάντα
2949 4626 3341 4683 ὑποτέτακται.

2097 4727 2201 4774 να’.
2234 4721 2438 4791 Ἔργον
2465 4721 2558 4787 δὲ,
2585 4720 2800 4792 νήψεως
2827 4719 2950 4791 μὶν,
2985 4719 3334 4774 ἀδιάλειπτον
3370 4718 3466 4772 καὶ⁵
3499 4718 3598 4786 τῆς

2026 4810 2205 4882 ψυχῆς
2223 4811 2409 4884 ὄνησις
2452 4814 2554 4867 καὶ
2576 4812 2772 4885 κέρδος
2804 4813 2951 4884 μέγα
2973 4852 2991 4879 ,
3024 4811 3088 4865 τδ
3111 4811 3246 4882 ὁρᾷν
3276 4809 3442 4873 εὐθὺς
3474 4826 3606 4880 σχη-

2031 4903 2406 4974 ματιζομένας
2453 4903 2554 4968 τὰς
2593 4903 2703 4958 τῶν
2730 4902 3011 4974 λογισμῶν
3052 4903 3113 4956 έν
3151 4899 3230 4972 νῷ
3261 4901 3602 4971 φαντασίαςθ

2027 4995 2402 5069 ἀντιρρήσεως
2423 4996 2501 5063 δὲ,
2531 4995 2594 5050 τδ
2619 4995 2921 5066 διελέγχειν
2947 4995 3042 5049 καὶ
3071 4991 3266 5065 δηλοῦν
3287 4992 3382 5045 τὸν
3408 4990 3610 5063 πειρὼ-

2031 5103 2192 5158 μενον
2215 5087 2477 5143 είσελθεῖν
2506 5087 2768 5158 λογισμὸν
2793 5089 2855 5142 έν
2885 5085 2966 5158 τῷ
2995 5085 3122 5157 ἀέρι
3150 5083 3246 5137 τοῦ
3273 5081 3393 5147 νοὸς
3425 5082 3586 5153 ἡμῶν

2026 5179 2118 5232 διὰ
2170 5181 2472 5249 φαντασίας
2517 5180 2783 5251 αἰσθητῆς
2834 5178 2984 5245 τινὸς
3034 5178 3398 5250 πράγματοςο
3453 5174 3517 5228 τὸ
3552 5173 3611 5227 δὲ

2030 5271 2290 5326 σϐεννύον
2343 5274 2436 5327 καὶ
2479 5271 2696 5328 διαλὺον
2736 5271 2846 5326 τῶν
2885 5269 3199 5326 ἀντιπάλων
3238 5267 3446 5332 εὐθέως
3501 5270 3614 5323 πᾶν

2028 5363 2233 5435 νόημα,
2267 5365 2445 5418 πάντα
2488 5364 2666 5434 λόγον,
2715 5365 2824 5417 πᾶν
2859 5363 3175 5435 φάντασμα,
3216 5361 3325 5414 πᾶν
3358 5359 3610 5430 ῐνδαλμα,

2029 5453 2140 5506 πᾶν
2184 5451 2435 5516 εἴδωλον,
2467 5454 2649 5510 πᾶσαν
2695 5451 2899 5523 στήλην
2946 5449 3212 5520 πονηράν,
3257 5447 3411 5501 εστὶν
3443 5450 3477 5518 ἡ
3517 5449 3611 5502 τοῦ

2031 5543 2234 5613 Κυρίου
2269 5544 2576 5616 ἐπίκλησις.
2621 5543 2731 5598 Καὶ
2771 5544 2935 5614 ἡμεῖς
2959 5543 3068 5613 γὰρ
3096 5540 3251 5598 αὐτοὶ
3279 5540 3339 5592 ὲν
3370 5538 3448 5609 νῷ
3491 5537 3606 5609 βλέ-

1558 5713 1602 5744 "
1638 5710 1826 5766 Matth.
1856 5729 1976 5779 xm,
2004 5715 2095 5768 ‘28.
