3968 6220
338 410 356 472 l
366 401 471 472 529

1045 408 1142 468 DE
1187 407 1737 468 TEMPERANTIA
1775 408 1870 468 ET
1907 409 1908 414 “

2018 407 2266 469 ιΤυΤΕ.
2309 401 2790 471 -ἘΕΝΤΙΙΒΙΑ
2826 409 2910 471 ΙΙ.

3451 409 3590 476 1530

333 537 507 591 πομεν
539 516 644 588 τὴν
678 515 824 570 κατά
862 514 1064 586 κράτος
1097 513 1282 570 αὐτῶν
1328 510 1500 588 ἧτταν
1521 555 1536 581 ,
1566 515 1666 586 τὴν
1699 515 1788 570 διὰ
1814 517 1908 569 τοῦ

2018 515 2309 584 reprobum
2339 513 2580 582 titulum,
2610 530 2776 587 quam
2797 515 3072 573 invocatio
3106 515 3344 576 Domini.
3365 520 3445 578 Δο
3485 535 3590 576 nos

345 613 520 688 Ἰησοῦ
565 613 661 670 τοῦ
683 612 925 686 μεγάλου
967 611 1106 667 Θεοῦ
1142 612 1323 682 ήμῶν,
1353 610 1448 665 καὶ
1481 609 1582 682 τὴν
1610 608 1768 682 ήμῶν
1799 607 1909 665 τῶν

331 708 602 764 ταπεινῶν
619 707 716 764 καὶ
746 705 982 762 εὐτελῶν
1009 703 1106 759 καὶ
1131 704 1341 776 ἀγρίων
1367 702 1666 774 ἐκδίκησιν.

403 973 503 1042 νβ’.
569 973 692 1029 Ὅτι
733 972 938 1038 πάντες
975 971 1027 1027 ot
1054 969 1306 1041 λογισμοὶ
1344 967 1499 1024 οὐδὲν
1536 968 1725 1042 ἕτερόν
1770 969 1912 1022 τίσιν

336 1065 448 1120 ἀλλ’
467 1063 502 1136 ἢ
523 1064 818 1134 φαντασίαι
848 1062 1009 1135 μόναι
1043 1062 1311 1133 αἰσθητῆς
1329 1061 1426 1115 καὶ
1457 1059 1744 1132 κοσμικῶν
1765 1075 1910 1132 πρα-

335 1157 582 1230 γμάτων,
607 1157 660 1210 οἱ
681 1157 866 1212 πολλοὶ
881 1155 1206 1228 ἀγνοοῦμεν.
1227 1155 1405 1224 Είπερ
1419 1153 1476 1207 δὲ
1497 1151 1821 1223 χρονίσομεν
1849 1153 1910 1206 ἐν

334 1247 467 1318 εὐχῇ
501 1246 784 1317 νήφοντες,
801 1247 1086 1318 στερίσκει
1119 1245 1219 1316 μὲν
1246 1243 1382 1315 εὐχὴ
1407 1243 1503 1315 τὴν
1532 1243 1770 1297 διάνοιαν
1803 1242 1910 1297 πά-

336 1353 437 1407 σης
468 1335 704 1400 ὑλώδους
727 1335 1030 1406 φαντασίας
1053 1335 1332 1407 λογισμῶν
1348 1333 1628 1405 ῥυπαρῶν
1651 1333 1909 1405 γνωρίζει

335 1425 391 1480 δὲ
413 1424 558 1495 αὑτὴ
601 1426 697 1481 καὶ
720 1426 843 1491 τοὺς
861 1425 1054 1494 λόγους
1077 1424 1186 1479 τῶν
1217 1424 1515 1495 πολεμίων,
1549 1422 1646 1476 καὶ
1672 1422 1735 1477 τὸ
1767 1423 1909 1494 μέγα

334 1515 523 1586 κέρδος
557 1514 726 1586 εὐχῆς
739 1533 798 1568 τε
827 1517 922 1570 καὶ
950 1515 1166 1587 νήψεως
1187 1531 1204 1548 ο
1231 1513 1402 1583 Πλὴν
1427 1514 1550 1580 τοῖς
1577 1513 1908 1583 ὀφθαλμοῖς

333 1623 452 1662 σου
493 1608 915 1684 κατανοήσεις,
967 1607 1066 1662 καί
1095 1607 1506 1663 ἀνταπόδοσιν
1544 1603 1908 1676 ἁμαρτωλῶν

333 1702 538 1770 νοητῶν
567 1703 774 1772 νοητῶς
795 1703 891 1757 καὶ
919 1701 1081 1766 αὐτὸς
1101 1699 1164 1752 σὺ
1179 1701 1335 1771 ὄψει,
1387 1701 1479 1754 καὶ
1529 1700 1904 1770 κατανοήσεις,

333 1796 471 1866 φησὶ
513 1795 677 1849 Δαϐὶδ
717 1797 746 1849 ὁ
787 1795 931 1861 θεῖος
1002 1794 1262 1866 μελῳδός.

2011 605 2234 676 quidem
2266 607 2370 678 ipsi
2400 607 2776 679 conspicimus
2799 607 2856 662 in
2881 607 3090 672 animo,
3121 609 3190 664 de
3210 608 3334 676 illis,
3388 621 3586 682 poten-

2011 697 2084 753 tia
2098 697 2231 755 Jesu
2251 700 2448 755 summi
2483 699 2580 756 Dei
2607 700 2808 768 nostri,
2837 709 2953 756 tum
2977 701 3262 757 victoriam
3292 701 3432 768 dari,
3471 711 3586 760 tum

1901 828 1905 832 .
2010 799 2276 857 nostram,
2316 791 2410 861 qui
2435 791 2715 860 humiles,
2781 793 2972 861 exiles,
3025 801 3082 850 et
3109 793 3328 851 inutiles
3373 810 3588 864 sumus,

2010 882 2274 938 ultionem
2299 883 2464 941 sumi.

2019 1003 2022 1008 -
2082 975 2168 1030 52.
2206 975 2526 1046 Ignoramus
2579 977 2828 1048 plerique
2901 980 3188 1036 universas
3231 981 3588 1052 cegitationes

2009 1065 2147 1120 nihil
2172 1066 2318 1122 aliud
2365 1082 2488 1123 esse
2547 1077 2911 1140 praeterquam
2971 1072 3118 1128 solas
3170 1073 3263 1126 im.
3282 1071 3590 1143 ginationes

2009 1157 2298 1212 sensilium
2324 1165 2382 1213 et
2431 1159 2833 1215 mundanarum
2867 1177 3072 1217 rerum.
3117 1163 3272 1228 Quod
3323 1163 3371 1219 si
3415 1161 3588 1219 sobrii

2009 1252 2266 1321 precibus
2283 1253 2657 1318 immoremur,
2693 1255 2932 1324 precatio
2956 1256 3134 1325 privat
3169 1258 3410 1311 animum
3437 1256 3588 1312 omni

2009 1358 2196 1398 crassa
2269 1345 2612 1400 sordidarum
2696 1347 3094 1417 cogitationum
3171 1349 3644 1421 imaginatione._

2010 1428 2332 1498 Perspicuas
2365 1431 2530 1485 etiam
2555 1431 2668 1500 ipsa
2694 1430 2826 1487 facit
2847 1434 3087 1488 hostium
3119 1443 3301 1489 artes.
3321 1443 3377 1489 et
3401 1433 3589 1490 decla-

2010 1529 2115 1584 rat,
2145 1521 2339 1590 ingens
2368 1536 2433 1576 ex
2459 1522 2714 1591 precibus
2738 1531 2794 1576 et
2817 1525 3173 1593 temperantia
3199 1541 3408 1580 tuorum
3436 1527 3586 1581 oriri.

2013 1611 2379 1666 Verumtamen
2402 1613 2565 1666 oculis
2596 1614 2697 1666 tuis
2722 1614 3098 1678 considerabis,
3119 1624 3166 1668 et
3189 1615 3586 1670 retributionem

2009 1711 2342 1772 peccatorum
2369 1702 2690 1772 spiritalium
2723 1703 2908 1759 animo
2931 1705 3092 1757 etiam
3117 1713 3174 1758 tu
3197 1705 3314 1774 ipse
3335 1707 3527 1759 videbis
3547 1706 3586 1770 ¹,

2012 1799 2067 1847 et
2095 1793 2682 1868 considerabis,inquit
2708 1793 2876 1848 David
2904 1794 3208 1848 modulator
3241 1793 3476 1848 divinus.

403 1863 506 1956 νγθ.
545 1863 1026 1959 Μνημονεύσωμεν
1052 1926 1068 1952 ,
1112 1863 1160 1940 εί
1215 1887 1460 1953 δυνατὸν,
1510 1885 1606 1940 τοῦ
1679 1863 1908 1939 θανάτου

2083 1884 2171 1938 55.
2211 1863 2554 1952 Perpetuam,
2580 1883 2626 1938 si
2680 1883 2792 1938 ﬁeri
2825 1891 3024 1953 potest,
3076 1883 3267 1938 mortis
3316 1892 3588 1954 gestenms

332 1978 696 2044 ἀδιαλείπτως
714 1995 728 2010 ⁶
755 1981 823 2034 δι’
849 1973 916 2052 ἦς
946 1980 1164 2051 μνήμης
1183 1979 1478 2051 φροντίδων
1516 1976 1774 2041 ἀπόθεσις
1801 1994 1908 2048 μα-

333 2069 639 2141 ταιοτήτων
667 2086 729 2124 τε
757 2070 816 2123 ὲν
843 2071 974 2141 ἡμῖν
1005 2072 1293 2139 γεννᾶται,
1329 2069 1544 2139 φυλακή
1570 2087 1631 2122 τε
1658 2068 1776 2131 νοὸς
1814 2068 1908 2122 καὶ

332 2161 588 2233 διηνεκὴς
619 2161 808 2232 δέησις
828 2177 841 2190 ’
863 2159 1246 2231 ἀπροσπάθεια
1285 2159 1341 2212 δὲ
1373 2158 1468 2212 τοῦ
1495 2156 1763 2227 σώματος,
1793 2154 1910 2226 βδέ-

333 2252 484 2320 λυξις
532 2253 830 2325 ἁμαρτίας,
860 2253 954 2307 καὶ
985 2252 1194 2323 σχεδὸν,
1225 2253 1272 2304 εἰ
1313 2251 1395 2304 δεῖ
1435 2248 1668 2317 τάληθὲς
1711 2247 1907 2309 εἰπεῖν,

335 2343 487 2396 πᾶσα
518 2343 711 2414 ἀρετὴ
759 2342 972 2412 ἄγουσα
1022 2344 1086 2394 ἐκ
1135 2339 1341 2410 ταύτης
1415 2336 1738 2399 ἐκϐλύζεται
1767 2351 1780 2364 ·
1825 2335 1908 2389 διὸ

332 2435 411 2501 ὡς
457 2439 528 2510 τῇ
559 2436 668 2510 ίδίᾳ
705 2439 868 2508 πνοῇ,
903 2437 959 2490 εί
985 2436 1231 2501 δυνατὸν,
1265 2432 1344 2504 τῷ
1383 2431 1670 2504 πράγματι
1698 2428 1910 2502 χρησώ-

338 2523 500 2596 μιθα.

404 2702 498 2758 νϐ’.
545 2700 764 2772 Καρδία
803 2700 1099 2766 ξενωθεῖσα
1157 2699 1508 2771 φαντασιῶν.
1553 2699 1752 2763 τελέως
1778 2699 1906 2770 νοή-

337 2811 488 2865 ματα
534 2793 748 2860 τέξεται
809 2792 972 2864 μέσον
1005 2792 1180 2862 αὐτῆς
1223 2793 1530 2864 σκιρτῶντα
1564 2791 1685 2848 θεῖὰ
1711 2809 1770 2844 τε
1813 2793 1910 2845 καὶ

337 2883 711 2958 μυστηριώδη,
737 2884 801 2938 ὃν
819 2885 1022 2952 τρόπον
1057 2884 1348 2956 σκιρτῶσιν
1384 2883 1588 2954 ἰχθύες,
1619 2883 1714 2937 καὶ
1743 2885 1910 2951 ,ἐγκυ-

335 2977 562 3032 ϐιστῶαι
584 2978 831 3046 δελφῖνες
859 2976 1208 3048 γαληνιῶσης
1237 2975 1540 3046 θαλάσσης·
1574 2975 1669 3030 καὶ
1699 2975 1910 3048 ῥιπίζε-

333 3086 426 3123 ται
481 3068 580 3139 μὲν
627 3067 873 3123 θάλασσα
907 3067 1013 3122 ὑπὸ
1056 3066 1262 3138 λεπτῆς
1309 3065 1503 3137 αὔρας.
1539 3066 1812 3129 Ἀϐυσσος
1851 3066 1909 3120 δὲ

334 3161 561 3234 καρδίας
594 3161 700 3216 ὑπὸ
727 3159 1044 3230 Πνεύματος
1071 3160 1252 3229 ἁγίου.
1277 3160 1405 3213 Ὅτι
1431 3158 1521 3226 δὲ,
1561 3159 1752 3230 φησὶν,
1768 3158 1910 3212 ἐστὲ

332 3229 470 3316 plot,
507 3229 939 3319 ἐξαπέστειλεν
971 3255 1005 3307 δ
1048 3252 1188 3317 Θεὸς
1228 3251 1294 3305 τὸ
1341 3250 1582 3321 Πνεῦμα
1618 3229 1725 3306 τοῦ
1773 3249 1910 3304 nos
1937 3229 1980 3287 ϐ

336 3347 540 3414 αὑτοῦ,
573 3347 643 3402 ὲν
681 3345 811 3413 ταῖς
845 3345 1114 3414 καρδίαις
1149 3343 1316 3416 ὑμῶν
1360 3341 1608 3414 κρᾶζον,
1648 3343 1842 3411 ’Δ66ὰ,
1876 3345 1911 3398 ό

336 3437 554 3508 Πατήρ.

402 3535 494 3583 νε’.
535 3529 831 3602 Ἀπορήσει
865 3529 962 3582 καὶ
986 3529 1289 3600 διχονοήσει
1321 3527 1431 3589 πᾶς
1464 3527 1701 3597 μοναχδς
1741 3543 1913 3579 πνευ-

335 3617 565 3686 ματικοῦ
612 3617 796 3689 ἔργου,
848 3617 954 3688 πρὸ
1001 3620 1218 3688 νήψτως
1257 3615 1351 3668 νοῦ
1395 3615 1681 3678 λαϐέσθαι,
1733 3615 1767 3687 ἢ
1810 3616 1912 3668 οὐκ

333 3707 488 3772 εἰδὼς
518 3708 616 3778 μὲν
635 3708 696 3761 τὺ
709 3706 914 3780 ταύτης
935 3708 1152 3774 κάλλος,
1172 3707 1207 3778 ἢ
1238 3706 1394 3772 εἰδὼς
1426 3707 1549 3778 μὲν,
1567 3706 1632 3759 δι’
1649 3705 1911 3777 ἀμελείας

328 3799 390 3854 δὲ
423 3799 501 3870 μὴ
523 3798 842 3870 δυνάμενος,
863 3801 966 3868 τῆς
995 3798 1052 3852 δὲ
1080 3797 1314 3871 ἀπορίας
1335 3797 1722 3869 ἀναμφιϐόλως
1742 3796 1910 3867 λυθή-

335 3907 510 3955 σεται,
568 3890 686 3954 Vpb;
737 3891 970 3962 τήρησιν
1023 3887 1242 3953 ἐπιϐὰς,
1288 3888 1324 3960 ή
1365 3891 1480 3942 ἔστι
1534 3887 1628 3941 καὶ
1689 3887 1910 3955 λέγεται

334 3982 613 4053 πρακτικὴ
661 3980 951 4052 φιλοσοφία
997 3980 1135 4046 νοὸς,
1167 3980 1244 4044 ὡς
1285 3979 1386 4051 τὴν
1425 3978 1543 4033 ὁδὸν
1585 3977 1834 4048 εὑρηκὼς
1874 3972 1909 4052 ᾗ

332 4069 506 4140 εἶπεν,
551 4073 697 4144 Ἔλιτό
735 4075 854 4145 εἶμι
892 4074 932 4144 ή
959 4070 1119 4141 ὁδὸς,
1155 4071 1254 4128 καί
1287 4072 1326 4141 ἠ
1353 4070 1712 4138 ἀνάστασις,
1743 4071 1841 4126 καὶ
1875 4073 1912 4143 ἠ

330 4163 466 4234 ζωή.

401 4342 509 4409 νς’.
535 4341 707 4408 Πάλιν
726 4335 883 4407 αὖθις
897 4341 1168 4413 ἀπορήσει
1189 4340 1330 4411 δρῶν
1351 4340 1588 4396 ἄϐυσσον
1604 4341 1903 4412 λογισμῶν,

331 4433 430 4486 καὶ
477 4432 682 4503 πλῆθος
715 4432 925 4504 νηπίων
974 4430 1359 4497 Βαϐυλωνίων,
1388 4431 1524 4486 ἀλλά
1573 4432 1669 4485 καὶ
1702 4431 1908 4502 ταύτην

330 4522 451 4577 λύει
465 4523 566 4595 τὴν
592 4526 828 4596 ἀπορίαν
854 4525 1112 4598 Χριστὸς,
1133 4526 1248 4595 sive
1269 4527 1338 4596 τῇ
1360 4525 1518 4596 βάσει
1541 4525 1641 4596 τῆς
1669 4525 1908 4589 διανοίας
1935 4557 1985 4618 D

330 4617 594 4688 διηνεκῶς
627 4617 714 4671 ἀπ’
743 4618 906 4672 αὐτὸν
929 4617 1215 4689 ίστάμεθα.
1243 4617 1325 4672 Τά
1353 4618 1410 4672 δὲ
1439 4618 1616 4674 πάντα
1651 4616 1906 4671 Βαϐυλῶν-
1931 4646 1933 4648 -

331 4724 422 4762 νια
471 4709 642 4779 νήπια
684 4716 742 4763 η
784 4711 852 4782 τῇ
895 4709 1076 4781 πέτρᾳ
1117 4709 1292 4780 ταύτῃ
1332 4710 1680 4780 ὲδαφιοῦντες
1708 4713 1907 4766 ἐναπο-

333 4797 604 4870 κροῦομεν
626 4798 982 4870 πἰηροῢντες,
997 4799 1232 4856 κατὰτὸ
1259 4799 1464 4870 λόγιον,
1482 4801 1585 4872 τὴν
1612 4800 1906 4872 ἐπιθυμίαν

333 4890 494 4963 ήμῶν
508 4891 570 4956 ἐξ
595 4891 803 4948 αὐτῶν.
820 4895 926 4959 Ὃς
946 4893 1080 4962 γὰρ,
1107 4893 1268 4964 φησὶ,
1297 4893 1602 4964 φυλάσσει
1621 4892 1904 4960 ἐντολὴν»

331 4986 406 5041 οὐ
448 4983 740 5056 γνώσεται
773 4983 944 5054 ῥῆμα
977 4986 1283 5054 πονηρόν
1339 4983 1518 5056 κωρις
1555 4984 1667 5056 γὰρ
1721 4983 1906 5056 ἐμοῦ.

331 5079 461 5149 εφη.
483 5079 558 5134 οὐ
583 5076 852 5132 δύνασθε
881 5076 1077 5132 ποιεῖν
1103 5077 1308 5134 οὐδέν.

400 5249 502 5314 νζ.
529 5243 698 5315 Οὗτος
726 5248 982 5323 ἀληθινὸς
1007 5250 1084 5322 τῷ
1118 5250 1234 5306 δντι
1269 5251 1528 5324 μοναχδς,
1546 5252 1577 5306 δ
1599 5251 1760 5324 νῆψιν
1771 5270 1906 5316 κατ-

330 5338 538 5410 ορθῶν·
567 5341 668 5422 καὶ
685 5335 841 5406 οὗτος
872 5341 1426 5414 ἀληθινὸςξνηφάλιος,
1453 5343 1484 5396 δ
1515 5343 1574 5398 ἐν
1602 5343 1805 5416 καρδίᾳ
1826 5341 1904 5399 ὢν

333 5433 590 5504 μοναχός.

401 5530 506 5594 νη’.
550 5523 1097 5595 Συμπαρὼιτείνεται
1144 5525 1459 5596 ἀνθρώποις
1491 5527 1520 5581 δ
1553 5527 1666 5599 βίος
1709 5527 1768 5581 ὲν
1792 5526 1901 5581 ἐνι-

328 5615 533 5684 αυτοῖς,
567 5615 628 5669 ἑν
660 5616 852 5688 μησὶν,
881 5618 942 5672 ὲν
984 5617 1278 5688 ἑϐδομάσιν
1300 5619 1390 5688 ,ἐν
1423 5636 1483 5676 τε
1508 5621 1766 5692 ἡμέραις,
1803 5621 1900 5675 καὶ

2009 1975 2493 2044 memoriamzqua
2547 1991 2824 2040 curarum,
2855 1975 3156 2029 vani'tatum
3215 1975 3484 2039 omnium,
3534 1983 3590 2028 et

2009 2065 2344 2135 reliquorum
2370 2081 2490 2136 quur:
2523 2075 2651 2121 sunt
2679 2068 2734 2120 in
2757 2067 2958 2132 nobis,
2984 2067 3256 2137 depositio
3303 2067 3583 2121 nascitur:

2009 2158 2357 2213 conservatio
2421 2158 2585 2212 etiam
2638 2159 2882 2225 mentis,
2937 2167 2992 2214 et
3043 2159 3264 2214 assidua
3308 2159 3585 2231 precatio,

2009 2248 2268 2304 alienatio
2300 2250 2430 2304 item
2457 2249 2526 2304 ab
2553 2249 2702 2303 omni
2742 2249 2984 2320 corporis
3041 2249 3260 2317 aﬂ‘ectu,
3287 2251 3588 2306 exsecratio

2009 2342 2336 2411 peccati,~ac
2366 2341 2782 2410 propemodum,
2823 2341 2867 2396 si
2903 2357 3091 2396 verum
3131 2343 3313 2398 dicere
3350 2351 3584 2412 oportet,

2009 2431 2186 2486 virtus
2213 2431 2395 2486 omnis
2427 2447 2496 2486 ex
2525 2448 2589 2486 ea
2625 2431 2884 2502 prodiens
2924 2433 3174 2488 scaturit.
3217 2432 3585 2498 Quamobrem

2029 2536 2130 2590 pso
2159 2520 2325 2586 facto,
2362 2531 2619 2592 tanquam
2647 2522 2869 2592 propria
2899 2522 3218 2593 spiratione,
3245 2523 3292 2578 si
3340 2522 3453 2576 ﬁeri
3484 2539 3585 2592 po-

2012 2621 2138 2676 test,
2173 2621 2395 2668 utamur
2421 2629 2506 2668 ea.

2081 2704 2170 2758 54.
2210 2703 2361 2760 Mens
2389 2704 2580 2775 procul
2602 2704 2671 2759 ab
2694 2703 3040 2760 illusionibus
3069 2704 3323 2770 alienata,
3358 2705 3580 2760 tandem

2011 2795 2226 2851 divinas
2271 2805 2331 2852 et
2380 2798 2651 2868 mysteriis
2700 2797 2893 2868 plenas
2946 2799 3334 2869 conceptiones
3381 2799 3582 2868 pariet,

2010 2887 2288 2942 exsultans
2327 2888 2380 2944 in
2437 2891 2616 2944 medio
2642 2890 2746 2955 sui,
2785 2890 3242 2961 quemadmodum
3294 2891 3586 2959 tranquillo

2010 2979 2147 3034 mari
2185 2980 2440 3036 exsiliunt
2488 2981 2684 3050 pisces,
2741 2991 2800 3036 et
2849 2981 3085 3036 demisso
3137 2981 3314 3050 capite
3343 2980 3587 3050 delphini

2011 3071 2342 3126 subsultant.
2397 3070 2462 3125 Et
2518 3071 2622 3127 levi
2660 3071 2882 3142 quidem
2915 3065 3045 3126 aura
3079 3070 3338 3141 perﬂatur
3386 3085 3534 3126 mare
3569 3087 3583 3124 :

2012 3161 2237 3231 abyssus
2269 3171 2449 3216 autem
2473 3162 2673 3228 cordis,
2710 3161 2916 3232 Spiritu
2949 3172 3161 3220 sancto.
3200 3160 3462 3225 Quoniam
3490 3179 3588 3216 au-

2013 3261 2116 3308 tem
2147 3255 2291 3317 estis,
2322 3254 2416 3320 ait,
2447 3249 2546 3323 [itii
2578 3254 2694 3320 Dei,
2720 3255 2861 3310 misit
2891 3254 3032 3310 Deus
3056 3252 3317 3322 Spiritum
3349 3251 3478 3306 Filii
3504 3254 3588 3307 sui

2012 3341 2068 3394 in
2099 3343 2256 3396 corda
2291 3351 2484 3408 vestra,
2510 3343 2849 3410 clamantem,
2878 3341 3048 3410 Abba,
3081 3341 3245 3397 Pater
3261 3345 3304 3398 ².

2082 3514 2170 3570 55.
2212 3514 2288 3570 De
2318 3531 2484 3586 opere
2513 3516 2739 3588 spiritali
2774 3517 3070 3586 haesitabit,
3101 3524 3157 3573 et
3176 3516 3246 3572 ab
3282 3531 3350 3572 eo
3376 3517 3588 3572 alienus

2012 3607 2116 3662 erit
2141 3607 2316 3662 omnis
2355 3610 2673 3676 monachus,
2707 3610 2799 3681 qui
2830 3609 3244 3680 temperantiam
3271 3607 3442 3661 animi
3461 3616 3588 3663 ante

2010 3713 2119 3753 non
2144 3699 2372 3768 adeptus
2400 3701 2582 3766 fuerit,
2613 3709 2708 3755 aut
2735 3699 3062 3771 ignoraverit
3085 3700 3206 3769 ejus
3230 3697 3582 3766 dignitatem:

2011 3795 2105 3840 aut
2141 3787 2325 3842 scierit
2354 3789 2595 3857 quidem,
2635 3789 2730 3844 sed
2761 3788 3009 3844 socordia
3054 3787 3231 3842 victus
3278 3803 3398 3842 eam
3427 3803 3586 3842 exer-

2011 3889 2136 3929 cere
2176 3890 2283 3929 non
2318 3876 2508 3946 possit.
2543 3877 2662 3943 Qua
2683 3877 2874 3946 procul
2903 3876 3071 3932 dubio
3092 3876 3430 3932 dubitatione
3460 3877 3587 3932 libe-

2011 3967 2238 4033 rabitur,
2263 3967 2353 4022 ubi
2372 3968 2574 4025 mentis
2595 3967 3038 4040 observationem
3067 3983 3356 4040 aggressus
3388 3967 3583 4021 fuerit:

2009 4073 2131 4129 qua:
2159 4066 2216 4114 et
2251 4059 2360 4115 est'
2384 4068 2440 4114 et
2491 4059 2692 4114 dicitur
2737 4057 3082 4130 philosophia
3130 4057 3328 4113 mentis
3361 4057 3537 4112 activa
3571 4079 3584 4112 ι

2009 4149 2464 4219 quemadmodum
2487 4150 2625 4206 viam
2651 4149 2962 4221 appellavit,
3001 4148 3095 4222 qui
3118 4135 3288 4214 dixit:
3321 4147 3433 4219 Ego
3465 4165 3591 4202 sum-

2008 4243 2115 4308 οἱα,
2145 4244 2475 4310 resurrectio,
2503 4251 2551 4297 et
2579 4243 2685 4297 vita
2703 4243 2745 4297 ³.

2082 4335 2169 4390 56.
2210 4337 2400 4392 Denuo
2439 4336 2732 4404 haesitabit,
2766 4336 3054 4393 attendens
3095 4335 3346 4406 abyssum
3379 4324 3589 4404 cogita-

2010 4427 2241 4495 tionum,
2267 4437 2323 4485 et
2348 4429 2754 4486 multitudinem
2777 4430 3124 4502 parvulorum
3146 4427 3589 4497 Babyloniorum.

2011 4518 2118 4576 Sed
2150 4521 2294 4577 hanc
2323 4521 2484 4577 etiam
2506 4522 2914 4578 haesitationem
2947 4521 3110 4578 solvit
3132 4519 3406 4582 Christus,
3437 4519 3589 4573 dum.-

2008 4613 2171 4669 modo
2203 4614 2255 4669 ei
2289 4615 2442 4669 velut.
2464 4614 2632 4669 animi
2671 4614 3029 4668 fundamento
3057 4611 3408 4668 continenter
3443 4609 3592 4664 inni-

2013 4713 2209 4760 tamur.
2253 4703 2546 4760 Universos
2570 4712 2752 4759 autem
2781 4703 3101 4776 Babylonios
3130 4699 3425 4757 infantulos
3461 4699 3590 4757 huic

2011 4804 2181 4866 petra:
2233 4805 2490 4866 tanquam
2543 4797 2856 4865 pavimento
2910 4795 3206 4860 allidimus,
3271 4792 3588 4862 implentcs,

2007 4888 2160 4960 iuxta
2185 4888 2484 4959 eloquium,
2510 4889 2846 4946 desiderium
2872 4895 3120 4942 nostrum
3146 4901 3212 4940 ex
3251 4883 3384 4955 ipsis
3411 4883 3453 4938 ⁸.
3485 4883 3588 4948 Qui

2011 4981 2172 5048 enim,
2213 4980 2414 5052 inquit,
2456 4982 2680 5037 custodit
2738 4989 3079 5052 praceptum,
3136 4995 3247 5033 non
3289 4979 3588 5048 experietur

2015 5074 2302 5145 quidquam
2329 5074 2460 5130 mali
2480 5075 2523 5128 ⁵.
2555 5073 2691 5140 Quia
2712 5074 2826 5128 sine
2852 5087 2960 5138 me,
2984 5071 3084 5137 ait,
3113 5069 3244 5124 nihil
3263 5068 3475 5139 potestis
3503 5070 3588 5140 {a-

2014 5180 2130 5220 cere
2161 5166 2204 5220 ⁸.

2084 5256 2173 5312 57.
2208 5255 2308 5313 llic
2337 5255 2583 5329 profecto
2621 5271 2786 5313 verus
2811 5261 2898 5310 est
2940 5250 3264 5316 monachus,
3311 5249 3406 5321 qui
3441 5259 3587 5308 recte

2013 5347 2430 5418 temperantiam
2461 5357 2708 5414 exercet;
2743 5354 2802 5402 et
2828 5343 2918 5399 hic
2947 5357 3077 5399 vere
3121 5350 3433 5414 temperans
3479 5351 3585 5411 est,

2011 5437 2104 5508 qui
2127 5439 2430 5494 monachus
2458 5445 2543 5493 est
2571 5438 2774 5492 animo.

2079 5529 2174 5584 58.
2214 5528 2332 5584 Vita
2363 5529 2645 5584 hominum
2672 5525 3040 5598 protenditur,
3076 5539 3177 5596 per
3199 5538 3401 5591 annos,
3430 5539 3584 5579 men-

2005 5633 2116 5685 ses,
2143 5619 2532 5686 hebdomadas,
2563 5619 2699 5686 dies,
2735 5617 2918 5681 horas,
2951 5624 3161 5683 noctes,
3203 5624 3260 5671 et
3307 5626 3582 5671 momenta

405 5804 590 5876 ‘Psal.
625 5834 712 5888 xc,
742 5821 794 5878 8.
873 5822 892 5853 '
924 5821 1096 5880 Galat.
1131 5837 1204 5886 ιν,
1235 5819 1288 5876 6.
1345 5822 1364 5854 ³
1391 5819 1546 5878 toan.
1582 5836 1658 5889 ιι,
1694 5819 1787 5876 25.
1863 5820 2054 5878 ‘Psal.
2085 5836 2298 5890 cxxxvi,
2463 5824 2482 5856 ³
2512 5821 2678 5878 Eccli.
2713 5836 2828 5892 vui,
2855 5821 2907 5878 5.
2987 5823 3006 5854 ⁶
3030 5818 3186 5877 Joan.
3215 5834 3307 5884 xv,
3338 5817 3397 5873 5.
