4038 6226
363 336 500 400 1535

1552 336 1918 397 HESYCHII
1959 337 2436 398 PRESBYTER!

3498 331 3638 398 1536

431 443 520 498 70.
562 437 658 499 Vae
707 441 954 498 interiori
1005 442 1235 508 homini,
1297 453 1518 514 propter
1587 447 1943 501 exteriorem.

2124 445 2188 500 o'.
2225 445 2365 500 Οὐαὶ
2395 446 2486 500 τὸν
2514 445 2625 499 ἔσω
2656 445 2764 500 ἀπὺ
2789 445 2896 499 τῶν
2917 438 3052 510 ἔξω
3087 445 3300 514 σφόδρα
3322 442 3436 515 γὰρ
3460 443 3642 516 λυπη-

356 532 590 591 Gravem
623 536 773 592 enim
811 533 1120 590 molestiam
1165 534 1416 590 internus
1458 537 1623 592 homo
1653 537 1946 594 contrahet

357 628 428 682 ab
473 627 716 683 externis
761 627 1034 692 sensibus,
1072 636 1187 682 tum
1241 628 1334 684 ille
1393 630 1640 684 molestia
1698 629 1946 698 aﬂectus,

358 718 584 791 ﬂagellis
609 720 889 792 castigabit
922 735 1038 776 eos.
1061 719 1164 788 Qui
1189 731 1480 777 exsecutus
1499 731 1583 778 est
1609 724 1754 792 quod
1787 723 1950 780 habet

360 812 566 877 littera,
594 813 707 880 jam
745 814 900 868 novit
933 814 1081 883 quod
1111 814 1450 869 theoremate
1474 815 1807 871 continetur.

435 928 525 982 Ἡ.
567 926 648 994 Si,
705 941 773 982 ex
822 928 1096 984 sententia
1151 928 1399 992 Patrum,
1463 929 1694 984 interior
1765 940 1952 985 noster

364 1016 530 1074 homo
556 1019 626 1074 sit
657 1028 992 1090 temperans,
1035 1022 1201 1074 etiam
1241 1021 1570 1076 exteriorem
1607 1033 1784 1092 potest
1815 1039 1950 1077 con-

364 1124 605 1165 servare.
637 1109 911 1165 Caeterum
955 1127 1056 1166 nos
1095 1121 1150 1166 et
1188 1113 1454 1166 malorum
1501 1113 1789 1168 effectores
1836 1115 1948 1168 da:-

369 1207 586 1264 mones,’
629 1203 791 1258 ambo
830 1203 995 1257 simul
1042 1210 1424 1272 perpetramus
1469 1214 1712 1273 peccata.
1756 1206 1832 1259 Ac
1895 1205 1948 1258 hi

365 1289 592 1357 quidem
621 1289 678 1342 in
723 1289 1146 1360 cogitationibus
1188 1289 1451 1344 duntaxat
1477 1292 1592 1346 sive
1623 1292 1950 1362 descriptio-

368 1380 533 1438 nibus
570 1381 960 1452 imaginatoriis
1000 1397 1098 1451 pro
1136 1381 1367 1437 arbitrio
1410 1382 1650 1439 formant
1679 1385 1733 1437 in
1765 1385 1950 1439 animo

372 1481 697 1543 peccatum:
745 1488 847 1528 nos
895 1481 1075 1528 autem
1121 1482 1175 1526 et
1215 1474 1640 1544 cogitationibus
1687 1475 1856 1537 intus,
1895 1485 1951 1528 et

372 1569 526 1618 extra
555 1564 815 1634 operibus
842 1563 992 1633 ipsis.
1032 1563 1167 1618 Nam
1205 1580 1330 1620 cum
1364 1564 1723 1618 crassitudine
1755 1579 1952 1634 corpo-

373 1654 449 1708 ris
479 1653 757 1709 daemones
795 1663 1037 1718 careant,
1083 1657 1511 1728 cogitationibus
1551 1656 1702 1721 solis,
1743 1655 1951 1710 machi-

371 1745 595 1799 natione
639 1754 802 1815 atque
831 1747 1300 1804 circumventione
1323 1751 1576 1804 nituntur
1595 1789 1609 1813 ,
1643 1758 1698 1802 et
1727 1748 1951 1818 perinde

2053 538 2281 610 θήσεται
2307 539 2336 591 ό
2365 537 2512 592 ἔνδον
2551 537 2842 610 ἄνθρωπος
2870 536 2980 590 ἀπὸ
3012 535 3124 590 τῶν
3175 533 3280 598 ἔξω
3302 536 3639 606 αἰσθήσεων.

2051 629 2162 684 Kui
2213 629 2480 700 λυπηθεὶς
2523 624 2679 693 οὗτος
2731 629 2954 700 μάστιξι
3011 631 3278 700 χρήσεται
3337 628 3482 682 κατά
3527 627 3665 691 τῶν,

2052 724 2159 790 ἔξω
2209 723 2544 794 αἰσθήσεων.
2599 723 2660 777 ’0
2707 721 2926 792 πράξας
2977 719 3040 774 τὸ
3088 721 3150 773 ἐν
3193 720 3273 789 τῷ
3320 720 3640 792 γράμματι,

2055 814 2157 885 ήδη
2183 813 2399 882 ἑπέγνω
2437 812 2499 866 τὸ
2533 815 2592 866 ὲν
2621 811 2702 882 τῷ
2725 811 3064 882 θεωρήματι.

2122 931 2225 981 ou'.
2273 924 2402 979 Ἐἀν
2433 926 2461 978 ὁ
2486 923 2594 977 ἔσω
2620 922 2779 994 ἡμῶν
2814 921 3105 992 ἄνθρωπος
3133 919 3276 973 κατά
3307 919 3434 983 τοὺς
3459 919 3634 974 Πατέ-

2057 1035 2156 1089 ρας
2185 1017 2369 1088 νήφει,
2400 1017 2625 1078 δυνατός
2651 1017 2767 1068 ὲστι
2797 1012 3030 1083 φυλάξαι
3072 1011 3169 1066 xui
3211 1011 3303 1066 τὸν
3341 1011 3465 1079 ἔξω,
3495 1011 3639 1083 πλὴν

2053 1112 2132 1163 δτι
2155 1111 2312 1180 ἡμεῖς
2333 1125 2392 1162 τε
2416 1108 2514 1161 xui
2539 1109 2586 1161 οἰ
2603 1106 2945 1177 κακεργάται
2974 1104 3231 1175 δαίμονες
3247 1104 3447 1167 κοινῶς
3471 1104 3640 1174 ἄμφω

2052 1199 2497 1270 διαπραττόμεθα
2538 1197 2637 1262 τὰς
2673 1197 2969 1268 ἁμαρτίας.
3015 1195 3128 1250 Καὶ
3157 1197 3206 1248 oi.
3257 1195 3355 1265 μὲν
3393 1197 3452 1247 ὲν
3491 1195 3638 1262 λογι-

2057 1294 2214 1362 σμοῖς
2249 1289 2430 1360 μόνον,
2464 1291 2584 1360 ἦτοι
2615 1292 2670 1342 ἐν
2701 1288 3097 1358 φαντασιὼδεσι
3149 1287 3495 1357 ζωγραφίαις
3518 1287 3639 1340 δια-

2057 1383 2484 1454 σχηματίζουσιν
2520 1383 2576 1435 ὲν
2607 1382 2703 1452 νῷ,
2733 1381 2809 1445 ὡς
2847 1380 3164 1452 βούλονται,
3195 1379 3295 1449 τὴν
3327 1379 3638 1450 ἁμαρτίαν·

2056 1477 2216 1545 ἡμεῖς
2241 1475 2297 1528 δὲ
2327 1477 2420 1529 xui
2439 1473 2528 1529 διὰ
2556 1474 2840 1544 λογισμῶν
2863 1472 3076 1527 ἔνδοθεν
3094 1471 3188 1526 xui
3209 1469 3280 1525 δι’
3304 1471 3483 1542 ἔργων
3509 1471 3642 1537 ἔξω·

2066 1573 2186 1626 θεν·
2221 1572 2530 1643 παχύτητος
2566 1572 2674 1643 γὰρ
2706 1570 2976 1641 σωμάτων
3002 1569 3336 1640 ἀποροῦντες
3367 1570 3415 1623 οἱ
3444 1568 3642 1639 δαίμο-

2055 1681 2166 1727 νες,
2194 1663 2282 1716 διὰ
2311 1663 2594 1732 λογισμῶν
2631 1661 2791 1732 μόνον
2824 1660 2921 1714 xui
2947 1659 3229 1732 δολιότητα
3259 1659 3354 1712 xui
3386 1658 3638 1728 ἀπάτην,

2057 1759 2151 1811 καὶ
2199 1756 2277 1819 ὼς
2320 1756 2509 1817 αὐτοῖς
2550 1752 2872 1825 προξενοῦσι
2918 1752 3014 1806 xui.
3057 1753 3189 1822 ἡμῖν
3238 1752 3338 1821 τὴν
3390 1751 3639 1806 κόλασιν.

370 1835 531 1891 nobis
561 1852 626 1892 ac
664 1837 770 1892 sibi
823 1851 1121 1908 procurant
1153 1841 1502 1911 supplicium.
1551 1838 1710 1905 Quod
1749 1839 1793 1893 si
1834 1838 1952 1892 exi-

2067 1851 2120 1903 Ei
2143 1849 2251 1920 γὰρ
2279 1847 2590 1918 παχύτητος
2627 1845 2899 1916 σωμάτων
2934 1843 3008 1915 μὴ
3036 1843 3421 1912 ὲστερίσκοντο
3449 1846 3496 1896 oi
3515 1842 3647 1896 ἀλι-’

373 1924 532 1982 tiales
559 1927 637 1981 illi
664 1929 822 1984 molis
842 1944 1121 2000 corporeae
1149 1947 1257 1985 non
1288 1939 1471 1987 essent
1495 1939 1768 2001 expertes,
1793 1931 1955 1986 etiam

2067 1941 2256 2010 ιὴριοι,
2294 1938 2402 1991 οὐδ’
2432 1937 2497 1992 ἂν
2525 1937 2618 1990 xui
2646 1935 2714 1989 δι’
2747 1934 2924 2006 ἔργων
2970 1935 3306 2004 ἁμαρτάνειν
3351 1933 3639 2000 ἐπαύοντο,

372 2017 533 2072 factis
583 2018 718 2088 ipsis
776 2034 1004 2089 peccare
1055 2035 1165 2075 non
1215 2023 1580 2076 desinerent:
1631 2030 1693 2076 ut
1743 2023 1835 2091 qui
1889 2020 1956 2074 ad

2067 2029 2283 2100 ἑτοίμην
2322 2030 2402 2090 εἰς
2446 2027 2506 2080 τὸ
2546 2026 2766 2080 ἀσεϐεῖν
2803 2024 2904 2096 τὴν
2955 2024 3279 2095 προαίρεσιν
3318 2025 3406 2078 ἀεὶ
3443 2024 3641 2100 διασώ-

373 2108 542 2179 impie
591 2109 861 2181 agendum
921 2119 1161 2180 paratam
1221 2125 1438 2182 semper
1501 2119 1720 2167 servent
1777 2112 1959 2168 inten-
2041 2119 2268 2185 ζοντες.

382 2198 612 2254 tionem.
1397 2212 1399 2214 '
1834 2269 1852 2278 κ

447 2292 538 2346 72.
578 2291 706 2347 Sola
739 2293 984 2363 precatio
1025 2294 1266 2364 perimit,
1312 2304 1368 2350 et
1408 2295 1463 2349 in
1491 2294 1731 2351 cinerem
1765 2295 1961 2367 redigit

373 2400 568 2444 eorum
594 2384 856 2440 fraudes:
893 2400 1092 2455 nempe
1129 2383 1290 2447 Jesus
1330 2386 1472 2440 Deus
1507 2395 1562 2440 et
1601 2386 1695 2442 Dei
1727 2387 1898 2440 Filius
1928 2401 1958 2441 a

375 2479 538 2534 nobis
588 2477 937 2532 continenter
984 2484 1041 2531 et
1077 2477 1196 2532 sine
1244 2472 1586 2532 haesitatione
1628 2477 1957 2532 invocatus:

378 2567 473 2635 qui
502 2579 725 2635 prorsus
745 2565 827 2619 eis
851 2579 962 2618 non
986 2564 1271 2634 permittit,
1310 2572 1367 2618 ut
1397 2565 1482 2619 vel
1523 2565 1737 2631 initium
1774 2565 1962 2620 incur-

378 2656 552 2710 sionis
588 2671 701 2711 sua:
733 2654 918 2726 (quam
949 2655 1111 2710 etiam
1155 2655 1573 2724 impressionem
1615 2656 1965 2727 vocant),aut

377 2746 612 2800 formam
645 2746 1040 2802 subostendant
1071 2745 1239 2800 menti
1271 2745 1328 2800 in
1351 2747 1574 2815 speculo
1603 2747 1912 2802 intellectus
1943 2765 1960 2800 :

382 2835 468 2890 vel
497 2836 761 2906 quosdam
798 2848 1083 2890 sermones
1121 2833 1358 2889 habeant
1381 2849 1505 2889 cum
1539 2836 1724 2890 corde.
1770 2835 1965 2890 Forma

377 2923 948 2994 porro'dzemoniaca,
989 2939 1110 2993 quae
1155 2923 1333 2977 nullas
1379 2923 1539 2979 habet
1571 2925 1716 2979 vires
1763 2925 1819 2978 in
1849 2939 1964 2993 cor,

375 3015 490 3071 erit
509 3015 672 3071 etiam
703 3031 876 3071 vacua
922 3015 1362 3084 cegitationibus,
1405 3025 1466 3071 ut
1505 3016 1745 3072 diximus
1790 3034 1804 3070 :
1839 3018 1968 3087 quia

377 3108 801 3178 cogitationibus
833 3108 1303 3164 intercedentibus
1331 3108 1570 3163 animam
1598 3110 1737 3164 clam
1766 3109 1968 3178 alloqui

382 3198 548 3262 solet,
581 3207 638 3254 et
665 3199 898 3255 edocere
921 3199 1073 3254 vitia.

456 3309 550 3364 73.
608 3309 972 3375 Quamobrem
1038 3310 1382 3365 assiduarum
1447 3325 1670 3380 precum
1739 3309 1964 3375 auxilio,

387 3409 653 3472 purgatur
703 3416 796 3454 aer
841 3401 1038 3455 mentis
1081 3412 1283 3457 nostrae
1326 3403 1537 3458 nebulis
1589 3402 1860 3469 obscuris,
1914 3409 1972 3458 et

387 3493 569 3548 ventis
632 3491 1088 3560 nequissimorum
1151 3493 1462 3562 spirituum.
1533 3493 1731 3549 Mentis
1787 3503 1970 3548 autem

389 3597 518 3638 aere
547 3590 794 3653 purgato,
826 3594 933 3635 non
966 3589 1164 3652 potest,
1197 3582 1394 3652 inquit,
1426 3582 1475 3636 ei
1512 3598 1622 3637 non
1661 3583 1845 3638 lucere
1888 3582 1970 3637 di-

394 3673 578 3728 vinum
609 3673 738 3728 lesu
779 3672 959 3726 lumen
1001 3691 1014 3728 :
1062 3671 1222 3727 modo
1257 3688 1326 3727 ne
1365 3688 1500 3726 vana
1556 3672 1746 3744 gloria,
1781 3687 1973 3742 super-

391 3767 480 3822 bia
519 3774 576 3822 et
622 3766 988 3821 ostentatione
1053 3767 1226 3820 simus
1266 3765 1458 3831 inﬂati,
1511 3776 1567 3820 et
1621 3764 1853 3820 leviores
1903 3764 1971 3819 ad

391 3861 660 3933 captanda
695 3878 816 3932 quae
840 3870 970 3917 sunt
1005 3861 1573 3932 incomprehensibilia
1607 3879 1620 3915 :
1663 3873 1718 3916 et
1745 3862 1811 3917 ab
1841 3861 1972 3917 Jesu

395 3953 732 4023 reperiamur
779 3967 887 4007 non
927 3968 1050 4009 esse
1100 3953 1460 4024 epitulatione
1509 3952 1680 4024 digni,
1722 3967 1788 4008 eo
1828 3951 1972 4024 quod

393 4042 646 4099 Christus
679 4041 845 4098 index
875 4041 1195 4097 humilitatis
1223 4042 1400 4098 oderit
1433 4041 1560 4096 vitia
1591 4042 1701 4096 illa.

464 4155 551 4209 74.
594 4154 796 4209 Demus
838 4167 968 4224 ergo
1002 4153 1138 4208 colla
1188 4153 1403 4209 duobus
1450 4153 1594 4220 istis,
1639 4151 1873 4210 Orationi
1921 4165 1977 4212 et

397 4243 748 4299 humilitati:
797 4258 919 4313 quae
983 4242 1225 4298 adhibita
1282 4243 1638 4312 temperantia
1695 4252 1825 4299 sunt
1879 4245 1977 4300 ad-

397 4351 588 4392 versus
640 4335 916 4389 daemones
983 4342 1232 4399 armata,
1287 4333 1515 4404 perinde
1573 4351 1637 4392 ac
1693 4333 1979 4392 ﬂammeus

2133 2299 2230 2371 οβ’.
2255 2299 2404 2371 Εὐχὴ
2429 2298 2486 2352 δὲ
2519 2296 2896 2368 μονολόγιστος
2922 2294 3122 2349 κτείνει
3151 2311 3209 2348 τε
3243 2295 3338 2347 xui
3383 2292 3642 2363 ὲκτεφροῖ

2062 2393 2158 2457 τὰς
2191 2392 2374 2447 αὐτῶν
2411 2393 2648 2454 ἀπάτας,
2679 2390 2745 2443 δι’
2773 2391 2807 2458 ἡ
2820 2386 2934 2457 μῶν
2985 2385 3472 2456 παρακαλούμενος
3533 2385 3640 2453 ’1η-

2066 2483 2190 2546 σοῦς
2213 2483 2242 2535 ό
2275 2482 2404 2547 Θεὸς
2451 2482 2546 2536 καὶ
2575 2480 2711 2535 Θεοῦ
2739 2479 2891 2542 Υἰδς,
2923 2477 3162 2548 συνεχῶς
3186 2477 3244 2530 δὲ
3283 2476 3372 2529 xui
3407 2475 3639 2540 ἀόκνως,

2068 2575 2193 2646 μηδ’
2227 2575 2364 2640 ὅλως
2394 2574 2744 2646 παραχωρῶν
2785 2570 3018 2634 τούτοις,
3045 2568 3172 2623 οὔτε
3202 2567 3304 2640 τὴν
3335 2567 3510 2646 ἀρχὴν
3542 2567 3642 2637 τῆς

2067 2667 2343 2737 εἰσϐολῆς,
2377 2667 2444 2738 ἢν
2468 2666 2534 2737 δὴ
2567 2666 2663 2720 xui
2691 2663 3004 2737 προσϐολὴν
3044 2661 3325 2723 καλοῦσιν,
3359 2660 3640 2724 ὑποδεῖξαι

2065 2761 2144 2832 τῷ
2181 2761 2256 2830 νῷ
2284 2762 2340 2813 ἐν
2379 2759 2677 2830 κατόπτρῳ
2700 2759 2799 2828 τῆς
2835 2755 3097 2820 διανοίας,
3137 2754 3200 2807 οὐ
3250 2753 3485 2824 μορφὴν,
3515 2750 3641 2805 οὔτε

2071 2854 2179 2924 μὴν
2207 2851 2398 2920 λόγους
2445 2849 2596 2912 τινὰς
2629 2846 2865 2917 λαλῆσαι
2908 2848 2975 2918 τῇ
3009 2843 3231 2916 καρδίᾳ.
3267 2840 3642 2913 Δαιμονιώδης

2067 2945 2123 3000 δὲ
2173 2943 2356 3014 μορφὴ
2407 2941 2482 3014 μὴ
2519 2940 2833 2994 εἰσδύνουσα
2873 2939 2930 2993 ὲν
2968 2935 3188 3008 καρδίᾳ,
3208 2936 3304 2989 xui.
3340 2933 3642 3005 λογισμῶν,

2068 3035 2143 3097 ὡς
2181 3032 2413 3102 ἔφημεν,
2456 3030 2589 3101 κενὴ
2621 3029 2801 3092 ἔσται,
2843 3027 2925 3081 ὅτι
2962 3029 3028 3098 τῇ
3063 3024 3210 3097 ψυχῇ
3239 3025 3326 3080 διὰ
3366 3023 3647 3094 λογισμῶν

2069 3123 2276 3192 ὁμιλεῖν
2335 3138 2394 3174 τε
2438 3120 2532 3174 xui
2573 3119 2913 3174 ἐκδιδάσκειν
2951 3117 3053 3187 τὴν
3111 3115 3314 3172 κακίαν
3345 3113 3468 3179 ἔθος
3504 3110 3644 3186 uitat-ﬁ

1995 3189 2040 3249 θ
2071 3189 2395 3291 λεληθότως.

2060 3385 2064 3389 ,
2139 3332 2236 3395 ογθ.
2278 3323 2368 3389 Ἐξ
2397 3323 2566 3394 εὐχῆς
2594 3318 2688 3378 οὖν
2716 3322 2977 3392 συνεχοῦς
3006 3320 3303 3392 καθαρεύει
3333 3319 3362 3373 ὁ
3405 3318 3515 3390 ἀὴρ
3548 3319 3649 3388 τῆς

2069 3417 2310 3480 διανοίας
2344 3417 2410 3470 ὲκ
2444 3413 2622 3485 νεφῶν
2670 3413 2982 3479 σκοτεινῶν,
3028 3411 3089 3478 ἐξ
3132 3411 3350 3481 ἀνέμων
3398 3409 3648 3479 πνευμά-

2070 3524 2180 3561 των
2215 3503 2622 3577 πονηροτάτων.
2652 3501 3067 3576 Καθαρεύοντος
3088 3502 3148 3556 δὲ
3167 3500 3260 3555 τοῦ
3292 3501 3392 3571 τῆς
3419 3500 3660 3570 καρδίας

2072 3600 2260 3670 ἀέρος,
2283 3595 2600 3652 ἀνένδεκτόν
2633 3595 2710 3668 μὴ
2737 3594 2978 3665 λάμπειν
3007 3595 3172 3666 φησὶν
3197 3591 3349 3664 αὐτῷ
3377 3593 3438 3646 τὸ
3470 3591 3651 3646 θεῖκὸν

2073 3693 2190 3762 φῶς
2226 3690 2425 3763 Ἰησοῦ,
2469 3693 2517 3745 εἰ
2558 3691 2718 3762 μήτοι
2754 3705 2819 3759 γε
2853 3688 2962 3743 ὑπὸ
3003 3687 3311 3755 κενοδοξίας
3347 3685 3443 3741 xui.
3476 3683 3651 3755 τύφου

2073 3785 2169 3838 xui
2198 3781 2581 3854 φανητιασμοῦ
2635 3780 2959 3852 φυσώμεθα,
3003 3780 3098 3835 xui
3148 3777 3525 3850 κουφιζόμεθα
3571 3780 3654 3843 εἰς

2073 3874 2144 3928 τά
2177 3874 2438 3945 ἀκίχητα,
2470 3874 2566 3928 xui
2591 3873 2891 3944 ἀϐοήθητοι
2913 3858 3068 3944 πρὸς
3087 3871 3263 3945 Ἰησοῦ
3285 3869 3654 3942 εὑρισκόμεθα

2076 3967 2250 4035 αὐτοὶ,
2286 3967 2363 4038 τῷ
2397 3969 2576 4038 μισεῖν
2623 3965 2714 4020 τὸν
2760 3965 2996 4036 Χριστὸν
3042 3965 3109 4021 τὰ
3141 3964 3391 4032 τοιαῦτα,
3421 3962 3514 4017 τὸν
3549 3962 3652 4030 τῆς

2075 4056 2461 4122 ταπεινώσεως
2490 4056 2839 4129 ὑποδείκτην.

2147 4163 2239 4220 οδ’.
2284 4165 2566 4237 Ἐχώμεθα
2596 4167 2780 4222 τοίνυν
2812 4165 2979 4238 εὐχῆς
3011 4167 3107 4221 xui
3137 4166 3525 4231 ταπεινώσεως
3544 4165 3653 4219 τῶν

2077 4252 2170 4307 δύο
2215 4253 2442 4322 τούτων,
2478 4255 2638 4310 ἆτινα
2684 4255 2825 4309 κατά
2868 4254 3138 4325 δαιμόνων
3171 4255 3269 4309 σὺν
3307 4254 3467 4324 νήψει
3498 4255 3652 4307 ὁπλί-

2080 4343 2286 4412 ζονται,
2305 4339 2395 4400 οἶα
2423 4346 2672 4416 μάχαιρα
2696 4347 2947 4416 φλόγινος
2967 4363 2981 4377 ’
3009 4346 3188 4413 ἔξεστι
3213 4347 3321 4419 γὰρ
3349 4348 3484 4418 ἡμῖν
3509 4346 3655 4400 οὕτω

395 4427 562 4482 ensis.
610 4425 862 4493 Quandiu
916 4425 1064 4480 enim
1120 4424 1198 4480 sic
1238 4441 1483 4498 agemus,
1530 4426 1754 4498 singulis
1787 4427 1964 4482 diebus

2081 4453 2147 4504 γε
2179 4437 2394 4491 ποιοῦσι
2435 4437 2557 4492 καθ’
2588 4438 2804 4508 ἡμέραν
2843 4439 2938 4493 xui.
2983 4437 3108 4492 καθ’
3154 4437 3303 4510 ῶραν
3341 4437 3656 4510 καρδιακῶς

396 4528 453 4571 et
477 4518 626 4574 horis
651 4517 782 4584 laeti,
812 4514 1103 4589 mysticum
1131 4514 1332 4573 festum
1363 4515 1546 4572 animo
1574 4517 1851 4573 celebrare
1885 4533 1964 4589 po

2081 4527 2359 4599 μυστικῶς
2391 4529 2715 4599 γηθομένοις
2753 4527 3050 4600 ἑορτάζειν.
3622 4523 3643 4539 ⁸

400 4610 650 4664 terimus.

471 4719 560 4774 75.
599 4720 732 4774 Octo
770 4719 1142 4791 generaliores
1188 4719 1400 4776 vitiosa:
1435 4720 1812 4791 cogitationes,
1854 4737 1977 4792 quae

399 4810 785 4885 cogitationem
813 4826 1033 4867 omnem
1077 4811 1538 4881 complectuntur,
1580 4821 1637 4866 et
1671 4812 1814 4868 unde
1839 4829 1978 4868 cun-

399 4913 504 4961 ctae
539 4909 838 4958 nascuntur
886 4899 1364 4970 (quemadmodum
1403 4916 1471 4956 ex
1507 4901 1641 4957 Jove
1665 4910 1720 4957 et
1760 4901 1977 4960 Junone

400 4999 582 5055 omnis
628 4997 843 5053 daemon
893 4994 1296 5061 exsecrandus,
1349 4995 1486 5053 deus
1529 4996 1865 5064 Graecorum,
1918 5008 1980 5054 ut

400 5091 586 5148 ferunt
617 5090 834 5150 illorum
896 5086 1139 5160 fabula),
1171 5103 1365 5145 omnes
1435 5089 1668 5146 redeunt
1721 5091 1792 5147 ad
1831 5091 1978 5148 fores

400 5183 592 5239 animi.
622 5181 754 5248 Quae
786 5197 910 5238 cum
932 5179 1246 5237 invenerint
1276 5187 1516 5236 mentem
1545 5182 1788 5238 custodia
1813 5182 1982 5239 desti-

404 5285 600 5339 tutam,
626 5275 898 5347 sigillatim
921 5273 1326 5346 ingrediuntur,
1347 5288 1448 5330 suo
1461 5290 1690 5345 quaeque
1715 5280 1978 5346 tempore.

403 5367 753 5440 Quaecunque
781 5369 950 5433 enim,
978 5367 1194 5424 illarum
1226 5375 1372 5431 octo,
1397 5367 1653 5440 cogitatio
1673 5368 1979 5424 ascendens

406 5457 462 5512 in
489 5458 753 5526 animum,
779 5459 1149 5523 introduxerit
1177 5460 1499 5525 exercitum,
1530 5474 1730 5530 nempe
1761 5473 1979 5530 gregem

407 5549 770 5606 obscenarum
823 5551 1235 5623 cogitationum,
1268 5567 1356 5617 ea,
1394 5551 1747 5606 obtcnebrata
1777 5559 1981 5616 mente,

409 5647 672 5710 provocat
713 5655 928 5711 corpus,
965 5657 1230 5700 conversa
1258 5643 1325 5700 ad
1354 5659 1520 5714 opera
1561 5641 1738 5713 turpia
1783 5657 1983 5714 perpe-

416 5723 633 5780 tranda.

2149 4733 2244 4782 os'.
2269 4728 2334 4782 0i
2357 4727 2502 4782 ὀκτὼ
2551 4725 2912 4794 γενικώτατοι
2939 4729 3042 4800 τῆς
3061 4729 3261 4795 κακίας
3293 4729 3570 4800 λογισμοὶ,
3595 4728 3654 4783 ἐν

2075 4816 2160 4886 οἷς
2189 4820 2506 4892 περιέχεται
2532 4822 2643 4885 πᾶς
2683 4821 2966 4892 λογισμὸς,
2995 4820 3089 4876 καὶ
3113 4821 3172 4890 ἔξ
3211 4814 3288 4876 ὧν
3331 4821 3532 4885 πάντες
3554 4819 3656 4892 τὴν

2077 4912 2293 4982 γένεσιν
2314 4912 2531 4983 ἔχουσιν
2553 4910 2650 4982 (ὡς
2675 4913 2740 4966 ὲκ
2756 4912 2853 4982 τῆς
2876 4913 3054 4982 Ἥρας
3071 4917 3139 4968 ’τε
3159 4910 3255 4965 xui
3282 4910 3378 4965 τοῦ
3398 4911 3521 4974 Διὸς
3546 4912 3654 4976 πᾶς

2077 5001 2290 5073 δαίμων
2321 4999 2524 5072 ἐναγὴς
2556 4999 2676 5065 θεὸς
2702 4999 2949 5067 Δαναῶν,
2979 5002 3120 5056 κατά
3141 5001 3269 5065 τοὺς
3295 4999 3522 5055 ἐκείνων
3549 5001 3654 5071 μύ-

2081 5093 2250 5163 θους),
2275 5094 2477 5156 πάντες
2505 5092 2832 5166 ἀνέρχονται
2868 5093 2927 5146 ὲν
2955 5092 3100 5164 πύλῃ
3140 5093 3362 5165 καρδίας
3385 5133 3401 5159 ,
3439 5095 3537 5147 xui
3564 5093 3655 5148 τὸν

2079 5185 2208 5240 νοῦν
2245 5184 2499 5256 εὑρόντες
2547 5183 2882 5253 ἀφύλακτον,
2913 5178 2995 5247 εἷς
3034 5184 3155 5238 καθ’
3195 5178 3278 5248 εἷς
3312 5184 3654 5256 εἰσέρχονται

2082 5278 2142 5332 ἐν
2174 5276 2288 5348 ἰδίῳ
2315 5273 2515 5346 καιρῷ.
2547 5273 2838 5345 ὐπότερος
2862 5274 2972 5344 γὰρ
3000 5273 3110 5329 τῶν
3137 5273 3282 5330 ὀκτὼ
3307 5274 3656 5344 διαλογισμὸς

2082 5365 2289 5429 ἀναϐὰς
2320 5365 2380 5418 ὲν
2416 5362 2616 5434 καρδίᾳ
2653 5362 2873 5436 εἰσέλθῃ
2917 5361 3086 5434 ἐσμὸν
3111 5360 3393 5433 λογισμῶν
3412 5360 3655 5432 αἰσχρῶν

2083 5459 2339 5529 φάλαγγα
2381 5457 2718 5526 εἰσαγαγεῖν,
2759 5457 2855 5511 xui
2891 5455 3037 5510 οὕτω
3072 5457 3164 5511 τὸν
3209 5454 3336 5510 νοῦν
3371 5452 3653 5517 σκοτίσας,

2084 5548 2310 5602 ἐκκαλεῖ
2333 5548 2394 5601 τδ
2425 5547 2604 5619 σῶμα,
2638 5547 2974 5618 τρεπόμενος
3005 5546 3086 5612 εἰς
3114 5543 3382 5618 ὲργασίαν
3409 5540 3655 5614 αισχρῶν

2090 5641 2354 5713 πράξεων.
