3968 6220
356 397 488 465 1537

1093 395 1192 456 DE
1221 391 1770 456 ΤΕΜΡΕΒΑΝΤΙΑ
1802 392 1896 452 ΕΤ
1935 393 1950 429 ‘

2060 391 2300 452 lTUTE.
2342 419 2408 427 -
2444 394 2832 456 CENTURIA
2871 397 2954 461 ΙΙ.

3489 395 3624 461 1538

419 507 527 576 «ις’.
567 507 625 561 Ὀ
646 506 826 561 τοίνυν
852 505 952 578 τήν
983 506 1228 579 κεφαλὴν
1261 505 1448 578 τηρῶν
1480 506 1579 575 τὴν
1611 503 1706 558 τοῦ
1731 503 1928 574 δφεως,

2105 501 2195 557 76.
2238 501 2585 575 Quapropter
2617 505 2710 576 qui
2742 516 2904 577 caput
2934 507 3203 577 serpentis
3229 508 3620 578 observaverit,

348 602 446 658 καὶ
483 602 552 655 δι’
581 600 958 673 ἀντιρρήσεως
997 598 1314 670 θυμοειδοῦς
1351 597 1680 667 δακεθύμοις
1721 598 1928 668 ῥήμασι

2066 602 2084 647 t
2118 594 2382 650 iracunde
2424 597 2765 666 reluctando,
2805 599 2990 654 verbis
3025 601 3286 656 animosis
3337 617 3490 668 usus,
3535 604 3622 658 in-

349 692 654 766 χρώμενος,
681 692 789 758 πὺξ
833 692 1014 762 βαλὼν
1040 692 1259 763 δείματι
1303 690 1692 762 ἀπεκρούσατο
1714 688 1806 742 τὸν
1835 705 1930 741 πο-

2060 692 2176 739 ecto
2218 700 2403 757 pugno
2439 687 2496 741 in
2538 687 2733 743 faciem
2785 689 3084 759 pulsaverit
3132 690 3344 746 hostem
3395 692 3474 760 {in
3515 709 3626 764 quo

352 787 536 857 λέμιον
563 784 614 856 (δ
646 787 741 840 καὶ
773 784 869 838 νῦν
896 802 981 850 τις
1005 783 1165 847 ἄλλος
1188 779 1258 854 ἦν
1279 783 1531 852 κοπιῶν),
1557 782 1794 851 Πρῶτος
1813 780 1932 835 τῶν

353 877 598 948 καρπῶν
651 877 1002 948 μεταλάϐοι,
1046 876 1122 942 ὡς
1174 876 1321 930 δοκεί
1380 875 1599 946 Παύλῳ.
1649 875 1709 929 '0
1750 873 1932 927 τοίνυν

356 969 495 1023 θλῶν
520 968 616 1040 τήν
641 969 834 1040 κάραν,
869 967 1112 1039 ηιξὲφυγι.
1141 967 1240 1022 καὶ
1273 966 1504 1031 πολλοὺς
1540 967 1811 1036 πονηροὺς
1843 965 1932 1018 λο-

355 1061 588 1132 γισμοὺς
635 1058 732 1114 καὶ
779 1059 922 1132 ἔργα
973 1059 1338 1131 πονηρότερα,
1386 1059 1479 1112 καὶ
1524 1059 1646 1112 τότε
1685 1057 1934 1128 διαμένει

355 1152 671 1224 ἀκύμαντος
701 1154 734 1226 ή
766 1152 1000 1218 διάνοια,
1032 1151 1130 1207 τοῦ
1165 1150 1302 1206 Θεοῦ
1348 1151 1789 1222 ἀπεκδεχομένου
1835 1147 1935 1219 τὴν

355 1247 529 1319 αὐτῆς
551 1247 883 1320 ἐγρήγορσιν
906 1247 986 1310 είς
1015 1245 1140 1310 τοὺς
1162 1245 1478 1316 λογισμοὺς,
1503 1243 1600 1298 καὶ
1619 1243 1939 1312 ἀντιδωρου-

358 1340 522 1412 μένου
551 1339 689 1411 αὐτῇ
723 1338 946 1404 ειδέναι,
993 1336 1113 1401 πῶς
1146 1337 1228 1390 δεῖ
1267 1335 1659 1408 περιγενέσθαι
1681 1336 1810 1399 τοὺς
1839 1335 1937 1388 ἀν·-

355 1431 743 1494 τιπαλαίοντας
768 1430 960 1501 αὐτὴν,
989 1430 1083 1484 καὶ
1097 1430 1247 1493 ὅπως
1267 1429 1373 1500 χρὴ
1405 1427 1766 1500 καθαίρεσθαι
1795 1429 1939 1482 κατά

357 1521 558 1593 μικρὸν
599 1522 702 1592 τὴν
747 1520 999 1592 καρδίαν,
1050 1522 1116 1574 ὲκ
1161 1519 1442 1590 λογισμῶν
1486 1519 1811 1574 κοινούντων
1844 1518 1940 1572 καὶ

360 1615 682 1686 μιαινόντων
707 1615 800 1668 τὸν
831 1613 978 1678 me,
1005 1613 1323 1686 ἄνθρωπον,
1351 1612 1428 1676 ὥς
1466 1629 1633 1684 φησιν
1659 1614 1690 1664 6
1712 1610 1938 1682 Κύριος,

372 1709 473 1764 Ἐκ
506 1708 614 1778 τῆς
651 1705 904 1778 καρδίας
945 1709 1297 1779 ἐξέρχονται
1333 1707 1712 1777 διαλογισμοί
1751 1719 1939 1774 πονη-

353 1798 472 1868 ροί,
497 1799 788 1868 πορνεῖαι,
807 1799 1092 1869 μοιχεῖαι,
1116 1797 1364 1854 κάκεῖνά
1383 1800 1502 1852 εἰσι
1525 1797 1598 1852 τὰ
1619 1797 1942 1852 κοινοῦντα

359 1893 463 1944 τὸν
492 1890 832 1958 ἄνθρωπον.

430 1981 527 2046 0;".
565 1983 772 2046 Ὄντως
792 1983 904 2055 ἄρα
929 1981 1152 2038 δύναται
1172 1981 1320 2054 ψυχή
1352 1983 1411 2036 ὲν
1449 1983 1640 2053 Κυρίῳ
1656 1980 1846 2049 στῆναι
1876 1983 1943 2052 τῇ

362 2075 562 2146 ἑαυτῆς
597 2076 872 2149 εὐμορφίᾳ
903 2078 997 2132 καὶ
1029 2077 1328 2149 ὠραιότητι
1349 2079 1444 2132 καὶ
1470 2076 1751 2148 εὐθύτητι,
1780 2075 1856 2139 ὡς
1886 2075 1945 2142 ἐξ

361 2168 539 2239 ἀρχῆς
563 2168 702 2240 πρὸς
729 2168 865 2222 Θεοῦ
893 2169 1117 2241 ἐκτίσθη
1153 2167 1274 2224 λίαν
1329 2169 1470 2242 καλή
1499 2185 1560 2222 τε
1589 2168 1684 2223 καὶ
1740 2167 1944 2233 εὐθεῖα,

363 2259 545 2324 καθώς
582 2277 748 2333 φησιν
775 2262 805 2314 6
836 2260 1011 2332 μέγας
1041 2261 1138 2314 τοῦ
1197 2261 1404 2332 Κυρίου
1439 2260 1695 2331 θεράπων
1745 2257 1947 2313 ’Λντώο-

358 2368 495 2417 νιος,
519 2351 619 2421 τῆς
645 2351 826 2422 ψυχῆς
850 2351 1116 2424 τδνοερδν
1151 2351 1295 2407 κατά
1322 2351 1486 2423 φύσιν
1518 2352 1750 2423 ἐχούσης
1776 2351 1946 2423 ἀρετῇ

363 2442 676 2497 συνίσταται
699 2461 713 2475 ο
743 2445 839 2497 καὶ
853 2442 1014 2497 πάλιν
1038 2440 1160 2496 εἷπε
1178 2457 1194 2471 ⁸
1213 2444 1287 2496 Τὸ
1309 2445 1418 2515 γὰρ
1443 2443 1661 2500 εὐθεῖαν
1683 2438 1823 2497 εῖναι
1847 2443 1949 2513 τὴν

363 2529 562 2601 ψυχὴν,
591 2530 753 2584 τοῦτό
788 2535 908 2586 ἐστι
956 2533 1020 2586 τὸ
1061 2532 1204 2586 κατὰ
1243 2533 1408 2604 φύσιν
1449 2535 1641 2606 νοερῦν
1688 2535 1826 2604 αὐτῇ
1871 2535 1948 2598 ὡς

365 2622 597 2694 ἐκτίσθη
619 2639 634 2654 ·
669 2623 764 2678 καὶ
795 2622 914 2695 μετ’
941 2623 1099 2693 ὀλίγα
1125 2620 1282 2689 αὖθις
1310 2642 1445 2696 φησι
1465 2641 1481 2657 ο
1499 2623 1948 2697 Καθαρεύσωμεν

363 2713 464 2784 τὴν
499 2713 764 2771 διάνοιαν.
809 2715 951 2785 Ἐγὼ
1002 2716 1110 2787 γὰρ
1154 2718 1406 2771 πιστεύω
1423 2718 1504 2772 ὅτι
1553 2717 1950 2790 καθαρεύσασα

344 2798 510 2880 ’ψυχὴ
541 2810 881 2881 πανταχόθεν
905 2812 1002 2866 καὶ
1049 2813 1190 2866 κατὰ
1228 2812 1391 2882 φύσιν
1434 2811 1649 2867 ἑστῶσα
1674 2855 1690 2878 ,
1726 2813 1948 2868 δύναται

363 2901 648 2974 διορατικὴ
679 2903 945 2976 γινομένη
977 2903 1204 2959 πλείονα
1255 2905 1352 2958 καὶ
1383 2904 1700 2976 μακρότερα
1730 2904 1950 2976 βλέπειν

365 2992 476 3046 τῶν
497 2994 768 3065 δαιμόνων
789 3036 805 3061 ,
847 2995 1048 3066 ἔχουσα
1098 2997 1189 3051 τὸν
1249 2996 1705 3051 ἀποκαλύπτοντα
1743 2996 1950 3070 Κύριον

365 3087 504 3158 αὐτῇ
524 3103 539 3118 ο
571 3087 700 3142 τάδε
757 3090 924 3159 φησὶν
951 3091 980 3144 ό
1011 3089 1218 3154 κλεινὸς
1261 3089 1569 3152 Ἀντώνιος,
1601 3087 1678 3152 ὣς
1709 3105 1875 3160 φησιν
1920 3090 1950 3142 6

371 3177 545 3249 μέγας
591 3179 912 3245 ’Δθανάσιος
935 3181 995 3235 ὲν
1024 3180 1103 3252 τῷ
1129 3180 1258 3252 περὶ
1303 3179 1591 3234 Ἀντωνίου
1618 3179 1750 3250 Βίῳ.

439 3449 540 3518 οη’.
571 3441 685 3510 Πᾶς
738 3444 996 3517 λογισμὸς
1025 3433 1296 3516 φαντασία
1323 3445 1382 3498 ὲν
1419 3445 1497 3516 νῷ
1527 3443 1778 3515 αἰσθήσει
1807 3444 1950 3509 τινὸς

371 3535 696 3607 πράγματος
711 3553 728 3570 θ
750 3537 875 3600 νοῦς
890 3536 999 3608 γὰρ
1014 3535 1089 3591 ὢν
1115 3538 1143 3590 6
1179 3534 1463 3607 ’Δσσύριος
1489 3534 1592 3588 οὐκ
1618 3533 1793 3598 ἄλλως
1811 3535 1954 3588 ἀπαι

370 3629 471 3697 τᾷν
497 3627 763 3698 ἐξισχύει,
802 3630 852 3682 εί
889 3629 966 3698 μή
1000 3628 1262 3698 χρήσεται
1316 3628 1428 3690 τοῖς
1481 3624 1611 3694 παρ’
1648 3624 1806 3695 ήμῶν
1867 3629 1952 3680 αί-

375 3716 590 3790 σθητοῖς
613 3721 708 3774 καὶ
738 3719 1048 3790 συνήθεσιν.

446 3897 543 3955 οθ’.
584 3897 674 3962 Ὠς
709 3898 770 3951 οὐ
799 3896 1020 3952 δυνατὸν
1049 3895 1160 3968 ἄρα
1179 3894 1340 3967 ὄρνεα
1371 3893 1591 3950 διώκειν
1613 3894 1761 3963 ἡμᾶς
1791 3894 1848 3946 ὲν
1874 3893 1953 3964 τῷ

375 3992 500 4064 ἀέρι
521 3991 774 4063 πτερωτά
795 3990 955 4053 ὄντας
979 3985 1322 4060 ἀνθρώπους,
1346 3987 1380 4059 ἢ
1409 3984 1738 4041 ἀνίπτασθαι
1764 3983 1953 4056 ὥσπερ

377 4084 626 4148 κάκεῖνα,
655 4079 813 4135 τοῦτο
841 4081 940 4152 τῆς
972 4078 1130 4151 ήμῶν
1183 4076 1400 4148 φύσεως
1441 4077 1542 4131 οὐκ
1569 4074 1828 4147 ἐχούσης·
1859 4073 1952 4128 οὐ·

377 4192 484 4237 τως
503 4174 566 4228 οὐ
598 4173 821 4227 δυνατὸν
877 4173 1174 4245 λογισμοὺς
1203 4172 1551 4246 αὐτομάτους
1579 4171 1954 4244 δαιμονιώδεις

379 4264 759 4338 περιγενέσθαι
784 4265 955 4338 χωρὶς
983 4265 1149 4336 εὐχῆς
1176 4264 1450 4336 νηπικῆς
1492 4263 1696 4334 συχνῆς
1717 4303 1732 4325 ,
1766 4263 1799 4334 ἢ
1827 4263 1954 4316 ἀτε-

375 4362 484 4426 νῶς
506 4361 644 4431 ἄγαν
675 4359 810 4433 πρὸς
837 4359 970 4415 Θεὸν
986 4360 1142 4432 δμμα
1163 4358 1256 4415 νοῦ
1278 4357 1559 4430 νήχεσθαι.
1583 4358 1643 4411 Et
1667 4356 1724 4410 δὲ
1738 4353 1823 4420 οὒ,
1850 4357 1954 4427 γῆν

377 4452 654 4526 θραύσεις.

447 4550 522 4598 π’.
557 4542 858 4615 Είάληθῶς
895 4543 1007 4615 ἄρα
1054 4541 1372 4612 περιϐαλεῖν
1408 4539 1644 4613 αἰσχύνῃ
1687 4540 1817 4605 τοὺς
1868 4539 1956 4593 λο-
1990 4535 2036 4593 1)

376 4634 609 4704 γισμούς
637 4633 834 4702 θέλεις,
868 4633 962 4689 καὶ
995 4633 1290 4705 ἡσυχάζειν
1338 4632 1605 4704 εὐμενῶς,
1636 4633 1731 4687 καὶ
1761 4631 1953 4702 νήφειν

376 4727 444 4796 τῇ
471 4723 673 4795 καρδίᾳ
730 4723 870 4794 μετά
927 4722 1200 4790 εὐκολίας,
1241 4721 1416 4794 Ἰησοῦ
1458 4722 1590 4794 εὐχὴ
1639 4719 1956 4791 κολληθήτω

382 4815 445 4884 σῇ
498 4814 659 4886 πνοῇ,
709 4812 808 4868 καὶ
860 4815 920 4870 ὲν
969 4811 1180 4883 ὀλίγαις
1232 4814 1472 4884 ήμέραις
1501 4811 1786 4881 γινόμενον
1835 4809 1954 4880 ὕψει

376 4922 552 4960 τουτο.

449 4998 562 5055 πα’.
607 4998 696 5063 Ὠς
717 4993 826 5070 γὰρ
853 4998 914 5052 ὲν
941 4998 1068 5070 ἀέρι
1101 4996 1410 5070 γράμματα
1438 4996 1500 5050 οὐ
1554 4996 1776 5050 δυνατὸν
1821 5013 1957 5066 γρα-

379 5093 548 5162 φῆναι
568 5107 582 5122 °
622 5091 704 5145 δεῖ
727 5090 838 5164 γὰρ
861 5089 1007 5146 αὐτά
1030 5091 1112 5155 τίς
1159 5107 1214 5144 τι
1246 5090 1406 5161 σῶμα
1441 5088 1766 5160 στήσασθαι,
1806 5088 1956 5152 ὅπως

379 5183 446 5236 ἂν
470 5184 669 5258 διαρκῆ
701 5183 1011 5248 σώζωνταν
1029 5181 1172 5237 οὕτω
1192 5199 1258 5252 γε
1279 5184 1346 5252 τῇ
1370 5182 1591 5253 κοπηρᾷ
1613 5180 1774 5252 νήψει
1799 5179 1959 5252 ήμῶν

379 5276 448 5344 τῇ
473 5276 608 5348 εὐχῇ
648 5273 828 5346 Ἰησοῦ
863 5273 1104 5345 Χριστοῦ
1144 5272 1529 5344 κολληθῶμεν,
1566 5273 1650 5327 ἵνα
1675 5275 1708 5345 ή
1738 5272 1838 5344 τῆς
1862 5290 1960 5344 νη·

383 5366 708 5435 φαλιότήτος
740 5365 1028 5436 πάγκαλος
1053 5365 1249 5438 ἀρετὴ,
1275 5365 1504 5437 διαρκής
1537 5367 1634 5420 σὺν
1665 5365 1817 5438 αὐτῷ
1842 5365 1960 5420 δια-

387 5455 548 5527 μένῃ,
606 5454 704 5509 καὶ
739 5456 806 5510 δι’
851 5454 1014 5510 αὐτοῦ
1056 5456 1188 5527 ἡμῖν
1259 5459 1339 5520 είς
1413 5455 1588 5512 αίῶνα
1637 5455 1962 5527 διατηρῆται

383 5547 766 5620 ἀναφαίρετος.

456 5639 571 5712 πβν.
601 5641 837 5697 Κύλισον
884 5639 979 5696 ἐπὶ
1009 5640 1212 5714 Κύριον
1245 5643 1315 5698 τὰ
1347 5641 1486 5715 ἔργα
1517 5659 1637 5710 σου,
1672 5642 1767 5697 καὶ
1790 5641 1980 5715 εὐρήοο

459 5824 508 5861 ⁸⁸
533 5822 578 5881 ιι
608 5823 750 5880 'l‘im.
783 5839 846 5891 ιι,
868 5823 919 5879 6.
1001 5823 1042 5856 "
1063 5821 1253 5880 Matth.
1276 5839 1368 5889 xv,
1396 5821 1481 5887 l9,
1509 5821 1601 5878 20.

2032 775 2194 830 modo
2223 776 2496 846 quispiam
2520 776 2660 833 alius
2696 777 3006 850 laborabat)
3035 779 3251 835 Primus
3277 784 3340 836 de
3368 784 3626 853 fructibus

2033 867 2300 936 percipere
2329 869 2498 934 debet,
2534 876 2596 924 ut
2636 869 2814 941 placet
2857 871 3028 928 Paulo
3063 873 3129 928 ¹⁸.
3176 874 3280 940 Qui
3315 891 3446 947 ergo
3488 891 3624 931 con-
3709 879 3712 883 ’

2035 957 2218 1012 tundit
2247 965 2429 1029 caput,
2468 959 2516 1014 is
2543 969 2599 1014 et
2629 961 2832 1017 multas
2875 963 3236 1036 cogitationes
3276 980 3474 1036 pravas
3507 968 3626 1022 evi-
3690 967 3693 970 ’

2036 1056 2133 1114 tat,
2175 1057 2232 1102 et
2263 1064 2432 1119 opera
2494 1049 2702 1121 pejora.
2755 1052 2950 1123 Fitqne
2996 1063 3134 1123 tum,
3186 1064 3249 1110 ut
3301 1058 3628 1127 tranquillus

2037 1147 2355 1208 permaneat
2397 1141 2614 1197 animus
2653 1160 2668 1196 :
2718 1143 2876 1214 cujus
2929 1146 3318 1202 excitationem
3365 1147 3628 1204 adversus

2037 1234 2396 1306 cogitationes
2442 1237 2638 1308 probat
2677 1235 2842 1307 Deus,
2903 1248 2959 1295 et
3009 1243 3404 1298 remunerandi
3463 1259 3627 1298 causa

2038 1327 2194 1384 docet
2248 1344 2397 1394 eum,
2443 1345 2553 1401 quo
2598 1340 2760 1402 pacto
2827 1332 3213 1404 impugnantes
3258 1349 3317 1390 se
3364 1351 3630 1406 superare

2039 1431 2205 1492 queat
2236 1437 2250 1474 :
2282 1429 2338 1476 et
2373 1437 2482 1492 qua
2521 1424 2736 1480 ratione
2765 1440 2862 1480 cor
2899 1427 3161 1496 paulatim
3192 1443 3428 1499 purgare
3461 1444 3628 1500 opor-

2042 1522 2156 1568 teat
2191 1513 2613 1586 cogitationibus
2657 1517 3064 1575 maculantibus
3102 1528 3158 1574 et
3211 1519 3630 1579 inquinantibus

2045 1606 2361 1661 interiorem
2422 1606 2723 1673 hominem,
2779 1608 2922 1664 sicut
3009 1617 3088 1664 att
3156 1609 3422 1667 Dominus
3480 1630 3495 1668 :
3550 1612 3631 1666 De

2046 1700 2198 1753 corde
2255 1707 2440 1753 exeunt
2512 1701 2857 1770 cogitationes
2921 1700 3102 1768 malua,
3167 1703 3453 1770 adulteria,
3517 1708 3630 1775 for-

2045 1790 2336 1844 nicationes
2393 1806 2411 1845 :
2467 1800 2515 1846 et
2563 1791 2673 1846 [nec
2719 1801 2840 1847 sunt
2892 1807 3010 1862 qua:
3057 1795 3401 1864 coinquinant
3459 1797 3630 1850 homi-

2049 1898 2168 1936 nem
2211 1883 2277 1940 ".

2119 1975 2206 2030 77.
2234 1973 2346 2032 Hac
2386 1977 2569 2049 itaque
2616 1977 2832 2034 ratione
2863 1984 3048 2048 potest
3073 1976 3254 2032 anima
3300 1991 3396 2047 per
3443 1976 3629 2032 Domi-

2048 2081 2177 2121 num
2235 2069 2470 2125 retinere
2494 2084 2647 2125 suam
2677 2069 2855 2140 ipsius
2906 2078 3277 2138 venustatem,
3311 2071 3628 2140 pulchritu-

2049 2159 2235 2215 dinem
2284 2171 2341 2216 et
2389 2162 2796 2230 rectitudinem,
2859 2163 3001 2218 sicut
3045 2163 3200 2219 initio
3228 2172 3408 2218 creata
3434 2172 3519 2220 est
3564 2165 3633 2218 ad

2045 2248 2463 2308 similitudinem
2488 2253 2604 2320 Dei,
2643 2255 2802 2310 valde
2840 2254 3091 2325 speciosa
3123 2264 3178 2310 et
3209 2265 3382 2321 recta,
3417 2265 3479 2311 ut
3541 2255 3631 2312 in-

2048 2343 2166 2415 quit
2196 2360 2426 2417 magnus
2460 2345 2674 2401 Domini
2703 2363 2896 2403 servus
2916 2345 3210 2414 Antonius,
3244 2348 3462 2414 animae,
3509 2364 3633 2419 quae.

2049 2439 2349 2493 secundum
2372 2447 2620 2494 naturam
2662 2441 2888 2512 regitur,
2919 2441 3002 2496 vis
3057 2441 3389 2496 intellectiva
3417 2450 3630 2498 constat

2049 2529 2272 2586 virtute.
2302 2531 2370 2585 Et
2393 2531 2591 2586 iterum
2613 2531 2772 2599 dixit,
2801 2532 3028 2588 Rectam
3066 2549 3187 2590 esse
3214 2533 3474 2601 animam,
3529 2535 3633 2590 hoc

2049 2629 2154 2686 est,
2190 2621 2365 2693 ipsam
2408 2623 2612 2679 habere
2641 2622 2959 2680 facultatem
3008 2625 3400 2683 intellectivam
3423 2637 3634 2680 naturae

2049 2723 2496 2782 consentaneam,
2529 2717 2607 2771 uti
2629 2725 2808 2772 creata
2841 2728 2946 2773 est.
2975 2718 3042 2772 Et
3085 2719 3295 2786 statim,
3336 2719 3527 2790 paucis
3548 2719 3634 2772 in-

2049 2807 2318 2876 terjectis,
2362 2807 2438 2862 ait
2475 2825 2489 2861 :
2524 2809 2760 2881 Purgato
2828 2809 3000 2864 simus
3061 2810 3266 2866 animo.
3323 2809 3436 2882 Ego
3484 2810 3631 2864 enim

2051 2898 2216 2953 credo
2245 2900 2502 2966 animam,
2540 2916 2868 2972 quacunque
2898 2911 3052 2972 parte
3091 2911 3396 2973 purgatam,
3431 2909 3488 2956 et
3529 2916 3634 2954 na-
3703 2947 3706 2952 .

2053 2993 2174 3042 tura
2204 3002 2304 3043 sua
2344 2999 2708 3055 constantem,
2729 3006 2912 3062 posse,
2943 2991 3317 3061 perspicacem
3352 2990 3625 3053 effectam,

2053 3079 2262 3134 acutius
2287 3089 2344 3136 et
2365 3081 2659 3136 remotiora
2683 3081 2888 3148 videre,
2916 3097 3077 3152 quam
3095 3081 3308 3152 possint
3332 3081 3627 3147 daemones,

1979 3199 2024 3260 ο
2055 3169 2255 3260 quippe
2284 3186 2406 3240 qua:
2435 3171 2724 3226 Dominum
2755 3171 2859 3227 sibi
2896 3171 3231 3226 revelantem
3259 3171 3477 3236 habeat,
3498 3169 3627 3226 Haec

2055 3258 2190 3314 dicit
2218 3259 2450 3331 inclytus
2469 3260 2763 3328 Antonius,
2801 3271 3026 3318 auctore
3053 3261 3357 3318 Athanasio
3405 3277 3628 3334 magno,

2052 3347 2110 3404 in
2133 3349 2258 3405 Vita
2289 3350 2534 3406 Antonii.

2125 3439 2212 3494 78.
2247 3440 2465 3506 Quaavis
2494 3441 2750 3513 cogitatio
2775 3448 2859 3497 est
2881 3440 3198 3514 imaginatio
3222 3457 3345 3513 qua:
3369 3442 3546 3498 oritur
3575 3443 3629 3496 in

2054 3539 2235 3586 mente
2264 3547 2328 3586 ex
2364 3535 2714 3605 perceptione
2769 3535 3029 3591 sensitiva
3052 3536 3132 3591 rei
3153 3537 3456 3607 cujusdam.
3493 3534 3630 3590 Cum

2053 3621 2200 3676 enim
2227 3622 2480 3693 Assyrius
2503 3625 2832 3695 sitspiritus,
2867 3642 2978 3682 non
3027 3635 3210 3695 potest
3230 3627 3390 3680 aliter
3414 3626 3628 3694 fallere,

2053 3726 2214 3780 quam
2240 3713 2286 3766 si
2323 3724 2508 3768 utatur
2533 3716 2599 3770 iis
2619 3732 2742 3785 quae
2774 3727 2904 3771 sunt
2932 3717 3140 3772 nostris
3155 3716 3407 3772 sensibus
3438 3725 3494 3772 et
3513 3733 3633 3772 mo-

2056 3802 2206 3857 ribus
2231 3803 2534 3859 familiaria.

2128 3895 2212 3949 79.
2248 3895 2456 3960 Utnos,
2476 3897 2567 3967 qui
2598 3913 2787 3954 sumus
2821 3898 3091 3964 homines,
3115 3914 3319 3958 avcsm
3345 3915 3474 3956 aere
3531 3917 3632 3956 vo-

2055 3987 2230 4042 lantes
2257 3989 2469 4058 assequi
2504 4005 2615 4044 non
2672 4006 2986 4060 possumus,
3017 4002 3132 4056 aut,
3171 3993 3632 4062 quemadmodum

2054 4078 2178 4146 illa},
2211 4096 2430 4136 sursum
2461 4082 2665 4146 volare,
2701 4099 2826 4138 cum
2862 4085 3002 4139 hanc
3034 4085 3142 4140 vim
3205 4094 3398 4141 natura
3445 4097 3632 4142 nostra

2054 4189 2166 4229 non
2220 4174 2468 4232 habeat:
2530 4177 2602 4230 ita
2678 4177 2797 4233 sine
2857 4178 3126 4247 frequenti
3157 4187 3212 4233 et
3263 4181 3634 4250 temperantiae

2055 4264 2214 4335 plena
2243 4264 2509 4329 oratione,
2534 4277 2629 4322 aut
2660 4267 2970 4324 vehementi
3017 4270 3300 4325 oculorum
3327 4272 3529 4326 mentis
3577 4271 3633 4325 in

2056 4357 2226 4413 Deum
2266 4359 2589 4426 intentione,
2645 4375 2756 4416 non
2787 4371 2943 4432 potes
2998 4362 3253 4417 fortuitas
3278 4363 3636 4434 cogitationes

2057 4450 2354 4507 diabolicas
2384 4468 2642 4523 superare
2673 4474 2686 4510 :
2727 4454 2813 4510 sin
2855 4455 3060 4518 minus,
3090 4463 3295 4510 terram
3328 4455 3511 4510 feries.

2131 4543 2220 4599 80.
2252 4543 2502 4599 Profecto
2524 4545 2571 4599 si
2599 4558 2726 4600 vere
2759 4545 2913 4615 cupis
2951 4545 3173 4616 cingere
3201 4545 3412 4616 pudore
3477 4544 3630 4616 cogi-

2059 4633 2314 4696 tationes,
2347 4643 2402 4688 et
2433 4648 2528 4689 eas
2557 4634 2790 4705 benigne
2846 4648 3198 4706 componere,
3240 4643 3635 4706 temperantem

2061 4722 2222 4777 etiam
2245 4723 2487 4778 animum
2511 4723 2671 4778 facile
2717 4739 3056 4795 comparare,
3133 4725 3445 4796 deprecatio
3505 4725 3636 4781 Jesu

2059 4814 2336 4869 adhaereat
2363 4815 2648 4886 spirationi
2680 4826 2785 4872 tua:
2811 4826 2902 4872 :et
2940 4815 3043 4874 hoc
3080 4817 3223 4874 intra
3251 4822 3459 4889 paucos
3513 4817 3634 4873 dies

2062 4905 2178 4961 fieri
2206 4908 2524 4978 perspicies.

2129 4998 2220 5054 8t.
2252 4999 2489 5056 Utenim
2511 5001 2705 5059 litterae
2734 5003 2900 5060 scribi
2930 5013 3214 5074 nequeunt
3269 5003 3326 5057 in
3363 5016 3512 5064 aere,
3566 5015 3636 5056 eo

2060 5088 2207 5159 quod
2245 5088 2300 5143 in
2323 5104 2556 5161 corpore
2581 5093 2817 5162 quodam
2834 5107 3060 5148 necesse
3090 5093 3297 5148 habent
3338 5090 3639 5146 subsistere

2061 5189 2122 5235 ut
2141 5181 2415 5238 duratura:
2450 5191 2741 5239 serventur
2771 5199 2785 5235 :
2813 5184 2888 5238 ita
2940 5199 3039 5254 per
3074 5181 3400 5236 laboriosam
3424 5186 3636 5249 tempe-

2064 5273 2299 5329 rantiam
2329 5283 2574 5330 nostram
2598 5275 2900 5346 precationi
2929 5274 3062 5330 Jesu
3115 5271 3317 5328 Christi
3365 5271 3638 5326 inhrerea-

2063 5381 2186 5422 mus
2213 5383 2226 5421 :
2254 5374 2314 5421 ut
2337 5367 2595 5437 praeclara
2614 5367 2786 5422 virtus
2809 5366 3186 5438 temperantiae
3208 5379 3333 5420 cum
3368 5363 3492 5434 ipso
3508 5376 3638 5433 per-

2062 5457 2224 5513 duret
2249 5465 2305 5512 et
2341 5467 2577 5524 maneat,
2610 5468 2667 5514 et
2687 5474 2786 5529 per
2828 5459 3008 5529 ipsum
3063 5456 3226 5516 nobis
3283 5462 3640 5512 conservetur

2063 5549 2117 5608 in
2141 5550 2359 5616 saecula,
2393 5551 2525 5606 ades
2564 5561 2624 5606 ut
2650 5550 2850 5605 auferri
2885 5567 2992 5606 non
3015 5549 3209 5621 possit.

2133 5640 2222 5698 82.
2260 5641 2423 5698 Versa
2481 5642 2536 5699 in
2589 5641 2880 5700 Dominum
2935 5658 3101 5714 opera
3155 5651 3269 5709 tua,
3296 5647 3352 5698 et
3391 5638 3638 5698 invenies
