3968 6220
301 353 431 422 i541

1004 347 1101 406 DE
1135 339 1680 404 TEMl‘EliANTlA
1710 341 1804 400 ET
1831 339 2192 402 ViRTU'l‘E.
2235 365 2301 376 --
2331 335 2723 402 CENTURIA
2756 341 2839 401 II.

3429 315 3565 404 1549.

296 466 370 530 ὡς
400 465 460 520 τὸ
479 460 690 523 παιδίον
711 457 892 524 τοῦτο,
921 456 1304 524 ὑψωθήσεται
1331 469 1344 484 ’
1373 449 1548 521 ὑψῶν
1572 450 1640 502 δὲ
1669 449 1885 510 ἑαυτὸν

2021 452 2139 517 erit,
2174 450 2314 509 sicut
2350 452 2612 522 parvulus
2653 452 2778 514 iste,
2817 451 3142 506 exaltabitur
3173 468 3190 505 :
3237 454 3328 522 qui
3387 462 3562 509 autem

249 547 258 554 ’
298 550 1052 622 ταπεινωθήσεται.-Ἀπ’
1075 547 1242 619 ἐμοῦ,
1272 544 1426 616 φησὶ,
1459 543 1694 614 μάθετε.
1724 543 1885 614 Ὁρᾷς

299 654 382 708 ὅτι
411 646 645 723 μάθησίς
677 646 826 703 ἐστιν
856 643 890 714 ή
924 640 1273 703 ταπείνωσις.
1309 639 1368 692 Ὁ
1396 638 1470 708 μὴ
1492 636 1748 700 ταπεινὸς
1770 632 1887 701 οὖν,

301 741 402 812 τῆς
439 738 586 810 ζωῆς
611 732 986 808 ἁπωλίσθησε,
1010 731 1104 785 καὶ
1126 729 1368 794 ἐναντίος
1384 726 1630 798 δηλονότι
1657 726 1890 799 εὑρεθή-

306 847 481 886 σεται.

378 927 447 992 ‘1'.
482 921 548 980 Ei
580 918 697 994 γὰρ,
739 911 894 972 πᾶσα
924 913 1106 987 ἀρετὴ,
1139 911 1228 968 διὰ
1277 912 1458 990 ψυχῆς
1484 912 1582 966 ’.αἱ
1639 912 1893 983 σώματος

309 1014 577 1081 κτίζεται.
608 1010 835 1087 Κτλίσμα
861 1010 927 1063 δὲ·
967 1007 1106 1062 Θεοῦ
1135 1008 1230 1062 καὶ
1260 1007 1290 1078 ἡ
1319 1005 1463 1077 sum
1493 1005 1589 1059 καὶ
1616 1004 1673 1059 τὶ
1707 1005 1892 1077 σῶμα,

309 1106 376 1166 δι’
403 1100 476 1160 ὧν
509 1105 542 1174 ἡ
577 1100 770 1174 ἀρετὴ,
799 1099 874 1163 ὡς
902 1097 1062 1167 ἔφην,
1102 1095 1440 1162 συνίσταται,
1475 1095 1594 1158 πῶς
1612 1089 1704 1148 οὖν
1729 1095 1894 1166 ἀσχέ-

306 1179 754 1267 ’τωςθμαινόμεθα
777 1177 1194 1260 ἐπ”ἆλλοτρίοις
1244 1181 1473 1259 κόσμοις
1519 1177 1895 1258 κομπάζοντες

311 1289 489 1359 ψυχῆς
515 1304 574 1340 τε
605 1285 700 1340 καὶ
733 1284 1028 1353 σώματος;
1079 1281 1176 1335 καὶ
1206 1267 1626 1348 κενοδοξοῦντες
1672 1282 1897 1351 ἐπαιρό-

317 1381 481 1451 μεθα,
523 1377 618 1432 καὶ
663 1374 1041 1446 ὑπερηφάνοις
1092 1373 1168 1437 ὠς
1205 1375 1298 1427 ἐπὶ
1350 1374 1664 1445 καλαμίνης
1701 1374 1896 1446 ῥάϐδου

314 1471 645 1545 φ-υησώμενοι,
673 1464 1078 1545 στηριζόμεθαο
1109 1464 1186 1530 ὡς
1229 1466 1324 1518 καὶ
1354 1465 1452 1524 τὸν,
1489 1465 1899 1536 ἀπειρομεγέθη

309 1543 446 1617 θεὸν
465 1543 978 1633 ὴμῶνδιεγείρομεν
1006 1557 1098 1610 τὸν
1126 1555 1505 1630 φρικτὼτατον
1529 1556 1618 1610 διὰ
1643 1556 1739 1627 τὴν
1762 1556 1901 1625 ἄγαν

313 1650 471 1727 ἡμῶν
503 1651 733 1721 ἀνομίαν
763 1666 824 1703 τε
845 1649 941 1704 καὶ
980 1647 1188 1703 ἄνοιαν.
1223 1649 1439 1716 Κύριος
1493 1645 1902 1717 ὑπερηφάνοις

314 1741 746 1800 ἀντιτάσσεται
767 1755 782 1771 ⁸
819 1739 916 1795 καὶ
946 1737 1068 1794 ἀντὶ
1095 1736 1190 1791 τοῦ
1222 1736 1513 1809 μιμεῖσθαι
1547 1736 1639 1790 τὸν
1693 1736 1899 1808 Κύριον
1955 1785 1957 1788 ι

1985 544 2216 612 seipsum
2252 543 2477 609 exultat,
2505 541 2872 597 humiliabitur
2899 541 2966 597 ’⁸.
2996 543 3040 596 Α
3077 557 3184 609 me,
3239 543 3434 613 inquit,
3481 545 3568 600 di-

1990 632 2130 688 scite
2166 650 2178 685 :
2220 633 2398 698 vides,
2449 633 2811 688 humilitatem
2853 649 2976 689 esse
3013 621 3376 704 disciplinam.
3431 634 3566 689 Pro-

1990 733 2177 796 pterea
2200 725 2293 795 qui
2325 738 2437 779 non
2460 732 2548 780 est
2575 723 2822 792 humilis,
2881 724 3091 780 excidit
3141 739 3175 779 α
3216 725 3323 780 vita
3358 739 3374 778 ι
3409 729 3568 796 quin-

1992 817 2154 872 etiam
2180 815 2489 871 contrarius
2527 814 2858 871 invenietur.

2063 909 2151 965 90.
2175 907 2312 963 Cum
2346 907 2528 977 itaque
2555 907 2731 963 virtus
2787 906 2965 962 omnis
3020 906 3262 977 corporis
3294 915 3348 961 et
3373 905 3572 962 animus

1993 996 2302 1053 ministerio
2324 1005 2564 1062 creetur,
2591 996 2688 1050 Dei
2709 1011 2871 1067 porro
2901 1006 3166 1052 creatura:
3225 995 3334 1052 sint
3388 997 3569 1051 anima

1994 1097 2052 1144 et
2083 1103 2304 1158 corpus,
2326 1101 2558 1158 quorum
2598 1103 2765 1158 Opera
2793 1089 2984 1153 virtus,
3041 1097 3102 1142 ut
3133 1088 3268 1155 dixi,
3301 1089 3573 1151 subsistit,

1995 1176 2270 1248 quomodo
2299 1191 2411 1231 non
2435 1176 2856 1232 intolerabiliter
2887 1178 3215 1242 insanimus,
3251 1179 3321 1232 de
3381 1179 3574 1233 alienis

2000 1268 2246 1340 corporis
2267 1278 2323 1324 et
2349 1270 2544 1324 animae
2565 1269 2905 1325 ornamentis
2934 1271 3262 1340 gloriantes?
3290 1269 3436 1325 Vana
3460 1271 3575 1342 glo-

1997 1361 2080 1416 "ria
2135 1359 2261 1417 elati
2288 1368 2344 1416 et
2380 1359 2572 1428 inﬂati,
2607 1362 2899 1431 superbiae,
2949 1362 3098 1417 velut
3139 1357 3332 1419 baculo
3355 1362 3580 1416 arundi-

1998 1469 2124 1520 neo,
2154 1454 2443 1509 innitimur
2474 1471 2487 1507 :
2526 1463 2690 1523 atque
2719 1470 2830 1524 prae
2858 1454 3149 1525 iniquitate
3195 1462 3250 1509 et
3295 1454 3578 1508 dementia-

1998 1554 2206 1608 nostra,
2268 1544 2763 1600 horrendisslmum
2828 1545 2979 1599 illum
3034 1555 3291 1613 tanquam
3350 1545 3576 1598 inﬁnitae

2000 1635 2393 1707 magnitudinis
2424 1635 2596 1691 Deum
2643 1643 2895 1691 nostrum
2952 1637 3274 1691 excitamus.
3322 1635 3578 1690 Dominus

2001 1729 2235 1796 superbis
2257 1728 2452 1782 resistit
2487 1727 2554 1784 ".
2577 1727 2645 1783 Et
2675 1742 2798 1781 cum
2826 1726 3338 1782 imitariDominum
3387 1726 3440 1780 in
3475 1726 3580 1778 illi-

318 1838 374 1888 ὲν
407 1830 757 1898 ταπεινώσει,
786 1828 866 1902 τῷ
913 1829 1008 1884 τοῦ
1036 1829 1246 1899 Κυρίου
1275 1828 1535 1899 δυσμενεῖ
1568 1827 1748 1896 φιλιού
1761 1818 1901 1898 μεθα

2017 1817 2233 1871 utilitate
2269 1816 2617 1883 deberemus,
2642 1830 2769 1870 eum
2812 1815 3036 1870 inimico
3075 1813 3289 1869 Domini
3340 1814 3580 1884 superbo

318 1906 656 2002 ὑπερηφάνῳ
697 1921 932 1993 δαίμονι,
993 1921 1058 1974 ἐκ
1099 1919 1377 1984 κενοδόξου
1423 1919 1516 1972 καὶ
1548 1917 1900 1991 ὑπερηφάνου

319 2016 670 2087 φρονήματος
687 2031 704 2046 ο
735 2014 924 2068 τούτου
947 2012 1056 2083 γὰρ
1083 2009 1268 2064 ἕνεκεν
1299 2011 1486 2079 ἔλεγεν
1506 2014 1534 2064 ό
1553 2010 1899 2080 Ἀπόστολοςὲ

317 2110 385 2162 ’Τί
416 2107 526 2180 γὰρ
551 2106 734 2176 ἔχεις,
771 2105 955 2176 φησὶν,
1009 2103 1040 2158 ὃ
1069 2106 1179 2158 οὐκ
1203 2101 1417 2170 ἔλαϐες
1446 2102 1564 2158 ἀπὸ
1591 2102 1776 2167 Θεοῦ;
1829 2102 1904 2174 μὴ

320 2202 384 2254 σὺ
412 2200 607 2255 σαυτδν
637 2197 896 2264 ἔκτισας
925 2196 989 2252 Ei
1015 2195 1072 2250 δὲ
1101 2195 1260 2265 σῶμα
1289 2197 1385 2249 καὶ
1405 2195 1585 2267 ψυχὴν
1615 2195 1673 2260 ἐξ
1705 2185 1780 2250 ὧν
1811 2196 1906 2250 καὶ

319 2293 378 2346 ἐν
406 2287 486 2358 οἷς
508 2292 603 2346 καὶ
629 2291 701 2346 δι’
726 2283 802 2346 ὧν
837 2291 987 2345 πᾶσα
1021 2289 1191 2360 ἀρετὴ
1225 2288 1563 2352 συνίσταται,
1594 2286 1746 2360 παρὰ
1769 2287 1904 2342 Θεοῦ

320 2383 534 2448 ἔλαϐες,
563 2383 621 2437 τι
649 2382 954 2451 καυχᾶσαι
981 2381 1064 2448 ὡς
1089 2380 1176 2451 μὴ
1200 2378 1400 2436 λαϐὼν
1415 2395 1436 2445 ;
1460 2378 1662 2451 Κύριος
1689 2379 1798 2451 γάρ
1824 2395 1906 2432 σοι

319 2478 348 2527 ὁ
377 2473 504 2528 τάδε
535 2471 905 2544 δωρούμενος.

391 2661 505 2726 kal.
533 2655 744 2719 ¹’Ἄλλως
767 2654 868 2709 οὐκ
905 2651 1034 2708 ἄλλο
1058 2649 1111 2706 τί
1144 2650 1260 2704 ἐστι
1287 2650 1632 2722 καθαρισμὸς
1654 2649 1904 2723 καρδίας,

319 2746 388 2803 δι’
424 2740 486 2801 οὗ
513 2747 609 2802 καὶ
635 2744 966 2808 ταπείνωσις
1005 2743 1101 2798 καὶ
1134 2741 1342 2813 ἀγαυὸν
1370 2742 1517 2798 ἆπαν
1547 2743 1603 2797 ὲν
1651 2743 1783 2814 ἡμῖν
1814 2742 1906 2797 εὑ-

325 2841 573 2912 ρίσκεται
611 2836 938 2893 καταϐαῖνον
991 2833 1220 2903 ἄνωθεν,
1286 2836 1334 2888 εί
1387 2832 1553 2905 μὴτὸ
1609 2833 1731 2904 μηδ’
1765 2833 1904 2898 ὅλως

322 2918 675 3004 παραχωρεῖν
701 2929 830 2994 τοὺς
857 2925 1153 3004 λογισμοὺς
1175 2923 1593 2998 προκύπτοντας
1621 2922 1906 2977 εἰσελθεῖν.

392 3109 502 3182 ιιβν.
529 3107 669 3172 Νοδς
695 3107 805 3179 γὰρ
835 3105 1051 3178 φυλακὴ
1080 3105 1176 3160 σὺν
1197 3104 1317 3175 Θεῷ
1349 3105 1446 3158 καὶ
1462 3102 1550 3156 διὰ
1577 3104 1741 3174 μόνου
1771 3101 1905 3155 Θεοῦ

326 3199 385 3255 ὲν
416 3183 560 3272 ψυχῇ
596 3182 957 3272 ἐγχρονίσασα
986 3196 1249 3268 φρόνησιν
1275 3197 1555 3266 παράσχει
1584 3194 1663 3265 τῷ
1696 3196 1906 3264 ἠγεμο-

325 3287 460 3361 νικῷ
488 3292 544 3342 ἑν
602 3291 718 3352 τοῖς
748 3287 891 3340 κατὰ
935 3287 1070 3341 Θεὸν
1102 3285 1514 3356 ἀγωνίσμασιν
1557 3285 1657 3337 ούκ
1713 3283 1904 3354 ὀλίγην

324 3378 381 3435 δὲ
412 3381 707 3453 ἱκανότητα
730 3379 805 3451 τῷ
839 3379 1050 3450 μετόχῳ
1079 3379 1338 3450 χορηγεῖ,
1376 3377 1434 3430 ὲν
1462 3373 1542 3448 τῷ
1592 3377 1908 3446 οἰκονομεῖν

324 3474 394 3529 τὰ
421 3473 557 3544 ἔργα
589 3474 684 3527 καὶ
709 3473 837 3536 τοὺς
872 3470 1065 3540 λόγους
1093 3473 1150 3525 ἐν
1177 3469 1358 3542 κρίσει
1399 3469 1739 3523 εὐαπόδεκτα
1768 3466 1911 3522 κατὰ

325 3565 552 3638 Κύριον.

397 3660 503 3726 ιιγό
531 3657 612 3710 Τὰ
637 3655 731 3709 τοῦ
763 3656 954 3726 ἱερέως
1001 3654 1141 3724 δῆλα
1200 3656 1259 3708 ἐν
1315 3647 1393 3724 τῷ
1445 3650 1660 3722 παλαιῷ
1709 3668 1912 3722 προτυ-

328 3749 566 3817 πώματα
600 3747 825 3816 καρδίας
879 3746 1128 3816 καθαρᾶς
1171 3746 1439 3814 ὑπῆρχον,
1476 3745 1563 3796 ῐνα
1595 3743 1690 3796 καὶ
1748 3744 1914 3812 ἡμεῖς

330 3839 657 3910 πρόσχωμεν
675 3837 750 3908 τῷ
779 3838 877 3907 τῆς
899 3837 1130 3906 καρδίας
1159 3835 1396 3906 πετάλῳ,
1423 3836 1623 3906 μήπως
1644 3834 1702 3898 ἐξ
1733 3835 1914 3905 ἁμαρ-

326 3929 450 3991 τίας
506 3927 905 3998 μεμελάνωται,
939 3923 1030 3980 ἵνα
1084 3925 1337 3994 δάκρυσι.
1363 3924 1460 3978 καὶ
1495 3924 1788 3995 μετανοίᾳ,
1819 3923 1915 3978 καὶ⁵

330 4023 608 4093 προσευχῇ
636 4019 1068 4090 ἀποσμήχωμεν.
1117 4016 1353 4071 Εύκολον
1376 4015 1484 4087 γάρ
1529 4033 1583 4069 τι
1609 4018 1846 4087 πρᾶγμα
1887 4016 1915 4070 ό

331 4114 480 4180 νοῦς,
511 4115 606 4166 καὶ
636 4112 772 4183 πρὸς
793 4113 889 4176 τὰς
911 4111 1147 4182 ἀνόμους
1176 4109 1506 4182 ἐνθυμήσεις
1529 4108 1914 4177 δυσκάθεκτον,

328 4204 531 4274 ὁμοίως
553 4207 750 4268 κακαῖς
770 4212 831 4255 τε
853 4201 947 4254 καὶ
969 4202 1203 4270 ἀγαθαῖς
1228 4200 1555 4270 φαντασίαις
1574 4200 1916 4269 λογιστικαῖς

330 4298 570 4362 εὐκόλως
598 4295 1016 4362 ὲξακολουθοῦν.

405 4389 510 4458 κδ’.
544 4390 837 4461 Μακάριος
872 4389 1044 4452 ὅντως
1093 4380 1137 4456 ᾧ
1181 4385 1326 4441 οὕτω
1362 4385 1692 4458 κεκόλληται
1742 4384 1919 4456 Ἰησοῦ

2005 1910 2252 1965 daemone
2325 1909 2683 1964 conciliamus
2726 1907 3022 1962 amicitiam
3065 1923 3079 1961 :
3147 1921 3211 1961 eo
3260 1907 3403 1976 quod
3441 1919 3582 1960 vane

2005 1999 2238 2071 gloriosa
2265 2009 2319 2054 et
2353 1999 2626 2072 arroganti
2661 1996 2922 2068 opinione
2970 1998 3241 2054 ducimur.
3272 1995 3381 2051 llac
3423 2012 3582 2050 nain~

2004 2106 2110 2161 que
2151 2090 2218 2146 de
2257 2103 2422 2145 causa
2480 2088 2776 2159 Apostolus
2829 2087 3006 2143 dixit:
3053 2087 3192 2153 Quid
3237 2088 3391 2142 habes
3447 2086 3583 2157 quod

2005 2196 2109 2235 non
2130 2181 2377 2249 accepisti
2405 2196 2435 2234 a
2463 2179 2570 2234 Deo
2588 2179 2668 2233 ἐἳ
2690 2179 2831 2234 Num
2850 2188 2908 2234 tu
2926 2179 3159 2249 teipsum
3179 2179 3371 2233 creasti
3388 2175 3584 2244 ?Quod

2005 2269 2051 2326 si
2085 2283 2283 2341 corpus
2304 2281 2358 2324 et
2380 2267 2640 2334 animam,
2671 2285 2736 2324 ex
2765 2269 2985 2339 quibus,
3045 2269 3100 2323 in
3133 2268 3354 2339 quibus,
3383 2279 3438 2324 et
3485 2275 3587 2339 per

2005 2375 2126 2432 qua
2152 2360 2402 2415 consistit
2429 2359 2606 2414 omnis
2638 2359 2840 2425 virtus,
2889 2374 2921 2413 a
2952 2359 3066 2414 Deo
3093 2358 3371 2428 acceperis
3398 2399 3410 2422 ,
3459 2357 3588 2428 quid

2007 2454 2277 2526 gloriaris.
2311 2453 2462 2523 quasi
2497 2469 2600 2506 non
2624 2452 2888 2520 acceperis
2901 2451 2985 2504 ’τί
3012 2449 3276 2506 Dominus
3299 2449 3444 2504 enim
3481 2457 3585 2515 est,

2006 2543 2096 2613 qui
2122 2542 2217 2597 tibi
2246 2542 2349 2595 ista
2368 2540 2595 2611 largitus
2619 2547 2722 2595 est.

2079 2635 2170 2691 9i.
2213 2633 2367 2689 Nulla
2400 2648 2626 2704 prorsus
2649 2643 2733 2688 est
2761 2632 3073 2688 alia‘cordis
3097 2631 3438 2705 expurgandi
3507 2647 3588 2686 ra-

2009 2726 2109 2791 tio,
2143 2743 2249 2797 qua
2275 2735 2331 2782 et
2371 2726 2732 2782 humilitatem
2752 2735 2807 2782 et
2835 2741 2998 2782 omne
3042 2726 3249 2780 bonum
3280 2742 3310 2780 e
3338 2725 3590 2795 supernis

2010 2817 2066 2875 in
2097 2836 2199 2875 nos
2236 2819 2570 2876 descendere
2616 2820 3005 2890 comperimus,
3063 2834 3226 2889 quam
3283 2819 3329 2873 si
3381 2819 3589 2873 nullum

2009 2907 2206 2962 demus
2233 2907 2393 2978 plane
2419 2907 2602 2962 locum
2619 2906 3047 2978 cogitationibus
3082 2908 3224 2962 ostio
3249 2906 3590 2961 imminenti-

1969 3042 1984 3050 ..
2011 2997 2131 3053 bus.

2081 3108 2168 3163 92.
2199 3106 2457 3164 Custodia
2486 3107 2634 3163 enim
2659 3107 2881 3173 mentis,
2909 3091 3052 3178 quae,
3103 3107 3216 3164 Deo
3259 3108 3478 3164 favente
3537 3120 3588 3164 et

2013 3197 2106 3254 Dei
2134 3200 2303 3255 solius
2339 3200 2562 3267 auxilio,
2591 3209 2907 3270 perseverat
2939 3201 2996 3255 in
3035 3200 3236 3268 anima,
3269 3202 3590 3272 sapientiam

2012 3299 2291 3362 comparat
2317 3291 2618 3346 intellectui
2655 3291 3022 3362 principatum
3051 3291 3347 3358 obtinenti,
3375 3293 3427 3347 in
3472 3310 3594 3348 cer-

2012 3383 2308 3438 taminibus
2339 3382 2432 3438 Dei
2462 3392 2600 3438 nutu
2619 3384 2891 3450 ineundis,
2918 3384 3142 3455 ejusque
3173 3385 3432 3443 custodiae
3466 3402 3594 3456 par-

2014 3473 2187 3544 ticipi,
2224 3474 2614 3530 sufﬁcientiam
2673 3491 2783 3531 non
2814 3476 3084 3531 modicam
3135 3488 3374 3547 praestat,
3409 3478 3460 3531 in
3506 3493 3594 3531 re-

2011 3560 2115 3620 bus
2143 3571 2199 3621 et
2222 3568 2566 3623 sermonibus
2611 3567 2720 3623 Deo
2753 3567 2918 3640 gratis
2947 3583 3072 3622 cum
3099 3569 3303 3637 judicio
3322 3569 3591 3638 regendis.

2085 3658 2174 3711 95.
2212 3657 2496 3714 Pontificis
2549 3669 2874 3714 ornamenta
2918 3659 2973 3712 in
3006 3657 3190 3712 Veteri
3241 3659 3595 3716 Testamento

2015 3747 2326 3814 manifesta,
2372 3757 2530 3804 erant
2553 3759 2858 3818 praeeuntes
2877 3749 3059 3804 cordis
3105 3750 3224 3820 puri
3262 3750 3482 3822 ﬁgurae:
3538 3761 3595 3808 ut

2016 3846 2072 3894 et
2093 3851 2196 3891 nos
2227 3838 2486 3892 laminam
2518 3838 2700 3892 cordis
2733 3839 3091 3893 observemus
3126 3855 3197 3894 ne
3248 3839 3359 3896 ullo
3432 3842 3596 3896 modo

2017 3926 2297 3998 nigrescat
2320 3937 2543 3998 peccato
2578 3947 2590 3982 :
2618 3929 2710 3984 sed
2741 3929 3116 4001 abstergamus
3158 3930 3288 3986 illud
3322 3931 3594 4002 lacrymis,

2017 4019 2339 4091 ptenitentia
2390 4029 2445 4074 et
2465 4019 2729 4074 oratione.
2767 4019 2917 4074 Mens
2946 4021 3092 4074 enim
3128 4037 3216 4075 res
3241 4030 3325 4076 est
3349 4025 3594 4092 qumdain

1992 4109 2251 4190 ‘lubrica,
2309 4127 2431 4182 qua:
2478 4127 2586 4166 non
2615 4111 2772 4167 facile
2820 4122 3106 4167 coercetur
3135 4113 3204 4167 ab
3226 4113 3426 4183 iniquis
3466 4131 3596 4169 con-

2019 4203 2362 4275 ceptionibus
2398 4221 2410 4254 :
2454 4205 2712 4275 nulloque
2736 4205 2952 4275 negotio
2971 4205 3144 4260 bonas
3182 4214 3238 4260 et
3265 4207 3434 4261 malas
3463 4207 3596 4262 ima-

2019 4295 2331 4367 ginationes
2367 4295 2621 4350 rationali
2649 4295 2787 4366 parti
2808 4295 3051 4364 obiectas
3074 4295 3303 4364 perinde
3328 4305 3587 4350 sectatur.

2091 4385 2178 4440 94.
2239 4384 2489 4441 Profecto
2531 4387 2724 4441 beatus
2785 4395 2870 4440 est
2899 4387 3009 4449 illc,
3053 4387 3140 4441 cui
3170 4387 3249 4443 sic
3271 4389 3512 4443 adhaeret
3543 4391 3595 4444 in

331 4480 462 4552 εὐχὴ
511 4482 568 4534 ὲν
602 4480 834 4552 διανοίᾳ,
869 4479 964 4533 καὶ
1018 4480 1190 4548 φωνεῖ
1246 4476 1410 4530 αύτδν
1458 4475 1822 4540 ἀδιαλείπτως
1857 4477 1907 4528 ὲν

2023 4474 2209 4529 animo
2261 4473 2576 4544 deprecatio
2607 4475 2758 4538 Jesu,
2798 4481 2854 4529 et
2897 4475 2987 4545 qui
3013 4473 3131 4529 sine
3186 4475 3598 4532 intermissione

330 4570 547 4642 καρδίᾳ,
581 4569 770 4639 ὥσπερ
804 4569 1010 4638 ἥνωται
1033 4571 1062 4622 ό
1091 4566 1201 4638 ἀὴρ
1239 4567 1352 4629 τοῖς
1374 4563 1533 4636 ἡμῶν
1575 4563 1842 4636 σώμασιν,
1879 4563 1914 4636 ἢ

335 4661 411 4721 ὡς
450 4658 581 4728 φλὸξ
614 4658 791 4730 κηρῷ.
823 4656 934 4711 Καὶ
961 4658 1310 4728 διερχόμενος
1341 4656 1442 4726 μὲν
1467 4654 1619 4727 ἥλιος
1649 4656 1788 4728 ὑπὲρ
1813 4655 1918 4727 γῆν

336 4753 553 4822 ποιήσει
609 4751 823 4821 ἡμέραν
843 4767 857 4783 ·
903 4751 965 4802 τὸ
995 4749 1052 4803 δὲ
1104 4749 1315 4820 Κυρίου
1347 4747 1528 4819 Ἰησοῦ
1556 4747 1712 4816 ἅγιον
1744 4746 1915 4819 ὄνομα

336 4846 427 4899 καὶ
456 4842 752 4912 σεϐάσμιον
784 4843 842 4895 ὲν
865 4840 1076 4914 διανοίᾳ
1111 4841 1328 4912 λάμπον
1367 4843 1436 4912 τῇ
1477 4839 1752 4913 συνεχείᾳ,
1792 4855 1916 4910 γεν-

336 4936 487 5008 νήσει
520 4931 925 5006 εὐαριθμήτους
955 4931 1239 5006 ἡλιοειδείς
1263 4932 1499 4996 ἐννοίας.

409 5117 514 5183 κε’.
544 5113 653 5167 Καὶ
673 5109 1172 5166 διασκεδασθέντων
1223 5109 1324 5182 μὲν
1349 5110 1548 5180 νεφῶν,
1581 5109 1690 5182 ἀὴρ
1738 5110 1913 5166 καθα-

338 5205 428 5278 pb;
462 5205 756 5260 δείκνυται.
807 5202 1107 5258 Φαντασίαι
1136 5201 1192 5255 δὲ
1222 5202 1326 5256 ὑπὸ
1352 5202 1447 5256 τοῦ
1487 5200 1670 5256 Ἦλίου
1701 5201 1802 5273 τῆς
1834 5202 1915 5256 δι-

334 5295 631 5366 καιοσύνης
650 5296 829 5367 Ἰησοῦ
854 5295 1094 5370 Χριστοῦ
1128 5283 1597 5351 διασκεδασθεῖσαι
1626 5295 1723 5349 καὶ
1760 5294 1915 5348 λεαν-

337 5388 533 5454 θείσαι,
563 5389 853 5459 φεγγοειδῆ
887 5390 980 5442 καὶ
1001 5387 1318 5460 ἀστεροειδῆ
1350 5390 1597 5458 νοήματα
1616 5385 1916 5457 γεννᾶσθαι

331 5481 401 5534 ιν
423 5478 621 5550 καρδίᾳ
647 5479 714 5531 ὲκ
742 5478 940 5543 παντὸς
973 5478 1252 5548 πεφύκασι
1278 5479 1378 5532 τοῦ
1409 5479 1570 5550 ἀέρος
1628 5479 1798 5550 αὐτῆς
1823 5477 1912 5534 διὰ

331 5567 512 5641 Ἰησοῦ
539 5567 900 5637 φωτισθέντος
921 5582 936 5600 ·
967 5567 1103 5641 φησὶ
1147 5568 1257 5641 γὰρ
1283 5567 1313 5620 ό
1337 5569 1774 5642 Ἐκκλησιαστής
1799 5587 1813 5601 ·
1845 5572 1910 5625 Ol

2023 4574 2249 4622 resonat
2270 4565 2446 4636 ipsum
2469 4565 2525 4619 in
2551 4565 2736 4630 corde,
2772 4566 2919 4622 sicut
2938 4566 3126 4620 unitur
3145 4581 3238 4621 aer
3276 4570 3598 4637 corporibus

2022 4657 2249 4721 nostris,
2307 4665 2400 4710 aut
2440 4654 2656 4710 ﬂamma
2693 4656 2953 4712 candelae.
2987 4652 3079 4711 Sol
3103 4657 3288 4725 itaque
3314 4661 3590 4715 transiens

2021 4761 2184 4818 supra
2225 4754 2445 4812 terram,
2513 4746 2658 4800 diem
2719 4745 2916 4801 eiiiciet
2948 4763 2962 4800 :
2994 4756 3246 4803 sanctum
3299 4758 3482 4804 autem
3537 4767 3598 4806 ac

2021 4837 2385 4893 reverendum
2413 4834 2626 4891 Domini
2653 4836 2782 4891 Jesu
2800 4851 3022 4904 nomen,
3040 4839 3290 4894 relucens
3317 4841 3371 4894 in
3393 4851 3594 4904 mente,

2020 4927 2380 4998 contiguitate
2411 4941 2510 4980 sua
2541 4925 2992 4994 innamerabiles,
3054 4927 3184 4984 solis
3211 4927 3385 4982 instar
3413 4929 3597 4998 splen-

2023 5021 2236 5083 dentes,
2268 5019 2573 5088 procreabit
2600 5019 3008 5087 conceptiones.

2091 5108 2180 5166 95.
2219 5109 2286 5164 Et
2315 5109 2591 5180 dissipatis
2617 5109 2838 5180 quidem
2859 5111 3096 5166 nubibus
3125 5127 3219 5167 aer
3247 5120 3474 5182 apparet
3499 5128 3598 5180 pu-

2023 5213 2119 5256 rus
2153 5217 2168 5254 :
2200 5197 2486 5254 illusiones
2513 5206 2696 5254 autem
2727 5199 2794 5254 ab
2819 5198 2950 5254 Jesu
2983 5199 3200 5255 Christo
3222 5199 3348 5255 Sole
3372 5199 3596 5270 justitiae

2021 5291 2298 5362 dissipata:
2334 5299 2391 5346 et
2427 5289 2640 5357 deleta,
2687 5306 2752 5344 ex
2803 5290 3064 5346 universo
3091 5292 3293 5345 mentis
3315 5306 3442 5346 aere
3501 5308 3602 5361 per,

2017 5380 2207 5439 Iesum
2253 5379 2544 5446 illustrato,
2572 5380 2751 5435 solent
2775 5379 2830 5433 in
2855 5395 2917 5434 ea
2946 5382 3249 5451 produc-exe
3283 5382 3571 5451 conceptio
3592 5369 3608 5420 -’

2019 5487 2124 5528 nes
2153 5472 2485 5542 splendidas,
2511 5482 2567 5528 et
2595 5480 2865 5526 astrorum
2920 5474 3159 5542 Speciem
3189 5486 3304 5542 prae
3327 5485 3386 5528 se
3413 5471 3596 5527 feren-

2019 5568 2120 5620 tes.
2146 5564 2279 5620 Nam
2315 5564 2391 5619 ait
2417 5563 2770 5620 Ecclesiastes
2800 5578 2815 5616 :
2875 5562 2977 5629 Qui
3013 5563 3264 5635 ﬁduciam
3293 5563 3485 5620 habent
3536 5564 3593 5620 in

407 5759 454 5794 ”
481 5759 612 5815 Luc.
647 5771 799 5817 xvm.
834 5758 918 5814 i4.
995 5758 1042 5791 ³⁸
1067 5756 1178 5814 Jac.
1210 5773 1280 5822 tv,
1305 5757 1359 5810 ti.
1435 5759 1481 5789 ”
1530 5754 1699 5811 lCor.
1735 5771 1808 5824 Iv,
1843 5757 1895 5811 7.
1974 5756 2020 5788 "
2045 5755 2182 5810 ibid.
