4038 6226
423 282 561 350 1543

1622 264 1983 332 HESYCHII
2013 262 2492 330 PRESBYTERI

3559 266 3688 344 154i

421 393 673 459 Domino,
708 391 1000 461 intelligent
1033 387 1331 448 ueritatem,
1381 392 1430 437 et
1481 382 1570 452 qui
1599 380 1776 449 ﬁdeles
1799 385 1920 432 sunt
1951 377 1998 428 in

2111 378 2463 439 πεποιθότες
2495 376 2595 431 ἐπὶ
2627 378 2866 446 Κύριον,
2931 377 3314 446 συνήσουσιν
3361 377 3658 448 ἀλήθειαν·
3678 396 3693 412 ’

417 483 718 548 dilectione,
760 480 1140 552 permanebunt
1186 479 1240 531 in
1273 492 1332 532 eo
1363 475 1429 530 ’°.
1455 472 1556 530 Cui
1591 471 1762 546 gloria
1802 471 1856 525 in
1897 485 2002 524 sa:-

417 577 560 634 cula.
589 575 786 629 Amen.

489 664 579 721 96.
609 663 1054 720 Praecedentibus
1087 660 1307 734 quidem
1358 656 1726 721 sermonibus,
1755 669 1893 725 quos
1947 653 2002 710 in

415 757 594 829 prima
615 767 671 812 et
691 757 932 812 secunda
955 754 1225 810 centuriis
1248 752 1564 816 habuimus,
1603 757 1872 819 quantum
1897 747 2004 802 cla-

415 847 719 905 borandum
758 849 850 914 sit,
876 863 981 919 pro
1006 861 1158 902 sacra
1187 844 1390 899 mentis
1411 842 1594 912 quiete
1615 840 2000 911 comparanda,

416 940 816 1010 descripsimus
835 958 856 994 .:
932 954 1042 993 non
1099 938 1252 992 velut
1277 934 1477 1008 ingenii
1507 934 1686 989 nostri
1732 932 2002 988 culturam

414 1033 611 1095 solam,
644 1032 738 1086 sed
770 1045 1114 1100 quaecunque
1159 1027 1330 1084 divini
1365 1040 1648 1082 sermones
1670 1023 2003 1096 Patrum‘di-

415 1123 546 1178 vina
602 1122 938 1192 sapientium
997 1138 1098 1176 nos
1143 1121 1342 1175 docent
1388 1118 1457 1174 de
1492 1117 1737 1188 puritate
1778 1116 1999 1171 mentis.

415 1214 537 1272 Jam
559 1231 711 1279 vero,
738 1213 828 1271 ubi
861 1213 1049 1283 paucis
1077 1213 1278 1278 verbis,
1305 1211 1484 1281 quoad
1527 1210 1644 1265 ﬁeri
1673 1219 1877 1280 potest,
1905 1208 2003 1264 de-

418 1305 910 1360 monstraverimus
965 1312 1232 1372 quantum
1289 1302 1497 1355 oriatur
1531 1300 1743 1355 lucrum
1763 1315 1836 1355 .ex
1867 1315 2004 1362 con-

417 1396 648 1452 servatis.
664 1409 731 1448 ne
753 1401 973 1454 mentis,
1001 1392 1161 1446 linem
1189 1390 1404 1446 dicendi
1429 1389 1728 1446 faciemus.

491 1487 580 1542 97.
613 1484 768 1554 Quod
797 1490 1066 1554 superest,
1115 1481 1400 1546 adesdum,
1435 1481 1752 1552 quicunque
1784 1469 2003 1550 dfueris,

419 1589 478 1636 et
518 1595 745 1649 sequere
795 1592 901 1640 me,
964 1576 1030 1629 ad
1077 1574 1502 1645 contingendam
1541 1574 1756 1628 beatam
1803 1575 2004 1630 mentis

420 1666 916 1730 conservationem,
943 1670 1211 1733 exoptans
1244 1664 1296 1714 in
1330 1660 1527 1731 spiritu
1551 1661 1670 1716 dies
1697 1661 1884 1716 videre
1904 1662 2004 1717 bo-

415 1772 518 1814 nos
551 1775 564 1810 :
616 1765 670 1812 et
711 1755 920 1810 docebo
954 1763 1008 1809 te
1059 1753 1113 1807 in
1150 1754 1381 1808 Domino
1419 1753 1777 1825 conspicuam
1808 1768 2001 1824 opera-

416 1848 624 1907 tionem
657 1857 712 1904 et
744 1846 1222 1902 conversationem
1265 1845 1594 1915 spiritalium
1639 1855 1998 1917 potestatum.
2041 1849 2044 1852 ’

487 1939 578 1995 98.
608 1938 876 2004 Quoniam
902 1935 1077 2007 angeli
1111 1936 1256 1990 nulla
1285 1935 1574 2006 capientur
1597 1937 1852 1992 satietate
1877 1937 1998 1992 lau-

417 2031 584 2088 dandi
609 2029 905 2095 Creatoris,
932 2044 1112 2098 neque
1144 2043 1299 2082 mens
1331 2027 1670 2083 decertandi.
1711 2027 1777 2082 Et
1803 2044 1999 2100 quem—

415 2124 710 2180 admodum
737 2122 811 2176 illi
838 2121 1084 2192 corporis
1127 2129 1382 2190 expertes
1430 2119 1498 2175 de
1532 2119 1656 2176 cibo
1685 2120 1823 2175 nihil
1869 2130 2003 2176 sunt

415 2214 632 2272 solliciti
663 2234 676 2268 :
704 2216 778 2269 ita
802 2214 878 2278 hi,
910 2214 1038 2268 licet
1089 2229 1316 2284 corpore
1355 2212 1591 2284 praediti,
1648 2224 1760 2267 non
1807 2221 2004 2270 curant

413 2321 620 2371 escam,
651 2303 814 2360 modo
842 2305 898 2359 in
921 2303 1118 2360 cmlum
1155 2302 1506 2374 tranquillum
1559 2303 1780 2358 animus
1810 2303 2002 2376 ingre-

417 2397 620 2452 diatur.

487 2488 578 2542 99.
628 2485 748 2553 Quo
791 2487 952 2557 igitur
989 2487 1152 2541 modo
1207 2502 1460 2558 superna:
1499 2495 1806 2558 potestates
1853 2488 2000 2543 nulla

417 2585 676 2633 tenentur
696 2593 823 2630 cura
883 2579 1242 2649 pecuniarum
1291 2588 1385 2633 aut
1433 2579 1844 2649 possessionum
1876 2594 1891 2632 :
1925 2580 2000 2635 ita

414 2669 511 2738 qui
536 2668 903 2738 perspicacem
935 2669 1132 2724 anima:
1187 2669 1497 2724 facultatem
1526 2681 1916 2743 expurgarunt,
1947 2681 2002 2728 et

415 2770 808 2829 compararunt
835 2760 1082 2814 habitum
1111 2761 1348 2827 virtutis,
1405 2762 1548 2816 haud
1581 2773 1802 2827 curant,
1831 2777 1996 2833 quam

414 2850 559 2906 male
586 2859 946 2919 torqueantur
976 2865 1005 2904 a
1033 2851 1314 2920 Spiritibus
1353 2853 1726 2923 nequissimis.
1777 2854 1846 2908 Et
1889 2867 2000 2924 quo

413 2941 580 3000 modo
622 2952 825 2997 norunt
851 2943 955 2997 illa:
996 2942 1217 2997 divitias
1281 2945 1639 3014 promotionis
1688 2945 1740 2999 in
1777 2945 1947 2998 Deum
1983 2962 1996 2999 :

414 3028 498 3109 §ic
524 3041 580 3087 ct
609 3032 666 3086 hi
695 3042 1039 3103 perspectum
1063 3033 1268 3088 habent
1299 3050 1539 3089 amorem
1575 3035 1628 3088 in
1653 3033 1995 3100 Deum,nec-

414 3137 530 3177 non
557 3122 933 3178 'intensionem
971 3134 1026 3178 et
1071 3125 1448 3180 ascensionem
1498 3125 1806 3180 dilectionis
1870 3141 1998 3196 erga

417 3215 633 3270 Numen
669 3215 936 3270 divinum.
973 3217 1280 3281 Quinetiam
1312 3217 1576 3272 amatoria
1615 3218 2000 3288 etincxplebili

417 3307 740 3360 ascensione
774 3308 1010 3370 dilatati,
1040 3309 1109 3361 ob
1141 3318 1358 3380 gustum
1387 3310 1636 3364 divinum
1681 3317 1736 3364 et
1785 3311 2002 3366 deside-

418 3395 560 3448 rium
588 3396 642 3449 in
673 3412 904 3451 excessu
941 3399 1204 3468 positum,
1228 3416 1337 3452 non
1363 3402 1689 3468 subsistent,
1725 3402 1905 3457 donec
1933 3401 2000 3457 ad

418 3486 706 3558 Seraphim
757 3489 1126 3558 perveniant:
1161 3506 1342 3560 neque
1402 3492 1828 3564 fatigabuntura
1885 3495 2001 3550 dili-

416 3583 564 3652 genti
596 3581 979 3636 observatione
1002 3583 1216 3650 mentis,
1235 3593 1286 3637 et
1311 3585 1637 3640 exultatione
1655 3587 1995 3656 charissima,

416 3673 594 3728 donec
627 3673 805 3744 angeli
857 3673 990 3727 (iant
1033 3690 1129 3744 per
1170 3675 1356 3730 Jesum
1391 3677 1671 3733 Christum
1703 3677 1997 3736 Dominum

416 3775 607 3820 DOSU‘U
617 3749 689 3818 [111.

487 3856 610 3911 100.
640 3855 758 3910 Non
803 3866 887 3911 est
929 3874 1228 3925 venenum,
1277 3862 1422 3931 quod
1470 3875 1692 3934 superet
1725 3881 1996 3923 venenum

414 3948 614 4019 aspidis
649 3959 702 4004 et
725 3949 1002 4004 basilisci:
1036 3967 1220 4022 neque
1270 3954 1438 4008 ullum
1465 3965 1551 4010 est
1588 3957 1804 4022 vitium,
1851 3961 1997 4030 quod

414 4040 919 4112 νὶιιοειιφιλαυτίας
950 4045 1164 4099 vitium.
1205 4046 1440 4102 Fructus
1485 4065 1650 4119 porro
1720 4053 1996 4121 philautiae

416 4126 588 4183 hach
644 4146 748 4199 per
815 4133 1062 4186 omnium
1117 4150 1210 4188 ora
1243 4137 1538 4191 volitantes
1577 4157 1590 4192 :
1624 4141 1713 4209 qui
1747 4143 1992 4200 sunthi:

413 4215 603 4273 laudes
641 4222 724 4274 sui
751 4222 802 4274 in
835 4222 1016 4276 animo
1043 4223 1295 4289 latentes,
1322 4243 1503 4280 rerum
1537 4231 1780 4284 omnium
1802 4233 1995 4303 displi-

409 4310 613 4374 centia,
646 4313 852 4366 ventris
884 4313 1180 4383 ingluvies,
1209 4327 1484 4386 stuprum,
1523 4337 1661 4375 vana
1707 4323 1909 4392 gloria,
1938 4335 1994 4381 et

408 4401 654 4455 omnium
682 4414 872 4456 vertex
902 4405 1157 4474 superbia
1188 4425 1202 4460 :
1243 4423 1365 4476 qum
1395 4410 1622 4477 quidem
1652 4413 1803 4466 novit
1833 4429 1862 4468 e
1883 4430 1990 4470 ϐω·
2023 4441 2071 4505 D

408 4489 478 4545 lis
539 4493 816 4562 expellere
845 4509 954 4547 non
1015 4495 1194 4550 solum
1227 4497 1498 4565 homines,
1523 4502 1616 4555 sed
1640 4503 1801 4556 etiam
1822 4520 1990 4576 ange-

409 4576 515 4644 los,
540 4592 594 4637 et
641 4584 924 4653 caliginem
957 4603 1058 4656 pro
1114 4587 1233 4642 luce
1287 4589 1601 4645 obtruderc.
1644 4591 1772 4648 Ηιρεο
1810 4597 1875 4650 ad
1940 4605 1992 4654 te

406 4670 623 4734 scribit,
681 4671 980 4741 Theodule,
1025 4677 1118 4748 qui
1191 4683 1614 4750 cognominatur
1664 4683 1986 4758 Hesychius,

405 4759 537 4816 licet
578 4765 954 4833 operationem
1008 4770 1180 4839 ipsam
1252 4773 1323 4827 sit
1371 4776 1670 4831 ementitus
1707 4798 1727 4833 .:
1773 4790 1828 4835 at
1877 4799 1987 4840 non

399 4854 633 4908 omnino
687 4853 938 4919 fortasse,
999 4870 1268 4928 quatenus
1307 4865 1515 4919 scilicet
1541 4867 1685 4925 Deus
1740 4872 1982 4931 donavit.

402 4942 511 5011 Qui
541 4945 593 5000 in
629 4946 813 5012 Patre,
856 4957 909 5002 et
937 4947 1094 5010 Filio,
1127 4961 1182 5006 et
1215 4953 1420 5023 Spiritu
1441 4969 1632 5014 sancto
1656 4961 1907 5018 laudatur
1932 4973 1986 5021 et

401 5035 757 5107 gloriﬁcatur,
791 5055 822 5093 a
857 5043 1107 5096 rationali
1133 5053 1325 5100 natura
1370 5050 1686 5121 angelorum
1720 5061 1776 5107 et
1800 5055 1983 5111 homi-

401 5142 556 5195 num,
583 5145 804 5184 necnon
838 5133 906 5188 ab
943 5133 1198 5191 universa
1235 5147 1505 5206 creatura,
1553 5158 1715 5211 quam
1744 5145 1982 5202 fabrica-

399 5220 479 5275 vit
514 5237 716 5279 arcana
751 5223 1009 5293 Trinitas,
1047 5244 1192 5284 unus
1211 5230 1372 5286 Deus.
1401 5231 1570 5304 Cujus
1589 5249 1817 5306 regnum
1841 5253 1982 5308 pra:-

397 5311 602 5366 clarum
642 5313 850 5368 utinam
873 5326 927 5372 et
958 5333 1060 5374 nos
1111 5333 1534 5390 consequamur,
1563 5325 1820 5392 precibus
1873 5343 1976 5397 pu-

2101 468 2200 520 κιιὶ
2234 469 2288 521 οί
2317 469 2518 522 πιστοὶ
2569 469 2639 522 ἐν
2661 469 2865 541 ἀγάπῃ
2906 469 3361 540 «porum-050w
3413 469 3598 538 αὐτῷ.
3624 463 3698 545 ᾭ

2103 563 2136 632 ἡ
2159 560 2287 626 δόξα
2314 563 2392 624 είς
2423 563 2548 625 τοὺς
2575 562 2798 626 αίῶνας.
2826 564 3022 633 Ἀμήν.

2178 658 2294 720 [ις’.
2320 653 2412 706 Ἐν
2449 654 2550 724 μὲν
2574 657 2689 718 τοῖς
2708 654 2932 708 ὄπισθεν
2955 654 3132 723 λόγοις
3153 655 3268 719 τοῖς
3293 653 3356 709 έν
3391 652 3583 727 πρώτῃ
3604 655 3701 709 καὶ

2102 741 2336 816 δευτέρᾳ
2380 742 2736 808 έκατοντάδι,
2799 743 2926 806 τοὺς
2971 742 3072 815 τῆς
3128 743 3283 814 ἱερᾶς
3316 739 3408 796 νοῦ
3465 739 3698 812 ἡσυχίας

2105 837 2302 901 πόνους
2331 835 2724 908 συνετάξαμεν,
2777 835 2899 906 οὐχ).
2933 833 3203 906 γεώργιον
3231 833 3334 904 τῆς
3378 832 3521 903 ἐμῆς
3579 831 3701 886 δια·

2104 931 2254 993 νοίας
2278 928 2464 1001 μόνον,
2498 928 2614 983 ἀλλ’
2639 928 2784 1001 άπερ
2813 928 2910 982 καὶ
2930 928 2980 980 οί
3009 926 3121 980 τῶν
3150 925 3433 998 θεοσόφων
3454 924 3700 998 Πατέρες

2101 1021 2449 1078 διδάσκουσιν
2477 1023 2623 1095 ἡμᾶς
2651 1022 2785 1077 θεῖοι
2811 1022 2962 1092 λόγοι
2991 1022 3120 1094 περὶ
3149 1021 3242 1077 νοῦ
3294 1020 3695 1093 καθαρότητος.

2103 1115 2217 1172 Νῦν
2238 1117 2297 1171 δὲ
2331 1115 2507 1189 μικρὰ
2539 1115 2786 1179 εἰπόντες
2805 1116 2931 1170 ὅσον
2962 1115 3132 1181 δείξαι
3160 1115 3223 1170 τὸ
3256 1114 3449 1188 κέρδος
3472 1114 3575 1188 τῆς
3600 1112 3698 1170 τοῦ

2103 1208 2195 1262 νοῦ
2219 1207 2491 1281 φυλακῆς,
2518 1206 2614 1263 τοῦ
2639 1207 2822 1276 λέγειν
2844 1206 3195 1280 παυσόμεθα.

2175 1481 2284 1549 ιιζν.
2311 1480 2484 1555 Δεῦρο
2507 1481 2572 1554 δὴ
2599 1480 2784 1536 λοιπὸν
2806 1478 3092 1536 ἀκολούθει
3115 1496 3209 1551 μοι
3235 1477 3374 1551 πρὸς
3418 1477 3522 1549 τὴν
3571 1494 3698 1531 συν-

2103 1573 2300 1642 άφειαν
2354 1575 2452 1642 τῆς
2512 1570 2788 1643 μακαρίας
2817 1571 2910 1624 τοῦ
2966 1569 3059 1625 νοῦ
3108 1567 3418 1641 τηρήσεως,
3455 1568 3604 1632 ὅστις
3629 1567 3700 1622 ἂν

2103 1666 2242 1734 εἴης,
2279 1663 2374 1717 καὶ
2403 1664 2682 1717 ἐπιποθῶν
2731 1664 2788 1716 ὲν
2820 1661 3098 1733 πνεύματι
3128 1661 3344 1733 ἡμέρας
3400 1657 3531 1713 ίδέῖν
3558 1660 3700 1728 ἀγα-

2103 1755 2224 1823 θὰς,
2256 1757 2352 1812 καὶ
2375 1759 2434 1811 ὲν
2459 1756 2654 1830 Κυρίῳ
2681 1756 2879 1821 διδάξω
2915 1773 2974 1810 σε
3001 1754 3290 1827 ὁρωμένην
3315 1751 3583 1825 ἐργασίαν
3599 1751 3699 1806 καὶ

2101 1851 2380 1905 πολιτείαν
2411 1851 2612 1923 νοερῶν
2638 1850 2937 1919 δυνάμεων.

2176 1947 2287 2013 ιιην.
2327 1943 2403 1997 Οὐ
2432 1943 2540 2013 γὰρ
2569 1941 3000 2012 κορεσθήσονται
3022 1936 3246 2008 ἄγγελοι
3276 1936 3576 2009 ὑμνοῦντες
3602 1935 3695 1990 τὸν

2103 2035 2362 2106 Ποιητὴν,
2380 2033 2506 2088 οὔτε
2531 2031 2656 2097 νοῦς
2686 2030 3065 2103 ἁμιλλώμενος
3086 2049 3098 2062 ·
3129 2030 3224 2084 καὶ
3247 2030 3438 2099 ὥσπερ
3466 2029 3517 2082 οἱ
3541 2029 3693 2083 ἄῦλοι

2101 2126 2163 2180 οὗ
2196 2125 2540 2198 φροντίζουσι
2564 2124 2694 2195 περὶ
2723 2123 2952 2192 τροφῆς,
2973 2120 3149 2185 οὕτως
3176 2121 3299 2174 οὐδὲ
3327 2114 3475 2176 οὗτοι
3511 2121 3564 2173 ol
3609 2118 3707 2172 έν-

2106 2220 2224 2273 υλοι
2257 2220 2429 2290 αὐτῆς
2497 2217 2898 2290 φροντίζουσιν,
2930 2214 3048 2284 είγε
3095 2216 3153 2270 έν
3187 2213 3405 2287 οὐρανῷ
3456 2213 3693 2285 ἡσυχίας

2105 2310 2228 2377 νοῦς
2256 2310 2655 2366 εἰσελεύσεται.

2176 2483 2280 2552 ιιθν.
2322 2483 2534 2556 Ὥσπερ
2573 2482 2668 2538 οὖν
2707 2484 2762 2536 αἱ
2795 2483 2910 2538 ἄνω
2937 2481 3199 2551 δυνάμεις
3227 2479 3289 2534 οῦ
3341 2480 3690 2552 φροντίζουσι

2103 2579 2402 2651 χρημάτων
2430 2577 2464 2650 ἢ
2498 2577 2815 2648 κτημάτων,
2857 2575 3030 2637 οὕτως
3059 2573 3184 2627 οὔτε
3211 2574 3262 2626 οἱ
3288 2572 3349 2626 τὸ
3377 2573 3482 2642 τῆς⁴
3509 2571 3688 2642 ψυχῆς

2101 2666 2326 2719 ὀπτικὺν
2352 2664 2779 2734 ἐκκαθάραντες,
2798 2665 2857 2717 έν
2889 2662 2999 2730 ἕξει
3017 2667 3115 2735 τῆς
3138 2662 3343 2735 ἀρετῆς
3372 2662 3685 2732 γενόμενοι,

2101 2758 2162 2811 οὐ
2191 2757 2593 2828 μεριμνήσουσι
2624 2755 2754 2827 περὶ
2781 2755 3077 2818 κακώσεως
3111 2755 3220 2809 τῶν
3248 2753 3503 2826 πονηρῶν
3524 2770 3688 2808 πνευ-

2106 2851 2314 2921 μάτων.
2349 2851 2462 2903 Καὶ
2490 2849 2566 2914 ὡς
2599 2849 2827 2912 ἐκείνοις
2859 2847 3089 2921 φανερὸς
3128 2846 3230 2917 τῆς
3263 2847 3344 2911 είς
3393 2844 3529 2900 Θεὸν
3554 2863 3690 2917 προ-

2105 2943 2279 3014 κοπῆς
2306 2946 2334 2998 ὁ
2363 2943 2612 3008 πλοῦτος,
2649 2941 2791 2996 οὕτω
2832 2943 2926 2995 καὶ
2958 2944 3071 3006 τοῖς
3095 2941 3365 3004 τοιούτοις
3391 2941 3420 2995 ὁ
3443 2939 3524 3005 είς
3553 2938 3687 2996 Θεὸν

2105 3035 2335 3108 φανερὸς
2365 3035 2526 3106 ἔρως,
2575 3035 2672 3088 καὶ⁵
2703 3035 2736 3105 ἡ
2785 3035 2885 3104 τῆς
2945 3034 3166 3106 ἀγάπης
3194 3034 3294 3105 τῆς
3324 3033 3405 3097 είς
3427 3031 3490 3087 τὸ
3533 3029 3688 3087 Θετον

2102 3128 2340 3191 άτένισίς
2371 3145 2427 3180 τε
2455 3127 2550 3181 καῖ
2578 3127 2837 3190 ἀνάϐασις
2854 3143 2867 3157 ·
2902 3126 2981 3180 ἐτι
3003 3127 3060 3180 δὲ
3083 3125 3364 3198 ἐρωτικῶς
3389 3124 3484 3178 καὶ
3509 3122 3690 3195 ἀπλή-

2104 3236 2244 3283 στως
2271 3223 2336 3290 τῇ
2363 3219 2629 3273 ἀναϐάσει
2685 3219 3126 3289 ἑπεκτεινόμενοι
3165 3219 3230 3270 ἐκ
3264 3216 3508 3285 γεύσεως
3539 3215 3686 3269 θείου

2101 3311 2196 3363 καὶ
2229 3308 2552 3362 ἐκστατικοῦ
2588 3310 2777 3376 πόθου,
2815 3310 2874 3363 οὐ
2902 3309 3263 3380 σταθήσονται
3298 3309 3466 3380 μέχρι
3493 3307 3562 3362 τὰ
3585 3307 3683 3360 Σε-

2102 3402 2282 3474 ραφὶμ
2308 3401 2625 3472 φθάσουσιν,
2676 3401 2800 3455 οὐδὲ
2835 3401 3161 3454 κοπιάσουσι
3206 3402 3306 3472 τῆς
3335 3401 3429 3455 τοῦ
3475 3399 3568 3454 νοῦ
3600 3401 3689 3472 νή-

2099 3493 2268 3563 ψεως,
2305 3493 2399 3547 καὶ
2434 3493 2705 3565 ἐρωτικῆς
2745 3492 3030 3562 ύψώσεως,
3093 3491 3287 3563 μέχρις
3350 3491 3416 3546 ἂν
3461 3491 3682 3562 ἄγγελοι

2099 3584 2366 3654 γένωνται
2399 3585 2456 3636 ἐν
2485 3583 2706 3656 Χριστῷ
2735 3581 2909 3654 Ἰησοῦ
2938 3582 3017 3655 τῷ
3042 3583 3232 3653 Κυρίῳ
3255 3582 3436 3654 ἡμῶν.

2160 3861 2234 3926 ρ’.
2263 3856 2377 3909 Οὐκ
2400 3856 2551 3911 ἔστιν
2575 3855 2650 3921 ίὸς
2684 3855 2825 3929 ὑπὲρ
2856 3856 2931 3912 ἱὸν
2951 3855 3192 3911 ἀσπίδιον
3222 3854 3317 3908 καὶ
3343 3852 3682 3925 βασιλίσκου,

2098 3951 2196 4005 καὶ
2218 3953 2318 4006 οὐκ
2344 3952 2458 4006 ἔστι
2491 3952 2662 4006 κακία
2691 3953 2832 4024 ὑπὲρ
2860 3951 3060 4006 κακίαν
3094 3951 3398 4022 φιλαυτίας.
3416 3951 3594 4011 Τέκνα
3627 3948 3685 4003 δὲ

2098 4043 2388 4113 φιλαυτίας
2415 4042 2560 4114 ἔχεις
2589 4044 2883 4114 πετόμενα,
2912 4043 2949 4097 ἆ
3004 4045 3112 4098 είσι
3144 4043 3268 4097 τάδε
3294 4061 3308 4073 ·
3363 4042 3576 4094 ἔπαινοι
3623 4043 3684 4094 ἐν

2097 4139 2312 4209 καρδίᾳ,
2341 4137 2707 4207 ἀπαρέσκεια,
2739 4137 3153 4208 γαστριμαργία
3176 4176 3191 4203 ,
3246 4136 3494 4207 πορνεία,
3524 4152 3674 4190 κενο·
3731 4170 3769 4203 -_

2095 4228 2266 4294 δοξία,
2295 4230 2442 4300 καὶὴ
2469 4229 2704 4300 κορωνὶς
2757 4230 2975 4284 πάντων
3007 4229 3375 4300 ὑπερηφανία,
3408 4229 3532 4298 ἥτις
3584 4246 3682 4283 και⁹

2095 4321 2309 4390 τασπᾷν
2343 4319 2655 4383 ἐπίσταται,
2687 4321 2788 4374 οὑκ
2837 4319 3162 4392 ἀνθρώπους
3202 4322 3384 4392 μόνον,
3418 4320 3554 4375 ἀλλά
3583 4323 3680 4374 καὶ
3763 4372 3769 4376 .

2097 4412 2365 4480 ἀγγέλους
2391 4412 2450 4478 ἐξ
2479 4413 2749 4483 οὐρανῶν,
2805 4414 2898 4466 καὶ
2946 4414 3112 4482 ζόφον
3159 4415 3283 4467 ἀντὶ
3313 4415 3490 4484 φωτὸς
3521 4432 3680 4484 περι-

2095 4503 2334 4558 ϐάλλειν.
2359 4504 2547 4558 Ταῦτά
2571 4521 2676 4572 σοι,
2699 4504 2982 4569 Θεόδουλε,
3006 4506 3035 4558 ὁ
3076 4505 3306 4576 ἡσυχίας
3333 4503 3676 4576 φερώνυμος,

2093 4597 2141 4650 εί
2171 4596 2266 4649 καὶ
2294 4597 2395 4667 τῆς
2431 4596 2678 4667 πράξεως
2704 4597 3039 4666 διέψευσται,
3077 4596 3196 4651 ἀλλ’
3231 4595 3364 4660 ἴσως
3411 4597 3510 4667 οὐχ
3531 4597 3675 4661 ὅλον,

2091 4687 2206 4742 ἀλλ’
2235 4687 2263 4741 ὃ
2290 4687 2422 4751 Θεὸς
2437 4687 2678 4742 δέδωκεν
2709 4690 2738 4742 ὁ
2767 4691 2824 4743 ὲν
2862 4688 3059 4760 Πατρὶ,
3092 4689 3195 4742 καὶ
3232 4688 3366 4759 Υίῷ,
3415 4690 3510 4742 καὶ
3533 4689 3677 4762 ἁγίῳ

2094 4779 2374 4850 Πνεύματι
2399 4777 2718 4850 αἰνούμενός
2740 4795 2801 4832 τε
2828 4778 2923 4832 καὶ
2934 4777 3294 4849 δοξαζόμενος
3326 4779 3433 4833 ὑπὸ
3463 4781 3558 4851 τῆς
3583 4779 3673 4833 λου

2093 4871 2260 4941 γικῆς
2290 4871 2797 4940 φύσεως,ἀγγέλων
2829 4888 2889 4924 τε
2921 4871 3017 4924 καὶ
3035 4854 3342 4943 ἀνθρώπων
3368 4871 3466 4926 καὶ
3493 4872 3672 4944 πάσης

2093 4964 2346 5029 κτίσεως,
2379 4966 2446 5036 ἣν
2473 4966 2506 5035 ὴ
2533 4963 2772 5036 άρρητος
2796 4964 2966 5035 Τριάς
3001 4963 3500 5035 δεδημιούργηκεν⁹
3534 4967 3562 5018 ὁ
3589 4962 3674 5031 εἷς

2090 5055 2246 5122 Θεὸς,
2276 5051 2338 5111 οὗ
2355 5057 2451 5110 καὶ
2484 5059 2647 5128 ἡμεῖς
2672 5057 2771 5128 τῆς
2801 5056 3060 5128 λαμπρᾶς
3110 5055 3428 5126 βασιλείας,
3482 5057 3671 5127 εὐχαῖς

2086 5149 2186 5217 τῆς
2236 5149 2546 5220 ὑπεράγνου
2589 5148 2856 5201 Θεοτόκου
2883 5146 3165 5218 τύχοιμεν,
3193 5147 3295 5200 ,καὶ
3325 5147 3516 5218 εὐχαῖς
3560 5145 3670 5200 τῶν

2087 5238 2248 5293 ὁσίων
2282 5238 2542 5309 Ιιατέρων
2577 5236 2735 5309 ἡμῶν
2761 5253 2772 5266 ·
2795 5229 2839 5306 ᾧ
2861 5236 2981 5308 Θεῷ
3000 5238 3248 5310 ἀκιχὴτῳ
3278 5237 3406 5304 δόξα
3427 5237 3666 5300 αἰώνιος.

2095 5329 2288 5403 Ἀμήν.

334 5403 344 5426 ¹
397 5399 624 5503 rissima:
662 5405 926 5478 Deiparze,
989 5418 1416 5482 sanctorumque
1476 5411 1700 5471 Patrum
1757 5399 2231 5495 nostrorum.Cui
2275 5422 2389 5479 Deo
2442 5424 2981 5497 iucomprehensibili
3045 5427 3216 5498 gloria
3304 5428 3662 5503 sempiterna.

394 5489 587 5555 Amen.

361 5692 374 5730 ι
463 5656 506 5688 ³⁸
543 5671 675 5742 Sap.
699 5686 783 5738 ιιι,
815 5676 871 5733 9.
