4038 6226
399 332 551 402 τω

1582 338 1744 400 'HES
1753 338 1956 402 YCHII
2000 341 2477 405 PRESBYTER!

3495 361 3518 375 ’λ
3539 342 3672 412 1568

406 456 626 512 nientes
672 454 1020 528 Longlnlana
1066 453 1429 512 confessionis
1481 471 1786 526 sermones,
1838 459 1975 514 velut

2090 459 2236 531 ρίταί
2261 477 2407 523 τινες
2435 459 2656 530 ἄμωμοι
2683 458 2774 512 τὸν
2807 458 2951 531 ίερδν
2982 461 3076 514 τοῦ
3119 461 3362 533 Χριστοῦ
3407 468 3672 536 νυμφῶνα

397 547 716 617 margaritae
775 546 1023 616 quaedam
1073 546 1435 602 immaculata:
1485 557 1734 602 sanctum
1786 546 1988 604 Christi

406 636 620 692 Domini
657 635 958 690 thalamum
979 643 1325 702 exornantes,
1361 647 1493 692 sunt
1522 639 1856 693 conservati.

475 728 531 783 3.
571 725 759 796 Itaque
799 741 924 780 cum
969 725 1176 781 Pilatus
1227 727 1531 782 custodiam
1563 728 1638 798 (ὑὶ
1685 728 1988 799 postulatus

401 817 819 890 advigilaturam
853 817 1108 886 sepulcro
1145 817 1412 888 unigeniti
1451 817 1572 873 Filii
1617 819 1710 873 Dei
1737 818 1984 873 eamdem

391 909 718 981 petentibus
755 907 964 965 Judaais
997 910 1295 973 concessit,
1326 910 1439 966 dux
1471 925 1662 966 eorum
1709 910 1987 982 Longinus

329 1075 337 1081 ‘
402 1000 508 1057 fuit
543 1017 558 1055 :
591 999 862 1071 siquidem
897 1008 952 1056 et
983 999 1098 1070 ipse
1125 1015 1250 1056 cum
1279 1017 1378 1057 sua
1408 1003 1638 1058 cohorte
1662 1001 1984 1058 crucifixum

401 1092 774 1149 custodiverat
810 1111 825 1148 :
859 1108 1051 1148 verum
1082 1093 1277 1148 eodem
1312 1093 1428 1163 jam
1473 1094 1540 1149 ad
1582 1095 1746 1148 vitam
1796 1108 1985 1148 resur-

373 1184 586 1257 gendo
614 1199 862 1251 reverso,
893 1184 1359 1255 quemadmodum
1391 1185 1808 1256 Evangeliornm
1840 1184 1986 1240 Scri-

377 1284 580 1347 ptum
624 1284 1095 1341 commemorant,
1123 1283 1180 1330 et
1207 1275 1395 1330 relatis
1437 1291 1534 1346 per
1566 1277 1766 1331 milites
1793 1276 1858 1330 ad
1885 1275 1982 1331 Ju-

383 1367 647 1422 -da:orum
675 1366 951 1437 principes
977 1366 1046 1421 iis
1066 1381 1188 1435 quze
1211 1376 1360 1438 gesta
1382 1366 1597 1422 fuerant
1619 1367 1979 1434 mirabilibus,

389 1458 459 1513 :hi
489 1457 867 1514 confusionem
893 1473 1046 1512 suam
1075 1458 1218 1527 apud
1249 1459 1507 1528 populum
1531 1459 1908 1526 formidantes,
1929 1470 1984 1516 et

400 1550 638 1620 prodigii
669 1549 800 1604 tanti
819 1549 1120 1604 claritatem
1155 1549 1442 1620 cupientes
1467 1551 1834 1621 exstinguere,
1853 1567 1982 1622 pro-

400 1643 670 1697 miserunt
710 1640 975 1695 militibus
1015 1639 1372 1696 sufﬁcientem
1408 1644 1697 1712 pecuniam
1727 1660 1786 1700 se
1819 1645 1980 1700 datu-

398 1749 512 1798 ros,
550 1743 613 1789 ut
644 1733 1066 1790 resurrectionis
1109 1733 1576 1789 calumniarentur
1624 1736 1979 1805 mysterium;

2089 549 2439 621 κοσμοῦντες,
2471 550 2931 622 διεφυλάχθησαν.

2158 735 2227 800 γ’.
2257 728 2389 785 Ὀτι
2416 730 2597 785 τοίνυν
2621 732 2957 787 κουστωδίαν
2983 732 3234 805 αἰτηθεὶς
3267 735 3296 786 δ
3325 734 3556 800 Πιλᾶτος
3593 739 3672 801 είς

2087 822 2336 894 φυλακὴν
2379 821 2474 876 τοῦ
2521 824 2696 893 τάφου
2740 824 2835 877 τοῦ
2885 825 3214 894 μονογενοῦς
3241 825 3372 880 Υίοῦ
3409 827 3505 881 τοῦ
3534 831 3669 882 θεοῦ

2085 913 2308 980 ἔδωκεν,
2349 916 2615 985 Λογγῖνος
2641 911 2710 988 ἦν
2755 916 2938 971 αὐτῶν
2967 917 3198 988 ἔξαρχος
3226 936 3240 950 ·
3276 919 3439 984 αὐτὸς
3465 921 3573 992 γὰρ
3603 917 3672 994 ἦν

2085 1006 2180 1059 καὶ
2207 1005 2300 1061 τὸν
2332 1007 2566 1080 σταυρὸν
2590 1007 2686 1061 τοῦ
2715 1009 2957 1078 Χριστοῦ
2989 1009 3233 1079 φυλάξας
3266 1011 3406 1081 μετά
3432 1011 3541 1066 τῶν
3567 1014 3672 1068 ὑπ’

2085 1095 2252 1150 αὐτοῦ
2308 1096 2673 1167 στρατιωτῶν.
2691 1097 2856 1151 Ἀλλά
2901 1096 3000 1150 τοῦ
3029 1098 3271 1170 Χριστοῦ
3323 1100 3670 1172 πραχθείσης

2083 1190 2182 1258 τῆς
2207 1187 2578 1251 ἀναστάσεως,
2608 1187 2800 1258 ὥσπερ
2836 1189 2969 1258 ἡμῖν
2999 1190 3058 1242 αί
3087 1188 3197 1243 τῶν
3227 1189 3390 1243 θείων
3419 1191 3668 1261 Εὑαγγε·

2083 1279 2215 1332 λίων
2248 1279 2465 1348 Γραφαὶ
2491 1279 2838 1349 παρέδωκαν,
2871 1281 2966 1332 καὶ
3009 1279 3121 1333 τῶν
3165 1281 3517 1351 στρατιωτῶν
3556 1284 3667 1336 ἀπυ

2083 1368 2458 1439 αγγειλάντων
2505 1372 2618 1431 τοῖς
2661 1370 2923 1442 ἄρχουσιν
2973 1373 3070 1425 καὶ
3120 1371 3516 1442 πρεσϐυτέροις
3565 1377 3668 1445 τῇς

2095 1462 2386 1533 Ἰουδαϊκῆς
2410 1463 2720 1533 συμμορίας
2756 1465 2824 1518 τά
2850 1463 3121 1533 γενόμενα
3153 1463 3436 1534 θαύματα,
3467 1468 3666 1520 ἐκεῖνοι

2085 1551 2184 1622 μὲν
2205 1549 2583 1621 αἰσχυνθέντες
2605 1551 2699 1604 τὸν
2729 1551 2860 1604 λαὸν
2889 1551 2985 1605 καὶ
3011 1551 3206 1606 σδέσαι
3237 1554 3297 1606 το
3321 1552 3508 1622 θαῦμα
3539 1553 3666 1625 βου-

2081 1641 2320 1712 λόμενοι,
2352 1640 2592 1712 ἀργύρια
2645 1641 2808 1696 ίκανὰ
2852 1642 2968 1705 τοῖς
3023 1642 3388 1712 στρατιώταις
3431 1644 3665 1712 ἔδωκαν,

2066 1731 2223 1786 ’ὥστε
2253 1733 2657 1803 συκοφαντῆσαι
2681 1731 2777 1803 τὴν
2801 1731 3097 1787 ἀνάστασιν
3124 1732 3220 1786 τοῦ
3242 1735 3504 1806 Χριστοῦ,
3524 1736 3671 1792 οὕτω

397 1827 571 1883 multa
601 1841 818 1898 qunque
859 1824 978 1880 auri
1023 1823 1076 1881 vi
1105 1823 1248 1894 apud
1287 1823 1524 1880 Pilatum
1551 1835 1680 1881 sunt
1709 1827 1816 1893 usi,
1847 1837 1910 1881 ut
1933 1827 1975 1883 is

2081 1823 2156 1876 δὲ’
2182 1824 2276 1877 καὶ
2320 1823 2414 1874 τὸν
2463 1821 2695 1875 Πιλάτου
2723 1821 2975 1888 δέξασθαι
3008 1820 3106 1893 τὴν
3133 1824 3500 1892 συκοφαντίαν
3530 1826 3669 1896 χρή-

389 1917 728 1974 calumniam
763 1913 1126 1970 indiscussam
1175 1914 1498 1985 susciperet.
1531 1917 1604 1970 At
1645 1931 1758 1970 non
1791 1916 1984 1988 Longi-

395 2022 504 2064 nus
532 2007 798 2079 promissa
827 2021 1017 2062 eorum
1042 2007 1298 2061 antetulit
1322 2006 1564 2074 veritati,
1585 2021 1765 2078 neque
1788 2015 1980 2063 contra

394 2101 678 2158 Christum
716 2099 976 2171 pecunias
992 2098 1301 2166 admittere,
1328 2099 1414 2156 vel
1450 2098 1620 2154 Deum
1656 2115 1981 2155 mammonae

396 2193 661 2252 sustinuit
692 2192 1025 2265 posthabere
1055 2207 1072 2245 :
1109 2190 1394 2263 indignum
1432 2191 1637 2262 quippe
1665 2207 1724 2246 sc
1766 2191 1981 2261 judica-

382 2287 492 2342 bat
513 2285 830 2342 utavaritiae
853 2282 1102 2338 serviens
1126 2283 1180 2337 in
1209 2282 1368 2337 istam
1385 2280 1695 2338 lethiferam
1725 2285 1978 2353 abyssum

375 2393 520 2435 rsese
546 2376 909 2449 praecipitaret
943 2375 1267 2445 periturum,
1302 2382 1359 2429 et
1387 2372 1612 2429 falsitati
1639 2373 1793 2428 testis
1819 2387 1980 2428 acce-

394 2471 551 2527 deret
575 2469 837 2524 adversus
857 2466 1162 2530 Christum,
1190 2481 1288 2537 per
1305 2481 1468 2536 quem
1497 2466 1820 2521 resuscitato
1836 2465 1980 2520 Ada-

397 2579 488 2616 mo
513 2572 569 2617 et
593 2567 771 2616 morte
801 2566 1079 2630 perempta
1107 2557 1178 2614 ad
1207 2557 1372 2613 vitam
1405 2557 1666 2612 mortales
1690 2557 1978 2612 immorta-

400 2653 504 2708 lem
523 2651 927 2707 transferimus.

467 2746 522 2800 4.
565 2743 777 2798 Acriter
827 2757 891 2797 ea
946 2740 1174 2813 Longini
1221 2739 1530 2797 constantia
1591 2738 1866 2804 Pilatum,
1922 2751 1978 2796 et

389 2837 672 2909 principes
715 2833 1026 2890 Iudaeorum
1077 2833 1352 2904 pupugit:
1387 2843 1442 2888 et
1481 2833 1707 2888 insidias
1755 2831 1976 2903 quidem

385 2929 572 2984 eidem
602 2927 932 2994 tendebant;
966 2925 1061 2981 sed
1101 2925 1360 2995 quoniam
1400 2923 1568 2979 totius
1600 2924 1850 2979 militaris
1879 2937 1978 2978 co-

397 3023 571 3078 hortis
615 3019 1016 3076 illustrissimus
1054 3026 1194 3084 erat,
1229 3015 1614 3088 opportunitas
1662 3014 1837 3070 defuit
1883 3029 1977 3070 ex-

2085 1930 2219 1984 μασι
2250 1912 2466 1977 πολλοῖς
2503 1911 2750 1967 ἔπεισαν.
2783 1913 2857 1966 Οὐ
2889 1912 2996 1984 μὴν
3031 1915 3060 1966 ὀ
3087 1914 3353 1982 Λογγῖνος
3381 1915 3668 1986 προκρίνει

2080 2005 2172 2059 τὸν
2196 2003 2356 2071 λόγον
2390 2003 2492 2074 τῆς
2519 2003 2804 2075 ἀληθείας,
2830 2003 2952 2058 οὐδὲ
2979 2003 3120 2057 κατά
3145 2004 3240 2057 τοῦ
3271 2005 3512 2076 Χριστοῦ
3538 2007 3654 2076 λαμ⁴

2080 2097 2236 2152 σάνει
2261 2097 2485 2168 χρυσὸν,
2527 2096 2652 2150 οὐδὲ
2707 2097 2800 2150 τὸν
2832 2098 3144 2167 μαμμωνᾶν
3171 2096 3266 2149 τοῦ
3293 2095 3431 2150 Θεοῦ
3463 2099 3668 2168 προθυ-

2084 2189 2254 2260 μῆσαι
2282 2187 2613 2259 ὑπέμεινεν,
2653 2188 2774 2242 οὐδὲ
2813 2190 2880 2260 τῇ
2916 2187 3201 2260 πλεονεξίᾳ
3259 2188 3553 2252 δουλωθεὶς
3583 2191 3666 2252 εἰς

2079 2281 2171 2335 τὸν
2200 2281 2402 2352 ταύτης
2435 2280 2597 2352 βυθὸν
2629 2281 2719 2333 τὸν
2749 2278 3123 2334 πολυθάνατον
3150 2279 3403 2345 ὤλισθεν,
3434 2281 3494 2333 ού
3521 2283 3665 2335 κατά

2061 2371 2317 2444 Χριστοῦ
2353 2373 2721 2444 συκοφαντίας
2753 2372 2850 2426 τοῦ
2883 2371 3117 2443 ψεύδους
3151 2373 3433 2444 ἠνέσχετο,
3457 2373 3550 2426 τοῦ
3573 2375 3666 2427 τὸν

2061 2469 2264 2540 ΔἈδὰμ
2298 2469 2614 2540 ἐγείραντος
2658 2468 2755 2520 καὶ
2799 2465 2892 2521 τὸν
2940 2466 3177 2523 θάνατον
3219 2468 3528 2537 σφάξαντος
3570 2469 3666 2521 καὶ

2077 2560 2202 2624 τοὺς
2231 2559 2462 2632 θνητοὺς
2494 2556 2840 2624 ζωὼσαντος.

2147 2736 2208 2791 δ’.
2251 2737 2395 2808 Πρὸς
2435 2735 2609 2791 ταῦτα
2641 2739 2670 2791 ὁ
2727 2736 2957 2800 Πιλάτος
3013 2738 3108 2791 καὶ
3155 2739 3205 2791 oi
3253 2737 3508 2793 δυνάσται
3554 2739 3664 2794 «Iw

2085 2828 2359 2883 Ἰουδαίων
2397 2829 2768 2897 κεντούμενοι,
2798 2827 3029 2898 ἐζήτουν
3068 2829 3366 2900 ἐπιϐουλὴν
3391 2832 3533 2885 κατὰ
3561 2831 3656 2884 τοῦ

2079 2921 2354 2992 μακαρίου
2383 2921 2674 2992 Λογγίνου.
2714 2922 2808 2975 καὶ
2839 2923 2939 2976 οὐκ
2969 2915 3118 2992 είχον
3148 2923 3371 2993 καιρόν·
3399 2919 3469 2996 ἦν
3499 2925 3607 2996 γὰρ
3632 2927 3663 2979 δ

2075 3013 2338 3083 Λογγῖνος
2373 3013 2502 3083 ὅλης
2527 3015 2626 3085 τῆς
2655 3014 3054 3084 στρατιωτικῆς
3088 3014 3372 3083 φάλαγγος
3401 3016 3662 3088 ἐπισημό-

394 3115 606 3185 plendaa
657 3110 987 3173 iracundiae,
1044 3123 1210 3178 quam
1258 3116 1449 3162 contra
1487 3105 1734 3161 veritatis
1776 3115 1970 3160 testem

2078 3124 2254 3179 τερος.
2273 3107 2493 3179 Ἐπειδὴ
2534 3107 2592 3161 δὲ
2625 3107 2895 3178 ἐϐουλήθη
2943 3105 3083 3173 ὅλως
3119 3108 3356 3180 Χριστοῦ
3383 3111 3657 3178 γενέσθαι.

393 3210 782 3275 conceperant.
813 3205 909 3256 Ast
935 3200 1029 3255 ille
1061 3207 1235 3254 totum
1266 3214 1324 3254 se
1350 3197 1571 3254 Christo
1611 3197 1830 3253 tradere
1877 3212 1974 3251 cu-

396 3298 552 3368 piens
584 3294 654 3368 (c)
685 3292 947 3349 Caesarem
976 3291 1186 3345 militiae
1218 3305 1412 3344 zonam
1452 3288 1622 3352 exuit,
1652 3297 1708 3345 et
1753 3287 1822 3342 de
1866 3302 1976 3343 cae-

395 3400 515 3444 tero
543 3385 688 3442 domi
721 3399 781 3440 se
807 3381 1079 3438 continuit
1104 3397 1236 3446 suae,
1274 3396 1398 3435 cum
1433 3380 1648 3436 duobus
1687 3378 1971 3446 militibus,

392 3480 487 3552 qui
545 3486 600 3534 et
643 3476 748 3548 ipsi
793 3474 964 3530 beata:
1017 3471 1380 3529 confessionis
1420 3479 1708 3526 consortes
1749 3468 1972 3538 allecti,

393 3583 676 3644 praecones
697 3566 955 3623 exstitere
980 3580 1173 3620 eorum
1199 3579 1322 3634 qua:
1342 3561 1594 3618 viderant
1613 3570 1668 3618 et
1692 3562 1978 3618 audierant

393 3661 719 3718 terribilium
747 3657 1051 3730 signorum.
1086 3654 1292 3710 Deinde
1315 3667 1466 3720 vero,
1502 3651 1872 3726 Hierosolyma
1895 3669 1976 3708 re-

390 3756 541 3817 licta,
572 3764 827 3809 reversus
847 3764 972 3805 cum
1010 3747 1204 3803 iisdem
1241 3753 1345 3813 est,
1387 3755 1444 3801 et
1473 3745 1654 3803 factus
1689 3747 1975 3819 Cappado-

391 3859 516 3898 cum
559 3840 766 3914 regioni
797 3839 1038 3910 optimus
1064 3839 1412 3910 praedicator,
1442 3838 1585 3894 sicut
1612 3838 1853 3895 Thomas
1884 3837 1975 3893 ln-

366 3951 368 3954 ’
393 3935 498 4000 dis,
527 3932 789 3990 Romanis
819 3932 1036 3997 Petrus,
1070 3930 1327 3986 Asiaticis
1353 3927 1627 3995 Joannes,
1663 3929 1865 3985 Paulus
1905 3931 1973 3986 ab

391 4024 783 4096 Hierosolymis
816 4023 890 4097 (ά)
937 4023 1005 4078 ad
1047 4023 1318 4094 lllyricum
1351 4036 1545 4092 usque,
1577 4032 1632 4078 et
1671 4023 1766 4078 alii
1809 4022 1970 4091 aliis;

383 4117 666 4173 Christum
708 4114 1040 4170 annuntians
1063 4153 1079 4179 ,
1115 4122 1172 4168 et
1200 4127 1322 4182 quae
1346 4121 1569 4182 propter
1599 4113 1778 4184 ipsum
1806 4123 1973 4184 atque

393 4210 448 4264 in
485 4210 605 4282 ipso
635 4208 776 4264 facta
803 4214 963 4263 erant
991 4203 1248 4276 mysteria
1273 4203 1582 4276 divulgans.

462 4327 514 4380 5.
553 4323 778 4381 Pessimi
809 4330 992 4378 autem
1012 4319 1187 4377 Judaei
1217 4321 1336 4377 zelo
1357 4319 1676 4376 inflammati
1697 4330 1752 4376 et
1771 4320 1970 4378 stimu-

389 4417 482 4473 lati
513 4417 611 4482 ira,
641 4413 870 4487 Longini
885 4411 1286 4469 confessionem
1311 4427 1410 4482 per
1433 4427 1624 4466 omnes
1656 4412 1762 4468 late
1790 4420 1970 4483 partes

2077 3198 2372 3253 ἀποδύεται
2403 3198 2504 3270 τὴν
2540 3197 2718 3270 ζώνην
2764 3199 2860 3252 τοῦ
2911 3199 3206 3271 Καίσαρος,
3241 3202 3335 3254 καὶ
3363 3201 3554 3254 λοιπὸν
3601 3204 3660 3254 ἐν

2071 3289 2208 3360 οἴκῳ
2241 3289 2476 3362 κάθηται
2507 3291 2646 3361 μετὰ
2671 3289 2782 3343 τῶν
2801 3290 2894 3342 δύο
2926 3292 3296 3363 στρατιωτῶν,
3325 3294 3542 3356 οἵτινες
3561 3294 3660 3346 σὺν

2073 3380 2228 3451 αὐτῷ
2260 3382 2354 3435 καὶ
2381 3381 2480 3452 τῆς
2517 3383 2796 3452 μακαρίας
2822 3384 3071 3452 ἐγένοντο
3096 3383 3381 3454 ἀθλήσεως
3413 3384 3658 3456 συγκληο

2077 3474 2293 3546 ρονόμοι
2315 3514 2331 3538 ,
2366 3474 2608 3546 κήρυκες
2640 3475 2920 3544 γενόμενοι
2945 3468 3020 3528 ὧν
3055 3474 3163 3529 ἴδον
3196 3493 3255 3529 τε
3289 3477 3382 3529 καὶ
3419 3479 3656 3550 ἀκηκὸαο

2076 3583 2160 3620 σιν
2194 3563 2441 3636 φοϐερῶν
2468 3565 2789 3637 τεραστίων.
2821 3566 2932 3620 Καὶ
2966 3566 3282 3620 καταλιπὼν
3313 3569 3412 3641 τὴν
3455 3569 3655 3640 Ἰερου-

2076 3658 2257 3730 σαλὴμ
2283 3658 2612 3731 ἀνέστρεψεν
2647 3661 2745 3714 σὺν
2771 3660 2975 3725 αὐτοῖς,
3010 3660 3106 3714 καὶ
3133 3661 3343 3730 γίνεται
3383 3666 3450 3735 τῇ
3499 3665 3657 3717 Καπ-

2074 3753 2326 3808 παδόκων
2371 3753 2525 3825 χώρᾳ
2575 3751 2752 3824 κήρυξ
2783 3755 3004 3826 ἄριστος
3025 3771 3040 3786 ο
3069 3753 3257 3826 ὥσπερ
3303 3755 3506 3826 Θωμᾶς
3542 3759 3656 3822 τοῖς

2086 3844 2285 3910 Ἰνδοῖς,
2303 3843 2591 3914 Ῥωμαίοις
2639 3844 2696 3898 δὲ
2747 3846 2970 3916 Πέτρος,
2990 3846 3260 3912 Ἀσιανοῖς
3285 3845 3340 3901 δὲ
3379 3848 3652 3918 Ἰωάννης,

2074 3933 2288 3999 Παῦλος
2327 3935 2436 3988 ἀπὸ
2475 3935 2833 4006 Ἰερουσαλὴμ.
2861 3938 2954 3990 καὶ
2999 3937 3164 4010 μέχρι
3198 3938 3294 3993 τοῦ
3334 3940 3652 4011 Ἰλλυρικοῦ,

2073 4027 2168 4081 καὶ
2199 4027 2360 4091 ἄλλος
2391 4026 2593 4093 ἄλλοις,
2627 4028 3119 4101 εὐαγγελιζόμενος
3142 4031 3234 4086 τὸν
3267 4033 3525 4105 Χριστὸν,
3560 4035 3656 4087 καὶ

2071 4115 2140 4169 τὰ
2168 4115 2298 4189 παρ’
2323 4115 2511 4184 αὑτοῦ,
2543 4116 2638 4170 καὶ
2671 4117 2760 4169 ἐπ’
2790 4117 2938 4189 αὐτῷ
2966 4121 3330 4191 πεπραγμένα
3356 4122 3651 4194 μυστήρια.

2138 4318 2201 4367 ε’.
2245 4313 2307 4365 οι
2335 4311 2392 4366 δὲ
2426 4312 2654 4384 πονηροὶ
2689 4312 2934 4369 Ἰουδαῖοι
2969 4316 3248 4387 καιόμενοι
3268 4317 3345 4389 τῷ
3366 4317 3532 4390 ζήλῳ,
3557 4321 3652 4373 καὶ

2071 4402 2148 4474 τῷ
2199 4403 2355 4474 θυμῷ
2397 4404 2765 4475 κεντούμενοι,
2797 4405 2894 4478 τὴν
2939 4407 3033 4461 τοῦ
3080 4410 3353 4481 μακαρίου
3382 4412 3650 4480 Λογγίνου

385 4508 719 4578 divulgatam
740 4519 998 4576 superare
1025 4520 1133 4560 non
1165 4512 1461 4576 potuerunt
1495 4523 1507 4558 :
1543 4518 1712 4572 quare
1738 4505 1805 4558 ad
1828 4503 1970 4574 prio-

2078 4495 2378 4566 μαρτυρίαν
2425 4495 2748 4567 πολυμερῶς
2795 4498 2897 4568 ήδη
2945 4497 3046 4569 τῆς
3096 4498 3203 4570 γῆς
3247 4499 3651 4572 διαδραμοῦσαν

389 4612 479 4651 res
511 4612 637 4651 suas
666 4606 814 4652 artes
831 4596 1104 4663 conversi,
1144 4595 1378 4653 Pilatum
1412 4596 1700 4659 inducunt,
1731 4604 1792 4650 ut
1817 4595 1966 4650 Lon-

380 4686 579 4756 ginum
625 4684 760 4740 falso
787 4685 1172 4741 criminaretur
1195 4684 1338 4758 apud
1380 4685 1652 4741 Caesarem
1683 4698 1782 4754 per
1819 4683 1965 4738 litte-

395 4795 514 4844 ras;
545 4778 688 4847 quod
719 4776 898 4831 alieno
927 4777 995 4831 ah
1016 4777 1242 4848 imperio
1266 4778 1640 4833 Romanorum
1666 4777 1849 4830 animo
1871 4775 1967 4830 mi-

378 4868 570 4923 ;litaria
625 4863 1047 4934 contempsisset
1092 4866 1356 4938 insignia,
1387 4875 1444 4922 et
1464 4867 1741 4923 Christum
1781 4881 1962 4936 regem

376 4961 645 5034 gentibus
686 4957 1024 5031 praedicaret,
1059 4973 1234 5030 eaque
1283 4959 1638 5030 persuasione
1672 4958 1784 5028 jam
1815 4971 1963 5012 nunc

378 5053 670 5126 implesset
701 5049 938 5124 patriam
966 5064 1121 5105 suam
1165 5050 1501 5106 universam.
1533 5047 1670 5104 Cum
1698 5046 1849 5102 hisce
1877 5046 1968 5102 lit-

2070 4589 2360 4659 καρτερεῖν
2384 4589 2486 4641 οὐκ
2513 4587 2796 4658 ἠδύναντο.
2820 4589 2862 4642 Τ
2866 4589 2955 4643 ότε
2986 4589 3266 4645 πείθουσιν
3295 4593 3388 4644 τὸν
3419 4591 3651 4645 Πιλάτον

2067 4678 2236 4749 ψευδῆ
2271 4680 2412 4732 κατᾶ
2442 4678 2538 4732 τοῦ
2570 4680 2842 4749 μακαρίου
2871 4681 3136 4750 Λογγίνου
3170 4683 3381 4754 γράψαι
3408 4682 3486 4754 τῷ
3516 4685 3654 4738 Καί-

2071 4789 2220 4843 σαρι,
2252 4773 2336 4826 ὅτι
2375 4770 2476 4843 τῆς
2510 4771 2797 4843 Ῥωμαίων
2847 4772 3124 4844 βασιλείας
3155 4773 3414 4846 ἀλλότρια
3443 4779 3650 4845 φρονεῖ,

2069 4867 2166 4920 κει.)⁸
2205 4864 2489 4936 ἀμελήσας
2538 4865 2646 4918 τῶν
2702 4866 3018 4937 πολεμικῶν
3063 4867 3245 4922 ὅπλων
3289 4869 3383 4921 τὸν
3414 4869 3653 4940 Χριστὸν

2071 4955 2332 5026 κηρύττει
2380 4955 2615 5010 Βασιλέα
2657 4959 2770 5020 τοῖς
2801 4959 3044 5024 ἔθνεσιν,
3072 4959 3168 5013 καὶ
3213 4959 3316 5029 ἤδη
3365 4959 3474 5011 τῶν
3520 4963 3652 5030 περὶ

2070 5046 2260 5101 τούτου
2293 5047 2467 5118 λόγων
2508 5050 2609 5120 τὴν
2655 5048 2848 5103 ἑαυτοῦ
2893 5051 3128 5121 πατρίδα
3158 5052 3252 5104 καὶ
3280 5048 3466 5122 χώραν
3491 5051 3653 5122 ἐπλή-

1903 5220 2135 5280 NOTAE.

459 5320 535 5390 (ὁ)
574 5319 794 5377 Graecus
828 5318 1062 5374 Matthxi
1107 5318 1376 5390 interpres
1406 5325 1724 5390 consuetam
1761 5315 1964 5390 Roma-

391 5385 477 5447 nae
509 5385 713 5446 militias
739 5398 1050 5460 vocem.et
1083 5388 1227 5460 apud
1252 5385 1474 5460 exteras
1507 5386 1670 5440 etiam
1712 5385 1966 5460 nationes

394 5462 647 5514 usitatam
667 5501 682 5524 ,
715 5458 1070 5527 κουστωδίαν,
1100 5455 1416 5527 usurpavit;
1467 5465 1525 5510 ut
1568 5465 1730 5527 recte
1762 5455 1963 5510 Menam

395 5523 817 5600 interpretentur
835 5529 958 5600 ἣτις
977 5523 1046 5600 ἢν
1057 5523 1257 5600 τάγμα-
1270 5527 1660 5600 στρατιωτικᾴν
1679 5541 1692 5555 ·
1721 5525 1790 5580 ita
1818 5542 1964 5600 nunc

394 5596 620 5666 barbare
649 5599 847 5651 milites
861 5596 1031 5653 alicui
1065 5599 1140 5653 rei
1175 5597 1261 5651 vel
1286 5611 1535 5666 persona:
1568 5596 1634 5650 ad
1661 5597 1964 5654 custodiam

394 5665 682 5736 deputatus
707 5666 940 5736 dicimus
968 5668 1272 5736 guardiam.

467 5730 538 5804 (ε)
577 5730 710 5785 Acta
753 5730 1098 5802 letaphrasti
1161 5735 1394 5802 ascripta
1440 5751 1452 5784 :
1506 5734 1796 5789 secessisse
1841 5750 1966 5789 eum

2071 5315 2264 5388 dicunt
2291 5325 2353 5370 ut
2377 5313 2591 5370 Iudaici
2643 5315 2835 5388 populi,
2859 5315 3298 5388 congressionem
3328 5315 3650 5384 declinaret,

2071 5385 2533 5456 intellegtogquam
2560 5385 2796 5456 graviter
2824 5387 2872 5440 is
2899 5385 3001 5456 sibi
3028 5396 3175 5442 esset
3204 5386 3468 5456 infensus.

2145 5454 2220 5525 (τί)
2265 5453 2370 5508 Sed
2390 5453 2496 5526 ‘diu
2526 5453 2810 5525 postquam
2842 5471 2872 5510 e
2898 5455 3080 5512 Judaea
3123 5465 3347 5511 sanctus
3374 5455 3651 5526 Longinus

2071 5524 2434 5580 secessisset:
2474 5524 2682 5596 Pilatus
2729 5526 2875 5580 enim
2903 5565 2917 5591 ,
2963 5529 3066 5581 sub
3108 5541 3219 5596 quo
3269 5526 3358 5580 ille
3413 5524 3606 5595 passus
3635 5569 3648 5591 ,

2073 5597 2225 5663 prius
2285 5596 2428 5665 apud
2477 5595 2646 5665 Syria:
2697 5596 2981 5664 praesiJem
3031 5595 3320 5650 accusatus
3365 5605 3421 5650 et
3473 5596 3652 5650 officio

2074 5672 2291 5718 amotus
2329 5673 2434 5728 est,
2466 5680 2627 5733 quam
2658 5680 2929 5735 eo_usque
2961 5666 3159 5722 Paulus
3192 5675 3524 5730 excurreret,
3554 5678 3649 5722 aut

2077 5735 2302 5787 ltomam
2337 5749 2396 5788 se
2426 5735 2702 5788 conferret
2728 5733 2922 5792 Petrus
2954 5736 3241 5791 Antiochia
3275 5735 3485 5789 relicta.
