3968 6220
493 355 631 418 1549

1634 348 1694 407 S.
1728 345 2051 408 LONGINI
2092 344 2575 407 MARTYRIUM.

3594 339 3614 402 1
3626 340 3728 403 550

495 481 690 535 ρωσεν.
725 462 865 534 Πρὸς
890 461 1097 524 τούτοις
1128 463 1235 524 τοῖς
1258 460 1552 531 γράμμασι
1578 455 2061 512 συναποστέλλουσι

2178 455 2299 510 teris
2335 465 2389 510 et
2417 455 2680 525 pecunias
2708 453 2930 508 mittunt
2965 460 3021 506 et
3045 451 3271 526 Longini
3306 460 3534 504 mortem
3564 451 3731 520 depo-

495 556 592 610 καὶ
620 556 894 625 χρήματα,
925 555 1018 606 καὶ
1038 554 1128 606 τὸν
1151 552 1411 620 Λογγίνου
1441 550 1670 604 θάνατον
1699 547 2056 615 ἐξαιτοῦνται,

495 641 782 704 τάς.ἀκοάς
806 643 1077 712 Καίσαρος
1107 641 1547 712 ὑφαρπάσαντες.
1575 639 1685 692 Καὶ
1713 639 1776 709 δὴ
1806 637 2060 709 βασιλικὰ

497 732 800 801 γράμματα
842 733 923 795 είς
963 731 1059 801 τὴν
1102 730 1357 784 Ἰουδαίαν
1397 729 1475 800 τῷ
1508 729 1722 800 Πιλάτῳ
1749 729 2061 800 κομίζονται

496 824 637 878 κατά
668 825 929 892 Λογγίνου
964 824 1061 877 καὶ
1086 823 1193 877 τῶν
1229 824 1325 877 σὺν
1361 822 1530 892 αὐτῷ,
1561 821 1637 884 ὼς
1664 823 1747 874 ὅτι
1775 822 1824 874 οἱ
1850 820 1921 874 τά
1951 820 2062 875 τῶν

497 914 1110 986 δπλων.ἀμελήσαντες,
1139 914 1283 982 ξίφει
1326 915 1424 977 τὰς
1475 912 1716 982 κεφαλάς
1758 911 2063 966 ἀποθέσθαι

498 1005 997 1076 κελεύωμεν.”οθεν
1043 1007 1246 1077 σπουδῇ
1277 1005 1446 1076 πολλῇ
1478 1008 1588 1068 τοῖς
1621 1004 1729 1059 τῶν
1759 1003 1935 1073 φόνων
1961 1003 2065 1056 ὐπ-

498 1095 721 1166 ηρέταις
748 1097 776 1150 ὁ
799 1095 1026 1158 ιΙιλάτος
1055 1094 1356 1166 ἐγχειρίζει
1384 1094 1451 1148 τὰ
1477 1095 1780 1166 γράμματα
1807 1093 1901 1147 τοῦ
1929 1093 2066 1147 Καί-

501 1203 685 1256 σαρος.
711 1187 773 1238 Ui
801 1185 856 1239 δὲ
884 1186 1046 1255 τάχος
1079 1183 1390 1250 διαϐάντεςτ
1411 1187 1510 1256 τὴν
1543 1185 1651 1238 τῶν
1683 1185 2066 1239 Καππαδόκων

500 1277 604 1346 γῆν
640 1276 929 1345 φθάνουσιν
949 1292 964 1308 ο
996 1277 1090 1330 καὶ
1121 1276 1382 1346 μαθόντες
1423 1279 1481 1329 ἐν
1526 1276 1680 1347 ἀγρῷ
1714 1273 1950 1346 πατρῴῳ
1975 1275 2077 1338 τὸν,

500 1370 762 1436 Λογγῖνον
814 1367 1154 1436 φιλοσοφεῖν,
1201 1369 1296 1421 καὶ
1345 1367 1445 1438 τὴν
1487 1367 1713 1438 ἡσυχίαν
1760 1366 2064 1430 ἀσκεῖσθαι,

501 1461 717 1512 πάντων
749 1459 858 1512 τῶν
887 1459 1182 1512 πολιτικῶν
1221 1458 1564 1530 πραγμάτων
1605 1458 1800 1512 ἑαυτὸν
1826 1457 2068 1510 ἀπα).λά-

505 1549 688 1614 ξαντα.
731 1550 835 1602 Τὸν
875 1550 1043 1620 ἀγρὸν
1085 1551 1283 1604 αὐτίκα
1323 1549 1855 1618 καταλαμϐάνουσιν,
1890 1551 2068 1620 ἡσυχῇ

503 1639 563 1692 τὸ
595 1639 878 1708 ἐπίταγμα
906 1640 1141 1693 Πιλάτου
1180 1641 1274 1693 καὶ
1295 1639 1568 1709 Καίσαρος
1607 1638 1915 1691 ἐπιτελέσαι
1948 1638 2070 1708 ﬂou-

502 1731 740 1800 λόμενοι,
766 1729 906 1782 ὥστε
936 1729 1011 1801 μὴ
1031 1731 1113 1794 είς
1147 1729 1329 1800 φυγὴν
1354 1729 1445 1782 τὸν
1477 1730 1742 1797 Λογγῖνον
1767 1727 2066 1799 τραπῆναι.

2160 560 2351 618 scunt,
2384 551 2605 620 suisque
2643 547 2931 604 calumniis
2979 561 3142 601 aures
3182 553 3513 614 occupantes
3551 544 3731 599 Casa-

2159 659 2301 711 reas,
2325 642 2670 714 imperatoria
2696 641 2948 694 mandata
2971 637 3023 693 in
3053 638 3295 694 Judmam
3323 645 3510 691 contra
3535 637 3734 708 Longi-

2161 752 2292 792 num
2314 735 2561 790 referunt
2586 735 2654 788 ad
2683 733 2946 796 Pilatum;
2978 733 3178 802 quibus
3206 731 3384 801 gladio
3430 730 3485 783 in
3515 745 3611 784 eos
3646 731 3736 799 ju-

2160 827 2392 884 bebatur
2432 826 2892 887 animadvertere,
2928 824 3018 894 qui
3071 822 3316 877 militiam
3345 822 3734 876 deseruissent.

2164 917 2267 973 Eas
2290 918 2496 972 litteras
2511 917 2714 972 Pilatus
2731 916 2992 970 continuo
3011 914 3229 969 tradidit
3257 913 3494 980 probatis
3507 912 3737 966 emdium

2163 1025 2195 1064 a
2222 1026 2282 1066 se
2307 1011 2710 1081 designatarum
2741 1007 3008 1062 ministris
3047 1024 3060 1059 :
3101 1006 3203 1075 ipsi
3242 1019 3374 1058 vero
3417 1003 3738 1058 festinanter

2165 1101 2507 1156 discedentes
2555 1110 2923 1170 pervenerunt
2970 1099 3024 1152 in
3079 1095 3505 1167 Cappadociam,
3557 1095 3738 1163 ibique

2167 1193 2473 1248 didicerunt
2508 1192 2806 1263 Longinum
2842 1199 3070 1261 paterno
3098 1189 3152 1242 in
3187 1203 3318 1257 agro
3347 1188 3736 1257 philosolihari.

2168 1295 2223 1339 et
2257 1284 2477 1338 urbanis
2521 1284 2752 1352 negotiis
2792 1283 3048 1351 curisque
3090 1280 3388 1344 abdicatis,
3427 1280 3613 1333 animo
3645 1293 3743 1348 per

2167 1376 2406 1446 quietem
2435 1376 2738 1430 exercendo
2776 1389 2984 1427 vacare.
3019 1373 3220 1442 Agrum
3266 1372 3447 1440 itaque
3488 1371 3742 1423 etimde

2169 1467 2390 1531 adeunt,
2433 1466 2840 1532 decernuntque
2883 1464 3037 1516 Pilati
3073 1479 3134 1517 ac
3171 1462 3399 1518 Caesaris
3441 1462 3744 1532 iussionem

2171 1571 2294 1610 cum
2340 1553 2555 1610 silentio
2586 1552 2828 1621 exsequi,
2866 1567 2936 1605 ne
2970 1551 3107 1606 forte
3145 1553 3198 1604 in
3232 1551 3412 1620 fugam
3447 1567 3745 1606 conversus

2172 1647 2468 1718 Longinus,
2517 1645 2770 1699 manibus
2808 1643 2924 1697 suis
2968 1642 3272 1711 eriperetur
3302 1660 3317 1694 :
3347 1642 3489 1696 unde
3544 1643 3743 1698 factum

2172 1747 2273 1802 est,
2301 1745 2360 1791 ut
2393 1734 2599 1790 nemini
2625 1734 2921 1804 quidquam
2959 1747 3148 1786 eorum
3181 1746 3301 1801 quae
3332 1731 3608 1786 habebant
3637 1747 3747 1800 prae

505 1821 666 1876 Ὅθεν
697 1822 910 1893 ἀθρόως
940 1821 1256 1892 ὑπέστησαν
1283 1818 1362 1891 τῷ
1389 1819 1566 1891 ἀνδρὶ,
1597 1821 1672 1883 ὡς
1696 1821 1781 1872 ἐπ’
1805 1819 1947 1889 άλλῳ
1967 1819 2071 1871 τινὶ

2178 1829 2425 1884 manibus
2446 1827 2708 1882 audentes
2726 1826 3078 1887 concredere,
3097 1825 3316 1895 ipsimet
3331 1823 3576 1895 Longino
3597 1824 3746 1877 velut

503 1913 810 1977 διαϐάντες,
848 1913 944 1966 καὶ
974 1913 1126 1966 οὐδὲν
1153 1912 1330 1966 οὐδενὶ
1353 1911 1461 1964 τῶν
1491 1910 1632 1982 μετά
1668 1911 1856 1982 χεῖρας
1892 1909 2072 1962 αὐτῶν

505 2005 920 2075 ἐπιφερομένων
956 2004 1304 2078 ἐθάῤῥησανυ
1351 1999 1472 2056 εἷτα
1496 2003 1831 2065 εἰσελθόντες
1869 2001 1964 2056 καὶ
1997 2001 2073 2071 τῷ

505 2094 752 2164 Λογγίνῳ
783 2094 1190 2166 περιτυχόντες,
1215 2093 1315 2147 οὐκ
1356 2095 1557 2158 εἰδότες
1597 2094 1763 2148 αὐτὸν
1794 2087 1956 2160 εῖναι,
1982 2093 2074 2147 τὸν

504 2184 686 2247 αὐτοῖς
705 2201 765 2237 τε
793 2186 888 2238 καὶ
909 2185 1126 2257 Πιλάτῳ
1161 2183 1512 2256 ζητούμενον,
1543 2183 1800 2256 ἄρχονται
1839 2184 2071 2257 ἐρωτᾷν,

503 2272 604 2325 ποῦ
627 2276 654 2327 ό
682 2276 945 2344 Λογγῖνος
974 2277 1080 2348 εἴη.

575 2372 650 2430 ς’.
689 2367 750 2420 '0
779 2367 836 2420 δέ
864 2371 1171 2440 Μακάριος,
1201 2370 1297 2425 τοῦ
1333 2370 1478 2424 θείου
1513 2368 1829 2440 Πνεῦματος
1855 2366 2077 2437 αὑτῷτὺ

503 2461 686 2532 δρᾶμα
713 2459 1603 2530 προσδηλώσαντος,ἀκολουθεῖτε,
1629 2461 1814 2530 φησὶν.
1842 2459 1934 2514 καὶ
1949 2457 2074 2512 τοῦ-ο

503 2568 593 2604 τον
617 2550 975 2620 ῦποδείκνυμι
1007 2551 1154 2621 ὑμῖν.
1175 2552 1306 2604 Τότε
1332 2551 1468 2622 πρὸς
1489 2550 1680 2604 ἑαυτὸν
1702 2553 1729 2604 ό
1764 2551 1917 2619 ἆγιος
1937 2551 2077 2617 Λογ-

503 2646 672 2710 γῖνος,
706 2644 782 2704 ὡς
813 2643 982 2708 εἰκὸς,
1022 2643 1480 2713 εὐφραινόμενος,
1517 2644 1612 2697 καὶ
1641 2641 1736 2695 τοῦ
1779 2643 2075 2713 μαρτυρίου

502 2734 601 2802 τὴν
648 2731 838 2785 θυσίαν
868 2732 1316 2796 ὑποσπουδάζων,
1351 2732 1536 2802 ἔλεγεν
1568 2733 1689 2786 καθ’
1713 2734 1934 2787 ἑαυτόν·
1982 2733 2079 2799 Ὧς

502 2823 700 2890 ὡραῖοι
748 2827 802 2877 οὶ
837 2823 1021 2889 πόδες
1068 2821 1186 2876 τῶν
1225 2823 1764 2894 εὐαγγελιζομένων
1803 2824 2075 2894 εἰρήνην,

501 2913 622 2967 τῶν
648 2913 1184 2984 εὐαγγελιζομένων
1213 2915 1284 2970 τὰ
1310 2916 1520 2986 ἀγαθά.
1542 2915 1653 2971 Νῦν
1676 2917 1803 2981 τοὺς
1820 2918 2080 2989 οὐρανοὺς

504 3008 881 3076 ἀνεῳγμένους
921 3007 1125 3077 ὄψομαι
1162 3010 1260 3077 (2),
1309 3010 1404 3063 νῦν
1455 3011 1726 3080 ἱστορήσω
1776 3011 1875 3081 τὴν
1923 3009 2079 3074 δόξαν

2172 1921 2328 1976 alteri
2357 1919 2777 1989 supervenerint
2805 1915 3188 1988 improvisi,ad
3217 1929 3453 1983 eumque
3485 1914 3747 1969 acceden-

2173 2021 2256 2068 tes
2281 2020 2337 2066 et
2371 2011 2700 2073 nescientes,
2738 2010 2914 2078 ipsum
2943 2023 3064 2063 esse
3089 2023 3251 2078 quem
3281 2007 3621 2077 quaerebant,
3660 2009 3744 2061 in-

2177 2114 2448 2176 terrogare
2487 2102 2781 2174 coeperint,
2809 2101 2899 2158 ubi
2928 2109 3073 2156 esset
3099 2098 3394 2172 Longinus.

2247 2369 2298 2423 6.
2340 2369 2435 2424 llle
2447 2384 2575 2424 vero
2591 2384 2705 2424 rem
2727 2381 2942 2421 omnem
2955 2365 3122 2421 divini
3143 2363 3382 2435 Spiritus
3405 2365 3630 2419 edoctus
3656 2364 3751 2420 ad-

2175 2463 2384 2517 monitu
2413 2479 2426 2516 :
2459 2462 2562 2527 Me,
2593 2461 2788 2530 inquit,
2817 2459 3128 2530 sequimini,
3165 2467 3221 2512 et
3266 2457 3442 2527 ipsum
3467 2458 3752 2512 ostendam

2175 2553 2346 2608 vobis.
2367 2552 2474 2608 Nec
2489 2568 2637 2606 mora
2659 2570 2672 2605 :
2692 2551 2913 2606 domum
2941 2564 3036 2604 eos
3063 2564 3216 2604 suam
3239 2549 3480 2619 gaudens
3501 2549 3750 2611 deduxit.

2177 2658 2341 2712 seque
2361 2643 2426 2698 ad
2445 2643 2682 2713 martyrii
2701 2657 2796 2712 pro
2820 2641 3036 2696 Christo
3059 2639 3326 2694 subeundi
3341 2638 3664 2694 sacrificium
3685 2655 3752 2694 ex

2181 2745 2309 2792 tunc
2330 2751 2603 2806 apparans
2633 2737 2877 2791 studiose
2907 2755 2919 2790 :
2951 2733 3122 2800 Quam
3152 2734 3586 2805 speciosi,inquit
3611 2737 3756 2805 apud

2178 2845 2237 2884 se
2269 2831 2484 2895 tacitus,
2525 2831 2677 2898 pedes
2721 2829 3195 2900 euangelizantium
3233 2847 3450 2898 pacem,
3497 2830 3757 2900 evangeli-

2177 2922 2415 2974 zantium
2469 2920 2638 2974 bona”
2667 2938 2681 2973 :
2714 2936 2862 2975 nunc
2913 2930 3130 2988 apertos
3177 2920 3309 2974 mihi
3359 2919 3528 2974 caelos
3575 2920 3756 2980 video.

2179 3028 2329 3067 nunc
2370 3011 2490 3065 Filii
2521 3012 2588 3066 ad
2614 3012 2889 3066 dexteram
2921 3010 3099 3066 Patris
3131 3009 3471 3079 contemplor
3506 3009 3754 3080 gloriam,

504 3094 622 3164 ιτοῦ
658 3094 1007 3166 μονογενοῦς]
1039 3112 1132 3148 του
1162 3096 1375 3166 Πατρδς
1398 3137 1411 3160 ,
1441 3096 1537 3150 νῦν
1570 3096 1668 3166 τῆς
1702 3097 2071 3168 άνεκφράστου

2181 3121 2328 3160 nunc
2371 3103 2701 3159 ineﬂ‘abilem
2754 3103 2924 3174 ipsius
2972 3102 3144 3157 Patris
3183 3110 3239 3157 et
3297 3100 3470 3156 sancti
3519 3101 3758 3170 Spiritus

502 3187 790 3256 ἀστραπῆς
818 3186 1080 3256 θεωρήσω
1113 3187 1206 3242 τοῦ
1237 3190 1447 3260 Πατρὸς
1479 3191 1552 3260 ('5)
1579 3189 1692 3261 [τοῦ
1711 3187 1842 3242 Υίοῦ
1868 3191 1961 3244 καὶ
1985 3188 2078 3243 τοῦ

503 3277 684 3350 ἀγίου]
733 3280 1072 3351 Πνεῦματος.
1097 3282 1210 3335 Νῦν
1254 3282 1384 3352 ἐρῶ,
1413 3281 1584 3352 Κύριε
1633 3281 1804 3353 Ἰησοῦ
1843 3283 2069 3353 Χριστὲ,

501 3371 649 3436 δέξαι
695 3371 754 3424 τὸ
790 3371 1011 3440 πνεῦμά
1057 3390 1181 3444 μου,
1212 3373 1461 3446 καθάπερ
1493 3375 1766 3445 Στέφανος
1804 3379 1831 3429 ό
1862 3375 2078 3446 πρῶτος

500 3463 610 3516 τῶν
632 3464 961 3537 Μαρτύρων,
988 3458 1048 3519 οὗ
1081 3467 1472 3537 λαμπροτάτην
1493 3468 1687 3538 φωνὴν
1699 3468 1949 3537 ἀφιέντος
1976 3467 2074 3539 (-i),

502 3556 730 3625 ἀκήκοα.
775 3557 888 3610 Νῦν
920 3557 1294 3629 Ἰερουσαλὴμ,
1313 3559 1412 3629 τὴν
1442 3559 1724 3628 ἀνωτάτην
1764 3560 2076 3630 χρυσόπυρ-

503 3660 617 3710 γον,
637 3645 734 3714 τὴν
761 3647 930 3716 αὐτὴν
961 3647 1062 3717 μὲν
1088 3648 1319 3718 πατρίδα
1345 3648 1454 3701 τῶν
1477 3649 1882 3716 ἀγγέλων,ὃλου
1906 3650 1962 3703 δέ
1981 3650 2075 3703 τοῦ

503 3734 611 3787 τῶν
639 3736 810 3804 ἁγίων
855 3738 1017 3808 χοροῦ
1065 3736 1424 3810 μητρόπολιν,
1463 3740 1601 3811 μετά
1636 3741 1868 3812 κρότων,
1901 3743 2074 3795 ἐπινι-

503 3827 638 3879 κίων
667 3829 760 3881 καὶ
787 3827 1084 3898 βασιλικῶν
1116 3831 1392 3901 τροπαίων
1416 3832 1775 3904 ἐπιϐήσομαι.
1794 3833 1909 3886 Νῦν
1937 3835 2076 3886 ἀπο-

503 3917 696 3988 δύομαι
735 3921 827 3973 τὸν
853 3921 1072 3993 πήλινον
1097 3923 1320 3993 χιτῶνα,
1339 3925 1429 3978 καὶ
1457 3925 1582 3988 τοῦς
1612 3925 2074 3989 πολυστενάκτους

504 4013 738 4082 δεσμοὺς
779 4015 882 4085 τῆς
926 4015 1128 4088 σαρκὸς
1171 4015 1497 4087 ἀποτίθημι,
1535 4017 1629 4070 καὶ
1659 4016 2074 4086 ἀπαλλάττομαι

505 4105 739 4176 φθορᾶς·
773 4108 911 4178 πρὸς
935 4107 1247 4180 ἀφθαρσίαν
1281 4108 1388 4180 γὰρ
1413 4109 1664 4179 ἕλκομαι,
1697 4110 1792 4163 καὶ
1832 4110 2073 4180 ἀπέρχο-

507 4214 605 4267 μαι
633 4198 727 4250 ἐπὶ
755 4197 845 4251 τὸν
873 4197 1067 4268 λιμένα
1087 4201 1292 4253 ἐκεῖνον
1321 4201 1418 4270 τῆς
1449 4199 1614 4269 ζωῆς,
1638 4198 1767 4252 ἔνθα
1788 4197 2073 4254 κατοικοῦ-

506 4305 590 4340 σιν
615 4290 662 4342 οἱ
693 4289 856 4356 ἅγιοι.
891 4289 1191 4358 Εὐφραίνου
1222 4289 1424 4351 τοίνυν,
1455 4289 1622 4359 ψυχὴ,
1673 4288 1808 4359 πρὸς
1846 4290 1938 4343 τὸν
1979 4289 2072 4342 σὺν

507 4382 740 4452 Ποιητὴν
777 4381 871 4434 καὶ
900 4381 1177 4452 Δεσπότην
1210 4379 1596 4451 ἀπερχομένη⁸
1637 4380 1809 4445 δεῖξον
1849 4379 2070 4449 φαιδρὸν

2187 3195 2529 3264 splendorem
2578 3195 2816 3257 intueor,
2872 3208 3020 3248 nunc
3073 3192 3290 3248 dicam:
3328 3191 3552 3246 Domine
3605 3190 3755 3252 Jesu,

2185 3285 2402 3354 suscipe
2455 3285 2706 3355 spiritum
2757 3300 2970 3350 meum;
3032 3283 3488 3353 quemadmodum
3554 3283 3759 3352 primus

2185 3385 2484 3446 martyrqu
2520 3376 2834 3445 Stephanus
2861 3374 2952 3442 (ρ),
2985 3373 3142 3442 cujus
3173 3372 3422 3428 abeuntis
3450 3387 3482 3426 e
3508 3371 3615 3425 vita
3642 3373 3758 3440 pul-

2183 3468 2509 3523 cherrimam
2540 3482 2728 3521 vocem
2749 3466 2941 3520 audire
2968 3464 3162 3518 merui.
3197 3462 3317 3518 Jam
3352 3476 3642 3531 supernam
3665 3461 3759 3515 ,Ιο-

2183 3561 2418 3616 rusalem
2455 3559 2639 3614 aureis
2679 3559 2998 3613 instructam
3030 3555 3288 3618 turribus,
3318 3553 3632 3623 angelorum
3665 3567 3758 3621 pa-

2184 3653 2378 3716 triam,
2415 3660 2726 3706 sanctorum
2768 3648 3013 3702 omnium
3055 3644 3397 3714 metropolim
3440 3643 3757 3712 spatiosam,

2182 3759 2306 3798 cum
2347 3742 2664 3812 plausibus,
2689 3738 2960 3810 epiniciis,
2995 3736 3268 3807 regiisque
3295 3734 3550 3804 trophaeis
3577 3733 3756 3804 ingre-

2180 3833 2320 3888 diar.
2349 3830 2467 3887 Jam
2501 3831 2740 3885 tunicam
2784 3830 2924 3883 hanc
2963 3835 3235 3882 terrenam
3268 3840 3474 3881 exuens
3499 3833 3554 3880 et
3579 3827 3760 3881 carnis

2180 3924 2394 3981 vincula
2423 3923 2689 3978 laboriosa
2715 3922 3013 3991 deponens,
3045 3936 3074 3974 a
3117 3918 3460 3974 mortalitatis
3489 3920 3760 3974 subduear

2179 4015 2564 4085 corruptione,
2601 4011 3002 4079 subvectusque
3047 4010 3115 4065 ad
3169 4009 3594 4064 immortalitatis
3637 4010 3757 4065 feli-

2177 4107 2456 4163 cissimum
2496 4111 2696 4159 statum
2737 4104 2794 4157 in
2841 4111 3056 4173 portum
3105 4101 3320 4156 veniam
3345 4102 3468 4158 vita:
3512 4111 3753 4165 aeternae,

2177 4211 2338 4267 quam
2369 4193 2527 4248 simul
2556 4208 2748 4247 omnes
2783 4182 2956 4248 sancti
2993 4191 3317 4246 inhabitant.
3343 4191 3566 4247 Exsulta
3595 4192 3760 4262 igitur

2176 4296 2232 4341 et
2261 4287 2461 4350 laetare,
2492 4301 2526 4340 ο
2552 4283 2754 4349 anima,
2779 4283 2843 4337 ad
2877 4280 3226 4338 Conditorem
3269 4289 3422 4334 tuum
3469 4290 3524 4336 et
3571 4281 3760 4336 Βουή-

2176 4393 2306 4432 num
2357 4376 2648 4431 transitura
2695 4391 2708 4428 :
2753 4387 3001 4428 serenam
3039 4370 3232 4426 faciem
3282 4371 3386 4426 hac
3428 4379 3536 4426 tam
3577 4381 3758 4441 optata

501 4474 561 4525 τὸ
598 4474 886 4543 πρόσωπον
916 4471 1107 4543 καιροῦ
1149 4471 1461 4536 καλοῦντος,
1495 4471 1587 4526 καὶ
1623 4472 1748 4534 τοὺς
1780 4469 2070 4540 προξένους

2178 4468 2462 4525 occasione
2507 4466 2735 4530 exhibe,
2785 4472 3167 4533 tantorumque
3206 4457 3301 4517 tibi
3339 4464 3540 4519 latores
3583 4465 3758 4520 bono-

505 4581 598 4616 σου
665 4565 773 4618 τῶν
821 4564 1091 4618 τοσούτων
1138 4563 1357 4630 ἀγαθῶν
1396 4564 1735 4635 φιλοφρόνως
1773 4562 2070 4631 ξενίσωμεν

504 4654 805 4725 χαίροντες,
848 4655 946 4706 καὶ
989 4654 1256 4724 πολυτελῆ
1307 4655 1717 4725 παραθήσωμεν
1765 4655 2066 4726 τράπεζαν,

500 4749 611 4810 τοῖς
641 4746 734 4800 ἐπὶ
764 4746 822 4800 τὺ
853 4747 1067 4800 δεῖπνον
1095 4747 1252 4817 ἡμῶν
1286 4747 1510 4800 καλοῦσι
1541 4746 1837 4817 βασιλικόν.

571 4836 638 4902 ζ’.
677 4836 864 4890 Ταῦτα
889 4838 1025 4908 πρὸς
1055 4837 1246 4891 ἑαυτὸν
1279 4840 1306 4891 ό
1330 4839 1589 4905 Λογγῖνος
1611 4836 1946 4901 εἰπὼν,”τοῦς
1977 4839 2074 4891 ἐπ’

499 4927 661 4982 αὐτὸν
691 4928 944 4992 ἐλθόντας
977 4929 1059 4992 είς
1101 4929 1190 4982 τὸν
1232 4930 1359 4983 ἴδιον
1400 4925 1549 4984 οἶκον
1602 4928 1940 4999 παρέλαϐεν,
1977 4930 2072 4984 καὶ

502 5020 714 5085 ξενίσας
738 5019 1026 5091 λαμπρῶς,
1063 5020 1157 5074 καὶ
1187 5019 1465 5092 προσώπῳ
1493 5019 1702 5089 φαιδρῷ
1733 5019 1829 5073 καὶ
1867 5020 2071 5088 σφόδρα

502 5114 790 5182 περιχαρεῖ
833 5111 1136 5182 συμφαγὼν
1182 5113 1278 5164 σὺν
1320 5111 1502 5174 αὐτοῖς
1540 5113 1619 5173 εἰς
1652 5113 1718 5180 ἢν
1759 5109 2070 5181 παρέθηκεν

570 5286 592 5317 ⁸
632 5286 730 5341 lsa.
759 5303 857 5353 LII,
889 5287 919 5338 7
947 5304 961 5352 ;
987 5286 1146 5341 Rom.
1181 5302 1210 5340 x
1233 5329 1246 5350 ,
1281 5286 1364 5340 l5.

2177 4577 2297 4615 rum
2332 4559 2576 4614 hilariter
2606 4565 2768 4626 atque
2797 4554 3138 4625 hospitaliter
3166 4555 3339 4620 habe;
3380 4556 3520 4610 bene
3547 4556 3757 4612 instru-

2175 4661 2316 4706 ctam
2363 4665 2603 4704 mensam
2645 4662 2926 4717 apponens
2967 4645 3052 4710 iis,
3082 4645 3174 4715 qui
3212 4645 3282 4700 ad
3316 4659 3527 4701 cwnam
3555 4647 3756 4717 regiam

2177 4751 2229 4797 te
2257 4740 2534 4796 invitaturi
2563 4740 2928 4795 advenerunt.

2250 4833 2300 4886 7.
2344 4830 2471 4884 Haec
2508 4829 2648 4883 intra
2688 4843 2748 4882 se
2792 4828 3006 4881 locutus
3038 4823 3316 4895 Longinus
3353 4823 3624 4878 immissos
3653 4822 3753 4877 sibi

2178 4924 2404 4978 sicarios
2437 4924 2492 4976 in
2522 4923 2742 4977 domum
2773 4935 2927 4975 suam
2962 4917 3208 4988 excepit,
3240 4924 3295 4969 et
3335 4913 3614 4984 splendide
3661 4929 3756 4966 eos

2177 5025 2437 5078 tractans,
2473 5015 2627 5080 vultu
2672 5013 2796 5068 laeto
2842 5019 2896 5066 et
2939 5025 3146 5081 magna:
3171 5005 3528 5076 iucunditatis
3558 5004 3754 5058 indicia

2177 5109 2520 5180 praeferente,
2554 5105 2622 5160 ad
2646 5104 2893 5161 eamdem
2936 5117 3060 5157 cum
3115 5098 3250 5170 ipsis
3298 5096 3551 5152 accubuit
3597 5111 3752 5150 men-

2001 5367 2235 5425 ΝΟΤΕ.

570 5463 646 5534 (2)
687 5461 790 5517 Per
823 5463 1065 5518 futurum
1102 5465 1296 5519 melius
1343 5476 1505 5531 quam
1542 5476 1638 5531 per
1673 5474 1914 5530 praesens
1954 5459 2072 5514 haec

501 5532 692 5589 Latine
723 5534 954 5587 fuissent
992 5535 1225 5589 reddita.
1521 5537 1526 5541 ”

585 5605 644 5664 ‘5)
685 5603 851 5658 Pleno
876 5604 1059 5657 sensui
1095 5605 1208 5656 inec
1241 5610 1338 5656 aut
1359 5600 1557 5655 similia
1589 5599 1784 5654 deesse
1811 5597 1997 5653 credo.

585 5605 644 5664 ‘5)
685 5605 851 5658 Pleno
876 5605 1059 5657 sensui
1095 5605 1208 5656 inec
1241 5610 1338 5656 aut
1359 5605 1557 5655 similia
1589 5605 1784 5654 deesse
1811 5605 1997 5653 credo.

566 5605 644 5741 ίι)
688 5672 908 5727 Videtur
936 5673 1206 5742 interpres
1228 5671 1421 5742 legisse
1445 5669 1696 5742 ἀφιόντος
1715 5685 1730 5700 ο
1753 5669 1820 5722 ad
1843 5669 2070 5742 verbum

496 5736 676 5799 autem
715 5743 792 5796 sic
821 5742 954 5796 verti
990 5736 1166 5812 potest
1197 5758 1210 5796 :
1251 5736 1470 5807 (Quem
1497 5736 1682 5794 audivi
1719 5736 2073 5809 praeclarissi-

2170 5473 2315 5512 mam
2347 5461 2620 5522 emittere,
2653 5458 2737 5513 σοι
2763 5458 3012 5512 emisisse
3041 5473 3252 5513 vocem.
3281 5477 3300 5511 ι

2239 5529 2310 5598 (e)
2354 5527 2580 5583 Passum
2607 5543 2730 5583 esse
2756 5537 3005 5582 sanctum
3038 5529 3378 5598 Stephanum
3423 5537 3546 5597 post
3591 5528 3751 5598 septi-

2169 5613 2320 5652 mum
2357 5599 2575 5652 circiter
2619 5614 2648 5651 a
2694 5598 2930 5666 Spiritus
2973 5600 3146 5653 sancti
3193 5599 3430 5654 adventu
3481 5614 3748 5666 mensem,

2171 5668 2508 5790 conftg'mius
2531 5668 2598 5722 ad
2628 5675 2940 5732 sanctorum
2970 5667 3189 5723 Patrum
3216 5682 3545 5724 consensum
3566 5669 3748 5722 existi-

2171 5747 2283 5790 mat
2357 5753 2602 5790 aromus.

2171 5747 2283 5791 mat
2310 5747 2602 5791 Baronius.
