3968 6220
358 341 509 407 ⁷⁸561

1528 390 1533 393 ,
1573 334 1934 398 HESYCHII
1962 334 2445 401 PRESBYTER!
2492 362 2495 367 ·

3459 335 3571 404 1552

373 467 491 505 nam
526 469 538 504 :
568 451 815 519 factaque
846 463 1001 503 coena
1040 448 1375 517 interrogare
1415 460 1510 501 eos
1534 461 1818 518 aggressus
1845 454 1946 507 est,

2079 449 2348 516 ράπεζαν,
2380 452 2593 523 ἐρωτᾷν
2629 451 2767 522 μετὰ
2801 450 2865 506 rb
2888 448 3104 505 δεῖπνον
3132 449 3343 520 ἄρχεται
3361 452 3387 504 ὁ
3410 451 3575 521 Λογγῖ-

372 543 503 612 quid
550 543 615 599 iis
660 557 803 612 opus
858 550 1022 596 esset.
1065 539 1143 594 llli
1190 554 1320 594 vero
1365 537 1731 608 juramentum
1774 538 1843 592 ab
1892 553 1959 591 eo

370 633 674 704 exigentes,
702 631 850 702 quod
890 645 1071 701 neque
1118 645 1308 684 eorum
1341 630 1589 700 vulgarat
1626 643 1956 690 sermonem,

378 743 557 798 neque
597 726 974 783 concreditum
1016 724 1119 780 sibi
1164 731 1437 779 secretum
1488 724 1741 787 nudaret,
1770 722 1962 778 dicunt

377 818 449 884 ei,
484 818 628 887 quod
671 816 852 871 Czusar
897 813 1182 884 scripserit
1224 814 1290 868 ad
1339 814 1593 879 Pilatum,
1624 823 1683 867 ut
1717 812 1961 882 Longino

377 924 504 964 eum
542 909 664 963 aliis
686 908 902 962 duobus
928 906 1192 961 militibus
1218 913 1384 976 caput
1412 906 1773 960 auferendum
1801 921 1960 958 cura-

315 1047 319 1057 .
349 1010 484 1056 τοι.
514 1000 725 1066 Quibus
765 999 889 1054 ille:
917 998 1083 1068 Ecqui
1109 1006 1294 1053 autem
1324 1007 1453 1053 sunt
1478 999 1589 1053 duo
1618 998 1707 1053 isti
1733 996 1961 1068 Longini

318 1093 339 1142 ἢ
381 1091 550 1148 socii?
587 1091 902 1162 lntelligens
925 1098 1109 1144 autem
1140 1104 1234 1144 eos
1266 1104 1409 1154 esse,
1435 1089 1526 1158 qui
1560 1089 1962 1144 Judaicaemcr-

382 1183 498 1239 cedi
532 1182 810 1237 Christum
844 1180 1297 1250 prachabuerant,
1338 1179 1556 1247 scripsit
1595 1162 1663 1234 ad
1709 1194 1803 1233 eos
1842 1178 1963 1232 dili-

381 1274 718 1345 gentissime,
750 1282 806 1327 ut
836 1271 1238 1341 quamprimum
1285 1271 1348 1322 ad
1392 1286 1453 1324 se
1488 1270 1757 1335 venirent,
1793 1269 1964 1323 maxi-

372 1379 603 1420 morum
642 1361 815 1416 futuri
841 1363 1106 1415 bonorum
1141 1359 1455 1429 participes.
1489 1360 1619 1413 Dein
1661 1374 1766 1413 una
1804 1368 1965 1427 atque

372 1453 554 1517 altera
598 1449 691 1503 die
747 1449 989 1517 hospites
1039 1464 1168 1503 suos
1218 1448 1496 1513 retinens,
1528 1448 1699 1507 tertia
1743 1448 1964 1503 domum

385 1543 508 1597 illos
539 1541 725 1596 eduxit
755 1540 808 1593 in
843 1556 1030 1610 agrum
1058 1581 1073 1603 ,
1113 1540 1235 1595 istic
1264 1539 1555 1609 opperiens
1586 1540 1765 1594 socios
1790 1555 1968 1594 accer-

387 1632 542 1695 sitos,
565 1646 702 1700 quos
731 1629 818 1684 ubi
858 1628 1273 1698 propinquiores
1304 1628 1477 1683 factos
1495 1628 1764 1697 cognovit,
1799 1642 1969 1696 expo-

373 1723 493 1777 suit
520 1722 695 1792 ipsum
720 1736 777 1775 se
805 1735 925 1775 esse
959 1718 1285 1791 Longinum,
1305 1734 1467 1788 quem
1493 1726 1819 1787 quaererent.

459 1918 512 1972 8.
556 1916 660 1986 lpsi
700 1931 829 1971 vero
874 1915 1109 1986 primum
1159 1912 1321 1968 dictis
1367 1911 1488 1981 ejus
1518 1909 1679 1964 fidem
1710 1906 1973 1962 adbibere

374 2011 718 2064 a'ecusabanl‘.
754 2028 765 2060 :
798 2007 1045 2078 persuasi
1071 2005 1268 2059 deinde
1292 2018 1422 2059 vera
1458 2001 1629 2071 loqui,
1660 2014 1790 2054 suos
1809 1997 1974 2053 velle-

392 2102 521 2155 liant
541 2101 787 2169 capillos,
813 2107 867 2152 et
888 2097 1225 2152 miserandas
1250 2095 1318 2149 ad
1345 2095 1522 2164 ipsum
1554 2106 1717 2146 voces
1738 2089 1976 2146 edebant

392 2197 637 2250 dicentes
666 2213 679 2249 :
716 2193 784 2248 Ut
813 2192 941 2263 quid
976 2191 1055 2247 sic
1092 2206 1252 2262 agere
1281 2187 1520 2252 voluisti,
1553 2184 1763 2240 amice?
1797 2182 1975 2248 Quare

396 2291 447 2340 in
477 2296 622 2342 tuam
654 2287 937 2342 venientes
970 2299 1161 2337 necem
1190 2282 1257 2336 ad
1287 2290 1435 2335 tuam
1453 2277 1695 2333 invitasti
1718 2274 1975 2331 domum?

392 2381 504 2433 (Zur
521 2381 723 2435 eaedem
749 2377 1126 2433 machinantcs
1149 2384 1293 2428 tuam
1322 2386 1510 2426 mensa
1529 2379 1583 2425 et
1609 2368 1860 2423 convivio
1883 2383 1977 2421 ex-

397 2474 608 2543 cepisti,
642 2486 748 2525 non
785 2477 994 2524 tantum
1020 2467 1264 2526 nna.sed
1290 2465 1457 2519 altera
1485 2476 1699 2532 quoque
1731 2470 1788 2514 et
1822 2459 1977 2514 tertia

396 2565 516 2618 die?
557 2562 637 2617 An
690 2561 828 2616 forte
862 2575 972 2615 non
1012 2558 1231 2613 videbas
1258 2557 1452 2609 vinum
1486 2564 1636 2609 tuum
1674 2562 1784 2617 tuo,
1816 2567 1977 2621 quem

390 2657 789 2724 qumrebamus,
825 2651 1163 2705 miscendum
1218 2647 1518 2720 sanguine?
1569 2647 1728 2701 Nunc
1788 2654 1972 2698 autem

339 2793 343 2799 .
376 2748 524 2817 .qnid
560 2745 847 2801 dicemus?
888 2754 980 2799 aut
1029 2744 1158 2812 quid
1193 2742 1454 2813 agemus?
1491 2741 1535 2794 si
1580 2740 1712 2809 quid
1760 2739 1812 2792 in
1865 2753 1976 2791 rem

370 2848 546 2893 -tuam
579 2837 863 2891 consulere
902 2848 1214 2905 possumus,
1245 2832 1330 2886 abi
1364 2832 1417 2884 in
1447 2845 1607 2899 pace,
1638 2828 1977 2896 hospitalita-

397 2933 468 2986 tis
518 2929 822 2983 merccdcm
878 2927 1121 2981 referens
1168 2922 1542 2978 remissionem
1590 2919 1813 2980 mortis,
1847 2917 1981 2971 alias

376 3024 495 3077 .tibi
526 3040 551 3077 a
585 3021 741 3075 nobis
784 3018 1085 3073 inferendae
1117 3035 1129 3071 :
1156 3030 1333 3085 neque
1367 3014 1512 3069 enim
1546 3010 1780 3083 gladium
1813 3007 1981 3062 aude-

371 3132 521 3171 -mus
546 3124 737 3170 contra
776 3125 829 3167 te
861 3111 1127 3173 attollere,
1166 3106 1384 3163 reveriti
1432 3105 1618 3162 salem.
1649 3102 1980 3157 erubescen-

376 3218 483 3260 ‘tes
515 3220 790 3266 mensam,
824 3201 1178 3255 formidantes
1212 3201 1376 3253 Deum
1410 3194 1796 3266 hospitalitatis
1828 3191 1977 3246 arbi-

375 3307 547 3349 ntrmn
579 3312 591 3347 :
621 3291 841 3361 expedit
868 3291 1025 3345 nobis
1064 3305 1092 3344 a
1127 3288 1299 3344 Pilato
1328 3288 1622 3343 discrimen
1660 3284 1769 3355 pati
1799 3284 1980 3353 potius

379 3401 563 3456 quam
596 3384 822 3455 Longini
858 3391 1020 3451 caput
1046 3380 1386 3435 abscindere.
1414 3379 1699 3445 Quomodo
1728 3392 1858 3433 vero
1883 3390 1983 3446 per

404 3490 621 3531 onmem
650 3475 817 3529 vitam
848 3474 1151 3527 labcsceret
1183 3469 1537 3531 conscientia,
1567 3476 1623 3522 et
1651 3482 1982 3522 convescen-

398 3579 487 3622 tes
521 3566 707 3622 videre
740 3563 898 3618 nobis
930 3548 1243 3617 videremur
1262 3559 1540 3630 sanguinis
1567 3558 1753 3613 avidos
1782 3558 1983 3612 dremoo

398 3658 541 3713 nes?
566 3656 849 3724 Quomodo
888 3653 984 3709 tibi
1016 3666 1211 3708 manus
1246 3665 1531 3722 possemus
1577 3649 1836 3720 injicere?
1869 3657 1983 3703 tor-

383 3759 541 3820 -pent
591 3749 738 3803 enim
784 3763 896 3802 non
939 3746 1104 3801 modo
1146 3745 1248 3799 ίιιω
1290 3744 1481 3809 nobis,
1518 3741 1614 3797 sed
1648 3750 1703 3797 et
1737 3741 1904 3811 pedes
1931 3748 1985 3794 et

396 3858 607 3912 corpus
640 3842 991 3906 universum;
1022 3840 1107 3896 vel
1138 3838 1504 3909 cogitantibus
1525 3836 1785 3891 duntaxat
1811 3834 1986 3888 istius-

399 3934 556 3990 modi
604 3933 846 3994 facinus,
879 3947 988 4002 quo
1028 3929 1394 3987 benefactoris
1433 3928 1602 3984 nostri
1648 3925 1986 3997 liospitisquc

399 4024 747 4081 efﬁcerentur
779 4024 1070 4079 occis-ores.

473 4120 532 4174 9.
566 4117 651 4172 Ita
686 4117 907 4187 quidem
942 4116 1031 4170 isti
1075 4115 1143 4170 ad
1186 4115 1249 4170 Β.
1283 4112 1586 4185 Longinum
1620 4129 1635 4166 :
1665 4126 1775 4166 non
1806 4120 1986 4167 tamen

409 4211 737 4283 persuadere.
767 4215 1064 4278 potuerunt
1098 4215 1356 4278 prompto
1383 4214 1546 4275 atque
1577 4205 1740 4259 alacri
1773 4205 1840 4260 ad
1870 4219 1989 4259 cer-

411 4319 588 4360 tamen
622 4302 864 4365 athletae,
900 4310 959 4356 ut
985 4300 1328 4355 subeundum
1376 4315 1474 4370 pro
1511 4298 1731 4354 Christo
1758 4314 1988 4369 agonem

409 4397 755 4457 detrectaret,
784 4392 877 4447 sed
910 4391 1088 4462 potius
1119 4390 1307 4445 fidenti
1340 4389 1525 4443 animo
1554 4389 1858 4459 respondit,
1903 4387 1987 4441 di-

2058 558 2168 606 νος,
2198 542 2252 596 τί
2297 543 2609 615 χρῄζουσιν.
2645 546 2706 597 Ol
2740 544 2797 598 δὲ
2833 544 3031 615 ὅρκους
3082 544 3208 613 παρ’
3235 541 3386 594 αὐτοῦ
3414 544 3572 597 ἀποτί-

2058 650 2271 697 σαντες,
2303 634 2499 705 ὅτιπερ
2540 635 2721 690 αὐτῶν
2746 636 2808 689 οὐ
2834 634 3146 705 δημοσιεύει
3174 633 3261 687 τὸν
3288 633 3447 701 λόγον,
3478 634 3573 688 οἱδὶ

2058 727 2257 794 γυμνοῖ
2280 725 2343 778 τὸ
2363 724 2635 797 θυρρηθὲν
2667 728 2985 798 μυστήριον,
3008 726 3282 793 λέγουσιν·
3313 726 3483 797 ὅτιπερ
3502 743 3576 793 γε·

2046 816 2399 887 ·γράφηκεν-ὀ
2430 818 2649 889 Καῖσαρ
2679 819 2818 888 πρὸς
2848 818 3101 881 Πιλᾶτον,
3127 818 3211 870 ἴνα
3246 817 3333 869 τοῦ
3358 818 3578 885 Λογγίνου

2064 908 2184 977 μεθ’
2219 907 2422 979 ἐτέρων
2451 908 2545 962 δύο
2575 909 2927 981 στρατιωτῶν
2952 910 3054 980 τὴν
3081 909 3314 977 κεφαλὴν
3350 909 3579 979 ἀποτέμῃ.

2072 997 2131 1048 '0
2175 996 2232 1051 δὲ
2280 998 2434 1066 ἅγιος
2467 998 2573 1068 ἔφη
2597 1013 2612 1029 ·
2658 998 2767 1050 Καὶ
2800 991 2947 1051 οὗτοι
2984 997 3128 1060 τίνες
3164 996 3268 1050 εἷεν
3311 999 3358 1049 οἱ
3398 998 3497 1068 ἅμα
3518 998 3585 1068 τῷ

2061 1087 2313 1161 Λογγίνῳ
2338 1106 2354 1157 ;
2386 1091 2480 1143 καὶ
2514 1089 2701 1160 μαθὼν
2731 1091 2806 1153 ὡς
2836 1090 3036 1144 ἐκεῖνοί
3069 1107 3127 1144 τε
3157 1086 3292 1160 ἦσαν
3313 1090 3358 1143 oi
3378 1091 3587 1160 τῆςΊου-

2061 1181 2256 1251 δαῖκῆς
2289 1183 2585 1252 μισαρχίας
2611 1184 2705 1235 τὸν
2732 1182 2969 1253 Χριστῆν
2994 1183 3435 1252 προτιμήσαντες,
3454 1198 3590 1234 σπου-

2063 1275 2125 1345 δῇ
2166 1274 2331 1344 πολλῇ
2375 1275 2576 1344 γράφει
2620 1275 2756 1344 πρὸς
2795 1275 3014 1339 αὐτοὺς,
3041 1274 3100 1326 τὸ
3129 1275 3288 1343 τάχος
3310 1274 3452 1343 ἣκειν
3484 1270 3590 1341 πρὸς

2065 1365 2247 1429 αὑτὸν,
2299 1366 2521 1433 ἀγαθῶν
2558 1366 2814 1435 μεγάλων
2861 1365 3010 1434 αὐτῷ
3051 1366 3475 1432 κοινωνήσοντας.
3505 1365 3591 1416 Καὶ

2065 1457 2128 1527 δὴ
2164 1456 2374 1526 ἡμέραν
2398 1456 2542 1510 οὓτω
2571 1457 2700 1527 μίαν
2734 1457 2829 1511 καὶ
2862 1457 3121 1527 δευτέραν
3150 1456 3355 1522 ξενίσας
3387 1455 3594 1518 αὐτοὺςό

2067 1549 2330 1615 Λογγῖνος
2387 1547 2729 1619 φιλοφρόνως
2756 1550 2783 1613 ,’
2825 1551 2891 1617 τῇ
2955 1548 3116 1618 τρίτῃ
3174 1546 3483 1616 παραλαϐὼν
3533 1546 3594 1607 εἰς

2067 1640 2235 1711 ἀγρὸν
2266 1640 2364 1709 (5),
2402 1642 2517 1693 ἐκεῖ
2545 1638 2670 1702 τοὺς
2704 1640 2834 1710 παρ’
2866 1640 3031 1693 αὐτοῦ
3082 1640 3489 1707 μετασταλέντας
3523 1639 3596 1689 ἀν-

2074 1732 2458 1801 ἐμενεν.”Οθεν
2502 1732 2667 1800 ἐγγὺς
2695 1726 2835 1786 εἶναι
2871 1731 3059 1802 μαθὼν
3094 1731 3416 1799 ἀπαγγέλλει
3446 1732 3597 1792 αὐτοῖς

2075 1824 2150 1886 ὼς
2175 1824 2332 1885 αὐτὸς
2365 1824 2448 1893 εἴη
2474 1825 2501 1876 ὁ
2523 1824 2807 1891 Λογγῖνος,
2836 1824 2864 1876 ὁ
2898 1821 3027 1891 παρ’
3051 1823 3228 1874 αὐτῶν
3259 1821 3569 1889 ζητούμενος.

2145 1922 2216 1987 η’.
2258 1916 2321 1969 Οἱ
2365 1915 2423 1969 δὲ
2463 1916 2728 1986 πρότερον
2766 1917 2864 1982 μὲν
2896 1914 3183 1982 ἠπίστουν,
3217 1914 3347 1981 μετὰ
3387 1913 3438 1965 δὲ
3476 1912 3599 1962 τοῦτο

2077 2007 2418 2074 πεισθέντες,
2449 2006 2733 2078 ἐδάκρυον,
2767 2005 3033 2068 τίλλοντες
3062 2004 3162 2066 τὰς
3205 2003 3405 2057 ἑαυτῶν
3429 2002 3602 2071 τρίχιξ,

2077 2101 2172 2154 καὶ
2196 2100 2418 2171 οἰκτρὰς
2454 2097 2638 2167 φωνὰς
2674 2096 2810 2166 πρὸς
2843 2095 2932 2149 τὸν
2971 2099 3236 2165 Λογγῖνον
3269 2095 3602 2165 φθεγγόμενοι.

2077 2196 2142 2248 Τί
2185 2212 2267 2248 σοι
2303 2195 2362 2247 τὺ
2401 2194 2726 2264 ἐγχείρημα,
2757 2184 2802 2245 ὦ
2847 2188 3204 2262 φίλε,λέδοξεν
3236 2190 3415 2255 τοῦτο;
3446 2190 3542 2241 "lu:
3568 2188 3605 2237 τί

2076 2288 2205 2351 τοὺς
2231 2288 2323 2340 ἐπὶ
2363 2288 2452 2341 τον
2495 2287 2585 2339 σὺν
2617 2286 2871 2348 ἐλθόντας
2917 2285 3076 2352 φόνον
3124 2286 3207 2346 εἰς
3246 2282 3333 2336 τὸν
3367 2277 3500 2334 οἶκόν
3535 2296 3605 2330 σου

2078 2378 2307 2445 ἔλαϐεςξ
2334 2380 2487 2442 Τίνος
2513 2379 2671 2450 χάριν
2702 2381 2816 2441 τοῖς
2848 2380 2927 2440 είς
2958 2378 3178 2447 σφαγήν
3215 2395 3306 2429 σου
3349 2388 3609 2442 παραγενο-

2083 2475 2264 2543 μένοις
2292 2472 2504 2524 δεῖπνον
2537 2470 2861 2532 ὲπετέλεσας
2884 2468 3176 2538 πολυτελῆ,
3211 2468 3305 2521 καὶ
3341 2463 3610 2535 παρέθηκας

2078 2562 2376 2636 τράπεζαν,
2408 2563 2468 2617 οὗ
2496 2562 2624 2631 μίαν
2663 2563 2823 2631 μόνον
2856 2561 3092 2630 ἡμέραν,
3119 2559 3255 2612 ἀλλὰ
3284 2561 3370 2611 καὶ
3399 2554 3613 2619 δευτέραν

2081 2657 2176 2710 καὶ
2219 2655 2441 2727 cpit-qv;
2471 2650 2621 2724 τΑρόι
2669 2670 2759 2705 σου
2803 2652 2894 2705 τὸν
2945 2647 3087 2703 οἶνον
3133 2652 3245 2721 οὐχ’
3280 2641 3444 2719 ἐώρας
3485 2647 3532 2697 ἐν
3553 2640 3614 2709 τῷ

2081 2746 2275 2816 αἵματί
2313 2761 2427 2805 σου,
2465 2743 2544 2813 τῷ
2573 2744 2706 2813 παρ’
2730 2743 2889 2812 ἡμῶν
2920 2741 3266 2812 ζητουμένῳ,
3294 2736 3616 2808 κιρνὼμενον;

2081 2836 2196 2891 Νῦν
2233 2837 2333 2907 μὲν
2354 2837 2405 2889 τί
2427 2836 2510 2888 δεῖ
2540 2837 2748 2898 εἰπεῖν;
2783 2834 2836 2886 τί
2858 2834 2914 2887 δὲ
2946 2833 3180 2904 πρᾶξαι,
3212 2833 3243 2902 ἢ
3272 2823 3617 2901 βουλεύσασθαι

2081 2928 2211 2999 περὶ
2245 2927 2340 2980 σοῦ
2372 2925 2755 2997 δυνησόμεθα;
2789 2922 2944 2978 ἄπιθι
2991 2926 3047 2977 ὲν
3091 2925 3308 2995 εἰρήνῃ.
3344 2919 3515 2992 μισθὸν
3541 2915 3621 2983 τῆς

2084 3019 2262 3087 ξενίας
2304 3017 2485 3072 λαϐὼν
2515 3017 2610 3071 τοῦ
2652 3017 2784 3088 παρ’
2818 3014 2974 3087 ἡμῶν
3014 3015 3255 3069 θανάτου
3293 3015 3385 3083 τὴν
3426 3012 3618 3078 ἄφεσιν·

2007 3140 2049 3197 c
2084 3114 2242 3182 ἡμεῖς
2275 3111 2383 3181 γὰρ
2426 3108 2694 3162 ἐπιθεῖναί
2726 3125 2809 3162 σοι
2837 3108 2897 3161 τὸ
2928 3107 3080 3176 ξίφος
3107 3108 3175 3160 οὐ
3200 3104 3491 3176 τολμῶμεν,
3518 3114 3624 3197 ναμ-

2082 3203 2269 3272 κώμεν
2296 3202 2423 3264 τοὺς
2448 3201 2583 3263 ἃλας
2601 3242 2615 3266 ,
2649 3199 2993 3271 ὲρυθριῶμεν
3022 3198 3123 3268 τὴν
3160 3197 3460 3269 τράπεζαν,
3485 3187 3623 3244 6:63!-

2067 3312 2154 3347 -κα
2163 3309 2261 3360 μεν
2281 3293 2373 3347 τὸν
2388 3292 2542 3357 Θεὸν,
2562 3293 2653 3346 τὸν
2672 3294 2771 3362 τῆς
2793 3289 2971 3356 ξενίας
2996 3291 3194 3363 ἔφορον
3216 3306 3229 3319 ⁸
3257 3289 3487 3360 κρεῖττον
3507 3282 3625 3352 ἡμᾶς

2084 3382 2418 3437 κινδυνεύειν
2454 3381 2607 3453 παρὰ
2637 3382 2894 3447 Πιλάτου,
2930 3382 2963 3451 ἢ
2997 3380 3093 3453 τὴν
3133 3381 3395 3449 Λογγίνου
3426 3370 3626 3441 κεφαλὴν

2083 3475 2456 3547 ἁφαιρεῖσθαιξ
2492 3475 2619 3538 Πῶς
2662 3474 2717 3527 δὲ
2761 3475 2855 3528 καὶ
2891 3472 3050 3543 ἡμῶν
3090 3474 3187 3526 τὸν
3231 3472 3406 3525 πάντα
3444 3466 3542 3537 βίον
3568 3460 3629 3530 τῷ

2087 3572 2345 3626 συνειδότι
2382 3569 2668 3643 τήκεσθαι,
2698 3568 2793 3623 καὶ
2837 3567 3296 3630 συνδειπνοῦντας
3336 3564 3494 3636 ὁρᾷν,
3526 3556 3628 3617 τοῦς

2084 3664 2409 3737 λεγομένους
2454 3663 2777 3733 αἱμοχαρεῖς
2822 3659 3116 3730 δαίμοναςς
3160 3658 3285 3723 Πῶς
3336 3657 3390 3710 δέ
3436 3670 3511 3708 σοι
3554 3646 3631 3703 καὶ

2086 3757 2472 3826 ὲπενέγκωμεν
2512 3754 2610 3816 τὰς
2647 3756 2867 3823 χεῖρα;;
2903 3749 3205 3821 Ναρκῶσιν
3249 3750 3360 3819 γὰρ
3410 3745 3544 3817 ἡμῶν
3581 3738 3629 3790 οὐ

2090 3849 2249 3918 μένον
2282 3848 2337 3900 αἱ
2376 3850 2575 3917 χεῖρες,
2604 3845 2740 3899 ἀλλὰ
2771 3846 2865 3897 καὶ
2906 3846 2954 3896 οἱ
2995 3843 3175 3907 πόδες,
3204 3843 3299 3896 καὶ
3336 3840 3473 3894 ἅπαν
3505 3830 3633 3904 ἡμῶν

2084 3941 2146 3992 τὸ
2194 3939 2374 4009 σῶμα,
2421 3938 2515 3990 ἐὰν
2557 3939 2715 3990 τοῦτο
2761 3935 3093 4006 πράξωμεν,
3146 3938 3243 3987 ἐὰν
3286 3926 3526 4002 φονευταὶ
3558 3920 3633 3975 τοῦ

2089 4028 2379 4100 εὐεργέτου
2410 4028 2501 4080 καὶ
2533 4026 2811 4097 ξενοδόχου
2841 4024 3154 4095 γενώμεθα.

2160 4120 2223 4174 θ’.
2266 4118 2453 4173 Ταῦτα
2507 4119 2603 4189 μὲν
2629 4118 2785 4171 αὐτοὶ.
2816 4117 2953 4187 πρὸς
2984 4118 3074 4170 τὸν
3104 4115 3382 4187 μακάριον
3410 4110 3636 4177 Λογγῖνον

2089 4212 2305 4281 ἔλεγον·
2341 4212 2403 4265 οὐ
2443 4210 2551 4282 μὴν
2587 4211 2644 4264 δὲ
2677 4209 2897 4263 ἔπειθον
2930 4210 3020 4262 τὸν
3060 4207 3347 4280 πρόθυμον
3374 4205 3463 4260 καὶ
3501 4198 3639 4268 εὔψυ-

2091 4322 2184 4376 χον
2218 4302 2456 4375 ὰθλητὴν
2485 4303 2577 4356 τὸν
2608 4302 2794 4370 ἀγῶνα
2826 4298 2968 4373 ὑπὲρ
3002 4299 3098 4354 τοῦ
3132 4300 3343 4372 Κυρίου
3372 4297 3460 4350 καὶ
3485 4289 3638 4358 Σωτῆ-

2096 4414 2186 4468 ρος
2215 4395 2387 4465 Ἰησοῦ
2411 4392 2646 4466 Χριστοῦ
2667 4384 3136 4465 παραιτήσασθαι,
3162 4384 3300 4446 ἀλλὰ
3326 4389 3453 4460 πρὸς
3476 4382 3640 4443 αὐτοὺς

409 4503 540 4543 cens
574 4505 587 4541 :
623 4485 705 4540 Ne
751 4501 836 4540 mc
884 4484 1218 4555 proditorem
1250 4483 1372 4537 vitae
1405 4481 1584 4538 velitis
1614 4481 1892 4551 aspicere,
1924 4489 1979 4534 ut

2090 4489 2368 4562 εὐθαρσῶς
2394 4489 2770 4559 ἀποκρίνεται,
2800 4489 2890 4559 Μή
2936 4506 3002 4559 με
3040 4488 3141 4557 (6),
3175 4486 3372 4556 λέγων,
3410 4480 3644 4554 προδότην

362 4621 371 4631 .
400 4581 592 4634 datam
631 4577 768 4632 mihi
825 4577 1056 4647 gratiam
1089 4576 1232 4629 ultro
1263 4574 1450 4629 videar
1481 4572 1770 4628 adduxisse
1800 4571 1854 4625 in
1874 4570 1994 4626 'dis—

385 4670 620 4723 «crimen
652 4686 664 4721 :
696 4682 808 4721 non
846 4684 945 4739 ego
991 4682 1248 4723 secernar
1308 4665 1377 4721 ab
1412 4666 1607 4721 ovibus
1655 4665 1817 4733 lupus
1857 4662 1994 4717 cil‘e-

410 4770 550 4825 ctus,
592 4777 768 4830 neque
817 4761 1027 4830 negabo
1070 4775 1234 4830 quem
1289 4759 1461 4813 semel
1510 4756 1799 4811 confessus
1849 4768 1991 4808 sum.

407 4854 526 4910 Non
565 4854 868 4908 obscurabo
901 4853 1044 4906 illius
1080 4851 1331 4923 gloriam,
1361 4866 1465 4919 qua
1498 4850 1606 4905 vidi
1631 4847 1851 4910 concuti
1879 4847 1992 4901 ele-

411 4954 624 5010 menta;
665 4961 846 5016 neque
884 4944 1161 4999 accusabit
1212 4958 1300 4996 mc
1348 4941 1678 4997 universitas
1712 4950 1988 4995 creatura-

412 5055 551 5103 rum,
582 5038 723 5109 quod
770 5037 859 5093 ab‘
881 5052 947 5092 co
980 5035 1300 5097 dcl'cecrim,
1338 5044 1560 5103 propter
1596 5047 1758 5103 quem
1793 5031 1992 5086 cadum

414 5132 621 5185 vultum
649 5145 807 5185 suum
839 5126 1149 5189 abscondit,
1174 5133 1230 5180 et
1263 5126 1342 5180 sol
1370 5124 1629 5179 luciferos
1658 5141 1853 5179 currus
1882 5124 1996 5180 dis-

414 5225 607 5291 solvit;
639 5225 858 5295 quando
879 5223 998 5278 dies
1024 5237 1124 5276 suo
1144 5218 1380 5274 excessit
1407 5234 1437 5273 e
1467 5219 1663 5281 stadio,
1690 5227 1746 5272 et
1772 5233 1878 5272 nox
1900 5233 2000 5288 per

412 5316 519 5370 .tim
542 5315 775 5371 adducta
806 5323 911 5380 est,
940 5318 1044 5370 nec
1071 5313 1190 5383 ipsa
1218 5311 1352 5367 satis
1382 5310 1663 5365 sustinens
1690 5325 1852 5381 grave
1872 5325 2001 5365 cru-

2090 4585 2189 4654 τῆς
2228 4584 2371 4654 ζωῆς
2403 4581 2636 4654 ὀφθῆναι
2669 4582 2960 4653 θελήσετε,
2995 4579 3132 4650 μηδὲ
3183 4576 3482 4651 πειραττὴν
3529 4573 3644 4624 ἁπο-

2090 4676 2373 4747 δειχθῆναι
2410 4675 2508 4745 τῆς
2537 4675 2761 4746 χάριτος
2787 4690 2802 4704 ·
2844 4673 2978 4743 μηδὲ
3003 4673 3168 4735 λύκος
3207 4673 3308 4744 τὴν
3340 4671 3444 4724 τῶν
3471 4662 3647 4736 προϐέ-

2088 4786 2198 4824 των
2226 4767 2454 4838 ἐκλογὴν
2477 4768 2882 4836 ἀποδυσάμενος
2913 4765 3183 4836 γένωμαι,
3218 4762 3478 4836 μηδαμῶς
3504 4754 3648 4827 apvt-

2093 4876 2280 4930 σομαι,
2310 4858 2369 4912 ὃν
2393 4859 2541 4924 ἅπαξ
2577 4857 2925 4929 ὡμολόγησα.
2968 4858 3059 4927 Μὴ
3089 4856 3360 4926 ζημιωθῶ
3392 4854 3484 4922 τὴν
3513 4847 3650 4909 ὃόξιν

2094 4947 2331 5017 ἐκείνην,
2365 4946 2433 5017 ἢν
2475 4942 2611 5000 εἶδον
2652 4947 2720 5000 τὰ
2765 4949 3005 5017 στοιχεῖα
3047 4946 3405 5009 σαλεύουσαν,
3452 4941 3519 5011 μή
3564 4951 3649 5007 μου

2096 5038 2403 5108 κατήγορος
2458 5036 2487 5088 ὁ
2539 5035 2712 5107 δῆμος
2768 5037 2869 5105 τῆς
2922 5036 3155 5096 κτίσεως
3201 5032 3653 5105 γένηται,ὅτιπερ

2098 5128 2287 5181 τοῦτον
2333 5129 2603 5201 παρέϐην,
2651 5129 2718 5182 δι’
2740 5129 2798 5181 ὃν
2852 5127 3081 5200 οὐρανὸς
3123 5128 3230 5191 τὰς
3276 5126 3478 5187 οἰκείας
3522 5120 3655 5189 δψε·ς

2100 5218 2394 5289 ἐκάλυψεν,
2432 5220 2527 5273 καὶ
2564 5220 2743 5273 ἔδοσεν
2777 5221 2804 5274 ὁ
2827 5220 2982 5291 ἥλιος
3015 5220 3082 5272 τὰ
3114 5219 3230 5271 τῶν
3259 5216 3550 5289 λαμπάδων
3574 5212 3657 5280 ἆρ-

2107 5327 2274 5382 ματα,
2299 5309 2394 5364 καὶ
2433 5312 2465 5381 ἡ
2499 5310 2599 5381 μὲν
2631 5309 2814 5382 ἡμέρα
2853 5315 2914 5364 τδ
2954 5299 3302 5365 στάδιοντοῦ
3337 5307 3508 5378 φωτὸς
3532 5316 3657 5371 παρ’

1913 5484 2148 5542 NOTAE.

486 5584 565 5658 (Β)
602 5584 664 5639 In
694 5592 845 5658 textu
876 5581 1074 5637 Latino
1109 5582 1364 5658 mendum
1405 5581 1619 5651 corrige
1648 5581 1995 5658 typograplii-

410 5651 562 5717 eum,
591 5671 725 5725 quo,
761 5673 779 5704 ι
809 5654 1031 5725 domum
1059 5654 1245 5708 eduxit
1276 5653 1330 5707 in
1361 5669 1571 5724 agrum,
1604 5672 1621 5703 ι
1654 5651 1851 5720 legitur
1877 5668 1995 5720 pro,

431 5761 450 5782 ι
473 5723 634 5779 domo
666 5723 867 5786 eduxit,
900 5742 917 5774 ι
952 5733 1053 5779 etc.

487 5797 565 5856 (tit
608 5792 874 5864 lutegrius
904 5794 1210 5865 clariusque
1258 5796 1372 5848 haec
1422 5794 1718 5848 reddentur
1762 5791 1828 5843 ad
1879 5808 1999 5844 ver-

2104 5580 2234 5633 bum
2270 5596 2284 5633 :
2325 5598 2344 5631 ι
2378 5578 2457 5634 Ne
2484 5579 2664 5635 velitis
2695 5579 3024 5649 proditorem
3066 5581 3195 5634 vth
3229 5577 3404 5635 videri
3440 5589 3553 5635 me.
3583 5579 3663 5649 aut

2105 5649 2304 5705 divina:
2328 5650 2513 5719 gratiae
2539 5642 2827 5703 intulisti-ari
2863 5659 3189 5706 tentatorem
3213 5668 3228 5714 ;
3271 5660 3331 5703 ut
3358 5665 3427 5703 ne
3450 5642 3660 5719 optanda

2106 5720 2249 5774 inter
2282 5712 2414 5774 ores
2438 5719 2704 5774 electione
2737 5721 3016 5788 repudiata
3049 5712 3256 5789 ciliciar
3288 5712 3658 5787 lupus;'nnlla-

2113 5801 2272 5845 lenus
2299 5791 2445 5846 enim
2479 5789 2686 5858 negabo
2718 5807 2878 5859 quem
2913 5790 3078 5846 semel
3108 5791 3402 5845 confessus
3429 5798 3563 5842 sum.
3587 5801 3609 5837 ο
