3968 6220
457 338 591 404 1553

1589 335 1648 394 S.
1687 335 2006 396 LU-N'GINI
2055 340 2544 404 MARTYRIUM.

3567 314 3742 402 153;

445 457 688 526 ῃτήσατο
723 453 822 524 (7)".
856 454 948 507 καὶ
979 456 1013 522 ἡ
1059 453 1113 505 δὲ
1159 451 1256 517 νὺξ
1300 452 1434 522 πρὸς
1485 451 1602 521 βίαν
1644 453 1854 505 εἵλκετο
1877 469 1891 484 ο
1926 453 2020 505 τοῦ

2159 457 2202 510 is
2248 460 2627 528 opprobrium,
2664 475 2765 514 nec
2816 455 3169 529 pugnantium
3224 455 3487 509 adversus
3539 456 3751 508 Deum-

451 545 689 616 σταυροῦ
732 546 841 617 γὰρ
887 545 948 598 τὺ
985 546 1148 614 βάρος
1176 547 1274 615 οὐχ
1307 545 1588 614 ὑφίστατο,
1626 546 1717 597 καὶ
1747 545 1845 613 τῆς
1894 545 2025 596 ’1ου-

448 637 640 707 δαῖκῆς
671 637 974 707 θεομαχίας
1015 641 1244 708 παρεῖτο
1284 636 1344 689 τὸ
1395 636 1666 705 ἔγκλημα.
1698 636 1881 688 Ταῦτα
1921 635 2029 704 ἐγὼ

447 732 562 793 τᾶς
598 729 898 798 ὀφθαλμοῖς
934 745 1036 798 μου
1059 729 1160 805 καὶ
1185 729 1302 790 ταῖς
1327 726 1556 789 οἰκείαις
1584 726 1774 795 ὄψεσιν
1811 728 2028 797 ἱστόρη-

451 833 555 875 σα·
611 822 736 885 πῶς
776 821 956 873 τοίνυν
1004 820 1286 891 σκορπίσω
1332 818 1604 872 τοσούτων
1663 835 1752 887 μοι
1813 819 2030 887 ἀγαθῶν

451 915 704 978 πλοῦτον,
734 915 856 967 οὐδὲ
885 913 994 984 γὰρ
1033 912 1286 980 ἀγγέλων
1317 911 1415 975 τὰς
1461 909 1698 982 μέμψεις
1729 911 2031 980 ὑποστήσο-

455 1025 574 1078 μαι.

522 1095 708 1150 ι’.¹Ἐτι
729 1096 786 1150 δὲ
808 1094 1097 1157 λαλοῦντος
1122 1095 1294 1148 ταῦτα
1320 1093 1413 1147 τοῦ
1443 1093 1714 1164 μακαρίου
1743 1093 2032 1161 Λογγίνου,

453 1188 486 1257 ἡ
520 1184 749 1258 ξυνωρὶς
783 1188 893 1240 τῶν
930 1189 1028 1240 σὺν
1059 1187 1212 1256 αὐτῷ·
1231 1187 1598 1258 στρατιωτῶν,
1634 1189 1665 1255 ἡ
1697 1186 1794 1254 τὴν
1818 1185 1910 1239 ἐπὶ
1941 1185 2034 1237 θά-

454 1295 613 1332 νατον
646 1280 826 1347 ψῆφον
850 1278 1001 1349 παρὰ
1037 1279 1315 1348 Καίσαρος
1335 1278 1598 1347 λαχοῦσα,
1639 1277 1891 1345 ἔφθασεν.
1911 1279 2037 1330 Φαι-

453 1369 568 1438 δρῷ
594 1370 650 1422 δὲ
678 1371 862 1433 αὐτοῖς
894 1370 1172 1442 προσώπῳ
1195 1371 1290 1424 καὶ
1324 1372 1618 1440 περιχαρεῖ
1644 1369 1764 1422 λίαν
1798 1371 1826 1422 ὁ
1857 1370 2035 1439 μακά-

405 1459 408 1462 ⁴
459 1479 570 1531 ριος
603 1463 870 1531 Λογγίνος
905 1463 1258 1534 συνήντησεν,
1289 1465 1414 1526 τοὺς
1440 1463 1753 1533 ὀφθαλμοὺς
1789 1463 1906 1533 ἅμα
1942 1465 2038 1516 καὶ

457 1554 548 1606 τὸν
573 1554 842 1624 τράχηλον
867 1554 1044 1607 αὐτῶν
1087 1553 1484 1624 καταφιλήσας,
1516 1555 1609 1606 καὶ
1638 1553 1743 1624 ἔφη
1772 1555 1907 1625 πρὸς
1941 1554 2039 1608 αὑ·-

455 1644 601 1706 τούς·
626 1645 862 1716 Χαίρετε
885 1687 898 1711 ,
933 1639 978 1698 ὦ
1007 1644 1408 1716 συστρατιῶται
1436 1645 1672 1715 Χριστοῦ
1701 1647 1794 1698 καὶ
1825 1648 2041 1715 νικηταὶ

457 1737 566 1789 τῶν
599 1737 758 1792 θείων
782 1737 1030 1805 ἀγώνων,
1057 1738 1151 1789 καὶ
1173 1736 1497 1807 κληρονόμοι
1522 1737 1619 1806 τῆς
1633 1737 1910 1807 βασιλείας
1931 1739 2040 1792 τῶν

2127 548 2441 605 Iudaeorum
2474 552 2730 607 delictum
2768 553 2973 620 absque
3005 558 3130 603 nota
3169 549 3509 617 praeteriens.
3545 547 3712 616 Equi-

2130 644 2251 696 dem
2282 660 2342 697 ea
2374 645 2554 698 omnia
2588 644 2824 714 propriis
2848 641 3063 713 egomet
3087 642 3258 695 oculis
3283 641 3413 701 vidi,
3442 640 3558 710 ipse
3585 658 3711 709 spe-

2131 744 2306 790 ctat‘or
2337 737 2482 790 astiti
2523 750 2537 790 :
2587 737 2862 807 quomodo
2913 737 3078 807 igitur
3122 735 3435 805 disperdam
3491 734 3709 786 thesau-

2132 845 2249 882 rum
2289 838 2560 882 tantormn
2608 846 2730 898 qua:
2779 829 2912 884 mihi
2962 829 3235 883 obvenere
3290 828 3593 889 bonorum,
3635 827 3710 876 ut

2131 921 2449 990 angelorum
2484 921 2537 975 id
2565 922 2698 975 mihi
2732 924 3250 992 exprobraturorum
3285 921 3566 975 sustinebo
3592 921 3715 973 irri—

2133 1012 2360 1066 siones?

2207 1103 2292 1157 10.
2334 1101 2526 1160 Adhuc
2549 1119 2615 1158 eo
2645 1105 2899 1173 loquente
2934 1106 3252 1174 supervenit
3285 1123 3381 1174 par
3411 1106 3539 1158 illud
3575 1121 3716 1159 50m-

2120 1195 2440 1248 tnilitonum
2463 1238 2476 1261 ,
2523 1196 2699 1250 cidem
2735 1211 2858 1249 cum
2895 1195 3139 1266 Longino
3175 1199 3335 1249 morti
3372 1197 3717 1250 addictoruui

2137 1305 2164 1340 a
2197 1287 2411 1342 Cresar'e
2446 1307 2458 1341 :
2495 1288 2692 1356 quibus
2724 1287 2883 1340 hilari
2920 1289 3067 1340 vultu
3106 1288 3337 1362 laetoque
3386 1288 3570 1340 animo
3626 1303 3719 1341 ec—

2139 1396 2369 1435 eurrens
2421 1380 2474 1434 in
2524 1381 2833 1449 amplexum
2869 1390 3118 1445 sanctus,
3150 1381 3340 1434 oculos
3370 1380 3723 1447 cervicesque

2139 1476 2328 1530 beatas
2356 1475 2739 1540 exosculatur;
2774 1484 2828 1528 et
2866 1493 2876 1527 :
2914 1475 3177 1537 Gaudete,
3211 1475 3421 1543 inquit,
3451 1469 3722 1526 commili—

2131 1565 2298 1623 tones
2343 1568 2547 1622 Christi
2578 1609 2591 1631 ,
2625 1568 2936 1622 divinorum
2975 1567 3343 1636 certaminum
3380 1565 3597 1632 gleriosi
3642 1566 3735 1617 vi--

2142 1668 2341 1721 ctores,
2373 1668 2426 1713 et
2458 1659 2606 1728 regni
2641 1660 2900 1714 caelorum
2935 1658 3180 1712 lneredes
3209 1655 3506 1710 felicissimi

2143 1753 2290 1816 dcte,
2318 1753 2539 1821 inquam
2578 1771 2590 1805 :

3545 1675 3557 1710 :
3593 1673 3695 1726 gau
3708 1687 3726 1698 -

2630 1752 2872 1820 aperitur
2901 1751 3046 1805 enim
3081 1749 3238 1803 nobis
3272 1748 3506 1818 paradisi
3535 1749 3724 1816 jantta',

458 1829 701 1898 οὐρανῶν
725 1845 737 1858 ·
766 1830 1011 1900 χαίρετε,
1040 1831 1122 1882 ὅτι
1151 1831 1183 1898 ἡ
1210 1829 1346 1898 πρὸς
1370 1829 1598 1899 ούρανδν
1624 1830 1765 1898 πύλη
1797 1831 2034 1900 ἀνέῳγεν

2157 1857 2361 1910 ηεηηιιυε
2389 1841 2561 1910 parati
2597 1840 2799 1894 adsunt
2825 1839 3025 1909 angeli,
3065 1838 3275 1891 animas
3305 1847 3524 1890 nostras
3554 1846 3731 1891 trans-

461 1921 612 1986 ἡμῖν,
649 1920 744 1973 καὶ
788 1920 1072 1989 μέλλουσιν
1103 1922 1151 1972 οἱ
1180 1920 1401 1987 ἄγγελοι
1439 1921 1531 1972 τοῦ
1573 1921 1708 1972 Θεοῦ
1743 1923 2036 1992 παραλαμ-

461 2011 645 2065 ϐάνειν
686 2012 787 2074 τὰς
813 2013 1088 2084 ἡμετέρας
1115 2013 1312 2081 ψυχὰς,
1359 2013 1452 2064 καὶ
1503 2013 1835 2083 προσφέρειν
1866 2015 2037 2078 ιιύτὰς

465 2102 542 2170 τῷ
569 2107 850 2172 μονογενεῖ
889 2104 1005 2173 Υίῷ
1034 2103 1128 2156 τοῦ
1156 2103 1311 2157 Θεοῦ.
1330 2104 1460 2157 Ἰδοὺ
1484 2105 1582 2164 τὰς
1610 2103 1900 2174 λαμπάδας
1927 2105 2038 2176 ὁρῶ

465 2196 558 2247 καὶ
588 2196 712 2256 τοὺς
742 2195 1036 2261 στεφάνους
1066 2197 1411 2256 κατοπτεύω.
1445 2197 1538 2248 καὶ
1559 2195 1628 2248 τὰ
1659 2196 1884 2266 βραδεῖα
1915 2214 2038 2249 στο-

466 2285 733 2353 longaeui;
785 2285 902 2354 μεθ’
925 2279 999 2338 ὧν
1034 2285 1111 2355 τῷ
1149 2287 1242 2338 τοῦ
1280 2286 1533 2355 Νυμφίου
1577 2285 2042 2357 παραστησόμεθα

469 2377 693 2445 βήματι.
728 2379 837 2429 Καὶ
879 2377 1054 2429 ταῦτα
1087 2376 1258 2428 εἰπὼν
1279 2417 1293 2440 ,
1330 2377 1435 2443 ἔφη
1475 2380 1587 2439 τοῖς
1613 2377 1826 2446 δημίοις
1849 2395 1860 2410 ·
1899 2379 1963 2431 Εἴ
1989 2396 2040 2431 τι

467 2463 559 2519 οὖν
606 2468 1036 2537 προσετάχθητε,
1068 2469 1127 2520 τδ
1174 2467 1340 2536 τάχος
1393 2467 1934 2537 ποιήσατε.Ἕφησεν
1985 2468 2042 2521 δὲ

469 2561 562 2610 καὶ
599 2561 735 2630 πρὸς
779 2560 869 2611 τὸν
919 2558 1222 2629 ἡγούμενον
1262 2559 1364 2628 τῆς
1411 2559 1589 2620 οἰκίας
1635 2559 1824 2624 αὐτοῦ,
1853 2560 2044 2628 στολὴν

469 2652 715 2722 καθαρὰν
742 2652 964 2722 κομίσαι
995 2649 1176 2721 αὐτῷ,
1206 2650 1279 2714 ὡς
1313 2650 1406 2703 ἐπὶ
1451 2651 1624 2720 γάμον
1662 2651 1754 2702 καὶ
1780 2651 2045 2719 νυμφῶνα

470 2745 809 2814 καλουμένῳ.
850 2745 958 2812 Τῆς
985 2744 1040 2796 δὲ
1066 2742 1328 2813 ἐλθούσης
1351 2741 1711 2811 ἐνδυσάμενος
1737 2742 1925 2812 αὐτὴν,
1951 2744 2046 2796 καὶ

467 2839 531 2903 τῆ
571 2837 713 2904 χειρῖ
758 2835 935 2900 δείξας
964 2835 1053 2887 τὸν
1084 2835 1267 2902 λόφον,
1296 2835 1353 2886 ὲν
1394 2828 1438 2901 ᾧ
1480 2833 1540 2885 τὸ
1585 2835 1853 2903 μακάριον
1881 2833 2044 2886 αὑτοῦ

471 2927 630 2995 σῶμα
665 2927 942 2990 διετάξατο
987 2926 1234 2996 τεθῆναι,
1267 2925 1409 2978 οὕτω
1450 2942 1509 2977 τε
1555 2925 1615 2977 τὸ
1663 2925 1792 2993 γόνυ
1825 2925 2047 2995 κάμψας

471 3019 696 3086 χαίρων,
727 3019 821 3072 καὶ
853 3019 1198 3088 σχηματίσας
1239 3019 1431 3072 ἑαυτὸν
1463 3016 1600 3087 μετὰ
1630 3019 1738 3071 τῶν
1773 3020 1867 3071 σὺν
1899 3019 2048 3088 αὐτῷ

471 3111 721 3178 ἑταίρων,
753 3111 861 3163 τῶν
897 3111 986 3163 τὸν
1015 3111 1312 3182 νικηφόρον
1337 3110 1522 3177 ἀγῶνα
1543 3110 1930 3175 διανυσάντων,
1952 3111 2048 3181 τὴν

472 3202 711 3271 κεφαλὴν
741 3203 1066 3272 ἐκτέμνεται
1091 3206 1222 3273 μηνὶ
1249 3202 1569 3272 Ὀκτωϐρίῳ
1606 3209 1702 3266 ις’,
1732 3203 1827 3254 καὶ
1851 3203 2052 3272 ἐγγρά-

472 3311 664 3361 φονται
706 3296 872 3364 ἄμφω
907 3298 1087 3365 χοροῖς
1136 3295 1454 3348 ἀποστόλων
1504 3310 1562 3346 τε
1614 3294 1709 3346 καὶ
1739 3293 2054 3365 μαρτύρων,

472 3385 674 3438 τούτων
707 3386 816 3456 γὰρ
840 3386 938 3455 τὴν
969 3387 1244 3457 ἀνδρείαν,
1282 3387 1375 3440 καὶ
1403 3386 1626 3440 ἐκείνων
1662 3385 1753 3439 τὸν
1777 3385 1941 3440 καλὸν
1970 3387 2056 3457 ζῆ-

471 3479 562 3530 λον
592 3479 865 3543 ἑδείξαντο
876 3521 888 3534 .

547 3569 636 3623 ια’.
678 3571 810 3622 Τότε
838 3570 1096 3634 λαϐόντες
1117 3573 1164 3625 οἱ
1185 3573 1373 3640 δήμιοι
1394 3571 1491 3640 τὴν
1519 3570 1872 3642 κεφαλὴντοῦ
1901 3571 2054 3639 ἁγίου

458 3661 760 3727 Λογγίνου,
791 3661 994 3731 ταύτην
1020 3663 1427 3733 προσφέρουσιν
1450 3663 1528 3732 τῷ
1560 3662 1804 3732 Πιλάτῳ·
1839 3663 2058 3730 καὶγὰρ

478 3753 614 3822 πρὸς
646 3752 805 3822 χάριν
838 3753 945 3804 τῶν
989 3753 1261 3806 Ἰουδαίων
1294 3753 1454 3806 τοῦτο
1477 3753 1801 3823 πεποίηκεν,
1833 3754 1960 3822 περὶ
1984 3747 2058 3805 ὧν

477 3843 664 3895 ἔλαϐεν
696 3845 1014 3912 χρημάτων.
1035 3846 1122 3906 Ὠς
1167 3846 1221 3897 δὲ
1261 3845 1500 3915 ἤνεγκαν
1531 3848 1577 3898 οἱ
1610 3845 1796 3914 δήμιοι
1829 3844 1926 3914 τὴν
1967 3861 2057 3896 κε-

479 3937 654 4005 φαλὴν
684 3937 780 3988 τοῦ
817 3938 972 4004 ἁγίου
999 3940 1079 3999 εἰς
1119 3937 1489 4006 Ἰερουσαλὴμ,
1532 3937 1861 4007 προστάττει
1906 3938 1933 3988 ὁ
1969 3939 2060 3989 Πι-

479 4027 637 4087 λάτος
667 4027 1036 4096 ἐπιδειχθῆναι
1063 4028 1230 4097 αὐτὴν
1260 4029 1374 4089 τοῖς
1422 4028 1715 4091 Ἰουδαίοις,
1751 4030 1862 4090 τοῖς
1891 4027 2058 4096 διψῶ-

481 4135 564 4168 σιν
595 4119 686 4168 an
718 4119 947 4171 θάνατον
973 4118 1160 4184 αὑτοῦ,
1187 4118 1282 4171 καὶ
1320 4119 1511 4172 πολλοῦ
1540 4120 1772 4189 χρυσίου
1797 4121 1856 4172 τὸ
1877 4120 2060 4190 δρᾶμα

483 4210 738 4278 πωλήσας
790 4212 899 4272 τοῖς
951 4210 1166 4263 εἰωθόσι
1225 4213 1502 4280 χρήμασιν
1536 4211 1789 4265 ὠνεῖσθαι
1839 4215 1905 4265 τὰ
1955 4212 2062 4266 τῶν

481 4300 706 4354 δικαίων
750 4301 978 4371 αἵματα.
1014 4303 1122 4356 Καὶ
1154 4298 1253 4355 εἷθ’
1280 4302 1454 4365 οὓτως
1482 4305 1809 4374 προστάττει
1836 4307 1862 4357 ὁ
1895 4304 2062 4357 Πιλά-

479 4410 570 4455 -τος
608 4395 828 4465 ῥιφῆναι
859 4394 956 4464 τὴν
990 4396 1182 4462 τιμίαν
1212 4396 1455 4465 κεφαλὴν
1485 4395 1577 4447 τοῦ
1611 4396 1768 4463 ἁγίου
1799 4397 2060 4464 Λογγίνου

2145 1933 2306 1988 laturi
2332 1933 2399 1987 ad
2424 1933 2615 1997 Deum,
2635 1948 2836 2000 easque
2859 1930 3094 1986 oblaturi
3117 1930 3397 1999 unigenito
3415 1927 3551 1981 Filio
3574 1929 3726 1994 ejus:

2141 2026 2252 2096 jam
2293 2025 2570 2094 lampades
2611 2024 2785 2087 video,
2815 2024 2926 2092 jam
2962 2037 3195 2076 coronas
3227 2021 3588 2088 contemplor,
3615 2021 3725 2088 jam

2148 2118 2333 2172 bravia
2367 2116 2675 2180 considero,
2714 2133 2836 2170 cum
2892 2115 3092 2184 quibus
3142 2114 3379 2168 coelest’s
3423 2112 3618 2183 Sponsi
3673 2112 3730 2166 in

2153 2209 2452 2264 thalamum
2487 2209 2838 2263 deducemur.
2893 2207 3099 2260 Deinde
3139 2205 3204 2258 ad
3247 2207 3466 2258 lictores
3501 2220 3731 2257 conver-

2151 2316 2278 2363 sus,
2308 2299 2485 2368 inquit
2520 2318 2531 2352 :
2566 2298 2841 2368 Quidquid
2878 2297 3034 2351 vobis
3063 2297 3388 2364 imperatum
3428 2303 3509 2350 est
3543 2294 3733 2349 confc—

2152 2393 2275 2448 stim
2320 2391 2585 2461 perficito.
2616 2389 2977 2458 Praepositum
3009 2404 3138 2442 vero
3173 2389 3366 2441 tloums
3396 2404 3506 2440 sua:
3542 2385 3731 2440 stolam

2153 2485 2409 2538 mundam
2444 2483 2641 2536 afferre
2667 2482 2848 2552 jussit,
2883 2491 3136 2549 tanquam
3162 2480 3226 2532 ad
3260 2478 3482 2546 nuptias
3515 2477 3734 2531 festivas

2153 2586 2422 2631 vocatus:
2457 2591 2687 2643 eamque
2736 2575 2958 2628 indutus
2981 2614 2994 2637 ,
3023 2580 3079 2625 et
3119 2588 3282 2625 manu
3319 2571 3614 2636 designans
3647 2579 3734 2622 tu-

2154 2668 2389 2727 mulum,
2423 2667 2476 2719 in
2519 2681 2628 2736 quo
2659 2666 2877 2720 beatum
2906 2679 3106 2732 corpus
3140 2678 3298 2716 suum
3333 2660 3550 2729 Sepeliri
3586 2660 3734 2714 vole-

2154 2759 2265 2821 bat,
2301 2755 2595 2826 geuullexit
2620 2797 2633 2819 ,
2667 2771 2834 2824 seque
2867 2755 3041 2823 ipsmn
3092 2769 3216 2808 cum
3263 2753 3427 2807 sociis
3449 2793 3461 2815 ,
3495 2753 3735 2818 ejusdem

2157 2848 2435 2903 victoriosi
2487 2849 2675 2919 agonis
2730 2862 2914 2900 secum
2963 2845 3226 2915 ingressis
3276 2844 3514 2898 stadium
3549 2885 3561 2907 ,
3614 2852 3739 2910 apte

2156 2955 2514 3010 componens,
2559 2938 2735 3008 capite
2782 2939 3028 2991 minutus
3074 2946 3157 2991 est
3209 2937 3295 2989 die
3341 2936 3551 2989 decima
3588 2944 3739 2988 sexta

2157 3031 2362 3085 mensis
2391 3029 2667 3093 Octobris,
2698 3043 2997 3097 omnesque
3022 3027 3182 3081 simul
3216 3025 3436 3095 ascripti
3471 3033 3596 3079 sunt
3631 3035 3740 3079 tam

2158 3123 2526 3192 apostolorum
2561 3137 2722 3190 quam
2753 3128 3054 3190 martyrum
3081 3118 3284 3183 choris,
3307 3117 3432 3187 quia
3463 3127 3515 3170 et
3545 3119 3739 3169 horum

2161 3214 2574 3278 fortitudinem,
2626 3221 2679 3266 et
2734 3212 2952 3266 illorum
3002 3211 3323 3281 praeclarum
3380 3209 3556 3262 zelum
3614 3217 3741 3262 sunt

2160 3306 2374 3361 imitati.

2231 3579 2318 3630 ll.
2363 3577 2612 3631 Lietores
2643 3583 2824 3628 autem
2856 3579 3276 3638 assumpserunt
3308 3568 3478 3620 sancti
3513 3567 3738 3632 Longini

2160 3677 2323 3736 caput
2351 3667 2712 3721 deferendum
2751 3665 2816 3717 ad
2853 3664 3103 3722 Pilatum,
3136 3660 3226 3728 qui
3280 3659 3331 3710 in
3379 3659 3602 3729 gratiam
3642 3657 3742 3711 Ju-

2161 3761 2400 3813 daaorum
2433 3759 2633 3811 caedem
2667 3757 2822 3808 istam
2855 3753 3158 3814 mandarat,
3185 3760 3404 3818 accepta
3443 3751 3508 3803 ab
3537 3751 3747 3804 eisdem.

2162 3850 2393 3921 pecunia
2438 3849 2714 3903 inductus.
2754 3845 2819 3899 Ut
2858 3859 2988 3899 vero
3029 3843 3458 3913 Hierosolymam
3510 3842 3746 3895 advene-

2162 3950 2310 4004 runt,
2351 3940 2517 4011 jussit
2565 3939 2770 3993 Pilatus
2800 3937 2930 3990 illud
2967 3935 3213 3990 exhiberi
3252 3934 3454 3988 Judaeis
3513 3944 3743 3986 mortem

2162 4036 2334 4088 sancti
2363 4033 2689 4092 sitientibus,
2718 4032 2887 4084 multo
2918 4045 3052 4083 auro
3079 4028 3325 4082 eamdem
3356 4027 3602 4080 vendens
3631 4026 3746 4093 jam

2163 4126 2395 4180 assuetis
2463 4126 2812 4178 innocentem
2868 4121 3201 4191 sanguinem
3250 4118 3481 4187 pecunia
3541 4133 3742 4168 eluere.

2163 4217 2407 4270 l‘ostlnec
2456 4215 2735 4268 mandavit
2771 4223 2919 4268 extra
2973 4212 3122 4266 urbis
3175 4220 3386 4278 portam
3441 4207 3601 4275 abjit-i
3662 4223 3747 4258 sa-

2163 4323 2313 4360 crum
2347 4317 2532 4376 caput,
2572 4305 2813 4359 terribile
2848 4304 3207 4365 dmmonibus,
3251 4301 3483 4353 amabile
3516 4299 3745 4365 ιλιιςςς-ιὶκ,

2163 4401 2450 4454 clementis
2499 4399 2711 4453 cunctis
2756 4398 3161 4452 admiramlum.
3201 4395 3380 4448 Jac-uit.
3424 4393 3586 4462 igitur
3622 4401 3748 4443 ante

480 4481 584 4544 ἔξω
620 4483 724 4552 πρὸ
771 4486 869 4552 τῆς
932 4485 1110 4554 πύλης
1143 4485 1242 4552 τῆς
1277 4486 1503 4549 πόλεως,
1541 4486 1640 4554 τὴν
1672 4487 1911 4554 φοϐερὰν
1961 4488 2048 4556 μὲν

2165 4501 2347 4559 portas
2379 4499 2634 4558 tanquam
2667 4489 2955 4541 thesaurus
2986 4485 3183 4553 aliquis
3216 4480 3546 4536 inviolabilis
3577 4478 3674 4549 (Γ),
3695 4489 3751 4531 et

478 4577 589 4635 τοῖς
623 4575 864 4644 δαίμοσι,
896 4579 1008 4639 τοῖς
1049 4578 1107 4628 δὲ
1149 4577 1764 4647 ἁγγέλοις’ὲπέραστον,
1797 4577 1889 4630 καὶ
1923 4595 2065 4632 στοι-

480 4664 651 4732 χείοις
682 4664 1362 4736 θαυμαζομένην.Ἕκειτο
1388 4668 1566 4722 τοίνυν
1601 4669 1736 4738 πρὸς
1762 4669 1862 4737 τῆς
1891 4669 2065 4735 πύλης

481 4755 672 4830 ὥσπερ
703 4774 786 4819 τις
817 4758 1092 4828 θησαυρὸς
1119 4760 1338 4823 ἄσυλος,
1373 4760 1579 4829 κόπρου
1609 4762 1663 4812 δὲ
1693 4761 1954 4831 πλείστης
1979 4760 2066 4813 ού-

484 4864 582 4916 σης
617 4849 820 4914 ἐκεῖσε,
855 4849 1098 4920 ἀϐλαϐὴς
1148 4851 1479 4922 διεφυλάχθη
1509 4855 1537 4906 ὁ
1570 4853 1937 4924 πολυτίμητος
1973 4853 2066 4906 τοῦ

482 4939 724 5010 Χριστοῦ
761 4943 1132 5012 μαργαρίτης,
1172 4943 1266 4995 καὶ
1298 4944 1471 5012 τάφος
1503 4945 1653 5013 αὐτῷ
1677 4945 1812 5007 τέως
1869 4945 2068 5014 μᾶλλον

483 5031 540 5084 δὲ
572 5031 804 5096 κιϐωτὸς
853 5035 888 5102 ὴ
927 5034 1130 5104 κόπρος
1163 5030 1250 5105 ἦν,
1289 5035 1770 5106 μακροθυμοῦντος
1813 5036 1908 5088 τοῦ
1940 5036 2061 5104 φιλ-

484 5122 774 5190 ανθρώπου
802 5123 938 5178 Θεοῦ
973 5125 1068 5178 καὶ
1099 5128 1158 5178 δν
1188 5127 1394 5196 τούτῳ,
1425 5128 1738 5197 οἰκονομίας
1770 5129 1950 5198 χάριν.

557 5209 643 5281 ιβ’.
685 5217 842 5286 Χήρα
871 5218 976 5288 γάρ
1002 5235 1086 5280 τις
1124 5217 1282 5288 γυνὴ,
1333 5219 1433 5285 τῆς
1478 5218 1789 5288 αὺτῆς“τῶν
1820 5220 2056 5272 κατεῖπ’

2165 4581 2412 4647 quamvis
2461 4580 2663 4632 lllllilllS
2713 4578 2911 4630 ibidem
2971 4576 3130 4629 fimus
3163 4581 3328 4634 esset,
3371 4572 3746 4638 incorruptum

2164 4680 2438 4724 servatum
2469 4680 2552 4723 est
2584 4668 3041 4738 pretiosissimum
3076 4664 3450 4734 nun'garitmn,
3482 4672 3642 4731 atque
3674 4661 3747 4714 ibi

2163 4764 2500 4833 sepulturam
2539 4762 2730 4815 habuit
2761 4779 2773 4814 :
2801 4762 2908 4814 imo
2940 4761 3056 4830 ipse
3091 4761 3251 4813 liuuls
3280 4757 3458 4811 eidem
3495 4772 3592 4824 pro
3623 4771 3747 4806 arca

2163 4859 2227 4910 ad
2267 4865 2479 4925 tempus
2530 4854 2652 4914 fuit,
2687 4853 3073 4923 longanimiter
3116 4860 3311 4921 agente
3347 4850 3476 4908 Deo,
3516 4856 3571 4899 ct
3623 4863 3747 4913 pro-

2165 4950 2284 5002 vide
2315 4949 2664 5016 disponente,
2695 4956 2753 5000 ut
2792 4954 3106 5015 opportuno
3141 4953 3386 5010 tempore
3420 4939 3548 4991 illud
3595 4955 3748 4990 reve-

2172 5041 2312 5102 lans,
2345 5056 2504 5093 suum
2548 5055 2671 5110 erga
2706 5039 2957 5093 homines
2987 5051 3229 5090 amorem
3269 5029 3612 5086 manifestius
3652 5030 3748 5081 dc-

2169 5133 2309 5186 clara
2319 5140 2420 5185 ret.
2872 5119 2876 5122 i

2242 5222 2331 5275 12.
2376 5221 2585 5275 Etenim
2637 5221 2798 5275 vidua
2833 5237 2897 5274 ex
2929 5217 3284 5288 Cappadocim
3331 5215 3551 5284 regione
3578 5253 3590 5273 .
3632 5227 3749 5266 cor-

1997 5375 2225 5430 NOTAE.

555 5461 630 5530 (7)
674 5460 770 5536 Ms.
795 5462 861 5536 ei)
893 5463 1105 5515 στάδιον
1135 5467 1189 5516 αἱ
1220 5465 1421 5535 ἡμέραι
1453 5465 1545 5518 τοῦ
1581 5467 1754 5535 φωτὸς
1804 5467 2055 5536 παρῃτή-

489 5546 673 5615 σαντο,
704 5532 876 5615 iii/Lg,
908 5542 1036 5613 ete.,
1072 5550 1192 5612 quic-
1229 5532 1286 5587 ut
1319 5532 1564 5615 clariora
1580 5532 1762 5615 essent
1811 5532 2054 5615 nonnihil

489 5603 788 5725 immittavid.
817 5603 1034 5657 librario
1070 5605 1340 5675 imputans
1366 5605 1508 5676 quod
1540 5607 1818 5661 festinanti
1848 5606 2057 5661 excide-

489 5689 530 5726 τι
587 5686 615 5724 a
644 5689 750 5738 tqui
797 5715 806 5726 .

557 5743 622 5815 (fl
669 5743 842 5798 (litata
873 5745 968 5799 sui,
1003 5746 1219 5800 nomine
1252 5745 1625 5817 Metaphiastis
1663 5749 1823 5803 Acta:
1857 5767 1870 5799 ι
1901 5747 2056 5803 Velut

2166 5477 2428 5535 perpetuo
2454 5474 2804 5535 apparentem
2835 5465 3121 5536 quamdam
3147 5465 3417 5536 facemiis
3445 5463 3535 5535 qui
3571 5473 3751 5536 trans-
3799 5507 3811 5521 ,

2166 5532 2315 5592 ibant
2362 5532 2693 5591 cernendam
2740 5532 3020 5604 prmbebat
3065 5546 3192 5590 ante
3240 5532 3512 5589 civitatein
3539 5574 3552 5594 .
3586 5540 3641 5586 et
3693 5532 3751 5586 in.

2165 5607 2506 5676 sterquilinio
2541 5607 2814 5674 jacentem
2847 5614 3102 5678 tanquam
3155 5606 3210 5659 in
3256 5606 3416 5661 domo
3448 5605 3591 5678 regia
3617 5615 3740 5657 ceu-

2166 5687 2436 5733 servatam
2474 5687 2589 5732 tuto
2617 5677 2956 5745 protegebat.
2995 5695 3013 5727 ι
