3968 6220
315 360 452 425 1555

1500 365 1867 426 HESYCHII
1901 365 2378 429 PRESBYTERI

3435 366 3572 435 1556

313 470 498 536 porcis
545 469 719 538 oculis
767 469 1006 534 amissis,
1041 469 1144 524 ﬁde
1181 469 1460 540 superavit
1500 470 1871 528 inﬁrmitatem

1998 474 2168 528 δοκῶν
2194 472 2378 544 χώρας
2403 472 2748 543 ὑπάρχουσα,
2779 469 3101 542 μονογενοῦς
3136 473 3330 528 τέκνου
3365 479 3571 547 μήτηρ,

313 573 368 618 et
398 580 521 619 cum
560 564 844 634 unigenito
879 563 988 618 ﬁlio
1021 579 1122 619 suo
1144 563 1449 618 Jerusalem
1481 563 1734 627 advenit,
1768 580 1893 634 spe-

313 673 441 712 rans
489 671 548 712 se
596 672 746 712 sacra
805 656 1122 711 adorantem
1176 655 1292 710 loca
1321 655 1497 710 visum
1549 655 1890 726 deperditum

312 757 786 819 recuperaturam.
822 750 893 804 Ut
941 749 1106 819 igitur
1155 748 1248 802 ﬁlii
1297 748 1384 802 sui
1440 763 1606 802 manu
1658 748 1890 802 deducta

309 843 529 913 collegit
554 858 724 897 sacrre
757 852 916 897 terra:
946 843 1248 913 pulverem,
1285 855 1490 910 eosque
1517 840 1690 895 oculis
1725 840 1893 910 coepit

311 935 556 990 studiose
605 936 910 1005 applicare,
954 936 997 990 si
1033 934 1172 989 forte
1209 934 1264 988 in
1303 933 1368 987 iis
1416 933 1680 1002 reperiret
1721 933 1890 1004 colly-

310 1026 450 1080 t-ium
480 1027 618 1082 visui
648 1028 953 1098 reparando
985 1027 1274 1091 idoneum;
1301 1024 1482 1078 subito
1505 1039 1571 1078 ex
1598 1025 1891 1093 improviso

311 1119 538 1172 morbus
601 1135 831 1189 puerum
896 1119 1116 1182 invasit,
1161 1126 1519 1185 maternoque
1579 1116 1808 1171 abstulit
1860 1133 1890 1173 e

310 1211 620 1280 complexu.
654 1211 839 1280 Itaque
887 1209 1175 1281 geminata:
1229 1217 1357 1263 sunt
1403 1209 1451 1262 ei
1507 1209 1779 1271 tenebrae,
1827 1225 1890 1263 ac

309 1318 451 1372 pene
485 1303 550 1357 ad
583 1312 827 1358 extrema
876 1302 1106 1356 deducta
1135 1309 1238 1364 est,
1272 1300 1628 1355 intolerabilis
1654 1300 1888 1354 infortu-

310 1393 386 1446 nii
440 1395 806 1447 succumbens
840 1393 1130 1447 calamitati
1165 1408 1179 1444 :
1211 1392 1545 1446 miserabiles
1573 1402 1755 1447 autem
1793 1409 1889 1446 vo-

309 1496 404 1538 ces
455 1485 520 1538 ad
573 1483 742 1542 Deum
769 1484 983 1552 jactans
1013 1501 1025 1536 :
1059 1481 1376 1552 Usquequo,
1409 1483 1606 1552 inquit,
1639 1483 1885 1551 Domine,

309 1575 650 1630 oblivisceris
677 1575 732 1632 in
763 1575 964 1629 ﬁnem?
985 1574 1280 1645 Usqueqtto
1302 1575 1504 1630 avertis
1522 1575 1714 1631 faciem
1739 1585 1885 1631 tuatn

307 1683 338 1722 a
377 1667 504 1721 me?
540 1666 831 1737 Usquequo
880 1681 1078 1736 ponam
1125 1667 1350 1721 consilia
1401 1668 1455 1721 itt
1509 1668 1689 1722 anima
1741 1684 1882 1732 mea,

304 1760 524 1815 dolores
557 1760 610 1814 in
647 1761 811 1814 corde
862 1775 986 1815 meo
1020 1760 1108 1815 die
1155 1775 1220 1814 ac
1269 1759 1469 1815 nocte?
1505 1759 1756 1830 Respice,
1789 1775 1884 1814 ex-

1994 569 2122 630 τοὺς
2159 565 2473 637 ὀφθαλμοὺς
2496 564 2589 620 τοῦ
2619 563 2871 636 σώματος
2901 564 3274 629 ἀποϐαλοῦσα,
3307 569 3488 620 πίστει
3511 571 3575 622 τὸ

1996 658 2168 722 πάθος
2205 659 2498 728 νικήσασα,
2530 657 2669 727 μετὰ
2715 655 2809 710 τοῦ
2862 656 3189 726 μονογενοῦς
3229 658 3424 712 τέκνου
3471 661 3574 731 τὴν

2005 749 2360 820 Ἰερουσαλὴμ
2385 747 2705 813 κατέλαϐεν,
2724 748 2913 802 ἐνθάδε
2935 749 3295 817 προσδοκῶσα
3317 753 3380 819 τῇ
3401 767 3573 821 προσ-

1994 843 2128 912 κυνή
2137 858 2219 894 σει
2241 841 2350 894 τῶν
2373 839 2546 908 ἁγίων
2569 841 2751 894 τόπων
2773 840 2900 903 τοὺς
2920 839 3236 909 ὀφθαλμοὺς
3254 839 3569 895 ἀπολαϐεῖν.

2004 935 2094 997 Ὠς
2121 934 2215 988 οὖν
2245 933 2738 1005 χειραγωγουμένη
2773 933 2881 986 ὑπὸ
2910 931 3008 986 τοῦ
3042 931 3179 985 ἰδίου
3211 933 3404 986 τέκνου
3444 949 3572 985 συν-

1990 1029 2123 1098 ῆγεν
2172 1029 2264 1081 τὸν
2311 1026 2440 1098 χοῦν
2487 1027 2585 1096 τῆς
2631 1024 2758 1094 γῆς,
2792 1024 2888 1077 καὶ
2934 1026 3047 1087 τοῖς
3093 1023 3244 1086 ἰδίοις
3273 1024 3570 1094 ὀφθαλμοῖς

1991 1121 2287 1175 ἐσκέπτετο
2313 1119 2768 1174 καταπλάσασθαι
2794 1117 3006 1180 τοῦτον,
3043 1115 3176 1180 ἴσως
3205 1119 3263 1170 ἐν
3297 1117 3448 1186 αὐτῷ
3479 1118 3571 1169 εύο

1993 1215 2200 1286 ρίσκειν
2234 1211 2596 1284 προσδοκῶσα
2627 1211 2722 1264 τοῦ
2775 1210 2951 1279 φωτὸς
2996 1208 3282 1279 κολλύριον
3325 1208 3462 1279 πρὸς
3513 1206 3573 1260 τὸ

1988 1304 2308 1374 ἀναϐλέψαι,
2337 1302 2534 1374 ἀθρόον
2561 1302 2796 1372 ἐπῆλθεν
2823 1300 2978 1364 νόσος
3028 1299 3108 1370 τῷ
3157 1301 3442 1368 μονογενεϊ
3473 1298 3573 1350 αὒ-

1987 1399 2086 1467 τῆς
2135 1395 2255 1466 υἱῷ,
2283 1395 2377 1449 καὶ
2423 1395 2752 1465 ἀφήρπασεν
2795 1391 2960 1445 αὐτὸν
3011 1392 3077 1444 ὲκ
3127 1390 3237 1444 τῶν
3287 1390 3574 1461 μητρικῶν

1988 1487 2208 1560 χειρῶν.
2240 1487 2372 1540 Τότε
2401 1485 2622 1540 διπλοῦν
2660 1484 2796 1554 αὐτῇ
2825 1483 2887 1537 τὸ
2912 1484 3110 1548 σκότος
3135 1481 3246 1536 τῶν
3273 1479 3574 1550 ὀφθαλμῶν

1986 1580 2224 1650 ἐπῆλθεν
2250 1619 2263 1643 ,
2305 1579 2402 1632 καὶ
2445 1577 2666 1642 τελείως
2714 1575 3083 1632 ἀπεσϐέννυτο
3128 1574 3206 1645 τῷ
3253 1574 3574 1644 δριμυτάτψ

1987 1670 2150 1725 πάθει
2195 1669 2294 1738 τῆς
2343 1668 2665 1739 συμφορᾶς·
2712 1667 2745 1735 ή
2781 1665 2841 1719 δὲ
2870 1665 3096 1736 οἰκτρὰς
3134 1664 3319 1732 φωνὰς
3367 1663 3567 1732 βοῶσα,

1987 1762 2124 1835 πρὸς
2168 1761 2258 1815 τὸν
2303 1760 2438 1813 Θεὸν
2481 1758 2670 1828 ἔλεγεν
2691 1773 2705 1789 ο
2737 1757 2885 1820 Ἕως
2919 1757 3073 1820 πότε,
3103 1755 3301 1825 Κύριε,
3330 1751 3570 1823 ἐπιλήσῃ

301 1853 462 1919 atttli,
496 1853 757 1908 miserere
789 1854 931 1919 mei,
967 1853 1192 1908 Domine
1230 1853 1372 1908 Deus
1406 1868 1561 1908 meus
1595 1870 1610 1908 :
1640 1853 1876 1908 illumina

1991 1870 2094 1924 μου
2128 1853 2208 1916 εἰς
2236 1851 2389 1914 τέλος
2415 1867 2429 1917 ;
2481 1849 2588 1913 ἕως
2622 1848 2751 1902 πότε
2788 1846 3156 1918 ἀποστρέφεις
3183 1845 3246 1898 τὺ
3275 1843 3572 1916 πρόσωπόν

301 1945 489 2001 oculos
519 1961 671 1999 meos
713 1945 1003 2014 nequando
1045 1955 1268 2015 propter
1301 1944 1552 2000 mmroris
1597 1953 1650 2000 et
1695 1944 1875 2000 luctus

302 2034 729 2105 magnitudinem
780 2035 1078 2090 absorbear
1123 2049 1153 2088 a
1205 2044 1400 2088 morte.
1440 2033 1688 2100 Domine,
1743 2050 1873 2088 num

302 2125 419 2178 sola
451 2141 550 2195 ego
579 2141 744 2195 super
777 2135 975 2179 terram
1005 2124 1306 2195 peccatrix,
1329 2124 1473 2194 quod
1498 2125 1552 2178 in
1581 2132 1688 2178 tam
1720 2140 1877 2180 seve-

300 2231 420 2269 rmn
452 2215 692 2270 adducar
717 2215 1023 2286 judicium?
1047 2214 1209 2270 Certe
1259 2230 1365 2268 non
1417 2229 1517 2286 ego
1567 2215 1721 2285 pejor
1755 2229 1876 2269 sum

299 2309 608 2374 meretrice,
639 2325 800 2379 quam
846 2308 1137 2380 suscepisti
1175 2307 1270 2362 tibi
1318 2316 1594 2378 unguenta
1641 2307 1878 2362 aﬁ'eren-

299 2409 430 2454 tcm.
477 2399 559 2454 Me
595 2417 724 2456 vero
769 2400 1198 2455 infelicissimam
1239 2408 1295 2454 et
1331 2399 1613 2455 oculorum
1646 2399 1874 2464 lumine,

296 2504 353 2548 ct
386 2496 667 2566 unigenito
714 2496 825 2550 ﬁlio
859 2495 1086 2566 privasti
1115 2512 1129 2548 :
1167 2510 1346 2566 neque
1392 2494 1562 2549 ullubi
1596 2494 1762 2548 relata
1793 2501 1877 2548 est

297 2587 486 2640 salutis
512 2604 658 2656 spes.

1979 1961 2076 1998 σου
2108 1945 2202 1998 ἀπ’
2227 1942 2398 2012 ἐμοῦ;
2451 1942 2558 2003 ἕως
2609 1941 2755 2004 τίνος
2802 1939 3044 2009 θήσομαι
3092 1937 3287 2008 βουλὰς
3325 1937 3386 1989 ὲν
3416 1935 3569 2005 ψυχῇ

1981 2054 2107 2108 μου⁹
2138 2033 2328 2097 ὀδύνας
2356 2035 2414 2088 ἐν
2439 2031 2640 2104 καρδίᾳ
2664 2047 2765 2101 μου
2789 2028 3004 2100 ἡμέρας
3029 2027 3128 2082 καὶ
3154 2027 3348 2090 νυκτός
3371 2043 3387 2092 ;
3417 2024 3572 2108 Ἐπίτ

1978 2106 2197 2198 δλεψον,
2213 2127 2554 2186 εἰσάκουσον,
2585 2121 2808 2193 ἐλέησόν
2834 2137 2924 2193 με,
2940 2119 3114 2192 Κύριε
3132 2120 3159 2173 ὀ
3174 2117 3306 2182 Θεός
3323 2133 3448 2187 μου,
3469 2106 3570 2168 καὶ

1981 2219 2216 2289 φώτισον
2244 2218 2373 2280 τοὺς
2399 2213 2711 2286 ὀφθαλμούς
2745 2231 2848 2284 μου
2869 2253 2884 2278 ,
2923 2213 2997 2283 μή
3030 2226 3159 2265 ποτε
3189 2209 3296 2264 ὑπὸ
3332 2207 3432 2277 τῆς
3466 2223 3568 2260 πε-

1987 2308 2305 2379 ρισσοτέρας
2336 2305 2513 2376 λύπης
2543 2306 2640 2359 καὶ
2667 2303 2860 2372 ὀδύνης
2878 2299 3178 2356 καταποθῶ
3201 2301 3281 2362 εἰς
3308 2297 3564 2352 θάνατον.

1983 2401 2178 2471 Κύριε,
2208 2397 2285 2470 μή
2331 2397 2470 2468 μόνη
2523 2394 2636 2464 ἐγὼ
2667 2395 2762 2449 ἐπὶ
2797 2397 2896 2465 τῆς
2939 2393 3040 2464 γῆς
3072 2391 3399 2462 ἁμαρτωλὸς
3427 2405 3568 2457 τυγο

1983 2493 2132 2564 χάνω
2153 2532 2168 2557 ,
2199 2491 2283 2546 ὅτι
2313 2489 2409 2555 τὰς
2439 2489 2598 2553 δίκας
2621 2486 2826 2550 ταύτας
2853 2487 3205 2560 δρυμυτάτας
3237 2485 3565 2556 εἰσπράττειν

1986 2598 2122 2652 μαι;
2154 2579 2523 2649 Δέσποτα,’μὴ
2550 2577 2749 2647 χείρων
2772 2576 2890 2648 εἰμί.
2916 2579 3015 2646 τῆς
3045 2577 3272 2648 πόρνης,
3296 2576 3366 2644 ἦν
3392 2589 3565 2644 προσ-

298 2679 462 2745 εδέξω
501 2680 673 2749 μύρον
704 2697 784 2733 σοι
813 2677 1446 2752 προσκομίζουσαν,ἐμέ
1483 2679 1661 2750 δὲτὴν
1688 2675 2033 2746 ταλαίπωρον
2060 2674 2228 2745 μόνην
2261 2673 2356 2726 καὶ
2423 2670 2485 2725 τὸ
2544 2669 2660 2739 φῶς
2723 2671 3046 2743 ἐστέρησας,
3115 2669 3209 2722 καὶ
3251 2667 3344 2721 τὸν
3397 2683 3562 2738 povo-

297 2773 432 2841 γενῆ
461 2791 562 2842 μου
591 2774 706 2826 υἱὸν
738 2772 952 2834 ἔλαϐες.
981 2772 1073 2826 καὶ
1098 2772 1198 2826 ούκ
1228 2772 1376 2826 ἔστιν
1409 2773 1499 2842 μοί
1531 2771 1697 2827 ποθεν
1723 2770 1883 2834 ἐλπὶς
1924 2767 2222 2838 σωτηρίας.

371 2864 455 2917 l3.
499 2862 615 2917 Tali
654 2874 872 2932 tamque
917 2862 1293 2918 inconsolabili
1322 2863 1377 2916 in
1412 2863 1559 2919 luctu
1594 2877 1718 2918 cum
1752 2877 1880 2932 per-

297 2963 578 3009 severaret
609 2955 843 3020 misera,
877 2955 1128 3025 apparuit
1161 2955 1458 3010 dormienti
1487 2955 1548 3008 Β.
1579 2954 1876 3024 Longinus,

295 3054 353 3100 et
379 3045 639 3116 quidquid
671 3046 813 3101 circa
844 3061 904 3102 se
936 3055 1145 3118 gestum
1176 3057 1322 3102 esset
1351 3047 1528 3102 eidem
1561 3047 1877 3103 manifesta-

296 3137 373 3192 vit
403 3154 416 3190 ι
454 3138 562 3207 Ego
587 3179 600 3198 ,
637 3139 924 3206 inquiens,
974 3137 1258 3205 Longinus
1305 3139 1556 3194 centurio
1605 3155 1748 3205 sum,
1784 3139 1878 3208 qui

296 3227 400 3280 sub
433 3243 594 3282 cruce
625 3230 912 3283 Dominum
941 3229 1126 3284 .lcsum
1160 3229 1437 3285 Christum
1468 3245 1598 3285 vere
1649 3230 1742 3285 Dei
1786 3229 1877 3286 Fi-

298 3317 429 3370 lium
478 3333 598 3372 esse
645 3319 940 3374 conﬁtebar
971 3337 986 3374 :
1020 3330 1206 3374 nottttn
1251 3322 1415 3392 igitur
1457 3321 1532 3375 sit
1566 3321 1694 3385 tibi,
1729 3320 1877 3391 quod
1903 3299 1945 3360 ο

296 3405 504 3461 Pilatus
544 3407 663 3461 falsi
709 3408 954 3463 criminis
983 3425 1071 3464 me
1099 3427 1362 3467 accusans
1393 3411 1665 3466 Caesarem
1706 3412 1876 3466 inter-

297 3499 538 3568 pellavit,
573 3499 732 3569 cujus
777 3501 930 3570 jussu
980 3510 1250 3555 resectum
1302 3501 1436 3556 mihi
1485 3510 1651 3572 caput
1692 3510 1796 3562 est.
1823 3511 1878 3556 et

297 3592 406 3646 huc
435 3592 693 3656 delatum,
723 3601 886 3662 atque
911 3601 1064 3647 extra
1097 3592 1378 3648 civitatem
1409 3593 1715 3663 projectum
1747 3608 1877 3648 con-

298 3683 602 3738 ferentibus
635 3683 689 3738 in
727 3685 831 3738 hoc
879 3684 1058 3754 ipsum
1093 3684 1352 3754 pecunias
1379 3685 1691 3739 Judteorum
1737 3699 1876 3754 pue-

297 3773 394 3828 ris.
431 3773 544 3828 Sub
575 3774 916 3844 sterquilinio
959 3775 1140 3844 itaque
1188 3775 1461 3846 scpnltum
1509 3775 1638 3829 illud
1679 3783 1784 3840 est,
1817 3781 1877 3828 ut

297 3865 391 3918 tibi
419 3879 729 3920 servaretur
768 3882 888 3920 sors
919 3867 1006 3921 illa
1037 3868 1103 3921 ad
1137 3868 1428 3923 sanitatem
1460 3866 1818 3937 plurimorum
1856 3884 1871 3920 :

295 3956 475 4009 statim
513 3957 713 4026 quippe
743 3972 806 4012 ac
839 3959 1164 4013 revelaveris
1193 3957 1490 4013 indicatum
1523 3957 1617 4012 tibi
1647 3958 1872 4012 thesau-

294 4062 414 4100 rum
443 4089 456 4113 ,
483 4048 670 4102 oculos
709 4054 830 4103 tuos
859 4050 1094 4120 recipies
1118 4089 1134 4115 ,
1169 4050 1367 4105 deinde
1401 4061 1457 4104 et
1505 4065 1736 4119 puerum
1774 4049 1870 4104 tibi

293 4137 476 4189 vivum
513 4137 698 4191 sistam
724 4153 861 4216 eum_
875 4139 1067 4208 gloria,
1103 4139 1250 4196 unde
1282 4155 1392 4195 non
1423 4140 1698 4195 mediocre
1728 4139 1872 4195 sola-

293 4243 417 4281 men
446 4226 626 4282 luctus
659 4237 782 4284 tuus
798 4231 1061 4300 accipiet.

361 4319 449 4372 14.
492 4318 714 4374 Talibus
764 4323 947 4376 verbis
997 4322 1275 4377 consolata
1323 4319 1485 4377 simul
1519 4331 1574 4378 et
1616 4324 1867 4379 roborata

288 4409 508 4476 mulier,
544 4421 732 4482 utpote
776 4412 951 4468 ﬁdelis
987 4429 1098 4468 non
1131 4414 1314 4469 minus
1367 4430 1531 4484 quam
1580 4429 1865 4485 generosa,

288 4502 446 4571 petiit
475 4503 540 4558 ad
571 4505 748 4560 locum
789 4505 1007 4572 diduci,
1042 4506 1099 4560 in
1126 4522 1287 4577 quem
1316 4506 1590 4578 deportari
1622 4505 1808 4559 ﬁmum
1836 4519 1868 4558 a

288 4592 406 4646 suis
433 4592 757 4693 ductoribus
792 4596 1014 4657 dedicit.
1050 4598 1144 4667 qui
1194 4606 1248 4652 et
1295 4596 1396 4668 ipsi
1440 4596 1624 4651 ﬁdeles
1657 4603 1811 4651 erant
1848 4612 1862 4649 :
1895 4633 1944 4693 ο

286 4697 525 4752 cumque
574 4700 641 4740 eo
689 4685 1038 4753 advenisset,
1090 4689 1352 4744 continuo
1400 4689 1568 4758 cmpit
1613 4687 1866 4742 manibus

287 4775 558 4846 scalpere,
599 4785 655 4831 et
688 4776 780 4832 Dei
810 4790 1005 4847 agente
1045 4781 1388 4852 providentia
1421 4781 1674 4836 celeriter
1707 4795 1866 4850 repe-

285 4865 358 4920 rit
401 4867 768 4922 venerandum
816 4878 998 4940 caput,
1028 4881 1082 4924 et
1116 4872 1247 4926 solis
1275 4871 1455 4925 radios
1498 4872 1692 4926 intuita
1727 4880 1812 4927 est
1849 4890 1863 4926 :

285 4957 464 5027 ipsum
495 4973 627 5012 vero
661 4961 1030 5030 complectens
1059 4976 1122 5015 ac
1153 4960 1394 5016 studiose
1418 4962 1646 5017 abluens
1671 4971 1726 5018 et
1760 4979 1862 5018 un-

284 5048 500 5119 guentis
533 5051 793 5106 condiens
825 5051 1082 5122 pretiosis
1104 5091 1120 5117 ,
1157 5067 1399 5127 regressa
1435 5063 1519 5109 est
1567 5055 1621 5108 in
1672 5055 1862 5110 civita-

282 5150 415 5207 tem,
450 5157 638 5198 secum
667 5144 722 5199 in
749 5160 908 5198 suum
961 5144 1261 5214 hospitium
1293 5146 1547 5201 deferens
1571 5147 1864 5202 inaestima-

282 5231 390 5288 bile
441 5236 815 5305 margaritum.
852 5235 1023 5291 Nocte
1071 5251 1204 5290 vero
1253 5238 1502 5306 sequenti
1558 5253 1774 5293 rursum
1810 5238 1860 5292 ei

282 5334 504 5380 sanctus
544 5325 821 5396 Longinus
851 5327 1054 5393 astitit,
1084 5329 1150 5382 ad
1195 5329 1333 5382 latus
1364 5344 1520 5383 suum
1555 5329 1762 5385 habens
1794 5329 1858 5383 il-

283 5410 391 5466 lius
422 5410 590 5467 ﬁlium
627 5413 974 5483 splendidum
1003 5430 1066 5470 ac
1093 5416 1467 5472 subridentem
1495 5427 1550 5473 et
1574 5419 1718 5473 velut
1754 5435 1856 5472 nu-

2054 2865 2144 2928 ιγ’.
2180 2859 2269 2922 Ὠς
2299 2857 2356 2911 δὲ
2393 2852 2462 2928 ἦν
2487 2857 2548 2910 ἐν
2579 2853 2747 2928 πολλῇ
2794 2853 2971 2926 θλίψει
3013 2855 3105 2908 καὶ
3136 2855 3564 2926 άπαραμυθήτφ

1979 2953 2190 3019 πένθει,
2222 2954 2470 3024 φαίνεται
2503 2954 2640 3025 αὐτῇ
2672 2953 2799 3006 καθ’
2819 2951 2987 3006 ὕπνον
3007 2951 3036 3003 ὀ
3064 2950 3336 3022 μακάριος
3354 2953 3560 3021 Λογγῖ-

1981 3065 2091 3115 νος,
2114 3047 2208 3101 καὶ
2240 3045 2422 3102 πάντα
2447 3046 2588 3118 αὐτῇ
2614 3045 2683 3100 τὰ
2711 3044 2834 3099 καθ’
2857 3045 3051 3098 ἑαυτὸν
3077 3043 3396 3117 διηγήσατο.
3417 3045 3560 3113 Ἐγώ

1980 3143 2118 3211 εἰμι,
2149 3140 2348 3208 λέγων,
2379 3140 2640 3208 Λογγῖνος
2666 3138 2697 3190 ὀ
2727 3136 3194 3209 Ἑκατόνταρχος,
3231 3138 3260 3190 ὀ
3287 3139 3558 3208 ὁμολογή-

1982 3249 2082 3296 σας
2116 3233 2208 3284 sui.
2245 3231 2341 3285 τοῦ
2378 3229 2614 3302 σταυροῦ
2645 3229 2738 3284 τὸν
2771 3231 2977 3301 Κύριον
3007 3229 3166 3302 ήμῶν
3201 3229 3404 3300 Ἰησοῦν
3425 3233 3559 3302 Χριι

1980 3323 2126 3386 στὸν,
2160 3324 2243 3376 ὃτι
2268 3321 2486 3393 ἀληθῶς
2527 3321 2662 3375 Θεοῦ
2699 3321 2815 3385 υίός
2841 3322 2990 3374 ἐστιν
3022 3313 3210 3385 οὖτοςο
3255 3321 3380 3376 ὅθεν
3420 3323 3547 3375 ἁπο-

1978 3410 2239 3465 καλύπτω
2283 3427 2388 3475 σοι,
2424 3411 2504 3464 ὅτι
2535 3409 2768 3472 Πιλάτος
2793 3407 2914 3464 κατ’
2939 3409 3075 3479 ἐμοῦ
3103 3409 3279 3480 ψευδῆ
3309 3411 3555 3480 δημηγο··

1979 3503 2153 3573 ρήσας
2181 3500 2418 3572 ἐρεθίζει
2449 3499 2541 3554 τὸν
2573 3500 2847 3571 Καίσαρα,
2872 3501 2967 3554 καὶ
2995 3501 3293 3571 ἀποτέμνει
3322 3519 3424 3571 μου
3453 3504 3558 3570 τὴν

1978 3589 2241 3661 κεφαλὴν,
2276 3589 2369 3643 καὶ⁷
2401 3587 2632 3644 ἐνταῦθα
2667 3589 2904 3657 κομίζει,
2939 3588 3036 3643 καὶ
3067 3590 3252 3659 ῥίπτει
3302 3589 3408 3657 ἔξω
3453 3590 3551 3658 τῆς

1976 3681 2206 3746 πόλεως,
2226 3680 2490 3735 ⁹Ιουδαίων
2521 3680 2579 3734 δὲ
2622 3681 2810 3744 παῖδες
2835 3681 2912 3753 (8)
2954 3682 3256 3752 χρημάτων
3298 3681 3409 3752 ὠνῇ
3460 3681 3551 3733 καὶ

1973 3772 2135 3826 τοῦτο
2181 3773 2591 3842 συνεφώνησαν.
2631 3773 2853 3845 Κόπρος
2899 3772 3081 3828 τοίνυν
3127 3773 3359 3843 πλείστη
3411 3773 3548 3843 αὐτῇ

1976 3863 2335 3934 σεσώρευται,
2366 3863 2509 3918 ὥστε
2555 3881 2637 3918 σοι
2686 3864 2793 3919 ἐδει
2840 3865 3184 3936 φυλαχθῆναι
3213 3865 3305 3918 τὸν
3351 3865 3550 3936 κλῆρον

1973 3956 2163 4011 τοῦτον
2194 3957 2331 4028 πρὸς
2359 3956 2602 4027 ἰατρείαν
2621 3971 2637 3988 ⁸
2666 3957 2784 4027 ἅμα
2814 3959 2924 4027 γὰρ
2957 3957 3126 4027 αὐτὴν
3157 3957 3546 4026 άνακαλύψεις,

1971 4048 2100 4111 τοὺς
2124 4045 2437 4117 ὀφθαλμούς
2467 4063 2560 4099 σου
2589 4047 2882 4119 ἀπολήψει,
2899 4045 2997 4100 εἷθ’
3018 4046 3190 4112 οὕτως
3215 4051 3550 4119 παραστήσω

1976 4154 2060 4191 σοι
2089 4137 2184 4190 καὶ
2209 4138 2302 4191 τὸν
2334 4137 2501 4192 παῖδα
2525 4137 2706 4202 ζῶντα
2739 4138 2878 4208 μετὰ
2904 4137 3084 4204 δόξης,
3107 4138 3189 4192 ὅτι
3220 4155 3314 4192 σου
3344 4138 3406 4191 τὸ
3425 4137 3547 4190 πένο

1971 4231 2061 4293 θος
2094 4230 2156 4283 οὐ
2185 4229 2419 4302 μετρίως
2440 4228 2836 4300 παρακαλέσει.

2041 4320 2124 4377 ιδ’.
2165 4321 2390 4387 Τούτοις
2416 4318 2510 4377 οὖν
2539 4325 2652 4387 τοῖς
2681 4322 2860 4392 λόγοις
2889 4322 3363 4393 παρακληθεῖσαή
3387 4321 3543 4391 γυνὴ,

1969 4414 2106 4485 ὀμοῦ
2131 4415 2226 4470 καὶ
2257 4414 2595 4486 νευρωθείσα
2622 4413 2700 4478 ὡς
2729 4414 2956 4486 ἀνδρεία
2981 4415 3075 4468 καὶ
3104 4413 3295 4482 πιστὴ,
3323 4414 3458 4484 πρὸς
3487 4412 3545 4466 τὸ

1969 4505 2130 4577 ἔργον
2160 4505 2441 4576 ἠπείγετο,
2474 4505 2953 4576 χειραγωγηθεῖσα
2977 4505 3113 4578 πρὸς
3143 4505 3237 4558 τὸν
3261 4505 3456 4576 χῶρον,
3488 4505 3545 4556 ἐν

1966 4589 2011 4664 ᾧ
2061 4597 2266 4664 κόπρον
2308 4596 2651 4667 σωρευθῆναι
2691 4596 2994 4666 ἐμάνθανεν
3028 4596 3183 4670 παρὰ
3226 4596 3336 4650 τῶν
3380 4594 3544 4664 αὐτὴν

1967 4687 2306 4757 ὀδηγούντων
2327 4727 2344 4754 ,
2379 4688 2474 4742 καὶ
2501 4687 2921 4742 αὐτῶν.πιστῶν
2944 4687 3117 4741 ὀντων
3136 4704 3150 4717 ’
3183 4687 3286 4759 ήδη
3320 4688 3377 4741 δὲ
3406 4688 3541 4756 φθα-

1969 4781 2180 4836 σάντων
2213 4781 2296 4844 εἰς
2325 4779 2420 4835 τὸν
2451 4780 2812 4852 προκείμενον
2835 4781 3021 4846 τόπον,
3039 4781 3271 4852 ἄρχεται
3295 4781 3544 4850 ὀρύσσειν

1965 4875 2084 4937 ταῖς
2109 4872 2267 4935 ἰδίαις
2288 4872 2476 4944 χερσίν
2491 4887 2505 4904 ·
2530 4872 2653 4926 ὅθεν
2674 4872 2906 4944 προνοίᾳ
2926 4870 3064 4924 Θεοῦ
3092 4872 3282 4942 τάχιον
3312 4869 3542 4942 εὑροῦσα

1967 4965 2068 5034 τὴν
2095 4965 2286 5036 τιμίαν
2311 4964 2390 5035 τῷ
2421 4964 2544 5035 Θεῷ
2573 4964 2819 5035 κεφαλὴν
2838 5005 2856 5031 ,
2888 4965 3231 5036 παραχρῆμα
3259 4963 3361 5028 τὰς
3393 4963 3542 5033 ἡλια-

1972 5057 2072 5121 κὰς
2120 5058 2347 5121 ἀκτῖνας
2390 5057 2674 5113 ἐθεάσατο.
2705 5055 3166 5130 Περιπτυξαμένη
3193 5056 3253 5110 δὲ
3281 5057 3376 5110 καὶ
3409 5053 3540 5110 πλύ-

1971 5167 2109 5204 νασα
2140 5149 2282 5219 μετὰ
2311 5149 2491 5221 πάσης
2528 5151 2786 5222 σπουδῆς,
2817 5150 2913 5204 καὶ
2939 5149 3133 5221 μύροις
3159 5149 3402 5220 ἐντίμοις
3442 5149 3542 5201 ἐπε

1966 5240 2260 5312 αλείψασα,
2291 5241 2655 5313 ἐπανέρχεται
2678 5242 2771 5295 ἐπὶ
2810 5241 2911 5313 τὴν
2941 5240 3130 5306 πόλιν,
3165 5241 3407 5312 φέρουσα
3451 5238 3540 5292 τὸν

1965 5333 2144 5405 τίμιον
2187 5333 2282 5388 καὶ
2309 5333 2506 5388 ἄσυλον
2541 5333 2889 5405 μαργαρίτην
2909 5374 2924 5399 ,
2957 5331 3084 5386 ἔνθα
3112 5331 3401 5398 ἐξενίζετο.
3433 5329 3539 5384 Καὶ

1963 5425 2026 5494 δή
2056 5426 2119 5495 τῇ
2153 5424 2380 5496 ἐπιούσῃ
2413 5425 2568 5480 νυκτί
2598 5425 2758 5481 πάλιν
2790 5424 3017 5488 ἐπιστὰς
3045 5425 3182 5494 αὐτῇ
3209 5425 3238 5477 ὀ
3274 5422 3539 5494 μακάριος

1785 5597 2016 5653 NOTAE.

349 5679 425 5750 (8)
470 5681 678 5766 Usitalo
708 5682 1034 5743 llcllenismo
1069 5705 1164 5759 pro
1197 5689 1390 5746 Curris
1425 5691 1554 5761 ipsis
1592 5709 1601 5744 :
1642 5691 1717 5746 sic
1782 5692 1876 5745 τῶι

1990 5693 2129 5762 τρῶν
2169 5694 2382 5757 παῖδες.
2440 5695 2625 5748 medici
2676 5705 2831 5758 sunt,
2902 5695 3155 5766 γραφέων
3197 5696 3418 5760 παῖδες,
3450 5695 3534 5764 ρί-

282 5763 464 5816 (terra,
505 5761 612 5808 etc.
