  <div class='ocr_page' id='page_1' title='image "/cluster/home/n/w/nwhite01/storage/ocr_20150623/93/mdp.39015078384313/786.png"; bbox 0 0 3968 6220; ppageno 0'>
   <div class='ocr_carea' id='block_1_1' title="bbox 407 371 542 438">
    <p class='ocr_par' dir='ltr' id='par_1_1' title="bbox 407 371 542 438">
     <span class='ocr_line' id='line_1_1' title="bbox 407 371 542 438; baseline -0.022 0"><span class='ocrx_word' id='word_1_1' title='bbox 407 371 542 438; x_wconf 69' lang='lat'><strong>155?</strong></span> 
     </span>
    </p>
   </div>
   <div class='ocr_carea' id='block_1_2' title="bbox 1547 355 2478 422">
    <p class='ocr_par' dir='ltr' id='par_1_2' title="bbox 1547 355 2478 422">
     <span class='ocr_line' id='line_1_2' title="bbox 1547 355 2478 422; baseline -0.003 -3"><span class='ocrx_word' id='word_1_2' title='bbox 1547 360 1607 422; x_wconf 87' lang='lat' dir='ltr'><strong>S.</strong></span> <span class='ocrx_word' id='word_1_3' title='bbox 1644 355 1964 422; x_wconf 74' lang='lat' dir='ltr'><strong>LONGINI</strong></span> <span class='ocrx_word' id='word_1_4' title='bbox 1995 355 2478 418; x_wconf 71' lang='lat' dir='ltr'><strong>MARTYRlUM.</strong></span> 
     </span>
    </p>
   </div>
   <div class='ocr_carea' id='block_1_3' title="bbox 3503 337 3653 415">
    <p class='ocr_par' dir='ltr' id='par_1_3' title="bbox 3503 337 3653 415">
     <span class='ocr_line' id='line_1_3' title="bbox 3503 337 3653 415; baseline 0 -1"><span class='ocrx_word' id='word_1_5' title='bbox 3503 337 3653 415; x_wconf 72' lang='lat'><strong>1558:</strong></span> 
     </span>
    </p>
   </div>
   <div class='ocr_carea' id='block_1_4' title="bbox 402 459 1975 553">
    <p class='ocr_par' dir='ltr' id='par_1_4' title="bbox 402 467 1956 553">
     <span class='ocr_line' id='line_1_4' title="bbox 402 467 1956 553; baseline -0.013 -11"><span class='ocrx_word' id='word_1_6' title='bbox 402 485 654 553; x_wconf 69' lang='grc' dir='ltr'>Λογγῖνος</span> <span class='ocrx_word' id='word_1_7' title='bbox 713 478 853 551; x_wconf 68' lang='grc' dir='ltr'>ἔχων</span> <span class='ocrx_word' id='word_1_8' title='bbox 898 476 988 532; x_wconf 77' lang='grc' dir='ltr'>τὸν</span> <span class='ocrx_word' id='word_1_9' title='bbox 1036 474 1206 545; x_wconf 79' lang='grc' dir='ltr'>αὐτῆς</span> <span class='ocrx_word' id='word_1_10' title='bbox 1255 473 1372 530; x_wconf 75' lang='grc' dir='ltr'>υίδν</span> <span class='ocrx_word' id='word_1_11' title='bbox 1418 473 1568 543; x_wconf 64' lang='grc' dir='ltr'>παρὰ</span> <span class='ocrx_word' id='word_1_12' title='bbox 1612 472 1714 538; x_wconf 83' lang='grc' dir='ltr'>τὴν</span> <span class='ocrx_word' id='word_1_13' title='bbox 1761 467 1956 524; x_wconf 65' lang='grc' dir='ltr'>ἑαυτοῦ</span> 
     </span>
    </p>
   </div>
   <div class='ocr_carea' id='block_1_5' title="bbox 2081 459 3648 553">
    <p class='ocr_par' dir='ltr' id='par_1_5' title="bbox 2081 459 3648 531">
     <span class='ocr_line' id='line_1_5' title="bbox 2081 459 3648 531; baseline 0.001 -13"><span class='ocrx_word' id='word_1_14' title='bbox 2081 465 2279 520; x_wconf 71' lang='grc' dir='ltr'>ιιίειειη</span> <span class='ocrx_word' id='word_1_15' title='bbox 2309 475 2515 520; x_wconf 87' lang='lat' dir='ltr'><strong>vestem</strong></span> <span class='ocrx_word' id='word_1_16' title='bbox 2550 463 2824 525; x_wconf 76' lang='lat' dir='ltr'><strong>indutum,</strong></span> <span class='ocrx_word' id='word_1_17' title='bbox 2857 463 2954 531; x_wconf 85' lang='lat' dir='ltr'><strong>qui</strong></span> <span class='ocrx_word' id='word_1_18' title='bbox 2980 471 3036 516; x_wconf 89' lang='lat' dir='ltr'><strong>et</strong></span> <span class='ocrx_word' id='word_1_19' title='bbox 3058 459 3195 520; x_wconf 74' lang='lat' dir='ltr'><strong>dixit</strong></span> <span class='ocrx_word' id='word_1_20' title='bbox 3230 480 3244 516; x_wconf 89' lang='lat'><strong>:</strong></span> <span class='ocrx_word' id='word_1_21' title='bbox 3274 461 3488 531; x_wconf 72' lang='lat' dir='ltr'><strong>Mulier,</strong></span> <span class='ocrx_word' id='word_1_22' title='bbox 3509 479 3648 520; x_wconf 70' lang='lat' dir='ltr'><strong>ecca</strong></span> 
     </span>
    </p>
   </div>
   <div class='ocr_carea' id='block_1_6' title="bbox 399 563 1963 645">
    <p class='ocr_par' dir='ltr' id='par_1_6' title="bbox 399 563 1963 645">
     <span class='ocr_line' id='line_1_6' title="bbox 399 563 1963 645; baseline -0.013 -13"><span class='ocrx_word' id='word_1_23' title='bbox 399 575 664 645; x_wconf 78' lang='grc' dir='ltr'>πλευράν,</span> <span class='ocrx_word' id='word_1_24' title='bbox 696 569 948 642; x_wconf 74' lang='grc' dir='ltr'>λαμπρὸν</span> <span class='ocrx_word' id='word_1_25' title='bbox 991 568 1085 622; x_wconf 73' lang='grc' dir='ltr'>καὶ</span> <span class='ocrx_word' id='word_1_26' title='bbox 1111 563 1451 637; x_wconf 81' lang='grc' dir='ltr'>μειδιῶντα.</span> <span class='ocrx_word' id='word_1_27' title='bbox 1482 565 1576 616; x_wconf 73' lang='grc' dir='ltr'>καὶ</span> <span class='ocrx_word' id='word_1_28' title='bbox 1606 563 1799 630; x_wconf 80' lang='grc' dir='ltr'>ὥσπερ</span> <span class='ocrx_word' id='word_1_29' title='bbox 1827 578 1963 630; x_wconf 84' lang='grc' dir='ltr'>νυμ-</span> 
     </span>
    </p>
   </div>
   <div class='ocr_carea' id='block_1_7' title="bbox 401 651 1962 735">
    <p class='ocr_par' dir='ltr' id='par_1_7' title="bbox 401 651 1962 735">
     <span class='ocr_line' id='line_1_7' title="bbox 401 651 1962 735; baseline -0.01 -16"><span class='ocrx_word' id='word_1_30' title='bbox 401 668 526 735; x_wconf 83' lang='grc' dir='ltr'>φίου</span> <span class='ocrx_word' id='word_1_31' title='bbox 556 663 748 735; x_wconf 76' lang='grc' dir='ltr'>στολὴν</span> <span class='ocrx_word' id='word_1_32' title='bbox 781 661 993 730; x_wconf 74' lang='grc' dir='ltr'>ἔχοντα,</span> <span class='ocrx_word' id='word_1_33' title='bbox 1028 657 1178 726; x_wconf 72' lang='grc' dir='ltr'>λέγει</span> <span class='ocrx_word' id='word_1_34' title='bbox 1225 655 1360 727; x_wconf 66' lang='grc' dir='ltr'>πρὸς</span> <span class='ocrx_word' id='word_1_35' title='bbox 1405 654 1574 723; x_wconf 83' lang='grc' dir='ltr'>αὑτήν</span> <span class='ocrx_word' id='word_1_36' title='bbox 1594 669 1609 683; x_wconf 86' lang='grc'><strong>·</strong></span> <span class='ocrx_word' id='word_1_37' title='bbox 1636 653 1828 713; x_wconf 86' lang='grc' dir='ltr'>Γύναι,</span> <span class='ocrx_word' id='word_1_38' title='bbox 1865 651 1962 716; x_wconf 83' lang='grc' dir='ltr'>ῐδε,</span> 
     </span>
    </p>
   </div>
   <div class='ocr_carea' id='block_1_8' title="bbox 397 742 1966 820">
    <p class='ocr_par' dir='ltr' id='par_1_8' title="bbox 397 742 1966 820">
     <span class='ocr_line' id='line_1_8' title="bbox 397 742 1966 820; baseline -0.01 -10"><span class='ocrx_word' id='word_1_39' title='bbox 397 756 457 810; x_wconf 78' lang='grc' dir='ltr'>ὃν</span> <span class='ocrx_word' id='word_1_40' title='bbox 484 755 720 818; x_wconf 66' lang='grc' dir='ltr'>ἐπόθεις,</span> <span class='ocrx_word' id='word_1_41' title='bbox 752 746 906 815; x_wconf 65' lang='grc' dir='ltr'>οὗτός</span> <span class='ocrx_word' id='word_1_42' title='bbox 933 752 1083 804; x_wconf 72' lang='grc' dir='ltr'>ἐστιν</span> <span class='ocrx_word' id='word_1_43' title='bbox 1109 750 1138 801; x_wconf 86' lang='grc' dir='ltr'><strong>ό</strong></span> <span class='ocrx_word' id='word_1_44' title='bbox 1169 748 1463 820; x_wconf 80' lang='grc' dir='ltr'>μονογενής</span> <span class='ocrx_word' id='word_1_45' title='bbox 1493 763 1585 799; x_wconf 89' lang='grc' dir='ltr'><strong>σου</strong></span> <span class='ocrx_word' id='word_1_46' title='bbox 1615 743 1749 806; x_wconf 86' lang='grc' dir='ltr'>υίδς,</span> <span class='ocrx_word' id='word_1_47' title='bbox 1777 743 1838 796; x_wconf 85' lang='grc' dir='ltr'><strong>δν</strong></span> <span class='ocrx_word' id='word_1_48' title='bbox 1868 742 1966 812; x_wconf 84' lang='grc' dir='ltr'><strong>ἁρ-</strong></span> 
     </span>
    </p>
   </div>
   <div class='ocr_carea' id='block_1_9' title="bbox 402 833 1968 915">
    <p class='ocr_par' dir='ltr' id='par_1_9' title="bbox 402 833 1968 915">
     <span class='ocr_line' id='line_1_9' title="bbox 402 833 1968 915; baseline -0.008 -16"><span class='ocrx_word' id='word_1_49' title='bbox 402 847 674 915; x_wconf 86' lang='grc' dir='ltr'>πασθῆναι</span> <span class='ocrx_word' id='word_1_50' title='bbox 701 843 806 898; x_wconf 86' lang='grc' dir='ltr'><strong>τῶν</strong></span> <span class='ocrx_word' id='word_1_51' title='bbox 847 841 955 897; x_wconf 84' lang='grc' dir='ltr'><strong>σῶν</strong></span> <span class='ocrx_word' id='word_1_52' title='bbox 990 840 1191 912; x_wconf 84' lang='grc' dir='ltr'>χειρῶν</span> <span class='ocrx_word' id='word_1_53' title='bbox 1217 840 1503 909; x_wconf 72' lang='grc' dir='ltr'>ἐνόμισας·</span> <span class='ocrx_word' id='word_1_54' title='bbox 1538 837 1671 900; x_wconf 81' lang='grc' dir='ltr'>Θεὸς</span> <span class='ocrx_word' id='word_1_55' title='bbox 1714 834 1771 887; x_wconf 69' lang='grc' dir='ltr'>δὲ</span> <span class='ocrx_word' id='word_1_56' title='bbox 1803 833 1968 888; x_wconf 80' lang='grc' dir='ltr'>αὐτὸν</span> 
     </span>
    </p>
   </div>
   <div class='ocr_carea' id='block_1_10' title="bbox 402 925 1966 1006">
    <p class='ocr_par' dir='ltr' id='par_1_10' title="bbox 402 925 1966 1006">
     <span class='ocr_line' id='line_1_10' title="bbox 402 925 1966 1006; baseline -0.009 -16"><span class='ocrx_word' id='word_1_57' title='bbox 402 935 771 1006; x_wconf 70' lang='grc' dir='ltr'><strong>ἐλευθερώσας</strong></span> <span class='ocrx_word' id='word_1_58' title='bbox 800 935 864 988; x_wconf 75' lang='grc' dir='ltr'>ὲκ</span> <span class='ocrx_word' id='word_1_59' title='bbox 893 932 1046 986; x_wconf 78' lang='grc' dir='ltr'>τοῦδε</span> <span class='ocrx_word' id='word_1_60' title='bbox 1090 929 1186 983; x_wconf 81' lang='grc' dir='ltr'>τοῦ</span> <span class='ocrx_word' id='word_1_61' title='bbox 1235 927 1474 998; x_wconf 77' lang='grc' dir='ltr'>φθαρτοῦ</span> <span class='ocrx_word' id='word_1_62' title='bbox 1509 928 1602 986; x_wconf 72' lang='grc' dir='ltr'>καὶ</span> <span class='ocrx_word' id='word_1_63' title='bbox 1630 925 1966 998; x_wconf 78' lang='grc' dir='ltr'>προσκαίρου</span> 
     </span>
    </p>
   </div>
   <div class='ocr_carea' id='block_1_11' title="bbox 405 1013 1969 1098">
    <p class='ocr_par' dir='ltr' id='par_1_11' title="bbox 405 1013 1969 1098">
     <span class='ocr_line' id='line_1_11' title="bbox 405 1013 1969 1098; baseline -0.008 -19"><span class='ocrx_word' id='word_1_64' title='bbox 405 1027 522 1098; x_wconf 83' lang='grc' dir='ltr'>βίου</span> <span class='ocrx_word' id='word_1_65' title='bbox 563 1028 645 1089; x_wconf 87' lang='grc' dir='ltr'><strong>είς</strong></span> <span class='ocrx_word' id='word_1_66' title='bbox 688 1025 790 1095; x_wconf 82' lang='grc' dir='ltr'>τὴν</span> <span class='ocrx_word' id='word_1_67' title='bbox 839 1022 950 1078; x_wconf 67' lang='grc' dir='ltr'><strong>ἄνω</strong></span> <span class='ocrx_word' id='word_1_68' title='bbox 983 1020 1261 1092; x_wconf 82' lang='grc' dir='ltr'>βασιλείαν</span> <span class='ocrx_word' id='word_1_69' title='bbox 1302 1017 1684 1089; x_wconf 69' lang='grc' dir='ltr'>ἐστράτευσεν.</span> <span class='ocrx_word' id='word_1_70' title='bbox 1713 1015 1823 1068; x_wconf 74' lang='grc' dir='ltr'><strong>Καὶ</strong></span> <span class='ocrx_word' id='word_1_71' title='bbox 1873 1013 1969 1068; x_wconf 77' lang='grc' dir='ltr'><strong>νῦν</strong></span> 
     </span>
    </p>
   </div>
   <div class='ocr_carea' id='block_1_12' title="bbox 405 1105 1969 1188">
    <p class='ocr_par' dir='ltr' id='par_1_12' title="bbox 405 1105 1969 1188">
     <span class='ocr_line' id='line_1_12' title="bbox 405 1105 1969 1188; baseline -0.008 -16"><span class='ocrx_word' id='word_1_72' title='bbox 405 1119 505 1172; x_wconf 82' lang='grc' dir='ltr'>σὺν</span> <span class='ocrx_word' id='word_1_73' title='bbox 538 1118 661 1188; x_wconf 72' lang='grc' dir='ltr'>ἐμοὶ</span> <span class='ocrx_word' id='word_1_74' title='bbox 687 1115 800 1186; x_wconf 69' lang='grc' dir='ltr'><strong>ἔχω</strong></span> <span class='ocrx_word' id='word_1_75' title='bbox 827 1115 1014 1177; x_wconf 77' lang='grc' dir='ltr'>αὑτὸν,</span> <span class='ocrx_word' id='word_1_76' title='bbox 1046 1112 1197 1182; x_wconf 81' lang='grc' dir='ltr'>παρὰ</span> <span class='ocrx_word' id='word_1_77' title='bbox 1219 1110 1327 1181; x_wconf 79' lang='grc' dir='ltr'><strong>γὰρ</strong></span> <span class='ocrx_word' id='word_1_78' title='bbox 1359 1109 1458 1164; x_wconf 78' lang='grc' dir='ltr'><strong>τού</strong></span> <span class='ocrx_word' id='word_1_79' title='bbox 1489 1109 1739 1178; x_wconf 78' lang='grc' dir='ltr'><strong>Σωτῆρος</strong></span> <span class='ocrx_word' id='word_1_80' title='bbox 1776 1105 1969 1160; x_wconf 75' lang='grc' dir='ltr'>ἔλαϐον</span> 
     </span>
    </p>
   </div>
   <div class='ocr_carea' id='block_1_13' title="bbox 403 1198 1968 1275">
    <p class='ocr_par' dir='ltr' id='par_1_13' title="bbox 403 1198 1968 1275">
     <span class='ocr_line' id='line_1_13' title="bbox 403 1198 1968 1275; baseline -0.006 -13"><span class='ocrx_word' id='word_1_81' title='bbox 403 1207 567 1261; x_wconf 78' lang='grc' dir='ltr'>αὐτὸν</span> <span class='ocrx_word' id='word_1_82' title='bbox 585 1245 600 1269; x_wconf 94' lang='grc'><strong>,</strong></span> <span class='ocrx_word' id='word_1_83' title='bbox 628 1205 721 1258; x_wconf 75' lang='grc' dir='ltr'>καὶ</span> <span class='ocrx_word' id='word_1_84' title='bbox 751 1204 850 1275; x_wconf 79' lang='grc' dir='ltr'>τῆς</span> <span class='ocrx_word' id='word_1_85' title='bbox 879 1203 1020 1273; x_wconf 69' lang='grc' dir='ltr'>ἐμῆς</span> <span class='ocrx_word' id='word_1_86' title='bbox 1063 1200 1242 1266; x_wconf 76' lang='grc' dir='ltr'>δεξιᾶς</span> <span class='ocrx_word' id='word_1_87' title='bbox 1274 1200 1532 1254; x_wconf 82' lang='grc' dir='ltr'>οὐδέποτε</span> <span class='ocrx_word' id='word_1_88' title='bbox 1579 1198 1968 1268; x_wconf 80' lang='grc' dir='ltr'>ἀποστήσεται.</span> 
     </span>
    </p>
   </div>
   <div class='ocr_carea' id='block_1_14' title="bbox 407 1286 1970 1362">
    <p class='ocr_par' dir='ltr' id='par_1_14' title="bbox 407 1286 1970 1362">
     <span class='ocr_line' id='line_1_14' title="bbox 407 1286 1970 1362; baseline -0.006 -12"><span class='ocrx_word' id='word_1_89' title='bbox 407 1297 573 1350; x_wconf 83' lang='grc' dir='ltr'>Ὅθεν</span> <span class='ocrx_word' id='word_1_90' title='bbox 599 1296 780 1350; x_wconf 81' lang='grc' dir='ltr'>τοίνυν</span> <span class='ocrx_word' id='word_1_91' title='bbox 807 1293 1048 1348; x_wconf 75' lang='grc' dir='ltr'>λαϐοῦσα</span> <span class='ocrx_word' id='word_1_92' title='bbox 1076 1293 1177 1362; x_wconf 77' lang='grc' dir='ltr'>τὴν</span> <span class='ocrx_word' id='word_1_93' title='bbox 1207 1292 1346 1362; x_wconf 76' lang='grc' dir='ltr'>ὲμὴν</span> <span class='ocrx_word' id='word_1_94' title='bbox 1375 1289 1614 1360; x_wconf 80' lang='grc' dir='ltr'>κεφαλὴν</span> <span class='ocrx_word' id='word_1_95' title='bbox 1644 1287 1848 1342; x_wconf 76' lang='grc' dir='ltr'>καὶτοῦ</span> <span class='ocrx_word' id='word_1_96' title='bbox 1874 1286 1970 1341; x_wconf 78' lang='grc' dir='ltr'><strong>σοῦ</strong></span> 
     </span>
    </p>
   </div>
   <div class='ocr_carea' id='block_1_15' title="bbox 407 1379 1972 1456">
    <p class='ocr_par' dir='ltr' id='par_1_15' title="bbox 407 1379 1972 1456">
     <span class='ocr_line' id='line_1_15' title="bbox 407 1379 1972 1456; baseline -0.005 -17"><span class='ocrx_word' id='word_1_97' title='bbox 407 1387 598 1450; x_wconf 74' lang='grc' dir='ltr'>παιδὸς</span> <span class='ocrx_word' id='word_1_98' title='bbox 625 1387 685 1438; x_wconf 85' lang='grc' dir='ltr'><strong>τδ</strong></span> <span class='ocrx_word' id='word_1_99' title='bbox 717 1385 874 1456; x_wconf 86' lang='grc' dir='ltr'>σῶμα</span> <span class='ocrx_word' id='word_1_100' title='bbox 899 1386 958 1438; x_wconf 69' lang='grc' dir='ltr'>ὲν</span> <span class='ocrx_word' id='word_1_101' title='bbox 983 1384 1080 1454; x_wconf 80' lang='grc' dir='ltr'>μιᾷ</span> <span class='ocrx_word' id='word_1_102' title='bbox 1101 1382 1333 1452; x_wconf 83' lang='grc' dir='ltr'>λάρνακι</span> <span class='ocrx_word' id='word_1_103' title='bbox 1361 1380 1625 1450; x_wconf 87' lang='grc' dir='ltr'>παράδος,</span> <span class='ocrx_word' id='word_1_104' title='bbox 1655 1379 1749 1432; x_wconf 72' lang='grc' dir='ltr'>καὶ</span> <span class='ocrx_word' id='word_1_105' title='bbox 1774 1379 1972 1448; x_wconf 78' lang='grc' dir='ltr'><strong>μηκέτι</strong></span> 
     </span>
    </p>
   </div>
   <div class='ocr_carea' id='block_1_16' title="bbox 403 1469 1974 1547">
    <p class='ocr_par' dir='ltr' id='par_1_16' title="bbox 403 1469 1974 1547">
     <span class='ocr_line' id='line_1_16' title="bbox 403 1469 1974 1547; baseline -0.003 -18"><span class='ocrx_word' id='word_1_106' title='bbox 403 1477 494 1529; x_wconf 77' lang='grc' dir='ltr'><strong>τὺν</strong></span> <span class='ocrx_word' id='word_1_107' title='bbox 517 1477 781 1547; x_wconf 79' lang='grc' dir='ltr'>μονογενῆ</span> <span class='ocrx_word' id='word_1_108' title='bbox 807 1493 900 1530; x_wconf 89' lang='grc' dir='ltr'><strong>σου</strong></span> <span class='ocrx_word' id='word_1_109' title='bbox 925 1475 1040 1530; x_wconf 76' lang='grc' dir='ltr'>υἱὸν</span> <span class='ocrx_word' id='word_1_110' title='bbox 1063 1473 1270 1545; x_wconf 81' lang='grc' dir='ltr'>δάκρυε</span> <span class='ocrx_word' id='word_1_111' title='bbox 1289 1488 1303 1504; x_wconf 79' lang='grc' dir='ltr'><strong>ο</strong></span> <span class='ocrx_word' id='word_1_112' title='bbox 1331 1471 1541 1542; x_wconf 84' lang='grc' dir='ltr'><strong>μεγάλη</strong></span> <span class='ocrx_word' id='word_1_113' title='bbox 1570 1470 1678 1542; x_wconf 80' lang='grc' dir='ltr'>γὰρ</span> <span class='ocrx_word' id='word_1_114' title='bbox 1704 1469 1854 1541; x_wconf 80' lang='grc' dir='ltr'>αὐτῷ</span> <span class='ocrx_word' id='word_1_115' title='bbox 1873 1471 1974 1524; x_wconf 77' lang='grc' dir='ltr'>σὺν</span> 
     </span>
    </p>
   </div>
   <div class='ocr_carea' id='block_1_17' title="bbox 404 1564 1970 1640">
    <p class='ocr_par' dir='ltr' id='par_1_17' title="bbox 404 1564 1970 1640">
     <span class='ocr_line' id='line_1_17' title="bbox 404 1564 1970 1640; baseline -0.004 -16"><span class='ocrx_word' id='word_1_116' title='bbox 404 1571 526 1639; x_wconf 75' lang='grc' dir='ltr'>ἐμοὶ</span> <span class='ocrx_word' id='word_1_117' title='bbox 575 1570 702 1635; x_wconf 77' lang='grc' dir='ltr'>δόξα</span> <span class='ocrx_word' id='word_1_118' title='bbox 733 1569 1036 1640; x_wconf 82' lang='grc' dir='ltr'>δεδώρηται</span> <span class='ocrx_word' id='word_1_119' title='bbox 1074 1565 1226 1638; x_wconf 70' lang='grc' dir='ltr'>παρὰ</span> <span class='ocrx_word' id='word_1_120' title='bbox 1253 1564 1354 1621; x_wconf 82' lang='grc' dir='ltr'>τοῦ</span> <span class='ocrx_word' id='word_1_121' title='bbox 1387 1564 1766 1635; x_wconf 81' lang='grc' dir='ltr'>φιλανθρώπου</span> <span class='ocrx_word' id='word_1_122' title='bbox 1811 1564 1970 1628; x_wconf 84' lang='grc' dir='ltr'>Θεοῦ,</span> 
     </span>
    </p>
   </div>
   <div class='ocr_carea' id='block_1_18' title="bbox 406 1654 1975 1732">
    <p class='ocr_par' dir='ltr' id='par_1_18' title="bbox 406 1654 1975 1732">
     <span class='ocr_line' id='line_1_18' title="bbox 406 1654 1975 1732; baseline -0.004 -19"><span class='ocrx_word' id='word_1_123' title='bbox 406 1661 501 1714; x_wconf 67' lang='grc' dir='ltr'><strong>καὶ</strong></span> <span class='ocrx_word' id='word_1_124' title='bbox 531 1661 712 1732; x_wconf 79' lang='grc' dir='ltr'>βωμὸς</span> <span class='ocrx_word' id='word_1_125' title='bbox 735 1662 903 1732; x_wconf 80' lang='grc' dir='ltr'>ίερὸς,</span> <span class='ocrx_word' id='word_1_126' title='bbox 936 1659 1031 1714; x_wconf 77' lang='grc' dir='ltr'>καὶ</span> <span class='ocrx_word' id='word_1_127' title='bbox 1060 1657 1240 1713; x_wconf 88' lang='grc' dir='ltr'>θυσίαι</span> <span class='ocrx_word' id='word_1_128' title='bbox 1269 1656 1527 1726; x_wconf 75' lang='grc' dir='ltr'>μυστικαὶ</span> <span class='ocrx_word' id='word_1_129' title='bbox 1556 1656 1653 1710; x_wconf 77' lang='grc' dir='ltr'>καὶ</span> <span class='ocrx_word' id='word_1_130' title='bbox 1671 1654 1975 1725; x_wconf 68' lang='grc' dir='ltr'>πολυύμνηρ</span> 
     </span>
    </p>
   </div>
   <div class='ocr_carea' id='block_1_19' title="bbox 403 1743 1974 1822">
    <p class='ocr_par' dir='ltr' id='par_1_19' title="bbox 403 1743 1974 1822">
     <span class='ocr_line' id='line_1_19' title="bbox 403 1743 1974 1822; baseline -0.004 -19"><span class='ocrx_word' id='word_1_131' title='bbox 403 1768 487 1804; x_wconf 88' lang='grc' dir='ltr'><strong>τοι</strong></span> <span class='ocrx_word' id='word_1_132' title='bbox 518 1755 748 1822; x_wconf 73' lang='grc' dir='ltr'>χορεῖαι,</span> <span class='ocrx_word' id='word_1_133' title='bbox 772 1750 868 1804; x_wconf 75' lang='grc' dir='ltr'>καὶ</span> <span class='ocrx_word' id='word_1_134' title='bbox 893 1749 1232 1819; x_wconf 76' lang='grc' dir='ltr'>πανηγύρεις</span> <span class='ocrx_word' id='word_1_135' title='bbox 1255 1746 1550 1818; x_wconf 87' lang='grc' dir='ltr'>πάνδημοι,</span> <span class='ocrx_word' id='word_1_136' title='bbox 1567 1745 1704 1799; x_wconf 71' lang='grc' dir='ltr'>ἄλλα</span> <span class='ocrx_word' id='word_1_137' title='bbox 1721 1761 1781 1798; x_wconf 79' lang='grc' dir='ltr'><strong>τε</strong></span> <span class='ocrx_word' id='word_1_138' title='bbox 1806 1743 1974 1798; x_wconf 78' lang='grc' dir='ltr'>πολλὰ</span> 
     </span>
    </p>
   </div>
   <div class='ocr_carea' id='block_1_20' title="bbox 2067 555 3650 626">
    <p class='ocr_par' dir='ltr' id='par_1_20' title="bbox 2067 555 3650 626">
     <span class='ocr_line' id='line_1_20' title="bbox 2067 555 3650 626; baseline 0.001 -16"><span class='ocrx_word' id='word_1_139' title='bbox 2067 572 2232 626; x_wconf 86' lang='lat' dir='ltr'><strong>quem</strong></span> <span class='ocrx_word' id='word_1_140' title='bbox 2258 557 2494 612; x_wconf 73' lang='lat' dir='ltr'><strong>dilexisti</strong></span> <span class='ocrx_word' id='word_1_141' title='bbox 2519 575 2532 612; x_wconf 91' lang='lat'><strong>:</strong></span> <span class='ocrx_word' id='word_1_142' title='bbox 2563 557 2667 612; x_wconf 86' lang='lat' dir='ltr'><strong>iste</strong></span> <span class='ocrx_word' id='word_1_143' title='bbox 2695 567 2779 612; x_wconf 86' lang='lat' dir='ltr'><strong>est</strong></span> <span class='ocrx_word' id='word_1_144' title='bbox 2805 556 2950 610; x_wconf 81' lang='lat' dir='ltr'><strong>illius</strong></span> <span class='ocrx_word' id='word_1_145' title='bbox 2969 563 3096 611; x_wconf 85' lang='lat' dir='ltr'><strong>tuus</strong></span> <span class='ocrx_word' id='word_1_146' title='bbox 3113 555 3456 626; x_wconf 61' lang='lat' dir='ltr'><strong>.unigenitus,</strong></span> <span class='ocrx_word' id='word_1_147' title='bbox 3475 571 3650 626; x_wconf 75' lang='lat' dir='ltr'><strong>quenr</strong></span> 
     </span>
    </p>
   </div>
   <div class='ocr_carea' id='block_1_21' title="bbox 2070 645 3639 718">
    <p class='ocr_par' dir='ltr' id='par_1_21' title="bbox 2070 645 3639 718">
     <span class='ocr_line' id='line_1_21' title="bbox 2070 645 3639 718; baseline 0.002 -16"><span class='ocrx_word' id='word_1_148' title='bbox 2070 647 2167 702; x_wconf 92' lang='lat' dir='ltr'><strong>tibi</strong></span> <span class='ocrx_word' id='word_1_149' title='bbox 2218 657 2469 718; x_wconf 84' lang='lat' dir='ltr'><strong>ereptum</strong></span> <span class='ocrx_word' id='word_1_150' title='bbox 2521 648 2857 703; x_wconf 77' lang='lat' dir='ltr'><strong>arbitrabare</strong></span> <span class='ocrx_word' id='word_1_151' title='bbox 2889 665 2902 702; x_wconf 86' lang='lat'><strong>:</strong></span> <span class='ocrx_word' id='word_1_152' title='bbox 2938 663 3062 702; x_wconf 84' lang='lat' dir='ltr'><strong>cum</strong></span> <span class='ocrx_word' id='word_1_153' title='bbox 3093 645 3238 702; x_wconf 87' lang='lat' dir='ltr'><strong>Deus</strong></span> <span class='ocrx_word' id='word_1_154' title='bbox 3264 647 3333 702; x_wconf 89' lang='lat' dir='ltr'><strong>ab</strong></span> <span class='ocrx_word' id='word_1_155' title='bbox 3369 647 3472 707; x_wconf 87' lang='lat' dir='ltr'><strong>bac</strong></span> <span class='ocrx_word' id='word_1_156' title='bbox 3518 663 3639 712; x_wconf 74' lang='lat' dir='ltr'><strong>m9-</strong></span> 
     </span>
    </p>
   </div>
   <div class='ocr_carea' id='block_1_22' title="bbox 2069 739 3638 809">
    <p class='ocr_par' dir='ltr' id='par_1_22' title="bbox 2069 739 3638 809">
     <span class='ocr_line' id='line_1_22' title="bbox 2069 739 3638 809; baseline 0.001 -17"><span class='ocrx_word' id='word_1_157' title='bbox 2069 747 2354 793; x_wconf 87' lang='lat' dir='ltr'><strong>mentanea</strong></span> <span class='ocrx_word' id='word_1_158' title='bbox 2403 754 2469 794; x_wconf 87' lang='lat' dir='ltr'><strong>ac</strong></span> <span class='ocrx_word' id='word_1_159' title='bbox 2515 740 2754 809; x_wconf 89' lang='lat' dir='ltr'><strong>peritura</strong></span> <span class='ocrx_word' id='word_1_160' title='bbox 2805 739 3095 793; x_wconf 81' lang='lat' dir='ltr'><strong>liberatum</strong></span> <span class='ocrx_word' id='word_1_161' title='bbox 3141 739 3275 801; x_wconf 85' lang='lat' dir='ltr'><strong>vita,</strong></span> <span class='ocrx_word' id='word_1_162' title='bbox 3308 740 3363 792; x_wconf 90' lang='lat' dir='ltr'><strong>in</strong></span> <span class='ocrx_word' id='word_1_163' title='bbox 3410 755 3638 809; x_wconf 82' lang='lat' dir='ltr'><strong>regnum</strong></span> 
     </span>
    </p>
   </div>
   <div class='ocr_carea' id='block_1_23' title="bbox 2070 831 3641 901">
    <p class='ocr_par' dir='ltr' id='par_1_23' title="bbox 2070 831 3641 901">
     <span class='ocr_line' id='line_1_23' title="bbox 2070 831 3641 901; baseline 0.003 -17"><span class='ocrx_word' id='word_1_164' title='bbox 2070 831 2330 886; x_wconf 62' lang='lat' dir='ltr'><strong>caelorum</strong></span> <span class='ocrx_word' id='word_1_165' title='bbox 2375 847 2500 887; x_wconf 91' lang='lat' dir='ltr'><strong>eum</strong></span> <span class='ocrx_word' id='word_1_166' title='bbox 2529 831 2862 901; x_wconf 80' lang='lat' dir='ltr'><strong>ascripserit.</strong></span> <span class='ocrx_word' id='word_1_167' title='bbox 2891 831 2960 885; x_wconf 79' lang='lat' dir='ltr'><strong>Et</strong></span> <span class='ocrx_word' id='word_1_168' title='bbox 3005 845 3151 886; x_wconf 90' lang='lat' dir='ltr'><strong>nunc</strong></span> <span class='ocrx_word' id='word_1_169' title='bbox 3199 847 3414 887; x_wconf 89' lang='lat' dir='ltr'><strong>mecum</strong></span> <span class='ocrx_word' id='word_1_170' title='bbox 3465 832 3641 890; x_wconf 78' lang='lat' dir='ltr'><strong>habeo</strong></span> 
     </span>
    </p>
   </div>
   <div class='ocr_carea' id='block_1_24' title="bbox 2071 920 3644 992">
    <p class='ocr_par' dir='ltr' id='par_1_24' title="bbox 2071 920 3644 992">
     <span class='ocr_line' id='line_1_24' title="bbox 2071 920 3644 992; baseline 0 -16"><span class='ocrx_word' id='word_1_171' title='bbox 2071 922 2223 978; x_wconf 90' lang='lat' dir='ltr'><strong>illum</strong></span> <span class='ocrx_word' id='word_1_172' title='bbox 2268 941 2282 978; x_wconf 89' lang='lat'><strong>:</strong></span> <span class='ocrx_word' id='word_1_173' title='bbox 2320 938 2351 977; x_wconf 90' lang='lat' dir='ltr'><strong>a</strong></span> <span class='ocrx_word' id='word_1_174' title='bbox 2398 920 2678 977; x_wconf 88' lang='lat' dir='ltr'><strong>Salvatore</strong></span> <span class='ocrx_word' id='word_1_175' title='bbox 2733 921 2880 976; x_wconf 89' lang='lat' dir='ltr'><strong>enim</strong></span> <span class='ocrx_word' id='word_1_176' title='bbox 2927 921 3110 992; x_wconf 87' lang='lat' dir='ltr'><strong>accepi</strong></span> <span class='ocrx_word' id='word_1_177' title='bbox 3157 922 3331 985; x_wconf 89' lang='lat' dir='ltr'><strong>illum,</strong></span> <span class='ocrx_word' id='word_1_178' title='bbox 3382 937 3559 991; x_wconf 86' lang='lat' dir='ltr'><strong>neque</strong></span> <span class='ocrx_word' id='word_1_179' title='bbox 3610 937 3644 976; x_wconf 86' lang='lat' dir='ltr'><strong>a</strong></span> 
     </span>
    </p>
   </div>
   <div class='ocr_carea' id='block_1_25' title="bbox 2070 1012 3649 1082">
    <p class='ocr_par' dir='ltr' id='par_1_25' title="bbox 2070 1012 3649 1082">
     <span class='ocr_line' id='line_1_25' title="bbox 2070 1012 3649 1082; baseline -0.001 -15"><span class='ocrx_word' id='word_1_180' title='bbox 2070 1013 2290 1068; x_wconf 75' lang='lat' dir='ltr'><strong>dextera</strong></span> <span class='ocrx_word' id='word_1_181' title='bbox 2341 1029 2461 1068; x_wconf 87' lang='lat' dir='ltr'><strong>mea</strong></span> <span class='ocrx_word' id='word_1_182' title='bbox 2504 1027 2741 1082; x_wconf 80' lang='lat' dir='ltr'><strong>unquam</strong></span> <span class='ocrx_word' id='word_1_183' title='bbox 2782 1013 3018 1066; x_wconf 85' lang='lat' dir='ltr'><strong>recedet.</strong></span> <span class='ocrx_word' id='word_1_184' title='bbox 3061 1012 3230 1082; x_wconf 84' lang='lat' dir='ltr'><strong>Igitur</strong></span> <span class='ocrx_word' id='word_1_185' title='bbox 3259 1020 3422 1082; x_wconf 89' lang='lat' dir='ltr'><strong>caput</strong></span> <span class='ocrx_word' id='word_1_186' title='bbox 3461 1027 3649 1066; x_wconf 81' lang='lat' dir='ltr'><strong>meum</strong></span> 
     </span>
    </p>
   </div>
   <div class='ocr_carea' id='block_1_26' title="bbox 2073 1102 3652 1174">
    <p class='ocr_par' dir='ltr' id='par_1_26' title="bbox 2073 1102 3652 1174">
     <span class='ocr_line' id='line_1_26' title="bbox 2073 1102 3652 1174; baseline -0.002 -17"><span class='ocrx_word' id='word_1_187' title='bbox 2073 1105 2381 1173; x_wconf 84' lang='lat' dir='ltr'><strong>accipiens,</strong></span> <span class='ocrx_word' id='word_1_188' title='bbox 2418 1113 2475 1160; x_wconf 92' lang='lat' dir='ltr'><strong>et</strong></span> <span class='ocrx_word' id='word_1_189' title='bbox 2510 1120 2633 1160; x_wconf 91' lang='lat' dir='ltr'><strong>cum</strong></span> <span class='ocrx_word' id='word_1_190' title='bbox 2679 1103 2773 1159; x_wconf 82' lang='lat' dir='ltr'><strong>lilii</strong></span> <span class='ocrx_word' id='word_1_191' title='bbox 2809 1103 2896 1158; x_wconf 84' lang='lat' dir='ltr'><strong>tui</strong></span> <span class='ocrx_word' id='word_1_192' title='bbox 2917 1117 3148 1174; x_wconf 86' lang='lat' dir='ltr'><strong>corpore</strong></span> <span class='ocrx_word' id='word_1_193' title='bbox 3178 1118 3342 1158; x_wconf 86' lang='lat' dir='ltr'><strong>unam</strong></span> <span class='ocrx_word' id='word_1_194' title='bbox 3371 1102 3426 1156; x_wconf 92' lang='lat' dir='ltr'><strong>in</strong></span> <span class='ocrx_word' id='word_1_195' title='bbox 3457 1114 3652 1156; x_wconf 63' lang='lat' dir='ltr'><strong>arcam.</strong></span> 
     </span>
    </p>
   </div>
   <div class='ocr_carea' id='block_1_27' title="bbox 2074 1192 3774 1264">
    <p class='ocr_par' dir='ltr' id='par_1_27' title="bbox 2074 1192 3774 1264">
     <span class='ocr_line' id='line_1_27' title="bbox 2074 1192 3774 1264; baseline -0.001 -16"><span class='ocrx_word' id='word_1_196' title='bbox 2074 1194 2336 1258; x_wconf 88' lang='lat' dir='ltr'><strong>condens,</strong></span> <span class='ocrx_word' id='word_1_197' title='bbox 2381 1194 2528 1250; x_wconf 86' lang='lat' dir='ltr'><strong>haud</strong></span> <span class='ocrx_word' id='word_1_198' title='bbox 2553 1195 2789 1264; x_wconf 86' lang='lat' dir='ltr'><strong>amplius</strong></span> <span class='ocrx_word' id='word_1_199' title='bbox 2811 1193 2963 1262; x_wconf 87' lang='lat' dir='ltr'><strong>plora</strong></span> <span class='ocrx_word' id='word_1_200' title='bbox 2993 1194 3141 1248; x_wconf 88' lang='lat' dir='ltr'><strong>velut</strong></span> <span class='ocrx_word' id='word_1_201' title='bbox 3167 1193 3450 1258; x_wconf 86' lang='lat' dir='ltr'><strong>amissum,</strong></span> <span class='ocrx_word' id='word_1_202' title='bbox 3482 1192 3571 1247; x_wconf 89' lang='lat' dir='ltr'><strong>cui</strong></span> <span class='ocrx_word' id='word_1_203' title='bbox 3611 1207 3655 1246; x_wconf 23' lang='lat' dir='ltr'><strong>al</strong></span> <span class='ocrx_word' id='word_1_204' title='bbox 3772 1201 3774 1203; x_wconf 72' lang='grc'><em>’</em></span> 
     </span>
    </p>
   </div>
   <div class='ocr_carea' id='block_1_28' title="bbox 2073 1283 3642 1356">
    <p class='ocr_par' dir='ltr' id='par_1_28' title="bbox 2073 1283 3642 1356">
     <span class='ocr_line' id='line_1_28' title="bbox 2073 1283 3642 1356; baseline -0.003 -16"><span class='ocrx_word' id='word_1_205' title='bbox 2073 1285 2499 1340; x_wconf 86' lang='lat' dir='ltr'><strong>clementissimo</strong></span> <span class='ocrx_word' id='word_1_206' title='bbox 2519 1285 2628 1340; x_wconf 90' lang='lat' dir='ltr'><strong>Deo</strong></span> <span class='ocrx_word' id='word_1_207' title='bbox 2649 1299 2844 1356; x_wconf 83' lang='lat' dir='ltr'><strong>magna</strong></span> <span class='ocrx_word' id='word_1_208' title='bbox 2873 1299 3087 1339; x_wconf 88' lang='lat' dir='ltr'><strong>mecum</strong></span> <span class='ocrx_word' id='word_1_209' title='bbox 3107 1284 3306 1338; x_wconf 85' lang='lat' dir='ltr'><strong>donata</strong></span> <span class='ocrx_word' id='word_1_210' title='bbox 3336 1291 3420 1336; x_wconf 90' lang='lat' dir='ltr'><strong>est</strong></span> <span class='ocrx_word' id='word_1_211' title='bbox 3451 1283 3642 1352; x_wconf 81' lang='lat' dir='ltr'><strong>gloria,</strong></span> 
     </span>
    </p>
   </div>
   <div class='ocr_carea' id='block_1_29' title="bbox 2075 1370 3643 1445">
    <p class='ocr_par' dir='ltr' id='par_1_29' title="bbox 2075 1370 3643 1445">
     <span class='ocr_line' id='line_1_29' title="bbox 2075 1370 3643 1445; baseline -0.003 -16"><span class='ocrx_word' id='word_1_212' title='bbox 2075 1383 2136 1429; x_wconf 89' lang='grc' dir='ltr'><strong>ιιι</strong></span> <span class='ocrx_word' id='word_1_213' title='bbox 2154 1384 2209 1428; x_wconf 91' lang='lat' dir='ltr'><strong>et</strong></span> <span class='ocrx_word' id='word_1_214' title='bbox 2237 1375 2408 1428; x_wconf 85' lang='lat' dir='ltr'><strong>altare</strong></span> <span class='ocrx_word' id='word_1_215' title='bbox 2427 1383 2484 1429; x_wconf 89' lang='lat' dir='ltr'><strong>et</strong></span> <span class='ocrx_word' id='word_1_216' title='bbox 2507 1374 2731 1445; x_wconf 88' lang='lat' dir='ltr'><strong>mystica</strong></span> <span class='ocrx_word' id='word_1_217' title='bbox 2757 1373 3025 1430; x_wconf 75' lang='lat' dir='ltr'><strong>sacriﬁcia</strong></span> <span class='ocrx_word' id='word_1_218' title='bbox 3055 1383 3111 1427; x_wconf 89' lang='lat' dir='ltr'><strong>et</strong></span> <span class='ocrx_word' id='word_1_219' title='bbox 3139 1371 3389 1426; x_wconf 82' lang='lat' dir='ltr'><strong>celebres</strong></span> <span class='ocrx_word' id='word_1_220' title='bbox 3408 1370 3643 1433; x_wconf 76' lang='lat' dir='ltr'><strong>choreae.</strong></span> 
     </span>
    </p>
   </div>
   <div class='ocr_carea' id='block_1_30' title="bbox 2075 1460 3656 1533">
    <p class='ocr_par' dir='ltr' id='par_1_30' title="bbox 2075 1460 3656 1533">
     <span class='ocr_line' id='line_1_30' title="bbox 2075 1460 3656 1533; baseline -0.002 -14"><span class='ocrx_word' id='word_1_221' title='bbox 2075 1472 2132 1519; x_wconf 89' lang='lat' dir='ltr'><strong>et</strong></span> <span class='ocrx_word' id='word_1_222' title='bbox 2164 1463 2439 1533; x_wconf 80' lang='lat' dir='ltr'><strong>populosae</strong></span> <span class='ocrx_word' id='word_1_223' title='bbox 2475 1463 2795 1526; x_wconf 83' lang='lat' dir='ltr'><strong>conciones,</strong></span> <span class='ocrx_word' id='word_1_224' title='bbox 2821 1471 2880 1518; x_wconf 87' lang='lat' dir='ltr'><strong>et</strong></span> <span class='ocrx_word' id='word_1_225' title='bbox 2928 1463 3032 1518; x_wconf 89' lang='lat' dir='ltr'><strong>alia</strong></span> <span class='ocrx_word' id='word_1_226' title='bbox 3081 1463 3260 1518; x_wconf 86' lang='lat' dir='ltr'><strong>adhuc</strong></span> <span class='ocrx_word' id='word_1_227' title='bbox 3310 1460 3545 1531; x_wconf 83' lang='lat' dir='ltr'><strong>plurima</strong></span> <span class='ocrx_word' id='word_1_228' title='bbox 3593 1461 3656 1516; x_wconf 74' lang='lat' dir='ltr'><strong>ei</strong></span> 
     </span>
    </p>
   </div>
   <div class='ocr_carea' id='block_1_31' title="bbox 2077 1552 3647 1624">
    <p class='ocr_par' dir='ltr' id='par_1_31' title="bbox 2077 1552 3647 1624">
     <span class='ocr_line' id='line_1_31' title="bbox 2077 1552 3647 1624; baseline -0.001 -16"><span class='ocrx_word' id='word_1_229' title='bbox 2077 1568 2289 1608; x_wconf 85' lang='lat' dir='ltr'><strong>mecum</strong></span> <span class='ocrx_word' id='word_1_230' title='bbox 2321 1552 2660 1617; x_wconf 77' lang='lat' dir='ltr'><strong>deferantur,</strong></span> <span class='ocrx_word' id='word_1_231' title='bbox 2681 1554 2881 1624; x_wconf 85' lang='lat' dir='ltr'><strong>quibus</strong></span> <span class='ocrx_word' id='word_1_232' title='bbox 2908 1554 2964 1608; x_wconf 91' lang='lat' dir='ltr'><strong>in</strong></span> <span class='ocrx_word' id='word_1_233' title='bbox 2994 1562 3136 1609; x_wconf 90' lang='lat' dir='ltr'><strong>terra</strong></span> <span class='ocrx_word' id='word_1_234' title='bbox 3169 1552 3278 1608; x_wconf 81' lang='lat' dir='ltr'><strong>frui</strong></span> <span class='ocrx_word' id='word_1_235' title='bbox 3308 1566 3415 1606; x_wconf 77' lang='lat' dir='ltr'><strong>non</strong></span> <span class='ocrx_word' id='word_1_236' title='bbox 3438 1552 3647 1622; x_wconf 51' lang='lat' dir='ltr'><strong>potuisc</strong></span> 
     </span>
    </p>
   </div>
   <div class='ocr_carea' id='block_1_32' title="bbox 2077 1642 3658 1713">
    <p class='ocr_par' dir='ltr' id='par_1_32' title="bbox 2077 1642 3658 1713">
     <span class='ocr_line' id='line_1_32' title="bbox 2077 1642 3658 1713; baseline -0.001 -15"><span class='ocrx_word' id='word_1_237' title='bbox 2077 1651 2162 1698; x_wconf 85' lang='lat' dir='ltr'><strong>set</strong></span> <span class='ocrx_word' id='word_1_238' title='bbox 2193 1660 2206 1696; x_wconf 88' lang='lat'><strong>:</strong></span> <span class='ocrx_word' id='word_1_239' title='bbox 2236 1642 2382 1712; x_wconf 83' lang='lat' dir='ltr'><strong>quod</strong></span> <span class='ocrx_word' id='word_1_240' title='bbox 2425 1659 2557 1700; x_wconf 87' lang='lat' dir='ltr'><strong>vero</strong></span> <span class='ocrx_word' id='word_1_241' title='bbox 2605 1645 2660 1698; x_wconf 90' lang='lat' dir='ltr'><strong>in</strong></span> <span class='ocrx_word' id='word_1_242' title='bbox 2711 1644 2865 1701; x_wconf 73' lang='lat' dir='ltr'><strong>ccelis</strong></span> <span class='ocrx_word' id='word_1_243' title='bbox 2895 1643 3056 1698; x_wconf 91' lang='lat' dir='ltr'><strong>nobis</strong></span> <span class='ocrx_word' id='word_1_244' title='bbox 3085 1643 3495 1713; x_wconf 81' lang='lat' dir='ltr'><strong>praeparaverit,</strong></span> <span class='ocrx_word' id='word_1_245' title='bbox 3533 1656 3658 1696; x_wconf 71' lang='lat' dir='ltr'><strong>non</strong></span> 
     </span>
    </p>
   </div>
   <div class='ocr_carea' id='block_1_33' title="bbox 2078 1735 3652 1805">
    <p class='ocr_par' dir='ltr' id='par_1_33' title="bbox 2078 1735 3652 1805">
     <span class='ocr_line' id='line_1_33' title="bbox 2078 1735 3652 1805; baseline -0.002 -18"><span class='ocrx_word' id='word_1_246' title='bbox 2078 1735 2245 1788; x_wconf 88' lang='lat' dir='ltr'><strong>verbo</strong></span> <span class='ocrx_word' id='word_1_247' title='bbox 2273 1735 2560 1799; x_wconf 77' lang='lat' dir='ltr'><strong>duntaxat,</strong></span> <span class='ocrx_word' id='word_1_248' title='bbox 2593 1735 2690 1790; x_wconf 88' lang='lat' dir='ltr'><strong>sed</strong></span> <span class='ocrx_word' id='word_1_249' title='bbox 2725 1736 2904 1805; x_wconf 87' lang='lat' dir='ltr'><strong>reipsa</strong></span> <span class='ocrx_word' id='word_1_250' title='bbox 2921 1749 3080 1790; x_wconf 90' lang='lat' dir='ltr'><strong>suum</strong></span> <span class='ocrx_word' id='word_1_251' title='bbox 3113 1747 3241 1803; x_wconf 84' lang='lat' dir='ltr'><strong>erga</strong></span> <span class='ocrx_word' id='word_1_252' title='bbox 3279 1745 3380 1785; x_wconf 86' lang='lat' dir='ltr'><strong>nos</strong></span> <span class='ocrx_word' id='word_1_253' title='bbox 3408 1746 3652 1786; x_wconf 85' lang='lat' dir='ltr'><strong>amorem</strong></span> 
     </span>
    </p>
   </div>
   <div class='ocr_carea' id='block_1_34' title="bbox 406 1822 1975 1910">
    <p class='ocr_par' dir='ltr' id='par_1_34' title="bbox 406 1835 1970 1910">
     <span class='ocr_line' id='line_1_34' title="bbox 406 1835 1970 1910; baseline -0.004 -16"><span class='ocrx_word' id='word_1_254' title='bbox 406 1841 544 1910; x_wconf 70' lang='grc' dir='ltr'>πρὸς</span> <span class='ocrx_word' id='word_1_255' title='bbox 571 1841 782 1904; x_wconf 76' lang='grc' dir='ltr'>τούτοις</span> <span class='ocrx_word' id='word_1_256' title='bbox 801 1882 817 1906; x_wconf 91' lang='grc'><strong>,</strong></span> <span class='ocrx_word' id='word_1_257' title='bbox 849 1840 888 1895; x_wconf 74' lang='grc' dir='ltr'>ἃ.</span> <span class='ocrx_word' id='word_1_258' title='bbox 923 1840 985 1894; x_wconf 81' lang='grc' dir='ltr'>οὗ</span> <span class='ocrx_word' id='word_1_259' title='bbox 1014 1839 1238 1893; x_wconf 77' lang='grc' dir='ltr'>δυνατὸν</span> <span class='ocrx_word' id='word_1_260' title='bbox 1265 1837 1358 1890; x_wconf 68' lang='grc' dir='ltr'><strong>ἐπὶ</strong></span> <span class='ocrx_word' id='word_1_261' title='bbox 1391 1837 1495 1904; x_wconf 78' lang='grc' dir='ltr'>τῆς</span> <span class='ocrx_word' id='word_1_262' title='bbox 1523 1836 1628 1906; x_wconf 81' lang='grc' dir='ltr'>γῆς</span> <span class='ocrx_word' id='word_1_263' title='bbox 1657 1835 1970 1888; x_wconf 83' lang='grc' dir='ltr'>τελεῖσθαι·</span> 
     </span>
    </p>
   </div>
   <div class='ocr_carea' id='block_1_35' title="bbox 2081 1822 3656 1910">
    <p class='ocr_par' dir='ltr' id='par_1_35' title="bbox 2081 1822 3656 1896">
     <span class='ocr_line' id='line_1_35' title="bbox 2081 1822 3656 1896; baseline -0.004 -15"><span class='ocrx_word' id='word_1_264' title='bbox 2081 1825 2357 1884; x_wconf 79' lang='lat' dir='ltr'><strong>declarans</strong></span> <span class='ocrx_word' id='word_1_265' title='bbox 2387 1827 2561 1893; x_wconf 88' lang='lat' dir='ltr'><strong>Deus,</strong></span> <span class='ocrx_word' id='word_1_266' title='bbox 2601 1827 2656 1883; x_wconf 90' lang='lat' dir='ltr'><strong>id</strong></span> <span class='ocrx_word' id='word_1_267' title='bbox 2689 1843 2820 1883; x_wconf 87' lang='lat' dir='ltr'><strong>vero</strong></span> <span class='ocrx_word' id='word_1_268' title='bbox 2850 1840 3031 1896; x_wconf 88' lang='lat' dir='ltr'><strong>neque</strong></span> <span class='ocrx_word' id='word_1_269' title='bbox 3067 1825 3258 1880; x_wconf 88' lang='lat' dir='ltr'><strong>oculus</strong></span> <span class='ocrx_word' id='word_1_270' title='bbox 3282 1822 3439 1885; x_wconf 88' lang='lat' dir='ltr'><strong>vidit,</strong></span> <span class='ocrx_word' id='word_1_271' title='bbox 3470 1836 3656 1890; x_wconf 76' lang='lat' dir='ltr'><strong>neque</strong></span> 
     </span>
    </p>
   </div>
   <div class='ocr_carea' id='block_1_36' title="bbox 405 1921 1976 2001">
    <p class='ocr_par' dir='ltr' id='par_1_36' title="bbox 405 1921 1976 2001">
     <span class='ocr_line' id='line_1_36' title="bbox 405 1921 1976 2001; baseline -0.004 -17"><span class='ocrx_word' id='word_1_272' title='bbox 405 1931 465 1984; x_wconf 68' lang='grc' dir='ltr'>ιν</span> <span class='ocrx_word' id='word_1_273' title='bbox 513 1929 728 2001; x_wconf 81' lang='grc' dir='ltr'>οὐρανῷ</span> <span class='ocrx_word' id='word_1_274' title='bbox 773 1930 832 1983; x_wconf 85' lang='grc' dir='ltr'>δὲ</span> <span class='ocrx_word' id='word_1_275' title='bbox 875 1929 913 1985; x_wconf 73' lang='grc' dir='ltr'>ἃ.</span> <span class='ocrx_word' id='word_1_276' title='bbox 962 1927 1238 1999; x_wconf 80' lang='grc' dir='ltr'>ὀφθαλμὸς</span> <span class='ocrx_word' id='word_1_277' title='bbox 1269 1927 1369 1980; x_wconf 77' lang='grc' dir='ltr'>οὐκ</span> <span class='ocrx_word' id='word_1_278' title='bbox 1398 1921 1556 1991; x_wconf 80' lang='grc' dir='ltr'>οῐδεν,</span> <span class='ocrx_word' id='word_1_279' title='bbox 1593 1925 1688 1980; x_wconf 81' lang='grc' dir='ltr'>καὶ</span> <span class='ocrx_word' id='word_1_280' title='bbox 1737 1921 1831 1989; x_wconf 78' lang='grc' dir='ltr'>οὖς</span> <span class='ocrx_word' id='word_1_281' title='bbox 1877 1924 1976 1978; x_wconf 80' lang='grc' dir='ltr'>οὐκ</span> 
     </span>
    </p>
   </div>
   <div class='ocr_carea' id='block_1_37' title="bbox 406 2013 1972 2090">
    <p class='ocr_par' dir='ltr' id='par_1_37' title="bbox 406 2013 1972 2090">
     <span class='ocr_line' id='line_1_37' title="bbox 406 2013 1972 2090; baseline -0.009 -10"><span class='ocrx_word' id='word_1_282' title='bbox 406 2021 664 2090; x_wconf 68' lang='grc' dir='ltr'>ἤκουσεν,</span> <span class='ocrx_word' id='word_1_283' title='bbox 693 2019 816 2074; x_wconf 72' lang='grc' dir='ltr'>οὐδὲ</span> <span class='ocrx_word' id='word_1_284' title='bbox 869 2019 964 2074; x_wconf 72' lang='grc' dir='ltr'><strong>ἐπὶ</strong></span> <span class='ocrx_word' id='word_1_285' title='bbox 1015 2018 1250 2090; x_wconf 90' lang='grc' dir='ltr'>καρδίαν</span> <span class='ocrx_word' id='word_1_286' title='bbox 1305 2015 1596 2090; x_wconf 85' lang='grc' dir='ltr'>άνθρὼπου</span> <span class='ocrx_word' id='word_1_287' title='bbox 1645 2015 1746 2069; x_wconf 80' lang='grc' dir='ltr'>οὐκ</span> <span class='ocrx_word' id='word_1_288' title='bbox 1783 2013 1972 2084; x_wconf 72' lang='grc' dir='ltr'>ἀνέϐη,</span> 
     </span>
    </p>
   </div>
   <div class='ocr_carea' id='block_1_38' title="bbox 407 2103 1977 2179">
    <p class='ocr_par' dir='ltr' id='par_1_38' title="bbox 407 2103 1977 2179">
     <span class='ocr_line' id='line_1_38' title="bbox 407 2103 1977 2179; baseline -0.001 -18"><span class='ocrx_word' id='word_1_289' title='bbox 407 2109 552 2178; x_wconf 84' lang='grc' dir='ltr'>ἆπερ</span> <span class='ocrx_word' id='word_1_290' title='bbox 571 2110 702 2178; x_wconf 80' lang='grc' dir='ltr'>ἡμῖν</span> <span class='ocrx_word' id='word_1_291' title='bbox 730 2110 759 2162; x_wconf 91' lang='grc' dir='ltr'><strong>ό</strong></span> <span class='ocrx_word' id='word_1_292' title='bbox 791 2107 923 2171; x_wconf 77' lang='grc' dir='ltr'>Θεὸς</span> <span class='ocrx_word' id='word_1_293' title='bbox 952 2107 1050 2179; x_wconf 83' lang='grc'>(9),</span> <span class='ocrx_word' id='word_1_294' title='bbox 1078 2108 1226 2179; x_wconf 73' lang='grc' dir='ltr'>ἔργῳ</span> <span class='ocrx_word' id='word_1_295' title='bbox 1251 2107 1348 2162; x_wconf 73' lang='grc' dir='ltr'>καὶ</span> <span class='ocrx_word' id='word_1_296' title='bbox 1378 2106 1522 2176; x_wconf 83' lang='grc' dir='ltr'>λόγῳ</span> <span class='ocrx_word' id='word_1_297' title='bbox 1544 2106 1643 2177; x_wconf 75' lang='grc' dir='ltr'>τὴν</span> <span class='ocrx_word' id='word_1_298' title='bbox 1671 2103 1808 2175; x_wconf 82' lang='grc' dir='ltr'>πρὸς</span> <span class='ocrx_word' id='word_1_299' title='bbox 1829 2103 1977 2174; x_wconf 73' lang='grc' dir='ltr'>ἡμᾶς</span> 
     </span>
    </p>
   </div>
   <div class='ocr_carea' id='block_1_39' title="bbox 408 2193 1522 2266">
    <p class='ocr_par' dir='ltr' id='par_1_39' title="bbox 408 2193 1522 2266">
     <span class='ocr_line' id='line_1_39' title="bbox 408 2193 1522 2266; baseline 0.002 -20"><span class='ocrx_word' id='word_1_300' title='bbox 408 2195 784 2264; x_wconf 67' lang='grc' dir='ltr'>ἐνδειξάμενος</span> <span class='ocrx_word' id='word_1_301' title='bbox 810 2197 1056 2266; x_wconf 82' lang='grc' dir='ltr'>ἀγάπην,</span> <span class='ocrx_word' id='word_1_302' title='bbox 1086 2193 1522 2266; x_wconf 78' lang='grc' dir='ltr'>παρεσκεύασεν.</span> 
     </span>
    </p>
   </div>
   <div class='ocr_carea' id='block_1_40' title="bbox 477 2283 1978 2358">
    <p class='ocr_par' dir='ltr' id='par_1_40' title="bbox 477 2283 1978 2358">
     <span class='ocr_line' id='line_1_40' title="bbox 477 2283 1978 2358; baseline -0.003 -18"><span class='ocrx_word' id='word_1_303' title='bbox 477 2292 558 2341; x_wconf 79' lang='grc' dir='ltr'>ιε’.</span> <span class='ocrx_word' id='word_1_304' title='bbox 599 2287 834 2351; x_wconf 79' lang='grc' dir='ltr'>Τούτους</span> <span class='ocrx_word' id='word_1_305' title='bbox 871 2291 999 2352; x_wconf 79' lang='grc' dir='ltr'>τοὺς</span> <span class='ocrx_word' id='word_1_306' title='bbox 1040 2287 1232 2355; x_wconf 84' lang='grc' dir='ltr'>λόγους</span> <span class='ocrx_word' id='word_1_307' title='bbox 1266 2287 1300 2358; x_wconf 80' lang='grc' dir='ltr'>ἡ</span> <span class='ocrx_word' id='word_1_308' title='bbox 1330 2287 1424 2340; x_wconf 84' lang='grc' dir='ltr'><strong>τοῦ</strong></span> <span class='ocrx_word' id='word_1_309' title='bbox 1453 2283 1743 2338; x_wconf 83' lang='grc' dir='ltr'>νεανίσκου</span> <span class='ocrx_word' id='word_1_310' title='bbox 1793 2283 1978 2355; x_wconf 81' lang='grc' dir='ltr'>μήτηρ</span> 
     </span>
    </p>
   </div>
   <div class='ocr_carea' id='block_1_41' title="bbox 405 2375 1976 2448">
    <p class='ocr_par' dir='ltr' id='par_1_41' title="bbox 405 2375 1976 2448">
     <span class='ocr_line' id='line_1_41' title="bbox 405 2375 1976 2448; baseline -0.001 -17"><span class='ocrx_word' id='word_1_311' title='bbox 405 2376 478 2440; x_wconf 79' lang='grc' dir='ltr'>ὡς</span> <span class='ocrx_word' id='word_1_312' title='bbox 507 2376 931 2448; x_wconf 81' lang='grc' dir='ltr'>Ἰεροπροφήτου</span> <span class='ocrx_word' id='word_1_313' title='bbox 977 2377 1248 2448; x_wconf 78' lang='grc' dir='ltr'>δεξαμένη</span> <span class='ocrx_word' id='word_1_314' title='bbox 1298 2375 1728 2445; x_wconf 80' lang='grc' dir='ltr'>προστάγματα,</span> <span class='ocrx_word' id='word_1_315' title='bbox 1775 2375 1976 2440; x_wconf 78' lang='grc' dir='ltr'>εὐθέως</span> 
     </span>
    </p>
   </div>
   <div class='ocr_carea' id='block_1_42' title="bbox 405 2464 1978 2538">
    <p class='ocr_par' dir='ltr' id='par_1_42' title="bbox 405 2464 1978 2538">
     <span class='ocr_line' id='line_1_42' title="bbox 405 2464 1978 2538; baseline -0.001 -20"><span class='ocrx_word' id='word_1_316' title='bbox 405 2467 688 2520; x_wconf 77' lang='grc' dir='ltr'>ἀναστᾶσα</span> <span class='ocrx_word' id='word_1_317' title='bbox 722 2468 802 2530; x_wconf 83' lang='grc' dir='ltr'><strong>είς</strong></span> <span class='ocrx_word' id='word_1_318' title='bbox 845 2466 945 2531; x_wconf 80' lang='grc' dir='ltr'>τὴν</span> <span class='ocrx_word' id='word_1_319' title='bbox 989 2467 1225 2538; x_wconf 85' lang='grc' dir='ltr'>πατρίδα</span> <span class='ocrx_word' id='word_1_320' title='bbox 1255 2465 1541 2536; x_wconf 56' lang='grc' dir='ltr'>ὥρμησεν</span> <span class='ocrx_word' id='word_1_321' title='bbox 1572 2465 1762 2519; x_wconf 75' lang='grc' dir='ltr'>ἔλασεν</span> <span class='ocrx_word' id='word_1_322' title='bbox 1785 2464 1978 2519; x_wconf 71' lang='grc' dir='ltr'>δδ-καὶ</span> 
     </span>
    </p>
   </div>
   <div class='ocr_carea' id='block_1_43' title="bbox 407 2550 1976 2625">
    <p class='ocr_par' dir='ltr' id='par_1_43' title="bbox 407 2550 1976 2625">
     <span class='ocr_line' id='line_1_43' title="bbox 407 2550 1976 2625; baseline -0.001 -18"><span class='ocrx_word' id='word_1_323' title='bbox 407 2555 506 2624; x_wconf 78' lang='grc' dir='ltr'>τὴν</span> <span class='ocrx_word' id='word_1_324' title='bbox 531 2556 800 2625; x_wconf 85' lang='grc' dir='ltr'>πάντιμον</span> <span class='ocrx_word' id='word_1_325' title='bbox 824 2557 921 2608; x_wconf 83' lang='grc' dir='ltr'>καὶ</span> <span class='ocrx_word' id='word_1_326' title='bbox 953 2555 1107 2624; x_wconf 71' lang='grc' dir='ltr'>ἱερὰν</span> <span class='ocrx_word' id='word_1_327' title='bbox 1133 2554 1394 2625; x_wconf 81' lang='grc' dir='ltr'>κεφαλὴν,</span> <span class='ocrx_word' id='word_1_328' title='bbox 1421 2553 1517 2606; x_wconf 83' lang='grc' dir='ltr'>τοῦ</span> <span class='ocrx_word' id='word_1_329' title='bbox 1535 2553 1692 2620; x_wconf 88' lang='grc' dir='ltr'>άγίου</span> <span class='ocrx_word' id='word_1_330' title='bbox 1714 2550 1976 2621; x_wconf 85' lang='grc' dir='ltr'>Λογγίνου</span> 
     </span>
    </p>
   </div>
   <div class='ocr_carea' id='block_1_44' title="bbox 407 2641 1972 2714">
    <p class='ocr_par' dir='ltr' id='par_1_44' title="bbox 407 2641 1972 2714">
     <span class='ocr_line' id='line_1_44' title="bbox 407 2641 1972 2714; baseline 0.006 -20"><span class='ocrx_word' id='word_1_331' title='bbox 407 2642 658 2712; x_wconf 81' lang='grc' dir='ltr'>λείψανον</span> <span class='ocrx_word' id='word_1_332' title='bbox 683 2681 699 2706; x_wconf 92' lang='grc'><strong>,</strong></span> <span class='ocrx_word' id='word_1_333' title='bbox 751 2644 849 2697; x_wconf 70' lang='grc' dir='ltr'>καὶ</span> <span class='ocrx_word' id='word_1_334' title='bbox 889 2644 1123 2700; x_wconf 75' lang='grc' dir='ltr'>ἀπέθετο</span> <span class='ocrx_word' id='word_1_335' title='bbox 1171 2642 1412 2714; x_wconf 83' lang='grc' dir='ltr'>φαιδρῶς</span> <span class='ocrx_word' id='word_1_336' title='bbox 1467 2642 1563 2696; x_wconf 76' lang='grc' dir='ltr'>καὶ</span> <span class='ocrx_word' id='word_1_337' title='bbox 1617 2641 1932 2712; x_wconf 64' lang='grc' dir='ltr'><strong>ἰτεριχαρξιῖις⁹</strong></span> <span class='ocrx_word' id='word_1_338' title='bbox 1958 2683 1972 2706; x_wconf 83' lang='grc'><strong>.</strong></span> 
     </span>
    </p>
   </div>
   <div class='ocr_carea' id='block_1_45' title="bbox 408 2729 1978 2805">
    <p class='ocr_par' dir='ltr' id='par_1_45' title="bbox 408 2729 1978 2805">
     <span class='ocr_line' id='line_1_45' title="bbox 408 2729 1978 2805; baseline 0.008 -21"><span class='ocrx_word' id='word_1_339' title='bbox 408 2731 590 2796; x_wconf 84' lang='grc' dir='ltr'>καθὼς</span> <span class='ocrx_word' id='word_1_340' title='bbox 642 2733 779 2805; x_wconf 81' lang='grc' dir='ltr'>αὐτῇ</span> <span class='ocrx_word' id='word_1_341' title='bbox 828 2732 1166 2804; x_wconf 82' lang='grc' dir='ltr'>προσέταξεν</span> <span class='ocrx_word' id='word_1_342' title='bbox 1195 2736 1223 2787; x_wconf 87' lang='grc' dir='ltr'>ὁ</span> <span class='ocrx_word' id='word_1_343' title='bbox 1252 2733 1405 2802; x_wconf 80' lang='grc' dir='ltr'>άγιος</span> <span class='ocrx_word' id='word_1_344' title='bbox 1433 2733 1694 2799; x_wconf 80' lang='grc' dir='ltr'>Λογγῖνος</span> <span class='ocrx_word' id='word_1_345' title='bbox 1723 2732 1781 2786; x_wconf 75' lang='grc' dir='ltr'>ὲν</span> <span class='ocrx_word' id='word_1_346' title='bbox 1799 2729 1978 2803; x_wconf 75' lang='grc' dir='ltr'>κώμῃ</span> 
     </span>
    </p>
   </div>
   <div class='ocr_carea' id='block_1_46' title="bbox 406 2816 1977 2896">
    <p class='ocr_par' dir='ltr' id='par_1_46' title="bbox 406 2816 1977 2896">
     <span class='ocr_line' id='line_1_46' title="bbox 406 2816 1977 2896; baseline -0.001 -21"><span class='ocrx_word' id='word_1_347' title='bbox 406 2824 672 2896; x_wconf 77' lang='grc' dir='ltr'>λεγομένῃ</span> <span class='ocrx_word' id='word_1_348' title='bbox 701 2823 1013 2896; x_wconf 84' lang='grc' dir='ltr'>Σανδράλης</span> <span class='ocrx_word' id='word_1_349' title='bbox 1046 2822 1277 2893; x_wconf 76' lang='grc' dir='ltr'>(ἐκεῖθεν</span> <span class='ocrx_word' id='word_1_350' title='bbox 1310 2822 1418 2893; x_wconf 81' lang='grc' dir='ltr'><strong>γάρ</strong></span> <span class='ocrx_word' id='word_1_351' title='bbox 1443 2816 1512 2892; x_wconf 81' lang='grc' dir='ltr'>ἦν</span> <span class='ocrx_word' id='word_1_352' title='bbox 1539 2821 1569 2874; x_wconf 86' lang='grc' dir='ltr'><strong>ό</strong></span> <span class='ocrx_word' id='word_1_353' title='bbox 1599 2820 1752 2888; x_wconf 79' lang='grc' dir='ltr'>άγιος</span> <span class='ocrx_word' id='word_1_354' title='bbox 1779 2821 1977 2890; x_wconf 85' lang='grc' dir='ltr'>Λογγῖ-</span> 
     </span>
    </p>
   </div>
   <div class='ocr_carea' id='block_1_47' title="bbox 407 2910 1976 2988">
    <p class='ocr_par' dir='ltr' id='par_1_47' title="bbox 407 2910 1976 2988">
     <span class='ocr_line' id='line_1_47' title="bbox 407 2910 1976 2988; baseline -0.003 -20"><span class='ocrx_word' id='word_1_355' title='bbox 407 2914 516 2985; x_wconf 89' lang='grc' dir='ltr'>νος)</span> <span class='ocrx_word' id='word_1_356' title='bbox 565 2916 702 2986; x_wconf 84' lang='grc' dir='ltr'>πρὸς</span> <span class='ocrx_word' id='word_1_357' title='bbox 751 2916 952 2988; x_wconf 70' lang='grc' dir='ltr'>ἑαυτὴν</span> <span class='ocrx_word' id='word_1_358' title='bbox 996 2913 1355 2983; x_wconf 81' lang='grc' dir='ltr'>άναφωνοῦσα</span> <span class='ocrx_word' id='word_1_359' title='bbox 1387 2913 1484 2966; x_wconf 76' lang='grc' dir='ltr'>καὶ</span> <span class='ocrx_word' id='word_1_360' title='bbox 1531 2910 1762 2978; x_wconf 75' lang='grc' dir='ltr'>λέγουσα</span> <span class='ocrx_word' id='word_1_361' title='bbox 1804 2912 1862 2966; x_wconf 76' lang='grc' dir='ltr'>ὲν</span> <span class='ocrx_word' id='word_1_362' title='bbox 1909 2915 1976 2985; x_wconf 75' lang='grc' dir='ltr'>τῇ</span> 
     </span>
    </p>
   </div>
   <div class='ocr_carea' id='block_1_48' title="bbox 407 2999 1978 3078">
    <p class='ocr_par' dir='ltr' id='par_1_48' title="bbox 407 2999 1978 3078">
     <span class='ocr_line' id='line_1_48' title="bbox 407 2999 1978 3078; baseline 0.001 -22"><span class='ocrx_word' id='word_1_363' title='bbox 407 3005 625 3078; x_wconf 80' lang='grc' dir='ltr'>καρδίᾳ,</span> <span class='ocrx_word' id='word_1_364' title='bbox 655 3007 749 3060; x_wconf 74' lang='grc' dir='ltr'>καὶ</span> <span class='ocrx_word' id='word_1_365' title='bbox 777 3008 845 3076; x_wconf 78' lang='grc' dir='ltr'>τῇ</span> <span class='ocrx_word' id='word_1_366' title='bbox 881 3004 1095 3076; x_wconf 73' lang='grc' dir='ltr'>γλώττῃ</span> <span class='ocrx_word' id='word_1_367' title='bbox 1144 3003 1520 3075; x_wconf 74' lang='grc' dir='ltr'>κηρύττουσαο</span> <span class='ocrx_word' id='word_1_368' title='bbox 1554 2999 1696 3057; x_wconf 74' lang='grc' dir='ltr'>Οἶδα.</span> <span class='ocrx_word' id='word_1_369' title='bbox 1735 3003 1866 3073; x_wconf 75' lang='grc' dir='ltr'>μὲν,</span> <span class='ocrx_word' id='word_1_370' title='bbox 1896 3003 1978 3057; x_wconf 85' lang='grc' dir='ltr'>ὅτι</span> 
     </span>
    </p>
   </div>
   <div class='ocr_carea' id='block_1_49' title="bbox 407 3095 1978 3164">
    <p class='ocr_par' dir='ltr' id='par_1_49' title="bbox 407 3095 1978 3164">
     <span class='ocr_line' id='line_1_49' title="bbox 407 3095 1978 3164; baseline 0 -16"><span class='ocrx_word' id='word_1_371' title='bbox 407 3099 519 3158; x_wconf 75' lang='grc' dir='ltr'>τοῖς</span> <span class='ocrx_word' id='word_1_372' title='bbox 547 3095 802 3164; x_wconf 84' lang='grc' dir='ltr'>ἀγαπῶσι</span> <span class='ocrx_word' id='word_1_373' title='bbox 847 3095 940 3149; x_wconf 75' lang='grc' dir='ltr'>τὸν</span> <span class='ocrx_word' id='word_1_374' title='bbox 965 3095 1119 3160; x_wconf 81' lang='grc' dir='ltr'>Θεὸν,</span> <span class='ocrx_word' id='word_1_375' title='bbox 1154 3095 1334 3149; x_wconf 88' lang='grc' dir='ltr'>πάντα</span> <span class='ocrx_word' id='word_1_376' title='bbox 1363 3097 1614 3163; x_wconf 80' lang='grc' dir='ltr'>συνεργεῖ</span> <span class='ocrx_word' id='word_1_377' title='bbox 1638 3095 1718 3158; x_wconf 89' lang='grc' dir='ltr'><strong>είς</strong></span> <span class='ocrx_word' id='word_1_378' title='bbox 1743 3095 1804 3147; x_wconf 85' lang='grc' dir='ltr'><strong>τὺ</strong></span> <span class='ocrx_word' id='word_1_379' title='bbox 1841 3095 1978 3162; x_wconf 77' lang='grc' dir='ltr'>άγαο</span> 
     </span>
    </p>
   </div>
   <div class='ocr_carea' id='block_1_50' title="bbox 2075 1915 3651 1990">
    <p class='ocr_par' dir='ltr' id='par_1_50' title="bbox 2075 1915 3651 1990">
     <span class='ocr_line' id='line_1_50' title="bbox 2075 1915 3651 1990; baseline -0.004 -18"><span class='ocrx_word' id='word_1_380' title='bbox 2075 1915 2224 1972; x_wconf 86' lang='lat' dir='ltr'><strong>auris</strong></span> <span class='ocrx_word' id='word_1_381' title='bbox 2251 1917 2480 1987; x_wconf 79' lang='lat' dir='ltr'><strong>audivit,</strong></span> <span class='ocrx_word' id='word_1_382' title='bbox 2502 1933 2684 1990; x_wconf 85' lang='lat' dir='ltr'><strong>neque</strong></span> <span class='ocrx_word' id='word_1_383' title='bbox 2713 1919 2771 1974; x_wconf 89' lang='lat' dir='ltr'><strong>in</strong></span> <span class='ocrx_word' id='word_1_384' title='bbox 2800 1933 2896 1974; x_wconf 89' lang='lat' dir='ltr'><strong>cor</strong></span> <span class='ocrx_word' id='word_1_385' title='bbox 2925 1915 3162 1972; x_wconf 81' lang='lat' dir='ltr'><strong>hominis</strong></span> <span class='ocrx_word' id='word_1_386' title='bbox 3183 1926 3425 1985; x_wconf 84' lang='lat' dir='ltr'><strong>unquam</strong></span> <span class='ocrx_word' id='word_1_387' title='bbox 3453 1923 3651 1966; x_wconf 66' lang='lat' dir='ltr'><strong>ascen—</strong></span> 
     </span>
    </p>
   </div>
   <div class='ocr_carea' id='block_1_51' title="bbox 2075 2006 2174 2064">
    <p class='ocr_par' dir='ltr' id='par_1_51' title="bbox 2075 2006 2174 2064">
     <span class='ocr_line' id='line_1_51' title="bbox 2075 2006 2174 2064; baseline 0.01 -1"><span class='ocrx_word' id='word_1_388' title='bbox 2075 2006 2174 2064; x_wconf 84' lang='lat' dir='ltr'><strong>dit.</strong></span> 
     </span>
    </p>
   </div>
   <div class='ocr_carea' id='block_1_52' title="bbox 2145 2287 3654 2361">
    <p class='ocr_par' dir='ltr' id='par_1_52' title="bbox 2145 2287 3654 2361">
     <span class='ocr_line' id='line_1_52' title="bbox 2145 2287 3654 2361; baseline 0.002 -19"><span class='ocrx_word' id='word_1_389' title='bbox 2145 2287 2234 2344; x_wconf 82' lang='lat' dir='ltr'><strong>l5.</strong></span> <span class='ocrx_word' id='word_1_390' title='bbox 2273 2287 2384 2344; x_wconf 83' lang='lat' dir='ltr'><strong>llos</strong></span> <span class='ocrx_word' id='word_1_391' title='bbox 2411 2303 2692 2346; x_wconf 82' lang='lat' dir='ltr'><strong>sermones</strong></span> <span class='ocrx_word' id='word_1_392' title='bbox 2738 2299 2799 2346; x_wconf 87' lang='lat' dir='ltr'><strong>ut</strong></span> <span class='ocrx_word' id='word_1_393' title='bbox 2846 2290 3002 2361; x_wconf 85' lang='lat' dir='ltr'><strong>pueri</strong></span> <span class='ocrx_word' id='word_1_394' title='bbox 3053 2299 3227 2346; x_wconf 86' lang='lat' dir='ltr'><strong>mater</strong></span> <span class='ocrx_word' id='word_1_395' title='bbox 3270 2291 3495 2357; x_wconf 80' lang='lat' dir='ltr'><strong>audivit,</strong></span> <span class='ocrx_word' id='word_1_396' title='bbox 3526 2298 3654 2346; x_wconf 81' lang='lat' dir='ltr'><strong>tan-</strong></span> 
     </span>
    </p>
   </div>
   <div class='ocr_carea' id='block_1_53' title="bbox 2073 2378 3648 2452">
    <p class='ocr_par' dir='ltr' id='par_1_53' title="bbox 2073 2378 3648 2452">
     <span class='ocr_line' id='line_1_53' title="bbox 2073 2378 3648 2452; baseline 0.001 -19"><span class='ocrx_word' id='word_1_397' title='bbox 2073 2392 2236 2448; x_wconf 88' lang='lat' dir='ltr'><strong>quam</strong></span> <span class='ocrx_word' id='word_1_398' title='bbox 2269 2378 2315 2434; x_wconf 89' lang='lat' dir='ltr'><strong>si</strong></span> <span class='ocrx_word' id='word_1_399' title='bbox 2343 2379 2510 2435; x_wconf 85' lang='lat' dir='ltr'><strong>divini</strong></span> <span class='ocrx_word' id='word_1_400' title='bbox 2557 2379 2791 2451; x_wconf 74' lang='lat' dir='ltr'><strong>alicuius</strong></span> <span class='ocrx_word' id='word_1_401' title='bbox 2819 2383 3100 2452; x_wconf 81' lang='lat' dir='ltr'><strong>prophetae</strong></span> <span class='ocrx_word' id='word_1_402' title='bbox 3126 2382 3460 2452; x_wconf 79' lang='lat' dir='ltr'><strong>suscepisset</strong></span> <span class='ocrx_word' id='word_1_403' title='bbox 3487 2395 3648 2436; x_wconf 84' lang='lat' dir='ltr'><strong>man-</strong></span> 
     </span>
    </p>
   </div>
   <div class='ocr_carea' id='block_1_54' title="bbox 2075 2469 3652 2544">
    <p class='ocr_par' dir='ltr' id='par_1_54' title="bbox 2075 2469 3652 2544">
     <span class='ocr_line' id='line_1_54' title="bbox 2075 2469 3652 2544; baseline -0.002 -18"><span class='ocrx_word' id='word_1_404' title='bbox 2075 2471 2227 2536; x_wconf 86' lang='lat' dir='ltr'><strong>data,</strong></span> <span class='ocrx_word' id='word_1_405' title='bbox 2257 2469 2700 2543; x_wconf 39' lang='lat' dir='ltr'><strong>sie‘consurgens</strong></span> <span class='ocrx_word' id='word_1_406' title='bbox 2729 2472 2994 2528; x_wconf 91' lang='lat' dir='ltr'><strong>continuo</strong></span> <span class='ocrx_word' id='word_1_407' title='bbox 3013 2472 3068 2527; x_wconf 91' lang='lat' dir='ltr'><strong>in</strong></span> <span class='ocrx_word' id='word_1_408' title='bbox 3099 2472 3331 2544; x_wconf 83' lang='lat' dir='ltr'><strong>patriam</strong></span> <span class='ocrx_word' id='word_1_409' title='bbox 3361 2471 3652 2537; x_wconf 85' lang='lat' dir='ltr'><strong>remeavit,</strong></span> 
     </span>
    </p>
   </div>
   <div class='ocr_carea' id='block_1_55' title="bbox 2074 2560 3659 2632">
    <p class='ocr_par' dir='ltr' id='par_1_55' title="bbox 2074 2560 3659 2632">
     <span class='ocr_line' id='line_1_55' title="bbox 2074 2560 3659 2632; baseline -0.001 -18"><span class='ocrx_word' id='word_1_410' title='bbox 2074 2567 2131 2614; x_wconf 90' lang='lat' dir='ltr'><strong>et</strong></span> <span class='ocrx_word' id='word_1_411' title='bbox 2159 2567 2444 2629; x_wconf 87' lang='lat' dir='ltr'><strong>acceptum</strong></span> <span class='ocrx_word' id='word_1_412' title='bbox 2465 2560 2637 2616; x_wconf 88' lang='lat' dir='ltr'><strong>sancti</strong></span> <span class='ocrx_word' id='word_1_413' title='bbox 2670 2560 2898 2632; x_wconf 88' lang='lat' dir='ltr'><strong>Longini</strong></span> <span class='ocrx_word' id='word_1_414' title='bbox 2927 2561 3244 2616; x_wconf 83' lang='lat' dir='ltr'><strong>venerabile</strong></span> <span class='ocrx_word' id='word_1_415' title='bbox 3272 2569 3437 2631; x_wconf 87' lang='lat' dir='ltr'><strong>caput</strong></span> <span class='ocrx_word' id='word_1_416' title='bbox 3459 2573 3659 2631; x_wconf 71' lang='lat' dir='ltr'><strong>magna</strong></span> 
     </span>
    </p>
   </div>
   <div class='ocr_carea' id='block_1_56' title="bbox 2075 2649 3654 2722">
    <p class='ocr_par' dir='ltr' id='par_1_56' title="bbox 2075 2649 3654 2722">
     <span class='ocr_line' id='line_1_56' title="bbox 2075 2649 3654 2722; baseline 0.001 -19"><span class='ocrx_word' id='word_1_417' title='bbox 2075 2663 2200 2706; x_wconf 80' lang='lat' dir='ltr'><strong>cunt</strong></span> <span class='ocrx_word' id='word_1_418' title='bbox 2225 2649 2415 2712; x_wconf 65' lang='lat' dir='ltr'><strong>latitia</strong></span> <span class='ocrx_word' id='word_1_419' title='bbox 2444 2658 2608 2722; x_wconf 85' lang='lat' dir='ltr'><strong>atque</strong></span> <span class='ocrx_word' id='word_1_420' title='bbox 2639 2651 2930 2721; x_wconf 86' lang='lat' dir='ltr'><strong>splendore</strong></span> <span class='ocrx_word' id='word_1_421' title='bbox 2959 2652 3222 2721; x_wconf 87' lang='lat' dir='ltr'><strong>reposuit,</strong></span> <span class='ocrx_word' id='word_1_422' title='bbox 3254 2652 3395 2707; x_wconf 86' lang='lat' dir='ltr'><strong>sicut</strong></span> <span class='ocrx_word' id='word_1_423' title='bbox 3429 2660 3654 2706; x_wconf 86' lang='lat' dir='ltr'><strong>sanctus</strong></span> 
     </span>
    </p>
   </div>
   <div class='ocr_carea' id='block_1_57' title="bbox 2075 2738 3651 2812">
    <p class='ocr_par' dir='ltr' id='par_1_57' title="bbox 2075 2738 3651 2812">
     <span class='ocr_line' id='line_1_57' title="bbox 2075 2738 3651 2812; baseline -0.001 -18"><span class='ocrx_word' id='word_1_424' title='bbox 2075 2738 2431 2796; x_wconf 79' lang='lat' dir='ltr'><strong>mandaverat</strong></span> <span class='ocrx_word' id='word_1_425' title='bbox 2452 2739 2516 2795; x_wconf 77' lang='lat' dir='ltr'><strong>ir.</strong></span> <span class='ocrx_word' id='word_1_426' title='bbox 2550 2739 2675 2796; x_wconf 86' lang='lat' dir='ltr'><strong>vico</strong></span> <span class='ocrx_word' id='word_1_427' title='bbox 2695 2777 2710 2805; x_wconf 91' lang='lat'><strong>,</strong></span> <span class='ocrx_word' id='word_1_428' title='bbox 2741 2739 2833 2812; x_wconf 90' lang='lat' dir='ltr'><strong>qui</strong></span> <span class='ocrx_word' id='word_1_429' title='bbox 2873 2739 3153 2796; x_wconf 87' lang='lat' dir='ltr'><strong>Sandralis</strong></span> <span class='ocrx_word' id='word_1_430' title='bbox 3185 2742 3500 2796; x_wconf 88' lang='lat' dir='ltr'><strong>nominatur</strong></span> <span class='ocrx_word' id='word_1_431' title='bbox 3528 2738 3600 2808; x_wconf 85' lang='lat' dir='ltr'><strong>(g)</strong></span> <span class='ocrx_word' id='word_1_432' title='bbox 3635 2756 3651 2793; x_wconf 89' lang='lat'>:</span> 
     </span>
    </p>
   </div>
   <div class='ocr_carea' id='block_1_58' title="bbox 2077 2829 3656 2902">
    <p class='ocr_par' dir='ltr' id='par_1_58' title="bbox 2077 2829 3656 2902">
     <span class='ocr_line' id='line_1_58' title="bbox 2077 2829 3656 2902; baseline -0.001 -18"><span class='ocrx_word' id='word_1_433' title='bbox 2077 2829 2226 2886; x_wconf 91' lang='lat' dir='ltr'><strong>illinc</strong></span> <span class='ocrx_word' id='word_1_434' title='bbox 2261 2829 2409 2886; x_wconf 89' lang='lat' dir='ltr'><strong>enim</strong></span> <span class='ocrx_word' id='word_1_435' title='bbox 2446 2830 2712 2887; x_wconf 87' lang='lat' dir='ltr'><strong>oriundus</strong></span> <span class='ocrx_word' id='word_1_436' title='bbox 2743 2841 2862 2887; x_wconf 89' lang='lat' dir='ltr'><strong>erat</strong></span> <span class='ocrx_word' id='word_1_437' title='bbox 2893 2841 3114 2890; x_wconf 89' lang='lat' dir='ltr'><strong>sanctus</strong></span> <span class='ocrx_word' id='word_1_438' title='bbox 3145 2831 3419 2902; x_wconf 85' lang='lat' dir='ltr'><strong>Longinus</strong></span> <span class='ocrx_word' id='word_1_439' title='bbox 3465 2851 3480 2885; x_wconf 92' lang='lat'><strong>:</strong></span> <span class='ocrx_word' id='word_1_440' title='bbox 3524 2829 3656 2886; x_wconf 87' lang='lat' dir='ltr'><strong>sibi-</strong></span> 
     </span>
    </p>
   </div>
   <div class='ocr_carea' id='block_1_59' title="bbox 2075 2919 3658 2994">
    <p class='ocr_par' dir='ltr' id='par_1_59' title="bbox 2075 2919 3658 2994">
     <span class='ocr_line' id='line_1_59' title="bbox 2075 2919 3658 2994; baseline 0 -20"><span class='ocrx_word' id='word_1_441' title='bbox 2075 2935 2184 2990; x_wconf 92' lang='lat' dir='ltr'><strong>que</strong></span> <span class='ocrx_word' id='word_1_442' title='bbox 2213 2920 2331 2990; x_wconf 88' lang='lat' dir='ltr'><strong>ipsa</strong></span> <span class='ocrx_word' id='word_1_443' title='bbox 2362 2921 2579 2980; x_wconf 89' lang='lat' dir='ltr'><strong>dicebat</strong></span> <span class='ocrx_word' id='word_1_444' title='bbox 2610 2922 2664 2976; x_wconf 92' lang='lat' dir='ltr'><strong>in</strong></span> <span class='ocrx_word' id='word_1_445' title='bbox 2690 2923 2878 2988; x_wconf 85' lang='lat' dir='ltr'><strong>corde,</strong></span> <span class='ocrx_word' id='word_1_446' title='bbox 2926 2933 2984 2980; x_wconf 86' lang='lat' dir='ltr'><strong>et</strong></span> <span class='ocrx_word' id='word_1_447' title='bbox 3027 2923 3215 2994; x_wconf 77' lang='lat' dir='ltr'><strong>lingua</strong></span> <span class='ocrx_word' id='word_1_448' title='bbox 3243 2923 3364 2978; x_wconf 86' lang='lat' dir='ltr'><strong>aliis</strong></span> <span class='ocrx_word' id='word_1_449' title='bbox 3395 2919 3658 2992; x_wconf 74' lang='lat' dir='ltr'><strong>praedica-</strong></span> 
     </span>
    </p>
   </div>
   <div class='ocr_carea' id='block_1_60' title="bbox 2076 3008 3664 3085">
    <p class='ocr_par' dir='ltr' id='par_1_60' title="bbox 2076 3008 3664 3085">
     <span class='ocr_line' id='line_1_60' title="bbox 2076 3008 3664 3085; baseline -0.001 -20"><span class='ocrx_word' id='word_1_450' title='bbox 2076 3009 2169 3065; x_wconf 84' lang='lat' dir='ltr'><strong>bat</strong></span> <span class='ocrx_word' id='word_1_451' title='bbox 2205 3027 2221 3066; x_wconf 89' lang='lat'><strong>:</strong></span> <span class='ocrx_word' id='word_1_452' title='bbox 2263 3008 2420 3066; x_wconf 81' lang='lat' dir='ltr'><strong>Nunc</strong></span> <span class='ocrx_word' id='word_1_453' title='bbox 2443 3012 2558 3067; x_wconf 88' lang='lat' dir='ltr'><strong>scio</strong></span> <span class='ocrx_word' id='word_1_454' title='bbox 2585 3027 2714 3068; x_wconf 84' lang='lat' dir='ltr'><strong>vere</strong></span> <span class='ocrx_word' id='word_1_455' title='bbox 2741 3013 2868 3084; x_wconf 83' lang='lat' dir='ltr'><strong>quia</strong></span> <span class='ocrx_word' id='word_1_456' title='bbox 2900 3014 3248 3085; x_wconf 77' lang='lat' dir='ltr'><strong>diligentibus</strong></span> <span class='ocrx_word' id='word_1_457' title='bbox 3275 3013 3445 3068; x_wconf 88' lang='lat' dir='ltr'><strong>Deum</strong></span> <span class='ocrx_word' id='word_1_458' title='bbox 3474 3012 3664 3066; x_wconf 69' lang='lat' dir='ltr'><strong>omnia</strong></span> 
     </span>
    </p>
   </div>
   <div class='ocr_carea' id='block_1_61' title="bbox 2078 3103 3666 3177">
    <p class='ocr_par' dir='ltr' id='par_1_61' title="bbox 2078 3103 3666 3177">
     <span class='ocr_line' id='line_1_61' title="bbox 2078 3103 3666 3177; baseline 0.004 -22"><span class='ocrx_word' id='word_1_459' title='bbox 2078 3110 2442 3172; x_wconf 83' lang='lat' dir='ltr'><strong>cooperantur</strong></span> <span class='ocrx_word' id='word_1_460' title='bbox 2471 3103 2526 3158; x_wconf 92' lang='lat' dir='ltr'><strong>in</strong></span> <span class='ocrx_word' id='word_1_461' title='bbox 2559 3104 2789 3161; x_wconf 87' lang='lat' dir='ltr'><strong>bonum.</strong></span> <span class='ocrx_word' id='word_1_462' title='bbox 2819 3105 3020 3162; x_wconf 83' lang='lat' dir='ltr'><strong>Oculos</strong></span> <span class='ocrx_word' id='word_1_463' title='bbox 3042 3107 3352 3177; x_wconf 71' lang='lat' dir='ltr'><strong>quaerebam</strong></span> <span class='ocrx_word' id='word_1_464' title='bbox 3376 3104 3572 3172; x_wconf 81' lang='lat' dir='ltr'><strong>carnis,</strong></span> <span class='ocrx_word' id='word_1_465' title='bbox 3604 3111 3666 3162; x_wconf 62' lang='lat' dir='ltr'><strong>et</strong></span> 
     </span>
    </p>
   </div>
   <div class='ocr_carea' id='block_1_62' title="bbox 408 3155 1975 3269">
    <p class='ocr_par' dir='ltr' id='par_1_62' title="bbox 408 3155 1974 3256">
     <span class='ocr_line' id='line_1_62' title="bbox 408 3155 1974 3256; baseline 0 -18"><span class='ocrx_word' id='word_1_466' title='bbox 408 3155 878 3256; x_wconf 50' lang='grc' dir='ltr'>θόν.’οξρθαλμοὺς</span> <span class='ocrx_word' id='word_1_467' title='bbox 909 3155 1146 3256; x_wconf 69' lang='grc' dir='ltr'>ἐζήτουν,</span> <span class='ocrx_word' id='word_1_468' title='bbox 1181 3185 1383 3256; x_wconf 86' lang='grc' dir='ltr'>σαρκδς</span> <span class='ocrx_word' id='word_1_469' title='bbox 1402 3224 1417 3249; x_wconf 93' lang='grc'><strong>,</strong></span> <span class='ocrx_word' id='word_1_470' title='bbox 1449 3155 1549 3238; x_wconf 63' lang='grc' dir='ltr'><strong>σύν</strong></span> <span class='ocrx_word' id='word_1_471' title='bbox 1579 3155 1762 3249; x_wconf 81' lang='grc' dir='ltr'>αὐτοῖς</span> <span class='ocrx_word' id='word_1_472' title='bbox 1796 3186 1852 3238; x_wconf 79' lang='grc' dir='ltr'>δὲ</span> <span class='ocrx_word' id='word_1_473' title='bbox 1880 3155 1974 3238; x_wconf 77' lang='grc' dir='ltr'>καὶ</span> 
     </span>
    </p>
   </div>
   <div class='ocr_carea' id='block_1_63' title="bbox 2081 3155 3654 3269">
    <p class='ocr_par' dir='ltr' id='par_1_63' title="bbox 2081 3155 3654 3269">
     <span class='ocr_line' id='line_1_63' title="bbox 2092 3155 3654 3177; baseline 0.004 -21"><span class='ocrx_word' id='word_1_474' title='bbox 2092 3155 2095 3156; x_wconf 30' lang='grc' dir='ltr'><strong>ν</strong></span> <span class='ocrx_word' id='word_1_475' title='bbox 2183 3155 2203 3172; x_wconf 71' lang='grc'><strong>,</strong></span> <span class='ocrx_word' id='word_1_476' title='bbox 2234 3155 2239 3156; x_wconf 63' lang='lat'><strong><em>,</em></strong></span> <span class='ocrx_word' id='word_1_477' title='bbox 2561 3155 2789 3161; x_wconf 71' lang='lat'>_-_______</span> <span class='ocrx_word' id='word_1_478' title='bbox 2828 3155 3019 3162; x_wconf 52' lang='grc' dir='ltr'><strong>---ηπ</strong></span> <span class='ocrx_word' id='word_1_479' title='bbox 3045 3155 3352 3177; x_wconf 56' lang='lat'><strong>1_-__-__--_</strong></span> <span class='ocrx_word' id='word_1_480' title='bbox 3381 3155 3572 3172; x_wconf 73' lang='lat'><strong>__-_--_,</strong></span> <span class='ocrx_word' id='word_1_481' title='bbox 3610 3155 3654 3162; x_wconf 84' lang='lat'><strong>-.</strong></span> 
     </span>
     <span class='ocr_line' id='line_1_64' title="bbox 2081 3194 3654 3269; baseline 0.004 -21"><span class='ocrx_word' id='word_1_482' title='bbox 2081 3207 2204 3248; x_wconf 89' lang='lat' dir='ltr'><strong>cum</strong></span> <span class='ocrx_word' id='word_1_483' title='bbox 2235 3194 2300 3250; x_wconf 90' lang='lat' dir='ltr'><strong>iis</strong></span> <span class='ocrx_word' id='word_1_484' title='bbox 2343 3195 2506 3251; x_wconf 86' lang='lat' dir='ltr'><strong>etiam</strong></span> <span class='ocrx_word' id='word_1_485' title='bbox 2545 3195 2720 3253; x_wconf 87' lang='lat' dir='ltr'><strong>visum</strong></span> <span class='ocrx_word' id='word_1_486' title='bbox 2751 3198 2806 3254; x_wconf 87' lang='lat' dir='ltr'><strong>in</strong></span> <span class='ocrx_word' id='word_1_487' title='bbox 2837 3199 3020 3254; x_wconf 75' lang='lat' dir='ltr'><strong>anima</strong></span> <span class='ocrx_word' id='word_1_488' title='bbox 3050 3198 3388 3269; x_wconf 81' lang='lat' dir='ltr'><strong>spiritualem</strong></span> <span class='ocrx_word' id='word_1_489' title='bbox 3427 3199 3608 3268; x_wconf 83' lang='lat' dir='ltr'><strong>recepi</strong></span> <span class='ocrx_word' id='word_1_490' title='bbox 3640 3217 3654 3254; x_wconf 92' lang='lat'><strong>:</strong></span> 
     </span>
    </p>
   </div>
   <div class='ocr_carea' id='block_1_64' title="bbox 407 3273 1972 3346">
    <p class='ocr_par' dir='ltr' id='par_1_64' title="bbox 407 3273 1972 3346">
     <span class='ocr_line' id='line_1_65' title="bbox 407 3273 1972 3346; baseline 0.001 -20"><span class='ocrx_word' id='word_1_491' title='bbox 407 3275 532 3338; x_wconf 80' lang='grc' dir='ltr'>τοὺς</span> <span class='ocrx_word' id='word_1_492' title='bbox 545 3273 641 3328; x_wconf 81' lang='grc' dir='ltr'><strong>τοῦ</strong></span> <span class='ocrx_word' id='word_1_493' title='bbox 670 3275 986 3346; x_wconf 87' lang='grc' dir='ltr'>Πνεύματος</span> <span class='ocrx_word' id='word_1_494' title='bbox 1011 3273 1202 3328; x_wconf 68' lang='grc' dir='ltr'>ἔλαϐον</span> <span class='ocrx_word' id='word_1_495' title='bbox 1218 3289 1232 3303; x_wconf 73' lang='grc' dir='ltr'><strong><em>ο</em></strong></span> <span class='ocrx_word' id='word_1_496' title='bbox 1257 3273 1446 3326; x_wconf 72' lang='grc' dir='ltr'>ἐλύπει</span> <span class='ocrx_word' id='word_1_497' title='bbox 1472 3291 1541 3343; x_wconf 88' lang='grc' dir='ltr'><strong>με</strong></span> <span class='ocrx_word' id='word_1_498' title='bbox 1565 3273 1738 3344; x_wconf 80' lang='grc' dir='ltr'>ζημία</span> <span class='ocrx_word' id='word_1_499' title='bbox 1760 3275 1972 3342; x_wconf 69' lang='grc' dir='ltr'>τικνου,</span> 
     </span>
    </p>
   </div>
   <div class='ocr_carea' id='block_1_65' title="bbox 407 3363 1972 3437">
    <p class='ocr_par' dir='ltr' id='par_1_65' title="bbox 407 3363 1972 3437">
     <span class='ocr_line' id='line_1_66' title="bbox 407 3363 1972 3437; baseline 0.001 -19"><span class='ocrx_word' id='word_1_500' title='bbox 407 3364 520 3418; x_wconf 78' lang='grc' dir='ltr'>ἀλλ’</span> <span class='ocrx_word' id='word_1_501' title='bbox 555 3365 664 3418; x_wconf 78' lang='grc' dir='ltr'><strong>ίδοίι</strong></span> <span class='ocrx_word' id='word_1_502' title='bbox 692 3363 784 3417; x_wconf 78' lang='grc' dir='ltr'>τὸν</span> <span class='ocrx_word' id='word_1_503' title='bbox 812 3365 1148 3435; x_wconf 83' lang='grc' dir='ltr'>κληρονόμον</span> <span class='ocrx_word' id='word_1_504' title='bbox 1171 3363 1281 3434; x_wconf 69' lang='grc' dir='ltr'><strong>ἔχω</strong></span> <span class='ocrx_word' id='word_1_505' title='bbox 1312 3363 1453 3435; x_wconf 83' lang='grc' dir='ltr'>μετὰ</span> <span class='ocrx_word' id='word_1_506' title='bbox 1480 3363 1638 3435; x_wconf 76' lang='grc' dir='ltr'>δόξης</span> <span class='ocrx_word' id='word_1_507' title='bbox 1664 3365 1972 3437; x_wconf 84' lang='grc' dir='ltr'>βασιλικῆς,</span> 
     </span>
    </p>
   </div>
   <div class='ocr_carea' id='block_1_66' title="bbox 408 3454 1976 3527">
    <p class='ocr_par' dir='ltr' id='par_1_66' title="bbox 408 3454 1976 3527">
     <span class='ocr_line' id='line_1_67' title="bbox 408 3454 1976 3527; baseline 0.004 -21"><span class='ocrx_word' id='word_1_508' title='bbox 408 3454 483 3525; x_wconf 79' lang='grc' dir='ltr'>τῷ</span> <span class='ocrx_word' id='word_1_509' title='bbox 531 3454 650 3526; x_wconf 82' lang='grc' dir='ltr'><strong>Θεῷ</strong></span> <span class='ocrx_word' id='word_1_510' title='bbox 680 3457 1122 3527; x_wconf 85' lang='grc' dir='ltr'>παριστάμενον·</span> <span class='ocrx_word' id='word_1_511' title='bbox 1155 3455 1575 3527; x_wconf 76' lang='grc' dir='ltr'>πορφυροφόρον</span> <span class='ocrx_word' id='word_1_512' title='bbox 1623 3457 1714 3511; x_wconf 72' lang='grc' dir='ltr'><strong>τὸν</strong></span> <span class='ocrx_word' id='word_1_513' title='bbox 1759 3459 1976 3513; x_wconf 83' lang='grc' dir='ltr'>νεανίαν</span> 
     </span>
    </p>
   </div>
   <div class='ocr_carea' id='block_1_67' title="bbox 406 3545 1976 3616">
    <p class='ocr_par' dir='ltr' id='par_1_67' title="bbox 406 3545 1976 3616">
     <span class='ocr_line' id='line_1_68' title="bbox 406 3545 1976 3616; baseline 0.002 -17"><span class='ocrx_word' id='word_1_514' title='bbox 406 3545 614 3615; x_wconf 82' lang='grc' dir='ltr'>ἀναρῶ,</span> <span class='ocrx_word' id='word_1_515' title='bbox 644 3545 1034 3616; x_wconf 82' lang='grc' dir='ltr'>πολυευπρεπῆ</span> <span class='ocrx_word' id='word_1_516' title='bbox 1062 3545 1386 3599; x_wconf 84' lang='grc' dir='ltr'>κατοπτεύω</span> <span class='ocrx_word' id='word_1_517' title='bbox 1403 3545 1495 3598; x_wconf 80' lang='grc' dir='ltr'>τὸν</span> <span class='ocrx_word' id='word_1_518' title='bbox 1525 3545 1780 3616; x_wconf 86' lang='grc' dir='ltr'>μείρακα.</span> <span class='ocrx_word' id='word_1_519' title='bbox 1803 3548 1976 3602; x_wconf 79' lang='grc' dir='ltr'>’Λατε-</span> 
     </span>
    </p>
   </div>
   <div class='ocr_carea' id='block_1_68' title="bbox 409 3635 1977 3707">
    <p class='ocr_par' dir='ltr' id='par_1_68' title="bbox 409 3635 1977 3707">
     <span class='ocr_line' id='line_1_69' title="bbox 409 3635 1977 3707; baseline 0.003 -19"><span class='ocrx_word' id='word_1_520' title='bbox 409 3637 762 3706; x_wconf 84' lang='grc' dir='ltr'>ροπρόσωπος</span> <span class='ocrx_word' id='word_1_521' title='bbox 793 3639 821 3689; x_wconf 85' lang='grc' dir='ltr'><strong>ό</strong></span> <span class='ocrx_word' id='word_1_522' title='bbox 853 3638 980 3699; x_wconf 80' lang='grc' dir='ltr'>παῖς</span> <span class='ocrx_word' id='word_1_523' title='bbox 999 3674 1014 3700; x_wconf 94' lang='grc'><strong>,</strong></span> <span class='ocrx_word' id='word_1_524' title='bbox 1044 3637 1139 3690; x_wconf 71' lang='grc' dir='ltr'>καὶ</span> <span class='ocrx_word' id='word_1_525' title='bbox 1183 3637 1249 3707; x_wconf 76' lang='grc' dir='ltr'>τῇ</span> <span class='ocrx_word' id='word_1_526' title='bbox 1303 3635 1472 3706; x_wconf 79' lang='grc' dir='ltr'>μητρὶ</span> <span class='ocrx_word' id='word_1_527' title='bbox 1514 3636 1848 3706; x_wconf 85' lang='grc' dir='ltr'>προσγελῶν,</span> <span class='ocrx_word' id='word_1_528' title='bbox 1882 3639 1977 3692; x_wconf 78' lang='grc' dir='ltr'>καὶ</span> 
     </span>
    </p>
   </div>
   <div class='ocr_carea' id='block_1_69' title="bbox 411 3724 1978 3798">
    <p class='ocr_par' dir='ltr' id='par_1_69' title="bbox 411 3724 1978 3798">
     <span class='ocr_line' id='line_1_70' title="bbox 411 3724 1978 3798; baseline 0.002 -20"><span class='ocrx_word' id='word_1_529' title='bbox 411 3727 563 3795; x_wconf 84' lang='grc' dir='ltr'>παρά</span> <span class='ocrx_word' id='word_1_530' title='bbox 593 3726 694 3796; x_wconf 81' lang='grc' dir='ltr'>τὴν</span> <span class='ocrx_word' id='word_1_531' title='bbox 728 3725 970 3795; x_wconf 81' lang='grc' dir='ltr'>πλευρὰν</span> <span class='ocrx_word' id='word_1_532' title='bbox 997 3724 1264 3792; x_wconf 85' lang='grc' dir='ltr'>Λογγίνου</span> <span class='ocrx_word' id='word_1_533' title='bbox 1293 3724 1644 3795; x_wconf 82' lang='grc' dir='ltr'>ἀστράπτων,</span> <span class='ocrx_word' id='word_1_534' title='bbox 1665 3725 1740 3789; x_wconf 84' lang='grc' dir='ltr'><strong>ὡς</strong></span> <span class='ocrx_word' id='word_1_535' title='bbox 1759 3728 1978 3798; x_wconf 83' lang='grc' dir='ltr'>φωσφό-</span> 
     </span>
    </p>
   </div>
   <div class='ocr_carea' id='block_1_70' title="bbox 411 3809 1976 3891">
    <p class='ocr_par' dir='ltr' id='par_1_70' title="bbox 411 3809 1976 3891">
     <span class='ocr_line' id='line_1_71' title="bbox 411 3809 1976 3891; baseline 0 -20"><span class='ocrx_word' id='word_1_536' title='bbox 411 3834 503 3887; x_wconf 89' lang='grc' dir='ltr'><strong>ρος</strong></span> <span class='ocrx_word' id='word_1_537' title='bbox 534 3815 686 3887; x_wconf 76' lang='grc' dir='ltr'>παρά</span> <span class='ocrx_word' id='word_1_538' title='bbox 706 3816 806 3885; x_wconf 76' lang='grc' dir='ltr'>τὴν</span> <span class='ocrx_word' id='word_1_539' title='bbox 831 3814 1065 3885; x_wconf 76' lang='grc' dir='ltr'>ἡλιακὴν</span> <span class='ocrx_word' id='word_1_540' title='bbox 1087 3816 1306 3878; x_wconf 78' lang='grc' dir='ltr'>άκτϊνα,</span> <span class='ocrx_word' id='word_1_541' title='bbox 1340 3815 1604 3880; x_wconf 88' lang='grc' dir='ltr'>πολλάκις</span> <span class='ocrx_word' id='word_1_542' title='bbox 1631 3809 1733 3887; x_wconf 80' lang='grc' dir='ltr'>μὲν</span> <span class='ocrx_word' id='word_1_543' title='bbox 1760 3817 1976 3891; x_wconf 80' lang='grc' dir='ltr'>νύκτωρ</span> 
     </span>
    </p>
   </div>
   <div class='ocr_carea' id='block_1_71' title="bbox 410 3905 1979 3977">
    <p class='ocr_par' dir='ltr' id='par_1_71' title="bbox 410 3905 1979 3977">
     <span class='ocr_line' id='line_1_72' title="bbox 410 3905 1979 3977; baseline 0.001 -15"><span class='ocrx_word' id='word_1_544' title='bbox 410 3909 670 3971; x_wconf 85' lang='grc' dir='ltr'>πολλάκις</span> <span class='ocrx_word' id='word_1_545' title='bbox 714 3906 770 3960; x_wconf 76' lang='grc' dir='ltr'>δὲ</span> <span class='ocrx_word' id='word_1_546' title='bbox 820 3905 941 3976; x_wconf 87' lang='grc' dir='ltr'>μεθ’</span> <span class='ocrx_word' id='word_1_547' title='bbox 963 3905 1178 3977; x_wconf 81' lang='grc' dir='ltr'>ἡμέραν</span> <span class='ocrx_word' id='word_1_548' title='bbox 1221 3905 1568 3977; x_wconf 84' lang='grc' dir='ltr'>φαινόμενος,</span> <span class='ocrx_word' id='word_1_549' title='bbox 1598 3907 1694 3961; x_wconf 71' lang='grc' dir='ltr'>καὶ</span> <span class='ocrx_word' id='word_1_550' title='bbox 1736 3908 1798 3960; x_wconf 84' lang='grc' dir='ltr'>οὐ</span> <span class='ocrx_word' id='word_1_551' title='bbox 1845 3911 1979 3964; x_wconf 86' lang='grc' dir='ltr'>κατ’</span> 
     </span>
    </p>
   </div>
   <div class='ocr_carea' id='block_1_72' title="bbox 287 3997 1977 4072">
    <p class='ocr_par' dir='ltr' id='par_1_72' title="bbox 287 3997 1977 4072">
     <span class='ocr_line' id='line_1_73' title="bbox 287 3997 1977 4072; baseline 0.002 -19"><span class='ocrx_word' id='word_1_552' title='bbox 287 4063 290 4067; x_wconf 29' lang='grc'><strong>,</strong></span> <span class='ocrx_word' id='word_1_553' title='bbox 407 4002 539 4071; x_wconf 73' lang='grc' dir='ltr'>δναρ</span> <span class='ocrx_word' id='word_1_554' title='bbox 573 4000 757 4069; x_wconf 88' lang='grc' dir='ltr'>μόνον,</span> <span class='ocrx_word' id='word_1_555' title='bbox 787 3998 926 4052; x_wconf 79' lang='grc' dir='ltr'>ἀλλά</span> <span class='ocrx_word' id='word_1_556' title='bbox 958 3999 1065 4068; x_wconf 77' lang='grc' dir='ltr'>μὴν</span> <span class='ocrx_word' id='word_1_557' title='bbox 1094 3998 1189 4050; x_wconf 70' lang='grc' dir='ltr'><strong>καὶ</strong></span> <span class='ocrx_word' id='word_1_558' title='bbox 1217 3997 1470 4068; x_wconf 85' lang='grc' dir='ltr'>φανερῶς</span> <span class='ocrx_word' id='word_1_559' title='bbox 1498 3998 1858 4069; x_wconf 73' lang='grc' dir='ltr'>ἐμφανίζεται</span> <span class='ocrx_word' id='word_1_560' title='bbox 1885 4018 1977 4072; x_wconf 82' lang='grc' dir='ltr'><strong>μοι</strong></span> 
     </span>
    </p>
   </div>
   <div class='ocr_carea' id='block_1_73' title="bbox 413 4087 1974 4164">
    <p class='ocr_par' dir='ltr' id='par_1_73' title="bbox 413 4087 1974 4164">
     <span class='ocr_line' id='line_1_74' title="bbox 413 4087 1974 4164; baseline 0.001 -20"><span class='ocrx_word' id='word_1_561' title='bbox 413 4091 706 4164; x_wconf 85' lang='grc' dir='ltr'>μαρτύρων</span> <span class='ocrx_word' id='word_1_562' title='bbox 735 4090 950 4160; x_wconf 84' lang='grc' dir='ltr'>τρόπῳ·</span> <span class='ocrx_word' id='word_1_563' title='bbox 984 4087 1186 4158; x_wconf 84' lang='grc' dir='ltr'>κλῆρος</span> <span class='ocrx_word' id='word_1_564' title='bbox 1214 4089 1276 4142; x_wconf 68' lang='grc' dir='ltr'>δὲ</span> <span class='ocrx_word' id='word_1_565' title='bbox 1308 4088 1472 4143; x_wconf 78' lang='grc' dir='ltr'>αὐτοῦ</span> <span class='ocrx_word' id='word_1_566' title='bbox 1497 4089 1636 4158; x_wconf 81' lang='grc' dir='ltr'>μετὰ</span> <span class='ocrx_word' id='word_1_567' title='bbox 1660 4090 1974 4163; x_wconf 85' lang='grc' dir='ltr'>προφητῶν,</span> 
     </span>
    </p>
   </div>
   <div class='ocr_carea' id='block_1_74' title="bbox 410 4178 1979 4252">
    <p class='ocr_par' dir='ltr' id='par_1_74' title="bbox 410 4178 1979 4252">
     <span class='ocr_line' id='line_1_75' title="bbox 410 4178 1979 4252; baseline -0.001 -14"><span class='ocrx_word' id='word_1_568' title='bbox 410 4185 588 4238; x_wconf 86' lang='grc' dir='ltr'>καίτοι</span> <span class='ocrx_word' id='word_1_569' title='bbox 642 4181 756 4250; x_wconf 83' lang='grc' dir='ltr'>βίον</span> <span class='ocrx_word' id='word_1_570' title='bbox 798 4178 908 4234; x_wconf 85' lang='grc' dir='ltr'><strong>τῶν</strong></span> <span class='ocrx_word' id='word_1_571' title='bbox 939 4178 1234 4250; x_wconf 83' lang='grc' dir='ltr'>προφητῶν</span> <span class='ocrx_word' id='word_1_572' title='bbox 1277 4179 1340 4234; x_wconf 82' lang='grc' dir='ltr'>οὐ</span> <span class='ocrx_word' id='word_1_573' title='bbox 1380 4178 1663 4250; x_wconf 79' lang='grc' dir='ltr'>ζήσαντος,</span> <span class='ocrx_word' id='word_1_574' title='bbox 1694 4181 1790 4236; x_wconf 82' lang='grc' dir='ltr'>καὶ</span> <span class='ocrx_word' id='word_1_575' title='bbox 1840 4185 1979 4252; x_wconf 86' lang='grc' dir='ltr'>μετὰ</span> 
     </span>
    </p>
   </div>
   <div class='ocr_carea' id='block_1_75' title="bbox 410 4268 1978 4343">
    <p class='ocr_par' dir='ltr' id='par_1_75' title="bbox 410 4268 1978 4343">
     <span class='ocr_line' id='line_1_76' title="bbox 410 4268 1978 4343; baseline -0.001 -17"><span class='ocrx_word' id='word_1_576' title='bbox 410 4272 674 4340; x_wconf 88' lang='grc' dir='ltr'>Λογγίνου</span> <span class='ocrx_word' id='word_1_577' title='bbox 711 4270 1088 4338; x_wconf 80' lang='grc' dir='ltr'>σταυροφορεῖ,</span> <span class='ocrx_word' id='word_1_578' title='bbox 1117 4268 1212 4322; x_wconf 74' lang='grc' dir='ltr'>καὶ</span> <span class='ocrx_word' id='word_1_579' title='bbox 1233 4268 1299 4322; x_wconf 81' lang='grc' dir='ltr'>τὸ</span> <span class='ocrx_word' id='word_1_580' title='bbox 1323 4270 1521 4341; x_wconf 79' lang='grc' dir='ltr'>σεμνὸν</span> <span class='ocrx_word' id='word_1_581' title='bbox 1543 4271 1646 4341; x_wconf 82' lang='grc' dir='ltr'>τῆς</span> <span class='ocrx_word' id='word_1_582' title='bbox 1672 4271 1782 4325; x_wconf 88' lang='grc' dir='ltr'><strong>τῶν</strong></span> <span class='ocrx_word' id='word_1_583' title='bbox 1813 4272 1978 4343; x_wconf 84' lang='grc' dir='ltr'>ούρα-</span> 
     </span>
    </p>
   </div>
   <div class='ocr_carea' id='block_1_76' title="bbox 409 4359 1979 4434">
    <p class='ocr_par' dir='ltr' id='par_1_76' title="bbox 409 4359 1979 4434">
     <span class='ocr_line' id='line_1_77' title="bbox 409 4359 1979 4434; baseline 0 -18"><span class='ocrx_word' id='word_1_584' title='bbox 409 4363 516 4417; x_wconf 84' lang='grc' dir='ltr'>νῶν</span> <span class='ocrx_word' id='word_1_585' title='bbox 547 4362 822 4433; x_wconf 80' lang='grc' dir='ltr'>βασιλείας</span> <span class='ocrx_word' id='word_1_586' title='bbox 855 4361 1179 4431; x_wconf 74' lang='grc' dir='ltr'>ἐπιφέρεται</span> <span class='ocrx_word' id='word_1_587' title='bbox 1208 4359 1488 4432; x_wconf 85' lang='grc' dir='ltr'>τρόπαιον,</span> <span class='ocrx_word' id='word_1_588' title='bbox 1522 4361 1619 4414; x_wconf 74' lang='grc' dir='ltr'>καὶ</span> <span class='ocrx_word' id='word_1_589' title='bbox 1645 4362 1848 4434; x_wconf 79' lang='grc' dir='ltr'>μεταξὺ</span> <span class='ocrx_word' id='word_1_590' title='bbox 1876 4364 1979 4434; x_wconf 78' lang='grc' dir='ltr'><strong>ἀγ-</strong></span> 
     </span>
    </p>
   </div>
   <div class='ocr_carea' id='block_1_77' title="bbox 2080 3283 3672 3354">
    <p class='ocr_par' dir='ltr' id='par_1_77' title="bbox 2080 3283 3672 3354">
     <span class='ocr_line' id='line_1_78' title="bbox 2080 3283 3672 3354; baseline 0.005 -18"><span class='ocrx_word' id='word_1_591' title='bbox 2080 3283 2268 3340; x_wconf 76' lang='lat' dir='ltr'><strong>alllixit</strong></span> <span class='ocrx_word' id='word_1_592' title='bbox 2311 3300 2401 3340; x_wconf 89' lang='lat' dir='ltr'><strong>me</strong></span> <span class='ocrx_word' id='word_1_593' title='bbox 2450 3287 2729 3344; x_wconf 78' lang='lat' dir='ltr'><strong>calamitas</strong></span> <span class='ocrx_word' id='word_1_594' title='bbox 2765 3289 2882 3354; x_wconf 82' lang='lat' dir='ltr'><strong>lilii,</strong></span> <span class='ocrx_word' id='word_1_595' title='bbox 2913 3297 2972 3345; x_wconf 84' lang='lat' dir='ltr'><strong>et</strong></span> <span class='ocrx_word' id='word_1_596' title='bbox 3015 3305 3145 3345; x_wconf 90' lang='lat' dir='ltr'><strong>ecce</strong></span> <span class='ocrx_word' id='word_1_597' title='bbox 3177 3289 3448 3344; x_wconf 59' lang='lat' dir='ltr'><strong>heredem</strong></span> <span class='ocrx_word' id='word_1_598' title='bbox 3480 3288 3672 3344; x_wconf 87' lang='lat' dir='ltr'><strong>habeo-</strong></span> 
     </span>
    </p>
   </div>
   <div class='ocr_carea' id='block_1_78' title="bbox 2080 3376 3673 3452">
    <p class='ocr_par' dir='ltr' id='par_1_78' title="bbox 2080 3376 3673 3452">
     <span class='ocr_line' id='line_1_79' title="bbox 2080 3376 3673 3452; baseline 0.004 -23"><span class='ocrx_word' id='word_1_599' title='bbox 2080 3389 2205 3430; x_wconf 91' lang='lat' dir='ltr'><strong>cum</strong></span> <span class='ocrx_word' id='word_1_600' title='bbox 2249 3376 2415 3448; x_wconf 89' lang='lat' dir='ltr'><strong>gloria</strong></span> <span class='ocrx_word' id='word_1_601' title='bbox 2459 3378 2606 3449; x_wconf 83' lang='lat' dir='ltr'><strong>regia</strong></span> <span class='ocrx_word' id='word_1_602' title='bbox 2641 3377 2750 3435; x_wconf 88' lang='lat' dir='ltr'><strong>Deo</strong></span> <span class='ocrx_word' id='word_1_603' title='bbox 2778 3379 3125 3436; x_wconf 74' lang='lat' dir='ltr'><strong>assistentem</strong></span> <span class='ocrx_word' id='word_1_604' title='bbox 3157 3398 3172 3435; x_wconf 89' lang='lat'><strong>:</strong></span> <span class='ocrx_word' id='word_1_605' title='bbox 3201 3380 3359 3436; x_wconf 91' lang='lat' dir='ltr'><strong>video</strong></span> <span class='ocrx_word' id='word_1_606' title='bbox 3399 3381 3673 3452; x_wconf 57' lang='lat' dir='ltr'><strong>juvenem:</strong></span> 
     </span>
    </p>
   </div>
   <div class='ocr_carea' id='block_1_79' title="bbox 2081 3465 3669 3538">
    <p class='ocr_par' dir='ltr' id='par_1_79' title="bbox 2081 3465 3669 3538">
     <span class='ocr_line' id='line_1_80' title="bbox 2081 3465 3669 3538; baseline -0.001 -11"><span class='ocrx_word' id='word_1_607' title='bbox 2081 3465 2334 3527; x_wconf 79' lang='lat' dir='ltr'><strong>indutum</strong></span> <span class='ocrx_word' id='word_1_608' title='bbox 2359 3483 2604 3538; x_wconf 82' lang='lat' dir='ltr'><strong>purpura</strong></span> <span class='ocrx_word' id='word_1_609' title='bbox 2628 3470 2883 3526; x_wconf 81' lang='lat' dir='ltr'><strong>etmulto</strong></span> <span class='ocrx_word' id='word_1_610' title='bbox 2902 3471 3097 3528; x_wconf 85' lang='lat' dir='ltr'><strong>decore</strong></span> <span class='ocrx_word' id='word_1_611' title='bbox 3121 3470 3466 3527; x_wconf 87' lang='lat' dir='ltr'><strong>adornatum.</strong></span> <span class='ocrx_word' id='word_1_612' title='bbox 3500 3469 3669 3526; x_wconf 62' lang='lat' dir='ltr'><strong>Side~</strong></span> 
     </span>
    </p>
   </div>
   <div class='ocr_carea' id='block_1_80' title="bbox 2082 3556 3666 3632">
    <p class='ocr_par' dir='ltr' id='par_1_80' title="bbox 2082 3556 3666 3632">
     <span class='ocr_line' id='line_1_81' title="bbox 2082 3556 3666 3632; baseline 0.006 -24"><span class='ocrx_word' id='word_1_613' title='bbox 2082 3569 2178 3610; x_wconf 92' lang='lat' dir='ltr'><strong>reo</strong></span> <span class='ocrx_word' id='word_1_614' title='bbox 2221 3556 2376 3611; x_wconf 86' lang='lat' dir='ltr'><strong>vultu</strong></span> <span class='ocrx_word' id='word_1_615' title='bbox 2418 3560 2779 3628; x_wconf 86' lang='lat' dir='ltr'><strong>resplendens</strong></span> <span class='ocrx_word' id='word_1_616' title='bbox 2829 3577 2969 3632; x_wconf 84' lang='lat' dir='ltr'><strong>puer</strong></span> <span class='ocrx_word' id='word_1_617' title='bbox 3019 3577 3148 3618; x_wconf 88' lang='lat' dir='ltr'><strong>ecce</strong></span> <span class='ocrx_word' id='word_1_618' title='bbox 3177 3571 3238 3616; x_wconf 89' lang='lat' dir='ltr'><strong>ut</strong></span> <span class='ocrx_word' id='word_1_619' title='bbox 3265 3562 3424 3617; x_wconf 83' lang='lat' dir='ltr'><strong>matri</strong></span> <span class='ocrx_word' id='word_1_620' title='bbox 3456 3561 3666 3616; x_wconf 83' lang='lat' dir='ltr'><strong>arridet</strong></span> 
     </span>
    </p>
   </div>
   <div class='ocr_carea' id='block_1_81' title="bbox 2081 3649 3665 3724">
    <p class='ocr_par' dir='ltr' id='par_1_81' title="bbox 2081 3649 3665 3724">
     <span class='ocr_line' id='line_1_82' title="bbox 2081 3649 3665 3724; baseline 0.006 -24"><span class='ocrx_word' id='word_1_621' title='bbox 2081 3660 2216 3713; x_wconf 62' lang='lat' dir='ltr'><strong>sum,</strong></span> <span class='ocrx_word' id='word_1_622' title='bbox 2251 3656 2306 3702; x_wconf 92' lang='lat' dir='ltr'><strong>et</strong></span> <span class='ocrx_word' id='word_1_623' title='bbox 2335 3649 2403 3704; x_wconf 91' lang='lat' dir='ltr'><strong>ad</strong></span> <span class='ocrx_word' id='word_1_624' title='bbox 2442 3649 2584 3706; x_wconf 80' lang='lat' dir='ltr'><strong>latus</strong></span> <span class='ocrx_word' id='word_1_625' title='bbox 2613 3650 2840 3724; x_wconf 79' lang='lat' dir='ltr'><strong>Longini</strong></span> <span class='ocrx_word' id='word_1_626' title='bbox 2866 3653 3015 3708; x_wconf 85' lang='lat' dir='ltr'><strong>velut</strong></span> <span class='ocrx_word' id='word_1_627' title='bbox 3041 3652 3236 3707; x_wconf 80' lang='lat' dir='ltr'><strong>lucifer</strong></span> <span class='ocrx_word' id='word_1_628' title='bbox 3261 3653 3328 3707; x_wconf 85' lang='lat' dir='ltr'><strong>ad</strong></span> <span class='ocrx_word' id='word_1_629' title='bbox 3363 3653 3545 3709; x_wconf 81' lang='lat' dir='ltr'><strong>radios</strong></span> <span class='ocrx_word' id='word_1_630' title='bbox 3565 3669 3665 3709; x_wconf 72' lang='lat' dir='ltr'><strong>so-</strong></span> 
     </span>
    </p>
   </div>
   <div class='ocr_carea' id='block_1_82' title="bbox 2081 3735 3658 3812">
    <p class='ocr_par' dir='ltr' id='par_1_82' title="bbox 2081 3735 3658 3812">
     <span class='ocr_line' id='line_1_83' title="bbox 2081 3735 3658 3812; baseline 0.006 -24"><span class='ocrx_word' id='word_1_631' title='bbox 2081 3735 2228 3790; x_wconf 85' lang='lat' dir='ltr'><strong>lares</strong></span> <span class='ocrx_word' id='word_1_632' title='bbox 2252 3735 2496 3808; x_wconf 71' lang='lat' dir='ltr'><strong>refulget.</strong></span> <span class='ocrx_word' id='word_1_633' title='bbox 2530 3739 2741 3796; x_wconf 83' lang='lat' dir='ltr'><strong>Etenim</strong></span> <span class='ocrx_word' id='word_1_634' title='bbox 2793 3756 2936 3810; x_wconf 77' lang='lat' dir='ltr'><strong>saepe</strong></span> <span class='ocrx_word' id='word_1_635' title='bbox 2985 3750 3173 3807; x_wconf 83' lang='lat' dir='ltr'><strong>noctu,</strong></span> <span class='ocrx_word' id='word_1_636' title='bbox 3199 3756 3343 3811; x_wconf 70' lang='lat' dir='ltr'><strong>saepe</strong></span> <span class='ocrx_word' id='word_1_637' title='bbox 3382 3757 3482 3812; x_wconf 85' lang='lat' dir='ltr'><strong>per</strong></span> <span class='ocrx_word' id='word_1_638' title='bbox 3512 3742 3658 3799; x_wconf 89' lang='lat' dir='ltr'><strong>diem</strong></span> 
     </span>
    </p>
   </div>
   <div class='ocr_carea' id='block_1_83' title="bbox 2082 3829 3659 3904">
    <p class='ocr_par' dir='ltr' id='par_1_83' title="bbox 2082 3829 3659 3904">
     <span class='ocr_line' id='line_1_84' title="bbox 2082 3829 3659 3904; baseline 0.007 -26"><span class='ocrx_word' id='word_1_639' title='bbox 2082 3839 2370 3895; x_wconf 83' lang='lat' dir='ltr'><strong>apparens,</strong></span> <span class='ocrx_word' id='word_1_640' title='bbox 2396 3842 2575 3896; x_wconf 86' lang='lat' dir='ltr'><strong>neque</strong></span> <span class='ocrx_word' id='word_1_641' title='bbox 2596 3829 2651 3884; x_wconf 90' lang='lat' dir='ltr'><strong>id</strong></span> <span class='ocrx_word' id='word_1_642' title='bbox 2686 3829 2744 3885; x_wconf 92' lang='lat' dir='ltr'><strong>in</strong></span> <span class='ocrx_word' id='word_1_643' title='bbox 2767 3831 2996 3897; x_wconf 86' lang='lat' dir='ltr'><strong>somnis,</strong></span> <span class='ocrx_word' id='word_1_644' title='bbox 3012 3833 3107 3888; x_wconf 88' lang='lat' dir='ltr'><strong>sed</strong></span> <span class='ocrx_word' id='word_1_645' title='bbox 3143 3833 3427 3888; x_wconf 78' lang='lat' dir='ltr'><strong>manifesta</strong></span> <span class='ocrx_word' id='word_1_646' title='bbox 3450 3833 3504 3888; x_wconf 90' lang='lat' dir='ltr'><strong>in</strong></span> <span class='ocrx_word' id='word_1_647' title='bbox 3531 3850 3659 3904; x_wconf 70' lang='lat' dir='ltr'><strong>spe-</strong></span> 
     </span>
    </p>
   </div>
   <div class='ocr_carea' id='block_1_84' title="bbox 2083 3913 3663 3992">
    <p class='ocr_par' dir='ltr' id='par_1_84' title="bbox 2083 3913 3663 3992">
     <span class='ocr_line' id='line_1_85' title="bbox 2083 3913 3663 3992; baseline 0.008 -25"><span class='ocrx_word' id='word_1_648' title='bbox 2083 3913 2188 3979; x_wconf 90' lang='lat' dir='ltr'><strong>cie,</strong></span> <span class='ocrx_word' id='word_1_649' title='bbox 2229 3929 2290 3969; x_wconf 86' lang='lat' dir='ltr'><strong>se</strong></span> <span class='ocrx_word' id='word_1_650' title='bbox 2332 3915 2470 3970; x_wconf 89' lang='lat' dir='ltr'><strong>mihi</strong></span> <span class='ocrx_word' id='word_1_651' title='bbox 2511 3923 2752 3974; x_wconf 85' lang='lat' dir='ltr'><strong>ostentat</strong></span> <span class='ocrx_word' id='word_1_652' title='bbox 2788 3929 3086 3992; x_wconf 86' lang='lat' dir='ltr'><strong>martyrum</strong></span> <span class='ocrx_word' id='word_1_653' title='bbox 3136 3921 3194 3976; x_wconf 91' lang='lat' dir='ltr'><strong>in</strong></span> <span class='ocrx_word' id='word_1_654' title='bbox 3243 3922 3464 3978; x_wconf 81' lang='lat' dir='ltr'><strong>modum</strong></span> <span class='ocrx_word' id='word_1_655' title='bbox 3494 3939 3515 3977; x_wconf 75' lang='grc' dir='ltr'>τ·</span> <span class='ocrx_word' id='word_1_656' title='bbox 3539 3938 3663 3980; x_wconf 76' lang='lat' dir='ltr'><strong>sors</strong></span> 
     </span>
    </p>
   </div>
   <div class='ocr_carea' id='block_1_85' title="bbox 2082 4002 3664 4084">
    <p class='ocr_par' dir='ltr' id='par_1_85' title="bbox 2082 4002 3664 4084">
     <span class='ocr_line' id='line_1_86' title="bbox 2082 4002 3664 4084; baseline 0.008 -29"><span class='ocrx_word' id='word_1_657' title='bbox 2082 4010 2266 4057; x_wconf 87' lang='lat' dir='ltr'><strong>autem</strong></span> <span class='ocrx_word' id='word_1_658' title='bbox 2299 4002 2442 4060; x_wconf 90' lang='lat' dir='ltr'><strong>illius</strong></span> <span class='ocrx_word' id='word_1_659' title='bbox 2477 4005 2619 4060; x_wconf 74' lang='lat' dir='ltr'><strong>inter</strong></span> <span class='ocrx_word' id='word_1_660' title='bbox 2653 4009 2951 4078; x_wconf 84' lang='lat' dir='ltr'><strong>prophetas</strong></span> <span class='ocrx_word' id='word_1_661' title='bbox 2987 4017 3102 4077; x_wconf 87' lang='lat' dir='ltr'><strong>est,</strong></span> <span class='ocrx_word' id='word_1_662' title='bbox 3136 4012 3240 4068; x_wconf 85' lang='lat' dir='ltr'><strong>etsi</strong></span> <span class='ocrx_word' id='word_1_663' title='bbox 3271 4012 3664 4084; x_wconf 82' lang='lat' dir='ltr'><strong>prophetarum</strong></span> 
     </span>
    </p>
   </div>
   <div class='ocr_carea' id='block_1_86' title="bbox 2085 4090 3662 4174">
    <p class='ocr_par' dir='ltr' id='par_1_86' title="bbox 2085 4090 3662 4174">
     <span class='ocr_line' id='line_1_87' title="bbox 2085 4090 3662 4174; baseline 0.008 -29"><span class='ocrx_word' id='word_1_664' title='bbox 2085 4090 2250 4146; x_wconf 86' lang='lat' dir='ltr'><strong>vita</strong></span> <span class='ocrx_word' id='word_1_665' title='bbox 2279 4109 2391 4149; x_wconf 91' lang='lat' dir='ltr'><strong>non</strong></span> <span class='ocrx_word' id='word_1_666' title='bbox 2415 4095 2648 4163; x_wconf 79' lang='lat' dir='ltr'><strong>vixerit;</strong></span> <span class='ocrx_word' id='word_1_667' title='bbox 2681 4105 2738 4153; x_wconf 89' lang='lat' dir='ltr'><strong>et</strong></span> <span class='ocrx_word' id='word_1_668' title='bbox 2770 4099 2845 4171; x_wconf 80' lang='grc' dir='ltr'>(Ιι)</span> <span class='ocrx_word' id='word_1_669' title='bbox 2871 4115 3091 4156; x_wconf 87' lang='lat' dir='ltr'><strong>crucem</strong></span> <span class='ocrx_word' id='word_1_670' title='bbox 3118 4117 3244 4156; x_wconf 89' lang='lat' dir='ltr'><strong>cum</strong></span> <span class='ocrx_word' id='word_1_671' title='bbox 3276 4101 3519 4174; x_wconf 88' lang='lat' dir='ltr'><strong>Longino</strong></span> <span class='ocrx_word' id='word_1_672' title='bbox 3560 4104 3662 4158; x_wconf 81' lang='lat' dir='ltr'><strong>ba-</strong></span> 
     </span>
    </p>
   </div>
   <div class='ocr_carea' id='block_1_87' title="bbox 2079 4178 3657 4263">
    <p class='ocr_par' dir='ltr' id='par_1_87' title="bbox 2079 4178 3657 4263">
     <span class='ocr_line' id='line_1_88' title="bbox 2079 4178 3657 4263; baseline 0.008 -30"><span class='ocrx_word' id='word_1_673' title='bbox 2079 4178 2278 4249; x_wconf 85' lang='lat' dir='ltr'><strong>julans,</strong></span> <span class='ocrx_word' id='word_1_674' title='bbox 2303 4182 2639 4239; x_wconf 83' lang='lat' dir='ltr'><strong>adorandum</strong></span> <span class='ocrx_word' id='word_1_675' title='bbox 2664 4187 2925 4242; x_wconf 54' lang='lat' dir='ltr'><strong>caelorum</strong></span> <span class='ocrx_word' id='word_1_676' title='bbox 2953 4205 3121 4263; x_wconf 80' lang='lat' dir='ltr'><strong>regno</strong></span> <span class='ocrx_word' id='word_1_677' title='bbox 3147 4191 3448 4261; x_wconf 76' lang='lat' dir='ltr'><strong>trophaeum</strong></span> <span class='ocrx_word' id='word_1_678' title='bbox 3479 4192 3657 4258; x_wconf 81' lang='lat' dir='ltr'><strong>eﬂ&#39;ert,</strong></span> 
     </span>
    </p>
   </div>
   <div class='ocr_carea' id='block_1_88' title="bbox 2083 4273 3659 4350">
    <p class='ocr_par' dir='ltr' id='par_1_88' title="bbox 2083 4273 3659 4350">
     <span class='ocr_line' id='line_1_89' title="bbox 2083 4273 3659 4350; baseline 0.006 -25"><span class='ocrx_word' id='word_1_679' title='bbox 2083 4279 2246 4342; x_wconf 88' lang='lat' dir='ltr'><strong>atque</strong></span> <span class='ocrx_word' id='word_1_680' title='bbox 2275 4273 2422 4330; x_wconf 89' lang='lat' dir='ltr'><strong>inter</strong></span> <span class='ocrx_word' id='word_1_681' title='bbox 2449 4276 2658 4333; x_wconf 80' lang='lat' dir='ltr'><strong>medios</strong></span> <span class='ocrx_word' id='word_1_682' title='bbox 2687 4279 2910 4350; x_wconf 85' lang='lat' dir='ltr'><strong>angelos</strong></span> <span class='ocrx_word' id='word_1_683' title='bbox 2936 4280 3214 4350; x_wconf 65' lang='lat' dir='ltr'><strong>praedicat,</strong></span> <span class='ocrx_word' id='word_1_684' title='bbox 3245 4283 3389 4337; x_wconf 85' lang='lat' dir='ltr'><strong>inter</strong></span> <span class='ocrx_word' id='word_1_685' title='bbox 3426 4282 3659 4337; x_wconf 81' lang='lat' dir='ltr'><strong>archan-</strong></span> 
     </span>
    </p>
   </div>
   <div class='ocr_carea' id='block_1_89' title="bbox 2084 4363 3660 4446">
    <p class='ocr_par' dir='ltr' id='par_1_89' title="bbox 2084 4363 3660 4446">
     <span class='ocr_line' id='line_1_90' title="bbox 2084 4363 3660 4446; baseline 0.007 -29"><span class='ocrx_word' id='word_1_686' title='bbox 2084 4363 2331 4435; x_wconf 88' lang='lat' dir='ltr'><strong>gelorum</strong></span> <span class='ocrx_word' id='word_1_687' title='bbox 2361 4374 2537 4422; x_wconf 64' lang='lat' dir='ltr'><strong>coetus</strong></span> <span class='ocrx_word' id='word_1_688' title='bbox 2565 4369 2856 4437; x_wconf 82' lang='lat' dir='ltr'><strong>exclamat,</strong></span> <span class='ocrx_word' id='word_1_689' title='bbox 2907 4380 3164 4442; x_wconf 85' lang='lat' dir='ltr'><strong>tanquam</strong></span> <span class='ocrx_word' id='word_1_690' title='bbox 3203 4387 3494 4446; x_wconf 83' lang='lat' dir='ltr'><strong>germanus</strong></span> <span class='ocrx_word' id='word_1_691' title='bbox 3521 4371 3660 4428; x_wconf 85' lang='lat' dir='ltr'><strong>Lon-</strong></span> 
     </span>
    </p>
   </div>
   <div class='ocr_carea' id='block_1_90' title="bbox 409 4449 1975 4553">
    <p class='ocr_par' dir='ltr' id='par_1_90' title="bbox 409 4449 1975 4526">
     <span class='ocr_line' id='line_1_91' title="bbox 409 4449 1975 4526; baseline 0.001 -20"><span class='ocrx_word' id='word_1_692' title='bbox 409 4455 582 4520; x_wconf 76' lang='grc' dir='ltr'>γέλων</span> <span class='ocrx_word' id='word_1_693' title='bbox 627 4451 909 4523; x_wconf 81' lang='grc' dir='ltr'>κηρύττει,</span> <span class='ocrx_word' id='word_1_694' title='bbox 943 4450 1006 4504; x_wconf 80' lang='grc' dir='ltr'>τὸ</span> <span class='ocrx_word' id='word_1_695' title='bbox 1035 4451 1128 4503; x_wconf 71' lang='grc' dir='ltr'>καὶ</span> <span class='ocrx_word' id='word_1_696' title='bbox 1163 4450 1327 4520; x_wconf 82' lang='grc' dir='ltr'>μέσον</span> <span class='ocrx_word' id='word_1_697' title='bbox 1354 4449 1450 4504; x_wconf 82' lang='grc' dir='ltr'><strong>τοῦ</strong></span> <span class='ocrx_word' id='word_1_698' title='bbox 1473 4452 1648 4523; x_wconf 73' lang='grc' dir='ltr'>δήμου</span> <span class='ocrx_word' id='word_1_699' title='bbox 1687 4452 1796 4508; x_wconf 81' lang='grc' dir='ltr'><strong>τῶν</strong></span> <span class='ocrx_word' id='word_1_700' title='bbox 1840 4455 1975 4526; x_wconf 83' lang='grc' dir='ltr'><strong>ἀρχ-</strong></span> 
     </span>
    </p>
   </div>
   <div class='ocr_carea' id='block_1_91' title="bbox 2081 4449 3679 4553">
    <p class='ocr_par' dir='ltr' id='par_1_91' title="bbox 2083 4458 3679 4532">
     <span class='ocr_line' id='line_1_92' title="bbox 2083 4458 3679 4532; baseline 0.007 -23"><span class='ocrx_word' id='word_1_701' title='bbox 2083 4458 2194 4528; x_wconf 84' lang='lat' dir='ltr'><strong>gini</strong></span> <span class='ocrx_word' id='word_1_702' title='bbox 2245 4459 2563 4529; x_wconf 88' lang='lat' dir='ltr'><strong>discipulus.</strong></span> <span class='ocrx_word' id='word_1_703' title='bbox 2599 4460 2722 4516; x_wconf 80' lang='lat' dir='ltr'><strong>Vere</strong></span> <span class='ocrx_word' id='word_1_704' title='bbox 2766 4461 2932 4517; x_wconf 80' lang='lat' dir='ltr'><strong>Filius</strong></span> <span class='ocrx_word' id='word_1_705' title='bbox 2979 4464 3078 4518; x_wconf 84' lang='lat' dir='ltr'><strong>Dei</strong></span> <span class='ocrx_word' id='word_1_706' title='bbox 3119 4474 3198 4520; x_wconf 79' lang='lat' dir='ltr'><strong>est</strong></span> <span class='ocrx_word' id='word_1_707' title='bbox 3240 4467 3354 4520; x_wconf 76' lang='lat' dir='ltr'><strong>iste.</strong></span> <span class='ocrx_word' id='word_1_708' title='bbox 3383 4466 3679 4532; x_wconf 77' lang='lat' dir='ltr'><strong>Quantum.</strong></span> 
     </span>
    </p>
   </div>
   <div class='ocr_carea' id='block_1_92' title="bbox 409 4541 1980 4618">
    <p class='ocr_par' dir='ltr' id='par_1_92' title="bbox 409 4541 1980 4618">
     <span class='ocr_line' id='line_1_93' title="bbox 409 4541 1980 4618; baseline 0.001 -19"><span class='ocrx_word' id='word_1_709' title='bbox 409 4545 657 4614; x_wconf 71' lang='grc' dir='ltr'>αγγὲλων</span> <span class='ocrx_word' id='word_1_710' title='bbox 700 4541 1274 4616; x_wconf 70' lang='grc' dir='ltr'>κέκραγεν.Ἀληθῶς</span> <span class='ocrx_word' id='word_1_711' title='bbox 1303 4543 1453 4599; x_wconf 83' lang='grc' dir='ltr'>Θεοῦ</span> <span class='ocrx_word' id='word_1_712' title='bbox 1489 4546 1623 4612; x_wconf 76' lang='grc' dir='ltr'><strong>Υἱὸς</strong></span> <span class='ocrx_word' id='word_1_713' title='bbox 1657 4542 1739 4618; x_wconf 74' lang='grc' dir='ltr'><strong><em>ἦν</em></strong></span> <span class='ocrx_word' id='word_1_714' title='bbox 1777 4542 1980 4616; x_wconf 81' lang='grc' dir='ltr'>οὗτος,</span> 
     </span>
    </p>
   </div>
   <div class='ocr_carea' id='block_1_93' title="bbox 409 4633 1988 4710">
    <p class='ocr_par' dir='ltr' id='par_1_93' title="bbox 409 4633 1988 4710">
     <span class='ocr_line' id='line_1_94' title="bbox 409 4633 1988 4710; baseline 0.002 -20"><span class='ocrx_word' id='word_1_715' title='bbox 409 4637 486 4700; x_wconf 83' lang='grc' dir='ltr'>ὼς</span> <span class='ocrx_word' id='word_1_716' title='bbox 529 4635 794 4702; x_wconf 87' lang='grc' dir='ltr'>Δογγίνου</span> <span class='ocrx_word' id='word_1_717' title='bbox 830 4633 1247 4704; x_wconf 81' lang='grc' dir='ltr'>μαθητής.Ὄσα</span> <span class='ocrx_word' id='word_1_718' title='bbox 1277 4651 1339 4687; x_wconf 87' lang='grc' dir='ltr'><strong>τε</strong></span> <span class='ocrx_word' id='word_1_719' title='bbox 1367 4633 1436 4689; x_wconf 82' lang='grc' dir='ltr'>τὰ</span> <span class='ocrx_word' id='word_1_720' title='bbox 1467 4636 1718 4707; x_wconf 80' lang='grc' dir='ltr'>Σεραφὶμ</span> <span class='ocrx_word' id='word_1_721' title='bbox 1741 4639 1988 4710; x_wconf 85' lang='grc' dir='ltr'>Λογγίνῳ</span> 
     </span>
    </p>
   </div>
   <div class='ocr_carea' id='block_1_94' title="bbox 411 4712 1990 4803">
    <p class='ocr_par' dir='ltr' id='par_1_94' title="bbox 411 4712 1990 4803">
     <span class='ocr_line' id='line_1_95' title="bbox 411 4712 1990 4803; baseline 0.006 -24"><span class='ocrx_word' id='word_1_722' title='bbox 411 4712 734 4798; x_wconf 79' lang='grc' dir='ltr'>παραχωρεῖ</span> <span class='ocrx_word' id='word_1_723' title='bbox 758 4725 1001 4791; x_wconf 79' lang='grc' dir='ltr'>δοξάζειν</span> <span class='ocrx_word' id='word_1_724' title='bbox 1031 4723 1147 4796; x_wconf 71' lang='grc' dir='ltr'>(καὶ</span> <span class='ocrx_word' id='word_1_725' title='bbox 1173 4724 1275 4778; x_wconf 80' lang='grc' dir='ltr'>οὐκ</span> <span class='ocrx_word' id='word_1_726' title='bbox 1299 4725 1610 4798; x_wconf 82' lang='grc' dir='ltr'>ἀντικρούει</span> <span class='ocrx_word' id='word_1_727' title='bbox 1634 4730 1703 4781; x_wconf 81' lang='grc' dir='ltr'>τὰ</span> <span class='ocrx_word' id='word_1_728' title='bbox 1735 4730 1990 4803; x_wconf 78' lang='grc' dir='ltr'>Σεραφὶμ</span> 
     </span>
    </p>
   </div>
   <div class='ocr_carea' id='block_1_95' title="bbox 409 4813 1990 4888">
    <p class='ocr_par' dir='ltr' id='par_1_95' title="bbox 409 4813 1990 4888">
     <span class='ocr_line' id='line_1_96' title="bbox 409 4813 1990 4888; baseline 0.004 -17"><span class='ocrx_word' id='word_1_729' title='bbox 409 4818 506 4872; x_wconf 79' lang='grc' dir='ltr'>καὶ</span> <span class='ocrx_word' id='word_1_730' title='bbox 547 4816 843 4888; x_wconf 71' lang='grc' dir='ltr'>Χερουϐὶμ.</span> <span class='ocrx_word' id='word_1_731' title='bbox 886 4813 1314 4886; x_wconf 84' lang='grc' dir='ltr'>ὑμνολογοῦσιν)</span> <span class='ocrx_word' id='word_1_732' title='bbox 1345 4816 1642 4888; x_wconf 73' lang='grc' dir='ltr'>φθέγγεται</span> <span class='ocrx_word' id='word_1_733' title='bbox 1688 4821 1784 4875; x_wconf 69' lang='grc' dir='ltr'>καὶ</span> <span class='ocrx_word' id='word_1_734' title='bbox 1826 4821 1990 4888; x_wconf 81' lang='grc' dir='ltr'>αὐτὸς</span> 
     </span>
    </p>
   </div>
   <div class='ocr_carea' id='block_1_96' title="bbox 410 4903 1980 4983">
    <p class='ocr_par' dir='ltr' id='par_1_96' title="bbox 410 4903 1980 4983">
     <span class='ocr_line' id='line_1_97' title="bbox 410 4903 1980 4983; baseline 0.002 -22"><span class='ocrx_word' id='word_1_735' title='bbox 410 4903 596 4978; x_wconf 74' lang='grc' dir='ltr'>φωνὴν</span> <span class='ocrx_word' id='word_1_736' title='bbox 643 4905 798 4978; x_wconf 77' lang='grc' dir='ltr'>ἱερὰν</span> <span class='ocrx_word' id='word_1_737' title='bbox 821 4944 836 4969; x_wconf 93' lang='grc'><strong>,</strong></span> <span class='ocrx_word' id='word_1_738' title='bbox 870 4903 1168 4975; x_wconf 81' lang='grc' dir='ltr'>ὁμνολόγον</span> <span class='ocrx_word' id='word_1_739' title='bbox 1189 4944 1206 4971; x_wconf 97' lang='grc'><strong>,</strong></span> <span class='ocrx_word' id='word_1_740' title='bbox 1231 4905 1597 4979; x_wconf 80' lang='grc' dir='ltr'>τροπαιοῦχον</span> <span class='ocrx_word' id='word_1_741' title='bbox 1618 4948 1636 4975; x_wconf 92' lang='grc'><strong>,</strong></span> <span class='ocrx_word' id='word_1_742' title='bbox 1673 4909 1940 4983; x_wconf 73' lang='grc' dir='ltr'>μυστικὴν</span> <span class='ocrx_word' id='word_1_743' title='bbox 1963 4951 1980 4978; x_wconf 91' lang='grc'><strong>,</strong></span> 
     </span>
    </p>
   </div>
   <div class='ocr_carea' id='block_1_97' title="bbox 410 4995 1984 5069">
    <p class='ocr_par' dir='ltr' id='par_1_97' title="bbox 410 4995 1984 5069">
     <span class='ocr_line' id='line_1_98' title="bbox 410 4995 1984 5069; baseline 0.004 -17"><span class='ocrx_word' id='word_1_744' title='bbox 410 4996 676 5053; x_wconf 72' lang='grc' dir='ltr'>ὶπινίκιον</span> <span class='ocrx_word' id='word_1_745' title='bbox 698 5012 714 5032; x_wconf 80' lang='grc' dir='ltr'><strong>ο</strong></span> <span class='ocrx_word' id='word_1_746' title='bbox 750 4995 1015 5066; x_wconf 79' lang='grc' dir='ltr'>Ἀληθῶς</span> <span class='ocrx_word' id='word_1_747' title='bbox 1061 4997 1208 5053; x_wconf 82' lang='grc' dir='ltr'>Θεοῦ</span> <span class='ocrx_word' id='word_1_748' title='bbox 1251 5001 1382 5066; x_wconf 77' lang='grc' dir='ltr'>Υἱός</span> <span class='ocrx_word' id='word_1_749' title='bbox 1427 4999 1598 5054; x_wconf 78' lang='grc' dir='ltr'>ἐστιν</span> <span class='ocrx_word' id='word_1_750' title='bbox 1639 4995 1818 5069; x_wconf 80' lang='grc' dir='ltr'>οὗτος</span> <span class='ocrx_word' id='word_1_751' title='bbox 1837 5018 1852 5034; x_wconf 81' lang='lat'><strong><em>°</em></strong></span> <span class='ocrx_word' id='word_1_752' title='bbox 1885 5002 1984 5058; x_wconf 75' lang='grc' dir='ltr'>καὶ</span> 
     </span>
    </p>
   </div>
   <div class='ocr_carea' id='block_1_98' title="bbox 409 5086 1980 5162">
    <p class='ocr_par' dir='ltr' id='par_1_98' title="bbox 409 5086 1980 5162">
     <span class='ocr_line' id='line_1_99' title="bbox 409 5086 1980 5162; baseline 0.003 -18"><span class='ocrx_word' id='word_1_753' title='bbox 409 5089 558 5146; x_wconf 63' lang='grc' dir='ltr'>ἔστιν</span> <span class='ocrx_word' id='word_1_754' title='bbox 583 5089 677 5145; x_wconf 68' lang='grc' dir='ltr'>καὶ</span> <span class='ocrx_word' id='word_1_755' title='bbox 702 5089 884 5144; x_wconf 73' lang='grc' dir='ltr'>ἔσται·</span> <span class='ocrx_word' id='word_1_756' title='bbox 911 5089 1048 5162; x_wconf 81' lang='grc' dir='ltr'>ὅπερ</span> <span class='ocrx_word' id='word_1_757' title='bbox 1067 5089 1176 5160; x_wconf 78' lang='grc' dir='ltr'><strong>γάρ</strong></span> <span class='ocrx_word' id='word_1_758' title='bbox 1203 5086 1349 5162; x_wconf 74' lang='grc' dir='ltr'>εἶχεν</span> <span class='ocrx_word' id='word_1_759' title='bbox 1369 5094 1480 5161; x_wconf 83' lang='grc' dir='ltr'>πρὸ</span> <span class='ocrx_word' id='word_1_760' title='bbox 1504 5091 1614 5146; x_wconf 86' lang='grc' dir='ltr'><strong>τῶν</strong></span> <span class='ocrx_word' id='word_1_761' title='bbox 1636 5091 1980 5159; x_wconf 71' lang='grc' dir='ltr'>αἰώνων,καὶ</span> 
     </span>
    </p>
   </div>
   <div class='ocr_carea' id='block_1_99' title="bbox 410 5180 1978 5255">
    <p class='ocr_par' dir='ltr' id='par_1_99' title="bbox 410 5180 1978 5255">
     <span class='ocr_line' id='line_1_100' title="bbox 410 5180 1978 5255; baseline 0.004 -23"><span class='ocrx_word' id='word_1_762' title='bbox 410 5181 492 5243; x_wconf 82' lang='grc' dir='ltr'><strong>είς</strong></span> <span class='ocrx_word' id='word_1_763' title='bbox 517 5181 718 5246; x_wconf 82' lang='grc' dir='ltr'>αίῶνας</span> <span class='ocrx_word' id='word_1_764' title='bbox 744 5180 876 5247; x_wconf 65' lang='grc' dir='ltr'>ἔξει.</span> <span class='ocrx_word' id='word_1_765' title='bbox 897 5180 1070 5246; x_wconf 77' lang='grc' dir='ltr'>Αὐτὸς</span> <span class='ocrx_word' id='word_1_766' title='bbox 1095 5180 1313 5235; x_wconf 84' lang='grc' dir='ltr'>παλαιοῐ</span> <span class='ocrx_word' id='word_1_767' title='bbox 1339 5181 1474 5244; x_wconf 69' lang='grc' dir='ltr'>τοὺς</span> <span class='ocrx_word' id='word_1_768' title='bbox 1489 5181 1714 5249; x_wconf 74' lang='grc' dir='ltr'>αἰῶνας,</span> <span class='ocrx_word' id='word_1_769' title='bbox 1745 5185 1895 5255; x_wconf 68' lang='grc' dir='ltr'>μένει</span> <span class='ocrx_word' id='word_1_770' title='bbox 1923 5183 1978 5240; x_wconf 67' lang='grc' dir='ltr'>δὲ</span> 
     </span>
    </p>
   </div>
   <div class='ocr_carea' id='block_1_100' title="bbox 2087 4547 3658 4627">
    <p class='ocr_par' dir='ltr' id='par_1_100' title="bbox 2087 4547 3658 4627">
     <span class='ocr_line' id='line_1_101' title="bbox 2087 4547 3658 4627; baseline 0.005 -25"><span class='ocrx_word' id='word_1_771' title='bbox 2087 4562 2219 4602; x_wconf 90' lang='lat' dir='ltr'><strong>vero</strong></span> <span class='ocrx_word' id='word_1_772' title='bbox 2266 4547 2554 4620; x_wconf 84' lang='lat' dir='ltr'><strong>Seraphim</strong></span> <span class='ocrx_word' id='word_1_773' title='bbox 2601 4552 2938 4623; x_wconf 86' lang='lat' dir='ltr'><strong>permittunt</strong></span> <span class='ocrx_word' id='word_1_774' title='bbox 2973 4554 3218 4626; x_wconf 87' lang='lat' dir='ltr'><strong>Longino</strong></span> <span class='ocrx_word' id='word_1_775' title='bbox 3251 4555 3422 4610; x_wconf 87' lang='lat' dir='ltr'><strong>Deum</strong></span> <span class='ocrx_word' id='word_1_776' title='bbox 3453 4555 3658 4627; x_wconf 82' lang='lat' dir='ltr'><strong>gloriﬁ-</strong></span> 
     </span>
    </p>
   </div>
   <div class='ocr_carea' id='block_1_101' title="bbox 2083 4641 3661 4710">
    <p class='ocr_par' dir='ltr' id='par_1_101' title="bbox 2083 4641 3661 4710">
     <span class='ocr_line' id='line_1_102' title="bbox 2083 4641 3661 4710; baseline 0.005 -17"><span class='ocrx_word' id='word_1_777' title='bbox 2083 4653 2210 4694; x_wconf 86' lang='lat' dir='ltr'><strong>care</strong></span> <span class='ocrx_word' id='word_1_778' title='bbox 2237 4641 2437 4710; x_wconf 81' lang='lat' dir='ltr'><strong>(nequc</strong></span> <span class='ocrx_word' id='word_1_779' title='bbox 2465 4641 2610 4696; x_wconf 89' lang='lat' dir='ltr'><strong>enim</strong></span> <span class='ocrx_word' id='word_1_780' title='bbox 2636 4641 2850 4699; x_wconf 80' lang='lat' dir='ltr'><strong>divinas</strong></span> <span class='ocrx_word' id='word_1_781' title='bbox 2873 4643 3062 4700; x_wconf 84' lang='lat' dir='ltr'><strong>laudes</strong></span> <span class='ocrx_word' id='word_1_782' title='bbox 3088 4645 3414 4702; x_wconf 85' lang='lat' dir='ltr'><strong>canentibus</strong></span> <span class='ocrx_word' id='word_1_783' title='bbox 3447 4645 3661 4701; x_wconf 86' lang='lat' dir='ltr'><strong>obstre-</strong></span> 
     </span>
    </p>
   </div>
   <div class='ocr_carea' id='block_1_102' title="bbox 2085 4728 3670 4805">
    <p class='ocr_par' dir='ltr' id='par_1_102' title="bbox 2085 4728 3670 4805">
     <span class='ocr_line' id='line_1_103' title="bbox 2085 4728 3670 4805; baseline 0.006 -23"><span class='ocrx_word' id='word_1_784' title='bbox 2085 4738 2222 4800; x_wconf 92' lang='lat' dir='ltr'><strong>punt</strong></span> <span class='ocrx_word' id='word_1_785' title='bbox 2257 4728 2551 4786; x_wconf 88' lang='lat' dir='ltr'><strong>Cherubim</strong></span> <span class='ocrx_word' id='word_1_786' title='bbox 2579 4731 2978 4805; x_wconf 81' lang='lat' dir='ltr'><strong>Seraphimve),</strong></span> <span class='ocrx_word' id='word_1_787' title='bbox 3011 4744 3221 4792; x_wconf 89' lang='lat' dir='ltr'><strong>tantum</strong></span> <span class='ocrx_word' id='word_1_788' title='bbox 3245 4736 3465 4793; x_wconf 88' lang='lat' dir='ltr'><strong>auditur</strong></span> <span class='ocrx_word' id='word_1_789' title='bbox 3492 4737 3670 4793; x_wconf 42' lang='lat' dir='ltr'><strong>etiam.</strong></span> 
     </span>
    </p>
   </div>
   <div class='ocr_carea' id='block_1_103' title="bbox 2085 4818 3667 4899">
    <p class='ocr_par' dir='ltr' id='par_1_103' title="bbox 2085 4818 3667 4899">
     <span class='ocr_line' id='line_1_104' title="bbox 2085 4818 3667 4899; baseline 0.007 -26"><span class='ocrx_word' id='word_1_790' title='bbox 2085 4818 2221 4890; x_wconf 88' lang='lat' dir='ltr'><strong>ipse,</strong></span> <span class='ocrx_word' id='word_1_791' title='bbox 2254 4829 2521 4888; x_wconf 85' lang='lat' dir='ltr'><strong>sanctam,</strong></span> <span class='ocrx_word' id='word_1_792' title='bbox 2550 4822 2874 4880; x_wconf 89' lang='lat' dir='ltr'><strong>melodicam</strong></span> <span class='ocrx_word' id='word_1_793' title='bbox 2900 4867 2915 4892; x_wconf 88' lang='lat'><strong>,</strong></span> <span class='ocrx_word' id='word_1_794' title='bbox 2949 4827 3334 4899; x_wconf 85' lang='lat' dir='ltr'><strong>triumphalem</strong></span> <span class='ocrx_word' id='word_1_795' title='bbox 3367 4845 3557 4887; x_wconf 89' lang='lat' dir='ltr'><strong>vocem</strong></span> <span class='ocrx_word' id='word_1_796' title='bbox 3585 4831 3667 4884; x_wconf 60' lang='lat' dir='ltr'><strong>et.</strong></span> 
     </span>
    </p>
   </div>
   <div class='ocr_carea' id='block_1_104' title="bbox 2087 4909 3662 4992">
    <p class='ocr_par' dir='ltr' id='par_1_104' title="bbox 2087 4909 3662 4992">
     <span class='ocr_line' id='line_1_105' title="bbox 2087 4909 3662 4992; baseline 0.008 -28"><span class='ocrx_word' id='word_1_797' title='bbox 2087 4909 2309 4966; x_wconf 77' lang='lat' dir='ltr'><strong>ferens:</strong></span> <span class='ocrx_word' id='word_1_798' title='bbox 2349 4909 2480 4967; x_wconf 83' lang='lat' dir='ltr'><strong>Vere</strong></span> <span class='ocrx_word' id='word_1_799' title='bbox 2505 4910 2679 4970; x_wconf 80' lang='lat' dir='ltr'><strong>Filius</strong></span> <span class='ocrx_word' id='word_1_800' title='bbox 2713 4914 2810 4972; x_wconf 84' lang='lat' dir='ltr'><strong>Dei</strong></span> <span class='ocrx_word' id='word_1_801' title='bbox 2837 4926 2912 4972; x_wconf 78' lang='lat' dir='ltr'><strong>est</strong></span> <span class='ocrx_word' id='word_1_802' title='bbox 2939 4919 3057 4974; x_wconf 76' lang='lat' dir='ltr'><strong>iste.</strong></span> <span class='ocrx_word' id='word_1_803' title='bbox 3093 4919 3188 4976; x_wconf 87' lang='lat' dir='ltr'><strong>Est</strong></span> <span class='ocrx_word' id='word_1_804' title='bbox 3235 4921 3424 4992; x_wconf 90' lang='lat' dir='ltr'><strong>utique</strong></span> <span class='ocrx_word' id='word_1_805' title='bbox 3450 4931 3509 4977; x_wconf 87' lang='lat' dir='ltr'><strong>et</strong></span> <span class='ocrx_word' id='word_1_806' title='bbox 3554 4921 3662 4976; x_wconf 81' lang='lat' dir='ltr'><strong>erit</strong></span> 
     </span>
    </p>
   </div>
   <div class='ocr_carea' id='block_1_105' title="bbox 2086 4997 3691 5090">
    <p class='ocr_par' dir='ltr' id='par_1_105' title="bbox 2086 4997 3691 5090">
     <span class='ocr_line' id='line_1_106' title="bbox 2086 4997 3691 5090; baseline 0.004 -34"><span class='ocrx_word' id='word_1_807' title='bbox 2086 4997 2184 5056; x_wconf 85' lang='lat' dir='ltr'><strong>Dei</strong></span> <span class='ocrx_word' id='word_1_808' title='bbox 2219 4998 2390 5056; x_wconf 79' lang='lat' dir='ltr'><strong>Filius</strong></span> <span class='ocrx_word' id='word_1_809' title='bbox 2418 5019 2432 5056; x_wconf 89' lang='lat'><strong>:</strong></span> <span class='ocrx_word' id='word_1_810' title='bbox 2462 5002 2608 5073; x_wconf 89' lang='lat' dir='ltr'><strong>quod</strong></span> <span class='ocrx_word' id='word_1_811' title='bbox 2639 5003 2785 5060; x_wconf 90' lang='lat' dir='ltr'><strong>enim</strong></span> <span class='ocrx_word' id='word_1_812' title='bbox 2835 5005 3026 5062; x_wconf 88' lang='lat' dir='ltr'><strong>habuit</strong></span> <span class='ocrx_word' id='word_1_813' title='bbox 3067 5018 3196 5065; x_wconf 86' lang='lat' dir='ltr'><strong>ante</strong></span> <span class='ocrx_word' id='word_1_814' title='bbox 3242 5008 3464 5070; x_wconf 65' lang='lat' dir='ltr'><strong>secula,</strong></span> <span class='ocrx_word' id='word_1_815' title='bbox 3493 5008 3691 5090; x_wconf 46' lang='lat' dir='ltr'><strong>etiam,</strong></span> 
     </span>
    </p>
   </div>
   <div class='ocr_carea' id='block_1_106' title="bbox 2085 5090 3660 5167">
    <p class='ocr_par' dir='ltr' id='par_1_106' title="bbox 2085 5090 3660 5167">
     <span class='ocr_line' id='line_1_107' title="bbox 2085 5090 3660 5167; baseline 0.003 -21"><span class='ocrx_word' id='word_1_816' title='bbox 2085 5091 2142 5146; x_wconf 92' lang='lat' dir='ltr'><strong>in</strong></span> <span class='ocrx_word' id='word_1_817' title='bbox 2186 5090 2370 5146; x_wconf 87' lang='lat' dir='ltr'><strong>omnia</strong></span> <span class='ocrx_word' id='word_1_818' title='bbox 2417 5093 2613 5148; x_wconf 67' lang='lat' dir='ltr'><strong>saecula</strong></span> <span class='ocrx_word' id='word_1_819' title='bbox 2662 5103 2893 5150; x_wconf 89' lang='lat' dir='ltr'><strong>ventura</strong></span> <span class='ocrx_word' id='word_1_820' title='bbox 2944 5097 3208 5152; x_wconf 82' lang='lat' dir='ltr'><strong>habebit:</strong></span> <span class='ocrx_word' id='word_1_821' title='bbox 3243 5097 3360 5167; x_wconf 87' lang='lat' dir='ltr'><strong>ipse</strong></span> <span class='ocrx_word' id='word_1_822' title='bbox 3415 5096 3660 5166; x_wconf 87' lang='lat' dir='ltr'><strong>antiqnat</strong></span> 
     </span>
    </p>
   </div>
   <div class='ocr_carea' id='block_1_107' title="bbox 2085 5184 3659 5258">
    <p class='ocr_par' dir='ltr' id='par_1_107' title="bbox 2085 5184 3659 5258">
     <span class='ocr_line' id='line_1_108' title="bbox 2085 5184 3659 5258; baseline 0.001 -18"><span class='ocrx_word' id='word_1_823' title='bbox 2085 5184 2303 5250; x_wconf 60' lang='lat' dir='ltr'><strong>saecula,</strong></span> <span class='ocrx_word' id='word_1_824' title='bbox 2333 5193 2389 5240; x_wconf 88' lang='lat' dir='ltr'><strong>et</strong></span> <span class='ocrx_word' id='word_1_825' title='bbox 2420 5184 2554 5240; x_wconf 89' lang='lat' dir='ltr'><strong>citra</strong></span> <span class='ocrx_word' id='word_1_826' title='bbox 2589 5185 2803 5243; x_wconf 87' lang='lat' dir='ltr'><strong>senium</strong></span> <span class='ocrx_word' id='word_1_827' title='bbox 2839 5187 3159 5245; x_wconf 83' lang='lat' dir='ltr'><strong>indeﬁciens</strong></span> <span class='ocrx_word' id='word_1_828' title='bbox 3187 5195 3499 5258; x_wconf 83' lang='lat' dir='ltr'><strong>perseverat</strong></span> <span class='ocrx_word' id='word_1_829' title='bbox 3527 5205 3542 5243; x_wconf 90' lang='lat'><strong>:</strong></span> <span class='ocrx_word' id='word_1_830' title='bbox 3571 5202 3659 5242; x_wconf 81' lang='lat' dir='ltr'><strong>re-</strong></span> 
     </span>
    </p>
   </div>
   <div class='ocr_carea' id='block_1_108' title="bbox 1909 5359 2146 5422">
    <p class='ocr_par' dir='ltr' id='par_1_108' title="bbox 1909 5359 2146 5422">
     <span class='ocr_line' id='line_1_109' title="bbox 1909 5359 2146 5422; baseline 0.034 -8"><span class='ocrx_word' id='word_1_831' title='bbox 1909 5359 2146 5422; x_wconf 69' lang='lat' dir='ltr'><strong>NOTE.</strong></span> 
     </span>
    </p>
   </div>
   <div class='ocr_carea' id='block_1_109' title="bbox 483 5452 1985 5524">
    <p class='ocr_par' dir='ltr' id='par_1_109' title="bbox 483 5452 1985 5524">
     <span class='ocr_line' id='line_1_110' title="bbox 483 5452 1985 5524; baseline -0.002 -14"><span class='ocrx_word' id='word_1_832' title='bbox 483 5454 566 5524; x_wconf 69' lang='grc' dir='ltr'><strong>(θ)</strong></span> <span class='ocrx_word' id='word_1_833' title='bbox 602 5471 624 5505; x_wconf 75' lang='grc' dir='ltr'><strong>ι</strong></span> <span class='ocrx_word' id='word_1_834' title='bbox 655 5453 788 5524; x_wconf 64' lang='lat' dir='ltr'><strong>Quae</strong></span> <span class='ocrx_word' id='word_1_835' title='bbox 815 5454 1140 5524; x_wconf 64' lang='lat' dir='ltr'><strong>praeparavit</strong></span> <span class='ocrx_word' id='word_1_836' title='bbox 1163 5453 1307 5508; x_wconf 84' lang='lat' dir='ltr'><strong>Deus</strong></span> <span class='ocrx_word' id='word_1_837' title='bbox 1327 5467 1480 5508; x_wconf 84' lang='lat' dir='ltr'><strong>suam</strong></span> <span class='ocrx_word' id='word_1_838' title='bbox 1519 5468 1642 5524; x_wconf 83' lang='lat' dir='ltr'><strong>erga</strong></span> <span class='ocrx_word' id='word_1_839' title='bbox 1672 5452 1985 5524; x_wconf 74' lang='lat' dir='ltr'><strong>noschari-</strong></span> 
     </span>
    </p>
   </div>
   <div class='ocr_carea' id='block_1_110' title="bbox 413 5522 1981 5593">
    <p class='ocr_par' dir='ltr' id='par_1_110' title="bbox 413 5522 1981 5593">
     <span class='ocr_line' id='line_1_111' title="bbox 413 5522 1981 5593; baseline 0 -15"><span class='ocrx_word' id='word_1_840' title='bbox 413 5522 579 5578; x_wconf 79' lang='lat' dir='ltr'><strong>tatem</strong></span> <span class='ocrx_word' id='word_1_841' title='bbox 603 5523 776 5593; x_wconf 86' lang='lat' dir='ltr'><strong>verbo</strong></span> <span class='ocrx_word' id='word_1_842' title='bbox 798 5522 1076 5593; x_wconf 57' lang='lat' dir='ltr'><strong>operisque</strong></span> <span class='ocrx_word' id='word_1_843' title='bbox 1099 5524 1380 5580; x_wconf 82' lang='lat' dir='ltr'><strong>declarans</strong></span> <span class='ocrx_word' id='word_1_844' title='bbox 1412 5538 1426 5576; x_wconf 88' lang='lat'><strong>:</strong></span> <span class='ocrx_word' id='word_1_845' title='bbox 1464 5541 1483 5574; x_wconf 79' lang='grc' dir='ltr'><strong>ι</strong></span> <span class='ocrx_word' id='word_1_846' title='bbox 1531 5522 1649 5580; x_wconf 61' lang='lat' dir='ltr'><strong>haec</strong></span> <span class='ocrx_word' id='word_1_847' title='bbox 1679 5537 1874 5593; x_wconf 84' lang='lat' dir='ltr'><strong>nempe</strong></span> <span class='ocrx_word' id='word_1_848' title='bbox 1904 5522 1981 5578; x_wconf 87' lang='lat' dir='ltr'><strong>l&#39;e-</strong></span> 
     </span>
    </p>
   </div>
   <div class='ocr_carea' id='block_1_111' title="bbox 413 5592 1316 5649">
    <p class='ocr_par' dir='ltr' id='par_1_111' title="bbox 413 5592 1316 5649">
     <span class='ocr_line' id='line_1_112' title="bbox 413 5592 1316 5649; baseline -0.002 -1"><span class='ocrx_word' id='word_1_849' title='bbox 413 5592 635 5648; x_wconf 83' lang='lat' dir='ltr'><strong>stinanti</strong></span> <span class='ocrx_word' id='word_1_850' title='bbox 666 5592 952 5649; x_wconf 69' lang='lat' dir='ltr'><strong>interpreti</strong></span> <span class='ocrx_word' id='word_1_851' title='bbox 976 5593 1316 5649; x_wconf 83' lang='lat' dir='ltr'><strong>exciderunt.</strong></span> 
     </span>
    </p>
   </div>
   <div class='ocr_carea' id='block_1_112' title="bbox 469 5660 1978 5745">
    <p class='ocr_par' dir='ltr' id='par_1_112' title="bbox 469 5660 1978 5745">
     <span class='ocr_line' id='line_1_113' title="bbox 469 5660 1978 5745; baseline -0.002 -26"><span class='ocrx_word' id='word_1_852' title='bbox 469 5661 560 5745; x_wconf 43' lang='lat' dir='ltr'><strong>.(g)</strong></span> <span class='ocrx_word' id='word_1_853' title='bbox 602 5660 727 5719; x_wconf 72' lang='lat' dir='ltr'><strong>Mss.</strong></span> <span class='ocrx_word' id='word_1_854' title='bbox 786 5660 1098 5720; x_wconf 64' lang='lat' dir='ltr'><strong>Medicum</strong></span> <span class='ocrx_word' id='word_1_855' title='bbox 1161 5673 1217 5719; x_wconf 89' lang='lat' dir='ltr'><strong>et</strong></span> <span class='ocrx_word' id='word_1_856' title='bbox 1266 5662 1538 5722; x_wconf 71' lang='lat' dir='ltr'><strong>Venatum</strong></span> <span class='ocrx_word' id='word_1_857' title='bbox 1593 5661 1856 5733; x_wconf 78' lang='grc' dir='ltr'>Σανδιάλῃ</span> <span class='ocrx_word' id='word_1_858' title='bbox 1915 5667 1978 5736; x_wconf 79' lang='grc' dir='ltr'>τῇ</span> 
     </span>
    </p>
   </div>
   <div class='ocr_carea' id='block_1_113' title="bbox 413 5748 594 5803">
    <p class='ocr_par' dir='ltr' id='par_1_113' title="bbox 413 5748 594 5803">
     <span class='ocr_line' id='line_1_114' title="bbox 413 5748 594 5803; baseline -0.017 -14"><span class='ocrx_word' id='word_1_859' title='bbox 413 5748 594 5803; x_wconf 76' lang='grc' dir='ltr'>κωμη.</span> 
     </span>
    </p>
   </div>
   <div class='ocr_carea' id='block_1_114' title="bbox 2160 5455 3662 5531">
    <p class='ocr_par' dir='ltr' id='par_1_114' title="bbox 2160 5455 3662 5531">
     <span class='ocr_line' id='line_1_115' title="bbox 2160 5455 3662 5531; baseline -0.002 -18"><span class='ocrx_word' id='word_1_860' title='bbox 2160 5459 2234 5531; x_wconf 80' lang='lat' dir='ltr'><strong>(h)</strong></span> <span class='ocrx_word' id='word_1_861' title='bbox 2273 5458 2447 5515; x_wconf 88' lang='lat' dir='ltr'><strong>Simili</strong></span> <span class='ocrx_word' id='word_1_862' title='bbox 2493 5459 2678 5530; x_wconf 89' lang='lat' dir='ltr'><strong>phrasi</strong></span> <span class='ocrx_word' id='word_1_863' title='bbox 2720 5467 2961 5531; x_wconf 73' lang='lat' dir='ltr'><strong>utantur</strong></span> <span class='ocrx_word' id='word_1_864' title='bbox 3000 5455 3323 5531; x_wconf 77' lang='lat' dir='ltr'><strong>jam_cita_t_a</strong></span> <span class='ocrx_word' id='word_1_865' title='bbox 3351 5471 3483 5512; x_wconf 88' lang='lat' dir='ltr'><strong>mss.</strong></span> <span class='ocrx_word' id='word_1_866' title='bbox 3518 5456 3662 5525; x_wconf 65' lang='grc' dir='ltr'>μετὰ</span> 
     </span>
    </p>
   </div>
   <div class='ocr_carea' id='block_1_115' title="bbox 2089 5525 3654 5599">
    <p class='ocr_par' dir='ltr' id='par_1_115' title="bbox 2089 5525 3654 5599">
     <span class='ocr_line' id='line_1_116' title="bbox 2089 5525 3654 5599; baseline -0.003 -15"><span class='ocrx_word' id='word_1_867' title='bbox 2089 5525 2352 5598; x_wconf 83' lang='grc' dir='ltr'>Λογγίνου</span> <span class='ocrx_word' id='word_1_868' title='bbox 2396 5525 2955 5599; x_wconf 19' lang='grc' dir='ltr'>σταυροφορῶνσυαιῃ</span> <span class='ocrx_word' id='word_1_869' title='bbox 2978 5525 3079 5582; x_wconf 83' lang='lat' dir='ltr'><strong>ms.</strong></span> <span class='ocrx_word' id='word_1_870' title='bbox 3113 5525 3496 5599; x_wconf 63' lang='lat' dir='ltr'><strong>Berodianum,</strong></span> <span class='ocrx_word' id='word_1_871' title='bbox 3531 5541 3654 5599; x_wconf 72' lang='lat' dir='ltr'><strong>cum</strong></span> 
     </span>
    </p>
   </div>
   <div class='ocr_carea' id='block_1_116' title="bbox 2088 5595 3657 5670">
    <p class='ocr_par' dir='ltr' id='par_1_116' title="bbox 2088 5595 3657 5670">
     <span class='ocr_line' id='line_1_117' title="bbox 2088 5595 3657 5670; baseline -0.001 -17"><span class='ocrx_word' id='word_1_872' title='bbox 2088 5595 2197 5670; x_wconf 85' lang='lat' dir='ltr'><strong>quo</strong></span> <span class='ocrx_word' id='word_1_873' title='bbox 2213 5595 2493 5655; x_wconf 74' lang='lat' dir='ltr'><strong>habemus</strong></span> <span class='ocrx_word' id='word_1_874' title='bbox 2518 5595 2792 5670; x_wconf 74' lang='lat' dir='ltr'><strong>collatum</strong></span> <span class='ocrx_word' id='word_1_875' title='bbox 2822 5597 3156 5670; x_wconf 62' lang='lat' dir='ltr'><strong>Mediemum,</strong></span> <span class='ocrx_word' id='word_1_876' title='bbox 3190 5595 3536 5668; x_wconf 76' lang='grc' dir='ltr'>λευκοφορῶν</span> <span class='ocrx_word' id='word_1_877' title='bbox 3559 5612 3573 5626; x_wconf 86' lang='grc'><strong>·</strong></span> <span class='ocrx_word' id='word_1_878' title='bbox 3602 5595 3657 5651; x_wconf 67' lang='lat' dir='ltr'><strong>id</strong></span> 
     </span>
    </p>
   </div>
   <div class='ocr_carea' id='block_1_117' title="bbox 2090 5667 3152 5726">
    <p class='ocr_par' dir='ltr' id='par_1_117' title="bbox 2090 5667 3152 5726">
     <span class='ocr_line' id='line_1_118' title="bbox 2090 5667 3152 5726; baseline -0.008 -2"><span class='ocrx_word' id='word_1_879' title='bbox 2090 5667 2171 5726; x_wconf 76' lang='lat' dir='ltr'><strong>est</strong></span> <span class='ocrx_word' id='word_1_880' title='bbox 2204 5688 2219 5725; x_wconf 90' lang='lat'><strong>:</strong></span> <span class='ocrx_word' id='word_1_881' title='bbox 2259 5689 2276 5722; x_wconf 80' lang='grc' dir='ltr'><strong>ι</strong></span> <span class='ocrx_word' id='word_1_882' title='bbox 2302 5669 2557 5726; x_wconf 83' lang='lat' dir='ltr'><strong>Candidis</strong></span> <span class='ocrx_word' id='word_1_883' title='bbox 2591 5669 2813 5723; x_wconf 87' lang='lat' dir='ltr'><strong>indutus</strong></span> <span class='ocrx_word' id='word_1_884' title='bbox 2846 5667 3101 5724; x_wconf 83' lang='lat' dir='ltr'><strong>vestibus.</strong></span> <span class='ocrx_word' id='word_1_885' title='bbox 3136 5685 3152 5716; x_wconf 77' lang='grc' dir='ltr'><strong>ι</strong></span> 
     </span>
    </p>
   </div>
  </div>
