3956 6220
429 314 562 378 156⁵1
1419 308 1733 369 LEONTII
1779 305 2292 369 NEAPOLITANI
2333 303 2677 369 EPISCOPI
2827 343 2843 359 ι
3546 294 3694 359 1563

429 428 614 492 parata
642 436 656 485 ;
690 417 775 473 vel
805 418 969 473 etiam
1003 415 1299 479 lsraelitas,
1323 416 1468 487 quod
1506 416 1643 488 legis
1670 429 1733 469 ae
1758 416 1998 486 prophe-

2130 414 2257 486 ’ἐνη,
2289 416 2385 469 καὶ
2415 416 2553 485 πρὸς
2579 417 2674 467 τὸν
2710 413 3079 484 πνευματικόν
3112 412 3315 483 σπόρον
3354 413 3693 483 ὲπιτήδειατ

430 521 607 567 tarum
673 510 974 576 doctrinis,
1029 509 1179 563 velut
1234 508 1636 578 quodammodo
1662 507 1885 563 edomiti
1937 523 2004 562 ac

2130 512 2136 577 ι
2164 506 2409 569 καὶτοὺς
2438 506 2498 572 ἐξ
2533 505 2772 576 Ἰσραὴλ,
2801 504 2892 558 διὰ
2928 504 2991 557 τὸ
3024 498 3138 556 οἷόν
3171 521 3287 568 πως
3317 504 3692 560 καταλεαίνεο

432 599 767 670 complanati
792 607 980 655 essent
1012 618 1026 653 :
1055 600 1269 653 tametsi
1300 599 1669 668 evangelicam
1699 608 2000 654 sementem

2130 596 2227 650 τθαι
2260 597 2356 649 καὶ
2383 595 2802 666 ἐξομαλίςεσθαι
2837 597 2961 659 ταῖς
2985 597 3244 664 νομικαϊς
3276 597 3372 649 καὶ
3402 614 3695 667 πριιιινητι⁴

431 707 495 747 ex
545 691 762 761 propria
798 691 899 760 ipsi
949 690 1224 745 dementia
1269 706 1380 745 non
1431 700 1810 761 susceperunt.
1862 688 2000 746 Tum

2130 689 2229 749 παῖς
2274 686 2681 750 διδασκαλίαις*
2719 687 2766 739 εἰ
2801 685 2897 738 καὶ
2937 684 3028 737 τὸν
3078 684 3438 753 εὖαγγελικὸν
3481 686 3698 758 σπόρον

432 782 656 837 subdit:
712 785 854 836 Tunc
886 782 1219 837 exsultabant
1264 784 1439 837 omnia
1476 782 1620 854 ligna
1665 783 1809 837 silva:
1838 799 1856 836 :
1883 799 2005 853 qua:

2135 774 2163 842 ξ
2190 776 2393 847 οἰκείας
2415 778 2673 840 ἀπονοίας
2697 776 2797 830 οὐκ
2824 774 3093 842 ἐδέξαντο.
3114 770 3249 828 Εἶτα
3274 775 3475 842 ἐπάγει
3495 790 3510 802 ·
3543 777 3696 830 Τότε

431 864 580 944 ligna
615 874 968 944 intelligenda
1016 883 1168 940 sunt,
1196 884 1465 944 quotquot
1490 890 1556 930 ex
1592 875 1845 946 gentibus
1881 875 2003 930 Sal-

2130 868 2574 938 ἱγαλλιώσονται
2596 866 2791 921 πάντα
2812 867 2885 921 τὰ
2906 866 3065 931 ξύλα
3091 865 3196 919 τοῦ
3225 865 3457 935 δρυμοῦ
3476 882 3492 897 ·
3518 866 3692 919 ἤτινα

433 964 612 1019 vatori
651 964 874 1019 Christo
908 965 1303 1018 crediderunt:
1337 965 1429 1033 qui
1459 964 1680 1034 quidem
1734 965 1880 1019 haud
1932 966 2004 1020 ita

2130 958 2239 1022 ξύλα
2291 958 2532 1012 νοεῖσθαι
2573 959 2863 1029 προσήκει,
2893 956 3140 1020 ἅπαντας
3167 956 3294 1021 τοὺς
3320 955 3381 1021 ἐξ
3400 955 3580 1009 ὲθνῶν
3609 956 3694 1026 τῷ

434 1054 666 1124 pridem,
729 1054 879 1109 velut
927 1062 1170 1125 agrestes
1228 1054 1618 1125 silvestresque
1668 1056 1895 1111 arbores
1937 1059 2003 1113 ab

2130 1051 2323 1122 Σωτῆρι
2348 1049 2571 1121 Χριστῷ
2597 1048 3062 1110 πεπιστευκότας⁸
3086 1048 3305 1110 οἵτινες
3329 1047 3529 1117 πρώην
3551 1047 3696 1112 ξύλα

436 1143 758 1198 inﬁdelitate
788 1154 965 1203 erant.
1002 1144 1178 1198 donec
1210 1144 1452 1210 tandem,
1493 1146 1636 1214 quod
1667 1146 1743 1199 ait
1763 1146 2005 1201 admira-

2130 1142 2295 1215 ὒσπερ
2343 1144 2511 1215 ἄγρια
2558 1142 2657 1197 καὶ
2703 1141 2960 1214 δρυμώδη
3006 1143 3072 1212 τῇ
3117 1139 3350 1210 ἀπιστίᾳ
3392 1139 3695 1209 ὑπῆρχον·

435 1234 564 1289 bilis
583 1234 804 1300 Paulus,
822 1250 887 1287 ea:
903 1234 1128 1288 oleastro
1145 1237 1327 1288 inserti
1340 1245 1459 1288 sunt
1472 1237 1526 1289 in
1549 1236 1735 1290 bonam
1753 1237 1943 1291 olivom
1961 1241 2002 1291 '.

2130 1234 2308 1305 ιέχρις
2333 1235 2423 1287 ὅτε
2471 1232 2617 1288 κατὰ
2650 1233 2745 1286 τὸν
2791 1232 3079 1288 Θεσπέσιον
3126 1229 3338 1284 Παῦλον
3360 1247 3374 1261 ο
3410 1230 3702 1284 Ἕνεκεν·

435 1325 609 1394 Cujus
634 1340 765 1380 vero
786 1329 958 1397 gratia
979 1327 1045 1381 ad
1066 1327 1177 1381 lzeti
1188 1327 1314 1380 tiam
1343 1342 1407 1382 ae
1428 1326 1846 1382 exsultationem
1874 1344 2004 1398 pro-

2130 1325 2448 1391 ;plaﬂnaar
2481 1323 2550 1376 ἐκ
2596 1320 2711 1390 τῆς
2751 1320 3113 1391 ἀγριελαίου,
3149 1317 3237 1381 εἰς
3284 1318 3391 1373 τὸν
3438 1322 3699 1374 και-ζαέ-

436 1422 616 1479 voeat,
666 1414 835 1469 ctelos
868 1416 1073 1485 pariter
1100 1430 1164 1469 ac
1206 1423 1409 1469 terram
1440 1435 1453 1469 :
1484 1415 1813 1488 camposque
1851 1417 2003 1486 item,

2130 1416 2301 1470 lator.
2333 1415 2489 1475 Τίνος
2516 1413 2575 1466 δὲ
2603 1413 2790 1466 ἕνεκεν
2809 1415 2888 1476 εἰς
2917 1412 3263 1483 εὐφροσύνην
3289 1413 3700 1482 προσκαλεῖται

437 1514 495 1560 et
520 1520 641 1575 quae
672 1505 724 1560 in
755 1506 835 1562 eis
870 1515 1019 1573 sunt,
1056 1522 1120 1563 ac
1161 1509 1347 1567 omnia
1388 1508 1531 1580 ligna
1561 1509 1710 1566 silvae
1737 1511 1762 1564 ?
1804 1510 2007 1566 Christi

2130 1509 2203 1562 ιαὶ
2229 1506 2573 1575 ἀγαλλίασιν,
2610 1507 2876 1578 οὐρανούς
2906 1524 2967 1559 τε
3002 1506 3097 1559 καὶ
3125 1505 3234 1575 γῆν
3255 1523 3271 1537 ·
3306 1507 3472 1561 πεδία
3504 1524 3564 1558 τε
3600 1509 3706 1560 καὶ

438 1597 625 1666 utique
655 1616 668 1650 :
708 1596 752 1649 A
782 1599 921 1667 facie
960 1599 1128 1664 enim,
1176 1600 1373 1670 inquit,
1408 1601 1642 1667 Domini,
1694 1604 1817 1672 quia
1849 1603 2003 1657 venit.

2130 1598 2177 1653 τὰ
2207 1601 2263 1653 ἐν
2293 1599 2499 1666 αὐτοῖς,
2530 1600 2624 1652 καὶ
2656 1600 2835 1654 πάντα
2880 1601 2949 1655 τά
2996 1599 3126 1665 ξύλα
3170 1598 3264 1652 τοῦ
3299 1599 3550 1670 δρυμοῦ;
3586 1599 3705 1653 Τοῦ

435 1688 565 1744 Jure
612 1690 772 1759 plane
808 1689 1004 1745 merito
1042 1690 1328 1760 propheta,
1373 1693 1649 1748 caelestem
1692 1708 1912 1748 omnem
1944 1707 2008 1747 ac

2130 1696 2348 1767 ἰριστοῦ
2380 1696 2655 1767 δηλονότι⁸
2688 1698 2824 1753 Ἀπὸ
2857 1698 3183 1767 προσώπου
3212 1698 3344 1768 γὰρ,
3377 1695 3537 1765 φησὶ,
3570 1697 3707 1747 Κυ-

436 1786 751 1834 terrestrem
772 1788 1018 1834 naturam
1042 1781 1109 1834 ad
1143 1781 1444 1851 Spiritalem
1471 1782 1713 1836 laetitiam
1737 1784 2002 1849 hortatur,

2130 1763 2265 1853 ιίου,
2301 1788 2391 1841 ὅτι
2421 1763 2912 1857 ἔρχεταιποντως,
2930 1789 3155 1850 δικαίως
3179 1791 3207 1842 ὁ
3226 1763 3532 1858 ⁷ειτροφῆηέτλς
3555 1801 3706 1854 πρα-

434 1886 500 1927 ac
551 1873 994 1928 exsultationem.
1044 1874 1181 1929 Cum
1225 1874 1369 1928 enim
1419 1881 1636 1929 terreno
1682 1888 1747 1929 ac
1791 1875 2005 1929 mortali

2130 1878 2305 1950 τρέπει
2354 1880 2681 1951 ἐπουράνιον
2727 1881 2910 1934 πᾶσαν
2960 1881 3135 1933 κτίσιν
3176 1879 3275 1931 καὶ
3315 1877 3588 1944 ἐπίγειον,
3619 1877 3706 1937 εἰς

435 1978 563 2035 rege
590 1964 779 2020 urbem
804 1966 1139 2036 ingressum,
1170 1966 1300 2021 urbs
1328 1966 1547 2035 quidem
1574 1975 1684 2020 tota
1716 1966 1851 2021 velis
1877 1982 2003 2037 per-

2130 1970 2496 2040 τνευματικὴν
2525 1970 2868 2040 εὐφροσύνην
2890 1971 2984 2022 καὶ⁷
3008 1967 3429 2035 ἀγαλλίασιν.Εἰ
3450 1966 3566 2034 γὰρ
3595 1963 3704 2033 βα-

438 2067 685 2123 ornetur,
721 2057 1050 2127 coronisque
1075 2073 1139 2112 ac
1161 2057 1537 2123 aromatibus;
1593 2072 1910 2126 omnesque,
1946 2066 2005 2112 ut

2130 2061 2307 2125 ιιλέως
2354 2062 2603 2130 ἐπιγείου
2648 2062 2747 2115 καὶ
2780 2061 2977 2132 θνητοῦ
3026 2062 3107 2124 είς
3149 2060 3309 2113 πόλιν
3339 2055 3706 2132 εἰσέρχεσθαι

436 2149 509 2203 ita
544 2148 745 2214 dicam,
783 2156 896 2202 tum
923 2149 1097 2218 parvi,
1129 2156 1242 2202 tum
1294 2148 1496 2218 magni,
1528 2148 1707 2203 varias
1734 2155 2008 2204 mutantes

2130 2153 2427 2225 ιέλλοντος,
2456 2157 2607 2208 πᾶσα
2637 2154 2734 2224 μὲν
2767 2153 2799 2225 ή
2832 2155 2984 2218 πόλις
3013 2153 3450 2221 κατακοσμεῖται
3484 2146 3706 2218 βήλοις,

428 2240 604 2295 stolas
617 2239 669 2294 in
688 2254 977 2295 occursum
996 2239 1137 2311 regis
1158 2241 1460 2310 procedant
1483 2256 1499 2306 ;
1524 2255 1588 2294 ac
1612 2256 1775 2294 omne
1791 2240 2009 2309 quidem

2130 2246 2204 2300 ιαὶ
2236 2246 2649 2317 στεφανώμασι,
2676 2247 2772 2302 καὶ
2813 2247 3106 2318 ἀρώμασιν
3143 2245 3346 2306 πάντες
3385 2242 3445 2294 δὲ
3489 2242 3570 2303 ὡς
3614 2241 3711 2292 εἰ·

436 2330 584 2386 aliud
638 2332 918 2403 negotium
977 2341 1283 2401 spernant;
1325 2331 1429 2386 hoc
1480 2346 1615 2386 vero
1644 2331 1793 2386 omni
1828 2346 2011 2400 operat

2130 2341 2252 2404 τεῖν,
2288 2338 2475 2408 μικροί
2508 2346 2568 2391 τε
2612 2337 2707 2391 καὶ
2754 2337 2984 2406 μεγάλοι
3027 2336 3279 2398 «omne;
3317 2332 3515 2394 στολὰς
3541 2331 3711 2396 ἐξαλ-

438 2421 597 2494 longe
641 2432 979 2493 anteponant
1007 2441 1019 2476 :
1052 2439 1219 2493 quam
1260 2423 1464 2493 potiori
1495 2422 1639 2493 jure,
1675 2422 1883 2477 caelesti
1902 2422 2010 2477 Deo

2130 2429 2422 2492 .άσσον⁵τες,
2462 2429 2600 2498 πρὸς
2644 2428 2743 2501 τὴν
2793 2428 2889 2481 τοῦ
2926 2428 3195 2499 βασιλέως
3220 2424 3497 2497 χωροῦσιν
3523 2423 3711 2477 beniv-

437 2530 501 2569 ae
524 2530 648 2586 rege
675 2516 948 2583 veniente,
982 2524 1233 2570 naturam
1261 2530 1502 2580 onmem,
1533 2515 1601 2568 ab
1631 2529 1695 2569 eo
1713 2515 2004 2578 conditam,

2130 2537 2304 2591 τησιν·
2341 2520 2439 2573 καὶ
2485 2522 2668 2589 πάσης
2719 2520 2819 2591 μὲν
2866 2519 3253 2592 πραγματείας
3298 2517 3497 2586 ἑτέρας
3540 2530 3712 2584 περι-

440 2615 555 2660 tum
588 2622 710 2675 qua:
735 2607 910 2661 oculis
931 2607 1175 2676 subjecta
1206 2616 1310 2670 est,
1344 2616 1457 2661 tum
1492 2621 1610 2676 qum
1641 2616 1825 2660 mente
1850 2621 2006 2676 aspe-

2130 2612 2441 2682 ρρονοῦντες
2457 2626 2470 2639 ·
2502 2611 2682 2680 πάσης
2704 2613 2762 2669 δὲ
2784 2612 3021 2682 σπουδῆς
3046 2608 3466 2680 προτιμοτέραν
3490 2605 3713 2674 ταύτην

438 2696 675 2763 ctabilis,
723 2696 897 2752 laetari
961 2708 1209 2768 oporteat
1258 2699 1324 2753 'ac
1372 2698 1691 2764 exsultare;
1743 2699 2003 2767 omnique

2130 2701 2385 2770 τιθέμενοι
2403 2719 2416 2734 ο
2452 2702 2604 2770 πόσῳ
2636 2702 2839 2773 μᾶλλον
2866 2700 3303 2769 παραγινομένου
3332 2698 3425 2749 τοῦ
3458 2698 3713 2765 ἐπουρα-

440 2786 636 2855 gaudio
679 2804 742 2843 ac
771 2791 1125 2845 veneratione
1158 2806 1445 2845 occursum
1478 2790 1703 2860 implere
1732 2790 1756 2844 ?

2130 2792 2226 2846 ρίου
2257 2793 2392 2846 Θεοῦ
2423 2811 2484 2847 τε
2519 2795 2613 2860 καὶ
2640 2794 2923 2865 βασιλέως,
2949 2795 3128 2847 πᾶσαν
3158 2793 3259 2862 τὴν
3291 2791 3382 2843 ὑπ’
3405 2789 3577 2844 αὑτοῦ
3611 2805 3713 2854 γε·

439 2880 744 2950 γενημένην
775 2881 979 2952 ὀρατήν
1012 2897 1070 2933 τε
1101 2880 1196 2935 καὶ
1253 2880 1487 2953 ἀόρατον
1531 2881 1741 2944 κτίσιν,
1779 2879 2164 2950 εὐφραίνεσθαι
2233 2883 2326 2937 καὶ
2401 2880 2762 2952 ἁγάλλιᾶσθαι
2807 2883 2946 2954 χρή·
3025 2884 3118 2936 καλ
3173 2880 3493 2952 περιχαρῶς
3580 2878 3712 2949 ἅμα

439 2970 535 3025 καὶ
565 2972 874 3041 σεϐασμίως
902 2973 1255 3044 ἀποπληροῦν
1283 2974 1381 3043 τὴν
1413 2973 1733 3042 ὑπάντησιν.

516 3065 715 3122 Verum
756 3069 1060 3133 videamus,
1119 3069 1451 3136 charissimi,
1504 3068 1725 3139 quando
1771 3070 2010 3126 caelestis

2187 3072 2331 3125 Ἀλλ’
2355 3071 2577 3145 ἔδωμεν,
2597 3069 2892 3139 ἀγαπητοὶ,
2922 3070 3053 3121 πότε
3076 3068 3104 3119 ὁ
3136 3066 3459 3134 ἐπουράνιος
3479 3064 3578 3117 καὶ
3608 3066 3713 3132 μὲ-

445 3175 785 3229 magnusque
848 3159 991 3215 Deus
1035 3176 1099 3215 ac
1142 3178 1235 3216 rex
1287 3161 1589 3216 advenerit.
1656 3160 2012 3226 Quandonam

2130 3182 2217 3232 γας
2250 3164 2381 3227 Θεός
2413 3181 2472 3216 τε
2504 3164 2599 3216 καὶ
2644 3161 2898 3231 βασιλεὺς
2931 3160 3325 3230 παραγίνεται.
3372 3157 3516 3209 Πότε
3556 3156 3711 3226 55.1;

441 3266 576 3305 vero
602 3252 627 3304 ?
671 3250 869 3321 Utique
926 3252 1148 3321 quando
1187 3253 1323 3307 citra
1375 3254 1732 3306 mutationem
1771 3268 2012 3317 onmem,

2130 3256 2179 3307 Ei
2214 3256 2286 3327 μὴ
2320 3257 2407 3309 ὅτε
2449 3255 2569 3308 καθ’
2591 3256 2738 3323 ἡμᾶς
2773 3254 2841 3304 διῖ
2864 3254 3034 3322 ἡμᾶς,
3067 3250 3373 3322 ἀτρέπτως·
3396 3248 3494 3302 xui.
3539 3247 3714 3301 ἀναλ-

444 3352 498 3396 et
529 3343 928 3407 alteratiouem,
966 3359 1029 3396 ac
1058 3353 1342 3412 peccatum
1374 3345 1549 3398 factus
1581 3345 1765 3409 homo,
1817 3344 2015 3398 similis

2130 3346 2353 3408 ιοιὼτως
2393 3347 2486 3398 καὶ
2525 3347 2925 3414 ἀναμαρτήτως
2963 3343 3420 3414 ὲνανΟρωπήσας,
3453 3341 3709 3408 ἐγένετο.

445 3433 604 3487 nobis
648 3433 882 3488 eﬂ‘eetus
905 3444 1006 3487 est.
1043 3434 1178 3488 Nam
1215 3436 1341 3506 quia
1368 3444 1561 3488 natura
1593 3435 1779 3489 divina
1830 3436 2015 3489 incor-

446 3540 610 3594 porea
653 3534 756 3590 est,
794 3540 857 3580 ac
885 3526 1384 3596 incircumscripta,
1432 3535 1625 3595 estque
1657 3527 1710 3580 in
1748 3527 1908 3593 ccelo,
1953 3543 2018 3582 ac

447 3628 647 3675 terram
696 3618 909 3687 implet,
932 3618 1086 3688 juxta
1114 3620 1258 3687 quod
1290 3620 1363 3673 ait
1396 3619 1662 3688 propheta
1689 3618 1732 3672 ³.
1772 3617 1881 3673 Hac
1911 3619 2016 3672 ita-

447 3724 552 3777 que
589 3710 819 3778 ratione,
885 3727 1015 3780 qua,
1049 3711 1294 3780 inquam,
1333 3712 1475 3766 Deus
1502 3711 1692 3766 habuit
1725 3720 2017 3780 antequam

452 3801 606 3856 ﬁeret
656 3802 847 3868 homo,
873 3818 1052 3872 neque
1098 3803 1218 3857 loco
1255 3803 1454 3858 absens
1478 3812 1583 3868 est,
1617 3812 1677 3857 ut
1703 3819 1759 3858 se
1786 3819 1853 3857 eo
1882 3818 2018 3857 con-

451 3891 591 3946 ferat
620 3909 634 3958 ;
667 3908 845 3961 neque
886 3894 1107 3958 iterum,
1149 3895 1341 3964 utjam
1383 3894 1646 3962 diximus,
1685 3895 1877 3964 spatiis
1908 3895 2019 3948 cir-

452 3984 856 4051 cumscribitur,
889 4002 1012 4054 quae
1064 3986 1249 4041 omnia
1293 3985 1523 4055 perinde
1554 3986 1798 4055 impleat,
1839 3985 2020 4054 sitque

453 4079 709 4133 erunibus
762 4078 1012 4133 similiter
1064 4095 1352 4148 praesens:
1399 4079 1682 4144 Quomodo
1726 4080 1889 4148 igitur
1948 4079 2023 4132 ait

2130 3438 2348 3508 Ἐπειδὴ
2391 3439 2498 3510 γὰρ
2531 3440 2564 3508 ἡ
2592 3437 2710 3491 Θεία
2755 3438 2917 3506 φύσις
2958 3434 3254 3506 ἀσώματὸς
3282 3451 3344 3486 τε
3380 3433 3475 3488 καὶ
3504 3435 3715 3503 ἀπερί-

2119 3547 2383 3601 γραπτος,
2432 3532 2526 3584 καὶ
2569 3531 2627 3583 ὲν
2673 3529 2887 3600 οὐρανῷ
2926 3530 3066 3587 ἐστι,
3096 3527 3191 3580 καὶ
3215 3527 3316 3595 τὴν
3346 3526 3452 3596 γῆν
3490 3520 3715 3596 πεπλή-’

2122 3641 2264 3696 ρωκε
2313 3623 2453 3676 κατὰ
2495 3622 2586 3675 τὸν
2632 3620 2860 3675 εἰπόντα
2910 3621 3219 3690 προφήτην.
3253 3618 3342 3689 Τῷ
3393 3615 3487 3673 οὖν
3516 3620 3711 3689 τρόπῳ

2119 3720 2315 3789 τούτῳ,
2339 3718 2483 3785 λέγω
2511 3716 2593 3787 δὴ,
2632 3717 2707 3786 τῷ
2754 3716 2860 3787 πρὸ
2903 3719 3003 3786 τῆς
3047 3713 3546 3784 ἐνανθρωπήσεως,
3580 3712 3712 3763 οὔτε

2122 3813 2337 3880 ἀπέστη
2371 3812 2557 3874 τόπου,
2589 3811 2678 3863 ἵνα
2710 3811 2791 3872 εἰς
2816 3808 2977 3862 αὐτὸν
3003 3807 3421 3876 παραγένηται·
3453 3804 3578 3857 οὔτε
3612 3806 3716 3857 πὰ-

2121 3908 2204 3962 λιν
2255 3908 2330 3968 ὡς
2392 3906 2491 3975 ήδη
2553 3905 2803 3973 εἴπομεν,
2862 3900 3265 3972 περιγράφεται
3314 3896 3713 3967 διαστήμασιν,

2123 3999 2300 4053 πάντα
2327 3997 2520 4068 ἐπίσης
2547 3993 2854 4067 πληροῦσα,
2881 3993 2973 4044 καὶ
2998 3992 3166 4043 πᾶσιν
3189 3988 3393 4057 ὁμοίως
3421 3987 3711 4056 παροῦσαι

2125 4090 2241 4152 πῶς
2290 4086 2381 4144 οὖν
2429 4106 2593 4159 φησιν
2629 4091 2657 4140 ὁ
2689 4090 3008 4155 προφήτης·
3045 4080 3179 4135 Ἀπὸ
3219 4078 3547 4148 προσώπου
3595 4082 3714 4130 Κυ-

452 4172 741 4239 prOplteta,
766 4184 770 4189 ‘
796 4171 841 4224 Α
880 4172 1017 4241 {acie
1060 4172 1290 4235 Domini,
1339 4172 1589 4242 quoniam
1636 4172 1778 4224 venit
1811 4172 1836 4223 ?
1877 4169 2022 4224 Sane

2130 4183 2255 4248 ρίου
2286 4179 2371 4233 ὅτι
2397 4172 2753 4247 ἕρχεται;τιι
2785 4175 2964 4243 δῆλον,
3000 4174 3081 4226 ὅτι
3110 4170 3250 4224 κατὰ
3275 4170 3365 4222 τὸν
3396 4169 3588 4237 καιρὸν
3610 4168 3715 4234 τῆς

453 4263 625 4331 liquet
646 4261 922 4331 impletam
947 4278 1069 4316 esse
1096 4264 1438 4332 prophetiam
1460 4264 1562 4317 sub
1585 4272 1798 4333 tempus
1817 4262 2022 4316 adven~

452 4363 541 4407 tus
569 4350 769 4407 Christi
802 4351 855 4405 in
881 4366 1070 4406 carne.

522 4443 842 4508 Enimvero,
883 4458 1095 4498 summe
1122 4444 1526 4508 admirabilem,
1570 4443 2016 4513 praeeelsamque,
2058 4428 2097 4479 Π

451 4553 517 4592 ac
571 4537 905 4592 ineffabilem
955 4536 1254 4592 Salvatoris
1310 4537 1512 4590 Christi
1578 4537 1914 4590 nativitatem
1969 4537 2022 4588 in

452 4643 639 4691 carne,
673 4644 704 4682 a
743 4629 854 4684 Deo
898 4629 1202 4682 amatorum
1261 4628 1480 4682 Patrum
1529 4626 1879 4682 sermonibus
1926 4626 2023 4680 de-

457 4720 724 4781 Iieiantes,
758 4730 884 4774 ante
905 4722 1016 4791 jam
1048 4721 1455 4775 celebravimus
1486 4738 1498 4773 :
1526 4734 1650 4774 cum
1676 4719 1885 4790 angelis
1909 4719 2027 4772 lau-

455 4814 586 4869 dum
626 4813 834 4867 cantica
865 4814 1272 4882 prompsimus;
1301 4828 1426 4868 cum
1470 4812 1782 4883 pastoribus
1824 4811 2027 4882 gloriﬁ—

456 4905 703 4961 cavimus
737 4922 750 4958 ι
787 4919 908 4959 cum
943 4902 1113 4973 Magis
1158 4904 1459 4957 obtulimus
1503 4919 1769 4968 munera;
1806 4904 2025 4956 tametsi

456 5012 565 5051 nou
592 4996 1053 5061 aurum,'thus\'e,
1071 5003 1164 5048 aut
1191 4995 1464 5063 myrrham
1492 5010 1505 5056 ;
1534 4995 1628 5048 Sed
1668 4996 1862 5047 horum
1889 4995 2026 5059 loco,

457 5092 619 5151 ﬁdem
649 5094 702 5146 in
730 5093 1032 5157 Christum,
1074 5104 1208 5143 auro
1241 5089 1624 5158 pretiosiorem
1650 5131 1663 5153 ,
1693 5089 2026 5161 fragrantia-

460 5201 572 5242 rem
591 5186 761 5241 thure
785 5201 799 5249 ;
826 5184 1151 5254 myrrhaque
1172 5188 1529 5235 conservante
1555 5196 1804 5251 corpora,
1828 5183 2029 5237 eximie

458 5277 844 5335 enicaciorem.
867 5273 984 5328 Non
1007 5274 1152 5327 enim
1185 5281 1396 5326 mortua
1422 5280 1607 5326 nostra
1638 5288 1864 5344 corpora
1892 5290 2028 5329 con-

460 5376 691 5435 servat;
743 5381 935 5421 verum
988 5365 1197 5419 animas
1259 5364 1655 5420 immortalitati
1716 5374 2025 5422 consecrat.

464 5459 620 5514 Nunc
641 5468 823 5514 autem
846 5458 987 5512 alius
1015 5456 1215 5512 Christi
1248 5459 1534 5523 adventus,
1580 5460 1721 5515 alius
1766 5475 2031 5515 occursus

469 5551 627 5606 nobis
660 5567 824 5606 causa
841 5550 1074 5606 exsistit.
1111 5548 1307 5607 Venite
1336 5566 1486 5623 ergo,
1518 5553 1845 5621 charissimi,
1879 5555 2029 5611 omni

538 5733 557 5763 ⁸
589 5728 747 5787 Rom.
774 5745 838 5800 II,
876 5730 964 5785 ‘14.
1044 5732 1062 5763 ³
1089 5730 1291 5787 Jercm.
1324 5746 1477 5796 χλιιι,
1509 5730 1602 5786 Ἡ.

2125 4273 2389 4344 ἐνσάρκου
2418 4270 2510 4323 τοῦ
2557 4266 2795 4339 Χριστοῦ
2825 4265 3149 4336 παρουσίας,
3198 4263 3231 4333 ἡ
3267 4260 3578 4333 προφητεία
3610 4277 3712 4311 πε-

2127 4366 2432 4436 πλήρωται.

2195 4457 2360 4511 Ἀλλά
2382 4458 2447 4526 τῇ
2480 4455 2579 4523 μὲν
2611 4450 3040 4521 ὑπερφυεστάτῃ
3069 4453 3164 4500 καὶ
3198 4445 3577 4515 ὐπερκοσμξῳ,
3618 4444 3711 4495 καὶ

2123 4551 2351 4622 ἀρρήτῳ
2375 4548 2469 4600 τοῦ
2503 4546 2760 4616 Σωτῆρος
2791 4540 3033 4614 Χριστοῦ
3064 4538 3207 4592 κατὰ
3242 4538 3421 4607 σάρκα
3458 4536 3712 4605 γεννήσει

2122 4646 2237 4706 τοῖς
2277 4642 2386 4694 τῶν
2429 4639 2707 4708 θεοφόρων
2739 4636 3001 4707 Πατὲρων
3031 4629 3470 4701 ὲντρυφήσὰντες
3505 4627 3709 4693 λόγοις,

2123 4735 2225 4805 ήδη
2276 4731 2771 4801 προεορτάσαμεν·
2834 4722 2973 4796 μετὰ
3020 4722 3265 4790 ἀγγέλων
3318 4718 3707 4787 ὑμνήσαντες·

2128 4824 2268 4894 μετὰ
2299 4822 2571 4891 ποιμένων
2599 4817 2924 4882 δοξάσαντες
2944 4833 2958 4846 ο
2995 4813 3132 4885 μετὰ
3167 4812 3359 4881 μάγων
3391 4808 3707 4877 δωροφορήο

2133 4932 2326 4978 σαντες
2346 4930 2359 4944 ·
2420 4916 2469 4967 εί
2497 4911 2591 4967 καὶ
2624 4910 2699 4981 μὴ
2726 4908 2927 4980 χρυσὸν
2957 4907 3051 4959 καὶ
3069 4904 3288 4957 λίϐανον
3313 4900 3408 4953 καὶ
3439 4898 3703 4969 σμύρναν·

2130 5007 2241 5060 ἀλλ’
2270 5007 2392 5059 ἀντὶ⁸
2423 5004 2649 5066 τούτων,
2674 5002 2791 5073 τὴν
2821 5002 2899 5063 εἰς
2926 4999 3018 5051 τὸν
3045 4996 3281 5066 Χριστὸν
3316 4993 3502 5044 πίστιν
3522 5006 3538 5020 ο
3585 5006 3708 5059 χρυ-

2132 5098 2226 5151 σοῦ
2252 5098 2348 5165 μὲν
2370 5093 2535 5150 οὖσαν
2555 5092 2917 5166 τιμιωτέραν·
2942 5088 3162 5142 λιϐάνου
3193 5087 3271 5146 δὲ,
3300 5083 3673 5152 εὐωδεστέραν
3690 5097 3703 5108 ·

2132 5191 2378 5260 σμύρνης
2431 5187 2488 5240 δὲ
2541 5185 2642 5256 τῆς
2695 5182 3069 5253 φυλαττούσης
3113 5177 3182 5232 τὰ
3232 5176 3404 5245 νεκρὰ
3457 5172 3705 5241 σώματα,

2134 5280 2579 5351 ὑπερϐαλλόντως
2602 5281 2685 5330 ἐνε
2696 5274 3012 5349 ργεστέραν.
3036 5272 3112 5325 Οὐ
3139 5269 3246 5339 γάρ
3271 5268 3340 5320 τὰ
3361 5264 3535 5334 Ονητᾶ
3555 5263 3710 5333 ἡμῶν

2133 5374 2398 5443 φυλάττει
2437 5372 2695 5441 σώματα·
2727 5367 2842 5421 ἀλλ’
2866 5365 3167 5426 ἀθανάτους
3196 5360 3292 5422 τὰς
3323 5358 3505 5428 ψυχὰς
3540 5358 3711 5425 ἀπερ-

2139 5465 2384 5530 γάζεται.
2425 5462 2539 5516 Νῦν
2587 5462 2643 5514 δὲ
2698 5460 2858 5529 ἑτέρα
2904 5452 3176 5527 παρουσία
3225 5447 3487 5521 Χριστοῦ,
3518 5445 3712 5513 ἑτέρας

2138 5556 2268 5626 ἡμῖν
2315 5554 2672 5623 ἀπαντήσεως
2723 5547 2999 5618 πρόξενος.
3051 5541 3217 5596 Δεῦτε
3261 5536 3374 5601 οὖν,
3411 5534 3711 5605 ἀγαπητοὶ,
