3956 6220
230 309 371 373 i569

1418 303 1679 365 SEBMO
1724 301 1806 363 ΙΝ
1855 303 2293 369 ΞΥΜΕΟΝΕΜΣ

3344 304 3483 373 1570

231 422 409 475 πάντα
457 417 618 473 δκνον
666 415 778 469 τῶν
834 413 1022 485 ψυχῶν
1077 412 1512 487 ἀπορῥίψαντεςυ
1564 412 1811 485 λαμπροὶ

1931 413 2110 471 mimis
2137 415 2354 486 abiecto
2387 422 2606 487 torpore
2632 432 2648 483 ;
2680 415 2790 472 laeti
2820 414 2944 473 lete
2975 431 3332 477 occurramus
3359 420 3491 496 Regi

240 514 507 585 λαμπρῶς
535 510 613 581 τῷ
631 511 883 576 ,ϐασιλεῖ
913 507 1034 564 τῶν
1069 507 1299 563 αἰώνων
1329 507 1424 562 καὶ
1448 508 1662 578 Σωτῆρι
1681 507 1816 574 Χρι-

243 606 353 676 στῷ
391 604 811 673 ὑπαντήσωμεν.
840 601 977 669 Φησὶ
1007 599 1120 670 γάρ
1162 600 1192 652 ὁ
1234 597 1630 669 εὐαγγελιστὴς
1671 598 1813 650 Λου-

237 700 360 762 κᾶς,
392 696 533 766 μετὰ
555 695 656 760 τὴν
674 695 1016 765 ὀκταήμερον
1045 692 1137 746 τοῦ
1168 692 1460 763 νομοθέτου
1489 692 1630 745 κατὰ
1649 691 1814 761 νόμον

233 790 567 861 περιτομήν·
586 789 723 841 ’Ὅτε
737 786 1142 854 ἐπλήσθησαν
1170 788 1230 839 αι
1261 784 1469 853 ἡμέραι
1500 784 1607 837 τοῦ
1634 788 1815 838 καθαι-

228 881 453 951 ρισμοῡ
483 879 684 935 αὐτῶν
715 878 864 932 κατά
900 876 1009 931 τὸν
1049 878 1239 946 νόμον
1279 879 1574 944 Μωῢσέως
1595 895 1609 909 ·
1644 878 1816 932 καθα-

239 972 433 1041 ρισμοῦ
464 970 744 1041 δηλονότι,
777 970 877 1038 τῆς
908 987 969 1022 τε
1000 970 1234 1041 Μαριὰμ
1273 972 1366 1024 καὶ
1410 972 1502 1024 τοῦ
1542 971 1776 1041 βρέφους
1796 987 1812 1005 ο

237 1062 454 1117 καὶτοῦ
486 1062 940 1132 προσδοκωμένου
969 1057 1109 1115 εἶναι
1149 1063 1384 1132 πατρός·
1426 1063 1571 1131 λέγω
1620 1066 1684 1135 δὴ
1718 1064 1812 1119 τοῦ

249 1155 468 1225 Ἰωσήφ.
488 1154 627 1208 Ἀλλ’
655 1154 1095 1224 ἐκπληττόμενος
1121 1156 1214 1208 ἐπὶ
1243 1159 1357 1218 τοῖς
1386 1156 1651 1226 ῥηθεῖσιν,
1680 1158 1815 1228 πρὸς

235 1247 327 1300 τὸν
357 1246 644 1300 Θεσπέσιον
676 1247 1072 1317 εὐαγγελιστὴν
1104 1248 1313 1317 εἴποιμι
1353 1249 1450 1301 ἄν·
1473 1248 1747 1317 τίλέγεις,
1770 1244 1815 1302 ὧ

241 1339 482 1409 μακάριε
518 1336 1128 1404 Δουκᾶ.Ἐπιλελῆσθαί
1159 1356 1249 1408 μοι
1281 1338 1457 1400 δοκεῖς
1479 1338 1589 1392 τῶν
1620 1340 1817 1393 ἀνωτέ-

240 1446 320 1500 ρω
369 1428 520 1499 παρὰ
567 1428 661 1481 σοῦ
698 1429 1141 1499 συγγραφέντων,
1178 1430 1482 1499 ἀναρμόδια
1522 1431 1633 1501 γάρ
1678 1424 1813 1502 πρὸς

238 1520 423 1572 ἐκεῖνα
458 1519 528 1573 τὰ
559 1519 655 1573 νῦν
674 1520 824 1589 παρά
848 1519 942 1573 σοῦ
962 1519 1250 1587 λεγόμενα.
1274 1521 1389 1573 Οὐκ
1415 1522 1472 1572 ὲν
1491 1524 1607 1583 τοῖς
1630 1521 1811 1587 Εὐαγ-

239 1609 443 1677 γελίοις
484 1613 551 1680 τῇ
596 1610 907 1681 Θεομήτορι
961 1612 1055 1662 καὶ
1109 1610 1355 1681 παναγὶᾳ
1406 1610 1690 1681 Παρθένῳ,
1721 1612 1811 1663 τὸν

240 1700 384 1755 θεῖον
431 1701 673 1773 Γαϐριὴλ
718 1702 964 1770 εἰσάγεις
1021 1701 1282 1768 λέγοντα·
1346 1702 1588 1771 Πνεῦμα
1638 1696 1809 1769 ἅγιον

239 1793 629 1847 ἐπελεύσεται
675 1793 773 1846 ἐπὶ
801 1794 894 1859 σὲ,
927 1793 1023 1847 καὶ
1068 1794 1321 1873 δύναμις
1354 1788 1649 1863 Ὑψίστου
1685 1796 1814 1848 ἐπι-

242 1884 485 1940 σκιάσει
517 1899 649 1947 doc;
676 1885 800 1945 Πῶς
837 1881 933 1938 οὖν
977 1888 1010 1954 ή
1058 1886 1121 1938 ἐκ
1170 1886 1487 1956 Πνεύματος
1532 1888 1690 1954 ἁγίου
1722 1888 1817 1941 καὶ

242 1976 525 2047 δυνάμεως
562 1976 818 2047 Ὑψίστου
873 1978 1156 2049 κυήσασα,
1192 1982 1287 2032 καὶ
1338 1981 1412 2049 μὴ
1468 1980 1607 2032 κατὰ
1655 1980 1817 2049 νόμον

243 2066 594 2138 ἀνθρωπίνης
619 2070 865 2139 κυήσεως
890 2110 903 2130 ,
933 2069 1277 2139 καθαρισμοῦ
1308 2071 1507 2124 δέεται.
1542 2071 1664 2133 Πῶς
1693 2072 1749 2125 δὲ
1784 2073 1817 2143 ἡ

244 2158 593 2228 πληρωθεῖσα
638 2159 734 2212 τοῦ
786 2161 970 2212 πᾶσαν
1022 2161 1200 2215 κτίσιν
1250 2161 1537 2233 ὁρωμένην
1585 2163 1680 2215 καὶ
1722 2163 1818 2232 οὐχ

243 2252 527 2322 ὁρωμένην
571 2252 935 2320 ἀγιάζοντος,
993 2253 1315 2322 Πνεύματος
1367 2255 1524 2321 ἁγίου
1582 2255 1823 2325 ὑπάρχει

246 2343 532 2413 ἀμέτοχος.
572 2344 695 2407 Πῶς
730 2343 787 2396 δὲ
829 2347 861 2414 ἠ
891 2345 1310 2399 ὲπισκιασθεϊσα
1338 2348 1401 2417 τῇ
1433 2345 1527 2398 τοῦ
1566 2346 1820 2415 Ὑψίστου

248 2435 511 2505 δυνάμει,
539 2436 599 2488 οὐ
633 2436 817 2505 πάσης
852 2437 1222 2508 καθαρότητος
1268 2438 1366 2491 καὶ
1414 2436 1684 2508 ἁγιασμοῢ
1722 2439 1824 2491 ὑπ-

249 2528 406 2598 άρχει
442 2529 728 2591 ἀνάπλεως
754 2528 949 2593 mm
973 2528 1043 2581 τά
1075 2529 1201 2599 ἑξῆς
1232 2528 1325 2582 τοῦ
1348 2529 1689 2598 ἀρχαγγέλου
1721 2531 1822 2600 ῥή-

253 2635 398 2690 ματα
420 2660 434 2683 ,
464 2621 572 2673 τῶν
620 2621 896 2691 ῥηθέντων
931 2622 1040 2674 εἰσὶ
1068 2619 1420 2692 φοϐερώτερα
1441 2637 1454 2650 ·
1497 2620 1646 2690 λέγει
1674 2622 1783 2692 γάρ
1805 2638 1819 2651 ο

250 2711 349 2764 Διὸ
394 2711 494 2764 καὶ
539 2713 606 2765 τὸ
646 2710 1021 2781 γεννώμενον
1057 2714 1247 2781 ἅγιον,
1286 2713 1653 2781 κληθήσεται
1694 2712 1821 2779 Υἱὸς

254 2804 422 2857 Θεοῦ.
453 2803 550 2866 Τίς
585 2800 677 2857 οὖν
705 2804 947 2867 ἀκούσας
976 2803 1167 2874 πρώην
1195 2804 1345 2875 παρὰ
1380 2803 1473 2856 σοῦ
1505 2800 1700 2867 ταῦτα,
1731 2803 1826 2855 καὶ

251 2895 350 2949 νῦν
385 2896 597 2949 ἀκούων
632 2897 792 2950 πάλιν
830 2896 1064 2967 βοῶντός
1099 2912 1191 2961 σου
1212 2912 1224 2925 ·
1258 2897 1390 2949 Ὅτε
1420 2895 1827 2963 ἐπλήσθησαν

253 2989 312 3039 ai
340 2982 553 3054 ἡμέραι
582 2985 686 3039 τοῦ
715 2983 1089 3053 καθαρισμοῦ
1128 2983 1325 3038 αὐτῶν
1344 3000 1357 3013 ·
1393 2984 1455 3036 οὐ
1488 2982 1712 3045 δικαίως
1736 2981 1827 3034 έκ-

257 3077 485 3146 πλαγεὶς
529 3077 816 3146 ἐγκαλέσει
869 3094 970 3131 σοι.
1011 3077 1075 3130 Εί
1113 3076 1220 3148 γὰρ
1263 3070 1489 3173 Πνεῦμα
1535 3073 1693 3144 ἅγιον
1729 3074 1827 3144 τὴν
1855 3109 1903 3173 c

256 3165 537 3237 Παρθένον
582 3165 926 3236 ἐπλήρωσεν,
960 3167 1054 3218 καὶ
1092 3167 1125 3236 ἡ
1171 3164 1267 3217 τοῦ
1300 3162 1557 3233 Ὑψίστου
1602 3163 1830 3232 δύναμις

258 3259 347 3313 ἐπ’
368 3258 506 3330 αὐτῇ
541 3258 868 3312 ἐπεσκίασεν
889 3273 904 3287 ·
935 3246 1028 3312 καὶ
1068 3258 1131 3310 τὸ
1175 3255 1514 3326 γεννώμενον
1543 3253 1603 3319 ἐξ
1635 3253 1827 3323 αὐτῆς,

261 3345 390 3411 mg
419 3346 519 3416 μέν
550 3348 667 3400 ἐστι
692 3346 788 3400 τοῦ
818 3342 926 3418 πρὸ
953 3347 1164 3402 αἰώνων
1187 3347 1323 3400 Θεοῦ
1348 3363 1362 3377 ·
1399 3347 1493 3399 καὶ
1520 3346 1615 3399 νῦν
1643 3345 1720 3411 δὲ,
1744 3343 1834 3398 διὰ

262 3439 361 3511 τὴν
399 3439 712 3509 οἰκονομίαν
739 3440 1143 3508 κληθήσεταιο
1174 3439 1290 3502 πῶς
1332 3438 1367 3508 ἡ
1401 3438 1504 3508 τῆς
1542 3437 1694 3500 θείας
1737 3437 1834 3491 καὶ

259 3531 548 3601 όμοουσίου
581 3531 812 3601 Τριάδος
840 3531 1182 3604 γεγενημένη
1218 3529 1462 3600 μέτοχος,
1494 3530 1553 3581 οὐ
1590 3530 1749 3597 μόνον
1770 3527 1832 3580 οὐ

259 3622 507 3675 λείπεται
554 3619 832 3688 ἀγιασμοῦ
879 3620 976 3673 καὶ
1023 3620 1377 3689 καθάρσεωςο
1428 3618 1542 3672 ἀλλ’
1578 3619 1701 3688 οὐχὶ
1739 3617 1836 3670 καὶ

263 3713 417 3784 πάσῃ
446 3714 514 3784 τῇ
545 3711 718 3765 κτίσει
747 3710 1022 3782 ἀγιασμοῦ
1053 3711 1149 3765 καὶ
1186 3709 1508 3781 καθάρσεως
1546 3710 1838 3780 γενήσεται

262 3806 550 3877 πρόξενος.
714 3790 733 3809 ί

341 3897 407 3950 Τί
445 3896 503 3949 δὲ
551 3895 691 3967 πρὸς
736 3893 912 3948 ταῦτα
956 3895 984 3947 ό
1035 3890 1468 3965 εύαγγελιστῇςς
1516 3890 1615 3956 οδ.
1651 3892 1836 3965 φησιν,

265 3987 590 4059 ὶπιλήσμων
616 3986 726 4041 τῶν
750 3987 841 4039 ὐπ’
862 3985 995 4056 ἐμοῦ
1025 3985 1306 4058 ῥηθέντων
1325 3986 1583 4057 ἀνωτέρω
1605 3984 1804 4054 γέγονα
1821 4001 1836 4016 ο

263 4078 367 4134 ἀλλ
406 4077 531 4132 οὔτε
566 4077 905 4132 ἀνακόλουθα
946 4080 1059 4141 τοῖς
1103 4076 1478 4149 προλαϐοῦσι,
1512 4076 1580 4131 τὰ
1611 4077 1704 4130 ἐπὶ
1745 4075 1839 4129 τοῦ

265 4170 540 4242 παρόντος
570 4168 805 4242 ῥηθέντα
845 4186 954 4241 μοι.
1003 4170 1066 4223 Ei
1114 4170 1212 4240 μὲν
1241 4170 1349 4241 γὰρ
1391 4169 1605 4240 ἔμεινεν
1637 4166 1844 4223 παντά-

267 4282 438 4319 πασιν
463 4265 492 4317 ό
518 4263 663 4329 θεῖος
694 4263 868 4333 Λόγος
900 4266 961 4318 ἑν
991 4264 1104 4328 τοῖς
1128 4262 1295 4327 θείοις
1330 4263 1610 4333 ὑψώμασι,
1643 4261 1737 4315 καὶ
1766 4261 1843 4333 μὴ

266 4358 595 4426 κατεδέξατο
623 4356 885 4420 ἑκουσίως
919 4354 1019 4426 τὴν
1050 4355 1190 4427 πρὸς
1218 4355 1318 4425 τὴν
1345 4354 1622 4425 ἡμετέραν
1649 4353 1839 4405 ταπεί-

267 4468 437 4507 νωσιν
468 4450 899 4519 συγκατάϐασιν,
928 4448 1108 4512 καλῶς
1154 4444 1390 4512 ἐξένιζεν
1436 4447 1579 4517 ὑμᾶς
1624 4445 1742 4513 νῦν,
1771 4444 1842 4498 τά
1869 4435 1918 4490 Ῑ)

268 4543 406 4615 παρ’
429 4542 565 4613 ἐμοῦ
605 4542 909 4611 λεγόμεναο
945 4541 994 4593 εί
1038 4541 1094 4594 δὲ
1127 4538 1368 4610 ἄσαρκος
1402 4536 1479 4592 ὢν
1511 4539 1540 4591 ό
1576 4538 1710 4601 Θεὸς
1749 4537 1844 4591 καὶ

269 4635 585 4707 ἀσώματος,
617 4634 777 4703 σῶμα
809 4634 907 4704 μὲν
938 4631 1292 4704 ἐψυχωμένον
1328 4632 1474 4704 ψυχῇ
1512 4630 1705 4702 λογικῇ
1751 4630 1845 4685 καὶ

270 4730 434 4800 νοερᾷ
466 4727 525 4794 ἐξ
555 4725 936 4797 ἀπειρογάμου
971 4725 1142 4796 κόρης
1172 4723 1408 4793 δι’ήμᾶς
1428 4721 1841 4793 περιϐάλλεταιο

268 4822 413 4876 οίκεῖ
437 4820 493 4874 δὲ
527 4820 744 4891 μήτραν
775 4819 1206 4888 ἀπεριγράπτως
1243 4814 1602 4887 παρθενικὴν,
1636 4815 1664 4868 ὁ
1703 4812 1845 4883 πλη-

272 4910 384 4983 ρῶν
431 4910 500 4964 τά
550 4908 876 4979 σύμπανταο
903 4908 1159 4976 γεννᾶται
1193 4905 1249 4958 δὲ
1280 4907 1337 4959 έν
1366 4905 1544 4977 χρόνῳ
1587 4903 1674 4957 διὰ
1724 4902 1851 4968 τοὺς

271 5002 380 5057 ὑπὸ
404 5000 616 5073 χρόνον,
636 5003 664 5054 ό
690 5000 899 5070 χρόνων
918 4999 1011 5052 καὶ
1032 4997 1245 5053 αίώνων
1275 4996 1645 5068 πρεσϐύτερος
1661 5011 1676 5027 ·
1712 4996 1851 5065 μᾶλ-

242 5085 366 5140 Δλον
416 5090 496 5153 δὲ,
539 5090 770 5159 ποιητής
861 5086 1134 5155 ἀγκάλαις
1177 5085 1235 5140 δὲ
1293 5086 1517 5155 Μητρὸς
1570 5084 1848 5154 Παρθένου

274 5178 776 5248 περιλαμϐάνεται,
816 5178 844 5231 ό
879 5177 1068 5249 θρόνον
1115 5177 1253 5249 ἔχων
1284 5176 1353 5231 τά
1381 5176 1695 5247 Χερουϐίμ·
1727 5177 1851 5247 τρέ-

276 5282 440 5336 φεται
470 5266 526 5320 δὲ
552 5268 809 5337 γάλακτι,
844 5269 874 5321 ὁ
909 5268 1056 5339 πάσῃ
1090 5270 1156 5339 τῇ
1188 5269 1365 5321 κτίσει
1393 5268 1492 5338 τὴν
1519 5267 1665 5337 ζωὴν
1695 5284 1850 5339 χαρι-

276 5357 539 5429 ζόμενοςο
571 5357 764 5428 φεύγει
794 5358 853 5412 δὲ
887 5356 979 5412 καὶ
1011 5359 1259 5431 Ἡρώδην
1289 5362 1370 5424 είς
1402 5361 1696 5428 Αἴγυπτον,
1729 5362 1757 5414 ό
1785 5359 1855 5413 τά

274 5451 603 5520 πρωτότοκα
631 5450 906 5518 Αἰγύπτου
937 5450 1202 5514 πατάξας,
1237 5451 1332 5505 καὶ
1354 5450 1553 5523 Φαραὼ
1578 5468 1853 5506 καταπον-

271 5539 433 5604 τίσας
469 5541 562 5595 τὸν
604 5540 867 5612 τύραννον
891 5556 908 5572 ο
948 5541 1321 5598 ὑποτάσσεται
1366 5542 1423 5597 δὲ
1459 5544 1572 5608 τοῖς
1603 5541 1853 5612 γονεῦσιν

361 5725 417 5802 ι’1
452 5744 593 5800 Tim.
620 5761 659 5812 ι,
690 5745 775 5800 Π.
854 5747 873 5777 ⁵
901 5747 1032 5804 Luc.
1064 5764 1123 5809 ιι,
1153 5748 1244 5802 22.

1844 1762 1891 1821 Β

1911 505 2222 560 seculorum
2241 506 2285 573 ⁸,
2322 506 2589 569 Salvatori
2607 507 2848 564 Christo.
2884 510 3194 582 Aitquippe
3211 514 3459 585 evangeli
3476 544 3493 555 η

1912 606 1997 654 sta
2025 599 2220 665 Lucas,
2265 609 2392 670 post
2418 600 2745 672 legislatoris
2772 616 2839 657 ex
2876 602 3012 674 legis
3041 605 3255 659 ratione
3296 616 3485 662 octava

1911 688 2001 743 die
2056 690 2530 746 circumcisionem
2569 710 2583 746 :
2618 692 2909 763 Postquam
2944 696 3152 764 impleti
3205 706 3327 751 sunt
3374 700 3489 754 dies

1911 784 2241 852 purgationis
2258 799 2438 837 eorum
2456 786 2739 863 secundum
2756 787 2921 857 legem
2945 787 3141 857 Moysis
3159 790 3200 843 '.
3217 790 3489 860 Purgatio-

1913 874 2001 927 nis
2050 867 2257 942 utique,
2290 883 2403 928 tum
2456 876 2658 941 Mariae,
2703 886 2817 932 tum
2859 878 3103 943 infantis,
3136 881 3362 949 ejusque
3391 879 3488 951 qui

1914 974 2071 1034 pater
2114 966 2528 1020 existimabatur
2571 982 2718 1029 esse,
2774 982 2972 1037 nempe
3018 968 3263 1038 Iosephi.
3305 969 3487 1025 Caete-

1915 1073 2036 1110 rum
2084 1066 2318 1128 stupens
2349 1059 2416 1113 ad
2438 1059 2607 1113 verba
2640 1060 2777 1125 haec,
2816 1060 2871 1113 in
2904 1061 3054 1115 hunc
3081 1061 3307 1116 modum
3331 1076 3487 1116 eom-

1915 1152 2230 1220 pellaverim
2279 1154 2653 1209 admirabilem
2704 1154 2927 1211 Lucam.
2956 1155 3094 1220 Quid
3131 1157 3230 1223 ais,
3264 1172 3298 1210 ο
3330 1158 3488 1211 beate

1917 1242 2060 1296 Luca
2092 1242 2116 1295 ’ἒ
2150 1243 2366 1298 Videris
2408 1244 2610 1299 oblitus
2641 1260 2856 1309 eorum,
2898 1261 3021 1316 quae
3062 1247 3316 1316 superius
3349 1248 3487 1301 seri-

1914 1350 2122 1405 pseras.
2158 1335 2292 1389 Nam
2334 1337 2621 1390 dissonant
2650 1338 2747 1391 abs
2781 1348 2833 1392 te
2869 1340 3034 1393 modo
3096 1339 3262 1393 dicta.
3294 1339 3488 1393 Nonne

1914 1426 1969 1480 in
2016 1426 2322 1498 Evangelﬁs
2364 1429 2608 1483 divinum
2650 1429 2958 1484 Gabrielem
2990 1430 3227 1495 inducis,
3277 1431 3330 1483 in
3370 1432 3488 1484 haec
3540 1445 3555 1458 ⁸

1912 1518 2099 1578 verba,
2150 1517 2244 1571 Dei
2290 1518 2620 1572 Genitrieem
2655 1533 2719 1572 ac
2767 1521 3164 1573 sanctissimam
3210 1521 3488 1590 Virginem

1912 1607 2213 1661 aﬂanlem?
2242 1606 2471 1677 Spiritus
2499 1618 2711 1662 sanctus
2739 1611 3063 1677 superveniet
3082 1612 3136 1663 in
3157 1619 3225 1674 te,
3259 1621 3307 1663 et
3326 1612 3491 1664 virtus

1916 1696 2174 1751 Altissimi
2217 1697 2545 1751 obumbrabit
2584 1697 2721 1751 tibi?
2755 1698 2870 1761 Qua
2918 1712 3048 1767 ergo
3087 1698 3317 1761 ratione,
3368 1713 3491 1765 quae

1918 1803 1987 1842 ex
2046 1782 2255 1858 Spiritu
2299 1798 2512 1853 sancto,
2557 1803 2619 1843 ac
2650 1788 2916 1843 Altissimi
2958 1788 3161 1843 virtute
3208 1789 3487 1857 concepit,

1919 1894 2030 1933 non
2078 1895 2209 1933 vero
2243 1880 2546 1935 secundum
2574 1881 2747 1951 legem
2793 1881 3048 1935 humanae
3091 1878 3487 1949 coneeptionis,

1920 1971 2241 2042 purgatione
2272 1972 2433 2041 eget?
2462 1972 2746 2038 Quomodo
2774 1980 2979 2035 autem,
3013 1985 3134 2039 qua;
3168 1985 3235 2023 eo
3266 1969 3491 2038 impleta
3554 1980 3561 1989 '

1921 2063 2042 2129 fuit,
2084 2064 2177 2132 qui
2225 2072 2475 2118 naturam
2520 2079 2738 2119 omnem
2774 2072 2887 2117 tum
2936 2064 3110 2117 oculis
3159 2062 3487 2131 subjectum,

1921 2165 2036 2211 tum
2081 2172 2190 2211 non
2227 2157 2613 2225 aspectabilem
2672 2157 2997 2219 sanctiﬁcat,
3026 2155 3270 2224 Spiritus
3315 2152 3494 2208 sancti

1922 2261 2116 2315 expers
2176 2246 2448 2300 exsistit?
2490 2246 2593 2311 Qui
2618 2246 2863 2307 demum,
2921 2258 3085 2314 quam
3149 2242 3496 2297 obumbravit

1922 2338 2098 2392 virtus
2142 2338 2430 2401 A’ltissimi,
2473 2353 2584 2391 non
2619 2338 2767 2391 omni
2798 2324 3063 2390 munditia
3093 2350 3156 2390 ac
3204 2334 3495 2389 sanctitate

1923 2430 2083 2498 plena
2116 2429 2231 2483 sit?
2261 2427 2459 2483 Verum
2486 2444 2605 2498 quae
2641 2435 2945 2497 sequuntur
2976 2427 3139 2481 verba
3162 2424 3490 2495 archangeli,

1924 2521 2085 2575 dictis
2131 2508 2454 2574 terribiliora
2489 2528 2647 2584 sunt;
2677 2520 2754 2574 ait
2785 2520 2966 2573 enim:
2998 2518 3066 2571 Et
3090 2518 3205 2570 ideo
3229 2518 3368 2586 quod
3393 2533 3495 2570 ua-

1925 2618 2097 2663 scetur
2119 2626 2182 2662 ea:
2203 2618 2251 2662 te
2269 2617 2529 2673 sanctum,
2554 2608 2721 2663 Filius
2751 2609 2850 2661 Dei
2880 2608 3170 2661 vocabitur.
3203 2606 3336 2671 Quis
3366 2621 3496 2678 ergo

1927 2701 2019 2755 ubi
2043 2702 2160 2756 hzec
2183 2716 2359 2770 nuper
2384 2717 2447 2755 ex
2473 2708 2525 2755 te
2546 2700 2810 2763 audisset,
2842 2714 2990 2754 nunc
3019 2700 3215 2753 iterum
3253 2700 3495 2753 claman-

1926 2802 2037 2846 tem
2069 2792 2316 2855 audiens,
2347 2792 2635 2861 Postquam
2663 2792 2868 2860 impleti
2885 2800 3007 2844 sunt
3034 2791 3147 2845 dies
3170 2792 3497 2860 purgationis

1929 2897 2107 2934 eorum
2132 2880 2300 2953 [vulg.
2327 2881 2485 2954 ejus},
2514 2896 2624 2935 non
2649 2880 2845 2935 merito
2880 2890 3126 2950 stupens,
3159 2890 3212 2936 te
3240 2881 3499 2935 accuset?

1931 2970 2212 3038 Siquidem
2240 2970 2386 3025 enim
2411 2970 2649 3041 Spiritus
2670 2979 2893 3025 sanctus
2920 2970 3197 3042 Virginem
3230 2971 3493 3041 implevit,

1931 3076 1995 3116 ac
2015 3062 2277 3127 Altissimi
2318 3065 2490 3117 virtus
2532 3077 2696 3132 super
2736 3077 2855 3116 eam
2899 3063 3265 3130 obumbravit,
3321 3064 3499 3132 quod-

1930 3169 2038 3223 que
2080 3162 2272 3207 natum
2320 3161 2403 3208 est
2454 3153 2509 3207 in
2549 3168 2633 3217 ea,
2669 3152 2764 3208 Dei
2814 3153 3032 3222 quidem
3073 3152 3242 3209 Filius
3288 3154 3502 3209 exsistit

1931 3252 2059 3298 ante
2098 3245 2340 3310 saecula;
2380 3259 2528 3298 nunc
2578 3259 2710 3299 vero
2750 3244 2912 3299 etiam
2945 3243 3237 3308 vocabitur,
3290 3247 3503 3301 ratione

1932 3336 2325 3391 incarnationis
2359 3351 2373 3401 ;
2425 3336 2717 3406 quomodo,
2775 3353 2896 3405 quae
2935 3337 3133 3393 divina:
3167 3352 3231 3392 ac
3265 3338 3504 3393 consub-

1933 3427 2209 3483 stantialis
2246 3425 2527 3482 Trinitalis
2572 3426 2677 3481 fuit
2728 3427 2922 3482 effecta
2953 3427 3249 3498 particeps,
3300 3429 3505 3483 nedum

1933 3533 2044 3573 non
2079 3517 2295 3574 deﬁciet
2339 3520 2704 3575 sanctitudine
2726 3534 2788 3573 ac
2831 3519 3088 3588 puritate,
3121 3519 3253 3587 quin
3276 3527 3330 3573 et
3350 3532 3507 3572 crea-

1937 3614 2118 3665 tOIum
2154 3609 2518 3676 universitati,
2561 3609 2949 3666 sanctitudinis
2977 3624 3041 3664 ac
3074 3607 3332 3679 puritatis
3372 3621 3505 3663 con-
3535 3683 3539 3687 γ

1936 3698 2171 3753 ciliatrix
2196 3698 2462 3753 exsistet?

2010 3900 2150 3967 Quid
2192 3916 2322 3956 vero
2366 3902 2435 3955 ad
2481 3899 2598 3956 haec
2637 3900 3016 3972 evangelista?
3060 3900 3508 3976 Haudquaquam,

1943 3992 2142 4062 inquit,
2186 3992 2388 4047 oblitus
2432 4008 2551 4047 sum
2597 4008 2784 4048 eorum
2825 4010 2947 4061 quae
2991 3994 3103 4050 dixi
3133 3996 3422 4066 superius:
3457 4006 3514 4054 at

1941 4097 2123 4153 neque.
2147 4083 2258 4153 jam
2289 4092 2416 4138 ante
2457 4084 2639 4149 dictis,
2669 4100 2791 4158 quae
2828 4086 2990 4140 modo
3021 4086 3152 4153 dixi,
3178 4088 3361 4143 minus
3382 4104 3515 4145 con-

1943 4189 2077 4230 sona
2130 4183 2278 4230 sunt.
2334 4174 2613 4245 Siquidem
2680 4164 2824 4231 enim
2874 4176 3120 4233 divinum
3162 4179 3398 4237 Verbum
3454 4183 3514 4239 in

1945 4266 2146 4324 divinis
2165 4267 2387 4322 omnino
2408 4267 2697 4322 mansisset
2719 4270 3165 4336 sublimitatibus,
3196 4288 3301 4327 nec
3320 4286 3514 4343 sponte

1946 4373 2043 4413 sua
2065 4356 2131 4412 ad
2168 4364 2409 4413 nostram
2444 4371 2503 4411 se
2524 4355 2886 4411 humilitatem
2928 4357 3191 4414 inclinare
3231 4358 3509 4431 voluisset,

1945 4450 2140 4505 merito
2162 4464 2306 4504 nunc
2324 4464 2421 4504 vos
2463 4449 2898 4518 perturbassent,
2921 4466 3041 4519 quae
3066 4466 3095 4503 a
3120 4467 3207 4506 me
3224 4451 3509 4509 dicuntur:

1944 4540 2028 4595 sin
2077 4548 2281 4601 autem,
2329 4554 2454 4593 cum
2494 4537 2638 4593 Deus
2689 4549 2859 4605 esset,
2900 4554 2965 4594 ac
3006 4555 3200 4610 expers
3247 4543 3509 4611 corporis,

1911 4630 1915 4634 ’
1944 4645 2145 4700 corpus
2166 4631 2388 4701 quidem
2421 4631 2604 4685 anima
2641 4631 2868 4686 rationis
2894 4646 2958 4687 ac
2989 4632 3296 4689 intellectus
3344 4634 3514 4691 facul-

1944 4730 2057 4777 tate
2097 4722 2321 4792 praadita
2357 4723 2656 4777 animatum
2684 4762 2699 4789 ,
2744 4736 2812 4776 ex
2849 4723 3076 4793 innupta
3121 4725 3296 4794 puella
3339 4728 3513 4784 nostri

1946 4829 2111 4870 causa
2150 4813 2349 4880 induit,
2380 4829 2443 4869 ac
2469 4813 2812 4885 virginalem,
2843 4815 2937 4885 qui
2963 4817 3146 4871 omnia
3187 4819 3395 4888 implet,
3430 4819 3515 4875 in-
3546 4802 3551 4807 δ

1951 4903 2365 4973 circumscripta
2417 4905 2631 4960 ratione
2657 4903 2927 4961 inhabitat
2965 4914 3221 4962 uterum:
3262 4915 3423 4978 atque
3448 4907 3515 4973 is,

1950 4995 2043 5065 qui
2074 5004 2159 5051 est
2190 4996 2402 5051 Steculis
2447 4997 2758 5067 antiquior;
2788 4999 3035 5068 quinimo
3067 4998 3317 5053 conditor
3336 5012 3518 5072 saecu-

1951 5087 2151 5152 lorum,
2182 5085 2239 5141 in
2270 5096 2516 5157 tempore
2553 5090 2813 5156 nascitur,
2831 5097 3056 5160 propter
3085 5104 3179 5143 eos
3211 5089 3303 5158 qui
3334 5098 3519 5144 essent

1953 5179 2056 5235 sub
2081 5187 2326 5249 tempore
2353 5195 2367 5233 :
2412 5178 2598 5235 Matris
2627 5179 2867 5252 Virginis
2897 5182 3042 5235 ulnis
3073 5181 3406 5251 astringitur,
3429 5181 3521 5252 qui

1956 5270 2110 5323 sedet
2150 5252 2317 5339 super
2343 5267 2638 5325 Cherubim
2669 5287 2683 5324 :
2712 5270 2852 5325 laete
2885 5270 3148 5336 nutritur,
3192 5270 3284 5340 qui
3326 5272 3524 5327 creatis

1954 5360 2229 5417 universis
2253 5361 2414 5417 vitam
2438 5361 2663 5433 largitur
2688 5379 2702 5415 :
2733 5362 2787 5415 in
2809 5359 3099 5431 Egyptum
3118 5376 3335 5430 quoque
3360 5360 3527 5437 Hero-

1956 5453 2079 5508 dem
2124 5451 2281 5524 fugit,
2339 5452 2432 5523 qui
2470 5451 2740 5523 percussit
2786 5451 3141 5521 primogenita
3178 5448 3413 5520 Egypti,
3461 5465 3529 5508 ac

1957 5557 2248 5618 tyrannum
2281 5547 2621 5603 Pharaonem
2653 5543 2949 5601 submersit
2974 5563 2986 5598 :
3015 5542 3304 5614 subjicitur
3326 5554 3529 5614 paren-
