4024 6232
461 5367 473 5422 l

529 298 664 364 1571

1509 291 1824 356 ιιςοτξηι
1862 289 2378 355 NEAPOLITANI
2414 292 2758 357 EPISCOPI

3650 294 3673 358 l
3685 294 3798 362 572

533 417 677 472 tibus
741 415 794 470 in
849 427 1056 468 rnorem
1105 410 1350 472 infantis,
1397 410 1490 480 qui
1543 411 1796 466 universa
1854 408 2098 479 subjecta

2206 407 2278 474 ὥς
2302 410 2519 480 νήπιον,
2546 411 2578 463 6
2605 409 2746 480 ἔχων
2785 409 3203 479 ὑποτεταγμόνα
3233 406 3300 462 τὰ
3332 407 3626 475 σύμπαντα
3649 429 3662 441 ·
3693 417 3763 482 βα
3781 443 3795 451 -

530 505 731 562 habet:
764 521 794 558 a
823 503 1034 559 Joanne
1079 503 1409 574 baptizatur,
1468 503 1562 571 qni
1594 502 1763 555 donat
1813 500 2101 555 remissio-

485 633 488 636 ~
530 612 656 654 nem
704 605 1096 667 peccatorum:
1143 604 1389 650 tentatur
1427 594 1532 648 mei
1569 607 1758 659 causa,
1793 593 1885 662 qni
1923 591 2102 661 major

528 698 614 744 est
655 703 816 757 quam
857 696 918 742 ut
954 686 1155 741 tentari
1190 685 1407 755 possit,
1461 694 1522 738 ut
1553 699 1681 738 eum
1740 684 1943 747 sincat,
1991 697 2100 752 quo

531 788 803 836 tentatore
836 794 868 834 e
904 778 1153 849 paradiso
1182 779 1442 847 expulsus
1487 775 1601 830 fui:
1637 785 1799 844 atque
1840 785 1900 830 ut
1932 776 2101 830 verbo

528 871 726 935 dicam,
757 879 881 940 post
915 871 1100 924 omnia
1135 879 1346 939 patrata
1395 867 1679 929 miracula,
1709 867 1801 936 qui
1839 865 2100 920 immunis

529 970 614 1017 est
648 978 677 1016 ι
712 961 988 1031 passione,
1030 960 1316 1030 passiones
1337 958 1569 1027 suscipit
1599 975 1613 1010 :
1645 957 1739 1026 qui
1768 966 1852 1011 est
1876 957 2100 1010 immor-

532 1051 654 1105 talis
694 1050 831 1105 mori
867 1065 1033 1106 carne
1085 1049 1340 1111 sustinet,
1371 1063 1439 1101 ac
1464 1047 1705 1116 sepeliri,
1747 1056 1808 1100 ut
1833 1061 1920 1099 me
1949 1060 2099 1100 mor-

531 1152 708 1201 tuum,
739 1157 836 1196 sua
858 1139 1258 1196 resurrectione
1285 1137 1644 1192 immortalem
1673 1144 1931 1205 praestet:
1966 1135 2099 1204 quid

529 1233 748 1296 mirum,
800 1241 862 1286 ut
894 1232 1111 1285 illorum
1140 1229 1382 1283 omnium
1421 1227 1756 1291 accessione,
1802 1241 1976 1296 purus
2013 1227 2101 1280 ille

529 1338 595 1378 ac
617 1321 1103 1383 iri-contaminatus,
1129 1335 1233 1374 una
1254 1335 1377 1374 cum
1404 1317 1825 1372 incontaminata
1855 1332 1918 1371 ac
1935 1318 2099 1371 innu-

531 1421 623 1482 pta
650 1411 868 1483 Virgine
897 1425 962 1465 ac
989 1419 1184 1474 matre,
1225 1410 1342 1480 lege
1367 1408 1730 1479 perscriptam
1755 1407 1919 1463 obeat
1949 1408 2101 1478 puri-

533 1503 842 1557 ﬁcationem
876 1518 892 1565 ;
922 1517 1032 1572 quo
1061 1501 1236 1556 factus
1262 1501 1363 1558 sub
1395 1501 1535 1570 lege,
1572 1509 1633 1555 ut
1665 1501 1742 1555 ait
1777 1499 2096 1571 Apostolus,

532 1604 628 1646 eos
658 1591 871 1654 liberet,
902 1591 994 1660 qui
1019 1590 1122 1644 sub
1144 1589 1262 1660 lege
1291 1596 1451 1644 erant
1475 1590 1495 1620 ⁸
1524 1589 1548 1642 ‘l

601 1680 802 1737 Verum
846 1682 1099 1737 nesciens
1142 1681 1569 1751 quodammodo,
1616 1679 1949 1744 charissimi,
1993 1681 2099 1735 im-

2203 499 2452 565 πτίξεται
2492 502 2550 556 δὲ
2586 501 2694 556 ὑπὸ
2727 501 2996 554 Ἰωάννου.
3034 503 3064 554 6
3087 501 3432 574 δωρούμενος
3459 502 3571 555 τῶν
3605 505 3800 572 άμαρο

2201 594 2464 664 τημάτων
2493 593 2594 665 τὴν
2625 595 2852 662 ἄφεσιν·
2904 593 3230 664 πειράζεται
3275 593 3332 646 δὲ
3367 595 3396 646 6
3429 594 3793 666 άπείραστος,

2199 685 2269 739 δι’
2302 685 2424 754 ἐμὲ,
2470 685 2560 738 τνα
2606 685 2806 756 νικήσῃ
2859 685 2952 738 τὸν
3005 685 3108 756 ἐμὲ
3148 686 3516 754 πειράσαντα,
3554 686 3654 739 καὶ
3699 685 3800 738 τοῦ

2202 776 2534 847 παραδείσου
2557 775 2822 841 διώξαντα
2839 792 2854 806 ο
2879 775 3000 840 καὶ,
3019 775 3204 839 ἁπλῶς
3223 777 3420 839 εἰπεῖν,
3450 761 3589 846 μετὰ
3611 777 3803 830 πᾶσαν

2201 866 2674 937 θαυματουργίαν,
2711 861 2858 938 πάθη
2911 868 2940 920 6
2989 866 3210 939 ἀπαθὴς
3260 867 3661 939 καταδέχεταιο
3699 869 3800 921 καὶ

2201 958 2431 1012 θάνατον
2465 959 2560 1011 καὶ
2586 959 2766 1029 ταφὴν
2813 959 3076 1029 ὑπομένει
3116 961 3282 1030 σαρκὶ
3311 959 3340 1012 6
3366 961 3636 1024 ἀθάνατος
3657 1002 3673 1024 ,
3706 962 3798 1014 ἵνα

2200 1049 2302 1120 ἐμὲ
2341 1049 2433 1104 τὸν
2473 1048 2856 1103 θανατωθέντα
2895 1050 3284 1124 άπαθανατίσῃ
3315 1051 3404 1104 διὰ
3450 1051 3554 1122 τῆς
3597 1053 3796 1107 ἑαυτοῦ

2201 1138 2578 1202 ἀναστάσεως.
2621 1139 2686 1191 Τί
2724 1135 2818 1194 οὖν
2853 1139 3022 1205 ξένον,
3056 1140 3105 1193 εἰ
3136 1143 3256 1210 μετ’
3283 1141 3510 1196 ἐκείνων
3539 1144 3798 1197 ἁπάντων

2201 1226 2296 1280 καὶ
2321 1228 2412 1280 τὸν
2435 1226 2577 1280 κατά
2601 1226 2764 1298 νόμον
2784 1227 3130 1298 καθαρισμὸν
3151 1229 3180 1281 6
3205 1228 3448 1299 καθαρὸς
3473 1230 3569 1283 καὶ
3591 1232 3799 1300 άχρανο

2199 1335 2313 1384 τος,
2345 1317 2486 1388 μετὰ
2528 1317 2629 1388 τῆς
2657 1318 2929 1390 άχράντου
2961 1319 3059 1372 καὶ
3095 1321 3478 1390 ἁπειρογάμυυ
3511 1321 3796 1391 Παρθένου

2201 1408 2296 1462 καὶ
2331 1408 2555 1478 Μητρὸς
2587 1407 2976 1478 καταδέχεται·
3024 1408 3111 1462 ἰνα
3141 1410 3435 1480 γενόμενος
3463 1409 3569 1464 ὑπο
3601 1412 3794 1482 νόμον,

2199 1497 2277 1564 ὡς
2301 1498 2330 1550 6
2363 1497 2686 1562 Ἀπόστολος
2709 1497 2904 1570 ἔφησε,
2927 1500 3056 1564 τοὺς
3087 1499 3192 1553 ὑπὸ
3220 1501 3386 1570 νόμον
3415 1501 3792 1576 ἐλευθερώσεις

2273 1679 2416 1734 Ἀλλ’
2441 1678 2654 1747 ἔλαθον,
2680 1681 2980 1751 ἀγαπητοὶ,
3004 1681 3081 1752 τῷ
3103 1681 3318 1748 ἀπλέτῳ
3334 1682 3674 1754 πελάγειτῆς
3696 1682 3794 1736 τοῦ

531 1787 722 1827 menso
763 1787 848 1828 me
884 1772 1275 1828 incarnationis
1321 1770 1620 1830 Salvatoris
1667 1772 1803 1828 mari
1851 1771 2100 1842 permisi,

2206 1770 2458 1841 Σωτῆρος
2476 1742 2791 1841 οἰκονομίας
2823 1742 3016 1826 ἑαυτόν
3049 1742 3377 1844 ἓπιδοὺςίτῇ
3407 1742 3552 1844 φορᾷ
3575 1742 3671 1826 τοῦ
3694 1773 3788 1826 λό-

530 1864 784 1920 trahente
831 1864 1102 1920 sermonis
1145 1864 1370 1934 impetu.
1423 1863 1636 1933 Quippe
1683 1861 1897 1918 facilius
1947 1861 2095 1932 quis,

530 1957 698 2012 maris
713 1956 1054 2012 latitudinem
1077 1956 1212 2011 volae
1230 1971 1423 2010 manus
1438 1957 1667 2012 modulo
1685 1954 2100 2025 complectatur,

529 2061 693 2116 quam
726 2053 788 2099 ut
832 2045 1031 2099 multos
1063 2044 1260 2099 divinae
1279 2044 1347 2098 ad
1374 2060 1484 2099 ams
1511 2043 1878 2098 inclinationis
1915 2041 2104 2098 modos

530 2149 597 2189 ex
625 2135 1020 2200 incarnatione,
1033 2132 1313 2203 ,prolatitio
1330 2149 1582 2188 sermone
1597 2133 1792 2190 edicat.
1815 2133 2104 2188 Enimvero

528 2223 600 2279 ad
643 2225 971 2296 evangelica:
1011 2223 1360 2278 celsitudinis
1393 2223 1666 2278 sublatum
1697 2223 1874 2294 ignem
1916 2237 2104 2278 recur-

526 2327 738 2380 ramus,
769 2314 940 2384 inque
975 2328 1129 2379 eum,
1163 2313 1402 2384 Spiritus
1449 2312 1622 2369 sancti
1679 2313 2100 2385 gubernatione,

523 2418 846 2460 sermonum
871 2404 1178 2460 onerariam
1222 2404 1542 2477 dirigamus.

603 2495 894 2564 Postquam
914 2502 1116 2558 autem,
1162 2492 1361 2563 inquit,
1394 2492 1597 2562 impleti
1624 2503 1744 2549 sunt
1765 2494 1876 2549 dies
1908 2508 2106 2565 purga-

526 2586 688 2640 tionis
704 2600 885 2639 eorum
912 2583 1198 2639 secundum
1220 2583 1384 2654 legem
1411 2583 1607 2654 Moysi,
1627 2585 1861 2640 tulerunt
1883 2600 2102 2654 puerum

525 2676 586 2730 in
613 2673 933 2734 Jerusalem,
973 2681 1030 2727 at
1054 2673 1294 2727 sisterent
1319 2689 1440 2727 eum
1465 2673 1715 2729 Domino.
1747 2675 1896 2732 Bene
1934 2690 2104 2746 espo-

529 2766 643 2821 suit
670 2763 1019 2834 evangelista.
1053 2762 1246 2818 Omnia
1276 2765 1421 2818 enim
1450 2763 1610 2819 nobis
1636 2764 1754 2836 lege
1787 2766 2103 2836 praescripta

527 2855 784 2926 prudenti
814 2853 1050 2924 quodam
1081 2852 1334 2916 consilio,
1353 2853 1530 2910 nostri
1560 2869 1723 2910 causa
1743 2853 1998 2925 suscipit.
2020 2853 2100 2909 En

529 2948 701 3012 enim,
727 2945 820 3016 qui
841 2945 993 3002 caelos
1018 2953 1067 2998 et
1099 2953 1295 2998 terram
1316 2943 1499 3015 implet
1516 2944 1561 3010 ⁷,
1590 2945 1957 3004 ministerium
1980 2959 2106 3001 sus-

2203 1879 2301 1932 γου
2327 1863 2640 1934 ἑλκόμενος.
2673 1862 3082 1936 Εὐχερέστερον
3104 1866 3213 1936 γάρ
3236 1866 3374 1928 ἐστι,
3408 1866 3470 1919 τὺ
3497 1864 3661 1928 κῦτος
3685 1866 3793 1935 τῆς

2203 1951 2481 2024 θαλάσσης
2513 1953 2740 2026 παλάμῃ
2772 1954 2956 2026 χειρὸς
3000 1955 3349 2027 ἀνθρωπίνης
3389 1955 3724 2027 περιλαὸεἰν,
3753 1958 3787 2029 ἢ

2199 2046 2300 2112 τὰς
2331 2045 2706 2118 πολυτρόπους
2743 2045 2848 2117 τῆς
2892 2046 3044 2109 θείας
3087 2047 3404 2117 οἰκονομίας
3436 2047 3793 2116 συγκαταϐά-

2202 2153 2338 2202 σεις,
2367 2137 2513 2209 λόγῳ
2539 2137 2863 2208 προφορικῷ
2891 2137 3151 2204 ἐξειπεῖν.
3171 2138 3312 2193 Ἀλλ’
3334 2141 3429 2193 ἐπὶ
3459 2140 3552 2192 τὸν
3580 2141 3793 2212 πυρσὸν

2200 2227 2296 2280 τοῦ
2335 2227 2694 2297 εὐαγγελικοῦ
2744 2226 2914 2299 ὕψους
2959 2230 3476 2302 ἑπαναδράμωμεν,
3510 2232 3606 2284 καὶ
3655 2232 3797 2302 πρὸς

2202 2315 2367 2370 αὑτὸν
2415 2317 2516 2385 τὴν
2559 2315 2764 2370 ὁλκάδα
2804 2315 2916 2370 τῶν
2962 2315 3159 2386 λόγων,
3189 2320 3258 2389 τῇ
3288 2315 3652 2388 πηδαλιουχίᾳ
3697 2316 3794 2370 τοῦ

2203 2405 2540 2478 Πνεύματος,
2568 2406 2986 2477 ἀπευθύνωμεν.

2276 2491 2435 2558 Ὅτε,
2467 2492 2651 2562 φησὶν,
2681 2491 3088 2560 ἐπλήσθησαν
3111 2493 3172 2547 αι
3205 2494 3422 2563 ἡμέραι
3463 2494 3572 2548 τοῦ
3606 2497 3798 2547 καθα-

2167 2628 2177 2635 .
2196 2581 2426 2652 ρισμοῦ
2455 2581 2666 2636 αὐτῶν
2693 2583 2845 2638 κατὰ
2874 2584 2981 2636 τὸν
3008 2585 3200 2652 νόμον
3220 2584 3540 2648 Μωῦσέως.
3571 2583 3799 2652 ἀνήγα-

2202 2691 2313 2745 γον
2358 2674 2424 2729 τὸ
2477 2673 2721 2729 παιδίον
2770 2675 2862 2740 εἰς
2901 2673 3300 2744 Ἰεροσόλυμα
3325 2716 3340 2738 ,
3403 2674 3798 2743 παραστῆσαι

2201 2763 2284 2832 τῷ
2325 2767 2542 2834 Κυρίῳ.
2586 2764 2783 2829 Καλῶς
2825 2766 2855 2819 6
2896 2765 3796 2837 εύαγγελιστὴςὲσαιξήνισεν.Ὠς

2204 2857 2267 2924 ἐξ
2289 2859 2607 2929 οἰκονομίας
2643 2858 2753 2928 γὰρ
2784 2858 2962 2912 πάντα
2986 2855 3059 2911 τὰ
3085 2858 3219 2930 ἡμῖν
3245 2857 3339 2911 ὑπ’
3365 2857 3535 2911 αὑτοῦ
3564 2855 3794 2928 νομοθε-

2205 2948 2444 3018 τηθέντα
2476 2949 2617 3020 ὑπὲρ
2643 2948 2804 3020 ἡμῶν
2846 2948 3230 3019 καταδέχεται.
3249 2948 3383 3002 ’ἰδοὺ
3409 2948 3521 3020 γὰρ
3545 2949 3610 3002 '0
3637 2953 3798 3016 πλη-

525 3038 683 3110 cipil,
737 3035 1052 3107 quoeloco
1081 3035 1138 3091 in
1182 3035 1360 3091 locum
1411 3035 1638 3092 feratur.
1686 3037 1914 3098 Cuinam
1970 3049 2100 3093 vero

2206 3038 2326 3109 ρῶν
2368 3039 2667 3108 οὐρανούς
2707 3056 2774 3093 τε
2810 3039 2913 3093 καί
2947 3037 3088 3109 γῆν,
3138 3039 3498 3111 ὕπηρετεϊται
3540 3038 3640 3110 τὴν
3685 3039 3799 3093 άπδ

525 3130 695 3187 etiam
723 3127 975 3190 Domino,
1029 3141 1261 3196 puerum
1303 3125 1534 3181 festinas
1561 3125 1778 3194 sistere,
1805 3142 1838 3182 o
1866 3127 2103 3182 sanctis-

531 3220 670 3275 sima
703 3216 1136 3288 Virgo‘lAudisti
1169 3217 1346 3287 palam
1374 3232 1439 3272 ex
1475 3217 1749 3285 Gabriele,
1781 3217 1876 3274 Dei
1904 3217 2102 3274 Filium

529 3325 675 3374 esse,
705 3310 796 3378 qui
822 3309 879 3363 in
911 3316 1004 3364 tuo
1029 3320 1186 3364 utero
1224 3309 1631 3380 conciperetur.
1662 3309 1944 3379 Siquidem
1971 3325 2104 3381 ergo

532 3400 631 3456 Dei
655 3400 829 3455 Filius
850 3391 961 3465 est,
1005 3400 1097 3472 qui
1135 3416 1246 3456 non
1278 3402 1412 3472 citra
1446 3417 1674 3457 omnem
1705 3401 2102 3458 dubitationem

527 3493 697 3548 etiam
729 3491 997 3549 Dominus
1043 3493 1170 3548 est?
1211 3491 1359 3560 Scio,
1391 3493 1570 3564 inquit
1595 3494 1754 3550 beata
1792 3495 1976 3566 Virgo,
2005 3493 2100 3550 Dei

530 3585 728 3642 Filium
753 3586 957 3658 pariter
983 3599 1105 3642 esse
1126 3594 1291 3656 atque
1317 3585 1632 3653 Dominum,
1659 3586 1753 3656 qui
1773 3586 1916 3644 idem
1941 3587 2104 3643 simul

529 3693 686 3735 meus
717 3676 874 3732 ﬁctor
904 3684 987 3732 est
1014 3691 1078 3733 ac
1117 3675 1284 3740 ﬁlius,
1313 3691 1477 3747 quem
1505 3685 1566 3732 nt
1609 3693 1862 3748 puerum,
1883 3678 1956 3736 ob
1984 3678 2104 3749 ejus

528 3768 877 3824 clementiam
909 3783 972 3823 ac
1017 3767 1601 3839 benignitatem,ulnis
1643 3769 1978 3840 amplector:
2006 3783 2106 3823 ve-

532 3878 652 3916 rum
685 3861 761 3917 illi
785 3862 986 3918 sistere
1031 3861 1254 3928 festino,
1294 3862 1363 3918 de
1391 3879 1500 3934 quo
1540 3878 1674 3918 avus
1703 3877 1860 3918 meus
1909 3860 2101 3926 David,

527 3953 697 4009 divini
726 3953 964 4024 Spiritus
978 3952 1181 4020 alllatu,
1210 3955 1430 4010 modulo
1457 3954 1680 4020 cecinit,
1698 3954 1927 4010 dicens:
1954 3952 2104 4009 Dixit

531 4044 786 4099 Dominus
824 4043 1051 4098 Domino
1093 4060 1233 4109 meo,
1256 4043 1390 4100 Sede
1433 4063 1466 4099 a
1496 4045 1696 4100 dextris
1727 4045 1856 4100 meis
1876 4085 1894 4113 ,
1941 4045 2104 4100 donec

529 4151 728 4208 ponam
759 4136 1002 4191 inimicos
1030 4144 1149 4192 tuos
1180 4136 1468 4191 scabellum
1485 4137 1680 4207 pedum
1705 4145 1919 4191 tuorum
1944 4135 1987 4192 ⁸.
2022 4136 2102 4193 En

529 4225 626 4280 tibi
655 4225 920 4282 Dominus
947 4223 1143 4282 Pater:
1168 4241 1239 4282 en
1270 4235 1325 4282 et
1355 4225 1616 4282 Dominus
1641 4227 1832 4292 Filius,
1857 4228 1925 4283 ad
1939 4241 2104 4298 quem

530 4317 707 4373 lactus
735 4326 819 4372 est
847 4332 1050 4373 sermo.
1086 4317 1328 4373 Tametsi
1363 4334 1495 4374 vero
1528 4319 1637 4374 duo
1668 4317 1884 4374 Domini
1907 4319 2103 4376 dicun-

2202 3131 2386 3184 τόπων
2417 3131 2501 3193 εἰς
2543 3129 2742 3196 τόπους
2796 3129 3120 3200 μετάὸασιν.
3151 3128 3297 3200 Ποίῳ
3346 3127 3404 3181 δὲ
3457 3128 3555 3183 καὶ
3601 3130 3801 3200 Κυρίῳ

2203 3221 2560 3292 παραστῆσαι
2583 3220 2647 3274 τὸ
2679 3220 2881 3292 βρέφος
2910 3220 3132 3292 ἐπείγῃ,
3159 3214 3206 3274 ὦ
3235 3222 3482 3289 παναγία
3510 3221 3794 3291 Παρθένες

2208 3314 2489 3376 Ἤκουσας
2547 3311 2735 3381 σαφῶς
2785 3311 2890 3366 ὑπὸ
2935 3311 3030 3367 τοῦ
3079 3311 3342 3383 Γαϐριὴλ,
3371 3311 3447 3376 ὼς
3476 3312 3606 3375 Υἰὸς
3653 3310 3794 3365 Θεοῦ

2203 3405 2354 3458 ἐστιν
2403 3404 2433 3458 6
2477 3405 2538 3457 ὲν
2587 3404 2656 3475 τῇ
2707 3403 2908 3475 γαστρί
2957 3419 3053 3457 σου
3100 3403 3560 3475 κυοφορούμενος.
3594 3403 3659 3456 Εἰ
3697 3399 3793 3462 οὖν

2206 3495 2331 3560 Υἰδς
2379 3493 2518 3549 Θεοῦ
2563 3495 2734 3559 ἐστιν,
2763 3494 2882 3558 πῶς
2927 3495 3030 3550 οὐκ
3073 3495 3222 3550 ἔστιν
3272 3495 3664 3566 ἀναμφιϐόλως
3695 3497 3794 3550 καὶ

2204 3588 2428 3658 Κύριος.
2455 3583 2611 3650 Οἶδα,
2643 3585 2810 3658 φησὶν
2852 3588 2886 3658 ἠ
2939 3587 3187 3658 μακαρία
3222 3587 3525 3657 Παρθένος,
3560 3589 3645 3643 ὅτι
3691 3589 3791 3642 καὶ

2203 3679 2336 3744 Υίδς
2363 3679 2501 3734 Θεοῦ
2526 3681 2674 3735 εστιν
2703 3679 2798 3734 καὶ
2825 3678 3053 3750 Κύριος,
3079 3679 3109 3732 6
3137 3679 3272 3750 ὲμδς
3301 3679 3549 3751 πλάστης
3575 3681 3636 3734 ὲν
3657 3682 3787 3734 ταύ-

2203 3771 2283 3842 τῷ
2312 3773 2406 3826 καὶ
2438 3773 2576 3839 υίὸς,
2599 3773 2661 3827 ὃν
2688 3773 2764 3837 ὡς
2796 3773 2998 3844 βρέφος
3024 3770 3114 3826 διὰ
3141 3770 3242 3841 τὴν
3277 3769 3446 3824 αὑτοῦ
3481 3771 3792 3844 φιλανθρωο

2205 3864 2338 3919 πίαν
2366 3864 2798 3934 ἑναγκαλίζομαι
2819 3881 2833 3896 ο
2864 3863 2980 3918 ἀλλ’
3003 3863 3199 3933 ἐκείνῳ
3219 3859 3414 3915 τοῦτον
3435 3862 3791 3933 παραστῆσαι

2206 3955 2516 4023 σπουδάζω,
2549 3957 2678 4026 περὶ
2707 3947 2769 4009 οὗ
2794 3958 2823 4010 ό
2848 3955 2984 4026 ἐμὸς
3017 3955 3324 4026 προπάτωρ
3356 3951 3556 4019 Δαϐὶδ,
3582 3953 3674 4007 διὰ
3698 3953 3791 4006 τοῦ

2204 4048 2527 4118 Πνεύματος
2560 4046 2874 4118 ὲμελῴδησε
2907 4046 3085 4114 λέγων
3115 4060 3130 4075 ο
3175 4040 3364 4100 Εἶπεν
3393 4047 3428 4100 d
3454 4044 3676 4114 Κύριος
3711 4045 3790 4110 τῷ

2203 4139 2402 4208 Κυρίῳ
2445 4156 2590 4208 μου,
2614 4138 2812 4194 Κάθου
2857 4137 2927 4192 ἐκ
2976 4134 3192 4201 δεξιῶν
3242 4153 3401 4206 μου,
3437 4135 3550 4202 ἕως
3595 4135 3675 4190 ἂν
3707 4136 3789 4190 θῶ

2203 4230 2348 4298 τοὺς
2389 4230 2644 4302 ἐχθρούς
2689 4243 2808 4284 σου
2855 4229 3198 4284 ὑποπόδιον
3238 4227 3360 4283 τῶν
3400 4227 3605 4281 ποδῶν
3649 4245 3786 4283 σου.

2216 4323 2348 4377 ’ἰδοὺ
2378 4321 2583 4393 Κύριος
2612 4323 2642 4375 6
2668 4321 2862 4392 Πατήρ
2887 4336 2902 4354 ⁸
2933 4320 3046 4375 ἰδοὺ
3071 4321 3166 4374 καὶ
3193 4319 3400 4390 Κύριος
3431 4320 3460 4372 6
3484 4319 3635 4382 Υἱὸς,
3653 4319 3792 4390 πρὸς

526 4420 637 4477 tur,
693 4425 800 4464 una
835 4419 1017 4465 tamen
1067 4424 1261 4464 eorum
1299 4410 1605 4466 dominatio
1642 4418 1748 4478 est,
1794 4411 1872 4465 uti
1903 4420 1962 4466 et
1992 4427 2098 4467 una

2206 4413 2263 4468 ὃν
2292 4415 2322 4469 6
2347 4413 2508 4483 λόγος
2539 4413 2780 4482 ἐγένετο.
2798 4411 2942 4464 Ἀλλ’
2967 4412 3017 4465 εἰ
3045 4411 3138 4465 καὶ
3168 4409 3262 4464 δύο
3286 4411 3486 4482 Κύριοι
3515 4410 3788 4478 λέγονται,

522 4517 743 4574 quoque
782 4502 980 4558 deitas.
1031 4500 1110 4555 Illi
1133 4516 1262 4574 ergo
1298 4502 1550 4565 Domino,
1583 4501 1868 4557 Dominum
1897 4503 2098 4561 festino

491 4594 744 4658 sistere,
797 4608 827 4647 a
863 4609 994 4664 quo,
1030 4593 1176 4663 quod
1225 4601 1436 4662 Spectat
1483 4594 1551 4647 ad
1585 4593 1876 4662 Deitatem,
1918 4611 2095 4666 neque

490 4737 494 4740 .
524 4683 657 4739 olim
696 4692 994 4754 antequam
1036 4685 1090 4739 in
1124 4699 1248 4739 meo
1283 4693 1441 4739 utero
1483 4684 1888 4755 conciperetur,
1918 4703 2094 4759 neque

525 4775 711 4841 modo,
747 4785 842 4831 aut
869 4793 1108 4847 unquam
1138 4777 1431 4847 aliquando
1468 4777 1828 4848 separabitur.

596 4952 793 5009 Subdit
825 4952 1021 5008 deinde
1054 4953 1386 5026 evangelista
1417 4973 1430 5010 :
1467 4955 1616 5012 Sicut
1653 4959 1905 5028 scriptum
1939 4970 2014 5015 est
2044 4962 2101 5015 in

521 5047 635 5117 lege
683 5044 946 5100 Domini:
988 5043 1128 5110 Quia
1181 5062 1334 5100 omne
1390 5048 1739 5104 masculinum
1787 5052 2100 5121 adaperiam

521 5138 730 5194 vulvam
756 5179 771 5204 ,
828 5147 1072 5193 sanetum
1115 5137 1340 5193 Domino
1383 5139 1656 5195 vocabitur
1678 5141 1720 5194 ⁸.
1758 5139 1904 5196 Bene
1943 5141 2100 5197 ﬁctor

523 5241 700 5290 meus,
727 5225 1089 5298 etlegislator
1132 5241 1197 5283 ac
1227 5227 1532 5298 Dominus,
1593 5230 1662 5285 de
1721 5229 1787 5286 iis
1841 5231 2099 5286 masculis

521 5319 640 5392 lege
671 5321 870 5388 sanxit,
914 5323 1006 5394 qui
1039 5323 1257 5381 vulvam
1289 5325 1573 5395 aperiunt.
1614 5326 1686 5380 At
1708 5367 1724 5392 ,
1760 5341 1868 5382 non
1908 5327 2100 5397 subia-

521 5421 607 5468 cet
638 5413 869 5485 legibus,
898 5415 1218 5487 legumlator
1243 5432 1258 5480 ;
1285 5418 1506 5488 quando
1527 5419 1690 5474 etiam
1715 5419 1834 5488 ejus
1859 5418 1978 5474 sine
2007 5435 2096 5474 se-

522 5501 668 5558 mine
710 5504 990 5571 nativitas,
1023 5521 1187 5577 supra
1220 5507 1444 5563 humani
1485 5519 1677 5580 partus
1703 5511 1970 5566 rationem
2001 5527 2096 5568 ex-

591 5679 615 5711 ⁶
641 5677 818 5734 Galat.
841 5693 916 5742 ιν,
947 5681 998 5734 5.

2205 4505 2308 4576 μία
2328 4504 2535 4560 τούτων
2558 4506 2592 4576 ἡ
2621 4502 2902 4576 κυριότης,
2925 4501 3116 4571 ὥσπερ
3141 4498 3241 4556 οὖν
3269 4501 3366 4555 καὶ
3392 4500 3490 4569 μία
3515 4502 3547 4571 ἡ
3575 4500 3788 4570 Θεότης.

2201 4597 2363 4668 Αὐτῷ
2414 4592 2508 4651 οῦν
2555 4595 2635 4667 τῷ
2686 4595 2879 4667 Κυρίῳ
2930 4594 3281 4666 παραστῆσαι
3315 4593 3406 4648 τὸν
3453 4593 3658 4665 Κύριόν
3691 4611 3791 4662 μου

2204 4688 2514 4754 σπουδάζοι,
2540 4680 2602 4740 οὗ
2663 4687 2805 4740 κατὰ
2845 4686 2945 4757 τὴν
2993 4685 3248 4756 θεότητα,
3279 4683 3406 4740 οὔτε
3447 4684 3557 4756 πρὸ
3605 4686 3705 4755 τῆς
3727 4686 3794 4740 ,ἑν

2201 4779 2404 4850 γαστρί
2451 4795 2554 4850 μου
2595 4776 2917 4848 κυοφορίας,
2945 4775 3073 4830 οὔτε
3105 4774 3222 4841 νῦν,
3259 4775 3374 4830 ἀλλ’
3400 4774 3526 4829 οὔτε
3569 4774 3794 4829 πώποτε

2203 4871 2630 4942 χωρισθήσεται.
3205 4850 3230 4873 ’

2274 4959 2408 5017 Εἶτα
2440 4961 2567 5032 ἑξῆς
2619 4959 2981 5032 προστίθησιν
3021 4959 3052 5012 6
3096 4959 3527 5030 εὐαγγελιστής·
3587 4958 3795 5027 Καθὼς

2203 5055 2527 5124 γέγραπται
2559 5053 2630 5106 ὲν
2657 5052 2822 5122 νόμῳ
2855 5053 3100 5122 ΚιῬίου,
3140 5051 3231 5105 ὅτι
3265 5051 3388 5106 πᾶν
3430 5052 3623 5118 ἅρσην
3661 5052 3791 5106 δια·

2203 5143 2415 5211 νοῒγον
2474 5143 2733 5213 μήτραν,
2785 5141 2959 5212 ἄτιον
3005 5141 3085 5208 τῷ
3134 5142 3332 5210 Κυρίῳ
3397 5139 3791 5208 κληθήσεται.

2205 5232 2405 5298 Καλῶς
2432 5235 2462 5288 6
2494 5234 2626 5304 ἐμὸς
2659 5234 2908 5305 πλάστης
2951 5233 3046 5287 καὶ
3089 5233 3388 5304 νομοθέτης
3429 5233 3523 5284 καὶ
3565 5231 3792 5296 Κύριος,

2204 5327 2335 5398 περὶ
2369 5325 2478 5379 τῶν
2516 5327 2898 5396 διανοιγόντων
2939 5326 3153 5396 μήτραν
3183 5323 3433 5397 ἀρρένων
3463 5321 3795 5394 ἐνομοθέτη-

2205 5437 2318 5472 σεν.
2361 5417 2504 5472 Ἀλλ’
2541 5420 2640 5490 οὐχ
2672 5418 2960 5472 ὑπόκειται
2991 5420 3106 5480 τοῖς
3150 5418 3339 5488 νόμοις
3386 5418 3414 5468 ὁ
3457 5415 3792 5486 νομοθέτηςο

2201 5510 2391 5578 ὶπειδὴ
2419 5513 2513 5564 καὶ
2545 5511 2690 5582 ὑπὲρ
2723 5511 2888 5582 νόμον
2935 5508 3286 5581 ἀνθρωπίνης
3330 5508 3584 5580 κυήσεως
3618 5507 3795 5580 ὑπάρ-

1073 5684 1092 5713 ⁷
1120 5681 1326 5736 Jerem.
1361 5698 1516 5747 nm,
1539 5683 1631 5738 24.
1707 5684 1729 5716 ⁸
1754 5682 1896 5738 Psal.
1938 5700 2048 5751 cu,
2079 5686 2133 5739 2.
2211 5688 2231 5718 ’
2266 5686 2398 5741 ibid.
2419 5686 2476 5741 2.
