3956 6220
302 364 443 432 1573

1489 355 1748 418 SERMO
1779 353 1864 415 IN
1903 351 2339 414 SYMEONEM.

3418 359 3556 431 1574

299 474 484 546 χει,·ή
511 469 703 526 τούτου
732 468 973 538 ἄσπορος
1003 464 1275 534 γέννησις.
1325 462 1400 516 Οὐ
1452 462 1563 534 γὰρ
1613 463 1874 536 διήνοιξεν

1979 462 2144 517 sistit.
2177 462 2389 518 Nedum
2417 462 2566 518 enim
2607 473 2771 520 natus
2806 479 2916 522 non
2950 468 3175 538 aperuit
3199 469 3416 526 vulvam
3454 490 3556 544 pro

298 564 580 636 γεννηθεὶς
625 563 788 633 μόνον
818 559 916 631 τὴν
949 560 1166 630 μήτραν
1193 556 1337 611 κατὰ
1359 556 1486 620 τοὺς
1513 556 1735 634 λοιποὺς
1765 556 1877 610 τῶν

246 724 248 726 ν
297 655 637 726 ἀνθρώπων
672 651 809 706 ἀλλὰ
856 653 952 704 καὶ
1000 648 1398 718 κεκλεισμένην
1444 647 1546 718 τῆς
1579 646 1879 717 παρθενίας

296 747 398 820 τὴν
423 745 598 818 πύλην
635 744 954 806 κατέλιπεν,
988 741 1132 794 κατά
1165 740 1260 794 τὸν
1285 741 1576 810 προφήτην
1619 738 1878 810 Ἰεζεκιὴλ

295 840 389 892 τὸν
417 837 642 892 εἰπόντα
658 853 673 868 ο
703 835 813 890 Kal
837 831 1009 889 εἶπέν
1023 850 1126 902 μοι
1145 834 1362 901 Κύριος
1377 849 1392 864 ·
1419 831 1516 886 Υἱὲ
1537 829 1876 898 ἀνθρώπου,

297 934 338 1000 ἡ
377 932 542 998 πύλη
589 929 744 996 αὕτη
791 924 1189 995 κεκλεισμένη
1229 924 1425 979 ἔσται.
1486 923 1699 989 Οὐδείς
1750 924 1878 977 eia-

297 1023 613 1088 ελεύσετιιι
649 1019 725 1074 δι’
755 1017 949 1086 αὐτῆς
977 1015 1078 1070 καὶ
1105 1015 1494 1080 ἐξελεύσεται
1516 1030 1530 1046 ο
1568 1013 1684 1069 καί·
1706 1013 1879 1070 ἔσται

286 1109 718 1180 κεκλασμένη.
772 1109 900 1172 Πῶς
931 1102 1035 1162 ,οὖν
1064 1107 1160 1160 ἐπὶ
1202 1105 1300 1160 τοῦ
1343 1104 1420 1176 μὴ
1469 1102 1876 1170 διαγοίξαντος,

299 1203 416 1257 ἀλλ’
467 1197 917 1272 έσφραγισμένην
966 1196 1068 1268 τὴν
1109 1189 1285 1266 πύλην
1337 1192 1756 1256 καταλιπόντος,
1807 1190 1878 1246 τὰ

300 1295 393 1348 ἰπὶ
421 1292 532 1346 τῶν
576 1291 959 1359 διανοιγόντων
998 1286 1434 1358 νομοθετηθέντα
1479 1284 1755 1356 προϐῆναι
1783 1285 1878 1337 δυ-

300 1386 570 1452 νήσεται;
613 1377 756 1433 Ἀλλ’
807 1375 931 1430 οὔτε
983 1377 1139 1445 ἅγιον
1191 1373 1288 1428 νῦν
1337 1373 1570 1445 πρώτως
1612 1373 1878 1443 κληθῆναι

297 1469 571 1540 δεήσεται,
593 1469 656 1521 τὸ
679 1467 775 1521 καὶ
801 1465 906 1537 πρὸ
935 1465 1035 1536 τῆς
1065 1463 1381 1534 συλλήψεως
1406 1462 1599 1533 ἅγιον,
1621 1463 1716 1516 καὶ
1747 1463 1879 1529 Υἱὸς

291 1558 468 1624 Θεοῦ,
501 1559 652 1630 παρὰ
681 1575 741 1612 τε
771 1557 868 1612 τοῦ
899 1556 1114 1628 Πατρδς
1141 1557 1236 1610 καὶ
1255 1554 1350 1610 τοῦ
1377 1554 1534 1624 ἀγίου
1561 1553 1878 1625 Πνεύματος

301 1647 770 1719 μαρτυρούμενον.
817 1646 958 1701 Ἀλλ’
980 1643 1315 1709 ἀκολούθως,
1348 1646 1444 1698 καὶ
1472 1645 1645 1698 ταῦτα
1675 1644 1877 1716 πρέπει

293 1743 362 1810 τῇ
401 1739 496 1792 τοῦ
529 1739 784 1809 Σωτῆρος
821 1736 1125 1808 οἰκονομίᾳ.

1977 567 2130 607 more
2175 553 2510 623 reliquorum
2542 554 2861 625 hominum,
2909 559 3042 626 quin
3094 560 3265 615 etiam
3312 564 3555 622 clausam

1977 643 2302 714 virginitatis
2327 654 2541 715 portam
2595 647 2847 717 reliquit,
2891 651 3044 720 juxta
3089 653 3241 721 quod
3288 658 3554 726 propheta

1977 731 2228 790 Ezechiel
2245 735 2380 790 dixit
2408 753 2424 791 :
2454 735 2526 790 Et
2547 739 2681 792 dixit
2709 741 2837 792 mihi
2857 739 3111 796 Dominus
3135 760 3153 796 :
3178 742 3285 797 Fili
3309 747 3552 814 hominis,

1974 837 2134 892 porta
2161 827 2271 881 [nec
2301 826 2488 883 clausa
2519 829 2637 882 erit.
2664 829 2832 884 Nemo
2858 848 2950 900 per
2976 850 3094 887 eam
3131 836 3474 906 ingredietur,
3504 849 3554 892 et

1977 920 2272 989 egredietur
2300 933 2320 973 :
2357 928 2406 973 et
2449 920 2551 974 erit
2599 920 2779 976 clausa
2827 925 2890 977 ‘°.
2929 925 3045 991 Qua
3078 943 3209 1001 ergo
3253 931 3464 986 ratione
3498 932 3554 986 in

1979 1008 2046 1064 iis
2074 1011 2372 1066 constituta
2397 1013 2802 1084 quiaperiunt,
2825 1017 2879 1070 in
2903 1033 2968 1071 eo
2997 1020 3214 1088 possint
3235 1023 3552 1089 procedere,

1978 1101 2071 1170 qui
2102 1116 2221 1156 non.
2251 1103 2488 1172 aperuit,
2520 1105 2613 1159 sed
2653 1105 2890 1162 clausam
2920 1116 3131 1176 portam
3171 1110 3427 1180 reliquit?
3476 1112 3556 1167 Ac

1979 1206 2160 1262 neque
2198 1208 2346 1248 nunc
2382 1193 2620 1264 primum
2645 1211 2786 1265 opus
2827 1197 3052 1254 habebit
3088 1202 3555 1271 sanctumappel-

1978 1281 2095 1347 lari,
2129 1284 2274 1352 quod
2312 1293 2441 1339 ante
2469 1285 2633 1340 etiam
2678 1289 3092 1358 conceptionem
3115 1330 3130 1355 ,
3177 1289 3555 1358 Sanctum,.ac

1980 1373 2076 1428 Dei
2101 1373 2295 1439 Filius,
2352 1390 2475 1428 cum
2506 1376 2712 1442 Patris,
2771 1387 2884 1432 tum
2913 1380 3152 1448 Spiritus
3193 1385 3367 1438 sancti
3401 1385 3556 1440 testi-

1975 1463 2182 1529 monio,
2223 1464 2327 1518 fuit
2353 1465 2707 1520 declaratum.
2753 1466 3044 1524 Enimvero
3079 1470 3194 1526 hzec
3223 1474 3386 1528 etiam
3420 1489 3554 1529 con-

1950 1554 2228 1624 sequenti
2263 1555 2476 1610 ratione
2506 1555 2865 1620 Salvatorcm,
2919 1573 3017 1628 pro
3054 1560 3174 1630 ejus
3222 1565 3552 1631 mconomia,

1976 1658 2044 1700 ac
2069 1660 2175 1715 qua
2210 1645 2422 1701 ratione
2458 1660 2518 1701 se
2541 1647 2705 1702 nobis
2736 1647 3110 1705 incarnatione
3134 1651 3439 1720 inclinavit,
3457 1655 3554 1709 de-

1976 1743 2126 1792 cent.

366 1830 475 1885 Kal
516 1827 587 1886 οὗ
625 1829 836 1883 δοῦναι
886 1829 1110 1882 θυσίαν
1141 1825 1291 1880 κατὰ
1339 1826 1407 1880 τὸ
1449 1824 1764 1896 εἰρημένον
1803 1825 1874 1880 ἐν

2047 1827 2116 1882 Et
2128 1836 2184 1881 ut
2196 1827 2383 1882 darent
2393 1828 2624 1885 hostiam
2637 1832 2922 1886 secundum
2935 1833 3075 1902 quod
3087 1833 3280 1888 dictum
3293 1843 3368 1888 est
3380 1835 3552 1906 inlege

295 1924 456 1992 νόμῳ
487 1921 710 1989 Κιιρίου
732 1936 746 1950 °
773 1919 976 1988 ζεῦγος
1003 1921 1328 1988 τρυγόνων,
1363 1918 1402 1986 ἡ
1431 1917 1542 1972 δύο
1571 1917 1874 1986 νεοσσοὺς

296 2011 684 2082 περιστερῶν.
734 2013 918 2064 Πάντα
955 2009 1191 2080 ἁρμόδια
1233 2009 1301 2080 τῇ
1351 2007 1448 2062 τοῦ
1493 2009 1750 2079 Σωτῆρος
1790 2009 1871 2063 οἰ-

295 2108 560 2176 κονομικῇ
591 2103 912 2158 καταϐάσει.
945 2097 1130 2155 Ἦσαν
1167 2101 1268 2171 μὲν
1300 2099 1409 2170 γὰρ
1447 2102 1543 2155 καὶ
1569 2101 1874 2164 ἀλλαιμταίς

293 2195 611 2258 τικτούσαις
639 2194 1088 2263 πολυτελέστεραι
1133 2191 1624 2264 νενομοθετημέναι
1667 2190 1870 2258 θυσίαι,

293 2280 406 2338 οἷον
439 2284 527 2338 διά
570 2283 863 2355 προϐάτων
914 2283 1010 2334 καί⁹
1053 2281 1230 2336 ἄλλων
1277 2280 1472 2335 τινῶν·
1524 2280 1639 2334 ἀλλ’
1682 2279 1873 2352 ἐπειδὴ

295 2380 442 2432 ἅπαν
467 2379 532 2430 τὸ
564 2377 664 2448 τῆς
695 2375 1162 2446 ὲνανθρωπήσεως
1189 2374 1487 2445 μυστήριον
1527 2373 1618 2427 διά
1656 2373 1874 2428 ἀνεικα-

295 2485 422 2522 στου
451 2468 917 2537 συγκαταϐάσεως
941 2467 1166 2536 γέγονεν
1181 2483 1195 2498 ·
1216 2465 1529 2530 ἀκολούθως
1546 2466 1640 2520 καὶ
1656 2466 1724 2520 τά
1743 2467 1873 2536 περὶ

293 2563 570 2630 τρυγόνων
582 2561 675 2614 καὶ
689 2558 1026 2630 περιστερῶν
1057 2557 1525 2629 νενομοθετημένα
1553 2555 1668 2622 νῦν,
1683 2557 1874 2611 τεθέα-

292 2666 404 2704 ται.
429 2651 540 2704 Καὶ
563 2649 741 2712 καλῶς
761 2651 790 2704 6
817 2647 1102 2712 θεσπέσιος
1123 2647 1335 2712 Παῦλος
1369 2649 1547 2702 πάντα
1573 2650 1638 2718 τῇ
1665 2648 1875 2720 διανοίᾳ.

295 2737 624 2810 περιλαῦὼν,
661 2738 1042 2810 ἐκπληκτικῶς
1089 2737 1414 2808 ἀνεϐόησενο
1455 2738 1559 2802 ⁸ος
1601 2735 1675 2788 δι’
1715 2721 1885 2805 ἡμᾶς’

293 2830 702 2900 ἐπτώχευσεν,
730 2831 1028 2897 πλούσιος
1059 2828 1166 2892 ὢν,
1196 2829 1299 2883 ἵνα
1323 2828 1495 2897 ἡμεῖς
1541 2826 1616 2897 τῇ
1636 2828 1874 2883 ἐκείνου

293 2924 555 2991 πτωχείᾳ
595 2922 1061 2992 πλουτήσωμεν.
1093 2920 1238 2992 Πλὴν
1267 2920 1351 2973 ὅτι
1390 2921 1486 2974 καὶ
1516 2919 1578 2972 τὸ
1615 2919 1875 2990 φαινόμει

293 3031 406 3076 νον,
441 3016 543 3068 οὐκ
574 3014 872 3086 ἀσυντελὴς
907 3014 1046 3085 πρὸς
1078 3013 1140 3066 τὸ
1173 3013 1472 3084 μυστήριον
1515 3014 1549 3082 ή
1589 3010 1876 3083 προσφορὰ

292 3104 388 3159 τοῦ
433 3105 639 3176 Κυρίου
687 3105 1004 3176 ἐτύγχανεν.
1042 3107 1107 3158 Δί
1157 3104 1259 3173 μὲν
1285 3104 1397 3172 γάρ
1443 3103 1725 3174 τρυγόνες,
1773 3100 1872 3172 τὴν
1897 3134 1944 3197 c

296 3198 653 3268 σωφροσύνην
697 3196 792 3250 καὶ
819 3195 916 3269 τὴν
962 3195 1185 3266 ἁγνείαν
1221 3194 1322 3265 τῆς
1350 3192 1754 3264 Ἀειπαρθένου-
1775 3192 1872 3246 καὶ

294 3286 559 3341 Θεοτόκου
592 3287 886 3359 ἐσήμαινον
909 3303 924 3320 ’
948 3289 1004 3342 αἰ
1042 3286 1097 3340 δὲ
1121 3284 1444 3356 περιστεραὶ
1493 3283 1592 3355 τὴν
1619 3283 1698 3346 εἰς
1724 3283 1872 3352 ἡμᾶς

293 3377 500 3445 ἄφατον
535 3377 968 3450 φιλανθρωπίαν,
999 3378 1094 3432 καὶ
1126 3377 1222 3447 τὴν
1251 3377 1316 3430 ὲκ
1360 3373 1680 3446 Πνεύματος
1708 3372 1872 3444 ἁγίου

293 3468 604 3538 οἰκονομίαν
627 3469 729 3538 τῆς
758 3469 1055 3537 κυοφορίας
1083 3467 1327 3538 έδήλουν.

364 3558 471 3612 Καὶ
499 3558 628 3613 ἰδοὺ
645 3555 721 3628 ἦν
747 3557 1058 3627 ἅνθρωπος
1074 3559 1144 3612 ἐν
1175 3556 1601 3626 Ἰερουσαλὴμ,
1616 3548 1664 3622 ᾧ
1687 3553 1874 3623 ὄνομα

295 3649 541 3720 Συμεών
561 3667 577 3681 ·
607 3651 708 3703 καί
741 3653 776 3704 ὀ
806 3650 1119 3718 ἅνθρωπος
1153 3645 1350 3714 οὗτος,
1380 3647 1611 3712 δίκαιος
1639 3646 1739 3699 καί
1772 3646 1874 3699 εὐ-

293 3739 508 3806 λαϐής.
571 3739 846 3810 ’Δρκεῖται
893 3741 1118 3810 ῥήματα
1153 3737 1250 3791 τοῦ
1289 3733 1704 3805 εὐαγγελιστοῦ,
1738 3735 1874 3805 πρὸς

293 3831 354 3884 τὸ
388 3829 738 3901 παραστῆσαι
769 3829 868 3900 τὴν
896 3829 990 3883 τοῦ
1021 3827 1248 3898 Συμεὼν
1283 3828 1566 3897 ἀγιότητα.
1616 3824 1874 3894 [1.00068-

294 3923 551 3990 χόμενος
593 3919 982 3989 παράκλησιν
1013 3919 1120 3972 τοῦ
1160 3917 1440 3986 ἰσραήλο
1478 3916 1658 3983 Ὅπερ
1705 3911 1873 3984 ήγοῦ-

297 4028 394 4080 μαι
427 4009 738 4080 σημαίνειν,
769 4008 1181 4080 φιλανθρωπίαν
1210 4004 1427 4060 ἔσεσθαι
1476 4007 1541 4058 ἐκ
1579 4003 1716 4057 Θεοῦ
1747 4001 1875 4072 μέλ-

293 4101 494 4155 λουσαν
543 4101 623 4174 τῷ
680 4101 923 4175 Ἰσραήλ.
980 4101 1050 4152 Ἢ
1096 4098 1194 4156 καὶ
1233 4097 1410 4160 ἄλλως
1457 4112 1595 4159 ως.
1657 4092 1874 4164 Ἐπειδὴ

292 4193 402 4264 γὰρ
444 4193 661 4265 Ἰσραὴλ
684 4194 831 4261 νοῦς
859 4192 1014 4262 ὀρῶν
1041 4193 1187 4259 Θεὸς
1216 4190 1612 4264 ἑρμηνεύεται·
1658 4185 1874 4240 ἐπένθει

293 4283 351 4336 δὲ
379 4284 586 4354 νοητῶς
636 4286 746 4349 πᾶς
786 4285 912 4348 νοῦς
945 4283 1304 4355 θεωρητικὸς,
1353 4283 1443 4337 διά
1471 4280 1568 4352 τὴν
1601 4285 1876 4351 κρατήσαι

293 4392 394 4428 σαν
428 4376 638 4448 πλάνην
672 4377 773 4447 τῆς
805 4373 1080 4445 ἀγνωσίας
1105 4374 1234 4438 τοὺς
1260 4371 1582 4445 ἀνθρώπους
1601 4387 1616 4402 ο
1648 4371 1875 4432 εἰκότως

1977 1918 2220 1985 Domini;
2240 1929 2641 1987 partui-turum,
2659 1931 2753 1975 aut
2770 1929 2900 1976 duos
2915 1923 3089 1992 pullos
3101 1923 3464 1979 columbarum
3484 1927 3498 1956 ¹
3510 1926 3547 1980 ⁸.

1973 2007 2294 2078 Congruunt
2325 2009 2532 2075 omnia,
2559 2010 2668 2076 illi,
2693 2027 2856 2080 quam
2896 2026 2970 2067 se:
2990 2013 3150 2068 nobis
3181 2011 3430 2068 Salvator
3462 2015 3551 2068 in-

1973 2095 2249 2163 clinando,
2281 2097 2747 2167 dispensationem
2778 2099 2970 2171 gessit.
2989 2099 3129 2156 Nam
3158 2103 3552 2172 erantquidem

1973 2189 2140 2244 etiam
2181 2191 2538 2261 pretiosiores
2561 2192 2767 2247 hostiae
2791 2193 2910 2248 alite
2939 2193 3274 2263 parientibus
3302 2197 3552 2264 praescri-

1973 2290 2114 2350 ptas;
2155 2291 2285 2351 puta
2317 2297 2416 2352 per
2453 2297 2619 2346 oves,
2648 2298 2712 2337 ac
2751 2283 3000 2352 quaedam
3037 2284 3181 2338 alia:
3212 2286 3339 2354 quia
3371 2295 3552 2342 tamen

1974 2374 2293 2431 universum
2349 2374 2750 2430 Incarnationis
2805 2375 3167 2447 mysterium,
3226 2378 3552 2433 immensam

1973 2465 2262 2536 quamdam
2279 2466 2703 2522 inclinationem
2730 2467 2937 2534 habuit,
2967 2468 3018 2522 ei
3062 2479 3427 2525 consentanee
3455 2471 3551 2525 ha-

1973 2556 2160 2613 bcntia
2195 2557 2358 2612 modo
2389 2557 2557 2612 etiam
2585 2567 2810 2615 ostensa
2835 2567 2985 2626 sunt,
3013 2560 3220 2629 quaeue
3248 2563 3552 2616 turturibus

1974 2663 2039 2703 ac
2070 2648 2338 2702 columbis
2369 2659 2530 2704 erant
2560 2650 2678 2720 lege
2703 2651 3037 2720 praescripta.
3073 2649 3218 2706 Bene
3247 2660 3428 2706 autem
3455 2653 3551 2707 ad-

1975 2739 2238 2795 mirabilis
2276 2739 2494 2801 Paulus,
2531 2741 2715 2794 animo
2744 2750 2943 2796 cuncta
2969 2741 3338 2811 complectens
3363 2782 3377 2806 ,
3431 2752 3551 2796 stu-

1975 2813 2107 2899 pore
2137 2829 2458 2884 exclamavit
2488 2847 2501 2884 :
2530 2829 2758 2898 Propter
2787 2846 2878 2884 nos
2903 2847 3094 2902 egenus
3114 2832 3289 2902 factus
3313 2842 3410 2894 est.
3433 2848 3551 2886 cum

1975 2927 2106 2972 esset
2138 2919 2280 2972 diues
2304 2959 2320 2982 ,
2361 2929 2417 2972 ut
2446 2919 2591 2973 illius
2639 2934 2730 2973 nos
2777 2922 2958 2991 inopia
3006 2922 3188 2976 divites
3234 2938 3459 2976 essemus
3484 2923 3550 2977 ¹².

1974 3007 2268 3074 Caeterum,
2301 3011 2446 3080 quod
2479 3020 2534 3065 et
2567 3011 2746 3081 palam
2785 3028 2872 3067 res
2899 3013 3262 3081 praeferebat,
3313 3013 3414 3067 fuit
3442 3013 3552 3065 Do-

1975 3100 2179 3156 minica
2207 3100 2414 3156 oblatio
2447 3102 2605 3156 haud
2637 3103 2851 3158 inutilis
2895 3103 2960 3158 ad
3014 3104 3355 3174 mysterium.
3413 3105 3548 3162 Nam

1976 3200 2218 3248 turtures
2249 3194 2494 3263 quidem,
2526 3194 2846 3263 pudicitiam
2880 3209 2945 3249 ac
2973 3196 3284 3250 castitatem
3332 3210 3550 3264 semper

1973 3281 2216 3356 Virginis
2251 3299 2316 3340 ac
2347 3284 2442 3341 Dei
2491 3284 2786 3342 Genitricis
2817 3287 3232 3358 signiﬁcabant;
3285 3287 3554 3343 columbae

1971 3385 2180 3437 autem.
2201 3376 2534 3432 ineﬁ‘abilem
2571 3379 2626 3432 in
2651 3393 2753 3433 nos
2777 3377 2870 3433 Dei
2897 3378 3264 3436 clementiam.
3281 3365 3553 3447 quamque

1972 3465 2211 3538 Spiritus
2243 3476 2466 3523 sanctus
2489 3467 2876 3536 fecunditatem
2907 3468 3209 3539 dispensat,
3235 3481 3300 3521 ac
3333 3468 3484 3520 facit.

2040 3557 2111 3612 Et
2131 3573 2244 3612 ecce
2260 3558 2412 3612 homo
2430 3567 2546 3613 erat
2565 3559 2622 3613 in
2642 3558 2957 3621 Jerusalem,
2985 3559 3070 3611 cui
3089 3572 3276 3610 nomen
3293 3553 3548 3624 Synteon,

1972 3657 2020 3701 et
2050 3649 2204 3702 homo
2231 3649 2328 3704 iste
2355 3650 2538 3719 justus
2568 3660 2617 3705 et
2659 3652 2942 3705 timoratus
2977 3650 3040 3702 ¹³.
3085 3646 3372 3702 Suiﬁciuut
3400 3646 3550 3698 Scri-

1974 3747 2148 3808 ptura:
2191 3740 2310 3809 ipsa
2337 3740 2504 3794 verba
2532 3741 2601 3795 ad
2636 3741 2922 3810 Symeonis
2947 3737 3327 3794 declarandam
3358 3735 3550 3791 sancti-

1976 3838 2162 3886 tatem.
2198 3829 2522 3899 Exspectans
2555 3831 2961 3884 consolationem
2991 3827 3161 3882 Israel
3188 3843 3208 3881 ε
3235 3829 3377 3898 quod
3420 3839 3552 3896 puto

1973 3918 2300 3990 signiﬁcare,
2327 3936 2489 3990 quam
2521 3921 2666 3976 Deus
2689 3920 2873 3976 lsraeli
2902 3919 3246 3975 clementiam
3278 3935 3341 3974 ac
3378 3920 3552 3976 beni-

1975 4008 2238 4079 gnitatem
2269 4009 2615 4064 exhibiturus
2642 4018 2779 4064 erat.
2809 4008 2921 4064 Aut
2969 4008 3134 4064 etiam
3178 4008 3282 4063 alia
3313 4010 3545 4066 ratione.

1975 4099 2112 4170 Quia
2146 4100 2294 4155 enim
2337 4099 2539 4167 Israel,
2591 4116 2736 4154 mens
2778 4099 2948 4156 Deum
2989 4100 3169 4154 uidens
3219 4099 3546 4169 exponitur;

1975 4205 2134 4246 mens
2160 4199 2344 4246 autem
2382 4191 2564 4246 omnis
2589 4190 3040 4262 contemplationi
3085 4190 3269 4247 dedita
3289 4231 3305 4256 ,
3331 4192 3550 4262 spirita-

1974 4281 2102 4338 liter
2140 4282 2384 4352 lugebat,
2414 4292 2642 4354 propter
2669 4282 2914 4338 errorcni
2934 4297 2998 4338 ac
3027 4281 3408 4353 ignorantiam,
3438 4297 3550 4352 quo

1976 4374 2268 4430 tenebatur
2297 4375 2598 4429 humanum
2637 4388 2850 4446 genus;
2903 4373 3104 4428 merito
3135 4372 3407 4445 Symeon,
3451 4373 3547 4444 qui

289 4465 320 4518 6
360 4468 587 4537 Συμεὼν
632 4467 840 4531 δίκαιος
887 4464 962 4520 ὢν
1023 4465 1117 4520 καὶ
1170 4461 1493 4538 προφητικῷ
1545 4461 1870 4535 προϐλέπων

1976 4461 2150 4532 iustus
2165 4472 2330 4526 esset,
2362 4477 2427 4518 ac
2439 4463 2759 4533 prophetico
2781 4477 2946 4518 sensu
2972 4463 3330 4531 prospiceret,
3357 4475 3548 4515 acces~

292 4555 548 4626 νοήματι,
580 4557 844 4629 ἀνέμενεν
871 4558 970 4628 τὴν
998 4555 1302 4628 μέλλουσαν
1334 4553 1552 4608 ἔσεσθαι
1581 4551 1868 4626 παράκλη-

293 4662 380 4700 σιν
416 4647 495 4718 τῷ
533 4649 707 4720 νοητῷ
746 4647 980 4721 Ἰσραήλ,
1013 4648 1101 4702 διὰ
1127 4649 1226 4720 τῆς
1264 4646 1360 4701 τοῦ
1402 4646 1654 4718 Σωτῆρος
1684 4644 1870 4716 ἐπιδη-

294 4738 445 4808 μίας.
471 4739 583 4794 Kal
625 4740 870 4810 Πνεῦμα
899 4741 1071 4810 ἅγιον
1104 4739 1185 4810 ἦν
1219 4739 1312 4794 ἐπ’
1350 4738 1532 4806 αὐτῷ.
1583 4738 1869 4808 Μακάριος

290 4823 362 4895 εἴ,
395 4823 441 4884 ὧ
469 4829 774 4900 πρεσϐύτα,
801 4831 882 4885 ὅτι
909 4829 1222 4902 Πνεύματος
1246 4829 1668 4902 κατοικητήριον
1703 4825 1867 4898 ἠξιώ-

290 4920 390 4993 θης
418 4923 694 4991 γενέςθαι.
1007 4916 1012 4921 ’

357 5015 468 5069 Kal
505 5009 587 5086 ἦν
621 5013 780 5080 αὐτῷ
809 5012 1368 5084 κεχρηματισμένον
1396 5012 1516 5070 ὑπὸ
1542 5010 1650 5066 τοῦ
1678 5010 1866 5064 Πνεύ-
1904 5078 1905 5081 η

286 5121 471 5172 ματος
508 5105 614 5161 τοῦ
656 5107 830 5177 ἁγίου
862 5106 950 5175 μὴ
983 5105 1137 5161 ἰδεῖν
1171 5104 1454 5170 θάνατον,
1486 5103 1628 5172 πρὶν
1655 5100 1735 5156 ἂν
1767 5101 1866 5169 Ion

289 5194 397 5246 τὸν
443 5196 702 5262 Χριστὸν
755 5195 1000 5264 Κυρίου.
1061 5196 1177 5248 Οὐκ
1227 5190 1382 5248 εἷπον
1441 5191 1735 5261 ἀνωτέρω,
1784 5189 1868 5242 ὅτι

291 5287 613 5357 προφητικῷ
640 5287 848 5358 ὄμματι
881 5288 1144 5359 ἀνέμενεν
1191 5289 1220 5340 6
1248 5284 1560 5357 πρεσϐύτης
1589 5283 1690 5353 τήν
1715 5281 1868 5350 παρὰ

289 5373 384 5427 τοῦ
443 5377 696 5447 Σωτῆρος
754 5380 1139 5450 παράκλησιν;
1201 5379 1331 5432 Ἰδοὺ
1381 5377 1557 5446 σαφὴς
1612 5375 1721 5427 τῶν
1760 5372 1868 5444 πρδ

289 5464 482 5518 τούτου
523 5465 800 5537 ῥηθέντων
835 5467 1130 5534 ἀπόδειξις.
1191 5463 1576 5534 Ἀπεκαλύφθη
1629 5462 1738 5532 γὰρ
1788 5461 1867 5532 τῷ

293 5557 568 5630 ⁸προφήτῃ,
600 5559 784 5629 φησὶν,
809 5559 884 5622 ὡς
907 5559 1006 5612 οὐκ
1032 5559 1098 5612 ἂν
1129 5557 1325 5626 φθάσοι
1345 5555 1438 5610 τοῦ
1469 5556 1588 5626 βίου
1613 5554 1674 5606 τὸ
1693 5551 1868 5616 τέλος,

1971 4567 2154 4607 suram
2192 4553 2544 4624 exspectabat
2585 4552 2818 4622 spiritali
2847 4551 3032 4606 lsraeli
3055 4591 3072 4619 ,
3118 4566 3217 4622 per
3251 4550 3548 4608 Salvatoris

1971 4647 2267 4702 adventum
2297 4643 2748 4699 consolationem.
2780 4641 2851 4696 Et
2871 4640 3102 4712 Spiritus
3124 4651 3338 4695 sanctus
3357 4651 3468 4695 erat
3490 4641 3545 4694 in

1969 4754 2052 4792 eo.
2085 4737 2280 4791 Beatus
2314 4751 2395 4801 es,
2430 4749 2464 4790 ο
2490 4749 2654 4789 senex
2681 4773 2696 4800 ,
2741 4732 2837 4804 qui
2865 4731 3040 4788 sancti
3070 4731 3306 4803 Spiritus
3337 4731 3547 4788 habita-

1974 4828 2155 4882 culum
2179 4824 2446 4882 merueris
2473 4825 2633 4881 eilici.

2042 5008 2113 5064 Et
2142 5023 2446 5079 responsum
2474 5014 2746 5077 acceperat
2773 5021 2807 5060 a
2834 5003 3044 5076 Spiritu
3063 5012 3251 5057 sancto
3271 5043 3288 5069 ,
3336 5017 3440 5055 non
3468 5001 3544 5054 ui-

1971 5115 2155 5154 surum
2185 5115 2242 5153 se
2275 5106 2513 5163 mortem,
2541 5097 2646 5150 nisi
2683 5096 2831 5166 prius
2858 5095 3056 5149 uideret
3077 5092 3339 5150 Christum
3360 5091 3545 5145 Domi-

1969 5191 2025 5246 ni
2056 5191 2120 5244 “.
2169 5188 2363 5244 Nonne
2411 5189 2555 5245 bene
2605 5186 2858 5256 superius
2886 5184 3131 5241 dicebam
3156 5221 3171 5247 ,
3223 5181 3544 5252 prophetico

1968 5295 2160 5338 senem
2195 5281 2392 5336 obtutu
2425 5287 2746 5352 exspectare
2779 5276 3016 5331 futuram
3042 5289 3073 5328 a
3102 5271 3382 5328 Salvatore
3410 5285 3546 5325 con-

1969 5369 2332 5427 solationem?
2371 5370 2453 5425 En
2480 5367 2768 5440 perspicua
2797 5364 2952 5436 prius
2973 5362 3241 5418 dictorum
3271 5360 3539 5431 probatio.

1970 5459 2130 5526 Nam,
2170 5458 2368 5528 inquit,
2397 5457 2575 5512 fuerat
2601 5453 2900 5510 revelatum
2926 5449 3226 5522 prophetae,
3254 5461 3363 5501 nou
3387 5445 3542 5516 prius

1971 5556 2260 5605 venturum
2283 5549 2407 5604 vitae
2444 5547 2607 5604 tinem
2631 5585 2652 5612 ,
2681 5557 2842 5614 quam
2873 5541 3084 5596 videret
3109 5536 3388 5594 Christum
3436 5534 3543 5589 Do-

357 5736 402 5768 “
435 5735 632 5794 Ezech.
662 5753 802 5805 xuv,
836 5738 894 5793 2.
974 5739 1014 5770 “
1041 5736 1172 5792 ibid.
1200 5737 1290 5791 Μ.
1373 5737 1416 5769 ¹¹
1440 5736 1482 5791 ll
1504 5733 1630 5790 Cor.
1658 5747 1775 5797 vut,
1801 5731 1853 5786 9.
1933 5729 1978 5763 ¹⁸
2004 5729 2136 5785 ibid.
2161 5728 2253 5782 35.
2330 5725 2374 5758 ⁸⁸
2404 5723 2536 5780 ibid.
2565 5721 2656 5778 26.
