4024 6232
505 324 604 392 157

1458 324 1772 385 LEONTII
1813 321 2327 385 NEAPOLITANI
2362 320 2705 381 EPISCOPI

3556 308 3563 317 ’
3615 308 3755 382 1576

498 438 655 495 mini.
684 435 850 491 Plane
879 432 1113 504 Symeon
1134 474 1149 498 ,
1180 433 1382 488 bonum
1425 447 1485 488 es
1519 443 1848 489 consecutus
1869 474 1883 498 ,
1911 433 2071 502 quale

2178 428 2302 500 πρὶν
2328 431 2393 484 ἂν
2421 430 2507 503 ἴδῃ
2537 430 2629 483 τὸν
2657 431 2893 501 Χριστὸν
2924 430 3147 501 Κυρίου.
3194 429 3486 500 Ἐπέτυχες
3516 430 3757 502 ἀληθῶς.

497 542 665 584 nemo
691 541 930 595 unquam
949 527 1339 595 prophetarum
1358 527 1621 596 consequi
1654 520 2079 597 potuit.'Beatus

500 631 689 671 revera
720 630 799 678 es,
833 615 926 684 qui
958 615 1012 668 in
1053 620 1269 686 tempus
1300 616 1567 685 ejusmodi
1597 631 1625 669 a
1660 617 1772 671 Deo
1799 615 1967 670 fueris
1996 630 2081 669 re-

496 714 772 761 servatus.
1569 718 1575 723 '

569 792 641 847 Et
672 794 812 848 venit
840 795 896 847 in
928 792 1117 862 spiritu
1149 794 1207 845 in
1245 793 1515 863 templum.
1548 792 1693 847 Nihil
1722 793 1869 848 enim
1906 793 2078 847 sancti

498 889 652 942 velut
679 902 710 939 a
740 901 799 941 se
828 885 1047 955 impulsi
1079 896 1251 955 agunt
1276 927 1291 952 ,
1325 885 1419 939 sed
1454 892 1711 938 movente
1734 891 1923 938 sancto
1955 883 2078 954 Spi-

497 979 627 1034 ritu.
663 978 730 1034 Et
751 996 867 1033 cum
890 980 1193 1033 inducerent
1218 994 1441 1046 puerum
1463 976 1643 1030 Jesum
1671 985 1915 1045 parentes
1943 975 2078 1044 ejus,

496 1079 557 1123 ut
587 1072 819 1141 facerent
842 1070 1127 1124 secundum
1150 1068 1573 1122 consuetudinem
1592 1062 1839 1136 'legis‘pro
1860 1081 1918 1120 eo
1936 1065 2002 1119 ¹⁸.
2036 1063 2081 1120 Ο

498 1176 641 1232 puer
691 1169 869 1215 matre
915 1174 1219 1230 puerpera;
1261 1159 1393 1228 quin
1447 1166 1502 1212 et
1550 1155 1821 1211 universis
1868 1156 2081 1213 saeculis

501 1251 782 1306 exsistens
807 1250 1082 1320 antiquior
1111 1253 1124 1304 ι
1161 1248 1206 1304 Ο
1242 1264 1382 1320 puer
1433 1247 1665 1302 necdum
1709 1244 1948 1302 sermoni
1982 1247 2081 1301 ha-

2178 516 2222 574 ὧ
2248 520 2493 591 Συμεὼν,
2519 518 2824 591 ἐπιτυχίας,
2847 514 2914 592 ἧς
2940 522 3114 584 οὐδεὶς
3139 520 3246 573 τῶν
3269 521 3435 575 πάλαι
3464 521 3761 592 προφητῶν

2179 614 2457 684 ἐπιτυχεῖν
2494 611 2798 682 δεδύνηται.
2848 614 3131 682 Μακάριος
3178 610 3230 665 εἴ
3273 612 3346 673 ὡς
3392 612 3628 683 ἀληθῶς,
3674 612 3760 666 ὅτι

2179 702 2259 765 εἰς
2285 700 2531 755 τοιοῦτον
2562 702 2752 773 καιρὸν
2780 705 2844 755 ἐκ
2887 699 3022 754 Θεοῦ
3057 702 3374 772 τετήρησαι.

2248 791 2360 846 Kal
2410 789 2598 863 ἦλθεν
2638 792 2709 846 ἐν
2744 792 2825 858 τῷ
2871 794 3173 862 Πνεύματι
3206 795 3290 858 εἰς
3336 794 3404 846 τὸ
3447 795 3627 863 ἱερόν.
3681 794 3762 847 Οὐ

2180 881 2289 954 γὰρ
2317 883 2694 953 αὑτοκινήτως
2733 885 2781 936 οἱ
2817 883 2964 953 ᾶγιοί
2984 901 3037 937 τι
3070 884 3510 954 διαπράττονται,
3549 883 3669 937 ἀλλ’
3697 886 3765 937 ἐκ

2180 972 2500 1046 Πνεύματος
2545 974 2704 1044 ἁγίου
2747 976 3079 1044 κινούμενοι.
3134 975 3246 1030 Καὶ
3285 976 3355 1028 ἐν
3396 973 3478 1040 τῷ
3520 978 3766 1045 εἰσαγα-

2180 1066 2308 1135 γεῖν
2335 1065 2478 1131 τοὺς
2506 1066 2705 1136 γονεῖς
2734 1066 2801 1120 τὸ
2826 1066 3066 1120 παιδίον
3106 1066 3350 1134 Ἰησοῦν
3373 1065 3482 1119 τοῦ
3506 1064 3764 1135 ποιῆσαι

2176 1157 2401 1223 αὐτοὺς
2446 1157 2595 1211 κατὰ
2624 1157 2690 1211 τὸ
2731 1155 3069 1227 εἰθισμένον
3113 1158 3222 1212 τοῦ
3263 1159 3452 1227 νόμου
3486 1158 3620 1226 περὶ
3654 1160 3765 1212 αὐ-

2180 1248 2307 1303 τοῦ.
2339 1243 2410 1301 ’Ὦ
2441 1249 2654 1302 παιδίον
2707 1249 2803 1320 τῆς
2845 1249 3112 1318 τεκούσης
3162 1266 3220 1302 σε
3271 1249 3511 1319 μητρόςο
3557 1248 3764 1318 μᾶλλον

499 1340 644 1395 bens
680 1341 987 1411 expeditam
1011 1328 1271 1412 linguam,
1292 1340 1507 1395 tametsi
1532 1354 1663 1393 vero
1680 1331 1959 1408 prophetis
1983 1352 2074 1407 per

2179 1339 2258 1401 δὲ,
2284 1339 2392 1393 τῶν
2420 1339 2633 1394 αίώνων
2673 1340 2948 1405 ἁπάντων,
2987 1340 3233 1411 ὑπάρχον
3268 1338 3653 1410 παλαιότερον.’
3689 1335 3764 1391 Ὦ

501 1429 763 1500 Spiritum
783 1446 1090 1487 sermonem
1113 1432 1368 1487 insonesl
1400 1429 1620 1488 OMosis
1638 1431 1827 1497 lictor;
1856 1430 2074 1500 ejusque

2181 1430 2393 1484 παιδίον
2464 1434 2627 1504 μήπω
2658 1432 2960 1503 ητρανῶσαν
2985 1432 3082 1503 τὴν
3120 1424 3391 1500 γλῶσσαν,
3434 1431 3530 1484 καί
3570 1447 3653 1484 τοι
3703 1431 3764 1484 δὲ

500 1530 556 1576 te
586 1523 710 1593 legi,
742 1522 878 1592 quin
908 1523 957 1576 ei
990 1523 1182 1594 magis,
1202 1538 1365 1593 quam
1398 1522 1614 1577 tulisses
1637 1522 1774 1591 ipse,
1804 1537 1902 1591 per
1922 1520 2074 1576 beni-

2181 1523 2487 1592 προφήταις
2512 1522 2738 1592 ὲνηχοῦν
2761 1523 2852 1576 τὸν
2880 1522 3039 1590 λόγον
3064 1522 3152 1575 διὰ
3177 1521 3272 1575 τοῦ
3298 1520 3437 1576 Πνεύ
3447 1518 3639 1592 ματος.
3689 1518 3763 1573 '0

500 1612 764 1683 gnitatem
797 1613 1153 1667 submittens!
1189 1612 1233 1667 Ο
1286 1613 1461 1668 factor
1496 1612 1650 1683 legis,
1700 1611 1947 1681 Novique
1976 1609 2074 1665 Te-

2180 1613 2275 1666 τοῦ
2320 1614 2563 1676 Μωσέως
2598 1613 2831 1677 πλάστα,
2864 1615 2960 1668 καὶ
2992 1613 3069 1683 τῷ
3098 1614 3286 1667 τούτου
3316 1613 3468 1684 νόμῳ
3493 1629 3507 1642 ·
3552 1613 3762 1682 μᾶλλον

497 1704 755 1758 stamenti
790 1704 1079 1759 conditorl
1119 1704 1589 1771 Quemadmodum
1643 1705 1788 1760 enim
1835 1719 1928 1758 rex
1978 1703 2074 1757 ali-

2182 1704 2236 1756 δὲ
2264 1704 2341 1774 τῷ
2366 1704 2549 1774 οἰκείῳ
2579 1702 2666 1756 διὰ
2697 1702 3108 1773 φιλανθρωπίαν
3136 1700 3326 1754 ἑαυτὸν
3348 1696 3765 1755 ὕποκ).ίνων.⁷Ω

496 1793 620 1860 quis
648 1793 823 1863 legem
848 1794 1086 1863 aliquam
1106 1796 1376 1852 conscribi
1407 1797 1627 1866 jubens,
1660 1806 1776 1850 tum
1797 1811 1914 1849 eam
1954 1811 2074 1865 pro-

2183 1790 2276 1846 τοῦ
2310 1772 2475 1863 νόμου
2517 1772 2734 1862 ποιητὰ,
2774 1791 2868 1844 καὶ
2902 1772 3011 1860 τῆς
3040 1791 3250 1862 Καινῆς
3276 1790 3553 1861 Διαθήκης
3600 1806 3765 1858 νομο-

496 1884 617 1958 pria
639 1884 1045 1954 subscriptione
1068 1887 1243 1940 munit
1267 1904 1282 1953 ;
1317 1894 1430 1941 tum
1448 1886 1666 1949 iterum,
1692 1902 1815 1941 cum
1838 1882 2074 1949 libuerit,

2184 1881 2332 1935 θέτα.
2360 1879 2639 1951 ’Καθάπερ
2682 1878 2790 1951 γὰρ
2835 1879 3086 1950 βασιλεύς
3116 1897 3201 1944 τις
3248 1879 3412 1949 νόμον
3439 1878 3763 1947 τυπωθῆναι

501 1976 739 2046 primam
767 1976 986 2046 quidem
1016 1978 1190 2048 legem
1224 1979 1504 2047 antiquat,
1532 1978 1587 2033 id
1608 1986 1691 2032 est
1709 1978 1935 2047 implet:
1961 1977 2074 2046 ejus

2184 1971 2443 2036 κελεύων,
2492 1972 2584 2025 xa‘l.
2624 1972 2802 2042 οἰκείᾳ
2841 1970 3249 2043 ὑποσημειώσει
3291 1970 3482 2024 τοῦτον
3510 1968 3760 2039 βεϐαιοῖ·

500 2076 685 2121 autem
719 2067 859 2132 loco,
892 2068 1267 2123 sublimiorem
1297 2070 1471 2138 legem
1515 2068 1675 2122 aliam
1719 2067 1929 2123 inducit
1957 2085 1970 2120 :
2003 2067 2074 2122 sic

2183 2066 2278 2121 καὶ
2325 2064 2487 2117 πάλιν
2535 2065 2664 2118 ὅταν
2721 2063 2999 2135 βούληται,
3050 2064 3141 2117 τὸν
3185 2064 3281 2135 μὲν
3329 2062 3548 2134 πρῶτον
3598 2061 3765 2130 νόμον

502 2157 769 2214 Dominus
794 2175 809 2212 :
838 2159 941 2215 Ubi
972 2169 1215 2215 veterem
1232 2162 1403 2231 legem
1421 2160 1583 2214 Mosis
1608 2174 1771 2229 opera
1796 2158 2073 2224 edidisset,

2184 2157 2368 2223 παύει,
2400 2158 2568 2227 ἤγουν
2600 2156 2832 2228 πληροῖ·
2866 2152 3179 2223 ἀντεισάγει
3222 2154 3278 2208 δὲ
3323 2154 3514 2207 τούτου
3563 2150 3767 2222 ὑψηλο-

499 2259 557 2305 ut
573 2252 711 2307 vidit
741 2253 819 2308 sic
847 2253 1069 2320 habere,
1096 2262 1156 2308 ut
1179 2254 1245 2308 ad
1270 2255 1568 2324 perfectum
1586 2253 1721 2307 nihil
1743 2251 2072 2317 adduceret;

498 2357 620 2397 eam
651 2343 872 2412 quidem
917 2345 1036 2414 ipse
1078 2344 1290 2414 implet,
1323 2344 1560 2415 legitima
1589 2343 1771 2398 omnia
1822 2340 2028 2396 faciens
2058 2357 2071 2395 :

496 2428 943 2485 Introductionem
983 2441 1159 2486 autem
1185 2433 1416 2487 melioris
1450 2432 1584 2503 legis
1617 2432 1767 2497 fecit,
1800 2449 1894 2501 per
1916 2446 2076 2502 quam
2120 2452 2125 2455 ·

495 2523 856 2588 proximamus
883 2524 953 2576 ad
986 2522 1156 2577 Deum
1181 2525 1246 2588 ιθ,
1290 2533 1351 2579 ιιι
1379 2524 1658 2595 apostolus
1677 2522 1879 2577 Paulus
1915 2523 2009 2577 ait.

2182 2251 2345 2322 τέραν
2393 2250 2518 2302 νέαν
2571 2245 2924 2317 νομοθεσίανο
2954 2247 3127 2311 οὕτως
3179 2247 3273 2299 καὶ
3314 2247 3341 2298 ὁ
3390 2245 3637 2316 Κύριος,
3670 2244 3766 2296 τὸν

2182 2340 2348 2393 πάλαι
2405 2339 2569 2410 νόμον
2633 2339 2723 2392 διὰ
2767 2337 3044 2403 Μωῦσέως
3106 2337 3436 2408 ἐκθέμενος·
3493 2334 3568 2399 ὡς
3620 2330 3764 2387 οἶδεν

2178 2431 2366 2484 τοῦτον
2421 2431 2626 2502 μηδένα
2672 2430 3015 2483 τελειοῦνταο
3066 2428 3254 2483 τοῦτον
3312 2430 3410 2501 μὲν
3460 2426 3765 2498 αὐτουργίᾳ

2184 2522 2400 2592 πληροῖ,
2442 2521 2530 2574 διὰ
2557 2517 2653 2573 τοῦ
2685 2522 2907 2591 ποιῆσαι
2931 2519 2999 2572 τὰ
3018 2519 3452 2590 νομοθετηθέντα
3472 2559 3488 2574 .
3525 2520 3767 2573 Ἐπεισ-

466 2614 738 2685 arteriis-
782 2615 852 2669 δὲ
896 2616 1236 2685 κρείττονος
1276 2618 1638 2689 νομοθεσίας
1682 2616 1999 2687 εἰργάσατο
2024 2657 2039 2683 ,
2094 2615 2168 2669 δι’
2219 2610 2294 2685 ἦς
2331 2610 2638 2686 ἐγγίζομεν
2699 2610 2779 2678 τῷ
2846 2610 3000 2678 Θεῷ,
3047 2611 3122 2675 ὣς
3165 2622 3339 2680 φησιν’
3374 2612 3402 2664 ό
3467 2606 3765 2670 ἀπόστολος

498 2707 741 2770 Παῦλος.

569 2799 805 2871 Symeon
842 2808 1028 2856 autem
1056 2805 1254 2873 accepit
1288 2820 1521 2875 puerum
1558 2806 1611 2860 in
1641 2807 1796 2862 ulnas
1822 2824 1967 2862 suas.
1998 2804 2077 2860 Te

496 2889 720 2955 iterum,
755 2906 787 2946 o
812 2891 1069 2960 Symeon,
1097 2896 1316 2950 beatum
1347 2898 1546 2952 dicam.
1575 2897 1785 2953 Revera
1811 2900 1956 2954 enim
1992 2896 2076 2954 di-

495 2995 636 3052 gnus
664 2995 746 3045 es,
777 2982 871 3050 qui
920 2982 1112 3038 beatus
1146 2985 1362 3040 dicaris.
1407 2986 1488 3042 En
1535 2987 1680 3042 enim
1707 3029 1722 3056 ,
1756 2988 1933 3060 ipsum
1982 2988 2077 3059 qui

492 3072 711 3127 vehitur
744 3072 910 3142 super
959 3072 1294 3143 Cherubim,
1347 3077 1405 3132 in
1468 3071 1626 3132 ulnas
1672 3078 1954 3149 accepisti.
1991 3076 2075 3132 En

496 3159 786 3229 Seraphim
817 3161 1263 3232 inaspectabilem
1289 3206 1305 3232 ,
1354 3164 1620 3221 senilibus
1657 3168 1829 3225 oculis
1880 3169 2076 3224 videns

496 3249 808 3304 oblectaris.
859 3251 941 3304 En
984 3267 1145 3319 eum,
1194 3269 1357 3323 quem
1407 3253 1664 3311 Ezechiel
1714 3256 2075 3328 quadriformi

496 3340 626 3394 sede
659 3340 946 3395 sublimem
982 3342 1132 3410 vidit,
1173 3347 1316 3401 intra
1347 3345 1505 3402 ulnas
1544 3364 1646 3419 pro
1697 3365 1852 3406 more
1890 3350 2073 3405 infan-

497 3430 567 3485 tis
601 3431 857 3501 positum,
897 3434 1150 3489 manibus
1184 3438 1459 3510 astringis.
1501 3441 1604 3507 Qui
1633 3458 1764 3514 ergo
1799 3459 1911 3499 non
1942 3443 2074 3500 bea-

497 3530 607 3582 tus.
638 3523 731 3591 qui
766 3531 849 3577 tot
884 3538 950 3579 ac
985 3526 1151 3581 tantis
1181 3528 1338 3584 bonis
1376 3531 1574 3602 dignus
1603 3533 1825 3590 habitus
1851 3535 1972 3590 sisi

563 3614 636 3668 Et
660 3616 923 3670 benedixit
952 3615 1140 3682 Deum,
1165 3626 1215 3672 et
1234 3618 1368 3673 dixit
1399 3635 1417 3674 :
1448 3621 1602 3676 Nunc
1623 3623 1849 3679 dimittis
1868 3641 2076 3680 servum

497 3712 678 3771 tuum,
715 3706 970 3772 Domine,
1011 3710 1298 3764 secundum
1325 3711 1538 3766 verbum
1570 3722 1718 3768 tuum
1758 3716 1815 3769 in
1851 3731 1980 3785 pace
2007 3716 2072 3771 ".

494 3792 694 3849 Fessus
729 3808 849 3848 sum
877 3836 892 3861 ,
940 3794 1167 3853 Domine
1190 3837 1206 3864 ,
1252 3801 1541 3869 praesentis
1572 3804 1759 3858 saeculi
1794 3818 2074 3861 carcerem

496 3884 770 3963 habitans.
807 3883 1082 3942 lncolatus
1119 3903 1276 3944 meus
1302 3891 1653 3963 prolongatus
1682 3903 1798 3960 est,
1847 3896 2073 3952 lubens-

493 3960 604 4042 que
635 3973 905 4043 migrabo,
938 3975 1035 4030 ubi
1063 3977 1318 4033 habitatio
1335 3989 1409 4035 est
1427 3960 1722 4037 (celantium
1751 3987 1984 4039 omnium
2005 3986 2069 4039 ’⁸.
2114 4008 2117 4009 ν

494 4059 718 4118 Dimitte
747 4078 857 4131 me,
888 4064 1141 4122 Domine.
1183 4067 1229 4121 Α
1262 4071 1427 4126 rebus
1457 4072 1604 4126 enim
1644 4074 1907 4144 subjectis
1936 4091 2071 4131 ocu-

492 4152 560 4207 lis
602 4153 826 4208 liberari
882 4164 1090 4226 satago.
1141 4157 1261 4213 Jam
1311 4162 1600 4231 prophetia
1662 4165 2069 4236 propinquavit.

493 4241 634 4298 Ecce
661 4244 773 4314 jam
805 4244 963 4301 adeSt
995 4247 1264 4303 Salvator.
1313 4248 1567 4306 Viderunt
1597 4254 1741 4308 enim
1789 4257 1929 4310 oculi
1970 4259 2071 4312 mei

487 4334 730 4389 salutare
756 4344 905 4389 tuum
930 4336 997 4401 ¹⁹,
1028 4337 1097 4393 de
1133 4354 1241 4408 quo
1264 4338 1530 4396 clamabat
1565 4344 1725 4398 Isaias
1749 4363 1763 4398 :
1788 4346 1923 4401 Ecce
1943 4346 2070 4402 Sion

2263 2781 2416 2849 Ὅδὲ
2443 2793 2668 2866 Συμεὼν
2699 2794 2943 2860 ἐδέξατο
2985 2793 3049 2848 τὸ
3089 2795 3296 2849 παιδίον
3335 2797 3422 2862 εἷς
3446 2797 3551 2863 τὰς
3583 2797 3768 2867 ἀγκά-

2180 2890 2295 2954 λας
2324 2887 2532 2941 αὑτοῦ.
2580 2887 2748 2940 Πάλιν
2791 2888 2861 2940 σὲ·
2886 2883 3193 2958 μακαρίσω,
3221 2882 3265 2940 ὧ
3293 2886 3537 2958 Συμεών.
3562 2890 3764 2942 Μακα-

2128 2978 2135 2981 ’
2181 2978 2379 3052 ρισμοῦ
2416 2979 2524 3050 γὰρ
2573 2978 2785 3047 ἀληθῶς
2836 2980 2983 3044 ἄξιος
3033 2977 3302 3046 πέφυκας.
3350 2978 3479 3030 Ἰδοὺ
3511 2978 3620 3049 γὰρ
3670 2979 3766 3033 τὸν

2180 3072 2273 3125 ἐπὶ
2300 3069 2409 3124 τῶν
2442 3068 2726 3139 Χερουϐὶμ
2755 3069 3140 3140 ὲποχούμενον,
3171 3071 3229 3122 ὲν
3266 3060 3543 3135 ἶιγκάλαις
3569 3068 3761 3132 ἐδέξω.

2191 3162 2322 3217 Ἰδοὺ
2349 3161 2441 3214 τὸν
2474 3164 2587 3225 τοῖς
2618 3161 2870 3230 Σεραφὶμ
2904 3159 3235 3231 ἀθεώρητον,
3274 3163 3527 3230 γηραιοῖς
3565 3160 3767 3229 ὀφθαλ-

2181 3254 2302 3324 μοῖς
2350 3252 2599 3322 καθορῶν
2647 3252 2938 3326 ὲπιτέρπῃ.
2986 3251 3116 3305 Ἰδοὺ
3169 3251 3260 3305 τὸν
3305 3251 3411 3305 ὑπὸ
3474 3251 3759 3328 Ἰεζεκιὴλ,

2178 3345 2270 3398 ἐπὶ
2306 3344 2686 3414 τετραμόρφου
2713 3344 2905 3415 θρόνου
2937 3343 3303 3415 θεωρηθέντα,
3336 3346 3394 3396 ἐν
3422 3347 3541 3409 ταῖς
3570 3347 3761 3417 χερσὶν

2177 3435 2252 3498 ὡς
2279 3434 2863 3512 βρέφοςῇὲναγκαλίζῃ.
2912 3435 3036 3498 Πῶς
3069 3432 3162 3489 οὖν
3200 3436 3298 3506 οὐχ
3337 3436 3605 3507 ὑπάρχεις
3657 3455 3765 3508 μα-

2176 3525 2387 3596 κάριος,
2424 3525 2682 3579 τοιούτων
2725 3528 2820 3580 καὶ
2860 3527 3193 3597 τηλικούτων
3215 3527 3467 3592 ἀξιωθεὶς
3501 3527 3761 3597 ἀγαθῶν;

2245 3616 2355 3671 Καὶ
2380 3616 2729 3687 ηὐλόγησεν
2757 3617 2864 3670 τὸν
2891 3619 3058 3682 Θεὸν,
3096 3617 3195 3671 καὶ
3223 3614 3396 3672 εἷπεν
3413 3634 3428 3648 ·
3459 3618 3592 3673 Νῦν
3613 3619 3762 3673 ἁπο-

2174 3708 2344 3773 λύεις
2375 3706 2478 3761 τὸν
2527 3706 2757 3761 δοῦλόν
2800 3723 2937 3771 σου,
2968 3707 3258 3772 Δέσποτα,
3304 3711 3456 3763 κατὰ
3488 3710 3554 3763 τὸ
3592 3708 3760 3779 ῥῆμὰ

2174 3812 2291 3852 σου
2314 3799 2383 3851 ἐν
2401 3797 2633 3867 είρήνῃ.
2666 3798 2963 3868 Κέκμηκα,
2995 3797 3262 3863 Δέσποτα,
3292 3800 3352 3854 τὸ
3377 3800 3757 3872 δεσμωτήριον

2174 3889 2338 3942 οἰκῶν
2376 3886 2471 3941 τοῦ
2501 3888 2770 3959 παρόντος
2811 3889 3026 3952 αἰῶνος.
3061 3887 3347 3959 Ἐχρὸνισα
3375 3890 3433 3943 ἐν
3461 3891 3527 3963 τῇ
3559 3907 3757 3961 παροι-

2175 3979 2291 4053 κίᾳ,
2323 3980 2418 4032 καὶ
2450 3979 2548 4050 τὴν
2584 3980 2862 4051 μετοικίαν
2903 3980 3243 4052 ἀσπάζομαι,
3276 3981 3405 4034 ἔνθα
3439 3985 3755 4052 εὐφραίνου

2166 4069 2371 4139 μένων
2419 4069 2662 4124 πάντων
2708 4072 2746 4139 ἡ
2801 4073 3088 4126 κατοικία.
3154 4073 3452 4128 Ἀπόλυσόν
3505 4092 3610 4146 με,
3662 4076 3756 4129 Δέ-

2175 4179 2368 4215 σποτα.
2420 4146 2828 4234 Ἀπαλλαγῆναι
2871 4162 2980 4235 γὰρ
3028 4163 3136 4219 τῶν
3176 4165 3486 4236 ὠρωμένων
3538 4167 3757 4235 ἐπείγου

2174 4273 2292 4325 μαι.
2339 4254 2469 4309 ’1δοῦ
2499 4258 2531 4325 ἡ
2567 4257 2873 4327 προφητεία
2910 4256 3160 4327 ἥγγικεν.
3205 4259 3333 4312 Ἰδοὺ
3376 4259 3437 4312 τὸ
3487 4261 3754 4332 σωτήριον

2173 4345 2454 4416 πάρεστιν.
2502 4342 2684 4400 Εἶδον
2714 4349 2823 4418 γὰρ
2858 4350 2913 4401 ol
2956 4349 3253 4416 ὀφθαλμοί
3285 4367 3405 4419 μου
3448 4349 3518 4403 τὸ
3561 4350 3754 4418 σωτή-

489 4425 677 4479 civitas
703 4426 944 4481 salutare
980 4438 1216 4482 nostrum
1235 4431 1304 4485 '°.
1333 4432 1502 4487 Porro
1530 4432 1659 4488 Sion
1692 4434 1932 4492 Ecclesia
1964 4448 2067 4503 est,

2178 4441 2301 4503 βιόν
2355 4454 2506 4505 σου,
2570 4441 2700 4512 περὶ
2743 4435 2803 4496 οὗ
2876 4442 3101 4507 Ἡσαΐας
3156 4445 3319 4519 ὲὸὁα·
3392 4443 3539 4500 Ἰδοὺ
3603 4445 3755 4499 Σιὼν

488 4516 546 4572 in
570 4531 676 4587 qua
705 4517 962 4582 salutare,
993 4519 1098 4574 hoc
1131 4529 1235 4587 est,
1266 4520 1542 4589 Christus,
1577 4525 1912 4582 demoratur.
1944 4529 2068 4584 Ait-

2178 4527 2349 4595 πόλις
2387 4530 2451 4583 τὸ
2496 4530 2794 4600 σωτήριον
2820 4533 3008 4603 ἡμῶν.
3055 4534 3191 4589 Σιὼν
3214 4516 3448 4591 δέὲστιν
3477 4536 3755 4609 ἡἘκκλη-

490 4622 598 4675 que
619 4624 842 4664 rursus:
866 4610 1119 4666 Salutare
1148 4630 1323 4668 meum
1350 4623 1405 4668 ut
1432 4614 1640 4686 lampas
1668 4620 1980 4674 accendatur
1997 4621 2063 4677 ²¹.

2173 4619 2282 4683 σία,
2326 4620 2383 4672 ὲν
2488 4620 2549 4674 τὸ
2583 4624 2868 4695 σωτήριον,
2901 4626 3177 4681 τούτέστιν
3215 4631 3242 4682 ὁ
3290 4629 3549 4698 Χριστὸς,
3592 4631 3753 4684 ἔναυ.

491 4695 553 4753 ln
585 4698 821 4791 modum,
852 4701 999 4755 enim
1028 4703 1293 4772 lampadis
1319 4721 1591 4776 apparens
1620 4706 1886 4778 Salvator,
1918 4713 2067 4769 orbis

2178 4708 2397 4774 λίζεται.
2440 4714 2549 4765 Καὶ
2589 4714 2750 4769 πάλιν
2793 4715 2976 4785 λέγει’
3025 4718 3095 4771 Τὸ
3136 4695 3459 4788 ’σωτήριόν
3506 4738 3628 4791 μου
3674 4721 3754 4786 ὡς

494 4794 760 4842 terrarum
798 4790 936 4846 ﬁnes
974 4794 1324 4853 illuminavit.

557 4963 711 5029 Quod
730 4967 958 5034 parasti,
990 4978 1117 5024 ante
1145 4972 1334 5042 faciem
1376 4974 1615 5032 omnium
1652 4981 1965 5050 populorum
1994 4985 2061 5038 θ’.

483 5053 604 5110 Non
640 5055 803 5111 unius
834 5057 944 5127 jam
992 5059 1192 5132 ingrati
1228 5066 1454 5136 populi,
1506 5067 1738 5141 lsraelis,
1789 5072 2010 5142 inquam
2045 5093 2059 5130 :

484 5146 581 5201 sed
611 5149 843 5201 omnium
879 5151 1214 5220 papillarum,
1246 5157 1399 5225 juxta
1435 5173 1650 5214 sacrum
1680 5159 1933 5226 Psaltem,
1975 5164 2060 5219 di-

2172 4800 2415 4868 λαμπὰς
2452 4803 2836 4869 καυθήσεται.
2885 4805 3049 4876 Δίκην
3084 4806 3194 4879 γὰρ
3240 4806 3521 4878 λαμπάδος
3558 4809 3755 4877 ἐπιφα-

2172 4890 2280 4953 νεὶς
2312 4890 2351 4943 ό“
2373 4892 2585 4963 Σωτὴρ,
2614 4894 2682 4947 τὰ
2723 4894 2939 4965 πέρατα
2966 4898 3064 4966 τῆς
3094 4899 3427 4969 οἰκουμένης
3462 4900 3747 4968 ἐφώτισεν.

2248 4982 2316 5034 '0
2367 4982 2703 5053 ἡτοίμασας
2754 4986 2903 5040 κατὰ
2957 4990 3284 5056 πρόσωπον
3341 4989 3584 5044 πάντων
3634 4991 3750 5045 τῶν

2167 5070 2352 5125 λαῶν.
2378 5074 2492 5126 Οὐκ
2527 5074 2643 5128 ἐστι
2673 5073 2782 5147 [Ion
2806 5076 2912 5150 ἔτι]
2931 5078 3037 5130 τοῦ⁴
3056 5078 3173 5140 ἑνὸς
3195 5079 3348 5143 λαοῦ,
3373 5080 3481 5133 τοῦ⁹
3498 5082 3749 5153 ἀγνώμο-

2162 5178 2286 5224 νος·
2317 5161 2464 5232 λέγω
2492 5164 2555 5235 δὴ
2602 5164 2696 5218 τοῦ
2744 5166 2983 5238 Ἰσραὴλ,
3016 5169 3151 5224 ἀλλὰ
3182 5171 3400 5224 πάντων
3431 5172 3539 5225 τῶν
3581 5176 3745 5236 λαῶν,

483 5245 700 5291 sentem
726 5256 738 5291 :
764 5238 1006 5297 Laudate
1022 5244 1325 5312 Dominum,
1347 5265 1523 5304 omnes
1545 5261 1755 5321 gentes;
1773 5253 2060 5310 adlaudate

2178 5254 2301 5307 ιατά
2328 5254 2418 5309 τὸν
2449 5257 2772 5331 ἱεροψάλτην
2796 5260 3025 5328 λέγοντα
3051 5278 3064 5291 ·
3110 5263 3343 5317 Αἰνεῖτε
3369 5264 3472 5317 τόν
3507 5268 3745 5334 Κύριον,

429 5370 437 5409 ὅ
483 5338 625 5416 cuin,
653 5340 831 5416 omnes
859 5332 1039 5401 populi
1069 5334 1132 5389 ".
1166 5334 1272 5391 Sed
1293 5345 1350 5392 et
1388 5338 1578 5395 Daniel
1613 5343 1722 5397 ait:
1753 5343 1939 5400 Omnes
1964 5363 2058 5416 po-

481 5410 613 5479 puli,
649 5415 834 5483 tribus,
867 5428 915 5473 et
951 5421 1145 5493 lingua:
1170 5428 1395 5484 servient
1425 5431 1473 5484 ei
1493 5432 1560 5486 “.

552 5623 672 5714 ᾚῘ
702 5627 830 5714 92‘1-
857 5636 1096 5714 Ῡ¹¹¹νὲἶε
1124 5710 1135 5714 -
1159 5643 1216 5714 _"'
1234 5643 1412 5714 Βοῦν·
1446 5664 1543 5714 vn.

491 5684 540 5720 ³⁸
562 5690 670 5748 ιιι.
703 5707 836 5761 ιιιι,
860 5684 1200 5761 ιζ”’²ἶ’ίὶ›ω.
1233 5684 1319 5765 ἑὶἶ

1398 5717 1444 5751 ²⁸
1475 5717 1616 5773 Psal.
1649 5736 1792 5787 ωλι,
1828 5726 1878 5777 l.

2159 5341 2358 5398 πάντα
2404 5346 2475 5400 τὰ
2538 5348 2682 5417 ἔθνη
2708 5365 2721 5380 θ
2772 5350 3128 5406 ἐπαινέσιιτε
3194 5354 3382 5407 α’ὺτόν
3422 5355 3645 5422 πάντες
3691 5360 3747 5411 οι

2163 5437 2321 5490 λαοί.
2361 5438 2471 5492 Καὶ
2503 5441 2531 5492 ὁ
2558 5442 2759 5513 Δανιὴλ
2794 5461 2987 5514 φησιν’
3022 5445 3249 5512 Πάντες
3282 5449 3336 5500 οἱ
3359 5448 3520 5513 λαοὶ,
3555 5448 3744 5517 φυλαὶ

2160 5531 2255 5584 καὶ
2298 5531 2570 5601 γλῶσσαι
2609 5535 2768 5603 αὐτῷ
2807 5537 3275 5597 δουλεύσουσιν.
3438 5544 3441 5547 ’

1592 5652 1678 5706 19.
1760 5653 1802 5686 ’⁷
1830 5654 1961 5709 Luc.
2001 5674 2056 5717 ιι,

1592 5746 1616 5773 ι.
1649 5736 1792 5786 om,
1828 5726 1878 5777 Ι.
1954 5727 1999 5757 ’⁸
2023 5728 2074 5780 l):

2189 5660 2477 5785 HI”|f”sal.
2506 5682 2726 5734 LXXXVI,
2764 5668 2815 5723 7.
2898 5673 2940 5704 ¹⁹
2973 5672 3107 5727 ibid.
3133 5674 3220 5729 30.
3301 5676 3346 5708 '°
3374 5675 3476 5731 lsa.
3502 5691 3651 5743 xxvn,
3688 5679 3739 5734 1.

2208 5748 2215 5759 ’
2270 5773 2282 5786 .
2344 5752 2394 5786 ιε.
