3956 6220
308 327 437 392 1577

1486 328 1739 389 SERMO
1774 327 1854 390 IN
1892 330 2034 390 SYM
2050 329 2324 394 EONEM.

3388 335 3428 398 J
3439 340 3543 403 578

372 436 500 502 Φῶς
548 438 636 503 είς
669 437 1060 506 ἀποκάλυψιν
1100 436 1309 492 ἐθνῶν.
1358 437 1536 508 Ὅπερ
1572 437 1740 501 ἐστὶν,
1793 439 1871 497 εις

2046 433 2243 490 Lumen
2277 440 2347 491 ad
2382 438 2745 493 reuelationem
2774 442 3007 509 gentium
3029 441 3094 497 ".
3126 440 3330 512 Nempe
3351 445 3418 498 ad
3445 446 3553 502 hoc

300 528 594 597 ἀνάϐλεψιν
638 529 734 581 καὶ
785 531 864 590 είς
919 530 1235 597 φωτισμὸν,
1286 528 1395 581 τῶν
1450 528 1774 598 καθημένων
1818 531 1873 580 ἐν

303 618 484 672 σκότει
524 618 616 669 καὶ
646 617 775 687 σκιᾷ
820 617 1071 681 θανάτου,
1117 616 1322 670 ἐθνῶν·
1359 615 1467 670 Kal
1504 616 1695 681 δόξαν
1721 614 1876 670 λαοῦ

300 726 417 763 σου
455 706 720 777 Ἰσραήλ.
760 706 823 760 Ei
856 708 965 778 γὰρ
1004 708 1100 762 καὶ
1134 707 1209 778 μὴ
1240 708 1438 771 πάντες
1467 708 1516 760 οἱ
1546 706 1622 770 ὲξ⁹
1666 705 1877 777 Ἰσραὴλ

302 804 650 863 ἐπίστευσαν,
700 798 815 851 ἀλλ’
843 795 936 852 οὖν
985 799 1048 852 τὸ
1094 798 1443 868 κατάλειμμα
1488 797 1774 857 σέσωσται,
1819 794 1879 860 ἐξ

303 884 380 946 ὧν
408 892 653 962 ὑπῆρχον
678 891 733 944 οἵ
774 908 832 943 τε
872 890 1133 962 μακάριοι
1164 889 1257 942 τοῦ
1286 887 1526 961 Χριστοῦ
1565 887 1875 948 ἀπόστολοι,

305 981 401 1035 καὶ
436 982 613 1052 ἕτεροί
661 997 804 1044 τινες
835 981 944 1033 τῶν
978 968 1409 1033 πιστευσάντων.
1462 979 1572 1032 Καὶ
1611 979 1672 1030 οὐ
1718 978 1878 1048 μόνον

305 1069 484 1134 τοῦτο,
506 1070 642 1122 ἀλλὰ
669 1070 765 1124 ml.
792 1070 952 1132 αὐτὸς
981 1071 1010 1122 6
1040 1069 1261 1143 Κύριος,
1281 1070 1346 1122 ὲκ
1376 1067 1475 1138 τῆς
1506 1067 1674 1121 Ἰούδα
1705 1067 1879 1135 φυλῆς

305 1165 436 1234 ἡμῖν
465 1162 843 1218 ἀνατέταλκεν.
875 1156 1042 1225 Οὗτος
1086 1160 1194 1231 γὰρ
1231 1163 1260 1213 6
1291 1160 1481 1230 Σωτὴρ
1526 1158 1657 1231 περὶ
1685 1157 1878 1212 ἑαυτοῦ

303 1253 499 1322 λέγων,
539 1252 804 1323 ἔφασκενο
844 1251 973 1303 Ὅτι
1017 1252 1056 1319 ἡ
1110 1250 1375 1316 σωτηρία
1423 1248 1494 1302 ἐκ
1554 1246 1673 1301 τῶν
1730 1248 1878 1302 ἰου-

304 1342 488 1396 δαίων
511 1343 701 1399 ἐστίν.
731 1340 936 1395 Τούτου
966 1341 1128 1413 χάριν
1154 1340 1347 1412 φησίν*
1370 1339 1482 1394 Kal
1509 1340 1700 1406 δόξαν
1722 1340 1878 1395 λαοῦ

305 1450 421 1489 σου
472 1435 740 1503 Ἰσραήλ.

375 1527 485 1581 Kal
528 1523 607 1598 ἦν
654 1530 688 1582 ό
736 1524 934 1595 πατὴρ
978 1526 1167 1582 αὐτοῦ
1201 1525 1299 1580 καί
1331 1528 1370 1596 ή
1404 1526 1623 1596 μήτηρ,
1664 1524 1884 1594 θαυμά-

304 1615 503 1684 ζοντες
547 1618 648 1672 ἐπὶ
701 1617 824 1685 τοῖς
870 1617 1221 1687 λεγομένοις
1248 1618 1382 1684 περὶ
1412 1617 1622 1672 αὐτοῦ.
1681 1618 1744 1670 El
1773 1617 1882 1687 γὰρ

306 1708 404 1763 καὶ
443 1705 585 1780 ἦσαν
616 1710 980 1781 μεμυημένοι,
1014 1712 1049 1782 ἦ
1092 1728 1149 1764 τε
1197 1709 1433 1781 Μαριὰμ
1477 1711 1571 1763 καὶ
1598 1711 1626 1762 6
1684 1709 1880 1778 Ἰωσὴφ

1978 535 2036 580 ιιι
2067 535 2274 597 gentes,
2311 544 2430 598 quae
2464 529 2519 583 in
2552 530 2788 586 tenebris
2810 546 2873 586 ac
2898 532 3086 587 umbra
3117 534 3308 589 mortis
3332 536 3544 600 sedent,

1981 617 2151 671 visum
2177 634 2243 673 ac
2279 618 2461 674 lumen
2504 620 2789 690 recipiant.
2836 622 2906 676 Et
2958 623 3184 692 gloriam
3239 625 3401 693 plebis
3442 636 3550 681 tua:

1976 705 2166 761 Israel.
2209 707 2528 779 Quanquam
2567 710 2713 774 enim
2745 725 2854 765 non
2877 727 3070 768 omnes
3102 715 3205 768 orti
3245 731 3313 770 ex
3350 716 3552 773 Israele

1977 798 2357 864 crediderunt,
2396 798 2637 869 reliquia:
2666 809 2848 855 tamen
2879 801 3044 858 salvae
3072 802 3228 861 factte
3266 815 3435 873 sunt;
3482 823 3554 864 ex

1979 889 2176 957 quibus
2202 890 2442 957 fuerunt,
2473 900 2587 945 tum
2616 892 2757 946 beati
2787 891 2993 947 Christi
3022 895 3273 963 apostoli,
3316 905 3428 951 tum
3455 896 3549 951 alii

1977 979 2196 1048 quidam
2226 980 2433 1037 ﬁdeles.
2460 981 2572 1037 Nec
2599 982 2652 1036 id
2682 982 2863 1048 modo,
2890 985 3025 1053 quin
3056 995 3112 1039 et
3142 985 3259 1054 ipse
3289 985 3550 1041 Dominus

1979 1080 2189 1135 noster,
2224 1087 2289 1126 ex
2332 1073 2477 1128 tribu
2500 1073 2664 1128 nobis
2684 1073 2821 1129 Juda
2858 1083 3082 1131 exortus
3105 1084 3211 1131 est.
3243 1076 3365 1146 Ipse
3391 1091 3551 1132 nam-

1978 1178 2085 1232 que
2124 1161 2373 1219 Salvator
2400 1164 2468 1219 de
2496 1180 2557 1219 se
2586 1164 2701 1234 ipse
2728 1165 2977 1235 loquens,
3018 1167 3269 1233 dicebat,
3300 1166 3437 1232 Quia
3463 1186 3553 1223 sa-

1979 1259 2063 1308 tus
2099 1270 2162 1307 ex
2185 1252 2386 1309 Iudicis
2414 1263 2510 1311 est.
2544 1255 2750 1312 Idcirco
2770 1257 2882 1312 ait:
2912 1255 2977 1310 Et
3004 1256 3231 1328 gloriam
3258 1259 3421 1327 plebis
3449 1268 3557 1314 tua:

1980 1345 2153 1401 Israel
2180 1347 2245 1402 ’⁷.

1997 1570 2001 1574 .
2052 1527 2121 1580 Et
2144 1537 2297 1580 erant
2330 1535 2483 1597 pater
2509 1526 2624 1597 ejus
2658 1537 2707 1581 et
2736 1536 2907 1582 mater
2972 1528 3224 1583 mirantes
3275 1544 3433 1600 super
3475 1528 3556 1586 Itis

1983 1629 2099 1683 qua:
2130 1614 2442 1668 dicebantur
2470 1615 2536 1670 de
2573 1615 2667 1669 illo
2699 1614 2765 1669 “.
2804 1613 3125 1685 Quanquam
3170 1617 3316 1672 enim
3346 1619 3557 1676 didice-

1984 1712 2108 1758 rant
2130 1704 2294 1759 Maria
2328 1704 2532 1774 pariter
2557 1721 2621 1760 ac
2646 1706 2871 1785 Josepb,
2903 1708 3049 1776 quod
3081 1708 3148 1762 ad
3174 1724 3404 1778 puerum
3426 1724 3555 1781 spe-

304 1798 368 1852 τὸ
393 1778 521 1870 περὶ
556 1799 650 1853 τοῦ
687 1778 923 1871 βρέιρους
955 1778 1353 1872 μυστήριονίή
1390 1778 1486 1869 μὲν
1529 1800 1618 1855 διὰ
1647 1799 1739 1854 τοῦ
1774 1800 1876 1854 Γα-

1987 1793 2165 1848 ctabat
2207 1795 2524 1857 mysterium
2553 1812 2566 1849 :
2597 1794 2765 1850 Maria
2799 1780 3018 1865 quidem
3038 1835 3053 1862 ,
3090 1795 3358 1853 Gabrielis
3389 1778 3553 1855 voce:

307 1889 505 1960 ϐριὴλ,
553 1891 614 1944 οὐ
666 1891 773 1962 μὴν
827 1891 964 1947 ἀλλὰ
996 1893 1091 1946 καὶ
1121 1893 1212 1946 διὰ
1237 1892 1332 1945 τοῦ
1380 1891 1696 1962 Πνεύματος
1738 1892 1883 1945 διδα-

306 1981 497 2053 χθεῖσα
532 1982 657 2053 περὶ
685 1984 784 2053 τῆς
826 1984 922 2037 τοῦ
952 1984 1280 2053 τικτομένω
1314 1984 1566 2055 θεότητος
1585 1998 1598 2012 ·
1646 1985 1676 2037 6
1708 1982 1766 2036 δὲ
1795 1982 1884 2037 διὰ

306 2071 402 2125 τοῦ
445 2072 825 2144 ἀρχαγγέλουσ
875 2073 973 2141 Μὴ
1024 2073 1293 2144 φοϐηθῇς
1338 2073 1709 2142 παραλαϐεῖν
1757 2078 1882 2129 Μα-

299 2160 448 2229 ριὰμ
494 2159 609 2229 τὴν
643 2160 899 2230 γυναῖκά
928 2178 1066 2216 σου.
1116 2162 1185 2216 Τὸ
1235 2163 1344 2231 γὰρ
1396 2163 1467 2217 ἐν
1500 2160 1654 2231 αὐτῇ
1682 2179 1884 2232 γεννη-

306 2249 434 2313 θὲν,
480 2251 549 2305 ἐκ
598 2253 942 2321 Πνεύματός
983 2253 1157 2307 ἐστιν
1185 2255 1396 2323 ἁγίου·
1432 2253 1545 2308 ἀλλ’
1591 2254 1740 2324 ὅμως
1789 2255 1884 2309 καὶ

307 2341 482 2394 ταῦτα
504 2359 568 2411 με
578 2344 1093 2414 μυσταγωγημένοι,
1115 2343 1424 2415 ἐθαύμαζον
1454 2346 1884 2418 ἐκπληττόμενοι

309 2432 409 2484 ἐπὶ
437 2433 559 2498 τοῖς
582 2434 931 2503 λεγομένοις
972 2436 1106 2504 περὶ
1150 2436 1363 2493 αὐτοῦ.

383 2525 493 2578 Kal
538 2527 875 2595 εὐλόγησεν
906 2528 1127 2594 αὐτοὺς
1172 2528 1432 2598 Συμεών.
1482 2529 1885 2599 Ἀποδεχόμεθά

314 2633 409 2669 σου
440 2616 631 2686 τῆν’ἐκ
676 2617 826 2682 θείας
872 2620 1093 2690 ἀγάπης
1141 2619 1483 2690 θερμοτάτην
1535 2620 1790 2689 πρόθεσιν
1839 2615 1884 2673 ὧ

313 2706 558 2777 Συμεών.
593 2709 654 2761 El
683 2708 792 2779 γὰρ
828 2709 919 2762 καὶ
947 2710 1206 2781 ἀνώτεροι
1244 2711 1420 2783 πάσης
1447 2710 1694 2778 εὐλογίας
1722 2710 1883 2779 ἐτύγ-

314 2812 499 2866 χανον,
538 2797 574 2868 ἦ
606 2814 663 2850 τε
692 2796 926 2851 τεκοῦσα
980 2798 1165 2869 μήτηρ
1199 2798 1400 2868 ὁμοίως
1435 2803 1530 2853 καὶ
1564 2800 1624 2851 τὸ
1656 2798 1881 2869 βρέφος

312 2886 426 2941 ἀλλ’
455 2888 577 2941 ἀντὶ
602 2887 910 2957 δοξολογίας
939 2890 1317 2959 προσήγαγεν·
1353 2889 1542 2959 ὥσπερ
1572 2891 1764 2958 ἀμέλει
1790 2891 1886 2945 καὶ

311 2979 365 3031 oi
413 2982 470 3032 ἐν
516 2978 797 3033 Βαϐυλῶνι
842 2983 990 3050 τρεῖς
1039 2981 1245 3043 παῖδες.
1304 2982 1411 3034 Καὶ
1456 2983 1563 3052 γὰρ
1594 2984 1790 3035 ἐκεῖνοι
1824 2982 1882 3034 οὐ

316 3070 476 3140 μόνον
502 3072 599 3134 τὰς
631 3072 925 3140 ἁγγελικὰς
951 3073 1231 3142 δυνάμεις,
1262 3076 1360 3127 καὶ
1392 3077 1573 3128 πᾶσαν
1601 3074 1885 3146 ἀνθρωπό-

313 3179 473 3234 τητα,
525 3165 661 3219 ἀλλὰ
700 3165 794 3219 καὶ
830 3166 931 3234 τὴν
953 3165 1162 3237 ἄψυχον
1198 3166 1292 3220 καὶ
1331 3166 1657 3238 ἀναίσθητον
1685 3167 1884 3231 κτίσιν,

312 3256 394 3318 είς
422 3256 488 3309 τὸ
516 3255 756 3325 εὐλογεῖν
790 3256 884 3311 τὸν
919 3258 1053 3312 Θεὸν
1081 3258 1505 3330 προετρέῲαντο,
1533 3259 1887 3329 ἀποπληροῦ-

314 3359 415 3398 σαν
441 3343 543 3417 τὴν,
566 3345 839 3414 εὐλογίαν,
869 3345 946 3411 ὡς
977 3346 1217 3418 εἴρηται,
1265 3346 1353 3400 διὰ
1379 3345 1475 3401 τοῦ
1501 3347 1745 3417 εὐλογεῖν
1786 3348 1887 3419 τὴν

311 3438 392 3500 είς
413 3436 476 3490 τδ
492 3437 648 3491 Θεῖον
675 3436 1003 3506 δοξολογίεν.
1037 3438 1192 3492 Κατὰ
1222 3438 1409 3492 τοῦτον
1439 3438 1619 3492 τοίνυν
1644 3440 1734 3491 τδν
1756 3440 1884 3508 τρό-

311 3544 434 3593 πον,
469 3529 564 3583 καὶ
601 3531 631 3583 6
663 3528 887 3599 Συμεὼν
931 3530 1025 3584 ἐπὶ
1067 3530 1162 3584 τοῦ
1224 3530 1491 3595 παρόντος
1540 3531 1887 3597 εὐλόγησεν

292 3619 554 3685 αὐτοὺς,
572 3620 669 3674 καὶ
690 3617 861 3674 εἶπεν
886 3621 1037 3689 πρὸς
1051 3620 1286 3690 Μαριὰμ
1301 3619 1414 3688 τὴν
1425 3620 1654 3689 μητέρα
1672 3621 1882 3676 αὐτοῦ.

313 3712 432 3764 Τίνι
461 3710 627 3779 λόγῳ,
676 3711 751 3783 μὴ
777 3711 854 3782 τῷ
884 3712 1227 3781 νομιζομένῳ
1247 3710 1414 3779 πατρὶ
1431 3711 1532 3780 τῆς
1549 3714 1886 3782 προφητείας

312 3799 465 3857 εἶπεν
497 3805 524 3855 6
545 3801 769 3873 Συμεὼν
786 3802 852 3856 τὰ
877 3801 1272 3874 ῥήματα.ἀλλὰ
1301 3801 1500 3869 μᾶλλον
1522 3806 1590 3873 τῇ
1614 3804 1883 3875 Μαριάμ;

312 3895 498 3961 ἐπειδὴ
524 3893 740 3965 ᾔδειώς
772 3893 1238 3964 πνευματοφόρος,
1287 3892 1466 3964 ἀληθῆ
1514 3892 1607 3947 τοῦ
1651 3893 1885 3964 βρέφους

314 3983 525 4054 μητέρα
557 3981 847 4052 τυγχάνειν
868 3982 966 4050 τὴν
988 3980 1208 4051 Μαρίαν
1227 3995 1241 4011 ο
1266 3978 1358 4034 τὸν
1403 3979 1601 4049 Ἰωσὴφ
1629 3979 1686 4031 δὲ
1723 3978 1886 4051 μέχρι

309 4072 466 4142 ψιλοῦ
496 4074 589 4127 καὶ
621 4074 784 4141 μόνου
817 4073 1101 4142 ὀνόματος,
1136 4073 1232 4142 τῆς
1254 4072 1349 4125 τοῦ
1381 4071 1584 4142 πατρὸς
1614 4087 1888 4142 προσηγο-

312 4165 432 4232 ρίας
460 4163 802 4219 ἀπολαύοντα
820 4180 835 4196 ’
866 4162 1053 4235 ἐπειδὴ
1082 4165 1184 4217 οὐκ
1214 4166 1277 4216 ὲκ
1312 4164 1629 4234 σπέρματος
1656 4163 1848 4234 ἀνδρός
1868 4177 1882 4191 ⁸

311 4255 430 4309 ἀλλ’
473 4257 537 4309 ἐκ
586 4255 902 4326 Πνεύματος
941 4254 1098 4322 ἁγίου
1149 4256 1180 4325 ἡ
1226 4253 1325 4323 τῆς
1365 4253 1744 4325 ἀπειρογάμου
1791 4254 1886 4305 καὶ

311 4346 475 4415 ἁγίας
498 4345 774 4418 Παρθένου
801 4346 1068 4417 κυοφορία
1092 4345 1338 4413 γέγονεν.
1366 4344 1572 4398 Τούτου
1602 4345 1760 4414 χάριν
1792 4361 1887 4396 κα-

1988 1900 2089 1939 ncc
2116 1886 2167 1939 id
2201 1885 2383 1946 modo,
2409 1901 2600 1941 verum
2626 1887 2792 1941 etiam
2816 1903 2846 1942 a
2876 1887 3079 1957 Spiritu
3103 1898 3292 1944 sancto
3316 1891 3557 1945 nascitu-

1986 1991 2060 2030 ra:
2092 1976 2258 2045 prolis
2291 1976 2484 2032 edocm
2520 1977 2861 2033 divinitatem
2898 1996 2912 2032 :
2943 1976 3144 2049 Ioseph
3187 1989 3367 2035 autem
3389 2022 3405 2049 ,
3459 1997 3557 2051 per

1984 2066 2369 2137 archangelum
2415 2066 2726 2123 dicentem:
2763 2068 2891 2123 Noli
2925 2070 3108 2124 limere
3145 2071 3382 2140 accipere
3428 2070 3557 2127 Ha-

1987 2157 2125 2210 riam
2153 2158 2426 2229 conjugem
2458 2167 2605 2213 tuam
2635 2173 2653 2211 :
2683 2161 2822 2230 quod
2848 2161 2987 2215 enim
3017 2162 3072 2215 in
3090 2179 3150 2215 ea
3167 2172 3351 2217 uatum
3376 2173 3473 2228 est,
3492 2171 3558 2219 de

1984 2247 2188 2318 Spiritu
2218 2259 2397 2304 sancto
2413 2260 2487 2304 est
2518 2251 2564 2283 "
2585 2269 2599 2304 :
2624 2251 2860 2313 tametsi,
2890 2252 3134 2322 inquam,
3165 2254 3267 2308 ista
3294 2254 3557 2310 divinitus

1984 2338 2163 2393 edocti
2186 2348 2362 2401 erant,
2396 2340 2736 2396 mirabantur
2760 2351 2939 2397 tamen
2974 2358 3038 2398 ac
3075 2344 3369 2414 stupebant
3402 2362 3558 2413 super

1984 2430 2065 2484 his
2095 2446 2211 2500 qua:
2238 2432 2546 2485 dicebantur
2567 2434 2630 2486 de
2658 2431 2773 2486 illo.

2057 2521 2125 2575 Et
2153 2522 2410 2576 benedixit
2426 2522 2533 2577 illis
2550 2522 2782 2592 Symeon
2800 2524 2864 2578 ³ο.
2898 2523 3206 2582 Laudamus
3234 2526 3558 2597 probamus-

1987 2628 2092 2681 que
2130 2621 2301 2679 tuam,
2338 2629 2372 2666 ο
2406 2613 2661 2684 Symcon,
2707 2629 2772 2668 ex
2820 2615 3220 2672 ferventissima
3268 2619 3561 2675 dilectione

1989 2702 2338 2758 voluntatem.
2371 2705 2689 2775 Quanquam
2719 2708 2865 2763 enim
2915 2709 3078 2764 etiam
3122 2712 3268 2766 omni
3328 2713 3562 2769 benedi-

1988 2794 2167 2847 ctione
2191 2809 2502 2864 supertorcs
2526 2807 2700 2863 erant,
2746 2799 2917 2854 Mater
2951 2802 3154 2869 pariter
3180 2819 3468 2874 puerpera,
3496 2820 3562 2861 ac

1988 2884 2149 2949 Puer,
2174 2885 2503 2943 laudationis
2532 2896 2713 2943 tamen
2736 2891 2857 2946 loco
2880 2907 2999 2947 eam
3030 2893 3227 2948 obtulit
3257 2912 3271 2948 :
3303 2911 3366 2950 ea
3394 2895 3560 2951 nimi-

1988 2994 2106 3031 rum
2138 2979 2369 3043 ratione,
2387 2995 2492 3049 qua
2516 2982 2670 3050 pueri
2696 2993 2806 3037 tres
2826 2982 2882 3037 in
2903 2981 3197 3054 Babylone.
3221 2984 3359 3039 Nam
3380 2995 3437 3043 et
3461 2985 3560 3051 illi,

1914 3103 1959 3165 Ο
1989 3069 2189 3123 nedum
2224 3070 2456 3126 virtutes
2484 3072 2777 3141 angelicas,
2816 3072 3245 3145 universumque
3277 3076 3563 3132 hominum
3616 3120 3625 3123 τ

1988 3175 2198 3228 genus,
2246 3175 2436 3216 verum
2481 3162 2647 3217 etiam
2699 3164 2914 3220 ratione
2961 3180 3028 3220 ac
3070 3181 3242 3222 sensu
3269 3166 3565 3235 destitutas

1989 3268 2095 3319 res,
2129 3253 2197 3307 ad
2221 3253 2652 3310 benedicendum
2679 3256 2786 3309 Dro
2816 3256 3191 3323 hortabantur,
3223 3257 3565 3314 benedictio-

1987 3360 2112 3401 nem
2143 3344 2451 3415 implentes,
2484 3346 2944 3415 quemadmodum
2981 3346 3188 3403 dictum
3227 3359 3337 3413 est,
3371 3362 3563 3418 prose-

1987 3436 2204 3505 quendo
2246 3437 2428 3492 verbis
2467 3437 2680 3493 divinas
2719 3437 2928 3493 Iaudes.
2975 3435 3087 3493 Hac
3131 3439 3315 3508 itaque
3353 3440 3565 3494 ratione

1986 3524 2151 3578 etiam
2179 3526 2411 3595 Symeon
2448 3526 2940 3596 impraesentiarum
2969 3525 3075 3580 illis
3094 3526 3376 3587 benedixit,
3405 3532 3453 3577 et
3479 3524 3565 3576 di-

1984 3616 2063 3670 xit
2085 3619 2156 3670 ad
2172 3616 2398 3671 Mariam
2420 3628 2641 3672 matrem
2663 3618 2796 3686 ejus.
2821 3619 3094 3682 Quorsum
3113 3612 3221 3681 ille,
3241 3629 3352 3669 non
3377 3621 3565 3683 putato

1987 3707 2125 3776 patri
2173 3708 2311 3762 dixit
2349 3709 2651 3778 prophetia:
2691 3709 2880 3770 verba,
2912 3708 3009 3762 sed
3048 3706 3219 3776 magis
3247 3705 3315 3760 ad
3341 3704 3563 3760 Mariam

1988 3807 2217 3852 matrem
2241 3798 2360 3868 eius
2388 3798 2632 3852 direxit?
2660 3798 2816 3863 Quod
2841 3798 3099 3852 nimirum
3124 3804 3380 3868 tanquam
3421 3796 3561 3852 divi-

1988 3904 2060 3943 no
2092 3889 2299 3958 Spiritu
2336 3887 2547 3944 amatus
2573 3888 2758 3954 sciret,
2789 3887 3012 3943 Mariam
3046 3903 3229 3944 veram
3258 3903 3382 3943 esse
3408 3887 3564 3958 pueri

1986 3978 2563 4048 matrem,.losephum
2591 3987 2812 4043 autem,
2855 3978 3078 4034 nomine
3123 3987 3282 4033 tenus
3325 3986 3561 4043 tantum,

1987 4071 2158 4141 patris
2181 4071 2588 4140 nuncupatione
2614 4071 2858 4141 pollere:
2885 4070 3032 4141 quod
3057 4084 3168 4125 non
3214 4085 3280 4125 ex
3332 4070 3430 4125 viri
3471 4085 3563 4124 se-

1987 4162 2175 4226 mine,
2224 4161 2318 4216 sed
2363 4161 2430 4216 de
2478 4161 2683 4229 Spiritu
2737 4170 2950 4222 sancto,
2998 4160 3226 4230 innupta
3266 4174 3331 4215 ac
3374 4168 3565 4216 sancta

1987 4251 2152 4323 Virgo
2210 4252 2570 4321 concepisset.
2636 4250 3003 4318 Quamobrem
3058 4251 3252 4306 relicto
3325 4249 3559 4322 Symeon

1988 4344 2299 4401 existimato
2325 4358 2390 4398 ac
2422 4343 2646 4399 nomine
2702 4354 2866 4399 tenus
2912 4351 3095 4413 patre,
3128 4342 3196 4397 ad
3228 4357 3413 4396 veram
3447 4340 3562 4396 Ma.

313 4438 553 4492 ταλιπὼν
584 4441 612 4492 6
646 4437 870 4508 Συμεὼν
895 4439 987 4492 τὸν
1014 4438 1231 4509 δοκήσει
1263 4438 1357 4490 καὶ
1391 4438 1617 4507 ὀνόματι
1646 4436 1880 4507 πατέρα,

1990 4445 2127 4492 trem
2154 4450 2461 4491 sermonem
2501 4436 2793 4501 convertit,
2823 4436 3012 4493 dicens
3045 4451 3059 4488 :
3094 4434 3231 4490 Ecce
3255 4436 3337 4490 hic
3362 4435 3564 4504 positus

312 4527 448 4595 πρὸς
481 4527 581 4595 τὴν
617 4528 791 4597 ἀληθῆ
836 4528 1049 4598 μητέρα
1097 4528 1221 4590 τοὺς
1251 4527 1439 4595 λόγους
1472 4527 1766 4597 πεποίηται
1794 4526 1883 4579 λέ-

312 4631 425 4683 γων
446 4633 459 4647 ·
506 4616 651 4669 ιδοὺ
682 4614 861 4682 οὗτος
889 4618 1077 4670 κεῖται
1101 4620 1189 4681 εἰς
1218 4616 1451 4685 πτῶσιν
1494 4617 1594 4671 καί
1619 4615 1887 4671 ἀνάστα-

308 4722 416 4761 σιν
471 4707 718 4760 πολλῶν
764 4707 834 4759 ἐν
891 4705 972 4771 τῷ
1037 4708 1323 4775 Ἰσραή.1·“
1363 4707 1462 4760 καὶ
1506 4710 1594 4773 είς
1638 4706 1888 4776 σημεῖον

308 4796 808 4866 ἁντιλεγόμενονβ
857 4799 937 4860 εἰς
975 4798 1183 4851 πτῶσιν
1226 4799 1326 4868 μὲν
1354 4799 1463 4865 τῶν
1497 4798 1766 4865 ἀπίστων,
1809 4800 1890 4862 ei;

306 4887 605 4941 ἀνάστασιν
645 4888 701 4940 δὲ
748 4888 856 4940 τῶν
911 4889 1276 4944 πιστευόντων
1309 4906 1322 4920 ·
1383 4892 1442 4943 οὐ
1502 4890 1595 4944 τοῦ
1648 4890 1882 4963 βρέφους

306 4982 479 5036 αίτίου
506 4981 801 5051 γενομένου
828 4983 939 5043 τοῖς
972 4982 1071 5052 μὲν
1109 4982 1395 5050 πτώσεως,
1423 4986 1538 5046 τοῖς
1564 4983 1624 5035 δὲ
1653 4985 1887 5037 ἀναστά-

308 5093 468 5141 σεως,
514 5078 649 5133 ἀλλὰ
686 5078 787 5147 τῆς
833 5058 1039 5142 οὶιιείας
1090 5079 1325 5132 ἑκάστου
1374 5078 1768 5149 προαιρέσεως,
1812 5078 1887 5141 ὡς

309 5169 455 5222 ἔστιν
501 5173 565 5222 ἐκ
632 5171 842 5223 πολλῶν
899 5170 1211 5242 μαρτυριῶν
1254 5171 1345 5223 τὸν
1402 5170 1563 5238 λόγον
1613 5170 1889 5224 πιστώσεις

313 5259 457 5313 σθαι.
494 5262 575 5314 Τὰ
608 5263 706 5331 μὲν
752 5262 846 5317 οὖν
889 5263 1072 5333 πλήθη
1120 5263 1227 5330 τῶν
1275 5262 1569 5328 Ἰουδαίων,
1621 5261 1887 5333 βλέποντα

309 5352 407 5414 τὰς
433 5353 720 5422 γινομένας
751 5352 1222 5425 θαυματουργίας,
1248 5353 1324 5424 τῷ
1351 5353 1562 5423 Σωτῆρι
1593 5352 1888 5424 προσέτρε-

311 5454 431 5508 χονι
479 5441 529 5493 ol
592 5440 647 5493 δὲ
702 5442 919 5511 ἀνόητοι
963 5443 1241 5512 ἀρχιερεῖς
1294 5442 1509 5509 ελεγον·
1573 5443 1885 5511 Δαιμόνιον

312 5529 436 5597 ἔχει
456 5545 470 5561 ·
514 5530 571 5580 τί
593 5531 842 5586 ἀκούετε
864 5533 1094 5597 αὐτοῦς
1124 5529 1254 5604 'Ap"
1284 5535 1382 5605 οὐχ
1406 5535 1456 5606 οἱ
1494 5534 1593 5604 μὲν
1622 5533 1889 5597 ἑκουσίως

402 5703 449 5737 ³⁸
471 5700 603 5756 Dan.
637 5716 731 5761 vn,
761 5699 847 5755 5'2.
920 5704 967 5735 "
998 5703 1156 5759 Joan.
1188 5722 1261 5771 Iv,
1286 5705 1377 5761 22.
1453 5707 1498 5740 ’⁸
1524 5706 1650 5760 ibid.
1681 5707 1771 5762 55.

522 5792 789 5867 ΡΑτιιοῐ..
835 5794 954 5855 Gn.
1006 5795 1209 5859 XCIII.

1849 5708 1893 5739 ²⁹
1927 5703 2116 5762 Matth.
2138 5720 2179 5772 ι,
2211 5705 2303 5764 20.

1985 4540 2059 4585 est
2108 4530 2166 4583 in
2213 4529 2426 4583 ruinam
2490 4538 2540 4583 et
2587 4530 2643 4582 in
2692 4530 3124 4584 resurrectionem
3166 4527 3451 4583 multarunt
3508 4529 3566 4581 in

1988 4621 2189 4686 Israel,
2221 4630 2269 4675 et
2303 4622 2360 4674 in
2385 4621 2593 4692 signum
2618 4659 2632 4684 ,
2678 4622 2762 4674 cui
2806 4621 3214 4675 contradicetur.
3248 4620 3306 4674 In
3349 4619 3564 4675 ruinam

1988 4713 2209 4783 quidem
2287 4727 2398 4766 non
2483 4712 2883 4778 credentium;
2970 4711 3024 4765 in
3106 4710 3561 4767 resurrectionem

1989 4813 2171 4859 autem
2251 4802 2614 4858 credentium.
2704 4797 3158 4871 Nonnunquam
3240 4816 3375 4871 puer
3449 4801 3569 4871 ipse

1989 4909 2151 4949 causa
2194 4893 2413 4948 futurus
2437 4901 2615 4958 esset,
2664 4909 2770 4964 qua
2805 4893 2983 4948 ruinae
3013 4893 3133 4948 aliis
3153 4934 3167 4959 ,
3204 4907 3308 4962 qua
3335 4893 3456 4947 aliis
3485 4906 3569 4947 re-

1989 4981 2369 5047 surrectionis,
2409 4982 2504 5037 sed
2544 4984 2763 5052 prepria
2791 4982 3059 5053 cujusque
3103 4983 3375 5043 voluntas,
3422 4990 3483 5036 ut
3512 4990 3569 5037 ct

1993 5074 2180 5128 multis
2213 5073 2540 5129 testimoniis
2587 5074 2714 5131 licet
2756 5075 3009 5145 probare.
3066 5073 3202 5135 Nam
3256 5062 3597 5130 ludreorum‘

1991 5165 2210 5236 quidem
2245 5165 2460 5235 vulgus,
2505 5179 2630 5221 cum
2660 5165 2919 5221 miracula
2944 5180 3068 5234 quae
3090 5165 3313 5231 ﬁebant,
3353 5165 3566 5235 aspice-

1994 5265 2137 5323 rent,
2168 5257 2243 5318 ad'
2278 5256 2615 5313 Salvatorem
2647 5257 3011 5311 accurrebant
3038 5275 3053 5310 :
3084 5267 3139 5310 at
3184 5256 3335 5313 stulti
3382 5254 3566 5327 ponti-

1992 5348 2122 5404 ﬁces
2146 5348 2402 5405 dicebant
2435 5367 2448 5402 :
2488 5347 2820 5402 Dcenwm‘um
2847 5347 3002 5402 habet
3030 5348 3072 5379 ³¹
3103 5363 3115 5398 :
3141 5346 3283 5413 Quid
3312 5361 3437 5403 eum
3465 5361 3567 5400 au-

1991 5436 2160 5493 ditis?
2188 5452 2373 5494 nonne
2403 5438 2584 5508 itaque
2616 5437 2670 5492 hi
2697 5438 2919 5507 quidem
2942 5446 3137 5509 sponte
3170 5437 3564 5509 resurgebant;

1996 5530 2161 5600 hique
2197 5528 2437 5585 vicissim
2458 5528 2663 5585 nedum
2694 5528 2799 5599 ipsi
2821 5529 3100 5584 voluntate
3122 5529 3410 5596 cadebant,
3434 5527 3569 5599 quin

2408 5703 2540 5760 ibid.
2576 5703 2666 5758 σι.
2746 5707 2786 5739 ³¹
2815 5704 3008 5760 Matth.
3035 5704 3212 5771 11,18.

3172 5796 3251 5857 60
