4024 6232
486 302 586 365 157

1472 301 1781 362 LEONTII
1813 298 2291 362 NEAPOLITAN
2299 303 2323 360 Ι
2362 300 2704 365 EPISCOI’I

3578 304 3702 374 1580

474 420 542 468 -'et
563 409 701 466 alios
736 409 944 480 pariter
968 406 1269 465 in-ruinam
1289 408 1686 478 impellebant?
1725 408 1860 462 Item
1883 423 2051 463 caecus

2160 408 2465 473 ἀνίσταντο,
2514 409 2563 461 oi
2607 408 2667 461 δὲ
2711 408 2973 473 ἑκουσίως
3015 410 3076 463 οὗ
3115 410 3275 480 μόνον
3310 408 3549 480 ἔπιπτον,
3577 418 3702 473 ἀλλά

478 510 611 559 eum
643 501 904 557 miraculo
932 500 1068 555 lucis
1098 514 1318 555 usuram
1366 499 1699 568 recepisset,
1748 498 1869 568 ejus
1898 540 1911 564 ,
1963 499 2057 568 qui

478 592 753 650 beneﬁcio
778 592 1144 664 ‘impertiisset
1170 589 1646 662 magniﬁcentiam
1692 598 1845 660 grato
1875 589 2058 643 animo

483 684 814 755 pradicabat
843 703 854 739 :
884 685 1187 755 praefracta
1240 700 1373 740 vero
1402 683 1645 739 audaciae
1677 682 1962 752 pontiﬁces
1994 696 2059 735 ac

482 777 735 832 seniores
763 818 776 840 ,
826 776 1083 832 dicebant
1109 794 1123 829 :
1159 777 1238 830 Da
1287 776 1516 846 gloriam
1542 773 1649 829 Deo
1675 790 1694 828 :
1721 790 1812 828 nos
1865 775 2056 828 scimus

484 870 611 939 quia
640 868 725 922 hic
749 868 901 922 homo
923 877 1165 936 peccator
1199 876 1272 922 est
1304 869 1372 924 ³².
1412 866 1520 921 Sed
1540 874 1604 921 et
1632 866 1831 920 iterum
1868 865 1924 919 in
1950 865 2057 918 ﬁlia

470 959 917 1030 ’arcbisynago‘gi,
948 967 1103 1028 pater
1132 958 1374 1027 quidem,
1411 957 1515 1011 title
1540 958 1826 1022 trahente,
1872 956 2056 1011 Jesum

484 1051 718 1106 accersit
752 1049 830 1117 ³³;
858 1062 1118 1105 (πιπτει-νηὶ
1148 1064 1273 1103 cum
1293 1048 1414 1103 Vita
1440 1048 1726 1119 perspicue
1747 1048 1930 1111 sciret,
1958 1062 2058 1101 suo

465 1143 725 1199 ‘adventu
763 1150 994 1198 mortem
1046 1142 1109 1196 in
1161 1141 1342 1212 fugam
1391 1140 1705 1195 vertendam
1738 1180 1754 1203 ,
1804 1153 2056 1193 somnum

462 1235 777 1304 'appellavit
812 1241 1081 1299 mortem;
1119 1248 1228 1287 non
1282 1241 1462 1285 autem
1512 1241 1742 1285 mortem
1776 1237 1871 1284 :at
1906 1229 2057 1284 stulti

484 1326 564 1382 illi
631 1325 772 1380 nihil
823 1325 1074 1381 deridere
1103 1323 1434 1379 verebantur
1462 1337 1619 1387 eum,
1670 1323 1764 1392 qui
1824 1329 2056 1376 mortem

485 1414 702 1487 Iugans,
735 1415 947 1470 reducit
979 1414 1046 1468 ad
1077 1413 1266 1467 vitam.
1325 1411 1566 1480 Denique
1605 1411 1659 1465 in
1692 1412 1805 1482 ipsa
1836 1413 2055 1467 salutari

432 1512 441 1523 '
467 1514 681 1569 'morte,
711 1507 845 1559 alter
865 1504 1081 1574 quidem
1112 1503 1387 1556 latronum
1422 1502 1786 1570 exprobrabat
1824 1503 2013 1558 dicens
2039 1522 2052 1557 :

483 1594 543 1651 Si
574 1596 742 1650 Filius
787 1594 883 1649 Dei
932 1611 1006 1659 es,
1039 1594 1246 1649 salvum
1277 1595 1362 1666 [ac
1392 1595 1721 1663 temetipsum
1755 1605 1804 1648 et
1850 1611 1942 1648 nos
1968 1596 2053 1662 ἐς

461 1697 513 1741 ’e
541 1694 729 1741 contra
762 1688 889 1740 vero
922 1685 1076 1748 alter,
1109 1684 1342 1740 alterum
1368 1725 1382 1749 ,
1415 1693 1476 1738 ut
1506 1696 1605 1753 par
1629 1691 1766 1746 erat,
1800 1684 2055 1754 increpa-

2158 498 2257 551 καὶ
2298 497 2521 564 ἑτέρους
2567 498 2647 561 είς
2693 498 2753 551 τὸ
2804 499 3004 568 πτῶμα
3049 501 3422 568 συνείλκοντο;
3476 505 3636 559 Πάλιν
3674 510 3701 563 6

2157 589 2377 659 τυφλὸς,
2418 589 2738 659 παραδόξως
2769 591 2864 644 τοῦ
2911 593 3085 660 φωτὸς
3116 593 3446 656 ἀπολαύσας,
3492 597 3585 667 τὴν
3615 600 3704 653 τοῦ

2158 678 2446 750 εὐεργέτου
2505 679 2904 749 μεγαλειότητα
2949 681 3289 752 εὐχαριστῶν
3322 685 3673 755 ἀνεκήρυττεν
3695 707 3706 720 ·

2154 769 2272 824 ἀλλ’
2299 770 2349 822 oi
2376 769 2673 840 πάντολμοι
2694 772 2969 842 ἀρχιερεῖς
2996 774 3095 825 καὶ
3116 773 3473 845 πρεσϐύτεροι
3500 777 3677 847 ἔλεγον
3695 797 3709 811 ·

2157 862 2268 928 Δὸς
2296 862 2484 927 δόξαν
2523 861 2604 928 τῷ
2632 863 2754 930 Θεῷ
2773 880 2788 896 ο
2829 865 3004 934 ἡμεῖς
3035 865 3281 934 οἴδαμεν
3317 867 3405 920 ὅτι
3433 872 3465 922 ό
3500 869 3712 938 ἀνθρω-

2158 969 2270 1020 πος
2310 949 2489 1020 οὗτος
2523 954 2871 1023 ἁμαρτωλός
2895 957 3084 1024 ἐστιν.
3120 959 3227 1011 Καὶ
3258 956 3413 1023 αὖθις
3442 961 3499 1015 δὲ
3531 963 3621 1015 ἐπὶ
3649 968 3712 1034 τῇ

2159 1045 2393 1116 θυγατρὶ
2447 1046 2540 1099 τοῦ
2609 1047 3095 1118 ἀρχισυναγώγου,
3146 1050 3178 1102 6
3235 1050 3337 1119 μὲν
3393 1053 3572 1123 πατὴρ
3623 1055 3716 1125 τῆς

2158 1137 2325 1206 κόρης
2353 1136 2533 1190 πίστει
2565 1136 2875 1207 ἑλκόμενος,
2910 1138 3003 1192 τὸν
3042 1138 3246 1210 Ἰησοῦν
3279 1145 3713 1212 μεταπέμπεταιι

2159 1228 2353 1297 σαφῶς
2394 1228 2451 1281 δὲ
2500 1230 2839 1298 γινώσκουσα
2872 1232 2923 1299 ’ὴ
2968 1230 3102 1302 ζωὴ,
3150 1229 3225 1295 ὡς
3273 1231 3361 1284 διά
3412 1230 3512 1301 τῆς
3562 1232 3717 1286 αὗτοῦ

2158 1319 2460 1390 παρουσίας
2491 1320 2846 1392 δραπετεύσει
2888 1322 2916 1375 6
2950 1321 3197 1385 θάνατος,
3248 1320 3416 1375 ὕπνον
3462 1323 3720 1377 ἀπεκάλει

2156 1409 2217 1463 τὸ
2260 1409 2458 1474 πάθος,
2503 1411 2596 1464 καὶ⁹
2634 1411 2753 1481 οὐχὶ
2801 1411 3056 1465 θάνατον·
3104 1413 3156 1466 oi
3202 1413 3258 1466 δὲ
3295 1412 3514 1482 ἀνόητοι
3556 1413 3717 1479 ὄντες,

2157 1499 2467 1571 καταγελᾷν
2496 1503 2556 1554 οὐ
2588 1501 2948 1572 παρῃτοῦντο,
2999 1502 3093 1555 τοῦ
3143 1503 3236 1557 τὸν
3269 1505 3500 1559 θάνατον
3552 1524 3721 1576 φυγα-

2157 1590 2425 1656 δεύοντος,
2461 1593 2555 1645 καὶ
2587 1592 2722 1663 πρὸς
2750 1593 2897 1663 ζωὴν
2929 1587 3313 1663 ἐπανάγοντος.
3358 1592 3469 1649 Καὶ
3499 1599 3555 1649 ὲν
3584 1597 3724 1667 αὐτῷ

2154 1680 2211 1734 δὲ
2246 1679 2323 1751 τῷ
2372 1682 2626 1752 σωτηρίῳ
2666 1681 2903 1752 σταυρῷ,
2948 1685 2976 1736 6
3016 1685 3113 1753 μὲν
3145 1684 3254 1737 τῶν
3290 1686 3507 1757 λῃστῶν
3535 1687 3722 1741 ὀνειδί-

462 1773 573 1832 τιιαι
602 1784 616 1832 :'
647 1786 808 1848 atque
847 1774 916 1830 ad
965 1775 1254 1831 Dominum
1300 1790 1598 1831 conversus
1639 1775 1899 1830 dicebat:
1939 1775 2051 1830 Meg

2157 1771 2264 1833 ζων
2288 1771 2506 1838 ἔλεγεν·
2538 1774 2607 1825 Et
2644 1773 2773 1838 Υἱὸς
2804 1768 2861 1825 εἷ
2891 1772 2996 1827 τοῦ
3029 1773 3196 1838 Θεοῦ,
3231 1773 3442 1829 σῶσον
3475 1777 3726 1831 σεαυτὸν

458 1876 655 1922 ‘mento
711 1867 811 1921 mei
860 1860 983 1921 cum'
1028 1866 1230 1921 veneris
1282 1866 1340 1919 in
1374 1882 1595 1936 regnum
1642 1874 1807 1920 tuum.
1844 1866 2054 1921 Idcirco

456 1954 696 2024 'merito,
740 1958 878 2030 grati
927 1958 1096 2011 animi
1142 1956 1338 2011 indicis
1382 1957 1742 2012 confessionis
1783 1955 2052 2026 ejusmodi

457 2034 724 2117 “praemio,
761 2046 1074 2116 paradisum
1115 2047 1300 2101 refert.
1338 2044 1505 2101 Vides
1558 2053 1619 2100 ut
1664 2045 1943 2101 voluntate
1984 2061 2050 2102 ex

456 2139 800 2195 '.iniidelitate
831 2138 1063 2206 cadant;
1099 2147 1268 2207 utque
1306 2148 1373 2192 ex
1414 2137 1524 2191 iide
1555 2137 1835 2193 voluntate
1873 2152 2055 2191 resur-

456 2230 649 2302 gant?
690 2230 965 2285 Caeterum
1015 2229 1117 2283 alia
1161 2243 1381 2298 quoque
1436 2226 1647 2283 ratione
1701 2227 1922 2298 impleta
1970 2238 2053 2282 est

455 2316 755 2377 'Simeonis
786 2314 1095 2392 prophetia.
1130 2319 1427 2375 Salvatoris
1451 2332 1688 2389 namque
1716 2318 2053 2389 dispensatio

478 2411 531 2466 in
561 2426 727 2466 carne
746 2449 761 2474 ,
807 2410 1025 2466 diabolo
1053 2409 1274 2479 quidem
1304 2408 1407 2463 fuit
1434 2408 1592 2462 ruina
1611 2449 1625 2474 ,
1655 2421 1719 2461 ac
1756 2405 2051 2462 immundis

477 2502 596 2572 ejus
628 2488 952 2573 spiritibus:
981 2500 1314 2556 resurrectio
1343 2507 1523 2554 autem
1547 2498 1634 2565 iis,
1653 2512 1792 2568 quos
1810 2497 1900 2552 ille
1922 2512 2052 2567 pro-

454 2591 732 2664 'ﬂigasset,
767 2606 830 2647 ac
845 2592 937 2662 qui
961 2591 1438 2663 mortistyrannidi
1470 2590 1763 2660 mancipati
1796 2589 2049 2644 fuissent.

484 2679 642 2738 Vides
671 2691 732 2736 ut
754 2695 889 2751 puer
919 2681 1131 2754 positus
1154 2682 1226 2737 sit
1261 2682 1318 2736 in
1357 2681 1571 2736 ruinam
1604 2688 1660 2736 et
1688 2680 2051 2749 resurrectio-

478 2786 601 2826 ncm
632 2772 970 2826 multorum?
993 2771 1100 2826 Sed
1124 2778 1180 2826 et
1212 2771 1267 2823 in
1291 2768 1499 2840 signum
1529 2770 1615 2822 cui
1640 2768 2047 2825 contradicetur.

476 2864 615 2919 Huic
655 2872 875 2935 queque
905 2863 1239 2919 convenient
1267 2861 1414 2916 dicta
1459 2861 1732 2931 superius.
1771 2859 1906 2914 Nam
1956 2862 2049 2930 qui

452 2968 584 3009 .non
615 2954 866 3017 credunt,
897 2946 1122 3009 omnino
1143 2950 1527 3008 contradicunt
1557 2968 1571 3004 :
1600 2949 1693 3021 qui
1720 2956 1901 3004 autem
1928 2963 2051 3004 cre-

364 3072 399 3083 ~
473 3044 628 3110 dunt,
646 3045 809 3114 plane
836 3042 1240 3117 assentiuntur.
1262 3040 1398 3096 Item
1427 3040 1806 3096 contradicunt
1825 3054 2050 3110 perver-

2140 1860 2260 1915 εκαὶ
2298 1860 2488 1930 ἡμᾶς’
2519 1863 2547 1915 6
2572 1862 2631 1915 δὲ
2679 1863 2990 1917 τούναντίον
3034 1863 3227 1935 ἐκείνῳ
3269 1865 3371 1934 μὲν
3401 1867 3724 1936 ἐπετίμησεν

2157 1950 2229 2004 τά
2270 1951 2497 2005 δέοντα·
2546 1953 2806 2022 στραφεὶς
2845 1953 2902 2006 δὲ
2948 1954 3087 2024 πρὸς
3118 1955 3208 2008 τὸν
3256 1954 3480 2025 Κύριον,
3512 1957 3721 2024 ἔλεγεν·

2157 2041 2476 2109 Μνήσθητί
2503 2060 2645 2112 μου.
2680 2044 2825 2097 ὅταν
2855 2044 3037 2113 ἔλθῃς
3065 2046 3135 2099 ἐν
3159 2044 3233 2115 τῇ
3272 2047 3563 2114 βασιλείᾳ
3591 2064 3720 2101 σου.

2159 2134 2322 2189 Ὅθεν
2360 2135 2583 2199 δικαίως
2613 2137 2721 2191 τῶν
2753 2140 2848 2208 τῆς
2890 2139 3311 2210 εὐγνωμοσύνης
3359 2141 3528 2195 αὐτοῦ
3561 2142 3730 2211 ῥημά-

2157 2242 2267 2279 των
2294 2226 2582 2297 κομίζεται
2612 2228 2706 2281 τὺν
2736 2230 3084 2300 παράδεισον.
3121 2230 3351 2295 Βλέπεις
3382 2232 3646 2295 ἑκουσίως
3672 2232 3728 2297 ἐξ

2157 2315 2411 2379 ἀπιστίας
2443 2316 2762 2381 πίπτοντας.
2810 2318 2903 2371 καὶ
2942 2320 3205 2384 ἑκουσίως
3243 2323 3638 2392 ἀνισταμένους
3668 2323 3729 2375 ἐκ

2159 2406 2426 2474 πίστεως;
2469 2408 2618 2479 Πλὴν
2650 2410 2746 2463 καὶ
2795 2410 2998 2481 ἑτέρως
3045 2414 3077 2481 ή
3125 2415 3438 2487 προφητεία
3490 2413 3586 2468 τοῦ
3629 2415 3726 2467 Συ-

2161 2495 2308 2568 μεὼν
2326 2496 2705 2570 πεπλήρωται.
2744 2499 2807 2553 Ἦ
2832 2500 2940 2571 γὰρ
2973 2499 3068 2554 τοῦ
3102 2502 3353 2573 Σωτῆρος
3382 2503 3529 2558 κατά
3561 2505 3733 2575 σάρκα

2156 2587 2462 2659 οἰκονομία,
2511 2589 2718 2652 πτῶσις
2768 2591 2867 2660 μὲν
2931 2589 3010 2661 τῷ
3056 2591 3287 2663 διαϐόλῳ
3350 2594 3588 2662 γέγονεν
3644 2593 3733 2646 καὶ

2156 2681 2269 2742 τοῖς
2307 2678 2644 2750 ἀκαθάρτοις
2690 2680 2973 2752 δαίμοσιν,
3029 2682 3325 2747 ἀνάστασις
3386 2684 3446 2737 δὲ
3489 2685 3601 2738 τῶν
3646 2685 3735 2739 ὑπ’

2157 2767 2321 2822 αὐτοῦ
2369 2768 2883 2839 καταϐεϐλημένων,
2926 2771 3019 2823 καὶ
3071 2771 3176 2824 ὑπὸ
3221 2770 3320 2843 τὴν
3357 2774 3458 2828 τοῦ
3508 2773 3735 2828 θανάτου

2155 2860 2446 2930 τυραννίδα
2525 2861 2932 2933 γεγενημένων.
2991 2864 3220 2927 Βλέπεις
3280 2864 3402 2929 πῶς
3451 2866 3633 2920 κεῖται
3679 2866 3738 2917 τὸ

2159 2949 2358 3021 βρέφος
2404 2953 2488 3015 εἰς
2555 2952 2766 3007 πτῶσιν
2810 2954 2906 3008 καὶ
2956 2953 3254 3008 ἀνάστασιν
3310 2955 3559 3023 πολλῶν;
3604 2956 3739 3009 ἀλλά

2154 3043 2256 3098 καὶ
2301 3046 2389 3110 εις
2428 3044 2684 3113 σημεῖον
2711 3046 3197 3116 ἀντιλεγόμενον.
3249 3048 3361 3102 Καὶ
3404 3048 3503 3101 ἐπὶ
3549 3046 3740 3102 τούτου

473 3141 656 3190 sarum
676 3135 946 3190 haeresum
969 3133 1303 3197 inventores,
1327 3132 1530 3211 quique
1562 3140 1767 3187 temere
1796 3131 2046 3186 incarna-

2155 3134 2204 3188 δὲ
2255 3135 2551 3206 ἀρμόσειεν
2609 3134 2680 3189 τά
2723 3135 2981 3207 ἀνωτέρω
3041 3137 3294 3208 ρηθέντα.
3356 3139 3425 3191 Οί
3485 3138 3587 3210 μὲν
3635 3138 3741 3209 γὰρ

477 3224 640 3280 tionis
660 3220 998 3296 mysterium,
1016 3238 1081 3279 ac
1094 3236 1254 3279 secus
1274 3238 1338 3278 ac
1354 3222 1570 3288 habeat,
1591 3220 2043 3291 interpretantur.

2153 3222 2530 3289 ἀπιστοῦντες,
2562 3224 2904 3293 ἀντιλέγουσι
2920 3226 3138 3289 πάντως
3157 3241 3171 3255 ·
3193 3227 3244 3279 οἰ
3271 3225 3330 3278 δὲ
3357 3226 3740 3291 πιστεύοντες,

452 3313 716 3387 ’δηλονότι
746 3315 1248 3386 συγκατατίθενται.
1291 3313 1659 3386 ’Λντιλέγουσι
1706 3312 1786 3380 δὲ,
1837 3315 1932 3369 καὶ
1972 3315 2023 3370 οι
2068 3313 2169 3381 τὰς
2195 3315 2636 3390 διεστραμμένας
2678 3318 3003 3389 ἐφευρόντες
3049 3316 3308 3391 αἱρέσεις,
3344 3315 3521 3389 ἀλλην
3566 3316 3741 3384 ἄλλως

388 3428 397 3441 π
473 3410 984 3484 παρερμηνεύοντες
1009 3410 1072 3463 τὸ
1105 3410 1208 3479 τῆς
1237 3408 1546 3479 οἰκονομίας
1577 3410 1893 3481 μυστήριον.

548 3502 613 3559 Et
645 3512 792 3556 tuam
823 3501 987 3572 ipsius
1020 3500 1281 3568 animum,
1315 3500 1524 3569 inquit,
1549 3500 1892 3570 pet-transibit
1922 3500 2042 3572 gla-

446 3590 457 3605 ”
471 3595 605 3648 dius.
624 3590 878 3647 Gladium
898 3606 1081 3662 porro,
1104 3604 1226 3645 eam
1245 3589 1624 3661 probationem
1639 3591 1747 3648 dici
1768 3593 2044 3657 existimo,

471 3702 591 3757 quae
623 3699 694 3741 ex
726 3685 947 3740 tristitia
994 3684 1050 3739 in
1102 3698 1265 3739 cruce
1310 3691 1510 3739 saneta:
1541 3683 1746 3756 Virgini
1794 3687 2044 3743 accessit.

446 3768 798 3832 'i‘ertransiit
819 3772 966 3831 enim
996 3778 1118 3832 eam
1143 3775 1262 3831 sine
1285 3776 1509 3831 laesione
1536 3776 1687 3833 velut
1715 3779 1914 3847 obiter,
1936 3794 2046 3835 non

470 3869 684 3939 gravius
718 3868 1001 3922 sanciens.
1023 3865 1089 3921 Et
1117 3884 1131 3921 :
1164 3866 1228 3923 Ut
1256 3868 1550 3922 revelantur
1570 3884 1633 3923 ea:
1663 3869 1845 3924 multis
1875 3872 2045 3925 cordi-

450 3959 564 4013 'bn't
574 3959 943 4030 cogitationes.
971 3956 1229 4031 Omnium
1252 3958 1399 4013 enim
1418 3960 1778 4030 cogitationes
1793 3961 2043 4017 salutaris

448 4044 686 4100 “Domini
708 4045 909 4116 passio,
936 4045 1262 4116 probatione
1289 4046 1568 4103 revelavit.
1602 4047 1737 4102 Nam
1760 4049 1799 4103 ii
1821 4049 2038 4118 quidem

2214 3503 2324 3556 Kal
2367 3501 2485 3556 σοῦ
2523 3503 2587 3557 δὲ
2621 3502 2815 3572 αὐτῆς
2844 3503 2959 3572 τὴν
2991 3503 3228 3574 ψυχὴν,
3261 3508 3460 3577 φησιν,
3507 3504 3742 3561 διελεύ-

2145 3611 2317 3650 σεται
2348 3593 2960 3666 ῥομφαίαῬομφαίαν
3010 3596 3069 3650 δὲ
3113 3591 3270 3667 οἶμαι
3321 3598 3612 3667 λέγεσθαι,
3645 3597 3743 3665 τὴν

2147 3686 2238 3738 ἐπὶ
2266 3683 2361 3739 τοῦ
2393 3684 2627 3753 σταυροῦ
2650 3684 2952 3755 γενομένην
2977 3687 3043 3757 τῇ
3074 3685 3208 3758 ἁγίᾳ
3241 3686 3516 3759 Παρθένῳ
3537 3687 3629 3740 διὰ
3648 3684 3746 3754 τῆς

2152 3777 2333 3848 λύπης
2357 3777 2705 3849 δοκιμασίαν.
2734 3776 2964 3847 Διῆλθεν
3011 3779 3121 3848 γάρ
3153 3777 3326 3849 αὐτὴν
3373 3776 3641 3842 ἀϐλαϐῶς
3671 3774 3746 3840 ὡς

2152 3869 2211 3922 ὲν
2241 3869 2479 3938 παρόδῳ,
2520 3867 2595 3938 μὴ
2627 3866 2898 3939 πλήξασα.
2949 3868 3291 3934 Καὶ,”υπως
3315 3868 3386 3922 δὲ
3425 3871 3748 3925 ἀποκαλυ-

2151 3957 2385 4025 φθῶσιν
2410 3958 2477 4012 ἐκ
2503 3959 2752 4015 πολλῶν
2777 3959 3037 4029 καρδιῶν
3064 3959 3478 4031 διαλογισμοί.
3519 3962 3747 4016 Πάντων

2147 4051 2257 4121 γάρ
2287 4052 2411 4114 τοὺς
2433 4050 2728 4121 λογισμοὺς
2761 4050 2824 4104 τδ
2863 4053 3131 4123 σωτήριον
3161 4052 3335 4117 πάθος
3363 4052 3469 4106 τοῦ
3510 4052 3748 4125 Κυρίου,

442 4137 560 4205 ’qui
610 4133 834 4192 ﬁrmiter
880 4136 1211 4201 credebant,
1255 4151 1567 4207 quanquam
1612 4137 1753 4192 forte
1800 4137 2041 4194 humano

2155 4142 2543 4214 ἰοκιμαστικῶς
2571 4142 2927 4212 ὲξεκάλυψεν.
2960 4146 3025 4197 Οί
3065 4145 3168 4214 μὲν
3193 4144 3302 4217 γὰρ
3332 4143 3750 4214 βεϐαιόπιστοι,

450 4238 623 4282 more
662 4227 864 4282 turbati
899 4227 1159 4293 fuerunt,
1194 4225 1339 4281 haud
1374 4236 1555 4281 tamen
1589 4227 1810 4298 penitus
1843 4228 2040 4298 despe-

446 4326 700 4384 ‘rarunt;
732 4317 1126 4388 exspectabant
1164 4316 1436 4386 siquidem
1470 4315 1770 4372 Salvatoris
1796 4330 2043 4373 resurre-

469 4409 747 4476 ctionem;
779 4408 931 4463 velut
959 4408 1224 4464 nimirum
1273 4407 1554 4474 mulieres,
1608 4424 1731 4478 qua:
1776 4418 2046 4465 venerunt

468 4501 537 4554 ad
562 4508 1004 4565 monumentum,
1025 4510 1090 4555 ac
1110 4499 1282 4556 divini
1305 4493 1561 4569 discipuli
1584 4514 1600 4553 :
1623 4498 1717 4571 qui
1745 4508 1927 4555 autem
1951 4500 2046 4554 ha-

446 4586 674 4641 ‘beban‘t
706 4587 867 4642 ﬁdem
897 4589 1252 4657 titubantem,
1280 4589 1431 4642 velut
1459 4588 1712 4645 seminati
1744 4603 1912 4658 supra
1944 4604 2044 4659 pe-

470 4678 640 4741 tros‘a;
682 4691 797 4730 non
825 4677 1070 4734 ferentes
1101 4679 1464 4734 tentationum
1494 4687 1709 4743 uastum,
1736 4677 1857 4735 illas
1898 4680 2045 4750 ipsas

2139 4234 2189 4285 εί
2237 4233 2332 4287 καὶ
2381 4233 2542 4303 τυχὸν
2585 4233 2660 4297 ὡς
2707 4234 2982 4304 ἄνθρωποι
3027 4235 3432 4306 ὲκλονήθησαν,
3496 4236 3621 4291 ἀλλ’
3652 4236 3753 4290 οὐκ

2141 4323 2461 4394 ἀπήλπισαν
2488 4324 2787 4389 παντελῶς.
2806 4325 2923 4378 Ἀνέ
2932 4343 3091 4396 μενον
3114 4322 3223 4400 γάρ
3244 4326 3346 4397 τὴν
3361 4326 3470 4380 τοῦ
3486 4327 3752 4400 Σωτῆρος

2143 4414 2474 4469 ἀνάστασιν*
2512 4414 2765 4488 καθάπερ
2799 4417 2994 4488 ἀμέλει
3047 4419 3110 4471 αῖ
3153 4434 3212 4472 τε
3260 4422 3538 4486 γυναῖκες
3584 4420 3645 4474 αἱ
3693 4419 3754 4472 τὸ
3836 4428 3839 4431 ’

2153 4507 2347 4578 μνῆμα
2371 4507 2803 4573 καταλαϐοῦσαι,
2839 4510 2933 4562 καὶ
2973 4512 3022 4563 oi
3052 4509 3329 4564 θεσπέσιοι
3367 4510 3655 4582 μαθηταί.
3689 4512 3753 4563 οι

2148 4597 2207 4651 δὲ
2252 4600 2681 4674 πεπλανημένην
2729 4602 2829 4671 τὴν
2880 4601 3062 4654 πίστιν
3112 4600 3349 4673 ἔχοντες,
3381 4603 3662 4673 καθάπερ
3706 4604 3755 4652 οἱ

2147 4690 2239 4742 ἐπὶ
2266 4690 2336 4745 τὰ
2356 4690 2613 4763 ’πετρώδη
2646 4692 2981 4762 σπαρέντες,
3012 4694 3087 4765 μὴ
3114 4694 3450 4763 ἐνέγκαντες
3482 4695 3604 4748 τῶν
3632 4711 3756 4747 πει-

444 4770 595 4835 quae
626 4776 953 4835 supererant
989 4766 1310 4823 nonnullius
1347 4767 1475 4823 ﬁdei
1519 4768 1797 4838 reliquias,
1830 4771 2048 4841 angusti

2155 4779 2381 4850 ρασμῶν
2423 4780 2516 4834 τὸν
2547 4781 2826 4850 καύσωνα,
2868 4785 2965 4837 καὶ
3013 4783 3042 4837 6
3087 4780 3233 4855 εἶχον
3270 4786 3481 4855 μικρὸν
3514 4786 3628 4857 τῆς
3666 4786 3759 4838 rci—

472 4853 640 4909 animi
691 4854 824 4910 vltlo
860 4856 1187 4911 amiserunt.
1248 4854 1528 4912 Hactenus
1563 4872 1696 4913 vero
1757 4858 2044 4930 Symeonis

470 4944 753 5015 prophetia
786 4944 955 5002 ﬁnem
982 4945 1196 5002 habeat.

544 5034 612 5089 Et
641 5030 741 5090 hac
774 5039 890 5109 ipsa
922 5040 1073 5106 hora,
1106 5039 1303 5108 inquit,
1328 5042 1694 5112 superveniens
1722 5041 1885 5096 etiam
1915 5059 2041 5110 pro-

471 5129 820 5196 phetissa’illa
848 5125 1021 5197 easta,
1058 5147 1122 5186 ac
1151 5133 1344 5202 tempto
1370 5135 1425 5187 in
1463 5132 1688 5203 jejuniis
1727 5143 1777 5187 et
1808 5135 2047 5189 oratione

471 5219 686 5272 assidua
713 5224 861 5274 Anna
884 5263 898 5286 ,
944 5236 1175 5291 corpore
1205 5223 1426 5292 quidem
1453 5225 1634 5278 vetula
1654 5263 1670 5290 ,
1716 5231 1773 5278 at
1802 5223 1909 5279 ﬁde
1946 5239 2045 5280 ve-

474 5319 593 5376 geta
613 5351 627 5375 ,
657 5313 886 5366 vicissim
926 5313 1272 5381 conﬁtebatur
1300 5315 1425 5380 Deo,
1452 5315 1566 5385 ipsa
1598 5310 2045 5386 quoque‘gratias

474 5411 656 5464 agens,
679 5404 824 5472 quod
842 5404 1005 5459 talem
1035 5419 1097 5459 ac
1127 5414 1328 5462 tantam
1354 5408 1580 5478 gratiam
1609 5408 1950 5474 contulisset,
1982 5418 2044 5463 ut

478 5490 532 5534 et
567 5487 680 5555 ipsa
710 5492 918 5548 videret
942 5492 1221 5550 Christum
1266 5496 1500 5552 Domini.
1559 5497 1667 5553 Sed
1718 5507 1774 5553 et
1802 5499 1938 5553 alios
1969 5500 2040 5554 ad

2132 4876 2322 4932 Δστεως
2368 4870 2656 4941 λείψανον,
2703 4873 2810 4927 ἀπὸ
2851 4875 3221 4947 μικροψυχίας
3262 4877 3600 4932 ἀπώλεσαν.
3646 4876 3759 4932 Καὶ

2147 4961 2323 5032 πέρας
2357 4962 2455 5030 μὲν
2482 4956 2584 5016 ὦδε
2616 4963 2793 5034 ἐχέτω
2822 4965 2856 5035 ἡ
2890 4964 2988 5019 τοῦ
3011 4966 3238 5037 Συμεὼν
3268 4970 3626 5039 προφητεία.

2220 5051 2386 5122 Αὺτῇ
2408 5054 2495 5117 δὲ,
2523 5056 2709 5126 φησὶν,
2740 5054 2813 5124 τῇ
2839 5055 2960 5124 ὥρᾳ
2990 5056 3293 5113 ἐπιστᾶσα
3312 5060 3414 5113 καὶ
3444 5062 3488 5128 ἠ
3518 5061 3763 5130 προφῆ-

2144 5159 2236 5208 τις
2258 5143 2297 5211 ἠ
2322 5143 2594 5213 σώφρων,
2620 5145 2719 5200 καὶ
2763 5149 2831 5201 ἐν
2859 5150 3111 5218 νηστείᾳ
3154 5152 3249 5204 καὶ
3301 5150 3526 5216 δεήσει
3561 5168 3759 5221 προσ-

2149 5236 2521 5304 καρτεροῦσα
2550 5235 2630 5302 τῷ
2657 5237 2783 5303 ναῷ
2816 5239 3026 5292 'Arra-
3052 5242 3086 5309 ὴ
3134 5240 3341 5311 γηραιά
3376 5242 3613 5312 μὲνιτῷ
3647 5241 3760 5294 σώ-

2152 5340 2316 5393 ματιο
2358 5329 2424 5398 τῇ
2469 5328 2525 5381 δδ
2573 5327 2756 5382 πίστει
2793 5329 3059 5394 νεάζουσα
3081 5347 3093 5361 ·
3127 5332 3646 5405 Ἀγθωμοοιογεῖτο
3683 5333 3763 5388 τῶ

2148 5407 2290 5473 Θεῷ,
2337 5411 2735 5482 εὐχαριστοῦσα
2780 5419 2874 5470 καὶ
2921 5418 3063 5491 αὑτὴ
3111 5420 3392 5490 δηλονότι,
3458 5424 3617 5476 καθὸ
3651 5421 3760 5488 τῆς
3848 5456 3853 5462 -

2144 5501 2399 5570 τοιαύτης
2431 5506 2524 5558 καὶ
2555 5508 2826 5577 τοσαύτης
2862 5508 3066 5583 ἠξιώθη
3110 5513 3366 5584 χάριτος,
3402 5515 3492 5575 εις
3547 5513 3614 5566 τὸ
3664 5511 3762 5567 καὶ

552 5650 595 5681 ⁸¹
623 5653 983 5725 Joan.rx,2£.
1076 5665 1121 5698 ³³
1148 5665 1310 5723 Marc.
1352 5686 1403 5733 v,
1437 5670 1527 5724 59.
1606 5671 1649 5703 ”
1677 5669 1813 5724 Luc.
1854 5682 2009 5737 χχιιι,
2047 5672 2136 5728 59.
