3956 6220
308 400 440 473 158⁸1

1291 416 1600 477 LEONTII
1630 417 2139 478 NEAPOLITANI
2182 416 2518 479 EPISCOPI

3405 410 3545 476 1588

305 521 507 574 tatione
531 517 738 584 relicta,
768 517 1028 574 dixerunt
1060 519 1291 575 invicem
1319 540 1335 575 :
1383 521 1491 576 Nos
1527 523 1721 577 scimus
1742 523 1868 592 quia

1981 518 2059 593 ἦν,
2093 523 2229 577 ἀλλὰ
2258 523 2451 594 καινὴν
2484 524 2578 577 καὶ
2612 523 2780 594 μήπω
2806 519 3178 592 ἐγνωσμένην,
3224 519 3259 592 ἢ
3298 537 3546 595 γεγραμ-

301 602 465 673 Μυριεὲ
514 603 717 658 locutus
745 613 822 659 est
869 605 1005 660 Deus
1046 607 1093 638 "
1140 624 1153 661 :
1196 608 1332 662 hunc
1387 619 1563 664 autem
1621 612 1875 665 nescimus

302 695 439 749 unde
464 694 556 749 sit.
579 694 769 752 Omnis
792 699 938 753 enim
966 699 1268 770 iniquitatis
1293 702 1506 767 modus,
1529 702 1876 772 perindeillis

303 787 593 856 expeditus
614 798 699 845 est
730 805 746 857 ;
774 790 982 846 idcirco
1031 792 1194 847 etiam
1242 802 1471 863 utraque
1510 794 1723 848 ratione
1748 809 1875 864 per-

304 889 624 934 manserunt
649 881 910 938 increduli
940 881 1162 939 Christo
1196 923 1212 949 ,
1266 900 1389 938 cum
1438 883 1654 954 quidem
1686 885 1874 953 legalia

304 982 369 1021 ac
413 970 731 1040 prophetica
780 972 1107 1029 documenta
1144 978 1496 1045 proponeret,
1547 976 1873 1031 calumniam

306 1056 624 1125 inferentes,
657 1067 914 1132 tanquam
939 1072 1057 1119 arte
1088 1063 1295 1132 magica
1318 1065 1601 1120 scientiam
1635 1066 1754 1120 sine
1784 1066 1873 1121 lit-

308 1146 442 1203 teris
462 1159 832 1218 comparasset
860 1169 875 1217 ;
905 1166 1029 1207 cum
1064 1161 1246 1207 autem
1283 1153 1503 1209 doceret
1546 1170 1664 1221 sua,
1693 1142 1868 1211 eidem

304 1240 768 1296 contradicentes.
802 1242 876 1295 Tu
910 1242 974 1296 de
1013 1246 1176 1313 teipse
1222 1246 1574 1299 testimonium
1602 1248 1876 1316 perhibes?

306 1331 664 1386 testimonium
714 1343 862 1389 tuum
892 1351 995 1389 non
1030 1346 1104 1390 est
1130 1353 1310 1392 verum
1334 1339 1401 1393 ⁸⁸.
1432 1336 1591 1394 Omni
1625 1354 1755 1412 ergo
1786 1356 1875 1395 ra-

306 1422 454 1477 tione
480 1420 640 1477 venia
675 1433 885 1490 carent,
922 1425 1229 1481 Iudaeorum
1260 1428 1553 1499 principes,
1589 1444 1690 1485 nec
1714 1429 1871 1499 quid-

305 1525 467 1582 quam
506 1514 732 1569 omnino
761 1515 950 1571 volunt
983 1516 1187 1587 juvari.
1236 1510 1484 1574 Salvator
1522 1520 1878 1578 nihilominus

309 1604 491 1659 innata
521 1605 608 1659 illa
633 1616 729 1661 sua
757 1607 1044 1663 clementia
1072 1609 1270 1676 victus,
1315 1627 1425 1665 non
1457 1613 1640 1668 statim
1677 1614 1751 1668 ita
1791 1614 1875 1670 lo-

264 1702 267 1705 ‘
306 1703 539 1765 quentes
571 1706 855 1754 aversatus
883 1708 988 1765 est,
1028 1701 1125 1756 sed
1175 1703 1457 1772 respondit
1488 1703 1588 1768 eis,
1648 1705 1870 1774 aitque:

192 1834 197 1838 .
306 1787 428 1841 Mea
462 1787 703 1842 doctrina
727 1804 830 1844 non
864 1799 940 1845 est
976 1808 1114 1856 mea,
1138 1793 1229 1847 sed
1261 1793 1375 1863 ejus
1401 1794 1492 1865 qui
1522 1794 1664 1848 misit
1698 1812 1778 1851 me
1802 1798 1868 1854 ⁸⁷.

306 1872 411 1937 Qui
439 1875 587 1929 enim
618 1882 717 1931 eos
741 1876 926 1944 sciret,
960 1876 1211 1948 facientes
1241 1861 1452 1935 irritant
1477 1880 1657 1953 legem,
1688 1898 1752 1936 a‘c
1779 1884 1870 1937 do-
1909 1861 1951 1915 Β

306 1972 477 2018 centes
510 1965 781 2021 doctrinas
809 1983 877 2021 ac
914 1969 1168 2031 mandata
1202 1969 1472 2025 hominum
1497 1972 1543 2005 ⁸⁸
1569 1988 1584 2026 :
1613 1972 1875 2042 repulisse

307 2069 523 2124 quoque
570 2058 884 2127 prophetas,
917 2058 1153 2116 dicendo
1188 2061 1317 2121 huic
1355 2078 1369 2115 :
1413 2061 1536 2116 Non
1583 2063 1876 2118 nominabis

309 2158 496 2199 nomen
528 2143 740 2201 Domini
765 2148 810 2181 ⁵⁸
844 2147 962 2203 :illi
990 2156 1173 2205 autem
1211 2167 1225 2203 :
1265 2149 1365 2215 Qui
1398 2151 1539 2205 vides
1591 2153 1787 2217 recede,
1827 2163 1877 2206 et

308 2237 438 2290 vade
460 2238 521 2290 in
550 2247 750 2295 terram
769 2249 937 2310 tuam,
959 2250 1007 2297 et
1028 2242 1100 2297 ibi
1124 2238 1234 2297 uiue
1263 2281 1279 2305 ,
1327 2251 1377 2297 et
1415 2242 1486 2297 ibi
1502 2244 1834 2316 prophetabis
1859 2261 1874 2298 :

310 2329 362 2380 in
387 2327 565 2384 Bethel
586 2341 763 2387 autem
802 2349 904 2393 non
929 2335 1263 2406 prophetabis
1279 2335 1324 2369 “
1360 2353 1375 2390 :
1406 2335 1540 2405 quin
1573 2334 1630 2392 et
1655 2333 1873 2390 eosdem

307 2420 599 2487 occidisse,
618 2438 722 2478 nec
736 2424 939 2481 Christi
967 2424 1269 2483 doctrinam
1293 2424 1405 2482 ullo
1426 2427 1589 2482 modo
1608 2424 1873 2495 recipere,

308 2510 400 2581 qui
431 2512 811 2571 dissuadentes
836 2517 1009 2573 turbis
1035 2518 1297 2585 dicerent,
1318 2516 1461 2584 Quid
1491 2534 1616 2574 eum
1645 2516 1879 2574 auditis“?

309 2602 541 2670 Insanit,
580 2616 628 2659 et
671 2604 984 2663 dtemonium
1016 2608 1170 2665 habet
1198 2612 1239 2643 ⁶¹
1271 2612 1430 2681 ;jure
1458 2611 1617 2681 plane
1659 2610 1873 2676 merito,

1980 613 2149 683 μένην
2194 613 2545 668 διδασκαλίαν
2594 612 2882 680 ὲξετξθετο,
2921 610 3150 683 περιττὴ
3203 613 3236 681 ἡ
3279 614 3409 683 περὶ
3450 614 3548 667 τοῦ

1980 702 2054 773 μὴ
2086 704 2282 757 εἰδέναι
2325 703 2487 757 αὐτὸν
2517 701 2821 775 γράμματα
2851 699 3133 770 ἔκπληξις.
3189 697 3355 753 Εἶπον
3386 700 3444 753 δὲ
3481 700 3549 754 ἀν

1976 794 2113 864 πρὸς
2161 795 2381 860 αὐτοὺς,
2426 793 2633 864 ταύτην
2681 792 3102 853 καταλείποντες
3150 790 3247 862 τὴν
3300 792 3548 845 ἔννοιανο

1978 882 2234 951 Οἶδαμεν
2264 882 2353 936 ὅτι
2401 883 2640 938 Meet?er
2673 879 3023 948 λελάληκεν
3050 883 3084 934 ὁ
3113 882 3258 947 Θεός
3279 897 3296 912 θ
3331 881 3553 935 τοῦτον

1974 974 2044 1028 δὲ
2074 978 2185 1030 οὐκ
2229 974 2479 1045 οἴδαμεν
2504 978 2689 1029 πόθεν
2725 973 2878 1027 ἐστι.
2921 974 3034 1036 Πᾶς
3077 974 3188 1042 γὰρ
3242 973 3430 1036 αὐτοῖς
3461 974 3553 1026 la:-

1977 1064 2215 1133 πήλατος
2243 1064 2588 1134 παρανομίας
2616 1063 2814 1133 τρόπος
2836 1079 2852 1093 ~
2882 1061 2961 1115 διδ
2989 1061 3084 1114 καὶ
3116 1062 3239 1115 κατ’
3263 1061 3550 1131 ἀμφότερα

1975 1152 2330 1216 ἀπιστοῦντες
2358 1152 2446 1206 δια
2456 1153 2797 1222 μεμενήκασι
2823 1151 2901 1221 τῷ
2920 1150 3163 1221 Χριστῷ⁸
3188 1153 3385 1222 νομικά
3423 1152 3552 1222 μὲν,

1975 1244 2095 1315 ἦτοι
2136 1245 2472 1317 προφητικά,
2507 1243 2895 1314 παρατιθέντος
2917 1242 3246 1314 διδάγματα,
3281 1260 3551 1311 συκοφαν-

1974 1330 2097 1399 τίας
2126 1326 2586 1405 προσραπτοντες,
2632 1334 2710 1398 ὡς
2752 1334 2818 1387 ἐκ
2864 1334 2962 1404 τῆς
2999 1334 3235 1405 μαγείας
3276 1335 3419 1398 τινὸς
3447 1335 3555 1404 τὴν

1976 1425 2178 1495 εἴδησιν
2210 1426 2338 1480 ἄνευ
2368 1425 2714 1496 γραμμάτων
2746 1423 2925 1494 ἔχοντι
2945 1441 2958 1454 ο
2995 1425 3172 1487 ίδικάς
3195 1425 3252 1478 δὲ
3286 1424 3553 1492 ποιουμέ-

1976 1530 2067 1569 νου
2098 1514 2472 1581 διδασκαλίας,
2510 1513 3016 1584 ἀντιφθεγγόμενοι·
3063 1514 3147 1568 Σὺ
3183 1514 3316 1583 περὶ
3363 1526 3553 1568 σεαυ-

1974 1605 2082 1661 τοῦ
2106 1606 2423 1676 μαρτυρεῖς
2438 1623 2461 1673 ;
2502 1608 2541 1675 ἠ
2567 1608 2864 1677 μαρτυρία
2911 1620 3030 1662 σου
3058 1610 3169 1661 οὐκ
3192 1608 3370 1663 ἔστιν
3394 1609 3549 1673 ἀλη-

1975 1698 2103 1764 θής.
2163 1697 2434 1752 Πάντοθεν
2487 1697 2585 1753 οὖν
2637 1699 3050 1768 ἀσύγγνωστοι,
3098 1699 3190 1753 καὶ
3219 1698 3548 1767 ὠφελεῖσθαι

1980 1788 2222 1860 μηδόλως
2256 1788 2590 1859 βουλόμενοι,
2620 1790 2673 1843 oi
2706 1790 2817 1844 τῶν
2874 1788 3140 1844 Ἰουδαίων
3179 1788 3543 1861 καθηγεῖσθαι

1977 1878 2252 1948 λαχόντες.
2312 1878 2450 1933 Ἀλλ’
2481 1879 2630 1951 ὅμως
2677 1881 2707 1933 δ
2754 1880 2946 1951 Σωτὴρ
2986 1880 3053 1951 τῇ
3096 1881 3323 1949 ἐμφύτῳ
3359 1881 3545 1950 φιλαν-

1977 1968 2194 2039 θρωπίᾳ
2224 1968 2544 2038 νικώμενος,
2568 1970 2668 2024 οὐκ
2689 1970 2850 2034 εὐθὺς
2870 1971 3195 2040 ἀπεστράφη
3223 1972 3351 2035 τοὺς
3375 1971 3545 2024 ταῦτα

1974 2057 2255 2127 λέγοντας,
2287 2059 2401 2112 ἀλλ’
2431 2059 2701 2132 ἀπεκρίθη
2741 2060 2925 2124 αὐτοῖς
2954 2063 3049 2114 καὶ
3094 2058 3248 2115 εἶπεν
3267 2080 3282 2093 ο
3337 2063 3406 2117 Ἡ
3430 2063 3543 2132 ἐμὴ

1975 2148 2214 2217 διδαχὴ,
2258 2151 2369 2205 οὐκ
2395 2149 2569 2205 ἔστιν
2595 2148 2732 2220 ἐμὴ,
2763 2152 2923 2206 ἀλλὰ
2946 2152 3051 2208 τοῦ
3075 2153 3425 2222 πέμψαντός
3445 2171 3539 2222 με.

1989 2240 2208 2311 Ἐπειδὴ
2229 2240 2336 2311 γὰρ
2365 2241 2562 2305 αὐτοὺς
2592 2241 2879 2311 ἐγίνωσκε,
2913 2244 3104 2312 νόμον
3124 2241 3240 2312 μὲν
3267 2241 3544 2298 ἀθετοῦν-

1976 2346 2104 2396 τιις,
2170 2329 2572 2397 διδάσκοντας
2636 2330 2705 2383 δὲ
2755 2330 3153 2397 διδασκαλίας
3206 2331 3545 2399 ἐντάλματα

1976 2417 2334 2488 ἀνθρώπων,
2368 2421 2652 2491 προφήτας
2677 2420 2733 2474 δὲ
2768 2421 3199 2493 παρωσαμένους
3229 2423 3296 2475 ἐκ
3319 2421 3414 2475 τοῦ
3459 2422 3545 2475 λέ-

1978 2526 2129 2579 γειν,
2163 2513 2299 2582 πρὸς
2333 2510 2432 2581 μὲν
2458 2512 2573 2579 τὸν,
2617 2512 2714 2580 Μὴ
2755 2511 3076 2583 ὀνομάσας
3107 2513 3174 2567 τὸ
3216 2514 3403 2583 ὄνομα
3428 2517 3538 2568 Κυ-

1969 2604 2146 2672 ρίου*
2205 2604 2342 2674 πρὸς
2388 2604 2448 2658 δέ
2502 2604 2627 2671 τὸν,
2667 2605 3065 2675 Ἑκχώρησον,
3118 2606 3152 2661 ό
3208 2602 3384 2674 ὁρῶν,
3443 2607 3541 2659 καὶ

311 2708 436 2749 cum
468 2695 602 2766 legis
630 2707 685 2753 et
711 2701 1121 2770 prophetarum,
1144 2713 1254 2758 tum
1284 2703 1369 2760 sui
1408 2703 1523 2773 ipse
1544 2703 1875 2759 mentionem

1981 2692 2179 2760 βάδιζε
2210 2696 2297 2762 εὶς
2326 2695 2441 2764 τὴν
2470 2694 2587 2766 γῆν
2632 2712 2770 2761 σου,
2809 2697 2905 2751 καί
2948 2697 3077 2751 ἐκεῖ
3114 2696 3414 2762 καταϐιοῦ,
3445 2698 3545 2750 καὶ

312 2788 590 2854 omittens,
624 2789 681 2843 in
712 2789 881 2846 Deum
915 2789 1083 2848 refert
1111 2795 1374 2851 doctrinae
1393 2796 1501 2849 vim
1536 2813 1551 2862 ;
1581 2800 1640 2850 ut
1676 2796 1763 2851 vel
1789 2810 1875 2850 re-

315 2878 558 2935 verentia
588 2880 888 2952 percu'lsOs,
920 2899 985 2939 ac
1000 2884 1241 2955 linguam
1270 2884 1513 2943 dolosam
1538 2882 1876 2949 cohibentes,

311 2981 566 3042 percepta
595 2973 833 3033 utilitate
867 2976 1047 3032 salvos
1082 2977 1306 3045 laceret,
1332 2977 1421 3034 vel
1475 2978 1652 3049 palam
1707 2978 1877 3033 Deum

311 3062 690 3135 impugnantes
722 3068 1091 3125 convinceret.
1145 3069 1274 3125 Sive
1301 3069 1449 3125 enim
1494 3069 1685 3141 legalis
1728 3080 1876 3132 sunt,

1977 2792 2107 2847 ἐκεῖ
2129 2794 2599 2863 προφητεύσειςο
2632 2797 2719 2860 εις
2754 2793 2824 2847 δὲ
2854 2794 3052 2861 Βεθὴλ
3103 2797 3175 2848 οὐ
3203 2793 3287 2864 μὴ
3316 2806 3545 2862 προφη-

1977 2882 2246 2948 τεύσεις·
2289 2882 2487 2952 μᾶλλον
2529 2882 2586 2935 δὲ
2615 2883 2708 2935 καὶ
2744 2882 3219 2953 προφητοκτόνους
3243 2882 3545 2950 γεγενημέ-

1979 2988 2102 3036 νους
2126 2988 2142 3005 ·
2185 2972 2286 3042 τὴν
2326 2971 2383 3025 δὲ
2433 2970 2600 3026 αὐτοῦ
2646 2968 2883 3043 Χριστοῦ
2916 2972 3259 3026 διδασκαλίαν
3305 2970 3549 3041 μηδὸλως
3588 3011 3599 3015 -

1980 3064 2429 3135 ἀποδεχομένους,
2466 3065 2530 3117 ἐκ
2572 3063 2666 3117 τοῦ
2705 3064 3017 3118 ἀναπείθειν
3060 3065 3187 3127 τοὺς
3228 3063 3416 3133 δχλοιις
3463 3062 3553 3114 λέ-

311 3165 432 3219 quae
465 3153 657 3220 doceo,
681 3156 797 3211 sive
822 3158 1161 3228 prophetica,
1188 3159 1453 3215 noveritis
1486 3174 1607 3215 esse
1640 3161 1758 3227 Dei,
1785 3160 1877 3230 qui

1986 3171 2213 3224 γοντας³
2252 3155 2312 3211 τι
2337 3156 2587 3227 ἀκούετε
2615 3158 3162 3221 αὐτοῦ;Μαίνεται,
3202 3156 3301 3210 καὶ
3344 3152 3550 3223 δαιμό-

314 3250 368 3295 et
396 3242 609 3298 locutus
637 3253 722 3301 est
747 3246 813 3301 ad
840 3247 980 3314 illos,
1014 3258 1072 3305 et
1090 3265 1178 3306 me
1212 3251 1379 3306 misit.
1409 3250 1682 3307 Hactenus
1710 3251 1881 3320 siqui-

312 3334 438 3386 dem
477 3348 780 3405 congruum
809 3348 1104 3409 assumpta
1128 3329 1365 3397 hominis
1398 3338 1605 3396 naturze
1659 3340 1879 3397 modum

210 3438 218 3447 κ
314 3422 532 3488 retinet,
554 3433 613 3480 ut
635 3441 705 3480 ne
721 3429 903 3487 statim
925 3432 1287 3496 occurrendo,
1312 3433 1658 3503 impudenter
1676 3433 1878 3500 dicant,

313 3516 456 3585 quod
484 3526 540 3572 et
562 3527 749 3587 postea
776 3520 1065 3578 dixerunt:
1099 3521 1238 3588 Quid
1266 3532 1344 3590 tu,
1373 3519 1526 3578 homo
1550 3539 1669 3577 cum
1687 3523 1780 3589 sis,
1807 3525 1883 3594 fa-

316 3609 390 3660 cis
423 3610 642 3679 teipsum
670 3610 841 3667 Deum
870 3614 916 3649 “
946 3612 970 3669 l
995 3615 1131 3670 Nam
1159 3613 1360 3684 alioqui
1384 3612 1585 3669 scimus
1623 3629 1725 3670 nos
1753 3612 1885 3669 lide-

315 3697 413 3761 les,
446 3715 568 3769 quae
598 3701 804 3774 scripta
837 3714 966 3761 sunt
999 3700 1368 3778 inprophe'tis
1404 3702 1460 3761 et
1494 3702 1631 3777 lege,
1681 3704 1883 3761 Christi

314 3804 438 3844 esse
470 3796 959 3861 praenuntiationes
990 3815 1004 3852 :
1035 3792 1167 3852 Nam
1197 3797 1273 3852 ait
1305 3798 1417 3867 ipse
1447 3798 1725 3853 Salvator:
1753 3796 1882 3852 0m-

317 3888 405 3943 uia
456 3900 573 3957 qua
622 3889 776 3943 habet
815 3890 1001 3956 Pater,
1027 3908 1144 3946 mea
1183 3902 1303 3946 sunt
1331 3893 1396 3948 ⁸³.
1439 3893 1634 3946 Iterum
1668 3904 1884 3962 quoque

318 3997 417 4053 per
473 3970 796 4051 prophetam
852 3981 928 4036 ait
965 3981 1121 4052 :Ipse
1172 3983 1263 4053 qui
1307 3981 1573 4053 loquebar,
1619 3997 1733 4035 ecce
1784 3979 1885 4034 ad-

313 4090 431 4129 sum
452 4072 516 4127 “.
548 4071 837 4143 Subjuugit
882 4073 1140 4144 deinceps
1172 4074 1333 4128 dictis
1362 4090 1377 4128 :
1404 4071 1462 4127 Si
1506 4073 1621 4134 quis
1664 4071 1885 4126 uoluerit

313 4166 428 4235 ejus
462 4162 783 4219 voluntatem
814 4164 985 4234 facere
1010 4202 1027 4228 ,
1066 4162 1279 4235 nempe
1305 4156 1421 4235 ejus
1448 4163 1541 4232 qui
1569 4162 1716 4217 misit
1750 4177 1835 4215 me
1867 4200 1882 4223 ,

313 4240 576 4330 Cognoscet
600 4258 664 4311 de
688 4258 928 4312 doctrina
955 4265 1133 4310 utrum
1158 4271 1220 4310 ex
1246 4254 1353 4308 Deo
1382 4255 1467 4317 sit,
1494 4270 1563 4306 an
1586 4269 1678 4323 ego
1699 4269 1730 4305 a
1753 4253 1887 4305 mei-

313 4368 406 4419 ps0
440 4354 649 4425 loquar.
675 4352 829 4419 Quod
859 4350 955 4414 ait,
984 4350 1089 4404 tale
1110 4347 1240 4418 quid
1266 4340 1369 4425 est,
1402 4340 1505 4425 Qui
1549 4344 1742 4427 quaerit
1776 4358 1884 4397 non

313 4459 488 4506 suam,
513 4445 610 4501 sed
632 4444 724 4519 Dei
755 4440 1304 4508 voluntatem,utique
1346 4435 1887 4505 attenditScripturis

1984 3263 2121 3300 γιον
2147 3245 2272 3315 ἔχει
2291 3264 2303 3276 ’
2344 3248 2568 3311 εἰκότως
2609 3249 2700 3301 καὶ
2727 3247 2892 3319 νόμου
2920 3251 3014 3301 καὶ
3045 3248 3418 3320 προφητικῶν,
3451 3249 3551 3299 καὶ

1982 3337 2197 3406 ἑαυτοῦ,
2228 3339 2285 3392 ὲν
2318 3337 2398 3408 τῷ
2425 3339 2559 3410 πρὸς
2588 3340 2784 3402 αὐτοὺς
2828 3336 3036 3410 ἐλέγχῳ
3067 3341 3140 3411 μὴ
3170 3338 3549 3409 ἐπιμνησθεὶς,
3648 3354 3661 3363 ‘

1981 3429 2060 3493 είς
2103 3430 2237 3483 Θεὸν
2269 3430 2583 3500 ἀναπέμπει
2627 3429 2725 3502 τὴν
2751 3434 2851 3501 τῆς
2892 3431 3241 3494 διδασκαλίας
3278 3430 3504 3500 δύναμιν
3530 3449 3547 3462 ·

1984 3520 2070 3574 ἴνα
2116 3521 2149 3593 ἢ
2205 3520 2539 3585 αἰδεσθέντες
2586 3523 2681 3577 καὶ
2716 3522 3053 3593 παυσάμενοι
3099 3527 3199 3595 τῆς
3246 3523 3552 3590 δολιολόγου

1981 3612 2253 3684 γλώσσης,
2281 3612 2654 3685 ὠφεληθέντες
2693 3615 2962 3678 σωθῶσιν,
2993 3614 3027 3686 ἢ
3060 3615 3306 3686 φανερῶς
3350 3614 3553 3683 θεομα-

1983 3703 2206 3775 χοῦντες
2235 3700 2581 3775 ἐλεγχθῶσιν.
2614 3703 2741 3758 Εῐτε
2774 3706 2885 3777 γὰρ
2915 3707 3136 3776 νομικά,
3182 3707 3291 3760 εἴτε
3341 3724 3555 3778 προφηο

1981 3788 2111 3852 τικά
2138 3800 2245 3852 είσι
2289 3799 2361 3853 τά
2405 3799 2533 3868 παρ’
2560 3800 2695 3870 ἐμοῦ
2727 3798 3110 3871 διδασκόμενα,
3141 3798 3436 3869 γινώσκετε
3467 3800 3554 3853 ὅτι

1983 3889 2120 3944 Θεοῦ
2151 3891 2281 3958 είσι,
2309 3890 2405 3944 τοῦ
2451 3891 2591 3963 πρὸς
2636 3892 2879 3955 ἐκείνους
2917 3892 3267 3961 λαλήσαντος,
3316 3892 3409 3945 καὶ
3450 3892 3555 3960 sui

1983 3980 2424 4045 ἀποστείλαντος.
2468 3983 2617 4046 Τέως
2651 3984 2761 4055 γὰρ
2792 3982 2853 4038 τὸ
2881 3984 2981 4055 τῆς
3010 3972 3425 4054 ἀνθρωπότητος
3456 3985 3556 4054 μέ-

1982 4087 2133 4143 τρον,
2173 4072 2260 4127 ἵνα
2309 4072 2385 4144 μὴ
2422 4073 2583 4138 εὐθὺς
2617 4076 3024 4148 ἀπαντήσωσιν,
3062 4076 3232 4140 ἀδεῶς
3279 4076 3555 4144 λέγοντες,

1985 4163 2125 4234 ὅπερ
2151 4163 2259 4243 καὶ
2279 4165 2565 4235 εἰρήκασιν
2596 4165 2822 4238 ὕστερον
2842 4185 2857 4199 ·
2912 4170 2974 4224 Tl
3010 4168 3097 4222 ὅτι
3127 4168 3208 4222 σὺ
3247 4168 3559 4237 ἄνθρωπος

1984 4249 2091 4315 ὢν,
2132 4252 2322 4320 ποιεῖς
2357 4254 2576 4308 ἑαυτὸν
2617 4259 2801 4319 Θεόνε
2845 4257 3000 4312 Ἐπεὶ
3026 4259 3107 4311 ὅτι
3149 4274 3213 4326 γε
3246 4258 3313 4311 τὰ
3341 4273 3558 4328 προφη-

1987 4344 2096 4397 τῶν
2133 4346 2228 4399 καὶ
2260 4347 2447 4416 νόμου,
2479 4348 2716 4417 Χριστοῦ
2761 4352 2866 4404 είσι
2893 4351 3412 4421 πῳαναγγέλματα,
3472 4352 3561 4403 ῐσ-

1994 4453 2093 4507 μεν
2140 4439 2298 4508 ἡμεῖς
2349 4440 2398 4491 οί
2444 4441 2888 4505 πεπιστευκότες.
2923 4441 3096 4506 Αὐτὸς
3139 4441 3248 4511 γὰρ
3293 4443 3323 4492 ὁ
3367 4433 3561 4511 Σωτήρ

312 4537 501 4601 sacris,
523 4534 577 4591 in
600 4536 707 4591 illis
727 4534 994 4613 siquidem
1011 4532 1143 4587 latet
1158 4525 1408 4586 voluntas
1428 4526 1552 4589 Dei;
1572 4527 1719 4595 atqui
1739 4524 1877 4579 εει-ί

1993 4526 2194 4596 ἔφησεο
2231 4527 2433 4582 Πάντα
2464 4529 2581 4583 ὅσα
2611 4529 2736 4599 ἔχει
2761 4530 2813 4586 ’ό
2857 4532 3079 4602 Πατὴρ,
3116 4532 3231 4602 ἐμά
3257 4534 3407 4587 ἐστι.
3450 4533 3562 4583 Καὶ

316 4636 485 4700 pturze
496 4645 662 4686 sacrae
680 4631 747 4686 de
763 4644 849 4685 me
863 4618 1448 4701 praenuntiant,meque
1462 4622 1632 4678 Deum
1651 4622 1877 4677 Verbum

1991 4618 2153 4709 πάλιν
2197 4619 2284 4671 διὰ
2311 4618 2407 4672 τοῦ
2455 4623 2733 4692 προφήτου
2785 4622 2983 4693 φησίν·
3015 4623 3211 4689 Αὐτὸς
3254 4627 3289 4678 ό
3330 4619 3559 4686 λαλῶν,

315 4737 389 4799 ex‘
411 4720 570 4793 Patre
592 4722 978 4792 procedentem
1013 4714 1310 4792 praedicant
1342 4736 1357 4782 ;
1391 4724 1556 4801 atque
1606 4714 1877 4769 hominem

1991 4708 2245 4779 πάρειμι.
2299 4708 2433 4766 Εἶτα
2465 4713 2592 4783 ἑξῆς
2638 4715 2833 4783 ἐπάγει
2861 4716 2973 4778 τοῖς
3014 4717 3367 4786 εἰρημένοις·
3424 4716 3566 4768 Ἐάν

314 4811 433 4865 fore
466 4808 776 4864 novissimis
827 4810 1163 4879 temporibus
1205 4804 1356 4863 nulla
1402 4807 1510 4861 mei
1560 4807 1888 4873 mutatione,

316 4904 661 4979 prophetam.
715 4901 817 4968 Qui
866 4917 994 4973 ergo
1016 4894 1301 4970 impendio
1346 4894 1528 4953 studet
1566 4897 1659 4953 Dei
1705 4898 1886 4954 facere

315 4982 671 5061 voluntatem,
702 5004 790 5051 me
813 4984 1031 5066 quidem
1052 5009 1116 5048 ex
1147 4990 1444 5062 Scripturis
1471 4992 1642 5046 sacris
1667 4992 1884 5061 agnitu-

317 5101 408 5141 rus
426 5092 510 5140 est
530 5102 545 5151 ;
571 5084 913 5154 postmodum
931 5096 1060 5136 vero
1082 5096 1147 5135 ex
1176 5096 1261 5134 me
1278 5089 1523 5135 recurret
1545 5082 1611 5136 ad
1631 5079 1843 5137 Patrem
1867 5098 1883 5147 ;

318 5166 481 5247 atque
512 5177 670 5239 adeo,
713 5192 888 5231 meam
920 5175 1245 5238 doctrinam,
1288 5173 1469 5243 Patris
1507 5189 1629 5229 esse
1680 5174 1883 5230 doctri-

319 5286 441 5324 Iam
483 5270 767 5332 conﬁtens,
811 5269 911 5323 μ’ὺί
954 5268 1067 5337 ipse
1104 5265 1332 5319 salutem
1353 5273 1639 5334 paraturus
1664 5275 1764 5321 est.
1785 5265 1887 5331 Qui

320 5379 350 5417 ο
371 5363 670 5429 semetipso,
703 5359 1168 5430 inquit,loquitur,
1196 5346 1417 5427 gloriam
1442 5363 1709 5428 propriam
1739 5377 1882 5432 qua:-

323 5456 387 5507 rit
417 5470 435 5507 :
460 5455 549 5524 qui
593 5461 765 5506 autem
809 5450 994 5521 quierit
1022 5448 1245 5519 gloriam
1287 5449 1401 5519 ejus
1447 5450 1537 5520 qui
1568 5452 1707 5504 misit
1743 5466 1881 5514 eum,

320 5543 401 5595 hic
430 5559 590 5597 verna:
627 5553 720 5607 est,
751 5552 796 5596 et
828 5540 1088 5610 iujustitia
1118 5540 1179 5609 in
1212 5540 1307 5595 illo
1338 5556 1439 5594 non
1464 5551 1558 5607 est.
1609 5540 1723 5601 llis,
1760 5542 1886 5595 doc-

322 5633 521 5687 trinam
556 5637 608 5685 δι
632 5634 872 5687 riharum
903 5639 957 5685 et
984 5629 1174 5686 Pharis
1194 5648 1378 5687 eorum
1412 5632 1571 5687 tacite
1594 5631 1883 5701 signiﬁcat.

393 5746 436 5775 "
470 5744 620 5796 Jnan.
656 5762 705 5798 ιχ
751 5745 839 5800 9.9.
918 5746 961 5777 ⁸⁸
989 5746 1141 5801 Joan.
1178 5763 1293 5809 vm,
1334 5747 1418 5801 13.
1494 5747 1540 5778 "
1561 5746 1714 5800 Joan.
1739 5763 1832 5807 vn,
1872 5746 1951 5799 lli.
2017 5746 2062 5777 "
2095 5743 2283 5798 Matth.
2317 5762 2404 5809 xv,
2430 5743 2481 5797 9.
2558 5743 2603 5775 δ’
2630 5743 2811 5799 Amos.
2850 5759 2921 5807 γι,
2956 5741 3041 5795 10.

402 5812 563 5865 ειμιιιι.
592 5817 756 5869 L20.
827 5818 869 5848 "
898 5816 1053 5869 Joan.
1082 5834 1130 5869 Χ.
1165 5819 1253 5869 55.
1332 5818 1376 5848 ⁸³
1402 5817 1559 5869 Joan.
1589 5833 1699 5869 XVI.
1737 5817 1817 5868 l5.
1894 5817 1935 5847 "
1971 5817 2067 5869 lsa.
2107 5831 2201 5869 LII.
2238 5818 2269 5869 6

1900 5827 1935 5847 δ’
1971 5827 2067 5869 Isa.
2107 5831 2201 5881 LII,

322 5814 366 5843 ⁸⁸
402 5812 563 5865 Joau.
592 5817 756 5875 scit).
827 5818 869 5848 "
898 5816 1053 5872 Joan.
1082 5834 1130 5882 κ,
1165 5819 1253 5872 55.
1332 5818 1376 5848 ⁵³
1402 5817 1559 5870 Joan.
1589 5833 1699 5880 XVI.
1737 5817 1817 5868 i55-

1990 4821 2080 4868 τις
2131 4801 2276 4871 θέλῃ
2333 4804 2399 4856 τὸ
2447 4806 2675 4873 θέλημα
2724 4804 2929 4871 αὐτοῦ,
2977 4805 3072 4858 τοῦ
3119 4806 3431 4875 πέμψαντός
3467 4823 3560 4874 με,

1991 4897 2155 4967 λέγω,
2191 4897 2722 4977 ποιεῦ-,γνώσεται
2764 4898 2895 4968 περὶ
2936 4897 3046 4969 τῆς
3075 4897 3350 4968 διδαχῆς,
3393 4900 3562 4952 πέτε-

1983 5007 2100 5058 ρον
2127 4991 2195 5043 ἐκ
2241 4989 2347 5045 τοῦ
2388 4990 2537 5045 Θεοῦ
2575 4991 2764 5056 ἐστιν,
2794 4990 2831 5060 ἣ
2860 4990 2972 5061 ἐγὼ
2998 4992 3098 5062 ἀφ’
3128 4992 3343 5046 ἑαυτοῦ
3371 4989 3560 5045 λαλῶ.

1999 5083 2063 5135 '0
2114 5081 2172 5135 δὲ
2220 5080 2369 5150 λέγει
2414 5082 2653 5135 τοιοῦτόν
2701 5084 2882 5137 ἐστιν·
2927 5083 2986 5137 Ὃ
3010 5084 3084 5153 μὴ
3118 5081 3295 5154 ζητῶν
3326 5083 3388 5134 τὸ
3431 5080 3563 5133 ἴδιον

1994 5172 2228 5242 θέλημα,
2289 5173 2425 5228 ἀλλά
2478 5172 2539 5228 τὸ
2586 5173 2799 5245 θέλημα
2841 5173 2934 5227 τοῦ
2981 5173 3155 5238 Θεοῦ,
3212 5175 3332 5251 ταῖς
3385 5171 3562 5249 θείαις

1995 5267 2209 5330 πάντως
2265 5268 2589 5338 προσανέχει
2638 5266 2917 5336 Γραφαῖς·
2970 5267 3029 5316 ὲν
3078 5264 3188 5335 γὰρ
3232 5263 3455 5323 ταύταις
3499 5262 3562 5313 τὸ

1993 5358 2205 5429 θέλημα
2255 5358 2345 5412 τοῦ
2377 5357 2511 5410 Θεοῦ
2544 5359 2936 5428 ὲγκέκρυπται.
2970 5357 3037 5407 Al
3079 5355 3135 5408 δὲ
3166 5354 3304 5408 θεῖαι
3348 5352 3561 5422 Γραφαὶ

1994 5451 2121 5523 περὶ
2154 5449 2288 5519 ἐμοῦ
2324 5447 2776 5519 προαγγέλλουσι,
2811 5448 2906 5498 καὶ
2950 5445 3084 5499 Θεόν
3134 5462 3203 5513 με
3246 5444 3419 5513 Λόγον
3464 5459 3563 5511 κη-

1997 5543 2299 5615 ρύττουσιν,
2331 5543 2394 5594 ἐκ
2418 5539 2512 5593 τοῦ
2541 5538 2752 5610 Πατρὸς
2781 5537 3110 5609 προελθόντα
3128 5554 3142 5567 ’
3165 5535 3259 5589 καὶ
3281 5533 3561 5604 ἄνθρωπον

1994 5633 2278 5702 ἀτρέπτως
2330 5631 2644 5700 ἐπεσχὰτων
2696 5628 2950 5697 γενέσθαι
2999 5627 3088 5680 τὸν
3137 5625 3299 5679 αὐτὸν
3349 5636 3560 5692 προφη-

3119 5741 3164 5772 ⁶⁰
3197 5738 3327 5795 ibid.
3355 5751 3447 5801 vn,
3475 5734 3557 5790 15.
