4024 6232
388 333 525 400 1:395

1361 334 1552 391 LEON
1563 334 1606 391 Τ
1620 334 1634 389 Ι
1651 334 1667 391 l
1772 334 1859 392 EA
1869 333 2133 392 I‘OLl'l‘A
2146 333 2189 390 Ν
2203 333 2224 389 ι
2284 307 2622 392 EPISCOI‘I

3508 327 3645 393 1596

385 445 584 507 mentis
612 446 893 516 proposito
930 443 1177 499 instructi
1226 454 1427 508 essent,
1465 446 1950 515 reprehensionum

2089 463 2181 499 ον.
2214 445 2402 498 Ταῦτα
2448 446 2732 517 εἰρηκότος
2755 487 2768 513 ,
2805 446 3045 516 σώφρονι
3083 444 3329 516 λογισμῷ
3356 444 3648 513 ἐννοήσαιμ-

387 534 719 597 libertatem,
766 534 875 588 nisi
916 548 1039 588 esse
1068 548 1195 587 vere
1230 533 1510 589 Christum
1539 535 1959 605 cognovissent;

389 639 499 679 non
535 641 599 679 ea
628 640 751 694 quae
780 623 1097 680 diceremur
1132 623 1300 678 fuisse
1338 624 1561 680 silentio
1591 640 1655 679 ac
1679 625 1798 679 sine
1820 636 1863 680 st
1875 643 1962 680 re-

332 752 341 761 -
390 717 503 783 pitu
527 726 885 788 suscepturos
913 732 930 784 ;
965 731 1073 770 non
1111 718 1291 770 tardos
1307 717 1447 772 adeo
1477 717 1688 771 futuros
1718 720 1787 770 ad
1827 718 1966 771 iram

390 805 456 868 “,
483 807 572 874 qui
598 805 677 862 sic
701 796 896 859 veloces
912 813 1065 859 erant
1097 806 1169 859 ad
1185 804 1552 874 eﬂ'uudendum
1566 805 1875 874 sanguinem
1894 802 1964 858 ’⁸ί.

392 892 758 958 Quamobrem
831 895 1055 965 cOgnito
1120 894 1267 964 quod
1312 908 1344 949 e
1384 909 1446 949 re
1490 903 1608 949 erat
1634 936 1649 959 ,
1694 909 1759 949 ac
1805 910 1967 964 supra

393 983 616 1038 modum
645 984 897 1039 admirati
931 984 1261 1047 doctrinam,
1283 984 1438 1038 multi
1466 985 1839 1039 crediderunt.
1875 983 1968 1039 Vi—

394 1073 518 1139 des,
541 1075 768 1141 dilecte,
816 1077 1126 1146 praesentiae
1173 1075 1376 1129 Christi
1417 1075 1471 1130 in
1518 1064 1725 1144 templo
1765 1076 1973 1130 linem?

395 1161 561 1218 Vides
594 1165 859 1219 doctrina:
916 1182 1080 1235 quam
1130 1167 1415 1236 proposuit
1452 1166 1687 1221 fructum
1738 1165 1762 1219 ?
1808 1164 1972 1220 Vides

395 1254 524 1325 quid
552 1254 599 1309 is
611 1255 913 1324 negotiatus
926 1256 1114 1325 egerit,
1128 1257 1217 1325 qui
1239 1257 1348 1310 vult
1364 1274 1538 1310 omnes
1561 1257 1733 1310 salvos
1749 1256 1865 1324 ﬁeri
1880 1257 1927 1288 ‘“
1951 1258 1973 1310 ?

396 1343 626 1407 Idcirco,
662 1346 753 1414 qui
795 1347 975 1399 omnia
1040 1347 1180 1399 novit
1230 1347 1539 1416 priusquam
1590 1348 1722 1417 [iant
1769 1346 1839 1413 ⁸⁵,
1892 1347 1973 1401 fc-

398 1443 487 1490 sto
513 1434 605 1489 illo
633 1434 721 1489 die
748 1435 1041 1499 mediante,
1070 1436 1163 1504 qui
1192 1443 1310 1490 erat
1343 1436 1711 1507 Scenopegire.
1743 1453 1976 1508 propere

397 1523 469 1578 ad
494 1522 754 1591 templum
790 1523 959 1587 venit,
973 1522 1227 1592 cumjam
1251 1537 1347 1576 eos
1371 1522 1461 1591 qui
1492 1523 1740 1577 salvandi
1767 1532 1973 1589 essent,

401 1613 630 1685 praescia
661 1612 964 1667 divinitatis
1012 1627 1236 1683 sagena,
1267 1621 1394 1666 ante
1417 1628 1575 1667 suum
1605 1612 1659 1666 in
1713 1613 1844 1668 illud
1884 1614 1978 1668 ad-

399 1712 645 1768 ventum,
674 1704 1052 1760 conclusisset.

2062 553 2178 601 τες,
2209 538 2291 591 ὅτι
2345 537 2520 601 οὕτως
2551 538 2688 609 πρὸς
2721 538 2813 592 τδν
2849 539 2969 590 κατ’
3019 536 3183 591 αὐτοῦ
3218 536 3377 606 φόνον
3416 535 3652 601 ἐξωπλι-

2067 626 2255 694 σμένοι
2288 629 2354 696 τῇ
2390 626 2709 696 προαιρέσει
2747 627 2797 679 οἱ
2845 625 3128 696 ἄρχοντες,
3171 625 3221 677 εί
3271 624 3347 694 μὴ
3401 622 3650 690 ἔγνωσαν

2065 716 2230 769 αὐτὸν
2276 716 2367 769 τὸν
2412 717 2644 786 Χριστὸν
2677 715 2892 787 ἀληθῶς
2940 711 3102 781 εἶναι,
3152 715 3253 768 οὐκ
3296 713 3361 767 ἂν
3410 713 3653 783 ἠνεγκαν

2064 806 2174 860 τῶν
2206 807 2444 877 ἐλέγχων
2477 808 2575 880 τὴν
2603 809 2947 880 παρρησίαν
2979 808 3080 861 οὐκ
3122 806 3190 861 ἂν
3220 805 3396 877 ἠσυχῆ
3430 803 3653 859 κατεδέ-

2069 896 2228 963 ξαντο
2278 899 2345 950 τὰ
2390 897 2691 968 λεγόμενασ
2746 898 2848 951 οὐκ
2895 897 2962 951 ἂν
3006 896 3210 964 ταχεῖς
3279 896 3451 962 ὄντες
3500 895 3653 962 πρὸς

2069 986 2331 1056 αἱμάτων
2385 987 2680 1059 ἔκχυσιν,
2736 987 2912 1051 οὕτως
2962 987 3212 1057 ,ϐραδεῖς
3267 987 3416 1056 πρὸς
3470 987 3653 1054 ὀργὰς

2070 1077 2443 1144 διετέθησαν.
2476 1079 2641 1132 Ὅθεν
2670 1079 2732 1131 τὸ
2775 1078 2896 1131 δέον
2941 1077 3280 1145 ἐπιγνόντες,
3313 1076 3406 1130 καὶ
3440 1077 3540 1145 τὴν
3573 1076 3652 1127 δι·

2071 1167 2368 1221 δασκαλίαν
2433 1169 2992 1239 ὑπερθαυμάσαντες,
3044 1168 3231 1220 πολλοὶ
3301 1167 3652 1219 ἐπίστευσαν.

2088 1256 2273 1328 Ὁρᾷς.
2306 1259 2584 1328 ἀγαπητὲ,
2617 1259 2678 1311 τὸ
2709 1261 2885 1328 πέρας
2922 1258 3018 1327 τῆς
3053 1260 3111 1311 ὲν
3135 1257 3211 1327 τῷ
3234 1255 3365 1327 ἱερῷ
3390 1255 3486 1311 τοῦ
3516 1256 3654 1326 Χρι-

2077 1347 2204 1400 στοῦ
2234 1349 2572 1417 παρουσίας;
2631 1349 2764 1418 ὁρᾷς
2809 1348 2901 1401 τὸν
2931 1346 3146 1417 καρπὸν
3192 1347 3292 1416 τῆς
3326 1345 3659 1415 παρατεθεί-

2075 1453 2176 1504 σης
2230 1436 2607 1504 διδασκα).ίας;
2679 1437 2904 1507 βλέπεις
2956 1436 3054 1508 τὴν
3109 1434 3490 1506 πραγματείαν
3562 1433 3659 1485 τοῦ

2077 1526 2309 1580 πάντοτε
2355 1529 2585 1594 πάντας
2616 1529 2901 1593 θέλοντος
2943 1522 3470 1593 σωθῆναι;’1“ούτου
3501 1523 3663 1591 χάριν

2078 1619 2113 1672 ό
2140 1617 2337 1672 πάντα
2371 1619 2683 1689 γινώσκων
2722 1617 2865 1685 πρὶν
2908 1616 3204 1686 γενέσεως
3255 1612 3475 1675 αὐτῶν,
3510 1611 3664 1663 ἐπεί-

2080 1709 2182 1779 χθη
2212 1709 2541 1763 καταλαὸεἴν
2573 1708 2635 1761 τὸ
2670 1708 2812 1778 ἱερὸν
2843 1706 2942 1773 τῆς
2976 1705 3093 1758 τότε
3128 1705 3323 1775 ἑορτῆς
3364 1701 3664 1773 μεσούσης,
3727 1756 3737 1765 ,

395 1796 521 1867 ἥτις
571 1792 644 1869 ἦν
671 1795 768 1866 τῆς
799 1796 1203 1868 Σκηνοπηγίας.
1228 1797 1356 1861 τοὺς
1385 1796 1626 1867 σωθῆναι
1678 1796 1973 1868 μέλλοντας
2010 1798 2075 1871 τῇ
2108 1801 2490 1872 προγνωστικῇ
2517 1799 2728 1870 σαγήνῃ
2754 1798 2853 1868 τῆς
2883 1796 3156 1867 θεότητος,
3185 1793 3290 1864 πρὸ
3349 1792 3446 1845 τοῦ
3505 1791 3665 1846 ἀνελ-

397 1891 514 1944 θεῖν
544 1893 621 1952 εἰς
652 1890 712 1944 τὸ
741 1888 886 1960 ἱερὸν
916 1891 1287 1959 περικλείσας.

473 1977 628 2031 Hunc
654 1992 874 2048 quoque
894 1993 996 2032 nos
1024 1977 1269 2042 modum,
1292 1986 1619 2048 praesentem
1648 1977 1979 2049 Media-pen-

2154 1976 2312 2034 Οὕτω
2343 1976 2435 2030 καὶ
2479 1977 2642 2047 ἡμεῖς
2685 1975 2785 2048 τὴν
2834 1973 3120 2049 παροῦσαν
3148 1974 3364 2046 ἡμέραν
3399 1972 3502 2042 τῆς
3550 1973 3667 2027 Με-

403 2076 643 2123 tecostes
666 2068 812 2123 diem
850 2067 1215 2130 celebremus,
1266 2068 1631 2138 suscipientes
1681 2068 1978 2124 Salvatoris

400 2159 727 2222 doctrinam,
747 2174 809 2214 ac
828 2162 1059 2215 aversati
1084 2160 1382 2230 nequitiam
1414 2161 1727 2231 principum
1761 2160 1980 2215 Judrco-

405 2266 553 2315 rum,
587 2266 792 2321 eosque
834 2253 1051 2306 tandem
1084 2252 1304 2318 imitati,
1363 2253 1456 2320 qui
1489 2251 1709 2307 Christo
1751 2250 1981 2307 Domino

403 2342 775 2417 crediderunt.
802 2341 873 2397 Ut
901 2350 1085 2415 alitem
1117 2343 1309 2412 majori
1349 2344 1574 2397 honoris
1649 2343 1869 2397 cumulo
1895 2343 1979 2396 di-

404 2447 568 2502 gnum
612 2433 929 2486 noverimus
949 2431 1486 2502 Meditepentecostes
1508 2433 1674 2499 diem,
1697 2433 1788 2487 ubi
1815 2448 1983 2502 pauca

404 2519 476 2576 de
498 2518 677 2591 medio
713 2519 1029 2594 dixerimus,
1053 2518 1214 2573 ﬁnem
1244 2518 1462 2574 dicendi
1492 2518 1771 2575 faciemus.

487 2696 578 2750 Ait
627 2696 810 2766 itaque
851 2694 1020 2751 David
1056 2698 1123 2751 ad
1150 2696 1320 2751 Deum
1363 2715 1376 2750 :
1413 2695 1476 2749 In
1510 2696 1678 2750 medio
1737 2696 1986 2751 Ecclesia

412 2788 641 2841 laudabo
698 2798 749 2841 te
779 2788 848 2842 ⁸⁸.
880 2789 969 2851 Et,
1018 2787 1281 2857 Operam:
1338 2798 1413 2842 est
1446 2789 1673 2842 salutem
1710 2789 1765 2841 in
1820 2791 1989 2843 medio

412 2887 569 2933 terra:
589 2879 656 2935 ⁸⁸.
693 2878 949 2934 Salomon
981 2895 1110 2934 vero
1140 2880 1396 2934 didicisse
1427 2895 1485 2934 se
1524 2881 1600 2934 ait
1637 2896 1667 2934 a
1695 2881 1985 2950 sapientia,

411 2968 629 3024 Initium
658 2979 707 3024 et
738 2971 1239 3025 consummationem
1267 3011 1280 3032 ,
1316 2980 1363 3025 et
1412 2971 1742 3025 medietatem
1790 2982 1990 3040 tempo-

415 3079 534 3117 rum
562 3062 630 3117 ⁸⁷.
668 3062 921 3119 Habacnc
952 3065 1116 3119 etiam
1152 3064 1206 3117 in
1237 3064 1453 3118 cantico
1486 3081 1500 3117 :
1543 3061 1612 3116 In
1650 3065 1822 3117 medio
1857 3064 1991 3117 duo-

414 3169 568 3206 orunt
592 3156 911 3208 animalium
961 3155 1289 3225 cognosceris
1330 3154 1397 3207 ⁸⁸.
1478 3152 1634 3209 Alius
1678 3156 1808 3208 item
1872 3170 1993 3222 pro-

419 3242 586 3312 pheta
616 3258 630 3295 :
659 3242 793 3297 Ecce
850 3260 943 3313 ego
970 3245 1118 3298 venio
1140 3254 1187 3297 et
1211 3243 1455 3298 habitabo
1473 3245 1526 3298 in
1544 3245 1714 3298 medio
1737 3246 1812 3297 tui
1833 3245 1902 3299 ⁸⁸.
1926 3243 1994 3299 Ει

2081 2068 2519 2137 σοπεντηκοστῆς
2571 2067 2940 2138 ἑορτάσωμεν,
2983 2068 3085 2138 τὴν
3132 2064 3227 2120 τοῦ
3280 2065 3536 2134 Σωτῆρος
3587 2065 3669 2117 δι-

2078 2156 2375 2212 δασκαλίαν
2424 2155 2810 2226 προσιέμενοι,
2856 2157 2956 2227 τὴν
3004 2155 3318 2225 φαυλότητα
3387 2154 3495 2208 τῶν
3563 2155 3667 2224 ἀρα

2079 2250 2284 2321 χόντων
2307 2248 2423 2303 τῶν,
2454 2247 2724 2301 Ἰουδαίων
2782 2247 3291 2318 ἀποστρεφόμενοι,
3328 2246 3456 2307 τοὺς
3508 2260 3670 2297 πεπι-

2085 2340 2382 2403 στενκότας
2425 2339 2504 2410 τῷ
2540 2339 2789 2410 Δεσπότῃ
2817 2338 3041 2409 Χριστῷ
3080 2337 3497 2407 ἐκμιμούμενοι.
3548 2336 3668 2388 Ἵνα

2083 2435 2139 2488 δὲ
2171 2432 2429 2487 ἑπιπλέον
2459 2431 2677 2502 γνῶμεν
2702 2432 2865 2500 τιμῆς
2893 2429 3051 2495 ἀξίαν
3093 2430 3194 2498 τὴν
3236 2428 3336 2497 τῆς
3383 2429 3666 2481 Macen:qu

2083 2523 2355 2594 τηκοστῆς
2399 2522 2635 2592 ἡμέραν,
2666 2521 2823 2589 ὀλίγα
2875 2521 3003 2591 περὶ
3052 2520 3344 2590 μεσότητος
3394 2515 3667 2583 εἰπόντες,

2084 2613 2176 2669 τὸν
2221 2614 2379 2682 λόγον
2408 2611 2869 2682 καταπαύσωμεν.

2154 2704 2324 2772 Λέγει
2365 2705 2547 2758 τοίνυν
2588 2703 2753 2756 Δαὸὶδ
2797 2701 2934 2773 πρὸς
2986 2699 3079 2754 τὸν
3125 2698 3257 2751 Θεόν
3283 2712 3299 2728 ⁸
3358 2698 3455 2750 Ἐγ
3494 2697 3669 2766 μέσῳ

2088 2794 2457 2861 Ἐκκλησίας
2508 2792 2761 2860 ὑμνήσω
2794 2805 2889 2844 σε.
2929 2789 3036 2841 Καὶ
3058 2827 3075 2851 ,
3108 2786 3443 2856 ΕΙργάσατο
3472 2804 3667 2853 σωτη-

2081 2885 2222 2955 ρίαν
2259 2884 2327 2937 ἐν
2358 2882 2531 2952 μέσῳ
2571 2881 2680 2949 τῆς
2712 2880 2844 2950 τῆς.
2887 2880 3026 2947 Φησὶ
3051 2877 3108 2929 δὲ
3142 2879 3170 2929 ό
3206 2873 3488 2944 Σαλομὼν,
3527 2875 3669 2927 διεδ.-

2088 2974 2283 3046 δάχθαι
2327 2974 2480 3045 ’παρὰ
2524 2973 2620 3042 τῆς
2664 2971 2878 3040 σοφίας,
2932 2968 3157 3037 Ἀρχὴν
3198 2967 3296 3020 καὶ
3338 2967 3516 3032 τέλος
3570 2966 3671 3018 καὶ

2085 3066 2395 3136 μεσότητα
2409 3065 2665 3134 χρόνων.
2704 3062 2766 3115 '0
2819 3063 2878 3114 δὲ
2922 3059 3251 3129 Ἀμὸακοὺμ
3299 3059 3360 3111 ὲν
3410 3061 3477 3128 τῇ
3517 3058 3628 3127 ᾠδῇ
3658 3074 3673 3087 ·

2092 3159 2197 3212 Ἔν
2218 3158 2387 3226 μέσῳ
2421 3155 2531 3209 δύο
2557 3153 2715 3215 ζώων
2741 3151 3093 3222 γνωσθήσῃ.
3125 3152 3421 3220 Προφήτης
3467 3150 3525 3202 δὲ
3555 3150 3674 3202 ἓτε-

2100 3267 2191 3322 ρος
2216 3267 2229 3280 ·
2268 3248 2424 3305 Ἰδοὺ
2470 3248 2717 3316 ἔρχομαι
2756 3246 2855 3300 καὶ
2896 3244 3350 3310 κατασκηνώσω
3396 3243 3466 3295 ἐν
3504 3243 3677 3311 μέσῳ

418 3332 617 3387 iterum
646 3352 658 3387 :
689 3333 796 3388 Ero
832 3335 887 3387 in
916 3335 1085 3405 gloria
1108 3336 1162 3388 in
1195 3336 1365 3389 medio
1397 3336 1466 3389 ’°.
1499 3334 1763 3389 Dominus
1805 3351 1937 3389 vero
1973 3353 1984 3389 :

2097 3313 2236 3402 σου,
2266 3340 2413 3408 λέγει
2456 3313 2682 3409 Κύριος.
2718 3336 2826 3389 Kal
2860 3336 3021 3390 πάλιν
3046 3351 3060 3365 ·
3103 3338 3208 3401 Εἰς
3240 3333 3432 3397 δόξαν
3458 3333 3677 3401 ἔσομαί

420 3423 533 3495 Ego
580 3441 698 3479 sum
748 3425 804 3479 in
835 3426 1007 3479 medio
1046 3435 1271 3479 vestrum
1311 3426 1441 3479 sicut
1472 3427 1561 3495 qui
1607 3428 1872 3480 ministrat
1924 3429 1990 3482 ⁸⁸.

420 3516 541 3587 Ipse
567 3517 752 3583 etiam,
776 3533 895 3571 cum
917 3527 1086 3571 essent
1114 3517 1368 3586 discipuli
1398 3516 1719 3589 congregati,
1747 3521 1888 3573 stetit
1940 3520 1995 3573 in

420 3606 590 3660 medio
618 3622 797 3660 eorum
832 3609 877 3639 ”
908 3622 924 3674 ;
978 3622 1157 3677 neque
1213 3606 1267 3661 id
1307 3607 1498 3668 semel,
1531 3608 1626 3662 sed
1680 3616 1734 3662 et
1773 3609 1993 3664 iterum.

419 3694 659 3751 Joannes
678 3689 912 3767 quoque.
948 3696 1189 3767 Baptista
1238 3714 1255 3752 :
1315 3699 1523 3753 Medius
1576 3708 1803 3752 vestrum
1831 3701 1995 3767 stetit,

423 3803 578 3857 quem
607 3805 697 3843 vos
748 3790 960 3843 neseilis
995 3789 1041 3820 ⁸³
1075 3805 1091 3844 :
1125 3786 1335 3854 Quibus
1366 3805 1476 3843 non
1513 3789 1564 3844 id
1599 3799 1805 3844 tantum
1833 3791 2001 3860 signi-

424 3878 569 3944 ﬁcat,
592 3894 715 3934 esse
743 3880 950 3942 Jesnm,
973 3879 1030 3934 in
1056 3881 1237 3936 medio
1260 3882 1455 3943 turbae,
1513 3882 1631 3945 sed,
1657 3882 1854 3951 inquit,
1886 3896 2000 3935 me-

424 3969 547 4025 dius
574 3979 819 4028 vestrum
851 3980 935 4026 est
955 3980 1009 4026 et
1041 3972 1160 4038 Dei,
1218 3973 1274 4027 in
1318 3980 1547 4042 utraque
1578 3972 1901 4038 substantia,
1942 3973 1996 4026 in

425 4060 628 4130 quibus
679 4052 923 4129 exsistit,
958 4063 1261 4118 divinitatis
1309 4079 1373 4117 ac
1410 4063 1786 4126 humanitatis,
1836 4063 1999 4118 simili

426 4152 616 4206 ambas
654 4153 971 4224 complexus
1003 4155 1202 4208 virtute
1233 4172 1246 4207 :
1273 4164 1436 4223 atque
1470 4164 1530 4208 ut
1580 4156 1655 4208 ait
1679 4155 1996 4225 Apostolus:

433 4243 574 4299 Unus
605 4243 765 4311 Deus,
787 4262 920 4299 unus
944 4255 994 4299 et
1028 4247 1289 4300 mediator
1322 4247 1420 4300 Dei
1452 4255 1499 4299 et
1532 4247 1819 4311 hominum,
1850 4249 2002 4301 homo

2093 3431 2162 3485 ἐν
2184 3430 2351 3498 μέσῳ
2378 3427 2593 3497 αὐτῆς.
2614 3427 2723 3481 Καὶ
2748 3429 2776 3481 ὁ
2802 3426 3007 3496 Κύριος
3026 3440 3042 3455 ·
3089 3423 3237 3495 Ἐγώ
3265 3426 3385 3492 εἰμι
3416 3425 3486 3477 ὲν
3504 3423 3679 3494 μέσῳ

2094 3520 2260 3590 ὑμῶν
2299 3520 2379 3586 ὠς
2413 3522 2446 3573 ό
2484 3516 2802 3573 διακονῶν.
2842 3517 2902 3571 '0
2929 3517 2975 3571 δ’
3015 3516 3205 3580 αὐτὸς,
3253 3514 3371 3569 τῶν
3393 3514 3679 3584 μαθητῶν

2096 3609 2511 3681 συνηγμένων,
2538 3609 2689 3676 ἔστη
2719 3608 2789 3662 ἐν
2808 3606 2978 3677 μέσῳ
2999 3607 3199 3661 αὐτῶν
3217 3624 3230 3636 ·
3264 3607 3358 3659 καὶ
3386 3607 3484 3675 οὐχ
3509 3603 3676 3668 ἅπαξ,

2097 3703 2234 3758 ἀλλὰ
2265 3702 2358 3756 καὶ
2391 3701 2664 3773 δεύτερον.
2697 3701 2806 3754 Kal
2836 3701 2866 3752 ὁ
2898 3699 3211 3769 Battum):
3254 3699 3527 3768 Ἰωάννηςο
3556 3697 3674 3751 Μέ-

2098 3813 2210 3861 σος
2241 3794 2309 3848 δὲ
2340 3792 2507 3861 ὑμῶν
2536 3794 2816 3859 ἕστηκεν,
2848 3792 2922 3845 ὃν
2960 3790 3131 3860 ὑμεῖς
3159 3792 3271 3844 οὐκ
3301 3788 3523 3844 οίδατε.
3557 3790 3675 3858 Οὐχ

2100 3886 2289 3950 ἁπλῶς
2312 3887 2373 3940 τὸ
2407 3883 2549 3939 εἶναι
2579 3887 2637 3938 ὲν
2663 3884 2816 3955 μέσῳ
2845 3882 2939 3936 τοῦ
2983 3883 3144 3953 ὄχλου
3173 3882 3264 3935 τὸν
3307 3880 3539 3951 Ἰησοῦν,
3589 3880 3679 3933 διὰ

2099 3978 2258 4031 τοῦτο
2289 3976 2573 4048 σημαίνων
2598 3992 2612 4005 °
2664 3976 2821 4039 ἀλλὰ,
2865 3974 3048 4037 Μέσος
3079 3973 3230 4041 ὑμῶν
3263 3990 3342 4035 τε,
3395 3972 3553 4043 φησι,
3584 3973 3679 4024 καὶ

2101 4070 2259 4135 Θεοῦ,
2305 4073 2363 4123 ὲν
2407 4070 2699 4140 ἑκατέραις
2750 4064 2839 4131 αἷς
2871 4070 3018 4120 ἐστιν
3063 4066 3294 4130 οὐσίαις,
3342 4065 3592 4137 ϐεότητός
3621 4081 3680 4117 τε

2102 4162 2197 4216 καὶ
2224 4161 2664 4232 ἀνθρωπότητος,
2709 4160 2989 4230 ἑκατέρων
3037 4158 3472 4227 ἐπειλημμένος.
3518 4157 3681 4226 ὁμιίᾳ

2101 4252 2352 4322 δυνάμει.
2402 4251 2512 4304 Καὶ
2543 4251 2619 4313 ὡς
2661 4248 2983 4310 Ἀπόστολός
3014 4264 3180 4317 φησιν
3204 4263 3218 4276 ·
3252 4242 3353 4313 Εἷς
3404 4247 3566 4312 Θεὸς,
3595 4240 3682 4310 εἷς

427 4336 664 4393 Christus
695 4336 850 4392 Iesus
873 4340 941 4391 ’⁸.
965 4339 1176 4394 Idcirco
1200 4339 1363 4410 igitur
1393 4339 1536 4394 Dens
1566 4348 1651 4394 est
1674 4375 1688 4392 .
1723 4339 1842 4393 Non
1855 4340 2003 4394 enim

426 4436 573 4483 esset
617 4428 903 4492 mediator,
958 4435 1018 4481 ut
1053 4437 1202 4482 esset
1256 4437 1465 4483 tantum
1508 4429 1673 4481 homo
1721 4444 1736 4496 ;
1797 4443 1861 4481 ac
1900 4443 2004 4482 nec

427 4531 463 4576 e
487 4534 774 4583 converso,
809 4527 869 4572 ut
900 4528 1110 4575 tantum
1128 4519 1271 4573 Deus
1303 4527 1469 4573 esset.
1521 4518 1647 4573 Ideo
1690 4526 1869 4572 autem
1920 4527 2004 4572 est

2103 4343 2202 4398 καί
2228 4343 2483 4412 μεσίτης
2512 4341 2661 4395 Θεοῦ
2690 4341 2787 4395 καὶ
2828 4338 3177 4407 ἀνθρώπων,
3223 4338 3532 4405 ἅνθρωπος
3572 4337 3681 4402 ’1η-

2105 4432 2257 4498 σοῦς
2280 4432 2551 4501 Χριστός.
2589 4431 2687 4483 Διὰ
2712 4429 2869 4484 τοῦτο
2894 4425 2990 4483 οὖν
3017 4429 3170 4492 Θεὸς.
3221 4429 3357 4481 Οῖιδὲ
3385 4428 3496 4498 γὰρ
3529 4427 3681 4498 μεσί-

2104 4540 2205 4591 της
2235 4519 2292 4596 ᾖ,
2343 4523 2502 4592 μόνον
2539 4521 2866 4591 ἄνθρωπος’
2915 4519 3039 4575 οὐδὲ
3095 4518 3356 4588 ἔμπαλιν,
3417 4520 3466 4572 εἰ
3523 4519 3683 4589 μόνον

428 4611 717 4673 mediator,
750 4611 876 4680 quia
901 4620 985 4665 est
1013 4620 1068 4666 et
1114 4611 1255 4665 Deus
1299 4619 1355 4665 et
1400 4611 1565 4664 homo
1602 4627 1617 4677 ;
1651 4624 1746 4664 seu
1801 4610 1981 4679 potius

2107 4613 2237 4677 Θεός
2266 4629 2280 4643 ·
2306 4612 2441 4667 ἀλλὰ
2484 4612 2572 4664 διὰ
2614 4612 2778 4665 τοῦτο
2820 4612 3071 4683 μεσίτης,
3103 4610 3292 4681 ἐπειδὴ
3341 4608 3469 4673 Θεός
3494 4626 3554 4661 τε
3590 4608 3684 4661 καὶ

429 4700 575 4754 Deus
610 4701 783 4756 factus
812 4704 997 4757 homo.
1030 4702 1395 4768 Quamobrem
1423 4703 1587 4757 etiam
1617 4703 1865 4772 utrisque
1894 4703 1984 4756 illi:

2108 4705 2428 4777 ἄνθρωπος,
2465 4705 2668 4774 μᾶλλον
2720 4703 2777 4756 δὲ
2820 4702 3253 4774 ἐνανθρωπήσας
3308 4701 3460 4762 Θεός.
3521 4701 3684 4755 Ὅθεν

428 4791 817 4856 communicat,
842 4795 1040 4863 quibus
1067 4794 1421 4848 mediatorem
1446 4796 1554 4865 agit
1580 4811 1594 4859 ;
1620 4794 1730 4848 Deo
1759 4794 1977 4864 quidem

2109 4797 2202 4850 καὶ
2245 4798 2304 4848 ἐν
2354 4795 2640 4865 ἑκατέροις
2686 4797 2955 4857 κοινωνεῖ,
3004 4786 3080 4845 ὧν
3125 4795 3241 4844 ὲστι
3272 4792 3496 4861 μεσίτης
3524 4806 3539 4822 ο
3566 4789 3686 4858 Θεῷ

430 4896 492 4942 ut
518 4884 611 4957 qui
648 4885 787 4939 Deus
811 4885 1058 4949 exsistat,
1082 4901 1176 4955 per
1195 4886 1493 4941 divinitatis
1517 4895 1798 4953 naturam;
1826 4886 1984 4941 homi-

2112 4887 2232 4959 μὲν,
2268 4885 2400 4949 Θεὸς
2424 4884 2520 4952 ὢν,
2545 4886 2690 4939 κατὰ
2716 4884 2814 4954 τὴν
2845 4885 3005 4952 φύσιν
3031 4883 3134 4952 τῆς
3159 4883 3409 4952 θεότητος
3432 4897 3447 4911 ⁸
3473 4878 3567 4934 ἀνθ
3577 4878 3686 4947 ρώ-

429 4978 592 5035 nibus
629 4989 832 5043 autem,
868 4988 930 5032 ut
952 4976 1043 5047 qui
1084 4976 1311 5032 exsistat
1342 4977 1526 5038 homo,
1562 4992 1660 5047 per
1691 4977 1984 5031 humanita-

2111 4994 2234 5038 ποις
2262 4976 2341 5042 δὲ,
2381 4975 2456 5029 ὢν
2487 4974 2800 5043 ἄνθρωπος,
2833 4973 2978 5026 κατὰ
3014 4973 3114 5042 τὴν
3143 4970 3305 5039 φύσιν
3341 4971 3441 5038 τῆς
3475 4967 3685 5037 ἀνθρω-

432 5074 500 5130 tis
530 5074 915 5129 substantiam.
946 5071 1146 5127 Verum
1174 5073 1436 5128 hactenus
1459 5073 1703 5129 sistenda
1726 5076 1922 5137 oratio,
1945 5090 1976 5127 u

2113 5067 2366 5139 πότητος.
2413 5064 2574 5119 Ἀλλὰ
2600 5066 2760 5135 μέχρι
2790 5064 2980 5118 τούτου
3006 5063 3099 5116 τὸν
3127 5063 3284 5131 λόγον
3321 5052 3517 5128 στῆσαι
3543 5058 3682 5121 δέον,

428 5163 779 5220 mediocritas
800 5161 1086 5223 consistat.
1109 5162 1200 5215 ubi
1224 5162 1481 5230 satisjam
1510 5162 1769 5227 ostendit,
1788 5161 1984 5232 dignari

2110 5159 2201 5214 διὰ
2249 5159 2347 5229 τὴν
2395 5158 2762 5228 συμμετρίαν,
2813 5155 3066 5220 δείξαντα
3118 5154 3412 5222 αὐτάρκως
3459 5152 3523 5202 ὲκ
3577 5150 3687 5201 τῶν

426 5270 550 5315 esse
583 5255 672 5310 cui
712 5255 977 5309 honorem
1009 5253 1305 5308 habeamus
1338 5254 1485 5308 diem
1558 5252 1984 5321 Mcdizepenteco

2113 5251 2272 5306 θείων
2318 5249 2571 5320 Γραορῶν,
2607 5247 2870 5317 τιμᾶσθαι
2928 5246 3088 5313 ἀξίαν
3140 5244 3239 5315 τὴν
3276 5243 3374 5309 τῆς
3404 5243 3688 5296 Μεσοπεν-

428 5355 561 5401 etes.
576 5343 722 5411 Quin
741 5345 909 5397 etiam
927 5342 1182 5397 virtutem
1210 5344 1412 5398 docent
1436 5343 1687 5398 doctores
1707 5342 1885 5396 medio
1906 5344 1984 5397 ha:

2114 5341 2384 5410 τηκοστῆς
2413 5341 2646 5411 ἡμέραν.
2676 5340 2990 5408 Μεσότητος
3025 5338 3084 5391 δέ
3117 5353 3279 5407 φασιν
3309 5336 3358 5388 οἱ
3380 5331 3690 5387 διδάσκαλοι

428 5451 569 5496 rare.
599 5434 758 5492 Omni
790 5451 921 5508 ergo
947 5451 1048 5489 nos
1068 5436 1266 5490 virtute
1298 5444 1677 5506 perornantes,
1712 5451 1859 5489 nunc
1889 5434 1984 5504 qui

2113 5435 2207 5488 καὶ
2232 5432 2330 5503 τὴν
2361 5433 2560 5503 ἀρετὴν
2581 5432 2819 5504 ἔχεσθαι.
2852 5432 3007 5503 [lacn
3029 5426 3123 5485 οὖν
3150 5430 3316 5501 ἀρετῇ
3347 5427 3574 5488 ἑαυτοὺς
3593 5442 3692 5478 κα-

497 5593 541 5628 ⁸¹
579 5593 696 5647 Jac.
745 5611 780 5658 ι,
876 5593 923 5625 ⁸³
955 5592 1096 5647 Psal.
1131 5607 1221 5645 xm
1249 5633 1263 5654 ,
1296 5592 1349 5644 5.

429 5661 625 5731 f'Sap.
670 5676 765 5719 vit.
810 5663 895 5714 18.
999 5661 1218 5731 ’F_llab.
1248 5676 1331 5718 Ill.
1370 5662 1425 5715 2.

432 5728 478 5767 ”
507 5728 671 5788 Joan.
710 5746 745 5790 I,
784 5732 872 5783 ‘26.
952 5731 995 5762 “
1024 5730 1039 5781 ι
1066 5729 1207 5784 Tim.
1240 5745 1298 5791 ιι,

1457 5592 1504 5624 ⁸⁸
1525 5589 1842 5724 ἒοὲἓὲιιῗςξ
1870 5590 1972 5714 io.

2512 5587 2557 5619 ³⁵
2582 5586 2724 5642 Psal.
2752 5602 2841 5640 xxi
2863 5625 2877 5646 ,
2911 5584 3000 5638 23.

2559 5658 2602 5689 ³⁸
2647 5654 2766 5730 Luc.
2809 5671 2943 5717 xxii,
2978 5653 3067 5706 27.

2031 5589 2076 5622 ”
2098 5589 2231 5641 Dan.
2268 5602 2332 5647 ιι,
2366 5605 2403 5642 ι.

2078 5659 2122 5690 ⁹⁰
2145 5657 2275 5711 ibid.
2311 5674 2359 5722 ν,
2396 5657 2447 5711 5.

3081 5585 3125 5616 ⁹⁶
3181 5581 3323 5634 Psal.
3376 5595 3562 5645 ιικιιι,
3598 5578 3684 5632 12.

3177 5654 3220 5683 "
3252 5651 3407 5706 Joan.
3468 5665 3556 5713 xx,
3597 5649 3683 5704 19.
