4024 6232
526 367 657 434 1599

1492 374 1803 436 LEONTII
1853 372 2377 434 NEAPOLITANI
2411 371 2752 432 EPISCOPI

3622 363 3768 430 1600

519 484 822 552 cuiﬂSda'm,
847 485 938 555 qui
975 501 1201 559 peregre
1231 487 1512 557 profectus
1543 495 1628 542 est
1649 487 1718 541 ad
1762 476 1979 556 tempus
2021 488 2089 541 ab

2192 485 2287 538 καὶ⁸
2328 484 2617 538 δακτύλιον
2660 483 2755 537 καὶ
2792 486 3119 553 χαρακτῆρα
3165 481 3404 553 Χριστοῦ
3452 481 3616 534 αὐτον
3645 480 3773 551 βλέο

518 572 643 639 illis,
658 575 831 629 multo
849 591 975 646 erga
1000 591 1124 631 eum
1147 577 1347 633 affectu
1374 594 1439 632 ex
1457 578 1636 632 anima
1653 577 1964 648 ﬂagrantes,
1979 577 2095 630 sive

517 662 723 732 virgam
749 665 869 734 ejus
898 666 952 719 iu
984 668 1148 723 domo
1179 668 1556 734 videant,sive
1585 669 1793 733 sedem,
1814 669 1927 723 sive
1949 668 2095 722 chla-

504 747 734 824 mydem
768 757 928 821 ;haec
964 773 1088 813 cum
1148 759 1399 831 lacrymis
1438 760 1822 815 deosculantes
1890 758 2094 826 ample-

518 853 763 911 ctuntur,
788 854 843 900 et
871 864 981 901 non
1010 849 1104 903 illa
1142 850 1391 911 adorant,
1424 852 1519 905 sed
1545 861 1756 921 patrem
1777 850 2093 904 desiderant

520 945 575 989 et
602 937 875 992 honorant
902 955 916 1005 ;
948 939 1023 994 ita
1068 949 1124 994 et
1168 957 1271 995 nos
1316 957 1508 996 omnes
1551 940 1738 996 ﬁdeles
1797 949 1857 995 ut
1888 940 2091 1011 virgam

519 1026 744 1093 Christi,
790 1045 1009 1084 crucem
1046 1032 1340 1086 adoramus
1380 1050 1395 1097 ;
1429 1041 1487 1087 ut
1528 1035 1709 1086 sedem
1742 1047 1872 1086 vero
1915 1041 1970 1086 et
2001 1048 2094 1084 cu-

521 1115 651 1181 bile,
671 1118 841 1186 ipsius
865 1121 1269 1174 sanctissimum
1297 1131 1709 1176 monumentum
1730 1137 1745 1185 ;
1767 1131 1825 1174 ut
1847 1121 2088 1184 domum,

520 1222 771 1276 prmsepe
802 1218 856 1263 et
878 1210 1176 1274 Bethleem,
1202 1220 1255 1266 et
1297 1222 1479 1267 sancta
1510 1214 1630 1283 ejus
1668 1222 1861 1267 cratera
1913 1213 2092 1265 taher-

520 1298 717 1352 uacula
747 1316 759 1351 :
793 1315 959 1368 porro
987 1311 1044 1355 ut
1077 1303 1300 1364 amicos,
1333 1303 1450 1371 ejus
1483 1304 1759 1371 apostolos
1794 1312 1848 1356 et
1876 1312 2092 1355 sanctos

525 1397 793 1457 martyres
829 1405 893 1443 ac
915 1391 1151 1459 reliquos
1173 1400 1388 1447 sanctos
1421 1395 1540 1462 ejus
1572 1412 1585 1447 :
1613 1403 1668 1448 at
1707 1409 1836 1447 vero
1871 1403 1931 1446 ut
1960 1393 2094 1448 civi-

529 1480 692 1526 tatem
714 1475 836 1543 ejus
866 1478 1093 1531 colimus
1122 1479 1272 1544 Sion,
1307 1489 1363 1534 ut
1395 1493 1578 1536 autem
1608 1481 1790 1536 villam
1823 1483 1941 1551 ejus
1985 1482 2091 1537 ite-

527 1576 646 1613 rum
677 1559 940 1617 Nazareth
984 1566 1283 1622 salutamus
1321 1585 1335 1634 ;
1383 1579 1547 1639 atque
1588 1578 1642 1624 ut
1676 1570 1920 1625 divinum
1970 1570 2089 1639 ejus

524 1649 825 1720 lavacrum,
856 1653 1150 1712 Iordanem
1176 1659 1577 1727 amplectimur.

2194 592 2408 636 ποντες,
2430 575 2497 629 δι’
2527 574 2693 629 αὑτοῦ
2722 574 2813 627 τὸν
2840 575 2895 627 ἐν
2927 574 3077 643 αὐτῷ
3106 573 3487 644 σταυρωθέντα
3524 570 3774 635 ἀσπαζόο

2206 666 2342 737 μεθα
2374 666 2466 719 καὶ
2490 664 2921 735 προσκυνοῦμεν.
2957 666 3064 717 Kal
3093 665 3281 736 ὥσπερ
3310 665 3500 726 παῖδες
3525 665 3770 730 γνήσιοι,

2194 758 2430 824 πατέρος
2462 756 2607 818 τινὸς
2635 756 3088 825 ἀποδημήσαντος
3129 755 3266 826 πρὸς
3303 754 3496 826 καιρὸν
3530 755 3625 808 ἀπ’
3666 754 3776 807 αὖ-

2192 846 2322 910 τῶν,
2355 846 2522 917 πολλῇ
2548 849 2615 916 τῇ
2650 848 2850 915 στοργῇ
2881 845 3015 914 πρὸς
3053 846 3215 898 αὑτὸν
3242 848 3305 898 ἐκ
3339 845 3517 915 ψυχῆς
3556 844 3773 898 δοκεί-

2198 953 2369 1008 μενοι,
2402 938 2505 989 κᾶν
2531 936 2631 1006 τὴν
2663 935 2857 1005 ῥάϐδον
2888 934 3054 987 αὑτοῦ
3088 938 3146 988 ἐν
3167 935 3243 1004 τῷ
3272 936 3407 1005 οἴκῳ
3439 934 3772 995 θεάσωνται,

2192 1028 2295 1081 κᾶν
2318 1030 2417 1099 τὴν
2449 1027 2719 1098 χλαμύδα,
2752 1028 2925 1080 ταῦτα
2960 1026 3097 1096 μετὰ
3118 1025 3371 1098 δακρύων
3402 1024 3775 1094 καταφιλοῦν-

2190 1135 2284 1181 τες
2319 1118 2685 1181 ἀσπάζονται·
2721 1116 2814 1168 καὶ
2850 1117 2951 1168 οὐκ
2986 1117 3166 1168 ἐκεῖνα
3196 1116 3489 1184 τιμῶντες,
3516 1114 3653 1166 ἀλλὰ.
3680 1114 3777 1167 τὶν

2194 1210 2404 1278 πατέρα
2453 1207 2743 1270 ποθοῦντες
2792 1206 2887 1258 καὶ
2934 1205 3230 1275 τιμῶντες·
3277 1205 3450 1267 οὕτως
3488 1206 3586 1256 καὶ
3610 1206 3775 1272 ἡμεῖς

2190 1301 2239 1352 οἱ
2263 1300 2441 1351 πιστοὶ
2474 1299 2733 1360 ἅπαντες,
2770 1296 2843 1359 ὡς
2870 1296 2969 1365 μὲν
2997 1296 3195 1365 ῥάϐδον
3224 1295 3457 1365 Χριστοῦ
3484 1294 3574 1348 τὸν
3608 1311 3778 1348 σταυ-

2195 1390 2286 1461 ρὸν
2333 1388 2768 1461 προσκυνοῦμεν,
2816 1388 2890 1449 ὡς
2928 1388 2985 1439 δὲ
3016 1387 3205 1458 θρόνον
3252 1387 3347 1439 καὶ
3384 1386 3574 1455 κοίτην
3603 1384 3776 1461 αὑτοῦ

2191 1481 2249 1533 τὸ
2282 1481 2547 1547 πανάγιον
2589 1480 2800 1549 μνῆμα,
2852 1477 2927 1540 ὼς
2977 1478 3031 1530 δὲ
3084 1476 3230 1530 οἷκον
3281 1479 3381 1547 τὴν
3418 1476 3626 1544 φάτνην
3679 1478 3779 1526 καὶ

2191 1570 2288 1641 τὴν
2314 1569 2576 1639 Βηθλεὲμ,
2612 1569 2708 1621 καὶ
2733 1567 2800 1620 τὰ
2828 1567 2990 1621 λοιπά
3023 1567 3152 1635 ἅγια
3187 1566 3350 1621 αὐτοῦ
3387 1564 3733 1634 σκηνώματα
3759 1580 3774 1594 ⁸

2192 1662 2266 1724 ὡς
2296 1662 2351 1713 δὲ
2376 1661 2565 1729 φίλους
2592 1658 2778 1721 αὐτοῦ,
2806 1660 2932 1722 τοὺς
2961 1658 3296 1721 ἀποστόλους
3324 1656 3491 1711 αὐτοῦ
3523 1658 3617 1710 καὶ
3646 1656 3777 1720 τοὺς

521 1742 710 1806 ἁγίους
760 1746 1046 1818 μάρτυρας
1080 1750 1177 1803 καὶ
1225 1750 1446 1815 λοιποὺς
1494 1752 1714 1821 ἁγίους·
1747 1751 1824 1815 ὡς
1894 1753 1952 1807 δὲ
2012 1753 2167 1806 πόλιν
2207 1752 2369 1807 αὑτοῦ
2421 1750 2690 1822 σεῦόμεθα
2712 1750 2811 1822 τὴν
2862 1750 3020 1805 Σιὼν.
3049 1750 3121 1815 ὡς
3162 1749 3216 1803 δὲ
3250 1748 3435 1820 χώραν
3473 1746 3641 1801 αὐτοῦ
3674 1748 3777 1819 τὴν

520 1832 777 1904 Ναζαρὲτ
827 1838 1211 1909 ἀσπαζόμεθα,
1262 1842 1358 1894 καὶ
1404 1842 1478 1904 ὼς
1511 1843 1652 1896 θεῖον
1688 1845 1852 1897 αὐτοῦ
1878 1845 2103 1916 λουτρὸν
2141 1844 2231 1898 τὸν
2272 1845 2545 1915 Ἰορδάνην
2582 1840 3083 1913 περιπτυσσόμεθα.

589 1924 753 1980 Multa
769 1926 971 2011 quippe
997 1939 1048 1984 et
1068 1931 1329 1987 ineffabili
1347 1949 1473 2005 erga
1494 1934 1669 2003 ipsum
1685 1935 1974 1990 aﬂ‘ectione
1998 1936 2089 1991 ubi
2126 1942 2166 1993 Β

521 2017 793 2083 ascendit,
825 2020 912 2074 vel
936 2022 1100 2089 sedit,
1118 2024 1202 2078 vel
1231 2023 1427 2088 illuxit,
1468 2025 1555 2079 vel
1600 2026 1796 2097 tetigit,
1826 2037 1922 2082 aut
1976 2043 2094 2081 om-

521 2106 654 2160 nino
687 2109 1033 2165 obumbravit
1064 2128 1078 2176 ;
1121 2114 1349 2169 colimus
1410 2124 1465 2170 et
1499 2116 1789 2171 adoramus
1828 2128 1888 2172 ut
1915 2118 2095 2174 locum

523 2195 620 2251 Dei
653 2215 667 2252 :
701 2214 811 2253 non
859 2201 1060 2266 locum,
1112 2220 1287 2273 neque
1312 2205 1552 2271 domum,
1588 2224 1763 2278 neque
1796 2209 2092 2280 regionem,

522 2288 610 2342 vel
639 2289 914 2346 civitatem
952 2304 1048 2348 aut
1069 2295 1279 2365 lapides
1314 2297 1670 2362 honorantes,
1704 2299 1797 2353 sed
1831 2315 1955 2354 eum
1997 2303 2089 2369 qui

523 2375 579 2429 in
611 2376 717 2431 illis
750 2392 1107 2437 conversatus
1130 2392 1233 2447 est,
1252 2394 1308 2439 et
1334 2385 1525 2451 illuxit,
1561 2398 1618 2441 et
1656 2388 1708 2440 in
1739 2404 1900 2443 carne
1936 2390 2097 2444 inno-

524 2466 650 2533 tuit,
676 2478 841 2539 atque
878 2472 947 2526 ab
978 2487 1166 2527 errore
1208 2474 1478 2540 liberavit,
1518 2475 1796 2532 Christum
1844 2478 2097 2535 videlicet

523 2557 809 2615 Dominum
844 2572 1092 2618 nostrum
1123 2574 1216 2630 ;et
1247 2581 1344 2635 per
1396 2566 1672 2621 Christum
1713 2584 1775 2623 ea
1806 2585 1927 2639 qua:
1967 2579 2097 2626 sunt

522 2649 744 2716 Christi,
774 2654 1082 2722 passionem
1119 2656 1171 2709 in
1198 2656 1483 2724 ecclesiis,
1510 2667 1565 2712 et
1592 2659 1864 2725 domibus,
1890 2671 1945 2715 et
1980 2662 2094 2732 pla-

527 2741 652 2800 teis.
678 2752 732 2796 et
758 2744 812 2797 in
842 2744 1191 2817 imaginibus,
1215 2757 1272 2802 et
1296 2748 1350 2801 in
1384 2750 1799 2816 sindonibus,et
1831 2753 1887 2807 in
1926 2769 2093 2822 pene-

526 2836 777 2902 tralibus,
812 2848 861 2893 et
896 2840 950 2893 in
1018 2840 1379 2903 vestimentis,
1409 2850 1463 2895 ct
1499 2840 1554 2894 in
1588 2843 1732 2895 omni
1758 2842 1877 2897 loco
1901 2842 2094 2897 forma«

525 2941 677 2981 mus:
698 2935 757 2982 ut
786 2928 1121 2985 incessanter
1136 2929 1467 2999 aSpicientes
1484 2932 1599 2987 haec
1618 2947 2087 2999 commoneamur,

521 3022 701 3071 etnon
725 3017 1131 3086 obliviscamur,
1161 3032 1218 3077 ut
1240 3032 1297 3077 tu
1325 3037 1382 3075 es
1409 3023 1612 3077 oblitus
1641 3023 1855 3078 Domini
1884 3024 1972 3078 Dei
1993 3025 2090 3080 tui.

522 3108 588 3161 Et
610 3108 754 3163 sicut
777 3119 831 3164 tu
863 3112 1095 3167 adorans
1121 3104 1319 3169 librum
1346 3114 1500 3183 legis,
1526 3129 1636 3169 non
1682 3127 1931 3173 naturam
1977 3118 2091 3187 pel-

523 3193 656 3247 lium
696 3196 782 3249 vel
809 3201 1116 3267 atramenti,
1163 3216 1283 3271 qua:
1322 3204 1377 3256 in
1429 3204 1547 3271 ipso
1588 3212 1696 3267 est,
1740 3204 1953 3270 adoras,
1997 3206 2092 3259 sed

2265 1937 2341 2006 Τῇ
2370 1936 2478 2005 γάρ
2517 1934 2684 2005 πολλῇ
2709 1934 2803 1987 καὶ
2830 1933 3022 2003 ἀφάτῳ
3052 1930 3185 2002 προς
3220 1931 3381 1983 αὐτὸν
3407 1931 3612 2000 στοργῇ
3644 1927 3778 1981 ἔνθα

2198 2028 2392 2097 ἐπέϐη,
2434 2027 2465 2095 ἢ
2506 2026 2821 2085 κεκάθικεν,
2858 2023 2890 2094 ἦ
2931 2023 3221 2093 ἐπέφανεν,
3260 2023 3293 2092 ἢ
3333 2022 3529 2092 ἥψατο,
3572 2019 3777 2091 nam;

2198 2114 2514 2179 ἐπεσκίασε,
2567 2112 2861 2184 σεϐόμεθα,
2916 2113 3011 2165 καὶ
3057 2111 3471 2184 προσκυνοῦμεν
3506 2112 3582 2175 ὠς
3610 2110 3777 2164 τόπον

2196 2207 2330 2259 Θεοῦ
2361 2223 2374 2235 ·
2406 2207 2466 2258 οὐ
2496 2205 2585 2260 τὸν
2610 2207 2795 2269 τόπον,
2828 2204 2947 2258 οὐδέ
2975 2204 3065 2257 τὸν
3087 2201 3257 2267 οἷκον,
3284 2203 3403 2257 οὐδὲ
3442 2204 3539 2276 τὴν
3565 2203 3773 2274 χώραν,

2196 2297 2229 2368 ἦ
2266 2297 2363 2367 τὴν
2405 2297 2579 2359 πόλιν,
2617 2298 2649 2368 ἢ
2679 2298 2805 2359 τοὺς
2851 2296 3032 2359 λίθους
3054 2296 3321 2365 τιμῶντες
3344 2311 3358 2324 ·
3388 2293 3523 2348 ἀλλὰ
3574 2294 3666 2347 τὸν
3715 2293 3776 2346 ἐν

2196 2390 2378 2451 αὐτοῖς
2430 2389 2847 2460 ἀναστραφέντα
2904 2388 2999 2441 καὶ
3052 2386 3383 2456 ἐπιφανέντα
3434 2386 3528 2438 καὶ
3570 2401 3774 2452 γνωρι⁶

2196 2478 2391 2532 σθέντα
2423 2479 2607 2549 σαρκὶ,
2639 2479 2730 2531 καὶ
2754 2481 2903 2548 ἡμᾶς
2937 2477 3040 2547 τῆς
3071 2478 3278 2548 πλάνης
3322 2473 3772 2546 ἐλευθερώσαντα

2194 2569 2237 2621 Χ
2246 2570 2429 2640 ριστὸν
2460 2570 2551 2622 τὸν
2579 2569 2711 2622 Θεὸν
2737 2570 2891 2640 ἡμῶν
2915 2585 2928 2598 °
2959 2569 3053 2622 καὶ
3078 2568 3165 2622 διά
3185 2568 3279 2622 τὸν
3307 2566 3538 2638 Χριστὸν
3574 2567 3667 2619 καὶ
3704 2567 3773 2619 τά

2194 2663 2432 2735 Χριστοῦ
2482 2664 2628 2733 πάθη
2660 2664 2719 2715 ἐν
2754 2662 3093 2731 ἐκκλησίαις,
3140 2661 3233 2714 καὶ
3283 2659 3472 2724 οἴκοις,
3520 2660 3772 2727 καίάγο-

2198 2755 2336 2821 ραῖς,
2372 2752 2463 2804 καὶ
2494 2754 2553 2803 ἐν
2587 2751 2783 2804 σινδόσι
2829 2752 2921 2804 καὶ
2962 2753 3019 2802 ἐν
3053 2750 3340 2819 ταμιείοις,
3375 2750 3463 2803 καὶ
3509 2748 3769 2818 ἱματίοις,

2194 2844 2288 2896 καὶ
2315 2845 2371 2894 ὲν
2405 2843 2567 2895 παντὶ
2596 2842 2745 2911 τόπῳ
2784 2839 3126 2910 ἐκτυποῦμεν
3148 2858 3161 2871 ·
3191 2841 3277 2893 ἵνα
3310 2839 3571 2909 διηνεκῶς
3599 2838 3775 2907 ὀρῶν.

2192 2950 2282 2995 τες
2326 2932 2499 2986 ταῦτα
2532 2930 3101 3001 ὑπομιμνησκιῦμεθα,
3144 2931 3237 2984 καὶ
3285 2929 3359 3000 μὴ
3405 2926 3773 2981 ἐπιλανθανώ-

2197 3025 2357 3095 μεθα,
2405 3025 2480 3087 ὡς
2531 3025 2594 3077 σὺ
2625 3024 2890 3077 ἐπελάθου
2944 3022 3148 3094 Κυρίου
3201 3021 3295 3075 τοῦ
3335 3020 3467 3074 Θεοῦ
3502 3038 3630 3075 σου·
3680 3021 3777 3073 καὶ

2192 3114 2380 3184 ὥσπερ
2416 3116 2479 3168 σὺ
2509 3114 2832 3183 προσκυνῶν
2871 3115 2933 3167 τὸ
2979 3113 3182 3183 βιϐλίον
3224 3113 3319 3166 τοῦ
3358 3113 3545 3183 νόμου,
3587 3112 3645 3165 οὐ
3676 3112 3779 3179 τὴν

2196 3204 2358 3269 φύσιν
2393 3202 2523 3253 ’τῶν
2573 3204 2629 3255 ὲν
2686 3201 2833 3271 αὐτῷ
2880 3200 3165 3271 δερμάτων
3238 3201 3333 3252 καὶ
3387 3198 3480 3251 τοῦ
3544 3198 3780 3268 μέλανος

523 3281 691 3334 verba
738 3280 831 3337 Dei
863 3301 982 3353 quae
1012 3288 1197 3355 jacent
1228 3290 1281 3343 in
1328 3308 1429 3356 eo,
1488 3293 1561 3346 ita
1584 3299 1638 3345 et
1659 3307 1758 3362 ego
1798 3293 2088 3364 imaginem

2195 3293 2538 3361 προσκυνεῖς,
2588 3290 2724 3343 ἀλλὰ
2754 3292 2879 3354 τοὺς
2912 3290 3103 3358 λόγους
3133 3289 3225 3343 τοῦ
3253 3288 3388 3341 Θεοῦ
3419 3290 3545 3350 τοὺς
3569 3290 3631 3340 ἐν
3668 3289 3772 3342 αὖ-

523 3365 727 3422 Christi
758 3371 1015 3437 adorans,
1040 3388 1159 3431 non.
1177 3388 1426 3434 naturam
1457 3380 1726 3451 lignorum
1760 3391 1813 3436 et
1846 3384 2090 3438 colorum

522 3459 694 3512 adoro
717 3460 895 3529 (absit
915 3463 967 3532 ι)
998 3465 1471 3524 sedinanimatum
1492 3473 1858 3527 characterem
1889 3473 2090 3528 Christi

523 3555 738 3613 tenens,
765 3567 864 3620 per
899 3568 1022 3608 eum
1055 3555 1333 3614 Christum
1367 3570 1554 3617 tenere
1586 3580 1747 3633 spero
1794 3563 1909 3636 [Gn
1953 3567 2088 3620 mihi

521 3636 758 3711 videor,]
784 3649 841 3695 et
877 3643 1124 3702 adorare.
1153 3645 1220 3701 Et
1246 3648 1388 3703 sicut
1415 3650 1584 3706 Jacob
1607 3663 1883 3723 acceptam
1909 3670 1938 3708 a
1967 3654 2091 3709 ﬁliis

520 3727 632 3781 tuis
662 3730 899 3785 tunicam
939 3734 1143 3790 variam
1161 3747 1217 3791 et
1245 3741 1715 3812 sanguinolentam
1734 3742 1938 3814 Joseph
1963 3746 2093 3801 deo-

521 3819 761 3876 sculatus
786 3833 871 3878 est
891 3840 1014 3880 cum
1032 3825 1310 3899 lacrymis,
1346 3841 1402 3887 et
1452 3834 1690 3904 propriis
1739 3837 1913 3891 oculis
1950 3838 2092 3891 hanc

520 3907 934 3982 circumposuit,
967 3925 1021 3972 et
1046 3934 1155 3973 non
1179 3923 1566 3978 vestimentum
1586 3941 1777 3981 amans
1809 3928 1893 3983 vel
1924 3930 2093 3984 hono-

518 4015 671 4067 rans,
697 4005 801 4061 hoc
823 4007 974 4075 fecit,
996 4012 1090 4066 sed
1110 4028 1205 4082 per
1227 4014 1279 4068 id
1305 4017 1796 4089 mstimansJoseph
1829 4021 2088 4088 osculari,

514 4100 576 4147 et
604 4094 658 4149 in
681 4098 933 4155 manibus
951 4114 1076 4156 eum
1118 4104 1319 4159 habere
1343 4106 1415 4169 ",
1451 4107 1524 4163 ita
1559 4116 1614 4162 et
1642 4108 1941 4167 Christiani
1969 4113 2091 4166 uni-

515 4184 658 4238 versi
675 4187 963 4257 imaginem
978 4191 1180 4248 Cbristi
1200 4197 1278 4249 vel
1298 4198 1664 4266 apostolorum
1682 4210 1775 4256 aut
1794 4202 2089 4274 martyrum

518 4276 766 4328 tenentes
781 4285 876 4332 aut
892 4278 1192 4336 salutantes
1210 4297 1396 4351 carne,
1414 4286 1592 4344 anima
1616 4289 1792 4360 ipsum
1814 4291 2090 4352 Christum

513 4363 856 4447 aestimamus
910 4370 997 4424 vel
1038 4381 1330 4444 martyrem
1362 4378 1482 4447 ejus
1536 4380 1780 4437 habiturn
1829 4383 2088 4441 retinere.

514 4445 614 4540 Dic
632 4464 763 4522 ergo
790 4454 924 4509 mihi
954 4464 1033 4523 tu,
1062 4458 1154 4529 qui
1199 4445 1445 4531 opinaris
1498 4465 1638 4521 nihil
1671 4484 1838 4523 manu
1864 4468 2090 4540 factum,

513 4539 597 4593 vel
637 4541 772 4596 nihil
796 4546 1020 4603 omnino
1043 4559 1288 4609 creatum
1318 4554 1678 4620 adorandum,
1734 4539 2089 4631 nunquamne

514 4631 853 4702 multotiens,
880 4639 1112 4697 muliere
1147 4646 1363 4707 tua,vel
1394 4645 1516 4702 [iliis
1542 4650 1790 4715 mortuis,
1822 4653 2085 4720 tunicam,

515 4720 603 4774 vel
623 4736 1000 4800 ornamentum
1035 4732 1154 4801 ejus
1185 4734 1361 4793 visum
1390 4737 1443 4790 in
1474 4739 1725 4796 cubiculo
1754 4752 1845 4798 tuo
1875 4745 2090 4799 oscula-

517 4816 605 4864 tus
623 4825 704 4881 εδ,
737 4821 791 4868 et
820 4814 1070 4888 lacrymis
1102 4824 1231 4880 illud
1261 4827 1525 4894 infudisti,
1558 4839 1613 4885 et
1645 4831 1698 4884 in
1746 4832 1851 4888 hoc
1887 4851 1998 4889 non
2028 4852 2087 4891 es

512 4901 908 4985 condemnatus
939 4909 962 4962 ?
990 4926 1102 4965 non
1119 4915 1268 4969 enim
1301 4929 1359 4971 ut
1386 4917 1555 4974 Deum
1589 4925 1917 4980 vestimenta
1948 4928 2086 4982 ado-

510 4991 661 5057 rasti,
705 4995 801 5050 sed
846 5012 1085 5056 amorem
1125 5019 1224 5074 per
1263 5009 1509 5064 osculum
1543 5014 1684 5068 circa
1716 5015 1865 5071 illum
1898 5027 2085 5073 osten-

511 5079 659 5145 disti,
719 5085 810 5153 qui
864 5087 967 5143 hoc
1008 5091 1296 5162 aliquando
1363 5098 1542 5156 fuerat
1594 5103 2055 5165 circumamictus.

510 5169 643 5227 Nam
661 5182 716 5226 et
736 5175 836 5244 ipsi
858 5189 1013 5236 natos
1034 5193 1248 5241 nostros
1265 5197 1320 5241 ct
1338 5199 1515 5258 patres
1532 5203 1741 5248 creatos
1755 5197 2082 5254 exsistentes

512 5270 568 5316 et
596 5277 910 5331 peccatores
944 5276 1261 5334 multotiens
1288 5282 1606 5346 salutamus,
1641 5295 1696 5339 et
1747 5287 1801 5341 in
1841 5290 1942 5344 hoc
1977 5292 2081 5344 mi-

513 5350 656 5407 nime
678 5360 1136 5434 Condemnamur;
1165 5384 1273 5423 non
1305 5372 1451 5425 enim
1500 5382 1559 5427 ut
1592 5374 1727 5431 Deos
1779 5380 2081 5435 salutamus

512 5454 625 5500 eos.
645 5446 743 5539 sed
773 5449 1117 5509 aﬂ'ectioncm
1155 5469 1363 5516 naturae
1403 5474 1603 5521 nostra:
1650 5483 1777 5538 erga
1808 5469 1927 5523 illos
1981 5486 2078 5539 per

516 5532 754 5588 osculum
784 5537 1233 5602 demonstramus.
1263 5550 1330 5605 Ut
1363 5568 1490 5625 ergo
1519 5572 1661 5627 εει-ρο
1693 5532 1819 5621 (ᾖεί,
1849 5532 2078 5616 intentio

589 5700 633 5735 ”
663 5702 795 5758 Gen.
850 5726 1052 5778 κεκτη,
1093 5719 1159 5771 5?.
1183 5738 1330 5793 seqq.

2189 3383 2267 3452 τῷ
2298 3382 2617 3451 κειμένους·
2682 3378 2854 3444 οὕτως
2903 3381 3057 3450 κάγὼ
3104 3374 3201 3451 τὴν
3254 3381 3439 3433 εἰκόνα
3490 3379 3584 3432 τοῦ
3636 3379 3779 3433 Θεοῦ

2192 3473 2536 3545 προσκυνῶν,
2572 3472 2631 3525 οὐ
2660 3472 2757 3543 τὴν
2788 3472 2952 3542 φύσιν
2976 3471 3086 3525 τῶν
3119 3472 3294 3539 ξύλων
3339 3472 3433 3525 καὶ
3461 3470 3780 3542 χρωμάτων

2193 3564 2483 3633 προσκυνὼ
2504 3581 2519 3597 ·
2554 3563 2629 3634 μὴ
2662 3564 2870 3632 γένοιτο
2890 3581 2902 3593 ’
2935 3563 3071 3618 ἀλλὰ
3092 3562 3181 3618 τὸν
3213 3562 3416 3634 ἄψυχον
3447 3564 3781 3634 χαρακτῆρα

2190 3655 2425 3727 Χριστοῦ
2467 3654 2709 3724 κρατῶν,
2757 3655 2824 3709 δι’
2858 3656 3023 3709 αὐτοῦ
3078 3656 3311 3729 Χριστὸν
3356 3658 3580 3726 κρατεῖν
3631 3654 3778 3708 δοκῶ

2193 3749 2288 3801 καὶ
2316 3751 2663 3815 προσκυνεῖν.
2698 3748 2807 3801 Καὶ
2854 3748 3045 3819 ὥσπερ
3067 3750 3095 3801 ό
3132 3745 3327 3801 Ἰακὼὸ
3350 3746 3643 3817 δεξάμενος
3670 3763 3778 3799 παι

2194 3838 2265 3912 ρὰ
2300 3838 2407 3891 τῶν
2438 3840 2571 3892 υἱῶν
2599 3839 2765 3893 αὑτοῦ
2796 3838 3002 3910 χιτῶνα
3034 3839 3276 3892 ποικίλον
3315 3839 3634 3910 ᾑμαγμένον
3676 3837 3778 3891 τοῦ

2205 3930 2424 4000 Ἰωσὴφ,
2462 3931 2795 4001 κατεφίλησε
2848 3931 2987 4001 μετᾶ
3030 3930 3300 4001 δακρύων,
3336 3931 3433 3984 καὶ
3474 3933 3589 3994 τοῖς
3620 3930 3779 3995 ἰδίοις

2190 4020 2488 4091 ὀφθαλμοῖς
2516 4022 2674 4075 τοῦτο
2698 4021 3042 4092 περιέθηκεν,
3082 4022 3175 4074 καὶ
3206 4023 3267 4075 οὗ
3305 4011 3367 4075 τό
3396 4021 3612 4092 ἱμάτιον
3634 4022 3776 4089 ἀγα-

2192 4111 2331 4176 πῶν,
2368 4115 2401 4181 ἢ
2434 4113 2634 4182 τιμῶν,
2673 4111 2835 4166 τοῦτο
2866 4114 3142 4183 ἐποίησεν,
3172 4113 3309 4166 ἀλλὰ
3340 4114 3405 4166 δι’
3427 4114 3591 4167 αὐτοῦ
3618 4114 3773 4183 νομί-

2192 4203 2300 4267 ζων
2345 4204 2438 4256 τὸν
2482 4204 2682 4275 Ἰωσὴφ
2728 4205 3067 4273 καταφιλεῖν,
3113 4204 3209 4258 καὶ
3265 4205 3323 4259 ἐν
3372 4205 3563 4275 χερσὶν
3609 4205 3774 4259 αὐτὸν

2191 4295 2444 4365 κατέχειν
2465 4312 2485 4357 °_
2530 4293 2703 4361 οὕτω,
2720 4297 2813 4349 καὶ
2844 4297 3162 4367 Χριστιανοὶ
3202 4296 3399 4360 πάντες
3429 4296 3612 4350 εἰκόνα
3640 4298 3774 4369 Χρι-

2197 4384 2346 4449 στοῦ,
2389 4385 2422 4456 ἢ
2472 4385 2812 4451 ἀποστόλου,
2869 4385 2902 4456 ἢ
2966 4387 3240 4457 μάρτυρος
3295 4386 3624 4453 κρατοῦντες
3677 4388 3773 4439 καὶ

2193 4473 2566 4545 ἀσπαζόμενοι
2611 4478 2678 4549 τῇ
2714 4477 2900 4546 σαρκὶ,
2940 4480 3004 4548 τῇ
3050 4478 3197 4548 ψυχῇ
3226 4475 3388 4530 αὑτὸν
3415 4476 3506 4530 τὸν
3535 4477 3774 4546 Χριστὸν

2121 4611 2165 4665 D
2191 4567 2487 4636 νομίζομεν
2514 4566 2546 4636 ἢ
2573 4565 2665 4619 τὸν
2700 4568 2955 4639 μάρτυρα
2993 4568 3159 4621 αὑτοῦ
3190 4576 3464 4639 κατέχειν.
3518 4570 3652 4623 Είπέ
3679 4587 3771 4640 μοι

2194 4659 2258 4712 σὺ
2291 4657 2321 4711 ὁ
2366 4658 2601 4728 νομίζων
2631 4661 3014 4731 χειροποίητον
3058 4661 3244 4733 μηδὲν,
3287 4662 3320 4731 ἢ
3366 4661 3502 4725 ὅλως
3554 4662 3772 4716 κτιστὸν

2190 4753 2539 4819 προσκυνεῖν,
2562 4746 2670 4821 ἆρα
2695 4753 2754 4804 οὗ
2789 4751 3048 4816 πολλάκις
3076 4753 3335 4821 γυναικὸς
3375 4756 3473 4824 σῆς
3503 4753 3534 4824 ἧ
3564 4753 3771 4807 τέκνων

2187 4839 2628 4910 τελευτησάντων
2662 4842 2932 4914 χιτῶναῆ
2977 4841 3253 4912 κοσμίδιον
3305 4842 3426 4896 ίδὼν
3475 4843 3534 4895 ὲν
3573 4841 3651 4912 τῷ
3693 4843 3771 4911 σῷ

2188 4932 2444 5003 ταμιείῳ,
2495 4934 2777 5002 κρατήσας
2830 4935 3114 5005 ἐφίλησας,
3174 4935 3269 4989 καὶ
3318 4934 3581 5006 δάκρυσιν
3638 4935 3771 4987 αὐτὸ

2189 5023 2546 5095 κατέϐρεξας,
2580 5025 2675 5079 καὶ
2716 5027 2817 5081 οὐκ
2863 5028 2920 5079 ἐν
2948 5028 3124 5098 τούτῳ
3161 5028 3524 5098 κατεκρίθης;
3557 5028 3633 5081 Οὐ
3660 5029 3768 5098 γάρ

2184 5114 2259 5173 ὡς
2289 5114 2423 5168 Θεὸν
2448 5116 2517 5168 τά
2564 5116 2756 5185 ἱμάτια
2797 5120 3251 5189 προσεκύνησας,
3292 5118 3427 5171 ἀλλὰ
3471 5119 3562 5170 τὸν
3603 5118 3767 5171 πόθον

2186 5205 2322 5276 πρὸς
2348 5206 2440 5258 τόν
2470 5224 2600 5259 ποτε
2650 5208 2784 5261 αὐτὸ
2828 5209 3296 5280 περιϐεϐλημένον
3337 5209 3425 5262 διὰ
3472 5208 3563 5261 τοῦ
3607 5209 3766 5279 φιλή-

2186 5312 2356 5364 ματος
2384 5298 2625 5363 ἔδειξας·
2678 5301 2800 5352 ἐπεὶ
2846 5302 2941 5353 καὶ
2984 5301 3123 5353 αὐτὰ
3167 5300 3323 5369 ήμῶν
3362 5300 3430 5353 τά
3473 5301 3639 5353 τέκνα
3671 5301 3767 5353 καὶ

2182 5387 2308 5449 τοὺς
2345 5390 2582 5458 πατέρας
2617 5391 2869 5455 κτιστοῦς
2918 5391 3077 5455 ὂντας
3112 5394 3204 5445 καὶ
3238 5392 3600 5462 ἁμαρτωλοὺς
3636 5391 3757 5444 πολ·

2186 5476 2340 5541 λάκις
2389 5480 2769 5550 ἀσπαζόμεθα,
2834 5484 2929 5536 καὶ
2976 5484 3077 5536 οὐκ
3108 5486 3164 5537 ἐν
3210 5484 3386 5552 τούτῳ
3434 5484 3763 5552 κατακρινόο

2191 5568 2348 5638 μεθα.
2387 5572 2460 5621 Οὐ
2506 5573 2613 5641 γὰρ
2662 5573 2737 5637 ὡς
2769 5574 2923 5637 θεοὺς
2976 5575 3171 5637 αὐτοὺς
3211 5574 3586 5644 ἀσπαζόμεθα,
3626 5574 3764 5628 ἀλλὰ
