4024 6232
292 326 424 392 16M

1396 336 1652 399 SERMO
1700 338 1994 401 CONTRA
2044 344 2368 421 JUD.£OS.

3394 358 3526 423 160i

286 438 385 508 τὴν
417 440 651 512 στοργὴν
687 441 844 512 ἡμῶν
877 443 975 510 τῆς
1008 444 1222 511 φύσεως
1248 449 1347 517 τὴν
1381 450 1517 518 πρὸς
1545 450 1742 512 αὐτοὺς
1772 450 1849 501 διᾶ

1961 454 2262 522 exquiritur
2290 459 2342 512 iu
2371 462 2517 515 omni
2545 463 2893 531 salutatione,
2924 476 2978 524 et
3009 470 3156 523 omni
3188 470 3523 533 adoratione.

286 531 380 583 τοῦ
410 532 718 604 φιλήματος
740 534 1146 607 ἑνδεικνύμεθα.
1197 538 1285 601 Ὠς
1326 540 1457 607 γοῦν
1490 541 1749 602 πολλάκις
1780 536 1858 592 εῖ-

283 638 410 687 πον,
434 625 464 676 ὁ
492 623 692 689 σκοπὸς
716 624 1030 692 ἐξετάζεται
1055 629 1147 681 ἐπὶ
1191 629 1392 693 παντὸς
1420 631 1736 700 ἀσπασμοῦ,
1764 630 1862 684 καὶ

1966 539 2134 597 Porro
2180 546 2224 599 si
2254 563 2338 601 me
2378 565 2597 605 accusas
2624 555 2767 622 quod
2802 557 2957 625 quasi
2999 557 3286 614 Dominum
3321 554 3524 631 lignum

1965 631 2187 688 adorem
2232 639 2426 703 crucis,
2466 658 2632 711 quare
2664 661 2774 700 non
2818 648 3167 704 calumttiaris
3206 650 3393 713 Jacob,
3430 653 3523 721 qui

282 715 378 766 ἐπὶ
410 717 591 785 πάσης
642 718 1086 788 προσκυνήσεως.
1124 721 1186 773 Εἰ
1232 720 1289 773 δὲ
1321 721 1574 787 ἐγκαλεῖς
1620 737 1731 790 μοι,
1777 721 1849 773 ὅτι

1966 722 2214 781 adoravit
2244 744 2407 799 super
2455 737 2824 793 summitatem
2873 739 3037 811 virga:
3077 741 3278 810 Joseph
3295 744 3386 796 "1'

282 804 524 905 tbffttbv
550 807 842 905 προσκυνῶ
870 807 932 860 τὸ
961 807 1118 875 ξύλον
1147 809 1240 864 τοῦ
1272 811 1529 881 σταυροῦ,
1564 811 1651 864 διά
1676 810 1728 863 τί
1756 811 1856 863 οὐκ
1892 809 2148 880 ἐγκαλεῖς
2179 819 2258 890 τῷ
2308 822 2501 877 ’ἰακὼὸ
2527 804 3072 898 προσκυνήσαντιἹὲπὶ
3095 831 3157 885 τὸ
3200 804 3369 904 ἀκρον
3425 836 3525 905 τῆς

284 896 486 966 ῥάϐδου
514 896 611 949 τοῦ
646 898 844 968 Ἰωσήφ
863 915 878 963 ;

242 998 259 1049 ἱ
365 991 527 1045 Ἄ).λά
563 992 849 1064 πρόδηλον,
876 994 957 1047 ὃτι
986 995 1048 1049 οὐ
1077 996 1138 1050 τὸ
1164 995 1321 1063 ξύλον
1355 995 1481 1051 ἰδὼν
1507 996 1849 1068 προσεκύνη-

281 1099 395 1145 σεν,
427 1082 564 1136 ἀλλά
583 1083 672 1137 διὰ
700 1084 796 1137 τοῦ
818 1083 974 1148 ξύλου
996 1086 1086 1138 τὸν
1119 1085 1337 1157 Ἰωσὴφ,
1360 1086 1551 1158 ὥσπερ
1579 1088 1672 1141 καὶ
1691 1086 1852 1157 ἡμεῖς

278 1175 375 1236 διά
395 1172 489 1227 τοῦ
524 1172 762 1245 σταυροῦ
798 1174 890 1228 τὸν
919 1175 1173 1244 Χριστόν.
1220 1176 1375 1230 Ἐπεὶ
1408 1177 1503 1230 καὶ
1530 1167 1643 1239 τοῖς
1667 1175 1854 1246 πωλή-

280 1282 411 1322 σασι
438 1265 530 1319 τὸν
545 1266 717 1332 τάφον
736 1265 988 1319 άπῦἐσιν
1015 1265 1324 1336 ἀνθρώποις
1348 1270 1377 1321 ὁ
1414 1266 1667 1337 ’Δὸραάμ
1684 1282 1851 1337 προσ-

276 1359 532 1428 εκύνησε,
584 1356 679 1410 καὶ
725 1357 856 1426 γόνυ
891 1357 1137 1427 εκαμψεν
1172 1358 1267 1412 ἐπὶ
1304 1358 1400 1430 τὴν
1431 1360 1569 1429 γῆν·
1602 1358 1718 1412 ἀλλ’
1750 1359 1848 1427 οὐχ

277 1451 355 1513 ὼς
388 1450 544 1511 θεοὺς
575 1449 773 1512 αὐτοὺς
797 1448 1195 1520 προσεκύνησε.
1242 1450 1352 1504 Καὶ
1384 1450 1547 1504 πάλιν
1584 1452 1615 1504 ὀ
1657 1449 1847 1504 Ἰακὼϐ

277 1542 369 1595 τὸν
396 1539 597 1610 Φαραὼ
626 1539 920 1609 εὐλόγησεν
941 1540 1115 1609 ἀσεϐῆ
1144 1541 1238 1593 καὶ
1273 1540 1667 1610 εἰδωλολάτρην
1691 1541 1843 1602 ὄντα,

276 1629 394 1683 ἀλλ’
425 1631 522 1700 οὐχ
559 1629 635 1693 ὡς
677 1629 809 1682 Θεὸν
846 1631 1012 1684 αὐτὸν
1058 1631 1340 1699 εὐλόγησε.
1385 1632 1497 1685 Καὶ
1546 1632 1708 1685 πάλιν
1753 1632 1845 1685 τὸν

291 1721 465 1776 Ἦσαῦ
506 1721 689 1775 πεσὼν
716 1722 1142 1793 προσεκύνησεν,
1174 1721 1288 1775 ἀλλ’
1333 1722 1430 1791 οὐχ
1456 1722 1533 1785 ὼς
1563 1722 1714 1777 Θεόν.
1752 1719 1845 1775 Εἷ-

274 1810 365 1875 δες
400 1812 599 1875 πόσους
629 1812 956 1882 ἀσπασμοὺς
998 1813 1090 1867 καὶ
1132 1816 1531 1884 προσκυνήσεις
1556 1812 1844 1877 ἀπεδείξα-

2032 994 2141 1052 Sed
2165 998 2510 1054 manifestum
2526 1011 2628 1068 est,
2644 1004 2765 1073 quia
2779 1019 2888 1059 non
2902 1006 3105 1076 lignum
3123 1007 3311 1062 videns
3325 1009 3524 1064 adora-

1955 1086 2054 1149 vit.
2074 1088 2167 1143 sed
2187 1105 2285 1158 per
2299 1090 2503 1160 lignum
2523 1092 2705 1163 virgae.
2733 1094 2931 1164 Joseph
2954 1112 2969 1161 ;
2992 1098 3446 1166 quemadmodum
3465 1109 3521 1155 et

1955 1190 2058 1232 nos
2090 1193 2189 1246 per
2218 1194 2462 1243 crucem,
2482 1181 2782 1238 Christum.
2810 1183 2947 1238 Nam
2971 1194 3028 1240 et
3051 1186 3242 1259 impios
3275 1188 3522 1244 homines

1955 1266 2045 1335 qui
2075 1267 2436 1325 vendiderunt
2464 1272 2797 1340 sepulcrum,
2821 1273 3096 1330 Abraham
3122 1276 3364 1346 adoravit
3397 1279 3440 1345 ¹,
3465 1290 3522 1336 et

1955 1371 2097 1426 genu
2116 1359 2361 1414 curvavit
2382 1375 2547 1428 super
2566 1370 2764 1415 terram
2786 1379 2801 1428 ;
2818 1364 2912 1417 sed
2937 1380 3047 1419 non
3065 1373 3126 1419 ut
3147 1367 3278 1421 deos
3292 1383 3385 1421 eos
3402 1369 3529 1423 ado-

1955 1447 2110 1502 ravit.
2146 1447 2212 1503 Et
2250 1464 2438 1504 rursus
2465 1449 2633 1504 Jacob
2662 1449 2932 1508 Pharaoni
2972 1455 3249 1510 benedixit
3278 1456 3443 1527 impio
3474 1466 3530 1513 et

1952 1538 2267 1606 idololatraa,
2299 1540 2391 1594 sed
2410 1555 2517 1594 non
2541 1549 2601 1595 ut
2620 1542 2732 1596 Deo
2748 1543 2819 1596 illi
2841 1543 3120 1599 benedixit
3143 1548 3181 1599 ¹.
3217 1546 3285 1600 Et
3307 1548 3525 1608 iterum.

1953 1630 2093 1685 Esau
2130 1630 2326 1685 cadens
2355 1631 2617 1695 adoravit,
2673 1633 2767 1687 sed
2803 1648 2912 1687 non
2962 1642 3020 1688 ut
3054 1634 3223 1689 Deum
3255 1638 3296 1689 ³.
3334 1636 3526 1692 Vidisti

1950 1730 2082 1789 quot
2129 1721 2480 1777 salutationes
2529 1730 2582 1776 et
2626 1723 2971 1778 adorationes
3023 1724 3524 1783 demonstravimus

1950 1810 2048 1864 tibi
2088 1826 2157 1865 ex
2206 1808 2518 1880 Seripturis,
2545 1827 2654 1867 non
2683 1812 2946 1868 habentes
2990 1815 3523 1884 reprehensionem?

280 1905 383 1970 μέν
407 1919 489 1956 σοι
515 1903 816 1974 Γραφικάς,
848 1903 947 1956 καὶ
972 1903 1047 1973 μὴ
1071 1903 1299 1974 ἐχούσας
1325 1903 1669 1970 κατάγνωσιν
1691 1920 1708 1969 ;
1735 1903 1843 1957 Καὶ

1950 1900 2015 1955 Et
2039 1910 2094 1955 tu
2110 1900 2331 1969 quidem
2363 1901 2649 1972 eonjugem
2682 1910 2840 1958 tuam
2860 1903 3107 1959 fortassis
3122 1915 3178 1960 et
3193 1907 3521 1976 impudicam

277 1997 346 2050 σὺ
373 1996 472 2066 μὲν
496 1995 596 2066 τὴν
623 1997 722 2066 σὴν
753 1995 1003 2065 σύμϐιον,
1038 1997 1169 2059 ἴσως
1185 1998 1279 2050 καὶ
1300 1997 1534 2067 ἄσεμνον
1556 1992 1723 2050 οὖσαν
1753 1996 1848 2050 καὶ

276 2086 532 2157 ὶμπαθῆ,
566 2087 690 2140 καθ’
721 2088 958 2158 ἑκάστην
976 2086 1376 2158 ἀσπαζόμενος,
1389 2089 1448 2140 οὐ
1473 2087 1848 2154 καταγνωστὸς

276 2175 364 2233 εἴ*
398 2180 603 2249 καίπερ
624 2179 860 2249 οὐδαμοῦ
889 2196 973 2233 σοι
1014 2178 1109 2232 τοῦ
1150 2180 1287 2233 Θεοῦ
1328 2180 1637 2248 σωματικὸν
1661 2180 1847 2234 ἀσπα-

279 2271 416 2340 σμὸν
449 2270 707 2338 γυναικὸς
737 2268 1157 2339 ἔντειλαμὲνουή
1214 2269 1317 2339 ἐμὲ
1359 2269 1418 2322 δὲ
1448 2269 1588 2321 ἐπὰν
1629 2268 1744 2340 ἴδῃς
1772 2270 1850 2322 εἰ-

277 2362 413 2414 κόνα
440 2362 536 2413 τοῦ
568 2360 822 2430 Χριστοῦ,
851 2360 883 2430 ἢ
915 2361 1012 2430 τῆς
1044 2360 1386 2429 παναμὼμου
1412 2360 1576 2413 αὐτοῦ
1601 2360 1844 2430 Μητρὸς,

277 2453 311 2521 ἦ
347 2451 506 2506 ἄλλου
541 2453 683 2514 τινὸς
709 2452 921 2504 δικαίου
944 2449 1346 2519 ἀσπαζόμενον,
1370 2451 1721 2517 ἀγανακτεῖς,
1752 2451 1848 2504 καὶ

276 2542 483 2603 εὐθέως
546 2541 880 2612 βλασφημῶν
934 2541 1241 2609 ἀποπηδᾷς.
1310 2539 1403 2591 καὶ
1453 2540 1846 2611 εἰδωλολάτρας

276 2635 424 2703 ἡμᾶς
446 2632 759 2695 ἀποκαλεῖς.
780 2628 911 2684 Εἶτα
930 2631 1027 2683 οὐκ
1042 2632 1298 2700 αἰσχύνῃ,
1317 2631 1437 2683 εἰπέ
1464 2647 1586 2700 μοι;
1607 2632 1667 2683 οὐ
1689 2632 1848 2702 φρίσ-

279 2740 430 2789 anc;
467 2725 529 2777 οὐ
558 2725 820 2793 τρέμεις;
850 2724 951 2776 οὐκ
980 2723 1259 2794 ἐρυθριᾷς,
1279 2721 1421 2792 ὁρῶν
1460 2739 1527 2789 με
1559 2722 1679 2775 καθ’
1709 2723 1846 2793 ἡμέ-

280 2832 379 2883 ραν
410 2815 468 2866 ὲν
499 2817 644 2883 πάσῃ
666 2817 729 2885 τῇ
752 2813 1045 2883 οἰκουμένῃ
1081 2814 1243 2875 ναοὺς
1270 2810 1505 2865 εἰδώλων
1553 2812 1846 2867 καταλύον-

277 2924 365 2965 τα.
390 2908 484 2958 καὶ
513 2908 671 2968 ναοὺς
706 2905 996 2975 μαρτύρων
1023 2904 1444 2974 οἰκοδομοῦντα;
1477 2905 1538 2965 Εἰ
1562 2904 1626 2957 τὰ
1650 2905 1845 2958 εἴδωλα

277 2996 663 3068 προσεκύνουν,
720 2995 811 3048 διὰ
855 2994 908 3047 τί
956 2994 1141 3046 λοιπὸν
1179 2994 1324 3063 τιμῶ
1359 2996 1485 3057 τοὺς
1537 2996 1842 3066 μάρτυρας,

276 3085 401 3145 τοὺς
432 3083 501 3136 τά
534 3082 727 3134 εἴδωλα
756 3080 1195 3153 καταλύ-σανταςς
1224 3083 1285 3136 Εἰ
1308 3082 1376 3136 τὰ
1413 3082 1546 3149 ξύλα
1581 3084 1655 3146 ὠς
1687 3084 1843 3150 θεοὺς
1876 3146 1881 3149 _

276 3174 421 3244 τιμῶ
446 3174 539 3227 καὶ
566 3171 794 3240 δοξάζω,
814 3175 931 3239 πῶς
953 3176 1095 3245 τιμῶ
1123 3177 1215 3231 καὶ
1240 3176 1448 3243 δοξάζω
1470 3178 1598 3240 τοὺς
1630 3181 1839 3250 μάρτυ-

278 3285 400 3338 ρας,
452 3270 579 3331 τοὺς
609 3269 678 3322 τὰ
725 3268 912 3333 ξύλινα
968 3268 1134 3333 ξόανα
1183 3269 1589 3338 καταλύοντας;
1627 3274 1689 3326 Εἰ
1718 3274 1845 3336 τοὺς

277 3361 457 3423 λίθους
485 3361 560 3424 ὡς
585 3362 741 3425 ϐιοὺς
768 3360 1000 3427 δοξάζω,
1051 3363 1172 3428 πῶς
1218 3365 1364 3435 τιμῶ
1408 3367 1504 3419 καὶ
1554 3366 1848 3436 προσκυνῶ

276 3453 403 3515 τοὺς
434 3450 718 3522 μάρτυρας
753 3455 846 3506 καὶ
875 3454 1232 3518 ἀποστόλους,
1278 3458 1406 3519 τοὺς
1444 3458 1847 3527 συντρίψαντας

277 3545 371 3597 καὶ
422 3543 797 3606 ἀπολέσαντας
836 3548 905 3598 τά
940 3546 1116 3599 λίθινα
1160 3545 1362 3611 ζώδιας
1395 3547 1516 3611 Πῶς
1545 3549 1710 3617 τιμῶ,
1750 3549 1845 3603 καὶ

280 3632 508 3697 ἐπαινῶ,
548 3633 642 3684 καὶ
667 3634 828 3695 ναοὺς
857 3633 1076 3700 ἀγείρω,
1102 3634 1198 3686 καὶ
1227 3634 1420 3704 ἑορτὰς
1469 3633 1701 3688 ἐπιτελῶ
1731 3638 1845 3698 τοῖς

276 3723 426 3793 τρισί⁵
454 3724 629 3788 παισὶ,
657 3724 771 3786 τοίς
795 3725 852 3777 ὲν
882 3722 1163 3775 Βαϐυλῶνι
1185 3726 1251 3793 τῇ
1284 3724 1568 3797 χρυσῇ-μὴ
1607 3740 1845 3796 προσκυ-

278 3813 538 3885 νήσασινς

353 3906 560 3968 Ὄντως
596 3906 764 3974 πολλὴ
822 3904 929 3957 τῶν
966 3904 1185 3973 ἀνόμων
1224 3907 1257 3977 ἡ
1307 3904 1591 3977 πώρωσις,
1629 3905 1845 3978 ἀληθῶς

279 3995 450 4066 πολλὴ
502 3995 607 4047 τῶν
649 3995 916 4049 Ἰουδαίων
972 3998 1004 4064 ἡ
1056 3997 1364 4065 τύφλωσις,
1414 3997 1584 4066 πολλὴ
1632 4000 1664 4065 ἠ
1715 3998 1846 4050 ἀσέ-

280 4085 423 4138 ϐεια.
469 4084 761 4135 Ἀδικεῖ-ται
807 4083 899 4135 ὑπ’
928 4082 1107 4136 αὐτῶν
1152 4084 1185 4154 ἠ
1224 4083 1474 4152 ἀλήθεια.
1521 4083 1654 4146 Θεὸς
1697 4083 1849 4153 ὑϐρί-

279 4174 431 4239 ζεται
470 4174 576 4227 ὑπὸ
608 4174 858 4244 γλώσσης
896 4175 1211 4245 ἀχαρίστων
1262 4175 1552 4230 Ἰουδαίων.
1616 4176 1709 4229 Ἐκ
1739 4176 1847 4229 λεια

276 4264 465 4334 ψάνων
518 4264 777 4327 πολλάκις
842 4264 1137 4335 μαρτύρων
1158 4266 1253 4319 καὶ
1286 4266 1508 4319 εἰκόνων
1537 4264 1849 4320 ἐλαύνονται

279 4359 536 4429 δαίμονες
556 4376 569 4388 ο
599 4360 694 4411 καὶ
719 4357 890 4410 ταῦτα
923 4356 1291 4426 ἐνυϐρίζοντες
1332 4357 1606 4428 ἄνθρωποι
1661 4360 1850 4428 μιαροὶ

284 4449 692 4519 διαστρέφουσι,
730 4448 825 4499 καὶ
873 4446 1239 4511 διαπαίξουσι,
1274 4449 1366 4501 καὶ
1409 4448 1714 4516 διαγελῶσι.
1750 4448 1857 4501 Πό-

286 4555 398 4603 σαι,
421 4539 542 4592 εἰπέ
576 4555 683 4607 μοι.
711 4538 1076 4603 ὲπισκιάσεις,
1108 4539 1270 4590 πόσαι
1292 4537 1632 4599 ἁναϐλύσεις,
1659 4538 1853 4591 πολλά-

283 4647 368 4694 κις
393 4630 447 4683 δὲ
475 4630 566 4683 καὶ
588 4629 852 4697 ιαίμάτων
883 4628 1069 4697 ῥύσεις
1107 4627 1169 4693 ἐξ
1191 4629 1415 4682 εἰκόνιον
1443 4629 1539 4682 καὶ
1584 4628 1851 4696 λειψάνων

286 4724 581 4795 μαρτύρων
639 4724 934 4791 γεγόνασι;
979 4723 1089 4775 Καὶ
1130 4723 1181 4775 οἱ
1232 4722 1480 4776 άσύνετοι
1531 4725 1598 4794 τῇ
1653 4722 1851 4793 καρδία

286 4814 518 4886 ὁρῶντες
540 4815 601 4867 οὐ
633 4814 937 4879 πείθονται,
960 4813 1095 4868 ἀλλὰ
1122 4813 1324 4883 μύθους
1350 4814 1525 4867 ταῦτα
1544 4818 1636 4867 καὶ
1653 4813 1850 4883 λήρους

285 4904 588 4974 λογίζονται
610 4922 623 4936 ·
679 4904 912 4975 ὁρῶντες
949 4902 1118 4965 οὕτως
1142 4904 1203 4956 τὸ
1230 4903 1351 4957 καθ’
1379 4904 1591 4973 ἡμέραν
1618 4905 1674 4956 ἐν
1701 4904 1848 4975 πάσῃ

284 4998 351 5066 τῇ
373 4995 669 5066 οἰκουμένῃ
694 4994 878 5064 σχεδὸν
896 4993 1093 5064 ἄνδρας
1120 4992 1334 5056 ἀσεϐεῖς
1356 4995 1447 5046 καὶ
1482 4994 1851 5065 παρανόμους,

286 5084 694 5155 εἰδωλολάτραις.
730 5085 822 5136 καὶ
853 5085 1056 5152 φονεῖς,
1085 5083 1341 5153 πόρνους,
1370 5083 1464 5136 καὶ
1485 5084 1687 5155 λῃστὰς
1709 5084 1853 5149 ἐξαί-

288 5193 427 5246 φνης
459 5175 549 5229 διὰ
584 5177 674 5227 τὸν
698 5174 935 5242 Χριστὸν
976 5175 1071 5227 καὶ
1106 5174 1196 5227 τὸν
1240 5175 1469 5243 σταυρὸν
1494 5175 1660 5229 αὑτοῦ
1689 5194 1856 5230 κατα-

285 5266 667 5337 νυσσομένους,
702 5266 796 5319 καὶ
846 5266 1054 5334 κόσμου
1118 5266 1318 5328 παντὲλς
1357 5268 1855 5337 ἀποτασσομένους,

287 5356 383 5408 καὶ
446 5357 625 5409 πᾶσαν
688 5355 892 5424 ἀρετὴν
939 5354 1365 5424 ἐργαζομένους.
1408 5354 1544 5408 Εἰπέ
1579 5373 1692 5426 μοι,
1741 5358 1861 5418 πῶς

1949 2004 2011 2045 ac
2025 1990 2272 2044 vitiosam
2296 2004 2391 2059 per
2407 1990 2648 2061 singulos
2676 1992 2794 2048 dies
2819 1993 3070 2048 osculans
3087 2009 3196 2049 non
3214 1996 3517 2065 reprehen-

1947 2079 2112 2143 deris,
2129 2094 2252 2133 cum
2278 2090 2425 2135 certe
2449 2098 2713 2151 nusquam
2746 2083 2888 2138 Deus
2920 2085 3015 2139 tibi
3046 2087 3324 2156 corporale
3352 2103 3518 2156 oscu-

1949 2171 2063 2227 lum
2108 2173 2320 2227 mulieri
2347 2173 2541 2228 otl‘erre
2557 2175 3051 2244 praaecperit.Quia
3080 2194 3209 2231 vero
3234 2194 3321 2234 me
3336 2179 3516 2234 vidisti

1949 2264 2160 2320 iconam
2224 2266 2437 2320 Domini
2493 2268 2665 2322 nostri
2715 2267 2845 2322 Jesu
2875 2268 3095 2332 Christi,
3129 2270 3215 2323 vel
3243 2271 3514 2326 immacu—

1948 2355 2068 2409 lata:
2111 2354 2294 2410 Matris
2335 2358 2578 2426 ejus,vel
2610 2358 2833 2412 alterius
2876 2359 3179 2428 cuiuspiam
3208 2361 3341 2432 justi
3372 2362 3510 2427 salu-

1951 2457 2082 2513 tare,
2130 2450 2428 2519 indignaris
2461 2460 2515 2503 et
2548 2466 2671 2503 mox
2712 2450 3096 2519 blasphemans
3135 2452 3282 2515 salis,
3317 2461 3372 2507 et
3414 2469 3517 2508 nos

1948 2540 2256 2594 idololatras
2290 2540 2550 2609 appellas.
2598 2541 2801 2594 Deinde
2841 2556 2950 2594 non
2994 2541 3344 2597 confunderis
3380 2544 3518 2599 ?dic

1947 2632 2100 2697 mihi,
2152 2646 2259 2684 non
2297 2631 2610 2685 horrescis?
2640 2648 2747 2684 non
2781 2632 2967 2685 tremis
3007 2632 3031 2684 ?
3072 2648 3181 2686 non
3219 2633 3516 2697 erubescis,

1947 2723 2139 2778 videns
2177 2738 2265 2777 tne
2294 2724 2346 2777 in
2381 2733 2495 2777 toto
2530 2733 2795 2778 terrarum
2825 2724 2965 2778 orbe
2997 2724 3195 2794 templa
3253 2726 3518 2780 idolorum

1944 2812 2249 2877 destruere,
2277 2822 2330 2867 et
2361 2813 2559 2882 templa
2604 2823 2900 2884 martyrum
2935 2814 3205 2869 :ediﬁcare
3238 2814 3261 2867 ?
3297 2814 3351 2869 Si
3379 2815 3520 2868 idola

1944 2903 2248 2968 adorarem,
2308 2920 2406 2977 cur
2453 2912 2733 2973 martyres,
2797 2904 2888 2972 qui
2929 2904 3317 2959 destruxerunt
3358 2904 3516 2971 idola,

1947 2992 2204 3066 [honore]
2251 2995 2619 3049 atloraretnus.
2657 2995 2712 3048 Si
2751 2995 2892 3065 ligna
2926 3004 2985 3049 ut
3025 2994 3157 3048 deos
3204 2996 3412 3049 honoro
3463 3003 3519 3048 et

1945 3086 2209 3157 gloriﬁco,
2242 3087 2516 3157 quomodo
2544 3086 2751 3141 honoro
2770 3095 2825 3141 et
2849 3086 3091 3156 gioritico
3120 3094 3401 3155 martyres.
3422 3084 3515 3153 qui

1948 3181 2123 3252 lignea
2168 3179 2454 3235 simulacra
2498 3179 2887 3234 destruxerunt
2922 3176 3018 3230 ?Si
3050 3177 3254 3246 lapides
3281 3184 3340 3230 ut
3387 3177 3519 3231 deos

1952 3269 2211 3341 gloriﬁco,
2271 3269 2541 3339 quomodo
2582 3268 2793 3343 honoro
2831 3281 2888 3323 et
2939 3267 3107 3321 adoro
3163 3274 3430 3337 martyres
3466 3274 3523 3320 et

1920 3361 2239 3431 apostolos,
2288 3360 2378 3430 qui
2420 3360 2798 3415 contriverunt
2845 3368 2902 3414 et
2938 3358 3295 3428 perdiderunt
3342 3358 3522 3429 lignea

1946 3452 2099 3522 signa
2123 3451 2438 3521 iquomodo
2475 3452 2686 3505 honoro
2719 3459 2772 3505 et
2800 3450 2981 3513 laudo,
3015 3459 3071 3504 et
3103 3448 3300 3519 templa
3346 3448 3517 3519 erige,

1945 3551 2001 3594 et
2024 3541 2371 3596 festivitatem
2398 3541 2614 3596 celebro
2642 3540 2819 3595 tribus
2851 3540 3053 3610 pueris,
3099 3539 3193 3608 qui
3241 3539 3294 3592 in
3347 3537 3517 3607 Βουγ-

1944 3628 2071 3684 lone
2099 3631 2390 3702 imaginem
2414 3645 2636 3685 auream
2665 3645 2775 3684 non
2807 3628 3172 3681 adoraverunt
3202 3623 3223 3656 ι
3252 3623 3275 3675 ?

1922 3862 1931 3866 -
2014 3893 2174 3948 Certe
2206 3891 2371 3947 multa
2409 3898 2491 3945 est
2521 3889 2830 3957 iniquorum
2862 3882 3166 3961 obduiratio,
3192 3898 3321 3938 vere
3350 3881 3516 3938 multa

1945 3995 2031 4041 est
2059 3984 2368 4039 Judaeorum
2426 3981 2662 4041 cacitas.
2717 3978 2884 4032 multa
2934 3977 3203 4045 impietas.
3261 3975 3517 4044 lujuriam

1949 4076 2151 4147 patitur
2176 4076 2243 4127 ab
2265 4073 2346 4127 eis
2375 4071 2576 4126 veritas
2606 4088 2618 4122 :
2657 4068 2814 4122 Deus.
2832 4065 3194 4122 contumelias
3221 4065 3458 4119 sustinet
3486 4080 3516 4117 a

1948 4171 2128 4240 lingua
2158 4167 2488 4237 ingratorum
2509 4161 2839 4216 .Iudteorum.
2875 4156 2979 4212 Per
3018 4156 3275 4226 reliquias
3314 4165 3515 4224 marty-

1951 4279 2069 4317 rum
2113 4270 2168 4315 et
2205 4258 2467 4328 imagines
2507 4254 2820 4309 multotiens
2868 4252 3176 4321 eﬂttgarttur
3210 4248 3472 4304 daemonia
3504 4267 3517 4301 :

1951 4362 2006 4408 et
2028 4354 2143 4408 haec
2170 4349 2385 4419 injuriis
2417 4355 2739 4417 appetentes
2772 4343 3022 4397 homines
3038 4338 3263 4402 sordidi,
3292 4340 3521 4394 subver-

1953 4453 2076 4501 tunt
2099 4452 2153 4498 et
2184 4442 2413 4496 illudunt
2444 4449 2606 4507 atque
2633 4436 2900 4491 derident.
2930 4430 3200 4499 Quot,dic
3222 4430 3377 4497 mihi,
3402 4430 3522 4484 visi-

1957 4538 2187 4592 tatioues
2241 4531 2353 4604 [Gn
2386 4525 2874 4597 obuntbrationes,]
2897 4514 3298 4596 eumnatioues,
3335 4523 3431 4577 sed
3451 4530 3521 4576 et

1959 4629 2273 4697 frequenter
2300 4622 2620 4693 sanguinum
2657 4618 2854 4672 fluores
2883 4632 2947 4670 ex
2983 4615 3155 4670 iconis
3195 4623 3251 4669 et
3278 4614 3520 4685 reliquiis

1961 4730 2255 4792 martyrum
2279 4717 2405 4772 facti
2435 4724 2562 4770 sunt
2576 4715 2599 4767 ?
2614 4723 2667 4767 et
2683 4711 2946 4766 inscnsati
2963 4708 3125 4764 corde
3152 4707 3399 4761 videntes
3413 4721 3520 4759 non

1959 4813 2208 4877 credunt,
2233 4809 2327 4864 sed
2353 4807 2561 4862 fabulas
2582 4820 2646 4858 ac
2663 4804 3019 4858 deliramenta
3048 4801 3165 4854 hazc
3180 4798 3522 4861 existimant;

1958 4904 2205 4959 videntes
2243 4900 2422 4955 taliter
2450 4913 2546 4967 per
2567 4896 2807 4965 singulos
2832 4893 2949 4948 dies
2972 4892 3026 4945 in
3053 4898 3166 4945 toto
3196 4906 3335 4960 pene
3352 4902 3521 4943 terra—

1961 5010 2081 5049 rum
2111 4993 2243 5047 orbe
2272 4980 2421 5045 viros
2454 4988 2652 5058 impios
2684 4996 2741 5041 et
2769 4986 3005 5055 iniquos,
3050 4981 3315 5038 idolorum
3347 4980 3523 5035 culto-

1934 5074 2047 5139 Ircs
2074 5093 2129 5138 et
2162 5081 2481 5143 homicidas,
2501 5087 2557 5133 et
2584 5078 2964 5139 fornicatores,
2995 5084 3052 5129 et
3075 5074 3314 5131 latrones
3344 5068 3524 5122 subito

1960 5191 2058 5244 per
2079 5173 2353 5228 Christum
2379 5181 2435 5224 et
2464 5184 2681 5225 crucem
2702 5168 2822 5237 ejus
2853 5162 3166 5233 compungi,
3198 5169 3254 5213 et
3281 5157 3346 5212 ad
3380 5156 3529 5228 agni-

1961 5266 2167 5321 tionem
2196 5261 2445 5316 veritatis
2477 5256 2701 5322 venire.
2725 5267 2784 5314 et
2820 5256 3021 5310 mundo
3049 5252 3145 5307 toti
3174 5248 3522 5311 reuuneiare,

1955 5367 2117 5426 atque
2145 5368 2365 5408 onmem
2401 5350 2614 5422 operari
2646 5349 2922 5403 virtutem.
2952 5344 3046 5397 Dic
3066 5341 3224 5403 mihi,
3255 5338 3530 5410 quomodo

288 5447 454 5513 ἔσμεν
472 5444 879 5515 εἰδωλολάτραι,
912 5446 960 5496 οἱ
995 5446 1089 5499 καὶ
1131 5443 1272 5497 αὐτὰ
1322 5442 1392 5496 τὰ
1439 5443 1605 5508 ὀστᾶ,
1636 5446 1730 5498 καὶ
1761 5446 1849 5514 τὴν

1959 5460 2148 5502 sumus
2175 5443 2494 5503 idololatrzn,
2528 5440 2621 5509 qui
2662 5445 2718 5494 et
2748 5438 2861 5506 ipsa
2893 5450 3037 5498 ossa,
3073 5443 3130 5487 et
3168 5431 3429 5490 cinerem,
3473 5435 3529 5482 et

287 5536 455 5604 κόνιν,
479 5537 574 5589 καὶ
600 5537 665 5590 τὰ
699 5537 864 5607 ῥάκη,
896 5536 989 5590 καὶ
1007 5536 1070 5589 τὸ
1092 5532 1255 5606 αἷμα,
1291 5534 1384 5587 καὶ
1410 5534 1508 5605 τὴν
1552 5536 1710 5606 σορὸν
1752 5538 1849 5590 τῶκ.

1959 5551 2191 5609 pannos,
2255 5544 2310 5589 et
2360 5532 2703 5604 sanguinein,
2759 5539 2815 5584 et
2883 5527 3152 5583 tumulum
3233 5530 3531 5593 martyrum

355 5713 404 5747 θ’
453 5711 614 5767 llebr.
642 5730 717 5778 xu,
748 5713 840 5768 9L
915 5713 930 5743 ¹
960 5711 1097 5766 Gen.
1129 5726 1281 5777 xxiii,
1308 5713 1358 5766 7.
1436 5713 1456 5743 ²
1478 5711 1612 5766 Gen.
1669 5727 1831 5775 vau,

2011 5712 2030 5742 ³
2056 5711 2194 5766 Gen.
2226 5725 2414 5775 χχχιιι,
2456 5709 2507 5763 5.
2585 5711 2603 5736 ⁵
2625 5705 2755 5758 Dan.
2782 5720 2859 5770 ιιι,
2885 5717 3034 5773 seqq.
