4024 6232
551 349 691 414 1603

1537 345 1844 409 LEONTII
1879 336 2396 403 NEAPOLITANI
2452 332 2795 394 EPISCOPI

3651 321 3795 385 1604

549 467 673 520 ideo
687 465 976 520 adoramus
1007 465 1426 525 ethonoramus,
1462 464 1586 531 quia
1612 462 1769 516 idolis
1796 473 1905 513 non
1937 455 2108 511 sacri-

2226 446 2512 520 ααρτύρων
2541 442 2974 518 προσκυνοῦντες
3024 444 3121 497 καί
3159 444 3452 516 τιμῶντες,
3489 442 3579 496 διὰ
3621 442 3685 494 τὸ
3714 440 3821 511 μῆ

549 558 779 610 ﬁcarunt
808 556 832 608 ?

613 646 833 701 Judzeus
856 646 991 701 dixit
1019 664 1032 699 :
1059 644 1122 700 Et
1147 646 1420 715 quomodo
1461 660 1557 713 per
1587 652 1750 697 totam
1775 640 2111 709 Scripturam

547 738 791 808 praecipit
836 737 978 791 Deus
1018 753 1129 791 non
1190 736 1405 791 adorari
1463 749 1678 789 omnem
1757 727 2115 785 creaturam?

545 826 889 880 Christianus
907 826 1043 880 dixit
1078 844 1092 880 :
1130 826 1227 880 Dic
1248 825 1405 888 mihi,
1437 833 1581 878 terra
1612 832 1666 876 et
1702 829 1931 882 montes,
1963 831 2115 871 crea-

547 927 682 972 tura:
724 916 818 970 Dei
843 917 1017 971 sunt?
1045 916 1135 986 qui
1155 917 1230 969 ait
1256 934 1269 969 :
1299 915 1514 984 Utique.
1549 912 1890 968 Christianus
1934 907 2067 962 dixit
2097 922 2111 958 :

547 1007 830 1072 Quomodo
850 1021 979 1077 ergo
1001 1005 1160 1060 docet
1188 1004 1441 1073 inquiens
1464 1019 1478 1055 :
1508 1022 1527 1053 ι
1563 1001 1803 1079 Exaltate
1826 997 2114 1051 Dominum

545 1100 718 1153 Deum
743 1106 1014 1161 nostrum,
1056 1107 1113 1151 et
1144 1097 1367 1151 adorate
1401 1095 1693 1149 scabellum
1736 1092 1934 1162 pedum
1974 1089 2114 1159 eius,

546 1192 803 1261 quoniam
826 1198 1073 1245 sanctum
1091 1188 1246 1241 est“?
1267 1205 1283 1235 ι
1307 1187 1375 1240 Et
1396 1188 1588 1239 iterum
1620 1184 1735 1253 ipse
1759 1182 1927 1237 dixit:
1952 1199 1969 1230 ι
1989 1181 2116 1235 (Ζω-

547 1281 657 1335 lum
693 1277 825 1333 mihi
856 1279 1014 1334 sedes
1058 1285 1160 1339 est,
1196 1283 1337 1329 terra
1373 1283 1549 1327 autem
1594 1273 1881 1325 scabellum
1919 1270 2116 1339 pedum

548 1386 797 1425 meorum
835 1372 857 1403 ⁸
884 1371 908 1423 ?
941 1388 959 1421 ι
994 1369 1213 1424 Iudaeus
1246 1367 1382 1421 dixit
1410 1385 1424 1420 :
1453 1367 1559 1420 Sed
1599 1382 1708 1419 non
1747 1374 1805 1419 ut
1838 1364 1987 1427 deos,
2022 1364 2116 1418 sed

549 1477 650 1530 per
672 1462 789 1516 hac
815 1475 939 1515 eum
975 1460 1069 1528 qui
1099 1458 1249 1522 fecit,
1294 1458 1507 1511 adoras.
1551 1455 1893 1510 Christianus
1934 1455 2071 1510 dixit
2102 1473 2116 1508 :

549 1548 753 1603 Fidelis
781 1564 963 1603 sermo
1000 1565 1014 1600 :
1038 1562 1169 1617 ergo
1191 1548 1349 1611 scito,
1371 1547 1513 1615 quod
1551 1556 1605 1599 et
1633 1560 1734 1613 ego
1766 1562 1863 1616 per
1898 1547 2120 1608 caelum,

549 1650 606 1694 et
631 1649 850 1701 terram,
882 1646 937 1694 et
966 1654 1136 1705 mare,
1165 1647 1222 1693 et
1251 1638 1417 1708 ligna,
1449 1647 1505 1692 et
1539 1636 1763 1705 lapides.
1798 1646 1853 1690 et
1891 1637 2119 1706 lipsana,

549 1739 607 1785 et
634 1731 857 1801 templa,
892 1738 948 1785 et
986 1745 1225 1794 crucem,
1257 1737 1311 1784 et
1350 1744 1450 1799 per
1494 1729 1731 1799 angelos,
1768 1737 1822 1783 et
1850 1728 2119 1790 homines,

549 1825 712 1888 atque
743 1812 837 1888 per
865 1834 1083 1875 omnem
1139 1828 1445 1873 creaturam
1483 1818 1748 1873 visibilem
1779 1827 1832 1871 et
1872 1817 2118 1893 invisibi;

549 1910 677 1971 lem,
703 1910 800 1963 soli
857 1918 1180 1964 cunctorum
1214 1908 1502 1972 conditori,
1530 1906 1856 1962 dominatori
1889 1915 1944 1960 et
1966 1921 2120 1960 crea-

550 2000 651 2054 tori
673 2000 1045 2055 adorationem
1077 2008 1131 2053 et
1159 1999 1423 2054 culturam
1441 1996 1631 2051 oﬁ‘ero.
1657 1997 1777 2049 Non
1808 1997 1952 2050 enim
1970 2011 2122 2050 crea-

551 2098 671 2143 tura
710 2104 807 2157 per
833 2089 1067 2159 seipsam
1093 2087 1356 2143 factorem
1392 2088 1606 2152 adorat,
1630 2088 1725 2142 sed
1758 2103 1854 2157 per
1876 2102 1962 2141 me
1998 2087 2120 2142 coeli

528 2187 810 2234 enarraut
845 2180 1071 2250 gloriam
1102 2179 1221 2246 Dei,
1252 2190 1309 2233 et
1330 2195 1429 2248 per
1456 2194 1545 2232 me
1566 2178 1756 2233 adorat
1773 2177 1939 2232 Deum
1970 2179 2117 2240 luna,

550 2279 605 2324 et
640 2285 736 2338 per
756 2285 844 2323 me
868 2268 1173 2338 gloriﬁcant
1200 2268 1370 2323 Deum
1393 2267 1584 2331 stellae,
1623 2274 1678 2320 et
1697 2281 1795 2335 per
1823 2281 1908 2319 me
1941 2282 2118 2336 aquae,

552 2360 777 2425 imbres,
811 2374 1000 2423 rores,
1024 2368 1082 2414 et
1109 2360 1290 2415 omnis
1313 2369 1561 2414 creatura
1605 2372 1702 2428 per
1732 2372 1815 2411 me
1841 2358 2032 2413 adorat
2067 2366 2123 2413 et

551 2448 815 2519 gloriﬁcat
842 2448 1013 2505 Deum
1043 2448 1085 2507 ".

624 2726 691 2782 Et
723 2727 1183 2798 quemadmodum
1212 2727 1353 2797 regis
1382 2727 1664 2799 cujusdam
1719 2726 1942 2797 benigni
1969 2767 1983 2790 ,
2029 2725 2122 2795 qui

554 2834 811 2875 coronam
846 2819 1050 2873 variam
1103 2828 1160 2874 et
1204 2820 1497 2889 pretiosam
1548 2819 1655 2873 sibi
1706 2817 1923 2888 propria
1956 2832 2124 2871 manu

555 2911 767 2980 paravit
797 2952 811 2977 ,
841 2926 1034 2967 onmes
1089 2910 1183 2982 qui
1220 2925 1477 2981 germane
1514 2909 1796 2965 adhaerent
1833 2910 1981 2981 regi,
2031 2924 2125 2964 sa-

555 3001 733 3055 lutant
771 3016 1028 3055 coronam
1059 3007 1113 3055 et
1143 3000 1451 3056 honorant:
1500 3014 1611 3054 non
1647 3015 1841 3053 aurum
1869 3006 1926 3053 et
1974 3014 2123 3053 mar-

554 3092 784 3162 garitam
825 3092 1163 3147 honorantes
1190 3134 1206 3159 ,
1235 3091 1335 3147 sed
1363 3090 1625 3146 verticem
1661 3089 1805 3162 regis
1844 3089 2122 3144 honoran-
2150 3114 2196 3174 ο

558 3192 641 3236 tes
676 3189 732 3237 et
758 3181 1194 3251 sapientissimas
1227 3196 1424 3236 manus
1487 3180 1608 3248 ejus
1636 3222 1651 3248 ,
1684 3195 1806 3250 quae
1863 3194 2122 3234 coronam

557 3280 914 3337 struxerunt,
952 3274 1031 3329 sic
1055 3317 1072 3339 ,
1121 3289 1155 3329 ο
1193 3274 1357 3329 homo
1387 3314 1404 3339 ,
1441 3273 1880 3330 Christianorum
1940 3272 2127 3342 populi

555 3368 819 3429 quotquot
881 3359 1081 3429 ﬁguras
1124 3358 1306 3415 erucis
1357 3367 1415 3414 et
1486 3361 1771 3414 iconarum
1845 3358 2128 3422 salutant,

555 3466 668 3506 non
720 3450 854 3521 ipsis
882 3452 1153 3505 culturam
1204 3451 1364 3521 lignis
1389 3491 1403 3511 ,
1439 3450 1525 3505 vel
1571 3449 2131 3520 lapidibus'oﬁ'erunt

554 3544 640 3600 vel
670 3556 847 3611 auro,
897 3542 982 3597 vel
1008 3542 1347 3613 corruptibili
1399 3539 1667 3612 imagini,
1708 3541 1794 3595 vel
1816 3557 1988 3605 arcae,
2042 3542 2129 3596 vel

555 3634 847 3706 reliquiis,
904 3634 1000 3689 sed
1050 3649 1152 3705 per
1193 3648 1257 3689 ea
1305 3633 1419 3689 Deo
1479 3641 1535 3688 et
1587 3633 1832 3704 ipsorum
1895 3645 1953 3688 et
1992 3647 2129 3688 cun-

555 3733 768 3778 ctorum
812 3721 1045 3779 creatori
1074 3721 1300 3794 gloriam
1346 3729 1399 3776 et
1424 3720 1805 3775 salutationem
1835 3728 1891 3775 et
1918 3720 2125 3775 cultum

557 3812 899 3882 impendunt.
955 3810 1136 3866 Honor
1166 3811 1315 3867 enim
1346 3810 1439 3881 qui
1481 3812 1688 3865 sanctis
1740 3811 1860 3880 ejus
1916 3811 2130 3885 impen-

555 3902 742 3967 ditur,
799 3901 869 3956 ad
910 3915 1037 3958 eum
1084 3903 1355 3957 recurrit:
1407 3900 1551 3956 sicut
1613 3915 1645 3955 e
1675 3908 1865 3955 contra
1907 3900 2127 3979 quidem

556 3991 820 4063 imagines
847 3992 1157 4063 imperiales
1198 3991 1584 4057 demolientes,
1621 3990 1922 4061 principem
1953 3991 2130 4046 oﬁen-

554 4084 790 4150 derunt,
828 4091 886 4138 et
912 4098 1024 4137 non
1063 4084 1236 4153 ipsam
1270 4083 1532 4157 tabulam.
1581 4080 1764 4153 Imago
1811 4082 1977 4153 igitur
2033 4081 2128 4137 Dei

555 4185 635 4228 est
665 4218 680 4240 ,
710 4174 803 4244 qui
838 4174 906 4229 ad
937 4174 1228 4243 imaginem
1265 4174 1358 4229 Dei
1404 4176 1578 4229 lactus
1622 4182 1709 4228 est
1759 4174 1922 4228 homo
1950 4214 1966 4239 ,
2008 4188 2129 4228 ma-

556 4265 808 4331 ximeque
862 4262 991 4331 quia
1014 4275 1140 4316 eum
1165 4262 1403 4331 Spiritus
1456 4270 1677 4316 sanctus
1735 4262 2125 4317 habitationem

554 4353 788 4424 accepit.
839 4353 981 4424 Ergo
1024 4352 1169 4422 justo
1223 4352 1315 4420 qui
1365 4353 1657 4423 imaginem
1705 4350 1800 4407 Dei
1843 4367 2122 4407 servorum

2213 541 2373 594 θῦσαι
2404 539 2602 601 αὐτοὺς
2629 539 2743 600 τοῖς
2766 537 3006 596 εἰδώλοις
3032 554 3045 599 ;

2296 631 2353 682 Ὀ
2400 629 2653 691 Ἰουδαῖος
2684 627 2786 699 ἔφη
2804 644 2819 658 ’
2852 628 2959 681 Καὶ
2982 625 3099 689 πῶς
3121 627 3211 681 διδι
3239 628 3418 698 πάσης
3439 627 3541 696 τῆς
3568 625 3802 698 Γραφῆς

2216 719 2587 791 παραγγέλλει
2617 720 2645 771 ὁ
2666 719 2800 782 Θεὸς
2834 721 2908 789 μὴ
2937 720 3315 789 προσκυνῆσαι
3369 718 3532 772 παντὶ
3561 717 3806 787 κτίσμα-

2212 827 2301 875 τι;
2351 811 2411 863 '0
2445 809 2771 878 Χριστιανὸς
2794 809 2898 878 ἔφη
2920 830 2932 841 ·
2959 810 3097 864 Εἰπὲ
3131 827 3241 880 μοι,
3282 811 3315 880 ἡ
3345 808 3418 878 γῆ
3450 808 3544 861 καὶ
3571 809 3639 861 τά
3671 808 3804 877 ὅρη,

2213 898 2489 967 κτίσματά
2513 900 2618 951 εἰσι
2646 897 2741 949 τοῦ
2777 896 2950 962 Θεοῦ;
3004 896 3067 950 Ὀ
3095 897 3152 949 δὲ
3182 898 3318 965 ἔφη·
3356 914 3375 948 ι
3426 897 3700 965 Δηλονότι.
3740 897 3804 947 ὐ

2216 988 2540 1058 Χριστιανός
2562 1004 2578 1020 υ
2614 988 2739 1050 Πῶς
2758 983 2854 1041 οῦν
2885 976 3163 1041 διδάσκει·
3208 986 3448 1057 ’Υψοῦτε
3478 988 3683 1056 Κύριον
3710 988 3805 1039 τὸν

2217 1079 2349 1131 Θεὸν
2372 1080 2405 1149 ἡ
2415 1080 2532 1147 μῶν
2572 1079 2666 1132 καί
2695 1083 3050 1150 προσκυνεῖτε
3078 1077 3156 1148 τῷ
3192 1078 3470 1146 ὑποποδίῳ
3488 1078 3602 1130 τῶν
3618 1078 3804 1130 ποδῶν

2218 1170 2497 1234 αὑτοῦ,ὃτι
2525 1170 2680 1237 ἅγιός
2703 1172 2844 1225 ἐστι.
2892 1172 3003 1223 Καὶ
3026 1173 3381 1240 προσκυνεῖτε
3403 1172 3482 1231 εἰς
3497 1171 3620 1239 δρος
3639 1168 3803 1236 ἅγιον

2219 1258 2422 1322 αὐτοῦς
2462 1277 2481 1310 ι
2516 1261 2624 1313 Καὶ
2670 1261 2834 1313 πάλιν
2854 1261 3016 1321 αὐτός
3057 1276 3251 1329 φησιν’
3298 1278 3317 1310 ι
3360 1259 3417 1311 '0
3445 1259 3679 1327 οὐρανός
3706 1275 3803 1326 μοι

2220 1349 2427 1419 θρόνος,
2445 1352 2477 1419 ἡ
2496 1349 2552 1401 δὲ
2574 1351 2645 1421 γῆ
2674 1351 2964 1404 ὑποπόδιον
2987 1350 3095 1403 τῶν
3128 1350 3307 1403 ποδῶν
3341 1366 3465 1418 μου.
3506 1369 3525 1402 t
3571 1349 3631 1402 ὐ
3660 1350 3802 1401 Ἰου-

2218 1440 2362 1504 δαῖος
2385 1440 2487 1509 ἔφη
2507 1457 2521 1470 ·
2558 1441 2695 1493 Ἀλλ’
2747 1442 2845 1510 οὐχ
2886 1441 2963 1503 ὡς
3007 1440 3184 1505 θεοὺς,
3214 1441 3348 1493 ἀλλά
3377 1440 3447 1491 δι’
3478 1439 3643 1491 αὑτὸν
3680 1437 3800 1510 [δι’-

2220 1532 2397 1585 αῦτῶν
2428 1531 2516 1603 L.]
2547 1533 2636 1585 τὸν
2659 1534 2966 1602 ποιήσαντα
2984 1535 3332 1603 προσκυνεῖς.
3370 1532 3430 1583 't)
3467 1530 3802 1603 Χριστιανὸς

2221 1620 2359 1692 ἔφη’
2398 1622 2642 1686 Πιστὺςὸ
2674 1624 2850 1690 λόγος.
2909 1622 3119 1677 Οὐκοῦν
3174 1623 3361 1691 γνῶθι,
3416 1622 3500 1675 ὅτι
3538 1620 3700 1691 κάγὼ
3729 1621 3800 1674 δι’

2221 1713 2472 1784 οὐρανοῦ,
2498 1717 2591 1766 καὶ
2625 1715 2750 1783 γῆς,
2771 1717 2865 1769 καί
2899 1715 3195 1785 θαλάσσης,
3224 1714 3320 1767 καὶ
3347 1713 3538 1779 ξύλων,
3582 1717 3680 1768 καὶ
3713 1714 3800 1766 λί-

2223 1807 2350 1872 θων,
2383 1807 2479 1861 καὶ
2504 1807 2792 1875 λειψάνων,
2824 1805 2918 1858 καὶ
2945 1805 3111 1869 ναῶν,
3159 1790 3544 1874 καίσταυροῦ,
3580 1805 3676 1857 καί
3730 1804 3802 1857 δι’

2217 1898 2487 1966 ἀγγέλων,
2549 1898 2642 1951 καὶ
2685 1895 2985 1965 ἀνθρώπων
3012 1937 3027 1960 ,
3057 1895 3152 1950 καὶ
3205 1894 3293 1948 διὰ
3333 1895 3515 1964 πάσης
3561 1896 3802 1955 κτίσεως

2217 1989 2419 2059 ὁρατῆς
2446 2005 2505 2041 τε
2539 1990 2634 2042 καί
2672 1989 2928 2058 ἀοράτου,
2961 1987 3042 2055 τῷ
3071 1987 3288 2039 πάντων
3323 1984 3659 2055 Δημιουργῷ
3702 1986 3801 2037 καὶ

2218 2080 2468 2152 Δεσπότῃ
2506 2080 2601 2132 καὶ
2649 2081 2853 2149 Ποιητῇ
2888 2078 3034 2149 μόνῳ
3063 2078 3161 2148 τὴν
3197 2076 3572 2149 προσκύνησιν
3613 2078 3712 2130 καὶ
3737 2078 3802 2130 τὸ

2223 2168 2387 2234 σέϐας
2414 2170 2695 2241 προσάγω.
2726 2169 2799 2223 Οὐ
2831 2169 2939 2239 γάρ
2969 2168 3037 2220 δι’
3070 2168 3270 2237 ἑαυτῆς
3305 2167 3529 2238 ἀμέσως
3556 2168 3588 2238 ὴ
3619 2166 3801 2230 κτίσις

2221 2259 2299 2329 τῷ
2332 2262 2536 2330 Ποιητῇ
2574 2264 2891 2330 προσκυνεῖ,
2920 2259 3058 2313 ἀλλά
3096 2258 3164 2312 δι’
3195 2259 3328 2329 ἐμοῦ
3352 2259 3403 2311 οἰ
3436 2259 3662 2330 οὐρανοί
3714 2259 3800 2311 δι-

2222 2352 2476 2421 ηγοῦνται
2500 2351 2656 2414 δόξαν
2677 2352 2834 2415 Θεοῦ,
2860 2352 2923 2404 δι’
2948 2350 3083 2422 ἐμοῦ
3106 2353 3405 2422 προσκυνεῖ
3433 2349 3565 2404 Θεὸν
3589 2348 3804 2421 ἡσελήο

2223 2462 2327 2513 νην
2352 2444 2419 2496 δι’
2449 2444 2584 2513 ὲμοῦ
2609 2442 2821 2509 δοξάζει
2847 2441 2979 2496 Θεὸν
3008 2442 3075 2495 τά
3113 2442 3308 2513 ἄστρα,
3333 2443 3401 2496 δι’
3431 2442 3564 2512 ἐμοῦ
3603 2438 3801 2504 ὕδατα,

2223 2534 2440 2605 ὄμϐροι,
2469 2535 2675 2608 δρόσοι,
2707 2536 2801 2587 καὶ
2826 2534 2975 2587 πᾶσα
3001 2533 3199 2597 κτίσις,
3223 2533 3289 2587 δι’
3322 2532 3459 2604 ἐμοῦ
3498 2533 3805 2598 προσκυνεῖ

2224 2627 2317 2679 καὶ
2348 2626 2560 2690 δοξάζει
2598 2626 2754 2678 Θεόν.

2295 2718 2402 2771 Καὶ
2432 2716 2623 2787 ῶσπερ
2666 2715 2930 2786 βασιλέως
2954 2714 3100 2778 τινὸς
3141 2713 3347 2783 ἀγαθοῦ
3387 2714 3649 2783 στέφανον
3680 2730 3806 2766 ποι-

2225 2809 2373 2862 κίλον
2395 2808 2490 2861 καὶ
2512 2809 2810 2879 πολύτιμον
2830 2805 3005 2876 ἐαυτῷ
3035 2806 3333 2876 ἰδιοχείρως
3355 2808 3805 2861 κατασκευάσαν-

2224 2918 2336 2966 τος,
2362 2899 2561 2963 πάντες
2605 2899 2657 2952 οἰ
2716 2897 2953 2969 γνησίως
3012 2898 3398 2968 προσκείμενοι
3451 2897 3529 2966 τῷ
3568 2897 3803 2967 βασιλεῖ,

2225 2992 2563 3057 ἀσπάζονται
2590 2992 2685 3043 καὶ
2710 2989 2910 3061 τιμῶσι
2943 2988 3034 3042 τὸν
3066 2987 3327 3058 στέφανον
3347 3005 3361 3019 ’
3383 2989 3448 3042 οὐ
3478 2989 3571 3043 τὸν
3599 2989 3804 3059 χρυσδν

2228 3086 2259 3156 ἦ
2283 3086 2374 3139 τὸν
2403 3083 2747 3157 μαργαρίτην
2795 3080 3082 3152 τιμῶντες,
3125 3080 3261 3135 άλλά
3306 3080 3405 3151 τὴν
3434 3083 3678 3151 κορυφὴν
3704 3080 3804 3133 τοῦ

2230 3176 2493 3246 βασιλέως
2523 3173 2732 3227 ἐκείνου
2762 3174 3051 3243 τιμῶντες,
3088 3172 3182 3224 καί¹
3210 3172 3311 3234 τὰς
3341 3158 3649 3239 πανσόφους
3702 3171 3807 3225 a6-

2225 3268 2319 3320 τοῦ
2339 3269 2524 3338 χεῖρας
2540 3267 2638 3329 τάς
2657 3265 2748 3319 τὸν
2767 3264 3028 3332 στέφανον
3052 3254 3536 3326 κατασκευασάσας
3558 3276 3575 3293 ⁸
3602 3264 3804 3327 οὕτως,

2227 3352 2273 3413 ὦ
2325 3358 2601 3429 ἄνθρωπε,
2654 3359 2702 3410 οἰ
2734 3354 3079 3426 Χριστιανῶν
3121 3354 3238 3407 λαοί
3270 3355 3427 3417 ὅσους
3458 3354 3552 3408 ἐὰν
3593 3355 3805 3421 τύπους

2231 3449 2461 3521 σταυροῦ
2483 3451 2577 3503 καὶ
2606 3448 2830 3502 εἰκόνων
2849 3446 3203 3512 ἀσπάζονται,
3223 3445 3323 3499 οὐκ
3342 3447 3524 3509 αὐτοῖς
3541 3447 3604 3500 τὸ
3635 3449 3806 3513 σέϐας

2228 3542 2342 3605 τοῖς
2371 3539 2548 3605 ξύλοις
2579 3538 2612 3609 ἢ
2639 3541 2751 3602 τοῖς
2776 3538 2946 3602 λίθοις
2974 3539 3364 3608 προσάγουσιν,
3407 3539 3440 3609 ἢ
3480 3544 3559 3610 τῷ
3585 3539 3805 3611 χρυσαῖ),

2230 3630 2264 3703 ἢ
2297 3633 2363 3700 τῇ
2392 3630 2603 3699 φθαρτῇ
2631 3628 2825 3691 εἰκόνι,
2850 3628 2882 3698 ἢ
2914 3631 2980 3698 τῇ
3013 3628 3267 3699 λάρνακι,
3289 3627 3330 3700 ’ἧ
3361 3631 3473 3693 τοίς
3502 3630 3806 3699 λειψάνοις,

2228 3720 2366 3778 ἀλλά
2394 3721 2460 3774 δι’
2490 3720 2673 3774 αὐτῶν
2708 3719 2787 3788 τῷ
2813 3717 2935 3788 Θεῷ
2972 3718 3051 3789 τῷ
3105 3719 3201 3773 καὶ
3230 3718 3407 3773 αὐτῶν
3438 3722 3528 3774 καὶ
3581 3720 3806 3774 πάντων

2229 3818 2426 3884 ποιητῇ
2476 3812 2576 3882 τὴν
2626 3812 2783 3875 δόξαν
2833 3815 2930 3865 καὶ
2976 3816 3068 3864 τὸν
3117 3811 3403 3882 ἀσπασμὸν
3435 3812 3529 3866 καὶ
3554 3813 3614 3867 τὸ
3637 3814 3806 3879 σέϐας

2230 3903 2650 3975 προσφέρουσιν.
2690 3901 2756 3954 Ἦ
2802 3902 2909 3971 γάρ
2943 3903 3023 3964 είς
3061 3902 3187 3965 τοὺς
3226 3903 3415 3971 ἁγίους
3447 3903 3610 3956 αὐτοῦ
3638 3906 3800 3974 τιμὴ,

2229 3997 2307 4057 εἰς
2334 3996 2495 4049 αὐτὸν
2525 3993 2832 4064 ἀνατρέχει.
2886 3994 3122 4057 Ποσάκις
3165 3996 3310 4058 τινὲς
3338 3996 3553 4060 εἰκόνας
3590 3995 3802 4065 βασιλι-

2229 4086 2331 4148 κάς
2359 4083 2720 4153 ἀφανίσαντες
2754 4083 2848 4137 καὶ
2874 4082 3255 4153 ἐνυϐρίσαντες
3278 4127 3294 4148 ,
3324 4086 3531 4160 ἐσχάτῃ
3557 4088 3807 4161 τιμωρίᾳ

2228 4175 2718 4246 κατεδικάσθησαν,
2738 4172 2814 4236 ὡς
2835 4174 2997 4227 αὐτὸν
3017 4176 3110 4227 τδν
3141 4174 3368 4245 βασιλέα
3394 4177 3795 4247 ἐνυϐρίσαντες,

2229 4264 2327 4319 καί
2351 4263 2414 4317 οὐ
2449 4263 2549 4336 τὴν
2583 4263 2801 4318 σανίδαί
2836 4262 3012 4318 Εἰκὼν
3035 4265 3126 4318 τοῦ
3159 4263 3294 4317 Θεοῦ
3326 4265 3475 4318 ἔστιν
3509 4265 3538 4318 ό
3567 4267 3686 4320 κατ’
3714 4268 3796 4322 elo

2230 4354 2363 4409 κόνα
2409 4354 2502 4408 τοῦ
2552 4354 2690 4407 Θεοῦ
2737 4354 2974 4423 γεγονὼς
3003 4353 3312 4424 ἄνθρωπος,
3346 4355 3441 4409 καί
3472 4354 3706 4426 μάλιστα
3732 4359 3796 4410 ἐγ

556 4447 790 4501 honorat
817 4452 872 4501 et
916 4444 1144 4508 adorat,
1194 4444 1360 4499 etiam
1409 4444 1631 4498 domum
1670 4442 1905 4513 Spiritus
1949 4445 2121 4499 sancti

2228 4443 2546 4513 Πνεῦματος
2581 4444 2740 4512 ἁγίου
2772 4446 3049 4513 ἐνοίκησιν
3086 4444 3397 4516 δεξάμενος.
3443 4446 3679 4509 Δικαίως
3704 4442 3801 4501 οῦν

553 4536 842 4608 gloriﬁcat.
912 4534 1223 4592 Inhabitabo
1258 4536 1398 4590 enim
1465 4536 1521 4588 in
1564 4537 1731 4605 ipsis,
1780 4535 2000 4605 inquit,
2070 4545 2125 4591 et

554 4628 892 4683 iuambulabo
942 4628 987 4682 ⁸.
1043 4627 1466 4684 Confundantur
1516 4627 1726 4693 Judzei,
1804 4628 1896 4696 qui
1966 4642 2124 4697 reges

559 4719 809 4788 proprios
859 4728 917 4774 et
974 4719 1180 4775 alienos
1249 4720 1615 4773 adoraverunt
1642 4758 1656 4783 ,
1719 4717 1901 4787 potius
1956 4733 2121 4786 quam

473 4813 484 4821 '
556 4807 898 4863 Christianos
913 4810 1266 4878 pronuntient
1285 4809 1615 4864 idololatras.
1645 4808 1752 4862 Nos
1773 4817 1951 4863 autem
1969 4806 2125 4862 Chri-

555 4897 720 4951 stiani
764 4911 861 4966 per
901 4912 1122 4975 omnem
1152 4897 1427 4953 civitatem
1474 4907 1528 4952 et
1562 4897 1881 4968 regionem,
1917 4907 1973 4953 et
2023 4912 2122 4967 per

552 5003 772 5047 omnem
796 4987 937 5044 diem
972 4997 1029 5044 et
1057 4989 1243 5044 horam
1259 4999 1447 5046 contra
1474 4990 1616 5045 idola
1653 5005 1953 5055 armamur,
1975 5005 2113 5061 con-7

555 5092 632 5137 tra
666 5082 809 5136 idola
841 5080 1141 5152 psallimus,
1184 5088 1372 5135 contra
1419 5082 1561 5137 idola
1588 5081 1900 5145 scribimus,
1926 5087 2117 5135 contra

552 5173 694 5229 idola
737 5188 801 5227 ac
843 5172 1122 5228 daemones
1157 5185 1395 5225 oramus.
1422 5170 1778 5241 thuomodo
1804 5172 2119 5226 idololatras

552 5281 654 5320 nos
680 5264 952 5335 appellant
980 5261 1189 5319 Judaei?
1220 5260 1323 5318 Ubi
1349 5262 1496 5316 enim
1536 5277 1685 5316 nunc
1717 5270 1846 5316 sunt
1871 5261 2117 5315 exhibita

552 5356 713 5411 idolis
737 5355 807 5409 ab
834 5355 914 5410 eis
955 5353 1221 5409 sacriﬁcia
1249 5353 1433 5407 ovium
1463 5361 1519 5407 et
1544 5352 1707 5407 boum
1746 5361 1803 5405 et
1836 5349 2117 5404 ﬁliorum?

551 5445 654 5502 libi
710 5447 958 5507 nidores,
1009 5443 1102 5498 ubi
1133 5461 1241 5499 arae
1268 5453 1326 5499 et
1360 5443 1703 5514 perfusiones
1748 5441 2117 5512 sanguinem?

554 5531 724 5591 Porro
776 5551 877 5591 nos
913 5535 1210 5591 Christiani
1248 5550 1430 5605 neque
1487 5549 1659 5599 aram,
1707 5547 1887 5602 neque
1937 5532 2115 5586 sacri-

624 5696 1081 5770 "Psal.xcv1tt.5.
1157 5714 1175 5742 '
1196 5712 1459 5767 lsa.t.xv:.
1484 5710 1533 5763 i.
1616 5709 1635 5737 τ
1665 5706 1808 5759 [⁵511.
1844 5723 1945 5770 xu,
1975 5705 2017 5761 ὃν
2043 5722 2174 5775 seqq

2232 4536 2332 4605 τὴν
2353 4535 2534 4588 εἰκόνα
2554 4534 2661 4588 τῶν
2687 4534 2782 4589 τοῦ
2804 4536 2938 4590 Θεοῦ
2968 4536 3167 4589 δούλων
3197 4536 3339 4606 τιμῶ
3361 4538 3457 4590 καὶ
3487 4539 3797 4609 προσκυνῶ,
3819 4567 3837 4601 ς

2233 4629 2326 4679 καί
2362 4626 2454 4678 τὸν
2475 4622 2620 4679 οἷκον
2642 4625 2738 4679 τοῦ
2775 4627 2933 4693 ἁγίου
2985 4628 3303 4698 Πνεῦματος
3349 4627 3576 4693 δοξάζω.
3621 4616 3837 4683 ἐνοι-³

2234 4717 2407 4783 κνίσω
2435 4717 2543 4785 γὰρ
2584 4717 2656 4770 ἐν
2692 4717 2926 4785 αὐτοῖς,
2962 4720 3120 4788 φησί,
3160 4719 3260 4772 καί
3304 4719 3797 4789 ἐμπεριπατήσω’

2233 4808 2675 4877 αἰσχυνέσθωσαν
2724 4811 2772 4861 οἰ
2815 4810 3077 4874 Ἰουδαῖοι,
3109 4812 3158 4864 οἰ
3200 4809 3511 4882 βασιλεῦσιν
3563 4812 3711 4874 ἰδίοις
3739 4830 3800 4866 τε

2233 4900 2326 4952 καί
2353 4898 2654 4968 ἀλλοτρίοις
2685 4902 3184 4971 προσκυνήσαντες,
3236 4901 3398 4973 εῐπερ
3434 4902 3801 4974 Χριστιανοὺς

2232 4990 2690 5058 καταγγέλλουσιν
2716 4990 3124 5063 εἰδωλολάτρας.
3166 4992 3355 5062 Ἡμεῖς
3378 4992 3435 5046 δὲ
3463 4993 3513 5045 οἱ
3540 4978 3802 5063 Χριστια-

2231 5082 2314 5135 vol.
2346 5081 2490 5135 κατὰ
2512 5083 2704 5135 πᾶσαν
2737 5081 2892 5135 πόλιν
2938 5084 3034 5137 καί
3072 5082 3276 5153 χώραν.
3313 5085 3406 5137 καὶ
3451 5084 3594 5138 κατά
3620 5087 3802 5149 πάσας

2232 5172 2443 5243 ἡμέρας
2490 5174 2583 5225 καὶ
2632 5171 2801 5243 ὥρας,
2854 5173 2998 5227 κατά
3030 5173 3137 5227 τῶν
3176 5173 3411 5230 εἰδώλων
3444 5173 3802 5244 ὁπλιζόμεθα,

2226 5262 2370 5317 κατὰ
2387 5262 2618 5316 εἰδώλων
2644 5264 2941 5333 ψάλλομεν,
2967 5265 3110 5319 κατά
3129 5264 3364 5319 εἰδώλων
3386 5265 3803 5338 συγγράφομεν,

2227 5354 2369 5407 κατά
2400 5353 2635 5407 εἰδώλων
2672 5354 2769 5409 καὶ
2796 5354 3065 5425 δαιμόνων
3097 5355 3387 5426 εὐχόμεθα.
3422 5354 3529 5409 Καὶ
3574 5356 3694 5419 πῶς
3721 5357 3800 5409 εἰ-

2225 5439 2565 5513 δωλολάτρας
2615 5445 2762 5514 ἡμᾶς
2811 5444 3068 5498 καλοῦσιν
3127 5445 3178 5498 οἰ
3225 5446 3505 5510 ’1ουδαῖοι;
3546 5445 3658 5497 Ποῦ
3705 5443 3802 5500 νῦν

2226 5536 2363 5588 εἰσιν
2385 5538 2438 5587 αἰ
2463 5524 2868 5606 προσαγόμεναι
2895 5538 3008 5598 τοῖς
3031 5535 3269 5598 εἰδώλοις
3293 5537 3384 5589 ὑπ’
3408 5535 3588 5592 αὐτῶν
3613 5534 3808 5592 ουσιαι

2289 5709 2308 5738 ³
2341 5710 2509 5762 licvit.
2547 5712 2780 5772 xxvu,”
2813 5729 2828 5773 ς
2869 5710 2908 5765 ll
2944 5713 3067 5768 Cor.
3097 5729 3136 5779 ι,
3182 5712 3264 5767 16.
