3956 6220
313 325 451 392 1605

1451 328 1706 390 SERMO
1755 328 2050 389 CONTRA
2102 331 2424 395 JUDIEOS.

3409 320 3547 389 1606

309 436 413 489 τῶν
446 432 756 504 προϐάτων,
789 432 884 487 καὶ
912 433 1070 503 βοιῖιν,
1108 434 1202 488 καὶ
1230 436 1466 502 τίκνων;
1504 437 1615 491 Ποῦ
1650 440 1704 491 αἱ
1732 417 1878 490 κνίσ-

1991 436 2162 491 licium
2196 439 2430 506 qualiter
2458 439 2543 494 vel
2565 438 2696 509 quid
2723 438 2859 495 sint.
2897 436 3151 493 novimus
3176 474 3188 487 .
3222 434 3292 490 Et
3326 434 3546 503 quidem

246 516 249 517 ν
306 543 420 591 σαι,
454 523 560 578 ποῦ
619 526 670 579 oi
709 523 886 594 βωμοὶ
936 525 1034 579 καὶ
1084 527 1415 597 προσχύσεις
1440 526 1551 581 τῶν
1593 528 1872 599 cincinnos;

316 613 510 684 Ἡμεῖς
548 613 605 666 δὲ
631 616 680 667 oi
710 614 1050 685 Χριστιανοὶ,
1105 615 1228 670 οὔτε
1280 617 1485 690 βωμὸν,
1526 617 1652 672 οὔτε
1686 618 1876 673 θυσίαν

309 702 424 765 πῶς
449 701 483 773 ἢ
513 702 566 755 τί
611 704 779 766 ἐστιν,
822 704 1193 774 ἓπιστάμεθα.
1244 708 1307 760 Οἱ
1338 710 1436 778 μὲν
1481 708 1590 780 γὰρ
1618 708 1877 780 Ἕλληνες

311 796 518 863 μοιχοῖς
549 794 857 865 ἀνθρώποις
879 798 973 850 καὶ
1005 801 1290 868 φονευταῖς
1315 801 1409 854 καὶ
1439 802 1768 872 ἀκαθάρτοις
1786 803 1878 857 καὶ

314 889 529 958 μιαροῖς
551 888 675 951 τοὺς
704 889 868 952 ναοὺς
895 890 1178 960 ὠνόμαζον
1211 895 1305 946 καὶ
1342 894 1409 948 τά
1431 894 1645 963 εἴδωλα,
1667 896 1761 949 καὶ
1785 898 1881 950 αὒ-

317 979 436 1040 τοὺς
479 977 823 1043 ὲθεοποίουν,
848 980 910 1032 ού
968 979 1151 1049 μέντοι
1189 999 1254 1051 γε
1306 987 1603 1055 προφητῶν
1646 986 1875 1056 ήάγίων

313 1068 609 1139 μαρτύρων
635 1069 761 1123 ναὸν
789 1070 822 1139 ἤ
864 1069 1046 1140 βωμὸν
1095 1072 1408 1142 ὠνόμασαν.
1458 1077 1669 1148 Ὥσπερ
1695 1079 1803 1150 γὰρ
1832 1080 1880 1133 oi

312 1161 368 1211 ὲν
395 1158 673 1213 Βασυλῶνι
714 1160 1043 1230 Ἰσραηλῖται
1093 1158 1240 1232 εἶχον
1276 1164 1484 1234 ὄργανα
1516 1168 1611 1220 καὶ
1654 1169 1883 1241 κιθάρας

313 1248 408 1302 καὶ
434 1249 601 1319 ἕτερά
654 1266 795 1313 τινα,
837 1249 1018 1315 καθὼς
1051 1253 1148 1306 καὶ
1194 1255 1244 1307 oi
1269 1255 1641 1310 Βαϐυλώνιοι·
1672 1259 1766 1312 καὶ
1816 1260 1884 1312 τὰ

320 1339 420 1408 μὲν
450 1340 528 1403 εἰς
570 1338 726 1403 δόξαν
752 1340 912 1403 Θεοῦ,
934 1342 1002 1394 τὰ
1047 1343 1105 1396 δὲ
1144 1344 1223 1406 είς
1258 1345 1555 1414 θεραπείαν
1575 1348 1846 1417 δαιμόνων
1865 1365 1882 1382 ο

313 1428 458 1483 οὕτω
486 1432 582 1483 καὶ
621 1431 716 1483 ἐπὶ
743 1432 970 1486 εἰκόνων
1004 1432 1333 1499 Ἑλληνικῶν
1364 1437 1458 1488 καὶ⁹
1487 1438 1886 1505 Χριστιανικῶν

314 1524 622 1592 νοήσωμεν,
643 1523 726 1577 ὃτι
757 1525 952 1577 ἐκεῖνοι
980 1526 1079 1594 μὲν
1108 1528 1186 1589 είς
1213 1526 1470 1596 λατρείαν
1494 1530 1588 1582 τοῦ
1615 1529 1883 1595 διαϐόλου,

317 1614 477 1683 ἡμεῖς
505 1614 562 1667 δὲ
583 1615 665 1678 εἰς
708 1614 868 1679 δόξαν
898 1615 1035 1668 Θεοῦ
1088 1618 1179 1670 καὶ
1231 1616 1559 1687 ὑπόμνησιν.
1595 1620 1744 1689 Πλὴν
1792 1622 1888 1675 καλ¹

319 1702 796 1773 πολλάθαυμάσια
828 1705 856 1755 ὁ
885 1705 1017 1767 Θεὸς
1044 1704 1131 1758 διὰ
1165 1705 1321 1773 ξύλον
1351 1708 1570 1762 ἀκούειν
1596 1710 1883 1781 πεποίηκε,

321 1792 472 1857 ξύλον
502 1793 666 1863 ζωῆς,
697 1794 852 1858 ξύλον
886 1793 1143 1860 γνώσεως
1172 1797 1448 1865 ὀνομάσας
1469 1816 1482 1830 ·
1515 1800 1606 1852 καὶ
1634 1799 1762 1854 ἄλλο
1789 1817 1888 1869 φυ-

317 1888 408 1939 τὸν
455 1885 726 1956 ὀνομάσας
772 1888 984 1951 Σαδὲκ,
1041 1890 1439 1959 συγχωρήσεως
1480 1891 1715 1962 τίθησιν.
1760 1889 1890 1947 Εἶτα

320 1974 500 2045 ῥάϐδῳ
526 1976 615 2029 τὸν
652 1975 851 2046 Φαραὼ
883 1977 1148 2047 ἐκάλυψε,
1179 1978 1457 2033 θάλασσαν
1485 1980 1723 2050 ἔσχισεν,
1748 1981 1889 2053 ὕδωρ

317 2066 638 2135 ὲγλύκανεν,
693 2067 815 2136 ὅφιν
862 2069 1065 2138 ὕψωσε,
1122 2070 1329 2140 πέτραν
1364 2071 1648 2143 διέρρηξεν
1674 2111 1689 2136 ,
1746 2072 1891 2145 ὕδωρ

319 2159 575 2229 ἐξήγαγε,
623 2157 777 2223 ξύλον
813 2158 1125 2230 βλαστῆσαν
1179 2164 1243 2233 τῇ
1294 2164 1465 2233 σκηνῇ
1522 2163 1621 2233 τὴν
1680 2162 1890 2234 Ἀαρὼν

320 2251 620 2320 ἱερωσύνην
674 2250 973 2322 ἐκύρωσεν.
1039 2251 1196 2306 Οὕτω
1233 2255 1325 2307 καὶ
1378 2253 1629 2324 Σολομῶν
1687 2271 1928 2325 φησιν’Δ

319 2343 639 2410 Εὐλογεῖτε
660 2342 870 2408 ξύλον,
901 2343 977 2396 δι’
1001 2340 1073 2400 οὗ
1094 2345 1320 2413 γίνεται
1342 2345 1714 2415 δικαιοσύνη.
1736 2346 1891 2400 Οὕτω

321 2433 411 2485 καὶ
455 2432 753 2497 Ἐλισσαῖος
781 2433 936 2498 ξύλον
967 2435 1277 2508 ἀπορρίψας
1307 2437 1365 2489 ὲν
1411 2419 1671 2509 Ἰορδάνῃ,
1696 2439 1788 2492 τὸν
1811 2443 1892 2504 είς

318 2522 486 2577 τύπον
508 2523 600 2578 τοῦ
632 2525 804 2594 Ἀδὰμ
835 2525 1053 2594 σίδηρον
1077 2526 1153 2589 ὡς
1179 2527 1237 2593 ἐξ
1269 2526 1398 2598 ᾅδου
1421 2530 1713 2600 ἀνήγαγεν.
1737 2528 1892 2582 Οὕτω

320 2615 653 2685 προστάσσει
686 2614 762 2683 τῷ
788 2614 985 2670 ἑαυτοῦ
1018 2616 1169 2670 παιδὶ
1198 2618 1285 2671 διά
1310 2621 1411 2687 τῆς
1432 2620 1627 2688 ῥάϐδου
1652 2620 1891 2691 ἀναστῆ-

321 2722 413 2760 σαι
444 2705 536 2760 τὸν
568 2708 731 2761 παῖδα
747 2707 847 2778 τῆς
877 2708 1262 2778 Σωμανίτιδος.
1311 2710 1368 2762 Ὀ
1389 2707 1482 2762 οὖν
1507 2710 1594 2764 διὰ
1624 2710 1892 2765 τοσούτων

321 2795 493 2861 ξύλων
533 2795 1027 2867 θαυματουργήσας
1067 2798 1200 2861 Θεὸς
1228 2799 1289 2851 ού
1340 2800 1583 2866 δύναται,
1625 2802 1746 2855 εἶπέ
1776 2820 1890 2874 μοι,

322 2887 762 2957 θαυματουργεῖν
789 2888 882 2941 καὶ
912 2886 1001 2940 διὰ
1028 2886 1125 2941 τοῦ
1170 2888 1351 2958 τιμίου
1389 2890 1546 2954 ξύλου
1595 2891 1688 2945 τοῦ
1736 2892 1891 2960 άγίου

323 2975 598 3048 παυροῦς
648 2978 710 3030 Ei
752 2977 947 3040 ἀσεϐές
975 2980 1091 3031 ἐστι
1121 2980 1287 3049 τιμᾷν
1316 2979 1386 3033 τὰ
1409 2982 1562 3047 ὀστᾶ,
1604 2982 1720 3046 πῶς
1755 2984 1893 3053 μετά

1977 529 2168 599 pagani
2200 530 2269 584 ab
2300 530 2562 585 adulteris
2599 530 2918 585 hominibus
2945 538 3001 582 et
3020 526 3320 584 homicidis
3342 534 3398 580 et
3426 526 3546 595 pol-

1976 618 2109 673 lutis
2158 622 2359 690 templa
2408 623 2769 675 nominabant
2811 628 2868 674 et
2914 620 3053 675 idola
3086 637 3099 671 :
3137 628 3197 673 et
3231 618 3349 673 illos
3390 616 3547 672 deiﬁ-

1977 713 2215 768 cabant:
2266 728 2374 765 non
2410 722 2589 767 autem
2626 713 3018 783 prophetarum
3045 750 3061 775 ,
3097 708 3181 765 vel
3232 717 3548 764 sanctorum

1977 811 2274 872 martyrum
2306 804 2590 872 templum,
2635 804 2719 857 vel
2740 819 2888 856 aram
2914 802 3353 856 nominaverunt.
3397 798 3552 853 Sicut

1979 890 2125 944 enim
2180 889 2438 945 Israelita:
2489 891 2582 958 qui
2647 890 2918 961 Babylone
2960 890 3222 952 fuerunt,
3276 886 3553 942 habebant

1980 995 2179 1051 organa
2231 991 2285 1035 et
2326 981 2597 1046 citharas,
2652 994 2705 1036 et
2774 982 2875 1034 alia
2927 980 3174 1051 quaedam
3204 1021 3219 1045 ,
3284 975 3548 1047 quemad-

1982 1072 2202 1127 modum
2238 1082 2296 1126 et
2331 1072 2649 1143 Babylonii:
2689 1080 2745 1126 et
2808 1072 2912 1126 alia
2966 1071 3186 1140 quidem
3225 1069 3278 1121 in
3327 1067 3549 1137 gloriam

1989 1162 2118 1227 Dei,
2149 1162 2251 1216 alia
2283 1177 2414 1216 vero
2449 1161 2502 1214 in
2546 1159 2811 1216 culturam
2858 1161 3165 1214 daemonum
3205 1177 3218 1213 :
3255 1158 3327 1210 ita
3386 1164 3442 1209 et
3484 1154 3552 1208 de

1986 1253 2312 1324 imaginibus
2348 1253 2632 1322 gentilium
2694 1262 2750 1307 et
2777 1250 3225 1325 'Christianorum
3279 1246 3550 1315 intelliga-

1985 1359 2108 1397 mus
2134 1386 2148 1410 ,
2187 1344 2313 1413 quia
2338 1345 2413 1398 illi
2446 1344 2665 1413 quidem
2703 1342 2755 1396 in
2812 1341 3132 1397 servitutem
3168 1338 3411 1400 diaboli,
3450 1352 3553 1391 nos

1988 1446 2168 1490 autem
2195 1435 2252 1489 in
2294 1436 2514 1505 gloriam
2545 1443 2601 1488 et
2626 1434 3075 1488 memorationem
3118 1430 3236 1486 Dei.
3274 1426 3557 1482 Verumta-

1988 1543 2114 1582 men
2162 1537 2218 1582 et
2264 1527 2436 1581 multa
2483 1526 2741 1579 miracula
2798 1525 2940 1578 Deus
2970 1538 3066 1592 per
3126 1521 3333 1591 lignum
3367 1519 3557 1574 audire

1991 1618 2120 1673 fecit
2143 1658 2159 1683 ,
2184 1618 2390 1689 lignum
2420 1617 2543 1672 vitae
2571 1625 2627 1672 et
2655 1615 2860 1686 lignum
2904 1613 3151 1668 scientia:
3181 1609 3473 1664 nominans
3492 1611 3512 1643 ⁹
3537 1625 3553 1662 :

1995 1718 2049 1764 et
2071 1710 2214 1765 aliud
2238 1710 2527 1780 virgultum
2573 1709 2864 1763 nominans
2910 1706 3087 1759 Sabec
3115 1746 3129 1768 ,
3164 1700 3555 1773 indulgentiam

1997 1802 2171 1871 ponit.
2207 1802 2409 1857 Deinde
2438 1803 2584 1872 virga
2614 1800 2950 1854 Pharaonem
2985 1794 3243 1866 operuit,
3283 1807 3434 1849 mare
3454 1791 3559 1845 sci-

1991 1893 2107 1958 dit,
2155 1907 2348 1962 aquam
2406 1892 2621 1948 dulcem
2662 1890 2793 1946 fecit
2822 1930 2838 1954 ,
2898 1895 3205 1958 serpentem
3263 1881 3556 1947 exaltavit,

1991 1991 2199 2054 petram
2239 1982 2486 2053 dirupit,
2535 1997 2730 2051 aquam
2781 1979 3051 2050 protulit,
3092 1978 3295 2045 lignum
3357 1972 3558 2044 germi-

1990 2089 2129 2129 nans
2184 2074 2238 2127 in
2309 2072 2660 2128 tabernaculo
2696 2073 2878 2124 Aaron
2947 2065 3312 2120 sacerdotium
3359 2059 3559 2117 conﬁr-

1963 2165 2177 2220 'mavit.
2204 2165 2298 2220 Sic
2322 2173 2376 2219 et
2408 2164 2663 2219 Salomon
2692 2162 2769 2216 ait
2802 2179 2816 2215 :
2844 2160 3182 2214 Benedictum
3230 2165 3305 2209 est
3356 2154 3559 2224 lignum

1989 2273 2081 2327 per
2110 2259 2245 2322 quod
2271 2257 2485 2327 iustitia
2515 2256 2575 2328 ﬁt
2603 2256 2666 2311 ¹⁰.
2710 2254 2799 2309 Sic
2824 2265 2881 2308 et
2919 2253 3139 2305 Elisaius
3177 2248 3323 2319 ligno
3351 2247 3405 2300 in
3432 2243 3557 2298 Jor-

1989 2350 2185 2404 danem
2215 2349 2406 2420 jaeto,
2474 2347 2679 2404 ferrum
2748 2346 2803 2402 in
2849 2355 3032 2415 typum
3088 2341 3216 2396 Adae
3287 2337 3442 2409 quasi
3490 2351 3557 2390 ex

1992 2441 2206 2497 inferno
2233 2440 2471 2496 reduxit:
2501 2440 2581 2496 sic
2608 2438 2849 2509 praecipit
2884 2451 3052 2506 puero
3095 2448 3198 2489 suo
3226 2447 3326 2502 per
3352 2431 3556 2500 virgam

1989 2531 2256 2586 suscitare
2285 2544 2515 2601 puerum
2565 2527 2928 2583 Sunamitidis
2969 2526 3032 2578 “.
3072 2523 3211 2578 Deus
3257 2536 3419 2591 ergo,
3465 2518 3557 2589 qui

1992 2635 2088 2690 per
2120 2628 2199 2675 tot
2225 2621 2369 2690 ligna
2398 2616 2662 2674 miracula
2690 2626 2945 2686 operatus
3000 2622 3085 2669 est
3115 2653 3130 2677 ,
3183 2627 3290 2665 non
3334 2617 3514 2679 potest
3538 2649 3556 2668 ,

1991 2706 2080 2762 dic
2133 2708 2311 2771 mihi,
2366 2707 2506 2761 mira
2555 2705 2738 2760 facere
2782 2704 2950 2759 etiam
3008 2715 3108 2770 per
3153 2697 3455 2769 pretiosum
3495 2694 3560 2748 li-

1992 2814 2156 2868 gnum
2192 2806 2394 2851 sancta:
2419 2796 2596 2852 crucis
2624 2794 2647 2847 ?
2677 2792 2735 2847 Si
2775 2793 3002 2862 impium
3032 2796 3117 2845 est
3146 2789 3371 2842 adorare
3407 2798 3558 2846 ossa,

1990 2885 2264 2954 quomodo
2299 2898 2421 2938 cum
2453 2882 2600 2936 omni
2628 2879 3041 2935 honorificentia
3088 2874 3399 2931 detulerunt
3439 2884 3561 2927 ossa

1990 2974 2193 3044 Joseph
2222 2990 2289 3029 ex
2314 2973 2546 3043 Egypto
2570 3012 2587 3036 ,
2640 2971 2917 3042 quomodo
2959 2975 3209 3023 mortuus
3230 2966 3406 3019 homo
3438 2976 3561 3016 ossa

324 3068 504 3137 πάσης
524 3067 693 3137 τιμῆς
722 3068 1151 3138 μετεκομίσαντο
1195 3070 1265 3125 τὰ
1313 3071 1448 3125 ὀστᾶ
1482 3071 1679 3142 Ἰωσὴφ
1703 3073 1763 3138 ἐξ
1800 3075 1892 3127 Ai-

1996 3066 2173 3121 Elisai
2210 3076 2437 3137 tangens
2490 3063 2764 3119 surrexit?
2786 3062 2955 3116 Porro
2993 3059 3036 3115 si
3089 3074 3187 3128 per
3215 3070 3338 3111 ossa
3396 3053 3563 3107 mira-

2065 3156 2078 3170 ι
2345 3163 2356 3170 .
2484 3155 2523 3170 ις
2612 3169 2617 3170 ,
2711 3168 2730 3170 γ.
2841 3151 3055 3170 *θημημ
3100 3156 3177 3170 --ι
3218 3145 3357 3170 -..ΑΛ
3391 3142 3561 3170 ...υ-οἷο

323 3157 570 3224 γύπτου;
604 3157 725 3221 Πῶς
780 3158 972 3232 νεκρὸς
1020 3159 1303 3232 ἄνθρωπος
1347 3161 1457 3214 τῶν
1491 3163 1694 3219 ὀστέων
1720 3166 1895 3218 Ἐλισ-

326 3247 479 3302 σαίου
502 3248 777 3321 ἁψάμενος
798 3251 1027 3318 ἀνεστη;
1053 3251 1115 3306 El
1140 3252 1197 3305 δὲ
1222 3253 1289 3306 δι’
1316 3253 1525 3307 ὀστέων
1550 3254 1896 3328 θαυματουρ-

324 3340 415 3404 γετ
463 3339 615 3405 Θεὸς,
666 3338 888 3409 εὔδηλον
911 3341 993 3394 ὅτι
1018 3340 1246 3395 δύναται
1287 3344 1384 3397 καὶ
1416 3343 1487 3397 δι’
1515 3344 1759 3410 εἰκόνων,
1799 3347 1897 3401 καὶ

321 3429 410 3483 διὰ
432 3428 615 3497 λίθων,
636 3432 729 3485 καὶ
741 3432 807 3486 δι’
843 3432 1046 3503 ἑτέρων
1071 3433 1306 3489 πολλῶν.
1356 3436 1511 3488 Ἐπεὶ
1533 3438 1628 3490 καὶ
1643 3437 1896 3508 Ἀϐραὰμ

321 3519 383 3572 οὐ
428 3522 750 3588 κατεδέξατο
797 3522 965 3592 θάψαι
997 3524 1057 3576 τὸ
1086 3524 1245 3593 σῶμα
1279 3525 1497 3597 Σάρρας
1544 3527 1603 3579 ὲν
1653 3530 1897 3596 μνήματι

323 3605 607 3678 ἀλλοτρίῳ,
639 3609 753 3662 ἀλλ’
781 3612 838 3663 ὲν
870 3611 986 3681 ίδίῳ
1017 3610 1191 3680 τάφῳ,
1227 3613 1394 3682 τιμῆς
1418 3614 1596 3684 χάριν.
1625 3617 1775 3669 Ἐπεὶ
1803 3619 1897 3671 καὶ

336 3694 532 3749 Ἰακὼὸ
561 3698 698 3767 τιμᾷ
718 3696 807 3749 διὰ
833 3696 981 3750 λίθου
1007 3697 1159 3763 Θεὸν,
1199 3701 1404 3771 στήσας
1444 3701 1547 3754 καὶ·
1570 3703 1762 3771 χρίσας
1797 3705 1898 3757 αύ-

323 3785 416 3838 τὸν
447 3787 526 3847 είς
558 3786 727 3839 τύπον
758 3786 996 3855 Χριστοῦ
1027 3785 1122 3841 τοῦ
1149 3788 1546 3858 ἀκρογωνιαίου
1585 3791 1759 3847 λίθου.
1788 3795 1899 3847 Καὶ

326 3875 488 3930 πάλιν
510 3875 694 3945 βουνὸν
719 3877 883 3930 λίθων
911 3878 1004 3931 ἐπὶ
1027 3878 1121 3931 τοῦ
1143 3878 1319 3941 Λαϐά,
1345 3879 1597 3950 ὠνόμασε
1621 3882 1895 3955 μάρτυρα.

323 3965 606 4037 Μαρτυρεῖ
655 3967 748 4020 καὶ
794 3966 998 4036 Ἰησοῦς
1049 3969 1078 4021 ὀ
1107 3967 1202 4022 τοῦ
1251 3969 1407 4039 Ναυῆ
1458 3969 1668 4026 δώδεκα
1717 3972 1899 4038 λίθους

326 4055 531 4126 στήσας
553 4057 635 4120 είς
661 4056 796 4110 Θεοῦ
829 4057 1154 4128 ἀνάμνησιν.
1188 4059 1249 4111 Εἰ
1280 4059 1390 4131 γάρ
1419 4053 1558 4129 ἦσάν
1582 4077 1687 4128 σοι,
1706 4055 1752 4116 ὦ
1773 4063 1900 4118 Ἰου-

325 4146 464 4212 δαῖε,
495 4149 554 4200 ὲν
582 4147 660 4218 τῷ
682 4147 759 4218 σῷ
792 4148 906 4218 ναῷ
923 4149 994 4200 τὰ
1027 4148 1120 4203 δύο
1145 4150 1425 4223 Χερουϐὶμ
1444 4153 1626 4206 ἐκεῖνα
1647 4153 1720 4208 τὰ
1739 4171 1901 4209 κατα-

333 4236 622 4300 σκιάζοντα
651 4236 711 4289 τὸ
739 4237 1070 4308 ἱλαστήριον,
1118 4238 1188 4291 τὰ
1215 4238 1450 4308 γλυπτὰ,
1480 4240 1698 4312 εἰσῆλθε
1730 4242 1789 4297 δέ
1816 4260 1899 4308 τις

327 4327 523 4396 Ἕλλην
540 4326 930 4401 εἰδωλολάτρης
963 4331 1023 4383 ἐν
1053 4329 1129 4400 τῷ
1157 4330 1268 4401 ναῷ
1293 4348 1410 4401 σου,
1435 4335 1531 4387 καὶ
1560 4335 1896 4406 θεασάμενος

1994 3156 2115 3211 cuia
2172 3163 2432 3225 operatur
2484 3155 2629 3208 Deus
2652 3197 2667 3219 ,
2709 3151 3060 3222 perspicuum
3095 3156 3181 3202 est
3210 3145 3357 3223 quod
3391 3142 3565 3213 possit

1993 3245 2157 3299 etiam
2188 3261 2286 3315 per
2306 3245 2590 3316 imagines,
2623 3254 2678 3299 et
2710 3259 2806 3311 per
2830 3241 3052 3311 lapides.
3083 3247 3138 3293 et
3176 3252 3273 3307 per
3294 3235 3398 3290 alia
3423 3232 3564 3288 mul-

1995 3343 2069 3389 ta.
2106 3335 2243 3390 Nam
2276 3344 2332 3391 et
2355 3336 2626 3391 Abraham
2667 3350 2778 3389 non
2829 3331 3079 3403 permisit
3116 3326 3333 3397 sepeliri
3362 3339 3565 3395 corpus

1995 3425 2143 3481 Sara:
2213 3426 2270 3481 in
2336 3425 2707 3481 monumentis
2776 3422 3006 3486 alienis,
3067 3419 3160 3474 sed
3228 3418 3282 3470 in
3346 3412 3567 3485 proprio

1994 3515 2246 3585 sepulcro
2285 3531 2448 3571 causa
2487 3515 2734 3570 honoris.
2777 3513 2912 3568 Nam
2934 3519 2990 3566 et
3017 3507 3183 3563 Jacob
3208 3508 3442 3560 honorat
3468 3516 3567 3571 per

1993 3606 2227 3676 lapidem
2259 3607 2430 3660 Deum
2456 3648 2471 3672 ,
2506 3615 2751 3661 statuens
2782 3613 2838 3657 et
2867 3615 3074 3672 ungens
3115 3612 3241 3653 eum
3288 3595 3343 3648 in
3381 3604 3564 3664 typum

1993 3697 2194 3753 Christi
2223 3697 2498 3766 angularia
2529 3696 2748 3765 lapidis.
2773 3694 2841 3747 Et
2873 3695 3002 3746 item
3036 3702 3295 3743 acervum
3325 3686 3567 3755 lapidum

1996 3789 2053 3844 in
2083 3788 2262 3843 Lahan
2296 3786 2601 3842 nominavit
2626 3791 2837 3840 testem.
2866 3781 2931 3835 Et
2979 3777 3136 3834 Jesus
3181 3777 3325 3832 Nave
3360 3777 3568 3835 duode-

1996 3880 2100 3935 cim
2141 3879 2352 3950 lapides
2380 3875 2570 3933 statuit
2598 3875 2653 3930 in
2708 3871 3141 3958 recordationem
3192 3870 3304 3924 Dei.
3332 3869 3387 3924 Si
3419 3870 3564 3926 enim

1997 3978 2182 4025 essent
2215 3969 2346 4031 tibi,
2380 3984 2414 4023 ο
2439 3966 2663 4033 Judaee,
2709 3967 2763 4019 in
2793 3963 2996 4033 templo
3026 3971 3121 4018 tuo
3144 3961 3255 4018 duo
3282 3961 3566 4017 cherubim

1996 4060 2108 4124 illi,
2137 4061 2232 4130 qui
2286 4058 2684 4115 obumbrabant
2729 4052 3197 4127 propitiatorium,
3240 4051 3470 4119 sculpti,
3510 4061 3569 4107 et

1997 4151 2258 4206 intrasset
2313 4148 2597 4219 quisquam
2651 4159 2895 4216 paganus
2939 4142 3204 4197 idolorum
3255 4141 3471 4204 cultor,
3510 4150 3567 4195 et

1999 4241 2129 4296 visis
2157 4240 2242 4296 his
2270 4239 2536 4310 arguisset
2557 4236 2774 4293 Judwos
2794 4275 2810 4301 ,
2842 4233 2996 4304 quasi
3027 4242 3079 4293 et
3105 4231 3248 4301 ipsos
3271 4231 3565 4286 adorantes

1998 4331 2310 4392 simulacra,
2341 4329 2473 4399 quid
2502 4337 2662 4398 putas
2695 4326 2924 4380 haberes
2949 4363 2964 4389 ,
3013 4323 3102 4377 dic
3131 4322 3295 4387 mihi,
3327 4337 3561 4391 respon-

321 4418 491 4470 ταῦτα
517 4418 802 4488 ἐμέμψατο
823 4423 935 4484 τοῖς
971 4421 1268 4487 Ἰουδαίοις,
1294 4422 1371 4487 ὡς
1396 4426 1489 4479 καὶ
1504 4427 1684 4481 αὐτῶν
1705 4428 1892 4482 εἴδωλα

2002 4424 2130 4479 dere
2154 4421 2229 4476 illi
2265 4421 2332 4477 de
2358 4420 2575 4477 duobus
2603 4416 2890 4473 cherubim
2918 4414 3167 4469 iusilibus
3191 4452 3206 4476 ,
3242 4424 3298 4467 et
3352 4414 3560 4476 bobus,

323 4507 792 4573 προσκυνούντων,
814 4510 865 4562 τί
883 4510 947 4562 ἂν
975 4507 1140 4580 εἶχες,
1170 4513 1293 4566 εἰπὲ
1318 4532 1429 4583 μοι,
1454 4517 1897 4589 ἀπολογήσασθαι

323 4596 471 4665 αὐτῷ
505 4597 630 4665 περὶ
652 4599 759 4651 τῶν
792 4598 884 4652 δύο
907 4602 1188 4670 Χερουϐὶμ
1210 4602 1320 4656 τῶν
1345 4607 1651 4674 χωνευτῶν,
1671 4609 1763 4660 καὶ
1787 4607 1897 4662 τῶν

324 4684 481 4756 βοῶν,
525 4688 618 4739 καὶ
667 4689 945 4757 φοινίκων,
982 4692 1075 4745 καὶ
1098 4692 1325 4746 λεόντων
1355 4695 1465 4750 τῶν
1494 4696 1663 4751 ὄντων
1690 4698 1809 4753 τότε
1839 4703 1897 4753 ὲν

322 4778 398 4849 τῷ
423 4780 536 4850 ναῷ
564 4780 854 4847 γλυπτῶν;
907 4782 1071 4837 υύδὲν
1124 4778 1271 4853 εἶχες
1310 4787 1446 4856 πρὸς
1494 4788 1657 4841 αὐτὸν
1700 4790 1896 4859 ἀληθὲς

322 4871 520 4941 λέγειν,
545 4874 593 4923 εἰ
626 4874 699 4943 μὴ
720 4871 898 4937 τοῦτο,
932 4875 1014 4928 ὅτι
1042 4875 1153 4945 Οὐχ
1181 4876 1255 4938 ὡς
1277 4876 1430 4941 θεοὺς
1456 4878 1651 4949 ἔχομεν
1682 4880 1820 4935 αύτά
1842 4885 1900 4935 ὲν

296 4961 399 5031 τῷ
429 4960 564 5031 ναῷ,
590 4961 706 5014 ἀλλ’
741 4963 823 5026 εἰς
854 4963 1159 5035 ἀνάμνησιν
1194 4965 1328 5019 Θεοῦ
1384 4968 1479 5020 καὶ
1511 4967 1671 5032 δόξαν
1705 4970 1771 5024 τά
1797 4972 1901 5024 Χε-

327 5055 524 5123 ρουϐὶμ
548 5051 721 5106 ταῦτα
744 5052 936 5124 ἔχομεν
971 5058 1028 5108 ἐν
1049 5055 1129 5126 τῷ
1151 5056 1282 5127 ναῷ.
1309 5058 1370 5110 Εἰ
1392 5057 1484 5112 οὖν
1506 5059 1680 5114 ταῦτα
1704 5060 1896 5126 οὕτως,

324 5144 438 5206 πῶς
475 5145 597 5213 ἐμοὶ
656 5147 784 5216 περ)⁵
839 5147 1061 5201 εἰκόνων
1113 5149 1402 5216 ὲγκαλεῖςς
1446 5150 1569 5203 Ἀλλ
1609 5153 1752 5222 ἐρεῖς
1785 5170 1895 5224 μοι,

288 5300 291 5303 η
326 5234 405 5286 ὅτι
430 5236 457 5286 ὁ
483 5234 612 5297 Θεὸς
649 5235 727 5305 τῷ
756 5236 964 5308 Μωΰσῇ
1014 5240 1314 5308 προσέταξε
1347 5244 1574 5312 ποιῆσαι
1605 5246 1662 5296 ὲν
1688 5243 1764 5313 τῷ
1787 5245 1898 5314 ναῷ

326 5324 391 5375 τά
417 5323 651 5392 γλυπτά.
684 5327 853 5395 Κάγὼ
872 5327 1028 5381 τοῦτο
1052 5329 1196 5398 λέγω
1218 5347 1231 5361 ο
1293 5332 1409 5384 ἀλλ’
1434 5335 1461 5387 ὀ
1484 5330 1734 5404 Σολομὼν
1757 5337 1902 5389 ἐκεῖ·

328 5416 418 5468 θεν
438 5417 725 5487 ὁδηγηθεὶς
757 5422 851 5472 καὶ
888 5422 1108 5475 πλείονα
1135 5426 1193 5476 ὲν
1222 5423 1300 5494 τῷ
1324 5424 1438 5494 ναῷ
1469 5427 1898 5489 κατεσκεύασεν,

279 5498 285 5504 ’
326 5505 468 5576 άπερ
483 5507 601 5561 οἶδὲ
620 5509 648 5560 ὀ
673 5509 805 5573 Θεὸς
824 5511 969 5584 αύτῷ
993 5514 1345 5584 προσέταξεν,
1371 5515 1537 5588 obesi;
1565 5520 1735 5589 σκηνὴ
1755 5520 1788 5588 ή
1809 5518 1902 5572 τοῦ

1999 4525 2055 4570 et
2106 4513 2338 4587 palmis,
2406 4520 2461 4564 et
2533 4509 2819 4572 leonibus,
2872 4507 2975 4576 qui
3036 4514 3192 4561 erant
3247 4505 3302 4559 in
3363 4505 3565 4589 templo

2000 4605 2235 4677 sculpti?
2263 4603 2406 4659 Nihil
2434 4604 2662 4658 haberes
2684 4600 2870 4668 utique
2891 4613 3085 4655 verum
3102 4600 3169 4653 ad
3209 4614 3333 4653 eum
3377 4599 3565 4654 dicen-

1998 4699 2150 4762 dum,
2184 4697 2291 4752 nisi
2318 4697 2458 4761 hoc,
2498 4695 2624 4765 quia
2675 4693 2791 4746 Non
2834 4700 2909 4745 ut.
2935 4691 3068 4746 deos
3107 4689 3373 4745 habemus
3401 4705 3466 4745 ea
3511 4692 3571 4744 in

2002 4788 2228 4858 templo,
2261 4787 2355 4842 sed
2384 4790 2450 4841 ad
2482 4783 2914 4840 recordationem
2947 4781 3042 4836 Dei
3081 4791 3155 4836 et
3180 4782 3404 4853 gloriam
3436 4782 3568 4841 istos

2000 4881 2287 4939 cherubim
2315 4878 2657 4936 habemusin
2689 4875 2912 4947 templo.
2949 4872 3007 4929 Si
3037 4890 3166 4945 ergo
3208 4875 3324 4929 haec
3382 4875 3459 4928 ita
3506 4889 3567 4929 se

1999 4974 2242 5041 habent,
2271 4972 2541 5043 quomodo
2592 4984 2680 5024 me
2733 4983 2901 5039 super
2946 4967 3120 5023 iconis
3157 4981 3382 5021 accusas
3407 4966 3431 5019 ?
3458 4964 3568 5021 Sed

1997 5067 2136 5124 dicis
2176 5064 2333 5127 mihi,
2380 5063 2505 5134 quia
2550 5061 2695 5116 Deus
2744 5058 2911 5130 Moysi
2969 5057 3231 5127 praecepit
3275 5056 3455 5111 facere
3512 5056 3567 5110 in

1999 5158 2201 5229 templo
2232 5155 2534 5226 sculptilia:
2566 5148 2622 5208 et
2661 5167 2763 5224 ego
2800 5151 2911 5205 hoc
2953 5150 3116 5217 dico;
3174 5148 3270 5203 sed
3314 5147 3568 5202 Salomon

1998 5248 2127 5302 hinc
2164 5246 2406 5302 directura
2455 5243 2616 5298 etiam
2648 5241 2800 5312 plura
2887 5240 2957 5293 in
3002 5237 3207 5309 templo
3261 5240 3570 5293 construxit

2002 5353 2124 5406 quae
2158 5352 2334 5407 neque
2363 5335 2411 5390 ei
2438 5335 2584 5389 Deus
2612 5330 2872 5402 praecepit
2898 5371 2914 5397 ,
2941 5344 3120 5400 neque
3148 5329 3568 5385 tabernaculum

2005 5427 2301 5483 testimonii
2349 5423 2580 5485 habuit,
2616 5437 2795 5492 neque
2846 5420 3111 5490 templum
3139 5419 3284 5492 quod
3315 5419 3569 5475 Ezechiel

2002 5533 2064 5572 ex
2102 5518 2215 5572 Deo
2244 5512 2660 5581 comtemplatus
2693 5518 2814 5571 est,
2850 5519 2905 5565 et
2932 5525 3039 5563 non
3058 5519 3152 5564 est
3195 5509 3250 5563 in
3298 5508 3399 5564 hoc
3463 5511 3566 5563 Sa-

396 5686 418 5720 ⁹
451 5686 584 5744 Gen.
618 5702 690 5755 ιι,
736 5690 824 5742 l7.
938 5690 978 5721 '°
1017 5689 1142 5760 Sap.
1173 5708 1259 5757 iv,
1290 5693 1340 5745 7.
1401 5692 1464 5747 ιν
1502 5694 1633 5767 Reg.
1671 5712 1746 5751 γι.
1826 5696 1867 5728 ¹¹

2027 5697 2157 5764 Reg.
2217 5711 2275 5761 ιι,
2318 5692 2410 5755 l9;
2463 5689 2637 5745 "'29.
