4024 6232
408 344 589 413 ξ1607

1443 333 1751 393 ΙᾸΞΟΧῚῚΙ
1793 327 2305 389 ΝΕΑΡΟΗΤΛἪ
2340 324 2679 385 EPISL'OI-‘I

3555 317 3698 380 1608

440 460 626 514 lomon
681 452 1082 523 reprehensus:
1112 448 1170 502 in
1227 447 1454 518 gloriam
1487 446 1632 499 enim
1682 443 1771 497 Dei
1822 442 2007 510 hujus-

2139 422 2425 508 ιαρτιιρὶου
2458 438 2635 506 ἔσχεν,
2689 434 2813 488 οὔτε
2842 437 2870 486 ὁ
2916 433 3042 495 ναὸς
3088 431 3148 485 ὃν
3189 430 3445 501 Ίεζεκιὴλ
3478 433 3543 484 ἐκ
3565 431 3705 482 Θεοῦ

441 549 589 605 modi
638 546 840 601 formas
887 540 1229 603 construxit,
1267 536 1727 608 quemadmodum
1788 542 1843 587 et
1890 547 2011 587 nos.

513 804 757 861 Habuisti
785 811 968 858 autem
1018 810 1105 864 tu,
1138 817 1172 855 o
1199 800 1419 864 Iudaee,
1450 808 1507 855 et
1528 800 1631 854 alia
1670 798 1916 867 quasdam
1961 796 2015 849 in

441 899 761 954 memoriam
789 905 846 950 et
875 895 1101 966 gloriam
1142 893 1261 958 Dei,
1292 893 1550 948 videlicet
1573 894 1778 960 virgam
1807 889 1973 959 Moysi
2000 929 2014 954 ,

442 987 770 1045 fabrefactas
822 985 1086 1041 divinitus
1141 983 1394 1046 tabulas,
1453 982 1860 1036 incumbuslum
1922 995 2017 1033 ru-

442 1080 614 1143 bum,
667 1077 872 1132 aridam
920 1084 985 1129 et
1031 1074 1289 1144 irriguam
1357 1080 1565 1141 petram
1601 1111 1617 1133 ,
1676 1086 1874 1125 manna
1924 1084 2018 1140 ge-

436 1176 680 1224 stantem
711 1181 937 1230 urnam,
968 1180 1155 1220 arcam
1187 1206 1203 1228 ,
1231 1164 1422 1227 altare,
1469 1162 1559 1217 Dei
1591 1163 1828 1217 nominis
1861 1163 2019 1216 lami-

407 1258 607 1326 nam,
666 1260 839 1313 Deum
878 1256 1240 1312 manifestans
1289 1254 1505 1325 ephod,
1565 1255 1674 1309 Deo
1732 1253 2022 1308 habitabile

444 1349 884 1406 tabernaculum.
936 1347 1163 1403 Utinam
1210 1356 1264 1400 et
1299 1353 1354 1399 ιιι
1414 1344 1568 1413 prius
1621 1345 1741 1399 haec
1788 1345 2023 1400 adorans

445 1456 700 1497 vacasses
726 1480 741 1505 ,
790 1448 848 1493 et
885 1438 1148 1493 invocans
1175 1451 1335 1501 eum,
1376 1435 1468 1504 qui
1516 1444 1601 1489 est
1644 1450 1811 1505 super
1838 1437 2021 1489 omnia

450 1531 600 1587 Deus
627 1571 643 1592 ,
681 1539 737 1584 et
780 1530 960 1599 ipsum
1000 1541 1367 1582 memorasses
1396 1543 1495 1596 per
1525 1527 1622 1581 bas
1665 1527 1887 1596 pusillas
1914 1528 2026 1583 ico-

447 1638 549 1678 nas
577 1631 632 1676 et
680 1622 912 1690 figuras.
956 1626 1013 1673 et
1052 1632 1163 1672 non
1198 1616 1426 1672 vitulum
1458 1624 1515 1671 et
1553 1632 1772 1672 muscas
1797 1618 2024 1673 haberes

447 1729 616 1783 super
646 1712 856 1767 tabulas
881 1727 913 1764 a
963 1709 1075 1764 Deo
1119 1717 1378 1779 patratas.
1410 1709 1634 1764 Utinam
1682 1718 1931 1764 sanctum
1962 1724 2027 1762 ac

2122 533 2361 600 ἑώρακε·
2399 530 2494 583 καὶ
2524 529 2585 580 οὐ
2615 525 2938 595 κατεγνώοη
2974 524 3033 578 ὲν
3076 523 3249 595 τούτῳ
3289 522 3560 592 Σολομὼν.
3614 524 3710 584 Εἰς

2121 623 2282 687 δόξαν
2306 623 2414 692 γὰρ
2450 617 2589 673 Θεοῦ
2632 616 2847 689 μορφὰς
2896 612 3339 679 κατεσκεύασεν,
3387 612 3581 683 ὥσπερ
3611 611 3713 664 καὶ

2206 731 2311 776 εις.

2206 731 2311 767 ειι.

2124 717 2356 875 ήμΕἷζίες
2380 803 2436 857 δὲ
2456 801 2546 868 σὺ,
2567 794 2613 854 ὦ
2652 800 2896 866 Ἰουδαῖε,
2917 799 3017 854 καὶ
3040 798 3205 868 ἕτερά
3219 811 3342 849 τινα
3375 795 3455 857 εἰς
3492 796 3589 863 tm
3603 809 3714 862 μην

2124 894 2408 959 καὶδόξαν
2457 891 2595 945 Θεοῦ
2619 933 2633 955 ,
2668 892 2766 961 τὴν
2800 889 2993 960 ῥάϐδον
3036 886 3304 949 Μωσέως,
3352 883 3452 946 τὰς
3492 880 3714 935 οεοτεύ-

2125 998 2286 1048 κτους
2321 985 2559 1047 πλάκας,
2587 983 2685 1053 τὴν
2717 981 2985 1051 ἄφλεκτον
3023 978 3185 1049 βάτον
3205 1018 3221 1044 ,
3254 978 3352 1045 τὴν
3383 973 3714 1046 ξηρὲνυδρον

2126 1079 2356 1149 πέτραν.
2414 1075 2512 1146 τὴν
2550 1074 2893 1145 μαννοφόρον
2937 1073 3198 1141 στάμνον,
3232 1069 3331 1140 τὴν
3355 1067 3611 1127 κιϐωτὸν,
3652 1065 3716 1118 τὸ

2128 1168 2552 1239 θυσιαστήριον.
2601 1167 2662 1220 τὸ
2696 1163 2978 1234 Θεὼνυμον
3039 1161 3293 1226 πέταλον,
3351 1160 3413 1212 τὸ
3460 1157 3719 1226 θεὸδηλιν

2128 1260 2310 1329 scotia,
2342 1259 2444 1329 τὴν
2495 1256 2789 1325 θεὸσκηνον
2823 1253 3052 1324 σκηνήν.
3106 1251 3233 1306 Εἴθε
3274 1250 3369 1304 καὶ
3419 1248 3483 1302 σὺ
3518 1246 3719 1319 πρώην

2127 1349 2338 1412 τούτοις
2363 1346 2654 1419 ὲσχὸλαζες
2684 1345 3028 1415 προσκυνῶν,
3049 1344 3142 1396 καὶ
3168 1341 3599 1411 ἐπικαλούμενος
3622 1340 3721 1392 τὸν

2128 1440 2225 1493 ἐπὶ
2256 1440 2476 1491 πάντων
2510 1435 2664 1500 Θεὸν,
2711 1434 2807 1487 καὶ
2863 1432 3028 1488 αὐτοῦ
3062 1431 3437 1502 ὲμνημόνευες
3485 1429 3574 1483 διὰ
3604 1429 3722 1482 τῶν

2135 1529 2348 1601 μικρῶν
2374 1527 2580 1581 τούτων
2606 1525 2830 1579 εἰκόνιον
2859 1526 2953 1579 καὶ
2990 1523 3200 1583 τύπων,
3243 1522 3339 1576 καὶ
3387 1522 3463 1592 μὴ
3491 1521 3585 1575 τὸν
3614 1522 3720 1591 μό-

2134 1639 2261 1691 σχον
2293 1622 2387 1674 καὶ
2410 1620 2508 1681 τὰς
2555 1615 2718 1688 μυίας
2746 1619 2995 1687 κατεῖχες
3041 1615 3182 1687 ὑπὲρ
3224 1614 3324 1676 τὰς
3359 1611 3720 1676 θεοτεύκτους

2133 1713 2369 1777 πλάκας.
2423 1711 2548 1764 Εἴθε
2583 1710 2677 1763 καὶ
2723 1709 2784 1761 τὸ
2830 1709 2985 1775 ἅγιον
3037 1706 3273 1778 χρυσοῦν
3326 1705 3724 1775 θυσιαστήριον

446 1818 671 1858 aureum
703 1803 871 1857 altare
902 1802 1276 1856 desiderasses
1324 1810 1381 1855 et
1432 1808 1523 1863 tu,
1569 1810 1626 1858 et
1665 1817 1778 1857 non
1829 1816 2022 1856 vaccas

2139 1802 2344 1865 ἐπόθεις
2371 1802 2466 1855 καὶ
2498 1803 2586 1863 σὺ,
2612 1800 2708 1853 καὶ
2734 1798 2810 1869 μὴ
2839 1800 2937 1862 τὰς
2959 1797 3223 1867 δαμάλεις
3249 1797 3347 1867 τῆς
3375 1796 3720 1867 Σαμαρείας.

447 1890 723 1945 Samaria.
770 1889 989 1945 Utinam
1046 1898 1103 1943 et
1137 1888 1345 1957 virgam
1389 1904 1512 1958 quae
1579 1890 1977 1960 germinaverat
2004 1926 2020 1949 ,

447 1991 642 2037 etnon
685 1983 962 2035 Astarlem
992 2020 1010 2046 ,
1057 1995 1178 2049 quas
1226 1980 1494 2035 desolavit
1533 1981 1809 2036 civitatem
1852 1990 2020 2035 tuam.

429 2073 666 2127 Utinam
699 2080 765 2126 ~et
793 2071 1054 2125 divinitus
1094 2070 1322 2129 imbrem
1368 2070 1588 2125 dantem
1618 2079 1830 2141 petram
1876 2072 2026 2127 salu-

451 2163 712 2226 tavisses,
743 2171 798 2216 et
848 2160 1111 2215 nouBaal
1141 2161 1305 2215 deum
1346 2170 1522 2216 tuum.
1582 2161 1690 2217 Sed
1735 2161 1859 2216 ideo
1910 2162 2028 2216 haec

449 2256 632 2310 omnia
661 2270 769 2308 non
797 2256 992 2307 adoras
1018 2296 1032 2319 ,
1066 2256 1246 2323 prisce
1293 2252 1457 2308 Israel
1498 2291 1514 2316 ,
1570 2253 1700 2323 quia
1741 2268 1853 2307 non
1891 2253 2027 2308 dile—

450 2346 576 2401 xisti
606 2346 773 2401 Deum
802 2361 868 2400 ex
913 2354 1026 2400 toto
1064 2346 1246 2417 corde.
1303 2343 1406 2410 Qui
1450 2354 1633 2405 autem
1673 2346 1849 2414 diligit
1892 2346 2029 2400 auii-

442 2453 575 2492 .cum
603 2481 618 2503 ,
660 2448 754 2492 aut
779 2437 1163 2506 imperatorem
1186 2476 1201 2498 ,
1228 2446 1284 2490 et
1310 2437 1589 2506 praecipue
1626 2437 2031 2497 benefactorem

452 2544 612 2582 suum
635 2568 649 2590 ,
688 2529 803 2582 sive
825 2527 993 2580 [ilium
1036 2526 1157 2595 ejus
1199 2526 1381 2580 videat
1411 2568 1424 2589 ,
1471 2526 1588 2580 sive
1622 2526 1825 2597 virgam
1858 2568 1873 2592 ,
1916 2526 2032 2579 sive

455 2624 659 2683 sulem,
697 2618 1137 2689 siveicoronam,
1182 2618 1295 2672 sive
1345 2619 1566 2675 domum
1587 2659 1604 2683 ,
1636 2619 1750 2671 sive
1783 2633 2029 2680 servum,

455 2717 624 2771 tenet,
654 2708 953 2774 osculatur,
983 2717 1037 2762 et
1069 2710 1301 2762 honorat
1329 2717 1429 2778 per,
1458 2711 1557 2765 ista
1588 2710 1729 2764 bene
1757 2709 2033 2771 meritum,

456 2809 514 2853 et
578 2800 810 2854 maxime
850 2798 1065 2859 Deum.
1101 2800 1237 2855 Cum
1273 2816 1401 2871 ergo
1440 2802 1642 2857 videris
1698 2801 2037 2856 Christianos

454 2891 683 2945 adorare
708 2905 950 2955 crucem,
982 2891 1120 2946 scito
1148 2891 1275 2960 quia
1299 2892 1560 2947 (ττιιοὶῐίχο
1585 2893 1805 2946 Christo
1832 2892 1997 2946 adora
2018 2922 2037 2932 -

458 2982 663 3037 tionem
715 2981 956 3037 olIerunt
988 3023 1003 3046 ,
1054 2993 1253 3037 etnon
1298 2985 1468 3056 ligno.
1510 2984 1644 3039 Nam
1695 2984 1736 3040 si
1788 2995 2037 3040 naturam

457 3073 587 3144 ligni
644 3073 994 3141 coluissent,
1059 3075 1305 3145 profecto
1351 3088 1407 3130 et
1456 3077 1680 3131 arbores
1732 3085 1788 3130 et
1842 3076 2036 3131 nemo;

2125 1891 2253 1946 Εἴθε
2312 1891 2401 1944 καὶ
2467 1891 2566 1961 τὴν
2618 1888 3000 1959 βλαστήσασαν
3044 1886 3280 1957 ῥάϐδον,
3335 1886 3431 1938 καὶ
3483 1885 3559 1955 μὴ
3619 1883 3726 1955 τὴν

2137 1980 2444 2050 ’Δστάρτην
2472 1977 2844 2049 ὲρημώσασάν
2875 1994 2969 2030 σου
3005 1976 3106 2047 τὴν
3126 1975 3302 2028 πόλιν.
3334 1976 3462 2029 Εἴθε
3490 1976 3592 2044 τὴν
3618 1976 3725 2044 ὁμ-

2128 2071 2353 2143 ερὸθεον
2375 2070 2612 2141 ἡσπάσω
2649 2073 2877 2139 πέτραν,
2908 2069 3004 2122 καὶ
3037 2067 3110 2137 μὴ
3146 2067 3295 2122 Βαὰλ
3322 2067 3413 2120 τὸν
3434 2066 3571 2119 Θεόν
3599 2082 3721 2121 σου.

2141 2163 2302 2218 Ἀλλὰ
2324 2162 2414 2216 διὰ
2443 2161 2602 2214 τοῦτο
2640 2161 2781 2214 αὐτὰ
2815 2160 2991 2213 πάντα
3013 2161 3074 2211 οὐ
3113 2160 3465 2229 προσκυνεῖς,
3493 2159 3525 2210 6
3549 2158 3723 2213 πάλαι

2142 2254 2382 2325 Ἰσραὴλ,
2407 2252 2596 2322 ἐπειδὴ
2625 2253 2726 2305 οὐκ
2760 2238 3059 2321 ἠγάπησας
3097 2251 3189 2302 τὸν
3217 2251 3350 2303 Θεὸν
3381 2250 3440 2315 ἐξ
3460 2249 3589 2319 ὅλης
3618 2249 3725 2319 τῆς

2130 2344 2361 2415 καρδίας
2387 2362 2481 2397 σου
2509 2360 2524 2374 ⁸
2558 2347 2586 2397 6
2609 2345 2723 2414 γὰρ
2752 2343 2984 2409 ἀγαπῶν
3006 2343 3095 2395 τὸν
3119 2342 3317 2396 ἑαυτοῦ
3350 2343 3522 2411 φίλον,
3556 2343 3589 2413 ἢ
3619 2341 3721 2412 βα-

2134 2437 2308 2495 σιλέα,
2344 2421 2437 2488 καὶ.
2468 2435 2705 2504 μάλιστα
2748 2435 3070 2505 εὐεργέτην,
3097 2434 3204 2488 κᾶν
3232 2435 3349 2487 υἱὸν
3386 2434 3553 2488 αὐτοῦ
3588 2434 3721 2499 θεά-

2135 2546 2317 2599 σηται,
2353 2528 2458 2580 κᾶν
2494 2527 2708 2599 ῥάϐδον,
2751 2527 2855 2579 κᾶν
2889 2524 3099 2596 Θρὲνον,
3161 2528 3265 2579 κᾶν
3297 2526 3584 2594 στέφανον,
3615 2525 3721 2578 κᾶν

2134 2615 2302 2683 οἷκον,
2345 2617 2446 2671 κᾶν
2471 2617 2677 2676 δοῦλον,
2706 2620 2916 2688 κρατεῖ,
2943 2618 3281 2679 ἀσπάζεται,
3329 2617 3424 2670 καὶ
3465 2618 3603 2688 τιμᾷ
3629 2617 3721 2670 διὰ

2135 2709 2344 2762 τούτων
2374 2709 2461 2761 τὸν
2492 2707 2811 2776 εὐεργέτην,
2845 2709 2937 2760 καὶ
2970 2707 3206 2776 μάλιστα
3238 2708 3328 2760 τὸν
3354 2707 3507 2761 Θεόν.
3548 2708 3722 2760 Ὅταν

2136 2799 2229 2856 οὖν
2280 2801 2396 2871 ἴδῃς
2444 2800 2809 2868 Χριστιανοὺς
2866 2798 3309 2869 προσκυνοῦντας
3339 2798 3430 2851 τὸν
3461 2801 3720 2867 σταυρὸν,

2138 2891 2307 2960 γνῶθι
2336 2891 2418 2943 ὅτι
2447 2889 2525 2960 τῷ
2573 2887 2939 2959 σταυρωθέντι
2963 2887 3184 2958 Χριστῷ
3212 2888 3309 2958 τὴν
3343 2886 3720 2957 προσκύνησιν

2141 2979 2501 3050 προσάγουσι,
2536 2979 2630 3031 καὶ
2655 2978 2716 3030 οὐ
2740 2976 2815 3047 τῷ
2840 2976 3001 3047 ξύλῳ.
3039 2978 3191 3031 Ἐπεὶ
3215 2981 3262 3030 εὶ
3296 2978 3396 3049 τὴν
3419 2977 3582 3046 φύσιν
3621 2977 3721 3030 τοῦ

2143 3070 2301 3135 ξύλου
2338 3070 2548 3129 ἔσεϐον,
2582 3070 2800 3133 πάντως
2826 3069 2893 3122 ἂν
2923 3072 3018 3122 καὶ
3037 3070 3105 3122 τὰ
3131 3070 3325 3140 δένδρα
3356 3072 3451 3126 καὶ
3483 3073 3552 3124 τὰ
3581 3072 3721 3144 ἄλση

459 3178 519 3218 ra
544 3165 892 3219 adorassent:
928 3167 1090 3220 sicuti
1120 3177 1177 3222 et
1198 3174 1257 3221 tu
1312 3167 1589 3235 quondam
1623 3166 1791 3222 lsracl
1843 3168 2036 3221 adora-

2146 3161 2538 3231 προσεκύνουν,
2562 3159 2753 3232 ὥσπερ
2773 3162 2867 3213 καὶ
2894 3160 2958 3214 σύ
2987 3177 3117 3214 ποτε
3142 3163 3170 3215 6
3204 3163 3420 3233 Ἰσραὴλ
3450 3162 3723 3232 προσεκύ-

461 3254 560 3308 bas
623 3255 783 3316 haec,
820 3255 1008 3309 dicens
1049 3258 1230 3312 arbori
1297 3267 1353 3311 et
1405 3258 1553 3329 ligno
1608 3275 1622 3312 :
1674 3257 1749 3311 Tu
1795 3275 1848 3315 es
1901 3259 2038 3313 Deus

463 3359 646 3409 meus,
695 3353 751 3397 tu
778 3360 857 3397 me
896 3347 1119 3416 genuisti
1184 3349 1250 3403 ¹².
1291 3349 1362 3404 At
1388 3364 1490 3403 nos
1551 3349 1749 3404 iterum
1805 3366 1914 3403 non
1960 3350 2040 3406 sic

462 3436 696 3491 dicimus
728 3436 879 3491 cruci
907 3477 921 3503 ,
970 3452 1146 3509 neque
1178 3439 1365 3511 figuris
1397 3451 1714 3495 sanctorum
1746 3458 1761 3493 :
1794 3442 1876 3495 Dii
1914 3458 2041 3497 nos-

462 3529 531 3583 tri
571 3527 742 3584 estis:
781 3543 893 3582 non
920 3530 1063 3583 enim
1096 3540 1229 3585 sunt
1289 3532 1361 3585 dii
1424 3533 1646 3599 nostri,
1703 3534 1796 3588 sed
1845 3534 2040 3589 simili«

464 3619 688 3675 tudines
752 3626 807 3674 et
856 3620 1119 3690 imagines
1150 3622 1355 3677 Christi
1410 3633 1467 3677 et
1516 3632 1831 3679 sanctorum
1892 3626 2038 3694 ejus,

461 3712 529 3767 ad
565 3712 993 3768 recordationem
1024 3721 1079 3766 et
1095 3713 1381 3780 honorem,
1401 3723 1457 3770 et
1488 3716 1755 3771 decorem
1776 3717 2043 3772 ecclesian

462 3820 581 3858 rum
608 3805 899 3873 proposita:
925 3819 988 3859 ac
1007 3805 1317 3861 adorandae.
1337 3807 1437 3873 Qui
1463 3807 1610 3862 enim
1641 3808 1873 3864 honorat
1901 3824 2045 3862 mar-

463 3902 658 3964 tyrem,
679 3895 848 3950 Deum
866 3897 1119 3951 honorat:
1139 3910 1194 3952 et
1213 3898 1304 3967 qui
1324 3898 1548 3954 Matrem
1566 3899 1611 3966 ej
1621 3916 1684 3955 us
1706 3894 1916 3963 adorat.
1940 3901 2043 3970 ipsi

466 3984 942 4039 honoriﬁcentiam
982 3985 1226 4042 exhibet.
1269 3987 1335 4043 Et
1379 3989 1471 4059 qui
1529 3991 1833 4060 apostolum
1872 3992 2046 4045 hono-

465 4086 591 4144 rat,
620 4076 773 4130 illum
807 4076 900 4146 qui
952 4078 1122 4144 misit,
1154 4079 1406 4136 honorat.
1455 4082 1679 4138 Utinam
1726 4095 1781 4138 et
1817 4093 1873 4139 tu
1930 4084 2046 4139 Mo—

467 4168 645 4221 saicas
678 4169 864 4221 iconas
894 4166 1103 4222 faceres
1125 4212 1139 4235 ,
1180 4177 1235 4224 et
1275 4174 1628 4242 prophetiras
1661 4216 1676 4240 ,
1720 4185 1884 4245 atque
1950 4192 2048 4247 per

468 4259 711 4328 singulos
746 4259 866 4313 dies
899 4258 955 4312 in
1012 4259 1091 4313 eis
1134 4260 1391 4318 adorares
1424 4265 1725 4322 Dominum
1762 4278 1818 4321 et
1875 4269 2044 4324 Deum

2141 3272 2253 3317 νεις
2302 3252 2534 3317 τούτοις,
2582 3252 2755 3322 λέγων
2795 3253 2872 3324 τῷ
2925 3252 3126 3325 δένδρῳ
3163 3254 3257 3307 καὶ
3309 3253 3388 3325 τῷ
3419 3247 3595 3325 ξύλῳ·
3636 3257 3723 3310 Σύ

2136 3363 2256 3414 μου
2284 3340 2345 3398 εἴ
2369 3344 2534 3411 Θεὸς,
2560 3346 2658 3399 καὶ
2695 3346 2777 3399 σύ
2806 3362 2885 3414 με
2915 3343 3269 3413 ἐγέννησαςι
3321 3347 3491 3400 Πάλιν
3532 3345 3589 3399 δὲ
3622 3347 3724 3418 οὒκ

2141 3438 2314 3499 οὕτως
2351 3437 2583 3508 λέγομεν
2613 3439 2773 3508 ἡμεῖς
2796 3437 2872 3508 τῷ
2896 3437 3138 3507 σταυρῷ,
3168 3438 3287 3491 οὐδὲ
3319 3441 3441 3499 ταῖς
3486 3442 3725 3511 μορφαῖς

2142 3529 2248 3581 τῶν
2284 3528 2483 3597 ἁγίων·
2516 3529 2642 3582 Θεοὶ
2672 3528 2830 3599 ἡμῶν
2851 3529 2973 3581 ἐστε
2996 3545 3010 3560 ο
3038 3530 3099 3582 οὐ
3125 3530 3233 3600 γάρ
3265 3531 3373 3583 εἰσι
3404 3530 3517 3583 θεοὶ
3541 3533 3727 3601 ἡμῶν,

2144 3621 2260 3674 ἀλλ’
2286 3622 2611 3692 ὁμοιώματα
2639 3624 2734 3675 καὶ
2762 3622 2967 3685 εἰκόνες
2997 3623 3237 3693 Χριστοῦ
3267 3623 3360 3676 καὶ
3399 3623 3510 3677 τῶν
3554 3624 3731 3692 ἁγίων

2104 3742 2111 3747 -
2144 3711 2331 3775 αὑτοῦ,
2365 3711 2502 3782 πρὸς
2535 3712 2866 3781 ἀνάμνησιν,
2898 3714 2992 3765 καὶ
3026 3713 3215 3784 τιιιὴν,
3267 3715 3367 3768 καὶ
3391 3715 3731 3788 εὐπρέπειαν

2146 3803 2453 3873 ἐκκλησιῶν
2491 3805 2834 3874 προκείμενα
2874 3807 2968 3859 καὶ
3030 3806 3486 3880 προσκυνούμενα
3508 3825 3520 3840 ·
3558 3811 3586 3862 6
3618 3809 3730 3880 γὰρ

2145 3895 2321 3965 τιμῶν
2349 3895 2443 3948 τὸν
2474 3895 2754 3966 μάρτυρα,
2785 3896 2875 3949 τὸν
2905 3897 3036 3950 Θεὸν
3061 3900 3196 3970 τιμᾷ
3217 3913 3230 3926 ·
3264 3901 3360 3952 καὶ
3390 3902 3418 3954 6
3450 3905 3517 3972 τῇ
3542 3902 3729 3973 Μητρὶ

2148 3980 2316 4040 αὑτοῦ
2336 3988 2697 4056 προσκυνῶν,
2734 3987 2883 4057 αὐτῷ
2911 3989 3009 4058 τὴν
3038 3990 3202 4061 τιμὴν
3239 3992 3530 4061 προσάγει.
3562 3995 3673 4048 Καὶ
3699 3996 3731 4049 ὁ

2146 4082 2240 4134 τὸν
2275 4081 2571 4134 ἀπόστολον
2620 4080 2819 4151 τιμῶν,
2871 4082 2961 4134 τὸν
2993 4083 3386 4137 ἀποστείλαντα
3418 4088 3587 4157 τιμᾷ·
3618 4088 3731 4143 εἷος

2149 4170 2245 4222 καὶ
2268 4171 2331 4222 σὺ
2365 4171 2668 4232 Μωσαῖκὰς
2697 4171 2929 4232 εἰκόνας
2950 4170 3156 4234 ἐποίεις
3200 4176 3295 4226 καὶ
3344 4179 3689 4246 προφητικὰς
3714 4217 3731 4240 ,

2153 4261 2244 4311 καὶ
2273 4258 2395 4312 καθ’
2430 4259 2673 4329 ἑκάστην
2704 4260 2920 4329 ἡμέραν
2939 4258 3006 4312 δι’
3036 4260 3216 4313 αὐτῶν
3255 4264 3614 4332 προσεκύνεις
3655 4267 3734 4339 τῷ

470 4352 733 4419 ipsorum,
771 4360 825 4404 et
856 4366 966 4404 non
1016 4350 1309 4420 imaginem
1355 4370 1572 4411 auream
1608 4356 2036 4415 Nabuchodono-

2146 4348 2265 4416 Θεῷ
2299 4349 2394 4401 καὶ
2419 4349 2661 4418 Δεσπὸτῃ
2701 4349 2912 4411 αὐτῶν,
2943 4352 3038 4402 καὶ
3068 4349 3230 4421 μὴ’τῇ
3269 4352 3439 4406 εἰκόνι
3463 4356 3528 4425 τῇ
3555 4336 3732 4427 χρυσῇ

468 4455 580 4495 sor.
618 4440 685 4494 Et
724 4440 996 4509 quomodo
1026 4455 1135 4495 non
1167 4442 1519 4499 confunderis
1551 4459 1738 4502 contra
1780 4465 1865 4503 me
1893 4467 2042 4505 com-

469 4542 686 4599 motus,
712 4544 768 4587 et
792 4533 1036 4586 elevatus
1073 4548 1240 4601 super
1270 4534 1611 4605 imaginibus
1638 4579 1649 4599 .
1695 4549 1750 4594 et
1777 4543 1925 4595 cruci
1957 4558 2046 4596 ca-

472 4623 734 4675 lumniam
782 4621 1024 4676 inferens
1048 4623 1073 4675 ?
1102 4622 1157 4675 Si
1192 4623 1462 4677 Abraham
1501 4626 1814 4682 idololatras
1847 4631 2038 4685 adora-

473 4706 554 4760 vit
580 4747 594 4770 ,
646 4719 703 4760 et
732 4708 906 4761 Moses
932 4708 1588 4772 Jetbrosidololatram.et
1610 4714 1779 4769 Jacoh
1809 4717 2053 4774 Pharao-

475 4810 600 4850 nem
629 4836 645 4857 .
683 4804 740 4849 et
792 4796 977 4850 Daniel
1039 4797 1548 4865 Nabuchodonosor
1596 4820 1611 4856 :
1686 4806 1730 4859 si
1778 4806 1887 4873 isti,
1927 4825 2054 4865 cum

474 4895 659 4942 essent
687 4888 967 4956 prophetat
993 4903 1055 4941 ac
1083 4889 1237 4956 justi,
1263 4902 1484 4961 propter
1512 4896 1756 4963 quzedam
1798 4900 2061 4957 beneﬁcia

475 4977 777 5031 adorabant
817 4990 912 5030 eos
944 4991 1108 5044 super
1135 4987 1337 5033 terram
1377 4981 1690 5039 idololatras
1711 4989 2058 5059 exsistentes,

477 5068 530 5121 in
576 5082 665 5122 me
711 5066 925 5122 ellerris
977 5067 1293 5123 adorantem
1339 5086 1554 5127 crucem
1601 5085 1657 5130 et
1707 5079 2054 5137 characteres

476 5167 790 5214 sanctorum
811 5199 825 5223 ,
852 5173 919 5213 ex
953 5158 1154 5229 quibus
1186 5160 1322 5213 dena
1352 5163 1517 5218 millia
1549 5165 1689 5221 bona
1742 5186 1771 5222 a
1815 5171 1925 5225 Deo
1956 5188 2054 5243 per

478 5265 575 5303 eos
601 5250 888 5320 percipio?
916 5249 1019 5316 Qui
1048 5250 1193 5304 enim
1225 5267 1410 5321 regem
1440 5255 1683 5313 timuerit
1714 5300 1729 5325 ,
1756 5277 1865 5315 non
1894 5263 2051 5318 inho—

478 5350 639 5394 norat
698 5340 867 5395 filium
916 5342 1058 5410 ejus.
1102 5340 1169 5394 Et
1219 5342 1309 5411 qui
1352 5344 1521 5399 Deum
1566 5347 1762 5416 timet,
1821 5353 2052 5410 honorat

483 5426 667 5495 utique
702 5468 718 5490 ,
773 5439 826 5481 et
858 5428 1010 5492 colit,
1058 5443 1124 5480 ac
1147 5428 1338 5482 adorat
1396 5439 1456 5483 ut
1508 5432 1703 5489 Filium
1744 5436 1840 5493 Dei
1897 5440 2055 5495 Chri—

487 5517 631 5566 stum
670 5513 961 5568 Dominum
1001 5522 1285 5578 nostrum,
1313 5526 1367 5570 ct
1417 5518 1638 5586 ﬁguram
1670 5526 1847 5580 crucis
1891 5529 2010 5598 ejus
2037 5567 2052 5594 ,

564 5682 607 5714 ³³
646 5681 846 5737 Jvrem.
885 5702 947 5741 ιι.
980 5687 1070 5740 ἳῖ.

2150 4439 2648 4510 Ναϐουχοδονόσορ·
2691 4441 2787 4492 καὶ
2835 4440 2953 4501 πῶς
3004 4442 3106 4494 οὐκ
3158 4443 3389 4516 αἰσχύνῃ
3438 4446 3560 4498 κατ’
3597 4448 3734 4517 ἐμοῦ

2150 4528 2487 4599 κινούμενος,
2535 4531 2628 4583 καὶ
2676 4532 3151 4602 κατεπαιρόμενος
3186 4537 3329 4588 κατὰ
3372 4537 3480 4590 τῶν
3511 4540 3737 4593 εἰκόνων

2152 4623 2244 4673 καὶ
2269 4622 2361 4673 τοῦ
2394 4623 2627 4693 σταυροῦ
2662 4623 2937 4691 ἐγκαλῶν,
2968 4627 3014 4677 εἰ
3058 4625 3305 4695 Ἀϐραὰμ
3351 4630 3468 4690 τοῖς
3520 4610 3737 4682 εἰδωλο-

2157 4714 2383 4783 λάτραις
2410 4714 2843 4784 προσεκύνησεν,
2877 4719 2925 4770 εἰ
2953 4718 3160 4787 Μωσῆς
3182 4720 3273 4771 τὸν
3324 4720 3492 4790 Ἰοθδρ
3519 4721 3753 4778 εἰδωλοέ

2155 4804 2361 4876 λάτρην
2396 4807 2841 4877 προσεκύνησεν,
2897 4809 2992 4861 καὶ
3030 4809 3223 4864 Ἰακὼὸ
3270 4813 3363 4863 τὸν
3389 4813 3613 4882 Φαραὼ,
3645 4817 3739 4869 καὶ

2157 4899 2355 4970 Δανιὴλ
2389 4901 2481 4952 τὸν
2512 4901 3021 4972 Ναϐουχοδονόσορς
3061 4904 3125 4956 El
3163 4897 3310 4977 οὗτοι
3341 4906 3623 4976 προφῆται
3647 4908 3738 4959 καὶ

2155 4987 2354 5041 δίκαιοι
2383 4989 2558 5052 ὄντες,
2587 4991 2849 5053 διάοτινας
2883 4995 3204 5063 εὐεργεσῖας
3228 4998 3600 5066 προσεκύνουν
3640 5002 3738 5052 αὑο

2155 5084 2268 5144 τοῖς
2298 5082 2389 5133 ἐπὶ
2423 5082 2522 5159 τὴν
2550 5083 2655 5152 γῆν
2676 5083 3088 5156 εἰδωλολάτραις
3113 5083 3282 5152 οὖσιν,
3304 5089 3438 5158 ἐμοῦ
3474 5091 3744 5144 κατεπαε-

2158 5188 2224 5244 ρῃ
2253 5175 2691 5243 προσκυνοῦντος
2740 5178 2962 5249 σταυρῷ
2994 5181 3088 5232 καὶ
3126 5181 3504 5253 χαρακτῆρσιν
3547 5182 3743 5250 ἁγίων,

2153 5262 2213 5327 ἐξ
2233 5257 2308 5318 ὧν
2340 5264 2509 5334 μυρία
2538 5266 2720 5333 ἀγαθὰ
2746 5268 2897 5339 παρὰ
2932 5269 3069 5324 Θεοῦ
3099 5271 3165 5325 δι’
3194 5272 3374 5328 αὐτῶν
3401 5274 3743 5344 κομίζομαις

2150 5352 2324 5428 Ὀγὲιρ
2382 5355 2476 5407 τὸν
2537 5357 2767 5427 βασιλέα
2813 5359 3171 5432 φοῦούμενος,
3226 5362 3327 5416 οὐκ
3368 5363 3628 5435 ἀτιμάζει
3654 5365 3751 5418 τὸν

2162 5443 2289 5496 Υἱὺν
2317 5444 2483 5499 αὑτοῦ
2507 5462 2523 5477 ·
2556 5448 2650 5500 καὶ
2685 5448 2713 5499 ὁ
2767 5448 2903 5502 Θεὸν
2952 5450 3305 5520 φοσούμενος,
3360 5453 3500 5523 τιμᾷ
3525 5452 3751 5519 πάντως

2161 5534 2252 5585 καὶ
2284 5532 2435 5586 σὲὅει
2478 5537 2567 5588 καὶ
2616 5541 2911 5605 προσκυνεῖ
2942 5540 3017 5604 ὼς
3049 5541 3178 5596 Υἰὸν
3201 5540 3336 5594 Θεοῦ
3387 5539 3628 5614 Χριστὸν
3658 5540 3755 5598 τὸν

3629 5802 3696 5816 εἷθ’
