3956 6220
178 330 189 333 -
290 271 423 335 1609

1551 269 1847 330 CONTRA
1894 270 2219 331 JUD:EOS.

3392 273 3528 338 1610

281 381 415 433 Θεὸν
444 376 630 450 ἡμῶν,
679 375 772 429 καὶ
817 375 909 429 τὸν
948 374 1116 429 τύπον
1145 373 1241 430 τοῦ
1273 374 1507 447 σταυροῦ
1541 375 1730 440 αὑτοῦ,
1764 378 1849 430 καὶ

1958 388 2013 435 et
2041 380 2387 447 characteres
2435 389 2747 436 sanctorum
2805 382 2945 452 ejus.
2979 382 3114 449 Quia
3159 382 3334 454 ipsum
3370 384 3532 439 decet

251 468 406 533 ’τοὺς
441 467 797 540 χαρακτῆρας
827 468 935 521 τῶν
964 467 1138 536 ἁγίων
1164 467 1347 522 αὑτοῦ.
1392 468 1516 521 Ὀτι
1547 467 1696 538 αὐτῷ
1724 468 1857 539 πρέ-

285 580 378 618 aut.
398 563 526 629 δόξα
562 560 659 613 σὺν
682 558 759 628 τῷ
805 560 981 629 Πατρὶ
1014 560 1109 613 καὶ
1134 559 1213 631 τῷ
1232 560 1372 631 ἁγίῳ
1397 559 1699 630 Πνεύματι,
1760 559 1855 613 νῦν

182 704 191 707 -
284 656 380 710 καὶ
409 653 520 723 ἀεὶ,
550 652 645 705 καὶ
674 651 755 714 εἰς
774 651 900 715 τοὺς
923 652 1125 717 αἰῶνας
1151 653 1258 707 τῶν
1285 652 1514 707 αἰώνων.
1552 652 1725 722 Ἀμήν
1753 650 1851 722 (⁸).

1964 471 2137 542 gloria
2185 487 2308 527 cum
2383 471 2542 527 Patre
2589 489 2653 528 ac
2717 471 2924 543 Spiritu
2967 484 3157 531 sancto
3187 516 3201 539 ,
3258 490 3405 530 nunc
3473 485 3532 531 et

1961 578 2179 635 semper
2202 604 2217 631 ,
2257 573 2315 620 et
2350 564 2405 620 in
2439 566 2636 623 saecula
2674 566 3020 622 saeculorum.
3060 568 3234 622 Amen

1772 830 2005 889 NOTAE.

354 926 436 1047 ἵ)
467 926 593 982 Herc
642 928 785 996 apud
834 925 1011 981 Ματιδί
1063 933 1349 994 sequuntur
1374 937 1392 975 :
1438 922 1846 985 Κωνσταντῖνος

284 997 356 1049 ἐπ
383 1013 582 1057 σκοπος
611 997 993 1059 Κωνσταντίας
1021 993 1121 1059 τῆς
1155 994 1378 1061 Κύπρου
1404 986 1555 1044 εἶπεν
1573 1007 1597 1039 ·.
1621 988 1787 1053 Οὗτος
1818 993 1847 1043 ὁ

281 1066 651 1133 ἀναγνωσθεὶς
679 1067 864 1135 Πατὴρ
893 1068 950 1118 ὲν
991 1065 1091 1134 μιᾷ
1128 1062 1243 1135 τῷν.
1260 1062 1466 1135 πολεων
1491 1063 1589 1131 τῆς
1615 1062 1844 1135 Κύπρου

285 1130 628 1203 ἱεροπρεπῶς
648 1130 926 1205 διέπρὲίιιε.
956 1130 1077 1205 Kal;
1089 1132 1259 1185 πολλὰ
1302 1130 1553 1205 tristitiao.
1581 1132 1684 1205 uel
1710 1147 1850 1205 παν-

284 1194 586 1281 ηῨυρίκμοὺς
610 1194 821 1281 Myrtili
840 1194 1004 1281 ᾁ-ὐτοξ)
1040 1202 1262 1281 Exstant;
1273 1194 1398 1281 μεθ-ί
1414 1194 1486 1252 ὧν
1510 1202 1601 1281 ua):
1623 1201 1719 1281 ,εἰς
1750 1199 1848 1281 τὴν

287 1268 706 1343 ρὲταμόρφωσιν
731 1276 824 1354 τος)
848 1268 1100 1343 Σωτῆροξ
1137 1268 1326 1338 ἡμῶν.
1360 1268 1749 1338 Συνεγράψατο
1794 1268 1851 1320 δὲ

287 1344 379 1413 nui.
431 1345 521 1395 τὸν
557 1344 669 1413 βίον
715 1360 807 1413 του
869 1341 1023 1409 ἁγίου
1096 1341 1341 1413 Ἰωάννου
1386 1339 1850 1413 Δἀιοχοεπισδιριιτξου

284 1360 379 1395 και
431 1360 521 1395 τον
557 1360 669 1413 βίον
715 1360 807 1396 του
869 1360 1023 1409 αγιου
1100 1360 1341 1393 'lwavvou
1413 1360 1850 1406 αρχιεπισκοπου

295 1411 698 1482 Ἀλεξανδρείας
722 1412 816 1465 τοῦ
850 1413 1003 1479 Ἐλεή
1083 1427 1198 1472 νος·
1224 1409 1304 1461 ἔτι
1341 1408 1446 1479 μὴν
1467 1409 1558 1460 καὶ
1586 1407 1681 1459 τοῦ
1703 1407 1851 1459 ὁσίου

284 1481 509 1532 Συαεὼν
536 1483 629 1532 τοῦ
652 1482 842 1532 Σαλοῦ.
878 1482 971 1532 καὶ
1001 1429 1162 1532 ἔξοά
1183 1496 1304 1531 τινα
1328 1496 1341 1509 ·
1368 1478 1463 1529 καὶ
1490 1480 1546 1529 ἐν
1577 1479 1713 1529 πᾶσι
1741 1479 1851 1532 τοῖς

282 1481 509 1551 Συμεὼν
536 1478 629 1535 ’ἑοῦ
652 1482 842 1540 Σαλοῦ.
872 1482 971 1551 καὶ
996 1478 1164 1551 ἕτερα
1183 1496 1304 1531 τινα
1328 1478 1349 1509 ·⁷
1368 1478 1463 1551 nat
1490 1480 1546 1529 ‘sv
1563 1479 1713 1551 ﬁdat
1741 1479 1854 1551 τοῖς

278 1544 459 1630 λόξοις
484 1552 647 1630 uino?)
675 1550 951 1630 6_p_0680€o§
976 1544 1346 1630 γνωρίςὶιεταξ.⁵
1363 1544 1694 1630 Ἠκξαξεᾼδὲ
1715 1546 1857 1630 κατὰ

278 1614 408 1684 tot};
439 1614 663 1692 χρόνους
695 1614 1003 1692 Μαυρέκίου
1032 1614 1126 1673 τοῦ
1161 1617 1426 1689 βασιλέως
1448 1634 1460 1644 ’
1483 1614 1858 1672 Constantinus

1951 925 2316 979 sanctissimus
2356 925 2624 994 episcopus
2660 925 2981 981 Constantia:
3019 926 3177 994 Cypri
3206 928 3341 980 dixit
3368 943 3388 982 :
3417 926 3529 983 Hic

1954 994 2228 1079 quilectus
2252 993 2531 1079 est'Pater,
2562 996 2623 1079 in.
2641 1012 2746 1048 una
2768 997 2995 1079 Lurbium
3027 995 3186 1079 Cypri
3231 1001 3416 1079 decore
3428 1014 3528 1079 _sa'j

1955 1062 2251 1117 cratissimo
2279 1062 2529 1137 Aclaruit:
2575 1073 2624 1117 et
2669 1066 2841 1119 multa
2888 1062 3191 1135 prteconia,
3235 1076 3295 1137 et
3322 1069 3529 1137 festivos

1953 1149 2214 1204 sermones
2239 1133 2642 1204 eius/iubemus,
2675 1151 2793 1204 cum
2836 1133 3021 1204 quibus
3053 1146 3127 1189 est
3175 1133 3333 1188 etiam
3359 1154 3528 1190 sermo

1954 1202 2069 1270 ejus
2099 1204 2153 1255 in
2186 1202 2703 1270 transﬁgurationem
2733 1202 3027 1258 Saluatoris
3057 1207 3241 1259 nostri.
3290 1205 3529 1260 Conscri-

1951 1272 2052 1340 psit
2073 1282 2250 1324 autem
2278 1280 2326 1324 et
2354 1276 2515 1324 vitam
2540 1273 2709 1327 sancti
2751 1274 2973 1327 Joannis
3015 1276 3387 1341 archiepiscopi
3407 1277 3529 1330 Ale-

1950 1340 2192 1395 xandria:
2222 1351 2551 1408 cognomento
2582 1342 2893 1407 Eleemonis,
2939 1346 2995 1398 id
3022 1354 3116 1407 est,
3143 1340 3527 1400 misericordis:

1954 1411 2081 1481 quin
2109 1421 2159 1484 et
2182 1409 2669 1484 sanctiUSymeonis
2699 1413 2970 1484 simplicis,
3013 1424 3059 1467 et
3084 1414 3193 1467 alia
3233 1415 3472 1484 quendam
3508 1432 3527 1468 :

1954 1480 2111 1549 atque
2142 1481 2197 1533 in
2230 1480 2469 1533 omnibus
2499 1481 2819 1534 sermonibus
2856 1485 2965 1536 suis
2994 1480 3314 1537 orthodoafus
3356 1486 3524 1537 cerni-

1956 1560 2062 1602 tur.
2097 1549 2299 1603 Floruit
2333 1557 2509 1602 autem
2537 1551 2852 1618 temporibus
2884 1550 3133 1607 Mauricii
3171 1553 3525 1621 imperatoris.

288 1810 3525 1838 ww

1333 1985 2481 2113 FRAGMENTUM.

1022 2390 1525 2485 LEONTII

1668 2390 2210 2484 EPISCOPI
2346 2390 2754 2481 CYPRII

1226 2609 1806 2725 CONTRA
1943 2608 2572 2760 mensos.

1299 2833 1586 2905 (CANISIUS,
1624 2832 1797 2903 Antiq.
1830 2830 2062 2885 Lection.
2102 2838 2140 2886 t.
2176 2830 2216 2897 l,
2257 2845 2309 2899 p.
2351 2827 2502 2897 765.)

351 3094 618 3213 Ostende,
666 3145 866 3216 inquit,
920 3141 1052 3195 mihi
1114 3140 1266 3211 signa
1311 3141 1579 3196 adventus
1643 3140 1847 3196 Christi
1878 3129 1925 3188 Β
1953 3141 2320 3196 crediderunt.
2343 3139 2655 3196 Secundum
2689 3156 2817 3196 vero
2845 3142 3301 3213 anagogen:Non
3327 3142 3528 3199 levabit

281 3243 425 3313 apud
445 3240 740 3294 Michaam.
763 3254 783 3288 t
804 3234 924 3291 Non
939 3232 1167 3304 amplius
1190 3233 1377 3287 levabit
1393 3250 1515 3303 gens
1529 3243 1707 3286 contra
1726 3250 1854 3304 gen-

282 3344 385 3389 tem
406 3331 759 3399 rhomphazam
790 3328 846 3395 ¹;
882 3346 902 3377 ι
946 3335 1000 3381 et
1027 3325 1158 3379 illud
1186 3325 1330 3394 apud
1349 3323 1639 3378 Jeremiam
1674 3341 1688 3377 :
1731 3323 1853 3377 Non

280 3424 439 3489 enim,
479 3422 672 3492 inquit,
702 3419 954 3474 docebunt
1009 3415 1242 3485 amplius
1281 3416 1632 3486 unusquisque
1670 3418 1853 3483 proxi-

280 3531 424 3571 mum
455 3529 608 3569 suum
629 3513 802 3566 dicens
824 3551 838 3574 ,
876 3525 1118 3579 cognosce
1159 3507 1438 3561 Dominum
1462 3523 1482 3571 ;
1518 3507 1641 3576 quia
1676 3522 1853 3559 omnes

280 3612 585 3677 cognoscent
624 3619 704 3657 me
731 3620 763 3655 a
785 3618 947 3670 parvo
986 3615 1147 3669 usque
1181 3600 1250 3651 ad
1288 3614 1538 3667 magnum
1570 3599 1612 3659 ',
1644 3606 1693 3650 et
1719 3596 1850 3649 illud

279 3698 423 3768 apud
471 3694 710 3749 Isaiam:
752 3692 1028 3754 Pascetur,
1074 3690 1269 3758 inquit,
1315 3688 1467 3757 lupus
1518 3703 1636 3739 cum
1690 3700 1845 3754 agno,

278 3798 330 3844 et
361 3788 557 3857 pardus
587 3782 746 3839 simul
778 3782 1058 3851 requiescet
1089 3796 1205 3832 cum
1231 3777 1380 3831 haedo
1421 3795 1438 3840 ;
1466 3785 1515 3830 et
1561 3775 1768 3840 vitulus,
1799 3781 1849 3827 et

280 3890 495 3945 taurus,‘
543 3887 591 3931 et
637 3874 718 3927 leo
746 3872 908 3927 simul
958 3878 1260 3939 pascentur,
1290 3876 1339 3921 et
1361 3866 1525 3921 catuli
1558 3882 1737 3920 eorum
1770 3866 1847 3919 si-

278 3969 393 4026 mul
424 3977 595 4032 erunt,
633 3975 682 4021 et
722 3965 800 4019 leo
836 3973 992 4033 atque
1044 3961 1131 4014 bos
1163 3958 1321 4013 simul
1348 3959 1611 4012 comedent
1644 3957 1845 4025 paleas,

278 4072 328 4115 et
357 4076 487 4131 puer
518 4073 711 4128 paruus
733 4057 787 4108 in
820 4056 1056 4124 foramen
1091 4052 1354 4120 aspidum,
1383 4058 1431 4103 et
1469 4050 1525 4102 in
1548 4048 1715 4102 cubile
1754 4064 1851 4101 na-

278 4160 456 4204 torum
483 4164 548 4202 ea:
585 4145 853 4216 aspidibus
876 4156 1089 4196 manum
1118 4139 1307 4204 mittet,
1332 4146 1381 4191 et
1409 4153 1509 4190 non
1540 4136 1845 4190 nocebunt'.

278 4240 407 4295 llaec
435 4237 581 4293 enim
623 4245 707 4290 est
734 4233 1046 4288 Iudaeorum
1091 4227 1400 4298 pervulgata
1436 4226 1685 4296 quaestio.
1736 4227 1847 4303 Ad-

273 4337 494 4386 vertant
521 4336 701 4382 autem
748 4322 932 4378 omnia
963 4321 1123 4378 facta.
1152 4326 1208 4372 et
1231 4318 1298 4372 ad
1341 4318 1544 4372 exitum
1584 4316 1846 4386 perducta

270 4437 420 4477 esse.
448 4420 585 4474 Cum
611 4418 757 4473 enim
779 4422 1045 4471 venturus
1072 4416 1191 4464 erat
1213 4408 1484 4472 Christus,
1517 4408 1698 4463 statim
1724 4409 1845 4463 exi-

268 4514 359 4567 γὶῑ
384 4514 622 4568 edictum
644 4524 674 4564 a
691 4508 903 4563 Ctesare
924 4506 1185 4573 Augusto,
1210 4509 1270 4555 ut
1295 4500 1698 4557 describeretur
1726 4501 1846 4555 uni-

267 4620 470 4659 versus
507 4602 673 4660 orbis,
702 4599 897 4654 deinde
914 4595 1060 4650 onmi
1091 4603 1251 4665 gente
1300 4594 1355 4647 in
1386 4600 1706 4663 potestatem
1738 4592 1848 4645 Ro.

269 4709 563 4750 manorum
595 4690 835 4750 redacta,
890 4702 1080 4740 omnes
1122 4697 1308 4754 pacem
1341 4684 1607 4748 fecerunt,
1642 4694 1697 4738 et
1736 4698 1846 4738 non

269 4783 513 4852 amplius
538 4783 680 4835 inter
707 4794 763 4832 se
784 4778 927 4832 bella
950 4787 1219 4846 gerentes,
1243 4776 1443 4845 quippe
1468 4775 1561 4845 qui
1596 4776 1698 4828 sub
1738 4790 1848 4830 uno

273 4876 453 4946 capite
481 4880 682 4933 essent,
706 4871 773 4925 ad
804 4868 1186 4938 agriculturam
1220 4882 1277 4922 se
1303 4875 1709 4921 converterunt.

348 4967 504 5033 Quod
526 4966 570 5020 si
599 4979 719 5034 qua:
749 4970 939 5034 gentes
969 4958 1169 5014 relicta:
1187 4971 1313 5013 sunt
1334 4960 1619 5021 bellantes,
1649 4959 1847 5013 idioma

277 5059 577 5127 Scriptum
627 5062 731 5117 est,
776 5053 827 5107 id
863 5060 965 5117 est,
1024 5052 1241 5121 propria
1290 5052 1649 5112 consuetudo,
1700 5050 1846 5119 loqui

275 5149 533 5204 universe
559 5148 626 5203 de
655 5146 858 5215 majore
882 5152 1056 5213 parte.
1084 5141 1404 5211 Huiusmodi
1422 5152 1503 5196 est
1525 5142 1654 5196 illud
1684 5142 1847 5195 trium

274 5252 571 5307 puerorum
605 5256 617 5290 :
642 5234 763 5289 Non
791 5242 866 5288 est
896 5234 951 5286 in
978 5241 1204 5300 tempore
1232 5232 1325 5285 hoc
1348 5232 1605 5301 princeps,
1639 5241 1688 5285 et
1720 5247 1845 5300 pro-

272 5326 434 5399 pheta
464 5328 487 5360 ⁵
520 5344 535 5392 ;
569 5336 726 5381 erant
755 5324 901 5379 enim
944 5323 1152 5386 Daniel,
1209 5332 1264 5376 et
1303 5322 1553 5377 Ezechitl
1597 5338 1718 5377 cum
1763 5322 1845 5391 ip-

272 5417 400 5483 sis;
445 5428 499 5474 et
549 5417 831 5480 Jeremias,
872 5413 1257 5484 Hierosolymis
1292 5432 1305 5467 :
1350 5422 1404 5467 et
1448 5413 1613 5468 multa
1653 5414 1845 5483 hujus-

274 5511 422 5567 modi
475 5516 623 5564 sunt.
672 5508 779 5561 Aut
836 5506 1122 5576 prophetia
1167 5512 1253 5559 est
1304 5506 1371 5559 de
1415 5506 1687 5577 gentibus,
1724 5522 1846 5576 qua:

1954 3247 2088 3300 gens
2111 3232 2421 3286 dmmonum
2451 3230 2503 3284 in
2530 3236 2747 3301 gentem
2777 3230 3056 3285 hominum
3086 3231 3321 3303 gladium
3354 3232 3527 3287 idolo-

1953 3322 2143 3385 Iatriae,
2182 3321 2273 3391 qui
2304 3322 2503 3376 occidit
2534 3321 2765 3385 animas,
2811 3331 2867 3376 et
2892 3322 3054 3392 eripit
3095 3338 3316 3377 sensum
3343 3324 3528 3396 cogni-

1954 3416 2117 3468 tionis
2140 3412 2251 3467 Dei.
2291 3410 2393 3467 Ubi
2438 3412 2585 3467 enim
2624 3412 2978 3483 Evangelium
3026 3414 3376 3483 praedicatum
3417 3423 3522 3477 est,

1951 3519 2142 3557 omnes
2162 3519 2329 3557 unum
2357 3518 2555 3573 corpus
2582 3504 3125 3571 lactisunt,etunum
3148 3514 3311 3574 caput
3341 3504 3529 3558 Chris-

1953 3601 2065 3646 tum
2101 3594 2429 3656 habuerunt,
2466 3606 2520 3649 et
2543 3604 2802 3649 terrorem
2836 3596 3175 3649 daemonibus
3201 3595 3522 3651 intulerunt.

1953 3680 2082 3735 Illud
2113 3683 2257 3735 enim
2293 3700 2306 3735 :
2340 3682 2458 3737 Non
2489 3680 2599 3735 veni
2638 3684 2842 3736 mittere
2871 3699 3074 3751 pacem.
3118 3683 3207 3735 sed
3230 3681 3521 3753 gladiunt',

1949 3787 2059 3825 non
2091 3772 2158 3825 de
2182 3773 2361 3841 gladio
2390 3773 2535 3827 civili
2562 3773 2769 3827 dictum
2800 3781 2882 3826 est
2908 3789 2922 3837 ;
2956 3773 3164 3843 gladius
3197 3774 3345 3828 enim
3360 3790 3522 3844 quem

1949 3863 2096 3916 misit
2121 3862 2393 3928 Christus,
2429 3863 2744 3933 praedicatio
2771 3871 2949 3925 est,et
2966 3864 3098 3919 ﬁdes
3123 3866 3524 3935 praadicationis

1947 3954 2195 4009 dividens
2225 3955 2435 4031 ﬁdelem
2458 3955 2526 4009 ab
2553 3955 2779 4017 infideli,
2811 3963 2866 4009 et
2896 3970 3153 4011 resecans
3177 3958 3272 4027 τὴν
3306 3959 3400 4011 ἐπὶ
3424 3976 3523 4013 κα-

1947 4044 2030 4117 κῷ
2057 4046 2260 4115 σχέσιν,
2291 4047 2385 4099 καὶ
2425 4047 2750 4116 συμφωνίαν
2773 4046 3018 4117 αὑτῷ,ἰ(1
3046 4056 3150 4112 est,
3179 4048 3519 4105 aﬂectionem

1946 4136 2084 4198 vitii,
2120 4146 2175 4190 et
2201 4153 2324 4191 cum
2352 4153 2419 4191 eo
2444 4138 2882 4195 consensionem.
2911 4138 3001 4193 Sic
3017 4139 3084 4194 ad
3105 4139 3236 4194 illud
3260 4139 3518 4195 Michaze.

2018 4228 2310 4284 Videamus
2352 4230 2617 4299 deinceps
2650 4230 2779 4285 illud
2851 4231 2993 4300 apud
3022 4229 3335 4286 Jeremiam.
3384 4231 3521 4286 Cum

1945 4321 2093 4376 enim
2122 4322 2318 4388 multa,
2354 4332 2412 4377 et
2448 4338 2646 4393 magna
2679 4322 2834 4393 signa
2866 4322 3121 4382 Christus
3146 4324 3369 4387 faceret,
3401 4339 3523 4380 om-

1943 4428 2044 4466 nes
2071 4429 2099 4466 a
2131 4429 2297 4483 parvo
2328 4428 2502 4483 usque
2560 4414 2628 4468 ad
2657 4429 2911 4485 magnum
2959 4415 3150 4470 oculos
3210 4414 3522 4470 habuerunt

1952 4505 2246 4575 magistros
2285 4506 2614 4576 cognitionis
2662 4506 2782 4567 Dei.
2815 4522 3051 4576 cumque
3097 4508 3347 4573 virtutes,
3400 4522 3522 4577 quae

1953 4595 2123 4652 Deum
2141 4598 2435 4659 decebant.
2455 4597 2893 4664 considerarent,
2917 4598 3027 4654 cito
3055 4614 3153 4669 per
3177 4599 3388 4669 seipsos
3402 4613 3526 4671 cog-

1952 4698 2225 4743 noverunt
2255 4688 2423 4744 Deum
2449 4705 2591 4755 esse,
2629 4701 2685 4745 ut
2721 4691 2853 4747 licet
2876 4691 3179 4764 intelligere
3213 4708 3324 4747 non
3346 4692 3522 4748 solum

1951 4790 2017 4830 ex
2054 4776 2335 4847 Scriptura
2367 4779 2811 4850 Evangeliorum,
2852 4779 2949 4836 sed
2976 4796 3042 4835 ex
3080 4780 3386 4837 Annalibus
3414 4781 3525 4837 lle-

1952 4867 2253 4930 braaorum,
2280 4880 2338 4924 et
2382 4871 2634 4927 Historiis
2677 4872 2984 4941 gentilium.
3024 4872 3313 4945 Reliquum
3360 4873 3526 4944 igitur

1953 4965 2059 5021 est,
2108 4969 2171 5013 ut
2216 4960 2463 5015 dicamus
2486 4961 2554 5015 de
2583 4960 2740 5031 signo
2797 4948 3067 5018 adventus
3118 4964 3320 5019 Christi
3379 4961 3523 5032 apud

1953 5048 2167 5103 Isaiam.
2192 5050 2290 5107 llic
2315 5052 2582 5121 prapbeta
2603 5067 2670 5107 ex
2701 5052 3007 5109 dill‘erentia
3031 5054 3264 5109 feritatis
3286 5062 3344 5107 et
3369 5066 3523 5107 man-

1955 5142 2270 5197 suetudinis
2294 5143 2599 5199 belluarum
2628 5144 2923 5200 declaravit
2954 5145 3201 5199 diversos
3228 5158 3409 5200 mores
3425 5144 3525 5198 ho-

1957 5231 2173 5307 minum.
2220 5249 2234 5285 :
2284 5239 2340 5285 ct
2392 5248 2460 5286 ex
2493 5233 2710 5288 illorum
2741 5233 2797 5287 in
2831 5233 3231 5303 compescenda
3289 5233 3526 5303 conjun-

1953 5322 2159 5387 etione,
2194 5338 2363 5378 unum
2423 5326 2616 5379 horum
2670 5327 2834 5391 ovile,
2873 5333 2931 5380 et
2984 5324 3255 5380 Ecclesias
3316 5340 3384 5381 ex
3441 5325 3528 5381 bis

1954 5415 2362 5469 constituendas
2415 5415 2471 5470 in
2522 5416 2855 5486 aenigmitate
2906 5415 3251 5487 signiﬁcavit.
3308 5415 3524 5487 Lupum

1953 5507 2174 5576 quidem
2230 5508 2443 5563 vocavit
2494 5510 2737 5564 velocem
2776 5510 2844 5564 ad
2896 5510 3272 5581 rapiendum;
3325 5527 3524 5584 agnum

349 5672 364 5701 ’
396 5668 561 5724 Mich.
596 5684 670 5733 tv,
705 5668 759 5723 '5.
835 5666 1076 5723 ’Jerem.
1117 5683 1262 5732 χχχι,
1296 5668 1383 5723 3i.
1459 5669 1480 5701 ³
1512 5668 1614 5726 lsa.
1680 5685 1756 5736 xl,
1789 5668 1844 5739 6,
1880 5668 1933 5726 9.
2012 5672 2032 5702 ’⁸
2057 5671 2189 5727 Dan.
2228 5689 2306 5740 ιιι,
2341 5674 2429 5729 58.
2507 5676 2526 5705 ³
2560 5676 2758 5731 Matth.
2785 5690 2837 5742 κ,
2872 5675 2961 5730 ⁸54.

646 5762 916 5823 ΡΑτιιοι..
961 5761 1075 5824 Gn.
1124 5761 1350 5825 XCIII.

3089 5766 3162 5827 51
