4024 6232
454 280 589 344 1611

1473 277 1782 336 LEONTII
1824 275 2335 336 NEAPOLITANI
2376 274 2717 335 EPISCOPI

3556 269 3695 334 1612

450 409 584 450 vero
614 408 762 458 eum,
794 407 956 462 quem
997 391 1154 446 facile
1189 398 1271 446 est
1310 405 1527 453 vexare,
1567 401 1623 444 et
1659 390 1978 445 calumniari
2007 406 2021 455 ;
2057 395 2096 448 Α
2127 403 2270 450 rum,
2308 402 2541 456 quorum
2608 393 2819 455 partus,
2852 392 2907 438 et
2947 383 3182 451 soboles,
3210 391 3335 438 sunt
3388 383 3696 452 passiones.

449 482 682 552 pardum
715 494 845 534 vero
865 480 955 533 τὸν
980 479 1493 557 ποικιλόγνωμον,ἱά
1524 489 1628 543 est,
1652 479 2019 548 versipellem,

449 573 665 629 haedum
714 578 900 626 autem
946 570 1250 640 simplicem
1300 588 1314 636 ;
1373 571 1602 625 vitulum
1649 580 2020 633 mansuetum.

452 670 667 716 taurum
702 676 831 714 vero
864 660 1146 725 audacem,
1169 660 1385 714 leonem
1417 663 1896 731 superhum,quos
1925 660 2024 714 due

451 764 561 820 eet,
592 753 787 823 inquit,
816 762 871 807 et
904 761 1094 821 pascet
1124 753 1290 807 homo
1333 754 1623 822 prudentia
1667 754 1887 822 quidem
1936 767 2024 806 se-

450 861 580 907 nex,
606 844 921 897 innocentia
951 858 1082 897 vero
1112 852 1168 898 et
1199 843 1506 897 humilitate
1532 860 1688 912 puer,
1708 859 1770 897 ac
1797 858 2025 912 magnus

450 935 671 1004 quidem
704 934 930 997 virtute,
960 948 1162 1002 parvus
1181 944 1362 987 autem
1398 934 1604 987 vilitate
1632 950 1752 1002 quae
1778 940 2022 1003 apparet,

450 1034 506 1077 et
537 1026 821 1078 tenuitate.
844 1023 1166 1092 Hujusmodi
1192 1032 1322 1078 sunt
1350 1024 1609 1093 praesides
1636 1023 2022 1080 Ecelcsiarum,

451 1130 480 1168 a
520 1115 719 1184 quibus
768 1115 861 1184 qui
895 1116 1143 1170 moribus
1192 1116 1472 1178 ditl'erunt,
1520 1123 1912 1184 temperantur,
1972 1123 2028 1168 et

451 1216 803 1277 coaptantur.
841 1207 920 1262 Ac
949 1222 1140 1262 rursus
1171 1208 1364 1261 bovem
1394 1206 1614 1276 quidem
1648 1213 1804 1259 vocat
1831 1219 2025 1273 opera-

451 1297 619 1359 rium,
646 1312 837 1351 ursum
869 1312 1001 1351 vero
1044 1312 1294 1352 voracem
1330 1314 1343 1360 ;
1379 1297 1505 1349 item
1546 1297 1756 1350 leonem
1803 1294 2024 1364 quidem

452 1386 783 1456 principem,
806 1395 862 1442 et
887 1387 1394 1449 ductorem.bovem
1420 1402 1546 1443 vero
1564 1389 1665 1441 sub
1689 1387 1819 1457 jugo
1850 1387 2024 1441 servi-

456 1479 589 1533 tutis
608 1479 881 1533 viventem
910 1494 975 1534 ac
1001 1480 1326 1549 subjectum,
1344 1479 1524 1548 paleas
1546 1479 1706 1532 vilem
1730 1486 1785 1533 et
1804 1486 2025 1532 tenuem

455 1568 642 1622 cibum
669 1569 807 1637 ejus,
839 1568 931 1637 qui
966 1569 1068 1623 sub
1096 1570 1229 1638 jugo
1259 1577 1362 1622 est.
1394 1566 1656 1623 Comvdet
1700 1568 1845 1621 enim
1902 1583 2025 1622 cum

455 1658 708 1726 subjecto
731 1658 776 1711 is
792 1659 885 1728 qui
918 1659 1163 1727 subjicit,
1188 1666 1412 1728 propter
1433 1659 1697 1712 unitatem
1727 1659 1870 1713 ﬁdei.
1887 1657 2028 1712 Puer

456 1756 641 1802 autem
670 1764 870 1818 parvus
901 1757 984 1804 est
1004 1751 1375 1820 unusquisque
1404 1752 1620 1821 praesul,
1650 1751 1791 1806 sicut
1824 1751 2027 1805 dictum

456 1847 561 1901 est,
599 1840 803 1894 malitia
830 1841 1106 1910 parvulus,
1144 1844 1299 1912 cujus
1342 1843 1588 1897 doctrina
1632 1850 1854 1912 propter
1888 1843 2028 1895 mul-

456 1939 566 1983 tam
596 1932 998 2000 expeditionem
1028 1948 1222 1989 manus
1249 1942 1496 1997 vocatur,
1530 1949 1652 2004 quae
1685 1934 2027 1998 admovetur,

455 2028 513 2074 et
542 2020 786 2091 injicitur
840 2023 1172 2091 inﬁdelibus,
1217 2026 1311 2095 qui
1365 2034 1493 2081 sunt
1545 2024 1835 2091 foramina,
1858 2032 1913 2079 et
1941 2025 2027 2079 lu-

458 2123 592 2176 stra,
621 2115 907 2182 accubilia,
937 2124 993 2170 et
1036 2116 1312 2173 domicilia
1373 2116 1620 2187 aspidum
1648 2116 2029 2186 spiritualium,

458 2203 511 2258 id
567 2214 679 2272 est,
735 2206 1043 2262 daemonum
1108 2216 1538 2273 venenatorum,
1599 2215 1657 2262 et
1715 2207 2026 2262 mortifero-

2195 479 2368 532 Aliter
2396 476 2692 547 etiam,qui
2724 476 2914 530 vivunt
2941 475 3242 530 secundum
3268 472 3701 535 Christum,ma-

2128 586 2257 625 num
2296 570 2552 639 injiciunt
2580 566 2943 632 daemonibus,
2975 580 3098 620 eum
3130 565 3342 634 signum
3382 563 3560 617 crucis
3609 564 3702 616 in-

2127 664 2371 718 ferentes
2422 663 2504 715 eis
2545 677 2656 715 non
2697 661 2883 715 sinunt
2935 660 3302 713 inhabitantes
3361 671 3557 710 nocere
3594 657 3700 721 eis,

2126 770 2264 826 quos
2294 754 2569 809 obsident.
2594 752 2751 819 Quod
2774 762 2955 805 autem
2980 751 3181 805 bestias
3222 749 3336 802 sive
3368 748 3511 802 feras
3540 755 3705 800 vocat

2127 857 2315 918 gentes
2343 862 2486 915 sape
2513 862 2745 899 numero
2771 844 3071 914 Scriptura,
3092 841 3324 895 aitDeus
3346 856 3444 910 per
3471 839 3699 893 Oseam:

2130 940 2420 1014 Disponajn
2451 946 2823 992 testamentum
2849 938 2905 988 in
2942 937 3026 989 die
3058 934 3154 988 illa
3188 950 3304 987 cum
3333 932 3507 985 bestiis
3555 931 3700 1000 agri,

2130 1042 2176 1085 et
2205 1047 2323 1083 cum
2350 1028 2642 1083 volucribus
2673 1027 2807 1094 caeli,
2835 1044 2952 1081 cum
2992 1027 3315 1095 serpentibus
3348 1032 3501 1076 terra
3531 1022 3574 1085 °,
3608 1037 3706 1091 ge-

2128 1122 2394 1175 neraliore
2431 1136 2689 1175 sermone
2719 1120 2925 1174 bestias
2955 1118 3175 1188 quidem
3201 1116 3311 1185 agri
3348 1114 3596 1168 nominat
3619 1112 3704 1166 fe-

2130 1212 2298 1271 rinos,
2328 1217 2381 1264 et
2409 1209 2675 1263 immanes
2699 1226 2714 1273 ;
2755 1207 3005 1262 volucres
3022 1222 3153 1261 vero
3179 1205 3448 1267 elatiores,
3475 1217 3705 1271 serpen-

2132 1311 2211 1356 tes
2250 1316 2380 1355 vero
2433 1300 2769 1362 humiliores,
2801 1308 2896 1353 aut
2946 1299 3192 1352 volucres
3223 1295 3438 1365 quidem
3488 1294 3706 1347 deditos

2129 1391 2432 1461 astrologiae
2467 1406 2482 1456 ;
2517 1399 2803 1459 serpentes
2828 1403 2958 1443 vero
2986 1387 3295 1441 sordidatos
3327 1382 3701 1453 passionibus,

2129 1492 2183 1538 et
2209 1498 2396 1537 rursus
2434 1497 2532 1551 per
2562 1480 2752 1535 Isaiam
2794 1498 2807 1533 :
2843 1479 3143 1533 Bcnedicite
3178 1496 3280 1541 me,
3313 1496 3487 1534 omnes
3529 1478 3708 1533 bestia:

2130 1576 2283 1644 agri"
2319 1590 2333 1637 ;
2363 1580 2418 1627 et
2457 1574 2656 1627 iterum
2701 1587 2800 1641 per
2825 1570 3116 1625 Jeremiam
3152 1588 3164 1623 :
3194 1570 3326 1624 Dedi
3352 1588 3555 1626 omnem
3597 1579 3707 1624 ter-

2134 1682 2249 1719 ram
2289 1664 2768 1718 Nabuchodonosor
2811 1663 2920 1731 regi
2954 1660 3259 1731 Babylonis,
3290 1671 3347 1715 ut
3375 1663 3589 1715 serviret
3636 1662 3705 1717 ei.

2136 1768 2184 1812 et
2217 1758 2404 1813 bestias
2434 1758 2569 1825 agri,
2588 1765 2645 1808 ut
2673 1762 3016 1822 operarentur
3043 1753 3089 1807 ei
3125 1752 3148 1785 ⁸
3173 1770 3187 1818 ;
3213 1761 3270 1807 et
3302 1754 3357 1807 in
3383 1753 3666 1807 Ezechiele
3690 1771 3710 1812 :

2137 1847 2327 1901 Delebo
2354 1846 2526 1900 malas
2554 1844 2743 1897 bestias
2763 1846 2827 1897 de
2847 1853 2986 1896 terra
3016 1844 3036 1875 °
3070 1858 3087 1909 ;
3118 1850 3180 1897 ut
3200 1844 3514 1897 omittamus
3535 1857 3705 1900 nunc.

2135 1954 2257 2009 quae
2302 1944 2431 1991 sunt
2485 1935 2628 2005 apud
2685 1934 2979 1998 Danielem,
3037 1943 3093 1988 et
3144 1934 3275 1989 illud
3313 1933 3714 2002 :Comparatus

2136 2031 2296 2094 enim,
2340 2029 2538 2098 inquit,
2572 2035 2647 2080 est
2683 2026 2939 2096 jumentis
2960 2026 3320 2096 insipientibus
3347 2026 3498 2079 homo
3540 2033 3713 2078 mente

2136 2122 2405 2192 praeditus,
2427 2129 2477 2174 et
2498 2119 2826 2175 assimilatas
2858 2128 2935 2173 est
2958 2119 3062 2172 illis
3101 2119 3165 2173 ¹⁰.

535 2378 723 2435 ‘Osee
750 2397 810 2449 ιι,
862 2382 951 2439 18.
1026 2383 1047 2413 ⁷
1086 2382 1191 2437 lsa.
1237 2397 1390 2450 mu,
1421 2381 1511 2438 20.
1588 2382 1611 2414 ⁸
1640 2381 1842 2441 Jerem.
1890 2384 2199 2467 “vnn”.
2277 2388 2298 2420 θ
2332 2379 2531 2438 Ezech.
2572 2377 2875 2447 xxxrv,25.
2955 2375 2998 2408 “
3021 2373 3164 2433 Psal.
3205 2392 3395 2443 vam,
3427 2378 3517 2432 i5.
