3956 6220
326 321 463 382 161⁸5
504 353 511 358 -
1261 324 1415 381 νιτλ
1463 324 1706 383 SANCTI
1745 325 1888 382 10A}

2010 326 2033 383 Ξ
2070 326 2651 386 ELEEMOSYNARH.
3435 327 3526 382 161
3550 326 3572 379 ι

1070 523 1399 535 -σ--Ψ

328 522 1890 548 Μέὲ

2018 502 3580 548 m2...

1800 540 1859 549 .—

1694 797 1758 840 ΞΑ
1770 797 1985 841 P'UARII
2022 799 2200 843 XXIII.

326 1074 989 1283 VITA
1062 1126 1071 1129 -
1153 1073 2112 1285 SANCTI
2265 992 3392 1288 JOANN'IS

1511 1513 2382 1601 ELEEMOSYNABII,

784 1782 1154 1844 AUCTORE
1197 1783 1549 1845 LEON'l‘lO
1708 1783 2180 1845 NEAPOLEOS
2231 1782 2670 1847 CYPRORUM
2705 1784 3110 1849 EPISCOPO.

975 2053 1417 2110 INTERPRETE
1459 2054 1850 2110 ANASTASIO
1884 2056 1960 2127 (ὅ)
2000 2056 2057 2111 S.
2098 2057 2169 2111 Β.
2208 2057 2273 2111 Ε.
2318 2057 2537 2112 BlBLlO

1382 2053 1417 2107 E
1459 2054 1850 2110 ANASTASIO
1884 2056 1960 2127 (ὅ)
2000 2056 2057 2111 S.
2098 2057 2169 2111 Β.
2208 2057 2273 2111 Ε.
2318 2057 2944 2117 ΒΙΒῘᾹΟΤΠΙΞΕΑΒΙΟ.⁴

631 2462 1089 2524 ΡΒιἘΙΓΑΤΙΟ
1141 2463 1587 2525 ANASTASII
1636 2462 1749 2523 AD
1804 2463 2193 2527 DOMINUM

1696 2463 1749 2521 D
1804 2463 2219 2527 DOMINUM
2272 2462 2378 2535 (Ivi
2439 2463 2888 2532 NICOLAUM
2939 2464 3251 2527 PAPAM.

416 2757 700 2827 Cogitante
724 2774 829 2823 me,
853 2775 916 2813 ac
936 2760 1030 2814 diu
1060 2761 1222 2815 tacite
1245 2761 1589 2831 solliciteque
1616 2776 1830 2816 mecum
1863 2763 2269 2828 considerante,
2296 2766 2426 2835 quid
2472 2767 2527 2822 in
2569 2767 2733 2824 domo
2759 2771 2851 2824 Dei
2890 2750 3234 2828 commodius
3260 2788 3321 2828 ac
3345 2773 3567 2844 dignius

347 2856 560 2920 operari
582 2867 819 2921 possem,
843 2868 909 2906 ne
929 2868 993 2907 ea
1016 2853 1275 2908 videlicet
1291 2870 1677 2922 prtesumerem
1705 2871 1825 2924 qua).
1850 2855 1983 2908 mihi
2009 2872 2073 2909 ex
2092 2857 2401 2913 ministerio
2421 2860 2631 2914 credita
2652 2877 2763 2915 non
2794 2873 2943 2928 sunt,
2964 2881 3065 2919 nec
3086 2881 3277 2920 rursus
3305 2865 3395 2920 illa
3447 2868 3584 2922 arri-

348 2958 536 3011 perem
569 2959 689 3012 qum
731 2944 989 3012 ingenioli
1013 2945 1118 2998 mei
1142 2944 1291 2999 vires
1310 2945 1605 3010 excedunt,
1632 2946 1931 2999 secundum
1956 2947 2089 3000 illud
2115 2948 2425 3004 Salomonis
2444 2950 2574 3004 εΜρί
2592 2953 2856 3017 invenisti,
2882 2956 3086 3009 comede
3103 2956 3241 3026 quod
3259 2958 3447 3028 stt/ﬁcit
3465 2959 3576 3024 tibi,

350 3047 414 3085 ne
437 3033 569 3101 forte
596 3034 822 3086 satiatus
847 3049 1053 3086 eramus
1074 3032 1208 3086 illud
1235 3032 1415 3098 (Prov.
1440 3036 1586 3103 xxv).
1615 3032 1681 3086 Et
1723 3035 1850 3087 alibi
1880 3051 1892 3085 :
1921 3034 2126 3089 Altiora
2160 3045 2208 3087 te
2232 3054 2295 3089 ne
2323 3042 2614 3108 quaesieris,
2641 3052 2690 3096 et
2716 3045 2939 3113 fortiora
2966 3054 3014 3096 te
3038 3063 3101 3098 ne
3121 3057 3389 3104 srrutatus
3424 3050 3583 3118 fueris

350 3120 536 3183 (Et-cli.
571 3123 689 3192 Ill);
719 3142 845 3179 ecce
868 3125 1040 3181 subito
1061 3126 1273 3192 quidam
1306 3129 1503 3180 strenui
1536 3144 1596 3182 ac
1624 3128 1843 3183 studiosi
1873 3129 1971 3183 viri
2018 3145 2102 3182 me
2146 3128 2411 3183 cohortari
2459 3132 2748 3186 voluerunt.
2801 3144 2851 3184 ιιι
2896 3134 2945 3185 in
2992 3132 3231 3185 Latinum
3279 3145 3575 3184 H'l’ttlitlletll

354 3224 614 3268 verterem
666 3217 941 3271 Leontium
973 3220 1039 3273 de
1067 3218 1203 3274 Vita:
1247 3220 1474 3274 residuis
1516 3220 1594 3289 (5)
1622 3221 1840 3275 Joannis
1873 3221 2212 3274 Alexandrini
2265 3222 2512 3274 antistitis
2533 3261 2546 3283 ,
2579 3239 2732 3289 quem
2778 3223 2945 3276 Grani
2993 3234 3207 3289 ptopler
3240 3224 3578 3288 multiplicmn

356 3307 805 3372 eontpassionem,
850 3324 1008 3374 quam
1033 3324 1152 3378 erga
1177 3324 1362 3362 omnes
1395 3309 1720 3376 possidebat,
1747 3309 1935 3362 merito
1961 3320 2014 3362 et
2044 3309 2285 3361 absolute
2311 3310 2617 3377 Eleemuna,
2650 3312 2697 3361 id
2724 3322 2823 3372 est,
2870 3311 3265 3364 misericordem
3289 3313 3581 3375 appellant,

350 3406 611 3463 quatenus
642 3409 818 3452 tantus
846 3401 926 3454 vir
951 3416 1054 3454 non
1089 3411 1290 3454 tantum
1315 3416 1563 3454 sermone
1590 3401 1798 3462 Cra-co,
1826 3415 2006 3453 verum
2035 3401 2193 3453 etiam
2240 3400 2425 3454 Latino
2479 3402 2688 3469 eloquio
2737 3402 3054 3470 pollentibus
3098 3402 3307 3455 υιὶιιιειιί
3352 3411 3492 3455 esset
3529 3410 3582 3452 et

348 3488 646 3541 Commodo.

423 3576 757 3644 Quipropler
778 3578 895 3643 quia
931 3593 1013 3631 me
1034 3579 1249 3645 dignum
1277 3581 1342 3633 ad
1368 3588 1567 3631 tantum
1599 3593 1731 3645 Opus
1760 3588 1917 3645 atque
1941 3579 2184 3632 idoneum
2209 3579 2426 3632 minime
2456 3582 2719 3647 perspexi,
2755 3582 2910 3633 levavi
2935 3581 3107 3631 oculos
3138 3596 3270 3631 meos
3302 3581 3580 3651 imitantes,

350 3664 484 3716 unde
500 3671 683 3719 veniret
706 3669 955 3720 auxilium
986 3669 1109 3719 mihi
1136 3668 1308 3739 (Psal.
1337 3668 1495 3733 cxx);
1525 3671 1704 3736 sicque
1733 3668 1915 3719 solatia
1949 3680 2151 3735 patrum
2189 3677 2244 3722 et
2287 3672 2551 3721 orationes
2583 3671 2863 3729 adhibens,
2914 3681 3017 3720 tam
3073 3668 3359 3734 proticuunt
3411 3666 3582 3717 virum

341 3769 446 3838 gon
479 3772 666 3820 passus
695 3775 810 3811 sum
840 3760 1016 3813 celare
1040 3759 1260 3818 Latinis.
1288 3761 1389 3814 Sed
1418 3759 1544 3813 licet
1570 3761 1905 3816 membranas
1929 3761 2205 3814 inciderim
2229 3801 2240 3821 ,
2275 3764 2521 3813 scedulas
2564 3748 2987 3829 pra'paraverim,
3020 3776 3121 3811 non
3155 3770 3329 3811 tamen
3366 3744 3503 3811 hunc
3531 3759 3584 3810 iu

339 3844 587 3900 (Iudicem
616 3853 877 3902 c0uliCere
899 3867 1054 3903 ausus
1076 3866 1215 3918 sum,
1239 3864 1521 3918 antequam
1553 3868 1581 3905 a
1612 3852 1968 3904 deminutione
1997 3869 2192 3915 vestra,
2220 3868 2252 3903 0
2277 3852 2463 3905 millies
2511 3855 2683 3915 brute,
2716 3854 2979 3905 licentiam
3013 3853 3230 3915 adipisci
3286 3850 3579 3919 promerui-

342 3936 523 3998 Neque
550 3938 691 3990 enim
742 3936 823 3992 fas
869 3951 951 3993 est
975 3955 1024 3993 ut
1058 3941 1256 4009 absque
1302 3942 1498 3994 vicario
1552 3943 1639 3995 liei
1668 3942 1770 4010 (6),
1827 3943 2021 4011 ab~qne
2072 3945 2334 4009 clavigero
2386 3945 2528 4007 caeli,
2575 3945 2773 4012 absque
2802 3959 2958 3996 Curru
2985 3955 3041 3997 et
3082 3947 3260 4009 auriga
3295 3942 3585 4007 spiritualis

345 4024 577 4089 Israelis,
610 4034 809 4095 absque
837 4033 1198 4084 universitatis
1233 4033 1499 4095 pontiﬁce,
1532 4032 1728 4099 absque
1771 4035 1925 4083 tttIiCu
1954 4048 2104 4099 papa,
2150 4035 2348 4100 absque
2377 4034 2629 4100 singulari
2661 4045 2889 4101 pastore,
2923 4039 3123 4098 absque
3153 4035 3364 4101 speciali
3400 4032 3578 4091 Patre,

343 4118 542 4185 absque
566 4129 617 4172 te
645 4123 879 4174 omnium
907 4123 1106 4176 arbitro
1131 4123 1326 4192 aliquid
1350 4133 1753 4178 eonsnmmetur
1774 4134 1864 4175 aut
1893 4125 2208 4190 divulgetur.
2240 4126 2315 4178 Tu
2346 4126 2485 4178 enim
2514 4138 2661 4179 tenes
2686 4128 2859 4179 claves
2901 4127 3058 4179 David
3091 4125 3269 4195 (Luae
3293 4131 3388 4193 XI),
3416 4135 3469 4177 tu
3492 4140 3583 4176 ac-

343 4211 527 4276 cepisti
557 4212 732 4264 claves
758 4214 1013 4271 scientim.
1047 4214 1100 4265 ln
1131 4230 1249 4267 arca
1283 4214 1475 4280 quippe
1522 4213 1748 4279 pectoris
1785 4214 1854 4264 tui
1889 4213 2079 4266 tabula
2112 4216 2408 4267 testamenti
2427 4225 2482 4270 et
2503 4215 2936 4271 mannacmlestis
2984 4215 3189 4281 saporis
3220 4219 3579 4279 requiescunt.

342 4294 421 4352 Tu
447 4304 587 4352 enim
616 4304 752 4367 quod
784 4303 935 4370 ligas.
966 4318 1123 4357 nemo
1149 4304 1340 4367 solvit;
1372 4307 1508 4372 quod
1541 4305 1721 4365 solvis,
1776 4316 1931 4353 nemo
1974 4303 2132 4371 ligat;
2162 4304 2250 4372 qui
2278 4304 2473 4372 aperis,
2503 4310 2557 4358 et
2602 4316 2760 4357 nemo
2825 4302 3282 4367 claudit;claudis,
3332 4309 3387 4355 et
3431 4316 3585 4353 nemo

344 4374 514 4457 aperit
547 4389 757 4461 (Matth.
786 4396 916 4464 xvi}.
953 4395 1131 4448 Vicem
1160 4410 1383 4460 namque
1411 4395 1462 4447 in
1489 4396 1642 4447 terris
1669 4394 1905 4461 possides
1933 4395 2045 4447 Det.

406 4484 542 4541 Cum
643 4495 825 4540 autem
922 4483 1071 4537 hunc
1153 4484 1361 4540 beatum
1392 4486 1442 4539 in
1473 4485 1715 4539 Latinum
1747 4495 2006 4538 vellerent
2031 4483 2318 4552 eloquium,
2345 4498 2440 4537 nec
2462 4483 2763 4539 Cra-corum
2789 4483 3058 4551 idiomata,
3091 4499 3190 4540 nec
3217 4497 3397 4538 eorum
3425 4480 3570 4535 ordi-

352 4586 470 4625 nem
506 4575 787 4628 verborum
818 4578 967 4644 sequi
1011 4578 1155 4645 potui
1206 4581 1285 4630 vel
1334 4578 1511 4629 debui.
1557 4575 1670 4628 Non
1702 4576 1841 4628 enim
1873 4575 2089 4625 verbum
2114 4589 2145 4626 e
2177 4574 2372 4654 v‘erbo,
2405 4573 2497 4626 sed
2529 4589 2741 4626 sensum
2771 4587 2802 4626 e
2832 4588 2988 4627 sensu
3039 4572 3300 4640 cxcerpsi.
3331 4572 3434 4626 Sed
3478 4583 3578 4623 nec

346 4662 562 4718 Latinas
593 4667 798 4733 regulas
830 4682 1205 4735 usquequaque
1234 4682 1448 4721 servare
1476 4668 1691 4730 curavi,
1724 4664 1848 4717 dum
1883 4673 2082 4717 tantum
2112 4664 2333 4717 intentio
2363 4679 2477 4716 mea
2511 4666 2602 4717 illo
2634 4669 2870 4717 temleret
2896 4702 2909 4725 ,
2941 4679 3005 4717 ex
3042 4680 3147 4732 quo
3179 4664 3374 4718 utilitas
3398 4677 3588 4717 nasce-

348 4763 492 4806 retur
518 4755 831 4821 legentibus.
862 4756 973 4821 Qua
1004 4758 1068 4809 de
1093 4772 1169 4819 re,
1205 4759 1507 4821 coaugelice
1537 4759 1639 4809 όοιι
1664 4773 1729 4809 ne
1751 4796 1764 4817 ,
1801 4773 1903 4808 non
1957 4770 2230 4822 peritonam
2264 4756 2580 4809 tantillitatis
2608 4770 2738 4808 mea:
2768 4757 2998 4817 intuens,
3032 4772 3134 4808 non
3165 4758 3409 4809 astutiam
3437 4745 3587 4810 inve-

348 4846 569 4914 stigatis,
599 4862 698 4898 non
731 4846 1012 4899 verborum
1043 4847 1285 4913 pbalevas
1332 4849 1622 4916 requirens,
1657 4849 1747 4900 sed
1797 4850 1970 4914 potius
1999 4847 2084 4914 pio
2115 4848 2289 4898 cordis
2316 4846 2470 4898 oculo
2501 4847 2792 4911 profectum
2825 4846 3108 4914 legentium
3140 4862 3497 4911 pra-noscens,
3531 4854 3589 4899 ut

348 4945 524 4990 tantus
556 4939 635 4990 vir
663 4950 909 5006 tanquam
950 4937 1225 5002 exemplar
1253 4954 1299 4990 et
1344 4939 1613 5005 speculum
1648 4938 1714 4990 sit
1757 4937 2024 4997 omnibus.
2069 4947 2240 4989 vestra
2269 4935 2554 5001 apostolica
2588 4936 2905 4990 auctoritate
2935 4936 3328 4988 translationem
3361 4938 3516 4999 hane,
3542 4935 3588 4988 si

348 5037 526 5082 vestro
556 5029 778 5080 arbitrio
810 5030 1000 5095 placet,
1037 5028 1269 5093 (inmte;
1306 5028 1346 5077 si
1375 5028 1640 5090 distiliret,
1673 5029 1982 5091 emendate;
2012 5028 2298 5079 dummodo
2321 5025 2580 5079 Latinitas
2606 5039 2665 5078 se
2695 5035 2839 5077 tanto
2869 5041 2971 5078 non
3003 5024 3182 5078 doleat
3206 5039 3324 5077 esse
3350 5027 3460 5076 sale
3489 5025 3590 5092 pri-

349 5105 541 5182 vatam,
569 5134 674 5187 quo
704 5117 903 5171 Gracia
935 5133 992 5170 se
1021 5118 1211 5184 gaudet
1239 5119 1437 5182 Optime
1465 5117 1750 5167 conditam.
3446 5100 3455 5110 ’

423 5207 641 5276 suscipe
687 5227 813 5274 ergo
855 5219 1094 5264 sanctum
1120 5227 1145 5261 a
1182 5216 1459 5278 pecratore
1510 5205 1943 5266 interpretatum;
1974 5211 2026 5254 et
2076 5203 2177 5255 no'i
2223 5203 2497 5255 attendere
2533 5215 2628 5268 per
2665 5216 2820 5267 quem
2866 5202 3152 5254 translatus
3194 5200 3296 5262 sit,
3326 5198 3418 5252 sed
3467 5197 3585 5267 quis

353 5300 635 5351 translatus
666 5302 751 5351 sit.
783 5301 963 5368 Neque
993 5301 1131 5353 enim
1187 5308 1401 5367 propter
1439 5294 1668 5349 ﬁstulam
1717 5292 2012 5361 plumbeam
2044 5292 2117 5360 (7)
2149 5307 2335 5359 aquam
2386 5290 2804 5357 limpidissimam
2853 5289 3100 5355 despicis,
3130 5303 3324 5355 neque
3374 5298 3586 5352 propter

353 5391 530 5457 Spittas
563 5406 678 5458 qua:
706 5394 1019 5459 producunt,
1045 5407 1219 5445 rosam
1253 5406 1372 5449 qua:
1406 5390 1717 5456 producitur
1760 5389 1988 5451 Spernis.
2039 5388 2229 5439 (Iustus
2257 5384 2486 5452 denique
2520 5394 2566 5435 et
2598 5392 2802 5437 amator
2836 5392 2976 5441 tuus.
3005 5382 3213 5449 quando
3240 5381 3421 5447 voluit.
3450 5379 3588 5434 Pba-

354 5479 505 5533 raoni
535 5477 686 5545 (Gen.
722 5479 830 5548 xu)
859 5492 909 5532 et
939 5479 1425 5533 Nabuchodonosor
1454 5478 1612 5539 (Dan.
1645 5477 1717 5544 tv)
1747 5477 1937 5539 iniquis
1980 5477 2190 5544 regibus
2216 5475 2440 5538 Somnia,
2470 5476 2659 5542 quzbus
2692 5476 2866 5526 {utiu-a
2896 5484 3287 5542 pra-noscerent
3312 5491 3370 5539 :r,
3402 5483 3583 5527 osten-

354 5569 462 5633 dit:
487 5583 540 5625 et
558 5570 812 5638 Caipbam
837 5571 1051 5640 impium
1082 5573 1220 5639 quod
1252 5569 1567 5637 expediebat
1594 5570 1808 5637 protu'it
1838 5564 2016 5639 (Joan.
2044 5571 2150 5636 tt);
2182 5566 2419 5635 quiuimo
2441 5578 2490 5619 et
2509 5567 2720 5634 quando
2744 5566 2928 5633 voluit,
2952 5565 3112 5620 asina:
3141 5564 3282 5635 loqui
3309 5564 3585 5619 articulate

355 5678 482 5719 voce
513 5663 751 5734 permisit
776 5663 964 5734 (Nunt.
996 5663 1150 5733 uti).

1366 5756 1527 5813 Salve,
1556 5755 1731 5804 Praesul
1761 5761 1916 5803 amate
1941 5752 2067 5810 Deo,
2092 5764 2179 5811 per
2199 5749 2376 5797 saecula
2398 5749 2549 5811 salve,

1427 5818 1598 5869 Totius
1617 5825 1762 5881 atque
1783 5818 1911 5867 orbis
1929 5829 1986 5877 pa
1995 5831 2005 5876 ι
2024 5830 2049 5862 ει
2075 5823 2235 5873 beate,
2254 5813 2376 5863 vale.
