3956 6220
521 328 659 386 {ME
1593 315 1870 372 LEONTH
1911 311 2367 370 NEAPOLITANI
2408 311 2713 371 EPISCOPI
3605 314 3705 375 l6l6

1931 550 1966 554 --
1977 544 2352 554 -..η-Μ-

1333 884 2113 1001 PBO(EMIUM
2197 880 2468 997 AUC
2488 883 2954 1004 TORIS.

616 1637 839 1692 Intentio
868 1638 1082 1707 quidem
1116 1655 1214 1694 una
1241 1650 1324 1694 est
1354 1650 1532 1694 nostra
1556 1651 1763 1706 quoque
1791 1644 1844 1690 et
1869 1651 2048 1689 eorum
2079 1635 2166 1705 qui
2189 1645 2310 1690 ante
2333 1650 2428 1690 nos
2455 1634 2668 1690 fuerunt
2693 1639 3070 1705 studiosorum,
3095 1650 3143 1696 et
3177 1652 3476 1698 sanctorum
3502 1645 3712 1707 virorum,

536 1746 698 1800 super
725 1735 972 1800 prtcsenti
1001 1732 1358 1788 memorabilis
1391 1731 1484 1784 viri
1523 1730 1655 1784 Vita:
1683 1727 2017 1792 narratione;
2053 1727 2102 1780 id
2146 1737 2260 1794 est,
2287 1738 2346 1781 ut
2369 1742 2432 1780 ex
2470 1729 2568 1781 hoc
2609 1728 2854 1782 omnibus
2879 1731 3088 1798 quidem
3117 1732 3344 1786 imitatio
3375 1735 3454 1802 pia
3481 1742 3531 1788 et
3556 1734 3715 1787 utilitas

536 1821 644 1884 liat,
675 1823 842 1890 gloria
872 1834 1047 1877 autem
1077 1835 1127 1879 et
1160 1823 1551 1893 m-gniﬁcentia
1601 1829 1800 1874 sancta:
1844 1827 1896 1872 et
1937 1821 2218 1873 adoranda:
2252 1817 2494 1872 Trinitali
2524 1820 2813 1885 referatur;
2843 1831 2893 1875 et
2925 1821 2977 1873 in
3006 1821 3128 1886 hoc,
3157 1823 3295 1876 sicut
3326 1832 3379 1877 et
3417 1824 3464 1877 in
3493 1827 3710 1885 omnibus.

532 1926 650 1977 qtm
679 1926 892 1981 semper
922 1914 972 1967 in
1003 1915 1399 1983 generationem
1432 1922 1483 1966 et
1511 1913 1906 1980 generationem
1939 1911 2147 1976 propria
2177 1910 2455 1963 luminaria
2480 1911 2730 1976 ostendit,
2753 1911 2817 1963 ad
2852 1911 3224 1965 illuminandos
3254 1915 3343 1979 qui
3380 1917 3429 1966 in
3461 1914 3712 1968 tenebriset

532 2002 583 2052 iu
615 2003 796 2056 umbra
829 2007 1014 2058 mortis
1044 2006 1232 2060 sedent
1258 2002 1413 2073 (Luc.
1449 2003 1487 2072 ι)
1518 2012 1570 2056 et
1602 2001 1818 2069 peccati.
1868 1999 2123 2064 Quoniam
2153 2014 2277 2063 vero
2307 2000 2460 2052 amici
2492 1999 2688 2052 Christi
2717 2015 2823 2052 non
2854 2001 3006 2054 valde
3030 2002 3311 2067 miramur,
3340 2003 3424 2071 qui
3449 2014 3560 2055 ante
3583 2018 3711 2071 gene-

531 2095 790 2148 rationem
834 2105 1066 2148 nostram
1119 2095 1328 2149 fuerunt
1377 2095 1496 2159 viri,
1525 2095 1612 2162 qui
1640 2093 1748 2146 Deo
1782 2093 1964 2158 placita
2009 2090 2410 2144 conversatione
2459 2091 2729 2157 vixerunt;
2759 2093 2851 2145 sed
2895 2091 2962 2146 de
2990 2093 3248 2148 diabolica
3291 2096 3583 2162 Operatione
3623 2097 3713 2148 illos

535 2195 807 2239 sermones
837 2202 1046 2252 semper
1071 2187 1294 2240 dicimus
1323 2185 1387 2239 ad
1418 2187 1748 2248 alterutrum,
1773 2188 1890 2252 quia
1920 2185 2016 2235 sub
2049 2183 2173 2234 viris
2202 2184 2287 2251 qui
2317 2192 2437 2235 ante
2468 2197 2564 2234 nos
2590 2182 2824 2246 fuerunt,
2850 2200 2951 2236 non
2978 2194 3091 2237 erat
3120 2187 3188 2236 ita
3217 2185 3466 2252 iniquitas
3485 2186 3710 2239 hominum

531 2274 870 2342 multiplicata
902 2278 1039 2329 sicut
1066 2278 1244 2342 modo,
1275 2287 1330 2330 ut
1359 2277 1602 2346 prmdixit
1634 2278 1806 2329 divina
1835 2276 2124 2339 Scriptura,
2157 2290 2220 2328 eo
2249 2275 2388 2343 quod
2431 2275 2713 2329 abundavit
2745 2275 3014 2344 iniquitas,
3046 2279 3345 2347 refrigescit
3374 2279 3586 2332 charitas
3610 2279 3710 2329 mul-

530 2371 701 2416 torum
735 2363 944 2432 (Matt/3.
977 2366 1157 2436 xxrv);
1193 2367 1312 2420 ideo
1337 2383 1440 2420 non
1475 2365 1710 2420 valemus
1737 2367 1800 2419 ad
1829 2381 2012 2418 eorum
2061 2380 2380 2431 consurgere
2409 2365 2650 2419 meritum
2679 2385 2691 2418 :
2719 2367 2874 2431 huius
2905 2369 2979 2420 rei
3006 2369 3171 2437 gratia
3205 2371 3270 2421 ad
3296 2381 3591 2437 pra-sentem
3614 2383 3710 2422 san-

531 2457 629 2503 ctae
661 2451 817 2519 hujus
849 2451 981 2506 Viue
1003 2455 1360 2510 narrationem
1393 2471 1457 2509 ex
1483 2465 1632 2524 parte
1660 2458 1899 2509 venimus
1927 2456 1991 2508 ad
2023 2455 2404 2508 ostendendum
2436 2458 2594 2508 etiam
2625 2457 2810 2510 diebus
2837 2461 3035 2512 nostris
3066 2459 3327 2522 volentes,
3359 2470 3411 2513 et
3437 2461 3710 2526 propositum

535 2553 689 2593 suum
717 2551 990 2610 cogentes,
1016 2545 1436 2598 excellentiores
1469 2544 1619 2598 nobis
1651 2545 2023 2609 demonstrari,
2051 2554 2104 2596 et
2133 2554 2407 2612 angustam
2449 2556 2500 2598 et
2530 2554 2728 2598 arctam
2758 2547 2895 2600 viam
2927 2562 3082 2616 posse
3125 2548 3374 2603 incedere
3406 2546 3599 2617 (Matth.
3624 2547 3699 2608 ru)

527 2641 586 2687 et
613 2635 893 2691 obstruere
922 2654 982 2692 os
1014 2639 1336 2705 loquentium
1367 2640 1541 2709 iniqua
1566 2638 1734 2709 (Psal.
1769 2639 1932 2708 an),
1967 2650 2019 2692 et
2045 2641 2236 2692 animae
2265 2655 2464 2704 nqcuos
2488 2640 2806 2697 intellectus.
3135 2669 3170 2706 ί

608 2726 719 2779 lam
752 2730 962 2796 quidem
993 2739 1046 2783 et
1074 2730 1166 2783 alii
1191 2738 1313 2783 ante
1359 2745 1455 2783 nos
1483 2731 1678 2798 optima
1731 2740 1887 2798 atque
1931 2731 2377 2784 excellentissima
2421 2731 2486 2783 de
2527 2731 2627 2784 hoc
2656 2722 2956 2806 admirabili
2992 2733 3106 2787 viro
3146 2742 3200 2786 et
3233 2749 3442 2788 summo
3481 2726 3712 2784 sacerdote

531 2817 734 2871 Joanne
768 2821 1118 2889 philosophati
1159 2832 1308 2882 sunt,
1343 2831 1580 2889 potentes
1624 2823 1912 2875 exisleutcs
1940 2822 1990 2874 in
2023 2837 2180 2890 opere
2209 2830 2263 2874 et
2293 2822 2344 2874 in
2384 2837 2650 2878 sermone.
2697 2822 2826 2878 Dico
2853 2824 2994 2876 enim
3025 2823 3286 2877 Joannem
3317 2832 3370 2875 et
3406 2819 3710 2888 Seplirouium

533 2909 616 2981 (8)
649 2912 740 2988 Dei
770 2913 1375 2979 cullores,etamatores
1401 2914 1672 2975 virtutum,
1703 2925 1755 2966 et
1787 2912 1999 2982 pietatis
2028 2928 2474 2982 prepugnatores;
2507 2925 2740 2970 attamen
2763 2915 3004 2981 quamvis
3027 2916 3156 2968 tales
3181 2923 3383 2975 essent,
3411 2913 3477 2966 de
3501 2910 3711 2977 dignitate

529 3010 584 3056 et
604 3002 795 3056 merito
823 3003 978 3058 studii
1008 3003 1102 3058 viri
1135 3006 1285 3058 istius
1317 3012 1370 3058 et
1409 3003 1506 3070 ipsi
1535 3003 1870 3065 omiserunt,
1896 3011 1948 3056 et
1979 3002 2202 3070 idipsum
2237 3003 2469 3070 perpessi
2510 3013 2655 3068 sunt,
2684 3004 2821 3071 quod
2853 3003 3089 3057 nonnulli
3117 3003 3342 3056 studiosi
3383 3000 3624 3068 agricolae,
3651 2996 3710 3047 vi-

531 3104 684 3143 neam
714 3093 932 3145 uberem
965 3102 1015 3146 et
1049 3091 1374 3146 fructuosam
1404 3094 1822 3157 vindemiantes;
1854 3106 1972 3143 nam
2007 3093 2307 3159 relinquunt
2337 3093 2516 3160 utique
2546 3108 2607 3145 ex
2637 3092 2804 3146 fructu
2831 3093 3276 3154 benedictionem,
3310 3095 3464 3146 etiam
3493 3089 3708 3145 nolentes.

529 3189 673 3231 retro
703 3193 762 3232 se
793 3182 1136 3248 sequentibus
1167 3181 1344 3249 egenis
1374 3183 1691 3254 eligentibus
1723 3182 1927 3236 vineam
1950 3226 1963 3248 ,
1993 3197 2057 3234 ex
2088 3182 2278 3250 quibus
2315 3196 2498 3234 suuzus
2527 3193 2579 3236 et
2609 3197 2705 3236 nos
2736 3183 2960 3235 minimi.
3007 3183 3136 3236 Nam
3166 3194 3217 3238 et
3248 3197 3433 3236 omnes
3458 3179 3604 3233 sancti
3627 3176 3708 3240 isti,

529 3276 772 3341 quamvis
799 3278 937 3328 omni
966 3275 1276 3330 fortitudine
1304 3293 1394 3329 sua
1421 3276 1742 3330 fructiferam
1775 3275 1910 3328 hanc
1933 3275 2148 3338 olivam,
2173 3289 2289 3341 qua:
2317 3275 2551 3348 indomo
2577 3275 2689 3338 Dei,
2714 3287 2768 3327 ut
2795 3275 2868 3328 ait
2893 3274 3167 3328 Psalmista
3195 3273 3372 3343 (Psal.
3403 3272 3495 3348 LI),
3525 3280 3710 3341 plantat:

528 3371 629 3432 est,
663 3375 875 3430 propter
907 3367 1221 3431 multiplices
1253 3381 1434 3421 revera
1482 3369 1670 3430 olivas,
1711 3381 1829 3434 quae
1859 3367 1912 3418 in
1942 3380 2002 3418 ea
2030 3375 2184 3428 sunt,
2215 3369 2331 3420 zelo
2368 3345 2458 3418 Dei
2505 3367 2829 3420 vindemiare
2873 3366 3190 3429 studueriut,
3221 3378 3457 3425 attamen
3487 3369 3619 3429 latuit
3640 3379 3711 3418 eos

526 3453 725 3508 multus
757 3455 906 3508 oliva:
937 3452 1160 3520 fructus,
1181 3455 1404 3509 Domino
1432 3457 1788 3524 dispensante.
1807 3455 2048 3506 Nostram
2073 3467 2198 3518 ergo
2218 3455 2374 3507 vilem
2400 3462 2453 3506 et
2479 3451 2719 3520 frigidam
2744 3455 3067 3507 alacritatem
3092 3460 3442 3526 Suscipite,ut
3459 3459 3551 3510 duo
3574 3453 3710 3506 vidua

526 3544 731 3597 minuta
760 3541 934 3614 (Luca
963 3557 1106 3609 xxi);
1142 3561 1244 3599 non
1277 3546 1414 3598 enim
1445 3547 1548 3600 illis
1578 3546 1920 3600 detrahentes
1941 3585 1957 3611 ,
1987 3558 2158 3612 neque
2190 3545 2274 3610 qui
2309 3543 2570 3612 possimus
2597 3557 2778 3595 eorum
2809 3560 2836 3595 a
2869 3544 2978 3598 Deo
3001 3544 3255 3603 donatam
3301 3550 3595 3617 sapientiam
3619 3541 3709 3597 imi-

525 3634 649 3698 tari,
673 3633 799 3703 justi
830 3642 974 3701 gesta
1008 3636 1282 3702 scripturae
1315 3635 1524 3688 tradere
1552 3633 1952 3697 testium-imus;
1983 3633 2074 3684 sed
2107 3633 2278 3698 primo
2307 3631 2520 3698 quidem
2550 3643 2603 3684 ut
2641 3631 2776 3700 quod
2807 3633 3148 3705 intelligimus
3175 3655 3279 3690 mm
3306 3640 3498 3707 justum
3520 3649 3637 3692 esse.
3659 3642 3706 3684 α

529 3736 649 3792 qua
676 3731 901 3790 possunt
942 3724 1220 3778 utilitatem
1252 3725 1582 3777 audientibus
1627 3721 1819 3786 facere,
1851 3722 2064 3776 silentio
2106 3721 2411 3784 occultare;
2444 3739 2508 3774 ne
2536 3730 2588 3774 et
2622 3737 2722 3775 nos
2755 3723 3047 3778 incidamus
3070 3730 3123 3779 in
3158 3725 3573 3791 iuilicium'seni
3594 3722 3704 3802 illius

540 3812 760 3882 (Matth.
793 3816 936 3883 xxv),
961 3813 1048 3882 qui
1132 3813 1399 3870 talentum
1464 3815 1518 3869 in
1584 3823 1730 3868 terra
1815 3811 2111 3865 abscondit.
2140 3811 2384 3865 Secundo
2405 3821 2596 3879 autem,
2629 3820 2690 3867 ut
2718 3813 2769 3865 in
2799 3813 2897 3867 hac
2923 3813 3226 3866 narratione
3259 3821 3436 3865 nostra
3463 3805 3702 3863 correctio-

540 3917 628 3956 res
652 3909 706 3955 et
733 3901 1073 3955 delectabiles
1123 3901 1358 3953 historia:
1402 3900 1817 3962 conscribuntur,
1851 3915 1968 3964 qua:
2007 3899 2215 3966 scriptae
2245 3915 2348 3952 non
2378 3907 2501 3952 sunt
2539 3901 2604 3952 ab
2637 3900 2852 3965 optimis
2897 3900 3044 3963 viris,
3078 3901 3126 3951 iu
3159 3900 3407 3954 laudibus
3432 3889 3699 3952 sanctissimi

542 4005 723 4045 revera
750 3999 906 4058 atque
929 3989 1213 4042 beatissimi
1243 3987 1480 4042 Joannis.
1509 3987 1706 4041 Deinde
1734 4003 1880 4048 vero,
1905 3989 2024 4055 quia
2050 3988 2312 4054 sapientes
2334 3998 2386 4042 ct
2408 3997 2645 4057 potentes
2662 3989 2714 4042 iu
2738 4003 3001 4053 sermone,
3026 3999 3292 4043 amatores
3316 3991 3540 4044 historiz
3563 3991 3701 4042 erant.

543 4082 810 4147 sapienter
839 4091 890 4132 et
920 4079 1216 4132 sublimiter
1243 4077 1513 4129 materiam
1546 4077 1898 4147 depinxerunt
1925 4095 1939 4131 :
1964 4077 2101 4145 quod
2131 4080 2358 4134 maxime
2378 4095 2427 4133 et
2453 4083 2770 4148 peramplius
2797 4085 2965 4136 erexit
2993 4097 3088 4136 uos
3115 4087 3180 4136 ad
3212 4092 3521 4149 prteseutem
3550 4076 3703 4131 sollici-

544 4169 798 4232 tudinem,
828 4178 880 4222 ut
908 4183 970 4220 eo
999 4169 1084 4235 qui
1113 4169 1249 4219 inest
1275 4168 1445 4229 nobis,
1477 4166 1726 4234 pedestri,
1759 4168 2005 4236 deformi,
2039 4168 2326 4238 humilique
2371 4172 2678 4227 charactere
2707 4188 3100 4240 enarraretuus,
3126 4183 3184 4228 ut
3212 4187 3397 4244 posset
3421 4186 3474 4229 et
3508 4174 3642 4226 idiota
3664 4176 3702 4220 et

543 4260 659 4313 sine
688 4259 873 4311 litteris
904 4259 971 4311 de
1000 4259 1082 4310 his
1105 4272 1220 4326 qua:
1250 4257 1495 4310 dicuntur
1526 4257 1791 4324 prolicere.
