4024 6232
388 373 524 433 ibi!)

1436 379 1709 436 LEONTII
1751 358 2212 438 NLxPoLI'rANt
2256 381 2567 437 EPISCOPI

3493 386 3634 443 {620

392 502 607 557 mittens
656 512 749 569 per
797 504 955 552 totam
1000 494 1261 548 civitatem
1311 493 1523 547 eosdem
1580 491 1671 545 Dei
1722 491 1949 553 amicos,
1983 497 2029 552 Α
2060 506 2202 550 eum.
2233 508 2297 546 ne
2325 494 2519 557 tardet,
2549 496 2641 550 sed
2671 496 2796 550 illud
2830 497 3107 566 Prophetm
3137 499 3333 555 dictum
3379 500 3619 570 protinus

325 624 329 629 η
391 607 701 649 meonomos
744 600 794 645 et
841 588 1184 643 cancellarios
1216 584 1366 653 (l9),
1399 598 1453 637 et
1499 585 1731 652 reliquos
1759 583 1949 650 quibus

391 695 507 741 erat
537 684 810 750 dispositio
834 679 1064 733 civitatis
1092 677 1312 740 credita,
1341 692 1443 728 non
1475 676 1716 743 permisit
1741 687 1952 726 mensu-

392 790 506 829 ram
535 773 973 839 qualemcunque,
1005 768 1083 819 vel
1114 768 1316 835 pondus
1349 781 1562 834 parvum
1594 766 1674 819 vel
1705 779 1951 831 magnum

390 866 444 919 in
473 874 579 917 tota
615 863 854 925 civitate;
889 859 984 913 sed
1030 859 1205 910 omnia
1239 858 1291 910 in
1339 872 1438 909 una
1484 858 1750 923 Campana
1794 864 1956 908 state-

393 969 449 1008 ra
481 953 618 1022 (‘20),
647 951 819 1004 modio
844 961 894 1003 et
924 949 1104 1002 artabe
1129 946 1265 1019 (2t),
1293 949 1520 999 vendere
1551 953 1603 997 et
1632 959 1808 999 eruere
1834 958 1956 995 con-

391 1042 701 1104 testabatur,
730 1036 970 1095 scribens
993 1040 1042 1091 itt
1072 1037 1460 1101 Subscriptione
1484 1050 1578 1088 Sua
1598 1035 1952 1087 conditionem

392 1146 489 1204 per
535 1146 750 1185 onmem
802 1132 1113 1199 regionen‘t,
1167 1128 1452 1179 bnhrntem
1506 1131 1725 1177 l‘urmatn
1778 1124 1952 1176 hanc:

394 1239 419 1276 ι
453 1223 684 1279 Joannes
716 1222 932 1274 humilis
969 1231 1021 1273 et
1065 1222 1285 1287 exiguus
1326 1234 1509 1270 servus
1551 1231 1821 1269 servorum
1854 1215 1957 1267 Do-

391 1313 523 1368 mini
568 1313 732 1364 t=ostri
781 1310 905 1363 .lesu
952 1308 1166 1370 Christi,
1213 1309 1455 1358 omtnhus
1498 1308 1596 1359 sub
1648 1312 1956 1373 paupertate

394 1412 578 1459 nostra
606 1399 943 1467 degentibus,
984 1398 1175 1465 quique
1199 1396 1266 1447 ab
1304 1397 1492 1447 eodem
1523 1393 1745 1447 Domino
1772 1401 1825 1448 et
1850 1394 1957 1446 Deo

393 1502 577 1545 nostro
607 1489 868 1556 regimini,
904 1488 1052 1539 haec:
1082 1486 1304 1554 Egregie
1327 1486 1481 1538 beato
1506 1485 1691 1547 Paulo,
1722 1499 1814 1551 per
1833 1499 1953 1537 eum

396 1581 485 1651 qui
513 1582 565 1633 in
593 1595 657 1633 eo
687 1580 1020 1647 loquebatur,
1044 1578 1311 1630 Christum
1337 1577 1560 1644 jubente
1581 1617 1595 1637 ,
1622 1586 1677 1631 et
1709 1577 1957 1631 omnibus

393 1672 565 1739 legem
615 1677 860 1737 ponente,
896 1667 1116 1722 Obedite
1147 1668 1444 1735 praepositis
1473 1666 1660 1721 reatris
1689 1677 1743 1720 et
1779 1666 1957 1735 subjo-

392 1770 510 1815 cete
530 1760 639 1824 eis;
668 1760 768 1826 ipsi
792 1758 934 1812 enim
969 1757 1316 1825 pervigilant,
1361 1758 1512 1826 quasi
1562 1757 1820 1810 rationem
1861 1769 1958 1824 pro

2053 582 2586 639 exclamamus:Cito
2631 589 2887 655 anticipet
2933 605 3027 643 nos
3082 591 3441 645 misericordia
3492 600 3618 657 tua,

2056 669 2273 722 Domine
2302 672 2471 739 (Ps-.1.
2511 678 2768 744 Lxxvni);
2804 680 3070 746 quomodo
3092 723 3105 745 ,
3152 688 3335 748 putas,
3366 695 3463 733 nos
3487 695 3623 734 con-

2052 774 2326 814 servorum
2346 775 2647 821 nostrorum
2674 770 2951 837 petitiones
2974 786 3092 823 cum
3116 771 3260 823 omni
3287 771 3624 826 festinatione

2054 852 2310 927 debemus
2331 872 2607 925 peragere,
2635 876 2896 914 memores
2914 862 3117 915 Domini
3139 863 3362 916 dicentis
3391 880 3403 915 :
3439 865 3490 916 ιιι
3516 878 3622 927 qua

2055 961 2301 1001 mensura
2331 951 2497 1002 mensi
2521 952 2744 1013 fueritis,
2774 954 3079 1007 remetietur
3103 955 3248 1007 vobis
3271 953 3480 1023 (Matth.
3499 955 3620 1020 vn).

2058 1034 2125 1086 Et
2187 1037 2462 1101 l’rOphetae
2507 1039 2694 1091 iterum
2750 1042 3070 1107 pet-ltihentis
3105 1057 3120 1093 :
3162 1041 3625 1108 Quemadmodum

2055 1124 2344 1190 perfecisti.
2378 1128 2483 1179 erit
2516 1128 2648 1181 tibi?
2674 1131 2782 1182 Una
2808 1148 2933 1199 ergo
2956 1132 3161 1185 dierum
3179 1133 3336 1185 simili
3366 1132 3523 1185 modo
3541 1133 3627 1186 hic
3667 1174 3673 1179 .

2062 1214 2322 1268 mirabilis
2352 1219 2665 1284 procedens,
2687 1229 2743 1273 et
2764 1223 2812 1273 in
2836 1224 2992 1276 solito
3012 1223 3127 1296 loco
3152 1224 3437 1282 insidens
3458 1238 3628 1291 usque

2057 1303 2122 1354 ad
2156 1304 2337 1357 horam
2384 1308 2617 1374 quintam
2644 1352 2658 1373 ,
2708 1322 2760 1363 et
2806 1316 3019 1365 nemine
3048 1312 3336 1366 accedente
3358 1354 3371 1376 ,
3405 1323 3630 1367 mmstus

2058 1401 2113 1444 et
2140 1394 2529 1464 collacrymaus
2560 1400 2808 1461 recessit;
2842 1401 2988 1453 nullo
3036 1411 3209 1453 autem
3254 1400 3482 1455 audente
3505 1416 3627 1455 eum

2060 1482 2397 1552 interrogare
2418 1500 2630 1538 causam
2661 1492 2923 1556 mteroris,
2956 1498 3171 1543 sanctus
3201 1490 3533 1557 Sophronius
3556 1492 3631 1545 ait

2057 1572 2124 1624 ad
2152 1588 2272 1626 eum
2302 1587 2508 1628 secreto
2537 1579 2666 1644 (illic
2688 1580 2827 1633 enim
2855 1587 2970 1632 erat
2994 1582 3173 1649 tunc):
3200 1581 3325 1646 Quae
3346 1597 3501 1637 causa
3521 1590 3629 1647 est,

2061 1662 2156 1715 Dei
2186 1676 2420 1731 curator,
2447 1668 2722 1720 retinentis
2748 1668 2981 1723 animum
3012 1680 3158 1724 tuum
3188 1681 3432 1726 sanctum
3465 1673 3633 1727 tristi-

2061 1754 2184 1808 tite?
2202 1769 2387 1810 omnes
2407 1758 2601 1826 quippe
2622 1773 2718 1812 nos
2744 1773 2966 1827 repente
2983 1763 3341 1818 conturbavit.
3368 1764 3468 1830 Qui
3495 1764 3633 1818 dixit

392 1849 669 1902 animabus
698 1848 889 1902 vestris
920 1847 1193 1901 ‘reddituri
1225 1846 1411 1916 (Hebr.
1443 1849 1555 1915 xm)
1588 1865 1600 1898 :
1630 1847 1801 1901 credit
1837 1855 1957 1900 tan-
1994 1854 2037 1912 Β
2062 1846 2113 1900 ei
2145 1856 2418 1902 mansueta
2452 1864 2616 1904 voce:
2653 1851 2816 1906 Hodie
2847 1853 2962 1921 (23)
2993 1854 3210 1909 humilis
3238 1855 3476 1910 JOannes
3499 1870 3637 1925 qua-

397 1939 582 1994 tillitas
611 1955 753 2004 mea,
782 1940 945 1993 verbo
981 1939 1162 1993 divino
1201 1939 1510 1993 obedientes
1542 1954 1665 2003 vos,
1692 1939 1963 2007 suscipere

396 2036 678 2104 petitiones
706 2043 917 2088 nostras
940 2043 997 2088 ut
1024 2050 1092 2088 ex
1122 2034 1250 2095 Deo,
1269 2044 1323 2088 et
1343 2050 1444 2086 non
1469 2049 1530 2088 ex
1553 2033 1798 2098 homine;
1823 2034 1962 2087 unde

400 2125 500 2179 hoc
527 2125 703 2180 sciens
725 2164 744 2189 ,
773 2139 965 2179 moneo
993 2125 1306 2178 cbaritatem
1340 2136 1565 2179 vestiam
1592 2168 1608 2190 ,
1657 2135 1714 2179 ut
1760 2139 1961 2192 nequa-

401 2229 558 2280 quam
606 2214 661 2267 in
708 2215 953 2281 quopiam
1010 2225 1243 2267 vestrum
1295 2222 1547 2280 appareat
1597 2213 1960 2280 hujuscemodi

401 2305 786 2373 pravaricatio.
819 2305 1086 2375 Denique,
1121 2316 1175 2359 ut
1203 2308 1277 2358 ait
1305 2307 1483 2359 divina
1508 2309 1779 2373 Scriptura
1803 2347 1818 2372 ,
1845 2308 1964 2360 Sta-

402 2408 566 2454 tcram
591 2415 831 2469 magnam
854 2408 909 2457 et
927 2416 1138 2467 paruam
1166 2401 1288 2455 odio
1316 2400 1472 2453 habet
1499 2400 1633 2453 Deus
1660 2398 1842 2467 (Prov.
1867 2399 1964 2467 χι).

401 2495 455 2549 Si
492 2510 617 2549 vero
646 2497 764 2563 quis
795 2495 1099 2565 apparuerit
1128 2506 1248 2564 post
1275 2504 1591 2563 praesentem
1618 2492 1969 2559 subscriptio-

405 2590 487 2642 nis
512 2596 703 2640 nostrae
727 2582 1112 2651 conditionem,
1146 2586 1443 2639 istiusmodi
1471 2587 1677 2641 crimen
1705 2584 1964 2645 incidens,

404 2679 679 2735 universas
706 2677 983 2732 facultates
1019 2692 1143 2732 suas
1188 2678 1543 2748 indigenfibus
1563 2720 1578 2743 ,
1612 2693 1712 2731 non
1743 2678 1927 2731 volens
1952 2720 1966 2744 ,

404 2770 521 2824 sine
548 2769 813 2830 mercede,
840 2776 1088 2833 apponet.
1124 2787 1143 2820 ι
1175 2770 1333 2835 Ergo,
1361 2780 1417 2822 ut
1445 2769 1656 2835 dignum
1686 2774 1965 2834 memoria,

404 2866 461 2911 ct
491 2856 593 2911 hoc
620 2855 790 2925 ipsum
822 2856 1089 2925 publicum
1120 2870 1440 2927 praceptum
1475 2860 1558 2912 hic
1590 2875 1787 2927 ponere
1824 2860 1969 2913 festi-

405 2960 665 3002 navrmus.

478 3035 606 3091 CAP.
638 3035 724 3090 IV.
753 3063 823 3078 --
854 3035 1092 3091 Relatum
1123 3046 1206 3091 e~t
1229 3047 1408 3091 autem
1439 3037 1720 3106 aliquando
1745 3038 1862 3089 huic
1889 3038 1970 3090 di-

409 3125 607 3179 vinitus
633 3126 948 3192 sapientiam
974 3138 1281 3191 consecrato,
1317 3127 1458 3193 quod
1490 3143 1582 3194 per
1612 3127 1762 3180 xenia
1792 3128 1967 3179 eccle-

2064 1936 2379 2007 lemcunque
2409 1942 2705 1993 mercedem
2741 1956 2770 1994 a
2802 1958 3047 2010 quopiam
3083 1958 3186 1996 non
3221 1944 3429 2008 habuit,
3459 1959 3633 2012 neque

2064 2028 2273 2082 Christo
2302 2043 2398 2097 pro
2431 2030 2722 2084 innumeris
2750 2036 2981 2101 peccatis
3010 2034 3124 2102 ejus
3158 2035 3355 2102 aliquid
3374 2035 3622 2100 obtulit,

2071 2119 2208 2172 sicut
2244 2135 2341 2174 nec
2366 2122 2669 2191 aliquando.
2703 2125 2799 2177 Cui
2826 2134 3042 2180 sanctus
3071 2126 3405 2195 Sephronius
3442 2128 3635 2181 divini-

2066 2221 2150 2266 tus
2177 2214 2460 2281 inspiratus
2484 2258 2497 2278 ,
2535 2218 2809 2282 reSpondit
2839 2218 2984 2290 (mox
3028 2221 3168 2272 enim
3200 2219 3461 2274 intellexit
3508 2235 3635 2273 cau-

2067 2319 2178 2358 sam
2223 2306 2290 2357 ob
2337 2320 2492 2373 quam
2540 2306 2680 2358 idem
2731 2306 3037 2360 tristabatur
3078 2307 3435 2375 patriarcha}:
3469 2307 3639 2361 Hodie

2066 2395 2277 2464 qu'dem
2302 2395 2531 2461 gaudere
2580 2400 2635 2447 et
2696 2394 2867 2453 laetari
2959 2401 3223 2466 oportet,
3296 2396 3634 2459 beatissime;

2070 2486 2328 2538 veraciter
2358 2486 2498 2538 enim
2526 2485 2863 2540 beatissimus
2890 2500 2948 2540 es
2971 2529 2986 2553 ,
3019 2487 3088 2538 ita
3121 2488 3405 2554 pacificans
3431 2503 3457 2538 a
3483 2488 3639 2540 Chri-

2069 2583 2151 2629 sto
2178 2576 2435 2629 creditum
2470 2576 2561 2629 tibi
2591 2591 2838 2646 gregem,
2887 2586 2943 2630 ut
2985 2577 3180 2630 nullam
3229 2578 3422 2632 habeat
3451 2587 3640 2629 contra

2070 2668 2371 2734 proximum
2416 2680 2571 2719 suum
2620 2667 2764 2719 litem
2820 2675 2909 2719 aut
2952 2668 3304 2730 dubietatem,
3359 2668 3453 2721 sed
3491 2667 3640 2720 velut

2070 2762 2285 2830 angelos
2316 2761 2430 2816 sine
2459 2762 2626 2832 litigio
2648 2770 2702 2814 et
2728 2760 2844 2814 sine
2868 2760 3072 2831 jllillt'io
3103 2762 3346 2816 homines
3392 2776 3511 2816 esse
3555 2763 3635 2814 fe-

2070 2851 2211 2902 cisti.
2250 2850 2341 2904 llie
2387 2860 2561 2909 autem
2608 2867 2733 2906 vere
2773 2853 2919 2906 mitis
2965 2863 3165 2920 pastwr,
3221 2857 3450 2907 credens
3496 2853 3638 2918 quod

2072 2941 2270 2994 dictum
2303 2955 2413 2995 erat
2442 2957 2625 2997 verum
2655 2959 2796 3013 esse,
2818 2947 3001 2998 oculos
3028 2947 3079 2999 in
3108 2948 3299 2999 coelum
3327 2945 3643 3012 extendens,

2075 3030 2281 3083 dicebat
2310 3047 2324 3084 :
2354 3029 2563 3085 Gratias
2592 3047 2690 3100 ago
2719 3035 2846 3100 tibi,
2878 3036 3013 3089 Deus
3035 3074 3050 3099 ,
3095 3037 3215 3104 quia
3240 3046 3295 3089 et
3327 3036 3641 3089 innueritam

2076 3121 2561 3187 pusillanimitatem
2593 3138 2763 3177 meam
2795 3125 3094 3179 sacerdotio
3128 3125 3269 3194 fungi
3296 3168 3309 3189 ,
3338 3134 3392 3179 et
3413 3141 3497 3178 me
3527 3127 3643 3178 exi-

412 3216 506 3268 sia:
527 3225 764 3269 rectores
786 3218 943 3283 empti
974 3230 1226 3283 personas
1254 3218 1557 3284 acciperent
1583 3217 1722 3268 circa
1747 3217 1973 3281 disposi-
2001 3201 2047 3264 C
2079 3226 2237 3281 gnum
2266 3221 2319 3265 et
2351 3225 2676 3279 pecca'orem
2704 3253 2719 3278 ,
2767 3215 3096 3268 sacerdotem
3146 3223 3292 3268 tuum
3345 3215 3553 3278 vocari,
3590 3206 3645 3267 ei

415 3304 590 3359 tiones
614 3307 962 3372 captivorum.
987 3306 1130 3370 Quos
1154 3305 1282 3359 nihil
1309 3307 1594 3374 negligens,
1625 3310 1933 3359 convocavit
1958 3323 1972 3372 ;

412 3402 465 3448 et
491 3396 755 3448 neminem
788 3395 996 3462 penitus
1017 3410 1355 3464 exasperatis,
1384 3398 1690 3461 superauxit
1708 3399 1978 3451 mercedes

413 3500 530 3553 qua!
578 3486 658 3539 eis
706 3484 848 3553 prius
875 3485 1153 3552 dabantur,
1202 3501 1402 3549 ponens
1429 3487 1680 3552 verbum,
1721 3496 1978 3550 quati-nus

414 3594 633 3634 munera
661 3596 689 3632 a
717 3581 954 3647 quolibet
974 3581 1295 3634 omnimodis
1326 3596 1429 3632 non
1456 3580 1765 3643 acciperent
1790 3596 1803 3632 :
1834 3580 1978 3643 Quo-

416 3673 583 3736 niam,
616 3673 817 3740 inquit,
849 3673 1294 3742 ignis-consumet
1332 3672 1523 3725 domos
1569 3686 1786 3725 munera
1834 3672 1977 3724 acci-

419 3765 692 3830 pirntinm.
721 3766 792 3818 Ex
824 3776 950 3821 tunc
987 3765 1144 3833 igitur
1174 3780 1267 3832 per
1291 3765 1515 3832 gratiam
1548 3764 1640 3818 Dei
1677 3764 1981 3818 abundave-

420 3865 542 3906 ruut
570 3855 760 3909 dumos
787 3871 989 3922 eorum,
1024 3858 1092 3910 ita
1125 3865 1180 3909 ut
1208 3855 1421 3924 quidam
1452 3871 1521 3910 ex
1551 3860 1628 3912 eis
1657 3856 1850 3910 additze
1879 3854 1979 3909 sibi

419 3946 681 4000 mercedis
708 3950 1051 4014 quantitatem
1082 3947 1425 4001 dimitterent.
1512 3972 1527 3989 ι
1929 3994 1947 4009 ,

486 4033 616 4088 Car.
652 4035 712 4092 γ.
740 4066 811 4076 -
835 4037 1051 4091 01500115
1077 4051 1199 4090 vero
1226 4037 1509 4105 aliquando
1548 4036 1742 4089 iterum
1782 4037 1871 4089 ille
1902 4044 1982 4089 ter

418 4125 587 4190 dives,
617 4127 754 4192 quod
785 4127 994 4195 quidam
1028 4127 1271 4191 injuriim
1304 4135 1612 4192 paterentur
1638 4129 1706 4179 ab
1734 4126 1984 4179 adversa-

423 4215 514 4268 riis
538 4217 669 4281 suis,
693 4226 746 4271 et
776 4220 1012 4270 volentes
1054 4218 1203 4271 adire
1230 4232 1380 4282 eum,
1416 4218 1606 4271 timore
1633 4218 1980 4271 cancellario-

420 4328 535 4367 rum
568 4302 621 4367 et
640 4313 879 4367 ecclesia:
901 4312 1239 4366 defensorum
1276 4311 1390 4380 (2‘2)
1431 4323 1592 4379 atque
1616 4313 1667 4366 ei
1699 4312 1982 4366 astantium

421 4403 849 4473 prohiberentur,
877 4403 1230 4457 consideravit
1262 4402 1366 4456 tale
1404 4402 1529 4471 quid
1562 4403 1671 4456 Deo
1708 4413 1983 4471 acceptum

419 4496 722 4565 negotium;
752 4506 805 4548 et
852 4502 1034 4562 quarta
1075 4504 1129 4547 et
1174 4503 1324 4546 sexta
1357 4493 1486 4546 feria
1533 4492 1742 4560 publice
1782 4507 1986 4559 ponens

2018 3364 2028 3375 .
2079 3316 2298 3370 pascere
2328 3303 2695 3357 rationabilem
2726 3320 2940 3373 gregem
2973 3317 3119 3359 tuum
3149 3305 3394 3375 dignatus
3427 3322 3505 3359 cs.
3529 3306 3645 3360 Mox

2080 3407 2206 3459 ergo
2232 3393 2663 3459 pusillanimitate
2692 3396 2834 3448 omni
2865 3395 3105 3462 deposita
3126 3436 3141 3461 ,
3185 3396 3433 3465 gaudium
3465 3393 3514 3448 iu
3546 3394 3646 3447 hu-

2081 3482 2303 3537 militate
2344 3486 2563 3537 multum
2612 3483 2686 3537 illi
2729 3484 2916 3538 adfuit.
2954 3486 3100 3539 llunc
3151 3500 3275 3541 vero
3320 3487 3404 3553 (ut
3429 3485 3644 3553 quidam

2082 3571 2251 3641 aiunt)
2294 3573 2345 3627 in
2379 3573 2480 3628 hoc
2523 3574 2762 3627 imitatus
2805 3584 2887 3629 est
2925 3575 3345 3640 Constantinus,
3392 3574 3481 3643 qui
3529 3586 3647 3643 post

2082 3661 2380 3716 Heracliam
2412 3664 2781 3731 imperatorem
2809 3667 3048 3733 exstitit,
3081 3667 3233 3735 cujus
3265 3676 3320 3721 et
3343 3667 3478 3720 filius
3509 3677 3647 3721 erat.

2151 3751 2280 3807 CAP.
2307 3752 2397 3808 Vl.
2422 3781 2493 3794 —
2522 3752 2688 3823 Hujus
2730 3755 2902 3808 sancti
2951 3757 3268 3822 patriarchae
3322 3757 3647 3822 temporibus

2082 3844 2430 3898 ascendentes
2466 3844 2643 3899 Persae
2679 3844 3213 3915 (24)captivaverunt
3258 3854 3313 3900 et
3358 3848 3646 3915 deprmdati

2083 3944 2206 3989 sunt
2247 3935 2481 4005 Syriam.
2529 3935 2715 4004 Itaque
2766 3952 2902 4005 pene
2955 3951 3142 3991 omnes
3193 3942 3278 4004 qui
3333 3938 3645 4006 elfugiebant

2085 4041 2271 4079 manus
2302 4027 2602 4092 Persarum,
2626 4028 2692 4080 ad
2716 4044 2905 4082 nomen
2931 4029 3086 4097 hujus
3110 4040 3188 4082 ter
3210 4029 3373 4093 beui,
3404 4038 3647 4096 tanquam

2084 4120 2146 4171 ad
2177 4130 2383 4186 portum
2440 4122 2557 4175 sine
2604 4120 2762 4173 ﬂuctu
2791 4123 3171 4184 accurrebant,
3217 4121 3283 4174 ab
3333 4109 3399 4174 eo
3447 4135 3499 4172 et
3552 4122 3647 4186 ipsi

2084 4211 2332 4279 sulfragio
2382 4221 2435 4265 et
2481 4213 2815 4280 susceptione
2863 4212 3062 4281 perfrui
3115 4214 3466 4282 postulantes.
3509 4212 3648 4278 Quos

2086 4302 2272 4357 beatus
2302 4304 2404 4358 iste
2443 4306 2674 4372 hospitio
2706 4306 3020 4372 recipiebat,
3056 4316 3109 4359 et
3140 4307 3515 4359 consolabatur
3547 4321 3649 4355 non

2087 4400 2333 4457 tanquam
2363 4393 2616 4460 captivos.
2646 4392 2737 4445 sed
2761 4380 2908 4460 quasi
2937 4406 3121 4447 natura
3144 4396 3405 4448 veraciter
3434 4394 3646 4448 fratres.

2085 4482 2345 4533 Continuo
2372 4498 2497 4549 ergo
2531 4484 2766 4550 plagatos
2795 4484 3006 4551 quidem
3034 4492 3088 4537 et
3118 4484 3360 4536 infirmos
3401 4484 3451 4535 in
3486 4498 3648 4544 xeno-

419 4589 605 4643 ςειιεηι
637 4599 689 4641 ει
728 4589 833 4640 duo
856 4602 1094 4651 scamna.
1124 4585 1346 4640 scapha;
1387 4595 1510 4638 ante
1538 4585 1842 4651 ecclesiam,
1868 4586 1981 4639 col-
2013 4574 2061 4631 D
2086 4574 2290 4627 docbiis
2330 4585 2382 4627 et
2425 4576 2741 4626 nosocutniis
2773 4575 2896 4628 fecit
2926 4576 3240 4629 recumbere
3264 4616 3277 4639 ,
3333 4575 3648 4642 praecipiens

421 4681 644 4747 loquens
671 4680 979 4747 quibusdam
1007 4679 1237 4733 strenuis
1259 4679 1408 4744 viris,
1434 4687 1523 4730 aut
1544 4686 1722 4732 sancta
1746 4676 1983 4744 Evange-

420 4767 487 4820 lia
519 4782 625 4834 prae
640 4768 882 4821 manibus
904 4778 1116 4831 tenens,
1143 4769 1344 4821 nullum
1371 4767 1500 4820 tanti
1524 4767 1760 4836 obsequii
1789 4782 1982 4835 appro-

418 4859 675 4925 pinquare
718 4857 818 4910 sibi
872 4858 1221 4923 permittens,
1272 4865 1494 4922 excepto
1543 4873 1650 4912 uno
1700 4858 1980 4913 defensore

411 4948 676 5009 ecclesize,
708 4948 974 5002 licentiam
1005 4957 1057 5001 et
1085 4950 1460 5004 confidentiam
1486 4950 1614 5005 dare
1646 4952 1902 5007 festinans
1922 4966 1983 5005 se

409 5040 556 5093 adire
578 5040 909 5106 volentibus;
945 5039 1135 5109 quibus
1163 5051 1216 5093 et
1254 5041 1534 5095 confestim
1577 5043 1716 5111 quod
1759 5044 1973 5111 dignum

408 5140 546 5193 erat,
579 5146 672 5197 per
699 5132 938 5186 ecclesias
968 5131 1277 5186 defensores
1308 5130 1570 5197 faciebat;
1603 5143 1657 5187 et
1701 5134 1976 5202 praecipie-

409 5219 500 5274 bat
527 5228 587 5273 ut
616 5236 771 5277 nemo
800 5237 981 5278 eorum
1009 5232 1266 5291 gustaret,
1299 5223 1644 5293 quoadusque
1670 5225 1981 5278 ordinareut.

408 5313 719 5380 capitulum.
744 5313 811 5368 Et
846 5314 1185 5369 audientibus
1230 5314 1554 5368 dicebat:Si
1596 5329 1691 5368 nos
1734 5315 1974 5369 homines

405 5402 734 5466 existentes,
780 5405 1184 5471 permissionem
1235 5420 1448 5471 semper
1489 5421 1583 5471 pro
1630 5405 1973 5474 petitionibus

412 5493 608 5545 nostris
638 5492 893 5547 habemus
925 5496 1249 5562 ingrediendi
1278 5497 1495 5550 domum
1528 5496 1642 5564 Dei,
1679 5504 1733 5550 et
1763 5496 1973 5562 petitio-

415 5593 511 5632 nes
538 5586 748 5634 nostras
778 5592 929 5635 notas
957 5582 1131 5637 facere
1160 5585 1206 5637 ei
1228 5626 1241 5646 ,
1271 5585 1517 5639 videlicet
1552 5585 1870 5640 intractabili
1912 5601 1973 5639 ac

412 5664 559 5719 omni
587 5674 840 5720 creaturae
864 5673 1278 5734 supereminenti
1297 5714 1310 5735 ,
1341 5684 1499 5743 atque
1527 5690 1741 5743 operam
1782 5674 1968 5727 damus

409 5770 520 5827 quo
563 5765 746 5813 Preces
774 5767 965 5807 nostrm
1010 5758 1344 5820 impleantur,
1369 5777 1466 5815 nec
1506 5779 1609 5816 non
1635 5773 1685 5817 ct
1725 5778 1978 5824 rogamus

2084 4677 2266 4717 curam
2314 4665 2392 4716 eis
2433 4671 2487 4715 et
2532 4665 2842 4716 medicinam
2887 4667 3056 4732 gratis
3109 4663 3376 4730 impendi;
3425 4674 3479 4717 et
3524 4674 3650 4716 tunc

2085 4754 2356 4814 ret-edere,
2390 4755 2598 4822 quando
2629 4755 2991 4823 unusquisque
3020 4768 3205 4806 ecrum
3231 4754 3440 4820 propria
3467 4752 3648 4804 volun-

2086 4855 2193 4899 tate
2216 4845 2395 4898 vellet.
2430 4844 2625 4897 Eorum
2657 4859 2802 4905 vero,
2836 4843 2922 4909 qui
2952 4858 3073 4895 cum
3106 4842 3218 4894 sani
3245 4849 3428 4903 essent
3448 4849 3502 4892 et
3522 4855 3647 4908 ege-

2084 4936 2162 4999 ni,
2193 4935 2473 4987 vvnieltattt
2498 4934 2563 4987 ad
2592 4950 2769 5001 rogatu
2802 4932 2937 5003 (25),
2964 4933 3218 4985 masculis
3241 4931 3451 4998 quidem
3467 4931 3649 4997 singu-

2086 5027 2163 5079 las
2207 5026 2423 5092 siliquas
2479 5027 2670 5090 dabat;
2727 5024 3034 5078 mulieribus
3085 5034 3260 5077 autem
3313 5032 3369 5077 et
3423 5023 3648 5088 puellis,

2085 5125 2331 5182 tanquam
2362 5114 2740 5167 lttiil'lﬂlOlllJUS
2772 5114 3023 5166 membris
3047 5152 3062 5177 ,
3094 5111 3266 5165 binas.
3297 5109 3651 5165 Venientibus

2084 5222 2259 5265 autem
2290 5212 2600 5281 quibusdam
2631 5212 2825 5265 indutis
2856 5209 3184 5263 ornamentis
3223 5206 3399 5260 aureis
3434 5214 3490 5259 et
3517 5204 3651 5257 dex—

2084 5302 2323 5365 tralihus,
2356 5315 2406 5356 et
2436 5301 2792 5370 quaerentibus
2824 5298 3563 5366 eleetnosynam,referebant
3584 5295 3651 5347 de

2084 5395 2163 5448 eis
2190 5392 2504 5459 patriarchae
2545 5392 2593 5443 hi
2630 5391 2821 5458 quibus
2853 5399 2965 5442 erat
2997 5404 3122 5456 roga
3151 5386 3376 5440 credita.
3403 5383 3484 5438 Ad
3521 5398 3650 5452 quos

2084 5487 2269 5540 beatus
2296 5485 2387 5538 ille
2420 5496 2568 5538 torvo
2592 5483 2746 5536 oculo
2793 5498 2854 5536 ac
2894 5496 3078 5551 sem-ra
3118 5494 3245 5532 voce
3278 5492 3434 5542 usus,
3478 5492 3649 5544 quan-

2081 5595 2237 5647 quam
2271 5578 2412 5631 mitis
2441 5585 2581 5630 esset
2610 5587 2663 5629 et
2693 5575 2834 5629 visus
2867 5575 3051 5626 hilaris
3071 5617 3082 5632 .
3131 5573 3304 5624 dixit:
3334 5567 3392 5623 Si
3435 5567 3646 5634 quidem

2082 5669 2297 5723 humilis
2336 5669 2590 5727 Joannis,
2647 5667 2751 5719 imo
2794 5664 2988 5717 Christi
3035 5664 3431 5730 dispensatores
3492 5656 3650 5710 vultis

2082 5778 2221 5823 esse,
2252 5760 2432 5813 divino
2468 5771 2732 5823 pltL‘CGDlo
2782 5757 2894 5808 sine
2944 5755 3231 5807 calliditate
3283 5750 3534 5811 obcdite,
3565 5746 3648 5800 di-
