4024 6232
353 405 481 460 1621

1282 418 1435 472 VITA
1472 418 1713 473 SANCTI
1755 417 2028 470 JOANNIS
2065 419 2638 477 ELEEMOSYNAIHI.

3465 427 3601 482 1622

356 522 500 578 centi
532 525 721 581 :Omni
756 528 951 593 petenti
997 536 1048 583 te
1073 529 1137 582 da
1166 530 1341 598 (Luca:
1371 533 1470 598 vi).
1511 531 1569 585 Si
1611 541 1786 584 autem
1832 545 1925 583 ve-
1957 533 2001 588 Α
2033 530 2183 585 dines
2213 531 2438 586 habente
2517 553 2582 589 ex
2650 537 2760 592 lico
2828 538 3018 595 humili
3081 538 3263 621 anima
3349 551 3466 592 mea
3493 580 3508 604 ,
3540 537 3598 592 hi.

362 618 569 672 nientes
617 619 821 672 curiose
873 619 1340 688 investigaveritis,
1403 622 1540 675 Deus
1592 622 1923 674 curiosorum

362 707 720 760 ministrormn
753 723 855 761 non
888 708 1104 777 indiget,
1138 727 1306 777 neque
1338 713 1554 764 humilis
1585 711 1837 766 Joannes.
1871 713 1928 766 Si

361 799 502 848 enim
551 811 667 862 quze
715 797 909 850 dantur
937 811 1068 851 ‘mea
1118 800 1440 864 existerent,
1485 809 1540 854 et
1569 816 1773 853 mecum
1806 811 1926 852 nata

361 894 562 946 essent,
593 885 812 939 fortasse
845 887 979 941 bene
1031 887 1081 940 in
1126 889 1256 941 meis
1306 898 1462 942 tenax
1511 889 1822 942 existeretn.
1872 888 1928 942 Si

362 990 489 1029 vero
521 990 638 1042 qua:
666 976 856 1029 dantur
884 977 972 1029 Dei
1001 987 1142 1040 sunt,
1178 980 1358 1046 utique
1385 978 1436 1032 in
1467 980 1576 1032 suis
1602 988 1921 1045 praeceptum

361 1079 512 1118 suum
545 1067 794 1120 custodiri
824 1071 954 1120 vult.
1003 1069 1058 1123 Si
1110 1079 1285 1123 autem
1329 1086 1394 1123 ex
1445 1069 1814 1123 incredulitate
1842 1079 1931 1122 aut

362 1155 566 1207 modica
598 1157 700 1210 [ide
726 1157 848 1210 illud
883 1159 1079 1211 timetis
1103 1197 1118 1222 ,
1152 1174 1217 1211 ne
1260 1158 1396 1212 forte
1429 1159 1708 1212 multitudo
1745 1174 1930 1212 eorum

361 1245 550 1311 quibus
577 1245 792 1309 dantur,
841 1257 1056 1314 superet
1107 1249 1381 1301 introitum
1418 1250 1792 1316 pecuniarum,
1833 1265 1930 1311 ego

359 1346 552 1388 vestrae
585 1336 781 1402 pusilli:
814 1337 932 1390 tidei
965 1340 1346 1392 communicari
1372 1356 1474 1391 non
1504 1341 1694 1407 patior.
1721 1340 1930 1393 Etenim

359 1425 404 1477 si
453 1426 784 1489 beneplacito
818 1428 906 1480 Dei
939 1439 1115 1480 actum
1149 1438 1231 1481 est
1259 1438 1316 1482 ut
1344 1443 1518 1482 essem
1553 1444 1652 1497 ego
1681 1429 1932 1497 indignus

360 1514 690 1580 dispensator
718 1517 833 1580 ejus
859 1530 1159 1578 munerum,
1190 1517 1232 1569 si
1265 1525 1406 1569 totus
1444 1519 1676 1570 mundus
1705 1531 1934 1585 congre-

361 1614 574 1670 garetur
594 1604 928 1665 Alexandrite
958 1606 1313 1674 eleetnosynze
1340 1606 1930 1674 indigens,'imtnensos

361 1692 640 1746 thesauros
665 1693 756 1746 Dei
781 1708 880 1745 non
903 1695 1278 1762 angustabunt,
1303 1710 1476 1762 neque
1499 1706 1741 1750 sanctam
1765 1697 1935 1751 eccle-

361 1797 516 1834 Sl'olll.

2031 622 2280 675 increduli
2313 623 2530 676 fortasse
2560 624 2716 676 hodie
2745 635 2998 676 venerunt
3025 669 3033 683 ,
3059 636 3111 677 et
3137 642 3218 677 me
3261 627 3310 678 in
3342 626 3590 682 difﬁden-

2032 712 2154 765 tiam
2185 727 2362 766 secum
2391 714 2581 769 cadere
2605 716 2966 768 hortabantur.

2100 801 2226 856 CAP.
2259 803 2476 856 Vlll.—
2503 804 2683 857 Adhuc
2729 806 2843 874 (28)
2887 806 3145 859 existente
3185 806 3368 858 eadem
3408 805 3589 874 populi

2031 891 2367 946 multitudine
2394 893 2444 944 in
2474 894 2703 958 civitate,
2731 895 2942 960 Quidam
2975 895 3370 961 peregrinorum
3399 895 3588 949 videns

2033 991 2233 1036 tantam
2279 983 2395 1051 ejus
2424 986 2843 1052 compassiooem
2865 1026 2880 1049 ,
2908 987 3072 1040 voluit
3117 995 3320 1040 tentare
3355 1002 3512 1052 eum;
3543 996 3594 1041 et

2033 1069 2246 1123 indutus
2269 1073 2586 1126 vesumenta
2614 1081 2816 1138 vetera,
2840 1074 2966 1128 adiit
2992 1089 3142 1140 eum,
3175 1085 3385 1129 euntem
3417 1077 3484 1130 ad
3516 1078 3594 1132 vi-

2032 1160 2272 1214 sitaudos
2299 1162 2390 1227 qui
2440 1163 2491 1216 in
2528 1165 2831 1217 nosocomio
2868 1164 3132 1232 jacehant.
3184 1166 3268 1219 Bis
3314 1168 3452 1220 enim
3504 1181 3594 1234 por

2034 1249 2421 1304 hebdomadam
2449 1252 2531 1306 vel
2565 1261 2646 1306 ter
2675 1246 2958 1306 ibat‘illuc.
2989 1254 3053 1307 Et
3083 1253 3209 1307 dicit
3230 1256 3291 1307 ad
3319 1269 3437 1307 eum
3461 1271 3474 1307 :
3510 1255 3595 1310 lli-

2031 1353 2210 1393 serere
2240 1341 2371 1403 mei,
2401 1342 2652 1409 quoniam
2682 1344 2926 1408 captivus
2965 1359 3104 1396 sum.
3129 1344 3262 1397 Dicit
3283 1344 3451 1398 datori
3477 1361 3490 1396 :
3523 1345 3596 1396 Da

2033 1427 2082 1480 ci
2110 1443 2200 1481 sex
2234 1429 2564 1482 numismata.
2591 1431 2791 1485 Deinde
2813 1446 2932 1485 cum
2967 1433 3080 1485 haec
3107 1433 3430 1501 accepisset,
3461 1433 3600 1487 vadit

2034 1526 2088 1571 et
2117 1527 2284 1572 mutat
2323 1519 2557 1573 habitum
2579 1559 2594 1583 ,
2627 1527 2682 1574 et
2711 1520 2890 1574 obviat
2931 1522 2978 1575 ei
3024 1523 3256 1588 aliunde,
3295 1532 3348 1576 et
3381 1523 3604 1591 procidit

2035 1607 2113 1673 ci,
2140 1607 2320 1661 dicens
2345 1623 2361 1661 :
2392 1606 2641 1662 Miserere
2670 1610 2802 1678 mei,
2830 1610 2954 1676 quia
2978 1621 3241 1664 coarctor.
3270 1611 3404 1665 Dicit
3433 1617 3615 1667 denuo

2037 1698 2330 1764 patriarcha
2362 1700 2528 1753 datori
2558 1717 2570 1749 :
2605 1700 2678 1752 Da
2709 1700 2757 1754 ei
2797 1715 2892 1754 sex
2935 1716 3183 1755 nummos
3225 1717 3437 1757 aureos.
3470 1702 3604 1757 Cum

2034 1806 2163 1858 ergo
2189 1791 2357 1854 isset,
2384 1792 2514 1845 dicit
2552 1792 2641 1845 ille
2675 1792 2993 1845 distributor
3021 1794 3086 1844 ad
3117 1808 3298 1846 aurem
3330 1794 3472 1848 illius
3511 1808 3603 1861 pa-
3679 1838 3691 1848 .

430 1872 558 1926 Car.
596 1871 702 1924 νη.
728 1902 797 1913 --
822 1871 1059 1940 Cumque
1090 1873 1220 1926 istos
1257 1874 1588 1938 dimisisset,
1621 1876 1924 1929 universam
1959 1881 2001 1937 Β
2032 1882 2274 1934 triarchae
2306 1900 2318 1932 :
2363 1883 2460 1935 l’er
2503 1883 2770 1936 orationes
2823 1893 2960 1944 tuas,
3012 1884 3246 1948 domine,
3297 1883 3436 1938 idem
3455 1865 3603 1952 ‘ipse

359 1976 474 2027 qum
523 1961 946 2016 circumdederat
997 1963 1120 2015 illos
1158 1963 1510 2017 defectionem
1547 1971 1619 2016 'ct
1666 1966 1926 2018 modicam

361 2048 517 2100 tidem
547 2050 793 2101 scindens
821 2090 835 2108 .
871 2051 1184 2117 loquebatur
1217 2053 1298 2104 his
1332 2056 1421 2120 qui
1452 2054 1497 2104 ei
1531 2053 1886 2106 c0nsedebant
1913 2095 1927 2118 ,

361 2149 412 2192 et
441 2139 838 2193 admirabantur
867 2140 932 2192 de
956 2155 983 2192 a
1010 2141 1119 2194 Deo
1145 2143 1264 2194 data
1289 2143 1337 2197 ei
1363 2145 1729 2210 compassione
1753 2159 1768 2196 ε
1795 2143 1928 2198 Cum

359 2245 552 2292 essem,
581 2229 844 2298 inquiens,
872 2231 922 2282 iu
945 2228 1121 2299 Cypro
1152 2231 1326 2285 adhuc
1354 2229 1563 2299 juvenis
1587 2233 1733 2298 quasi
1761 2248 1930 2286 anuo-

361 2335 475 2371 rum
506 2319 836 2385 quindecim,
872 2321 1025 2374 video
1056 2335 1155 2374 una
1189 2323 1420 2376 noctium
1452 2322 1502 2375 in
1531 2325 1736 2376 somnis
1782 2324 1929 2389 puel-

361 2410 462 2461 lam
494 2412 796 2477 quamdam,
817 2411 967 2478 cujus
997 2414 1201 2478 species
1223 2428 1380 2480 supra
1403 2415 1568 2466 solem
1593 2414 1927 2481 Splendebat,

359 2509 597 2552 ornatam
631 2515 789 2566 supra
818 2515 1028 2553 onmem
1054 2502 1612 2577 humanum’sensum,
1643 2517 1761 2570 qua:
1785 2505 1931 2556 venit

359 2603 414 2644 ct
442 2593 587 2645 stetit
615 2602 736 2646 ante
767 2593 957 2644 lectum
989 2609 1183 2656 meum,
1206 2604 1261 2647 et
1290 2595 1516 2660 pulsavit
1545 2609 1630 2647 me
1655 2595 1706 2646 in
1742 2596 1925 2648 latere.

363 2684 779 2752 Expergefactus
810 2701 959 2750 vero,
991 2685 1146 2738 video
1172 2701 1286 2738 eam
1322 2687 1371 2738 in
1405 2686 1627 2738 veritate
1655 2694 1890 2739 stantem
1912 2725 1928 2750 ,

359 2783 415 2828 et
440 2775 692 2829 mstimavi
723 2792 839 2828 eam
869 2791 987 2830 esse
1010 2778 1318 2841 mulierem;
1351 2778 1514 2844 ﬁgura
1549 2777 1709 2844 igitur
1754 2777 1930 2831 crucis

361 2869 615 2935 signatus,
643 2867 749 2920 dixi
778 2867 826 2920 ei
857 2868 1023 2932 τουπ
1052 2884 1109 2921 es
1160 2867 1248 2920 tu?
1299 2877 1353 2921 et
1391 2868 1658 2932 quomodo
1706 2882 1831 2921 ausa
1871 2883 1930 2923 es

363 2959 560 3010 intrare
586 2972 746 3024 super
776 2972 860 3010 me
891 2958 1011 3008 dum
1036 2955 1357 3009 dormirem?
1391 2957 1628 3011 llabebat
1671 2969 1726 3010 et
1775 2973 1930 3011 coro-

367 3063 486 3100 nam
513 3047 578 3099 de
604 3047 865 3099 olivarum
899 3047 1061 3098 ramis
1091 3061 1249 3112 super
1275 3057 1430 3110 caput
1453 3063 1630 3100 suum.
1660 3047 1809 3100 Tum:
1837 3049 1925 3100 illa

366 3141 515 3193 hilari
542 3142 683 3192 vultu
711 3150 760 3191 et
785 3139 1108 3192 subridenth
1131 3140 1287 3194 labiis
1314 3141 1444 3193 dicit
1473 3142 1598 3193 mihi
1631 3158 1643 3192 :
1678 3143 1785 3207 Ego
1808 3157 1923 3219 sum

2033 1972 2237 2038 accepit
2267 1973 2522 2026 secundo.
2557 1971 2702 2024 Fecit
2739 1985 2866 2025 vero
2895 1975 3128 2040 seipsum
3160 1972 3456 2039 patriarcha
3480 1983 3604 2026 tan-

2032 2078 2186 2131 quam
2217 2063 2458 2117 nesciret.
2496 2064 2648 2118 Venit
2684 2066 2857 2133 itaque
2888 2066 3041 2118 tertio
3090 2067 3276 2118 iterum
3333 2064 3601 2134 accipere,

2033 2166 2083 2208 et
2113 2156 2280 2222 tetigit
2304 2155 2455 2208 dator
2483 2155 2831 2222 patriarcham
2856 2156 2945 2222 qui
2969 2171 3154 2209 aurum
3180 2155 3413 2221 ferebat,
3436 2156 3605 2221 signi-

2034 2247 2198 2300 ﬁcans
2220 2248 2357 2315 quod
2385 2247 2500 2314 ipse
2522 2257 2686 2302 esset.
2714 2246 2860 2299 Tunc
2886 2247 3156 2312 respondit
3180 2245 3230 2298 ei
3256 2246 3348 2300 Dei
3375 2248 3601 2310 amicus,

2034 2334 2124 2388 ille
2150 2337 2409 2388 veraciter
2428 2337 2766 2389 misericors:
2798 2336 2870 2388 Da
2893 2336 2941 2388 ei
2963 2336 3237 2389 duodecim
3263 2337 3602 2405 numismata,

2033 2439 2101 2477 ne
2130 2424 2267 2478 forte
2292 2424 2535 2479 Christus
2564 2439 2711 2478 meus
2735 2424 2830 2488 sit,
2854 2435 2908 2478 et
2936 2433 3098 2479 tentet
3129 2441 3234 2478 me.

2103 2513 2232 2567 CAP.
2260 2512 2349 2566 IX.
2375 2542 2444 2554 -—
2473 2513 2760 2568 Nauclerus
2805 2513 3016 2583 quidam
3071 2515 3376 2582 peregrinus
3406 2514 3598 2568 damna

2035 2604 2282 2670 pertulit;
2313 2612 2367 2657 et
2407 2603 2666 2658 accedens
2707 2603 2847 2658 hunc
2891 2604 3101 2658 beatum
3142 2604 3344 2669 viru‘m,
3382 2605 3600 2673 rogabat

2033 2708 2152 2746 eum
2203 2694 2383 2746 multis
2433 2693 2701 2762 lacrymis,
2731 2702 2789 2746 ut
2831 2703 3220 2762 Qtnpateretur
3259 2695 3340 2758 ei,
3369 2697 3505 2746 sicut
3550 2705 3604 2747 et

2034 2783 2277 2837 omnibus
2323 2783 2459 2837 aliis.
2511 2783 2886 2852 Prmcepitque-
2917 2797 3037 2837 eum
3085 2782 3331 2850 accipere
3375 2783 3605 2850 quinque

2034 2872 2196 2927 libras
2225 2875 2363 2928 auri.
2393 2874 2632 2942 Cumque
2662 2872 2954 2941 accepisset
2983 2873 3101 2937 has,
3129 2871 3314 2925 abiens
3353 2872 3483 2925 emit
3512 2884 3605 2924 en-

2033 2959 2239 3017 thecam
2273 2963 2328 3033 (‘2
2351 2967 2411 3031 l),
2439 2973 2491 3018 et
2521 2964 2660 3016 misit
2690 2963 2740 3014 in
2774 2963 2970 3014 navim.
2996 2961 3119 3022 Mox
3149 2959 3339 3014 accidit
3364 2969 3421 3012 ut
3449 2966 3600 3014 extra

2031 3057 2253 3121 pharum
2300 3050 2432 3121 (50)
2482 3052 2812 3122 naufragium
2859 3051 3199 3118 pertulisset;
3250 3050 3424 3103 navim
3472 3064 3601 3102 vero

2032 3157 2134 3196 noa
2170 3143 2415 3211 perdidit.
2447 3144 2685 3196 Accessit
2718 3143 2906 3218 ite’rpm
2940 3140 3006 3193 ad
3037 3153 3191 3204 eum,
3224 3139 3290 3192 de
3319 3139 3458 3194 bona
3485 3137 3602 3203 ejus

364 3231 531 3295 prima
571 3229 790 3282 filiarum
827 3230 982 3294 regis.
1014 3227 1254 3298 Cumque
1284 3230 1397 3283 haec
1429 3232 1727 3296 audissem,
1751 3235 1927 3286 statim
1959 3227 2004 3289 C
2037 3235 2312 3286 voluntate
2362 3248 2708 3301 praesumens,
2753 3240 2810 3285 et
2857 3231 2990 3285 dixit
3024 3247 3038 3284 :
3077 3229 3329 3286 Miserere
3374 3228 3510 3291 mei,
3547 3232 3606 3274 ιιι

361 3321 575 3374 adoravi
629 3338 764 3376 eam.
822 3322 969 3376 Tunc
1017 3322 1146 3375 dicit
1185 3323 1352 3376 mihi:
1387 3324 1442 3379 Si
1493 3339 1578 3377 me
1630 3325 1932 3392 possederis

363 3414 631 3476 amicam,
691 3426 790 3481 ego
845 3423 896 3466 te
953 3414 1140 3466 ducam
1197 3415 1246 3467 in
1303 3423 1587 3479 conspectu
1651 3417 1932 3476 imperato.

365 3506 455 3556 ris.
508 3504 713 3557 Etrnitn
765 3520 923 3556 nemo
989 3504 1146 3557 habet
1205 3513 1515 3566 potestatem
1573 3504 1710 3572 apud
1764 3519 1928 3569 eum,

362 3594 496 3646 sicut
539 3608 658 3661 ego.
701 3593 809 3654 Ego
856 3595 1051 3659 quippe
1099 3590 1198 3645 feci
1230 3609 1348 3644 eum
1381 3593 1432 3645 in
1464 3595 1619 3645 terris
1663 3594 1928 3648 hominem

365 3680 478 3734 ﬁeri
511 3692 562 3735 et
593 3681 794 3734 salvare
832 3680 1098 3733 homines.
1133 3681 1200 3733 Et
1239 3680 1352 3733 haec
1393 3682 1609 3745 dicens,
1643 3683 1926 3748 disparuit.

363 3772 476 3840 Ego
505 3788 629 3826 vero
658 3772 707 3823 in
737 3771 1110 3836 metnetipsum
1161 3785 1434 3834 reversus,
1488 3770 1720 3824 intellexi
1767 3773 1930 3823 visio-

364 3881 503 3928 nem,
535 3875 588 3917 ct
615 3863 722 3916 dixi
752 3881 762 3914 :
793 3861 990 3925 Credo,
1010 3859 1322 3926 Compassio
1349 3876 1410 3912 ac
1436 3860 1789 3930 Eleetnoayua
1823 3873 1925 3924 est,

365 3970 419 4013 et
448 3961 566 4013 ideo
592 3959 749 4011 habet
780 3958 830 4010 in
858 3958 1028 4022 capite
1072 3970 1137 4007 ex
1177 3955 1331 4007 oliva:
1364 3954 1501 4006 loliis
1529 3968 1804 4006 coronam.
1837 3957 1928 4007 Et-

363 4053 502 4108 enim
533 4051 787 4105 veraciter
816 4047 1112 4114 compassio
1133 4056 1188 4100 et
1214 4046 1509 4114 benignitas
1532 4060 1656 4112 erga
1685 4047 1929 4101 homines

367 4145 529 4195 Deum
560 4155 718 4195 carne
748 4139 926 4193 vestiri
960 4137 1100 4190 fecit.
1130 4136 1324 4189 Statim
1351 4150 1478 4201 ergo
1510 4135 1692 4188 vestivi
1726 4150 1809 4187 me
1831 4176 1846 4198 ,
1881 4145 1930 4187 ιιι

365 4235 565 4288 nullum
597 4232 785 4285 domus
812 4245 942 4283 mea:
964 4228 1221 4289 excitans,
1254 4227 1306 4279 in
1338 4227 1620 4279 ecclesiam
1650 4225 1774 4279 abii.
1806 4227 1931 4276 Erat

361 4325 504 4379 enim
531 4325 637 4392 jam
668 4338 877 4376 aurora.
909 4322 974 4374 Et
997 4335 1116 4374 cum
1152 4320 1283 4374 irem
1314 4319 1520 4370 obviam
1555 4316 1704 4370 lratri
1735 4319 1931 4385 frigore

365 4416 578 4470 vexanti
614 4413 747 4482 (26),
780 4411 1042 4480 expoliavi
1091 4425 1175 4463 me
1223 4409 1534 4464 indumento
1581 4407 1799 4473 caprino
1825 4445 1839 4469 ,
1881 4402 1948 4458 ct'

363 4508 483 4561 dedi
511 4505 581 4568 ei,
603 4503 814 4571 dixique
839 4505 976 4555 intra
1001 4512 1127 4554 me:
1162 4501 1299 4553 ECce
1330 4499 1383 4551 in
1416 4501 1514 4551 hoc
1546 4498 1710 4549 sciam
1747 4496 1790 4549 si
1826 4495 1930 4547 uti-

2039 3323 2182 3377 Deus
2215 3323 2392 3376 mundi
2427 3323 2672 3376 misertus
2698 3330 2801 3375 est.
2831 3322 2924 3374 Cui
2970 3321 3060 3373 ille
3105 3317 3401 3386 patriarcha
3429 3315 3565 3369 dixit
3593 3333 3605 3366 :

2036 3411 2228 3476 Crede,
2260 3413 2442 3479 frater,
2474 3413 2574 3466 nisi
2604 3412 2911 3491 miscuisses
2952 3411 3190 3478 pecunia:
3220 3407 3464 3461 ecclesia
3491 3403 3607 3460 illa;

2039 3504 2289 3570 pecunias
2321 3520 2435 3570 quae
2481 3504 2573 3556 tibi
2617 3507 3018 3561 remanserant,
3050 3495 3348 3552 nullaten’us
3395 3491 3605 3548 naufra-

2033 3576 2196 3663 gfum.
2224 3596 2551 3662 pertulissca.
2603 3594 2679 3648 De
2725 3593 2877 3646 malis
2925 3592 3067 3644 enim
3116 3588 3341 3642 habuisti
3387 3600 3512 3648 cas,
3551 3594 3604 3638 et

2038 3687 2253 3753 perdita:
2283 3695 2405 3738 sunt
2433 3700 2552 3736 cum
2600 3685 2676 3751 eis
2709 3691 2767 3736 et
2807 3696 2926 3749 quas
2955 3680 3170 3754 {uerunt
3199 3692 3265 3729 ex
3300 3675 3472 3728 bonis.
3506 3675 3605 3728 Ve—

2035 3789 2151 3825 rum
2185 3759 2435 3840 prmcepit
2474 3771 2647 3822 denuo
2691 3769 2802 3820 dari
2835 3768 2884 3819 ei
2915 3767 3096 3825 decem
3139 3762 3478 3854 libras.auri,
3513 3762 3605 3816 de-

2032 3868 2279 3921 nuntians
2305 3865 2351 3918 ei
2377 3879 2441 3916 ne
2463 3862 2831 3914 cemrnisceret
2857 3858 2934 3912 eis
2959 3857 3092 3911 alias
3116 3855 3384 3922 pecunias.
3406 3854 3605 3908 Emens

2032 3964 2286 4024 przeterea
2333 3954 2643 4012 enthecam,
2673 3959 2725 4002 et
2767 3948 3020 4033 navigans
3052 3936 3156 4000 imo
3186 3944 3294 4009 die,
3322 3953 3482 3996 vento
3511 3957 3602 3995 va—

2033 4046 2138 4099 lido
2168 4044 2347 4106 ﬂante,
2383 4041 2647 4118 projeetus
2685 4048 2766 4091 cst.
2814 4038 2863 4090 in
2909 4046 3140 4099 terram;
3174 4045 3226 4087 et
3251 4034 3444 4118 .omnia
3487 4047 3605 4097 per-
3658 4062 3691 4099 -σ

2035 4138 2198 4201 didit,
2231 4146 2280 4190 et
2332 4110 2770 4201 ipsaminavem,
2819 4139 2872 4183 et
2922 4142 3026 4180 non
3070 4132 3196 4179 sunt
3241 4110 3477 4188 salvatus.
3504 4121 3604 4174 nisi

2035 4231 2224 4283 animae
2266 4237 2492 4279 tantum.
2524 4222 2697 4276 Voluit
2741 4236 2868 4288 ergo
2917 4215 3464 4301 prm'gonfusionect
3509 4227 3577 4266 an
3626 4208 3638 4219 ’

2005 4305 2206 4387 ’ςυςιὶει
2231 4317 2368 4369 idem
2397 4312 2677 4366 nauclerus
2711 4324 2900 4363 nccare
2926 4308 3189 4375 seipsum;
3225 4303 3318 4358 sed
3350 4302 3488 4355 Deus
3514 4303 3604 4370 qui
3691 4353 3709 4370 ο

2036 4423 2248 4475 semper
2271 4403 2421 4458 saluti
2450 4401 2720 4454 hominum
2751 4399 2998 4466 providet
3016 4438 3030 4460 ,
3057 4395 3307 4450 revelavit
3331 4387 3624 4464 hoc'beato-

2040 4495 2371 4566 patriarchzc.
2405 4494 2610 4544 Etcum
2641 4490 2876 4542 audisset
2900 4485 3039 4553 quod
3066 4482 3332 4566 acciderat
3356 4479 3438 4544 ei,
3471 4492 3604 4531 nun-
3643 4521 3650 4527 .

365 4613 468 4664 que
495 4609 617 4650 vera
646 4602 729 4648 est
761 4594 894 4646 VlalO
917 4608 1072 4658 quam
1104 4590 1245 4652 vidi,
1275 4605 1339 4642 an
1365 4588 1716 4643 daemoniaca.
1755 4590 1815 4640 lit
1849 4604 1933 4638 vc-
1962 4580 2009 4638 D
2039 4592 2129 4643 tiat
2174 4588 2220 4640 ei
2267 4585 2449 4637 venire
2487 4584 2552 4634 ad
2599 4597 2657 4634 se
2707 4579 2838 4632 nihil
2888 4577 3104 4630 omnino
3149 4575 3414 4627 dubitans.
3455 4571 3604 4622 Tunc

365 4689 519 4741 ritate
549 4691 907 4749 testante,nec
936 4683 1059 4733 dum
1083 4680 1365 4734 ecclesiam
1389 4680 1927 4746 comprehenderau:,

361 4787 417 4832 et
443 4776 620 4831 subito
649 4775 877 4827 obvians
910 4771 1037 4825 mihi
1065 4772 1316 4839 quidam,
1347 4771 1481 4823 albis
1516 4771 1732 4827 indutus
1765 4769 1929 4822 vesti-

366 4867 481 4929 bus,
515 4865 604 4918 dat
631 4864 756 4918 mihi
787 4864 1066 4932 ligaturatn
1109 4861 1223 4932 ('27)
1269 4871 1482 4915 centum
1517 4862 1892 4913 numismatum
1913 4901 1926 4924 ,

361 4958 582 5012 dicens:
609 4957 802 5022 Accipe
836 4957 968 5017 tunc,
1019 4955 1202 5017 trater,
1231 4963 1286 5006 et
1323 4954 1572 5020 dispeusa
1604 4963 1658 5005 ut
1691 4955 1788 5006 vis.
1819 4953 1927 5021 Ego

363 5057 540 5100 autem
582 5060 692 5114 pra:
716 5044 909 5113 gaudio
934 5046 1110 5096 statim
1143 5043 1256 5095 haec
1300 5045 1593 5110 suscipiens
1617 5081 1631 5105 ,
1681 5057 1928 5094 reversus

361 5154 499 5202 sum,
533 5136 718 5190 volens
755 5134 980 5188 reddere
1009 5135 1055 5187 ei
1088 5135 1358 5200 ligaturam
1408 5133 1570 5190 illam.
1611 5133 1760 5199 quasi
1796 5132 1927 5183 nihil

360 5228 629 5296 indigens,
679 5234 732 5279 et
781 5224 1009 5292 amplius
1059 5239 1163 5276 nun
1212 5223 1316 5274 vidi
1360 5223 1612 5290 aliquem.
1645 5221 1792 5273 'l‘uuc
1820 5220 1928 5273 dixi

362 5318 533 5373 mihi:
569 5319 841 5371 Veracitcr
889 5331 992 5368 non
1041 5326 1155 5369 crat
1206 5316 1504 5382 phantasia.
1541 5315 1611 5367 Ex
1664 5314 1748 5366 illa
1801 5328 1929 5378 ergo

361 5409 489 5460 hora
535 5422 677 5471 saepe
723 5406 912 5459 dabam
964 5405 1162 5471 aliquid
1213 5405 1488 5466 fratribus,
1541 5412 1597 5456 et
1643 5403 1928 5456 dicebam:

363 5497 566 5551 Videbo
605 5497 649 5549 si
698 5497 870 5549 mittat
917 5498 1055 5549 Deus
1084 5495 1234 5560 mihi,
1264 5505 1320 5547 ut
1349 5494 1500 5556 dixit,
1548 5495 1820 5555 centupla.
1867 5493 1932 5546 Et

363 5604 482 5646 cum
508 5597 795 5642 tentassctn
827 5587 1130 5651 Dominum,
1159 5585 1520 5651 tnalet‘acieus,
1548 5594 1602 5638 ct
1631 5584 1932 5637 satisfacias

361 5694 533 5733 essein
565 5679 787 5732 diversis
820 5681 988 5731 modis
1015 5694 1107 5746 per
1133 5693 1225 5732 eas
1255 5693 1339 5730 res
1360 5720 1372 5742 ,
1407 5678 1514 5730 dixi
1543 5694 1556 5730 :
1585 5679 1749 5730 Cessa
1771 5716 1786 5736 ,
1835 5675 1933 5726 ini-

359 5783 475 5823 st‘ta
503 5770 698 5832 anima,
727 5771 976 5824 tentando
1004 5771 1383 5823 ititetnabiletn.
1406 5769 1500 5821 'l‘ot
1537 5769 1690 5834 igitur
1718 5776 1931 5819 cortinu-

2036 4679 2257 4746 aSptfl'Sll
2291 4690 2346 4727 se
2379 4673 2616 4740 pulvere,
2653 4681 2698 4723 et
2735 4680 2962 4722 tumcum
2994 4667 3266 4730 Scindeus,
3300 4664 3606 4716 indecenter

2036 4767 2238 4822 accedit
2269 4766 2334 4818 ad
2364 4753 2506 4816 cum.
2532 4763 2769 4826 Cumque
2798 4758 3014 4810 vidisset
3046 4765 3164 4807 enin
3207 4755 3260 4806 in
3292 4755 3392 4820 tali.
3428 4753 3608 4803 habitu

2036 4861 2122 4914 ille
2153 4867 2386 4921 sanctus,
2420 4853 2683 4921 redarguit
2723 4865 2875 4914 cum,
2905 4856 2960 4903 et
2987 4847 3118 4902 dixit
3145 4863 3160 4901 :
3193 4846 3499 4900 Misereatur
3531 4842 3604 4894 tui

2039 4952 2290 5006 Dominus
2312 4946 2619 5000 benedictus
2643 4945 2803 4997 Deus.
2827 4942 3001 4995 Credo
3022 4940 3070 4993 ei
3097 4937 3236 5008 quod
3259 4937 3326 4990 ab
3351 4933 3602 4988 hodierna

2034 5044 2120 5098 die
2160 5053 2488 5110 nequaquam
2533 5034 2863 5102 naufragium
2915 5033 3136 5094 incidas,
3167 5038 3438 5094 Usquequo
3484 5035 3606 5075 mo-

2034 5137 2207 5189 riaris.
2238 5133 2348 5186 Hoc
2380 5146 2501 5185 vero
2532 5128 2624 5182 tibi
2654 5127 2944 5194 contingit,
2971 5139 3036 5176 eo
3061 5119 3200 5190 quod
3229 5127 3283 5171 et
3311 5117 3423 5183 ipsa
3455 5112 3604 5166 navis
3654 5135 3660 5140 -

2035 5237 2121 5280 tua
2148 5241 2212 5280 ex
2243 5222 2497 5292 iniustitia
2522 5229 2662 5276 esset
2694 5223 2963 5288 possessa.‘
2987 5216 3100 5268 Mox
3124 5226 3251 5281 ergo
3276 5209 3436 5276 jussit
3466 5205 3601 5258 tradi
3681 5249 3686 5254 .

2035 5320 2083 5372 ei
2116 5332 2274 5370 unam
2322 5329 2564 5380 magnam
2609 5312 2816 5372 navim,
2865 5309 3070 5376 plenam
3119 5305 3380 5356 frumento
3421 5296 3604 5366 viginti
3713 5370 3719 5376 _

2037 5409 2258 5462 millium
2286 5405 2614 5466 modiorum,
2647 5398 2722 5454 de
2745 5400 2846 5452 illis
2874 5397 3094 5449 uavilms
3117 5407 3234 5462 qua:
3258 5387 3605 5443 sanctissim
3678 5437 3682 5439 ,

2037 5497 2276 5550 ecclesiae
2327 5495 2609 5561 subjectte-
2639 5487 3033 5542 ministrabant.
3087 5484 3252 5548 Quam
3308 5477 3604 5546 recipiens,

2037 5586 2169 5640 exiit
2196 5583 2547 5646 Alexandria;
2575 5590 2627 5634 et
2655 5578 2948 5632 afﬁrmabat
2979 5577 3090 5642 ipse
3124 5571 3425 5633 nauclerus,
3456 5583 3605 5620 asse-

2040 5687 2228 5728 verans
2255 5691 2268 5725 :
2303 5671 2499 5741 Viginti
2531 5671 2719 5724 diebus
2750 5683 2811 5720 ac
2841 5667 3083 5719 noctibus
3114 5659 3416 5716 vehementi
3445 5666 3604 5721 vento

2039 5764 2420 5830 navigavimus,
2445 5779 2547 5814 non
2574 5761 2808 5814 valentes
2829 5757 3044 5810 omnino
3071 5758 3206 5810 scire
3226 5769 3331 5823 quo
3352 5752 3594 5810 isscnms.
