3956 6220
294 405 428 464 1025

1222 399 1378 454 νιΤΑ
1419 397 1662 453 sum
1701 373 1980 452 tosxxts
2021 402 2590 460 ELEEMOSYNARII.

3353 434 3371 450 ο
3403 406 3539 466 1626

300 535 348 573 εν
363 532 430 589 go
473 515 800 570 descendens
851 513 1103 581 patricius
1147 511 1344 582 legeret
1392 512 1870 581 superscriptioncs
1899 514 1945 570 Α
1974 514 2130 567 sitate
2159 530 2464 583 compresso
2507 532 2688 570 eorum
2721 517 2808 585 qui
2850 518 2918 571 ab
2960 533 3024 572 eo
3070 520 3372 589 alebantur,
3399 534 3452 579 et
3484 527 3538 581 in

300 609 638 672 lagenarum,
682 606 909 656 insinuat
953 601 1265 670 patriarchae
1303 613 1359 657 ut
1399 603 1498 656 sibi
1543 603 1777 655 mitteret
1807 603 1871 654 de

305 694 396 750 tali
429 695 606 756 melle,
633 707 737 760 quo
764 692 828 745 ad
853 705 987 759 Opus
1009 706 1160 745 suum
1185 698 1454 745 uteretur.‘
1473 691 1700 744 Noverat
1730 691 1869 743 enim

300 802 422 840 eum
462 785 583 838 mali
623 798 740 838 esse
784 784 1169 836 immemorem.
1201 781 1538 834 Ascendente
1589 779 1747 849 igitur
1779 779 1868 847 qui

303 877 611 947 laguncn-las
647 875 875 930 habebat
911 874 1162 938 creditas,
1203 882 1256 926 et
1300 886 1554 939 responsa
1586 871 1864 938 reddente,

299 979 355 1023 et
384 970 648 1023 indicante
678 967 929 1036 pecunias
957 980 1076 1020 esse
1103 979 1198 1032 pro
1226 964 1386 1018 melle
1417 965 1467 1017 in
1500 965 1664 1028 vasis,
1691 964 1868 1016 statim

302 1075 426 1114 vere
477 1059 619 1112 mitis
674 1067 854 1126 pastor
897 1056 1039 1108 misit
1080 1055 1131 1110 ei
1168 1070 1326 1108 unam
1372 1055 1732 1122 lagunculam,
1773 1067 1868 1106 su-

301 1151 646 1220 perscriptam
688 1164 792 1203 Ill-ll.
835 1161 1102 1209 OP'I'IIIUII,
1143 1145 1344 1200 faciens
1383 1147 1432 1200 ei
1469 1155 1523 1200 et
1559 1147 1864 1214 pittacium,

299 1241 579 1295 continens
606 1241 673 1294 ita
701 1256 715 1295 :
754 1257 773 1290 ι
805 1238 1056 1292 Dominus
1079 1239 1170 1306 qui
1199 1238 1328 1291 dixit
1354 1255 1367 1291 :
1394 1237 1509 1292 Non
1543 1247 1594 1292 te
1623 1238 1864 1292 deseram

300 1345 473 1399 neque
509 1329 868 1396 derelinquam
916 1327 1102 1399 (Hebr.
1125 1343 1254 1393 xm;
1284 1326 1399 1381 los:
1430 1328 1500 1395 ι),
1544 1329 1662 1382 sine
1713 1344 1864 1381 men-

297 1427 450 1480 dacio
475 1434 590 1489 est;
620 1435 669 1477 ct
706 1424 845 1477 Deus
886 1438 1072 1487 verus;
1105 1421 1300 1476 idcirco
1333 1422 1496 1475 Deum
1519 1461 1532 1485 ,
1575 1421 1662 1490 qtti
1694 1419 1866 1474 omni-

297 1516 398 1570 bus
427 1529 600 1568 escam
633 1522 686 1566 et
715 1515 873 1566 vitam
903 1513 1132 1581 praebet,
1162 1512 1321 1564 homo
1350 1511 1706 1578 corruptibilis
1733 1524 1862 1564 con-

296 1607 558 1673 stringere
590 1619 692 1655 non
727 1614 916 1670 potest.
950 1601 1098 1656 Vale.
1123 1620 1142 1653 ›
1173 1602 1429 1669 Prmcepit
1451 1609 1627 1655 autem
1659 1602 1862 1656 abeun-

297 1696 438 1747 tibus
479 1703 531 1748 et
573 1692 904 1761 portantibus
939 1692 1302 1759 laguncolam,
1348 1703 1403 1745 ut
1447 1692 1682 1746 dicerent
1712 1695 1759 1746 ei
1807 1701 1864 1746 ut

297 1791 418 1836 ante
445 1798 504 1836 se
533 1781 728 1835 faceret
755 1796 871 1834 eam
902 1783 1127 1848 aperiri,
1159 1791 1210 1834 et
1242 1781 1478 1835 dicerent
1505 1783 1554 1835 ei
1581 1766 1717 1850 quod
1748 1801 1863 1834 ont-

1977 609 2138 660 tnulta
2181 621 2309 661 cura
2353 618 2407 662 et
2443 611 2681 662 oratione
2731 608 2886 662 beato
2915 620 3316 679 perseverante,
3367 617 3538 671 sensit

1973 699 2188 764 quidam
2226 700 2456 752 civitatis
2509 700 2771 752 habitator
2810 686 3077 769 eamqute
3106 703 3535 761 circumdederat

1971 787 2364 840 sanctissimum
2397 788 2542 841 illum
2581 789 2881 842 ariditatem
2926 800 2979 844 et
3013 792 3370 847 omnimodam
3404 809 3533 865 ege-

1970 883 2159 928 statem
2187 893 2200 928 :
2228 875 2466 943 bigamus
2506 879 2759 940 existens,
2812 879 3076 934 desiderat
3104 881 3360 936 diaconus
3405 898 3530 938 san-

1969 979 2065 1021 etae
2098 970 2332 1022 ecclesiae
2358 970 2492 1022 lieri.
2521 971 2585 1022 Et
2618 985 2711 1038 per
2749 971 3117 1025 necessitatem
3140 987 3259 1042 qua:
3291 985 3526 1030 sanctum

1971 1059 2197 1127 undique
2226 1058 2687 1122 circumdederat,
2721 1062 2929 1116 volebat
2969 1064 3200 1137 suadere.
3240 1064 3368 1117 eiut
3409 1079 3532 1118 eum

1967 1156 2334 1213 consecraret;
2369 1148 2595 1214 fecitque
2617 1152 2663 1200 ei
2687 1148 3134 1217 deprecationem,
3164 1153 3529 1207 continentem

1966 1239 2034 1293 ita
2064 1239 2138 1309 (in
2163 1238 2300 1292 facie
2344 1238 2538 1306 quippe
2578 1239 2627 1292 ei
2670 1254 2776 1292 non
2817 1239 3043 1294 audebat
3084 1242 3189 1294 tale
3213 1225 3524 1308 aliquidIdi-

1966 1328 2110 1399 cere)
2137 1346 2150 1382 :
2181 1347 2199 1380 ι
2229 1329 2575 1384 Sanetissitno
2593 1339 2647 1384 et
2671 1340 2747 1384 ter
2771 1316 2936 1384 beato.
2949 1331 3090 1384 Patri
3110 1341 3316 1400 patrum
3341 1331 3531 1386 Joanni

1966 1422 2163 1474 vicario
2185 1420 2407 1486 Christi,
2440 1420 2742 1485 depreCatio
2763 1430 2816 1472 et
2848 1421 3133 1484 postulatio
3153 1438 3181 1474 a
3204 1421 3391 1474 Cosma
3415 1421 3531 1492 (40)

1965 1509 2182 1576 indigno
2211 1524 2366 1563 servo
2387 1524 2662 1562 servorum
2685 1511 2981 1562 sanctitatis
3009 1521 3218 1564 vestrm.
3255 1511 3526 1575 Ediscens,

1967 1599 2303 1654 sanctissime
2332 1599 2566 1663 domine,
2598 1613 2714 1666 qua:
2745 1599 2948 1652 obtinet
2975 1599 3339 1652 honorandum
3374 1608 3532 1668 caput

1966 1699 2112 1745 tuum
2142 1690 2429 1744 secundum
2463 1689 2866 1757 permissionem
2895 1689 3008 1753 Dei,
3043 1690 3146 1742 imo
3179 1705 3273 1757 pro
3305 1692 3531 1756 peccatis

1965 1781 2184 1847 ltOSiriS,
2231 1795 2472 1835 escarum
2507 1782 2803 1848 penuriam,
2848 1795 2950 1833 non
2977 1782 3174 1848 justum
3226 1781 3529 1834 existimavi

299 1889 396 1926 nes
423 1886 554 1941 quas
591 1871 794 1924 viderat
821 1869 1018 1924 deferri
1057 1871 1363 1939 lagunculas
1419 1873 1653 1940 pecuniis
1683 1883 1862 1925 essent
1894 1867 1942 1926 B
1969 1887 2151 1925 servus
2182 1885 2322 1938 tuus,
2369 1872 2424 1924 itt
2458 1871 2748 1925 refectione
2787 1873 3116 1935 conversari,
3147 1871 3362 1924 demitto
3411 1887 3530 1924 meo

299 1977 394 2030 pro
422 1964 578 2016 melle
605 1963 837 2029 repletae.
861 1960 1092 2030 Contigit
1173 1970 1305 2027 ergo
1378 1961 1602 2017 sedente
1671 1975 1738 2018 eo
1801 1965 1864 2016 ad

301 2069 569 2120 mensam,
600 2066 652 2107 ut
693 2055 1024 2108 nuntiaretur
1065 2053 1250 2107 adesse
1288 2067 1382 2106 eos
1415 2053 1503 2122 qui
1536 2054 1863 2122 lagunculam

300 2143 605 2210 portabant,
651 2152 704 2198 et
749 2145 1017 2211 pittacium
1065 2132 1398 2213 patriarchae.
1440 2145 1864 2196 Ascendentibus

297 2232 472 2297 itaque
517 2232 614 2293 eis,
645 2246 764 2284 cum
815 2232 1032 2285 vidisset
1072 2247 1224 2285 unam
1258 2241 1459 2284 tantum
1495 2232 1860 2299 lagunculam,

296 2321 433 2373 dixit
471 2322 545 2374 eis
596 2321 846 2388 patricius
879 2340 890 2374 :
924 2321 1089 2376 Dicite
1131 2323 1177 2375 ci
1208 2338 1222 2376 :
1261 2321 1452 2384 Credo,
1484 2322 1719 2385 domine,
1754 2339 1864 2376 tua-

295 2426 450 2479 gnam
494 2411 815 2466 iracundiam
863 2415 1142 2467 adversum
1175 2430 1259 2467 me
1303 2415 1517 2476 retines,
1551 2429 1670 2468 nam
1705 2429 1862 2468 tinam

297 2503 466 2556 solam
519 2518 624 2558 non
675 2507 911 2559 mitteres
960 2506 1108 2560 ntihi.
1159 2506 1371 2559 Tradite
1415 2516 1590 2560 autem
1650 2507 1863 2574 pittacio

296 2593 514 2659 eodem,
546 2603 598 2646 et
637 2594 831 2648 bullam
864 2595 1430 2664 (Sil)'dissolvenlibus,
1465 2605 1517 2650 rt
1554 2597 1864 2650 evacumti-

298 2681 395 2735 bus
427 2699 603 2736 coram
649 2685 893 2738 omnibus
944 2689 1247 2751 pecuniam,
1281 2687 1491 2756 agnovit
1535 2697 1588 2740 et
1632 2687 1862 2754 reliquas

295 2775 620 2844 lagunculas,
660 2791 791 2843 quas
834 2777 992 2844 vidit,
1038 2776 1280 2831 similiter
1326 2779 1507 2844 plenas
1553 2793 1691 2833 esse.
1726 2779 1860 2835 Cum

296 2877 422 2930 ergo
452 2865 664 2930 legisset
689 2864 827 2931 quod
857 2865 1012 2917 homo
1035 2866 1389 2934 corruptibilis
1412 2865 1574 2920 Deum
1600 2872 1866 2924 constrin-

296 2967 420 3020 gere
451 2968 552 3006 non
585 2965 759 3021 posset
781 3000 794 3022 ,
825 2968 1170 3024 compunctus
1199 2957 1265 3011 de
1295 2973 1560 3020 sermone,
1591 2959 1722 3012 dixit
1749 2976 1760 3009 :
1798 2959 1863 3012 Et

300 3043 422 3095 vivit
453 3045 724 3110 Dominus,
760 3062 824 3098 ne
847 3063 928 3104 :ue
960 3048 1136 3101 Niceta
1163 3049 1488 3117 constringet
1510 3065 1629 3102 eum
1652 3089 1666 3113 ,
1703 3053 1861 3102 homo

295 3137 489 3187 etenim
515 3150 563 3188 et
597 3135 708 3202 ipse
741 3147 982 3202 peccator
1009 3147 1061 3191 et
1091 3139 1447 3206 corruptibilis
1477 3149 1577 3192 est.
1612 3141 1677 3194 Et
1705 3141 1861 3193 relin-

1968 1964 2019 2018 in
2048 1962 2332 2015 subtiliate
2363 1961 2478 2030 (41)
2507 1961 2764 2014 manenti.
2797 1960 2930 2014 Sunt
2958 1961 3118 2029 igitur
3143 1962 3354 2029 indigno
3374 1975 3530 2015 servo

1968 2061 2057 2104 tuo
2089 2051 2338 2104 frumenti
2371 2053 2596 2103 ducenta
2625 2052 2785 2103 millia
2819 2050 3137 2115 modiorum,
3166 2060 3218 2103 et
3247 2053 3358 2104 auri
3384 2052 3530 2106 libra:
3601 2077 3606 2081 υ

1964 2154 2176 2196 centum
2232 2144 2519 2212 octoginta,
2568 2158 2697 2210 quas
2745 2157 2873 2209 rogo
2919 2143 3031 2194 dari
3082 2143 3294 2195 Christo
3338 2158 3432 2210 per
3477 2155 3530 2197 te

1965 2234 2236 2286 dominum
2277 2248 2484 2286 meum:
2515 2241 2714 2285 tantum
2741 2247 2840 2301 ego
2867 2230 3110 2300 indignus
3142 2231 3193 2284 in
3238 2233 3528 2287 ministerio

1965 2323 2128 2376 vestri
2171 2323 2453 2376 diaconatu
2507 2321 2608 2375 frui
2641 2336 2871 2388 merear,
2916 2331 2974 2375 ut
3016 2337 3110 2390 per
3143 2323 3298 2375 talem
3328 2339 3446 2376 cum
3478 2333 3529 2376 te

1964 2413 2179 2467 domino
2229 2413 2394 2465 sancti
2449 2411 2630 2466 altaris
2677 2413 3140 2477 ministrationem,
3190 2413 3443 2467 emundet
3497 2429 3527 2466 a

1967 2513 2304 2571 peccatorum
2353 2517 2591 2556 meorum
2646 2502 2868 2555 luxuria.
2917 2501 3052 2556 Dicit
3089 2503 3247 2556 enim'
3275 2515 3401 2556 vere
3436 2503 3526 2557 Dei

1967 2593 2282 2661 praedicator
2323 2601 2538 2645 sanctus
2567 2590 2870 2658 Aposwlus,
2901 2592 3151 2659 quoniam
3183 2606 3250 2644 ex
3290 2591 3527 2644 necessi-

1967 2692 2074 2737 tate
2115 2693 2168 2737 et
2208 2683 2336 2750 legis
2381 2682 2655 2735 translatio
2698 2683 2753 2733 lit
2779 2681 2966 2751 (Hebr.
2999 2681 3112 2752 vn).
3142 2699 3161 2732 ›
3197 2681 3318 2735 Haec
3357 2681 3526 2734 susci-

1966 2774 2117 2842 piens
2143 2771 2396 2825 divinitus
2443 2773 2678 2838 sapiens,
2711 2780 2764 2824 et
2792 2771 2962 2823 virum
3012 2773 3298 2834 advocatis,
3349 2771 3420 2822 ait
3458 2769 3524 2823 ad

1963 2880 2086 2920 eum
2113 2864 2224 2918 :Tu
2264 2880 2320 2918 es
2362 2864 2449 2932 qui
2490 2878 2671 2931 preces
2701 2862 2855 2916 nobis
2884 2877 2976 2928 per
3005 2865 3262 2915 notarium
3296 2869 3438 2914 tuum
3471 2868 3523 2916 et

1965 2953 2131 3011 filium
2169 2956 2398 3008 misisti?
2427 2956 2542 3020 Quo
2581 2954 2789 3007 dicente
2814 2971 2834 3030 Ξ
2860 2953 3050 3015 Etiam,
3095 2952 3328 3017 domine,
3384 2951 3526 3005 misit

1967 3062 2154 3102 omnes
2195 3047 2337 3099 foras
2389 3047 2572 3098 beatus
2621 3052 2676 3097 et
2730 3043 3283 3110 ntiscricordissitnus,
3339 3041 3523 3093 nolens

1963 3153 2142 3191 eoram
2172 3138 2414 3190 omnibus
2445 3137 2585 3188 hunc
2610 3134 2955 3198 confundere,
2981 3141 3036 3187 et
3063 3132 3225 3199 etrapit
3252 3131 3428 3183 dicere
3457 3129 3522 3181 ad

295 3243 460 3298 quens
507 3242 624 3283 nzox
674 3228 983 3300 prandium,
1018 3237 1070 3287 et
1112 3243 1327 3286 sumens
1372 3244 1552 3286 secum
1599 3239 1858 3302 quotquot
1886 3232 1931 3292 (ζ
1965 3242 2083 3282 eum
2116 3225 2360 3280 :Oblatio
2404 3225 2614 3292 quidem
2676 3234 2759 3276 tua
2813 3222 2966 3276 valde
3007 3216 3148 3290 jtista
3201 3228 3256 3274 et
3303 3218 3524 3285 tempori

295 3323 543 3387 pecnnias
583 3323 650 3375 ab
682 3324 988 3377 honorando
1031 3324 1186 3377 Patre
1229 3325 1548 3391 abstulerat,
1580 3335 1632 3378 et
1669 3327 1856 3394 lagun-

292 3414 462 3466 culam
495 3429 612 3482 quze
642 3414 709 3467 ab
738 3430 799 3468 eo
851 3417 1157 3469 transmissa
1199 3413 1398 3481 fuerat,
1435 3425 1488 3469 et
1514 3417 1580 3468 de
1609 3432 1704 3468 suo
1733 3432 1860 3469 cen-

294 3505 493 3556 tenaria
538 3506 668 3566 tria,
714 3507 1064 3573 apprehendit
1112 3507 1417 3559 honoranda
1457 3505 1573 3574 ejus
1618 3509 1857 3574 vestigia,

294 3593 440 3646 nullo
469 3593 518 3644 in
552 3594 864 3660 obsequium
907 3598 1175 3661 proprium
1206 3605 1443 3662 sumpto;
1477 3595 1567 3647 sed
1601 3595 1650 3647 itt
1684 3595 1855 3648 humi-

297 3686 444 3738 litate
474 3684 631 3735 mnlta
661 3685 975 3747 ascendens,
1009 3685 1225 3753 rogabat
1251 3701 1368 3738 eum
1388 3725 1402 3749 ,
1433 3685 1583 3752 quasi
1617 3687 1737 3741 aliis
1764 3701 1857 3740 ac-

291 3777 597 3830 ensantibus
637 3784 866 3834 motum.
905 3773 1280 3844 indulgentiam
1311 3791 1339 3829 a
1374 3778 1481 3830 Dco
1510 3787 1856 3846 exposceret,

292 3867 624 3926 satisfaciens
675 3869 722 3918 ei
781 3867 920 3934 quod
978 3869 1076 3919 etsi
1146 3868 1507 3934 pmtiitentiatn
1561 3870 1609 3922 ei
1672 3869 1856 3936 daret,

291 3967 534 4026 prompte
562 3958 693 4009 hanc
723 3957 1012 4024 susciperet
1038 3969 1088 4010 et
1116 3958 1424 4011 custodiret.
1453 3958 1737 4012 Admirans
1765 3975 1858 4013 au-

293 4059 395 4101 tem
423 4049 847 4116 archiepiscopus
875 4049 1107 4101 velocem
1135 4049 1230 4101 viri
1261 4050 1665 4104 conversionem
1683 4093 1697 4117 ,
1727 4051 1858 4105 nihil

290 4141 358 4194 de
388 4142 673 4194 Commisso
703 4153 1020 4206 conquestus
1047 4152 1155 4201 est,
1185 4140 1275 4193 sed
1317 4148 1370 4192 et
1400 4143 1567 4210 magis
1607 4141 1859 4196 coiisola-

291 4233 444 4285 balttr
472 4247 590 4282 cum
627 4231 801 4284 verbis
846 4232 1116 4284 consolato
1150 4233 1233 4284 iis.
1266 4231 1412 4283 Talis
1452 4239 1630 4285 autem
1672 4232 1855 4285 ambo-

290 4336 407 4374 rum
449 4320 604 4373 conl‘n
623 4329 760 4372 mata
794 4331 873 4373 est
903 4336 964 4373 ex
998 4331 1120 4373 tunc
1150 4336 1178 4373 a
1211 4320 1318 4374 Deo
1345 4320 1598 4388 cltaritas,
1627 4332 1680 4375 ut
1708 4337 1856 4375 com-

293 4423 439 4480 pater
467 4412 751 4479 supradicti
785 4411 932 4464 fieret
961 4411 1189 4478 patricii.

361 4502 488 4555 CAP.
515 4501 627 4555 XII.
651 4532 718 4540 —
742 4502 840 4568 Qui
872 4503 1136 4554 Abraham
1162 4502 1211 4553 itt
1252 4503 1350 4554 hoc
1375 4500 1512 4570 quod
1542 4502 1856 4570 expediebat

1965 3317 2284 3389 necessaria,
2314 3315 2406 3372 sed
2441 3317 2704 3371 maculosa
2743 3323 2854 3381 est;
2879 3322 2934 3368 et
2974 3311 3108 3365 nosti
3135 3310 3271 3381 quod
3307 3311 3357 3363 in
3385 3309 3524 3378 Lege

1961 3419 2076 3470 ovis
2093 3418 2202 3470 sive
2235 3431 2414 3483 parva,
2447 3416 2559 3468 sive
2601 3429 2807 3481 magna,
2843 3413 2939 3465 nisi
2973 3410 3307 3463 immaculata
3355 3418 3522 3471 esset,

1964 3524 2066 3561 non
2104 3509 2156 3560 in
2204 3507 2520 3561 sacriﬁcium
2567 3504 2887 3558 offerebatur
2913 3491 3096 3572 (Levii.
3128 3499 3257 3566 xm)
3284 3515 3300 3562 ;
3329 3504 3383 3551 et
3411 3497 3526 3550 ideo

1965 3601 2028 3653 ad
2084 3600 2399 3666 sacrificium
2439 3599 2567 3650 Cain
2623 3613 2726 3649 non
2786 3599 3014 3660 respexit
3056 3592 3192 3645 Deus
3234 3589 3391 3659 (Cen.
3423 3585 3524 3654 tv).

1961 3689 2219 3754 Quoniam
2248 3704 2374 3741 vero
2403 3688 2605 3750 dixisti,
2640 3686 2818 3746 frater,
2855 3682 2993 3749 quod
3025 3697 3087 3734 ex
3117 3681 3431 3732 necessitate
3469 3686 3524 3732 et

1962 3781 2094 3849 legis
2124 3780 2398 3832 translatio
2429 3778 2536 3840 liat,
2563 3777 2628 3830 de
2659 3777 2774 3844 lege
2802 3776 2964 3828 veleri
3007 3775 3104 3827 hoc
3133 3773 3258 3826 dicit
3293 3773 3524 3838 Aposto-

1961 3873 2079 3938 ltts;
2110 3887 2229 3926 nam
2259 3869 2524 3940 quomodo
2570 3870 2644 3920 ait
2673 3867 2835 3921 frater
2867 3867 3071 3920 Domini
3103 3864 3350 3927 Jacobns,
3382 3864 3522 3931 quod

1961 3965 2262 4034 quicunque
2290 3958 2652 4014 observaverit
2688 3968 2845 4010 totam
2876 3957 3065 4028 legem,
3097 3953 3328 4008 oﬂendat
3347 3966 3521 4006 autem

1963 4055 2015 4109 in
2044 4068 2170 4119 uno,
2196 4053 2364 4106 factus
2385 4059 2466 4106 est
2491 4051 2723 4104 omnium
2751 4064 2872 4102 reus
2895 4049 3030 4118 (Jac.
3059 4045 3158 4116 ti)?
3187 4047 3259 4100 De
3276 4045 3524 4099 fratribus

1963 4159 2090 4200 vero
2121 4144 2257 4198 meis
2281 4142 2463 4212 egenis
2489 4149 2544 4197 et
2571 4141 2639 4195 de
2659 4146 2842 4194 sancta
2875 4139 3128 4202 Ecclesia,
3156 4139 3291 4191 Deus
3320 4137 3524 4205 quieos

1963 4237 2181 4293 nutrivit
2229 4243 2355 4290 ante
2382 4249 2540 4304 quam
2587 4247 2686 4303 ego
2726 4241 2780 4286 et
2818 4240 2873 4284 tn
2915 4244 3275 4293 nasceremur,
3319 4228 3430 4296 ips'e
3474 4237 3524 4282 et

1962 4345 2104 4384 nunc
2141 4328 2339 4381 nutriet
2367 4339 2495 4385 eos;
2530 4333 2752 4388 tantum,
2777 4322 2819 4375 si
2869 4334 3142 4375 sermones
3180 4317 3296 4387 ejus
3325 4318 3524 4372 illaesos

1963 4417 2388 4474 custodierimus.
2439 4413 2534 4467 Ille
2579 4412 2720 4466 enim
2776 4411 2864 4479 qui
2915 4421 3039 4463 tunc
3084 4407 3315 4477 quinque
3361 4419 3523 4472 panes
3565 4407 3578 4420 ‘

1962 4509 2333 4576 multiplicavit
2372 4503 2550 4576 (Joan.
2582 4503 2681 4570 vr),
2717 4509 2888 4568 potest
2917 4509 2968 4552 et
2992 4499 3173 4551 decem
3202 4495 3376 4548 horrei
3409 4493 3519 4548 mei

291 4596 535 4662 tentavit,
561 4604 617 4646 ut
646 4593 762 4662 ejus
794 4594 951 4646 [idem
997 4593 1099 4647 soli
1133 4593 1240 4646 Deo
1281 4595 1544 4663 cognitam
1579 4596 1857 4648 universus
1891 4598 1936 4655 ι)
1964 4599 2156 4654 modiis
2186 4596 2523 4651 benedicere.
2552 4593 2884 4659 Quapmpter
2905 4589 3028 4642 illud
3058 4588 3176 4641 dico
3216 4585 3280 4639 ad
3322 4584 3520 4651 ιθ,ἻίΙῇ

291 4687 518 4740 mundus
559 4687 772 4739 diScens
821 4685 1115 4738 imitaretur
1140 4685 1290 4748 (Gen.
1335 4689 1488 4753 xxii),
1539 4688 1762 4738 tentavit
1804 4697 1858 4740 ct

290 4777 690 4832 memorabilem
738 4778 894 4830 istum
935 4776 1216 4830 Joannem.
1268 4778 1452 4830 Modus
1501 4788 1679 4831 autent
1717 4779 1859 4830 illius

291 4866 597 4923 tentationis
666 4867 836 4920 forma
898 4870 1134 4920 u.ilitatis
1184 4871 1382 4922 sanctis
1448 4869 1564 4935 ejus
1619 4869 1858 4923 ecclesiis

289 4960 515 5014 exstitit.
554 4959 645 5012 Est
689 4969 865 5011 autem
895 4959 1058 5011 forma
1103 4959 1254 5012 hac:
1290 4959 1646 5012 Intestimabili
1685 4960 1860 5011 multi-

291 5050 474 5102 tudine
507 5049 819 5118 fugientittm
867 5064 895 5100 a
947 5049 1149 5112 Persis,
1191 5052 1325 5102 sicut
1351 5051 1459 5116 jam
1499 5052 1696 5104 dictum
1730 5051 1861 5119 (Stt-

293 5157 384 5207 pro
407 5157 453 5193 c.
487 5140 563 5212 6),
607 5151 658 5196 et
699 5141 1016 5194 adveniente
1053 5141 1448 5206 Alexandriam,
1499 5153 1547 5195 et
1580 5142 1860 5197 sterilitate

291 5236 457 5286 multa
486 5234 728 5287 ciborum
778 5235 934 5296 facta,
981 5249 1045 5287 eo
1094 5234 1232 5302 quod
1284 5250 1385 5287 non
1428 5236 1632 5289 subiret
1670 5235 1860 5290 ﬂuxius

292 5322 441 5376 Nilus
469 5325 760 5377 secundum
792 5324 1255 5386 consuetudinem,
1286 5335 1337 5378 et
1360 5341 1490 5378 auro
1520 5335 1711 5379 cuncto
1739 5342 1862 5380 ero-

291 5424 414 5482 gato
457 5414 596 5482 quod
643 5415 953 5480 possederat
999 5414 1324 5480 patriarcha,
1376 5417 1538 5478 misit,
1583 5425 1636 5468 et
1675 5429 1858 5469 mutuo

291 5505 496 5575 accepit
524 5521 553 5559 a
583 5505 764 5560 multis
796 5505 1160 5572 pltilochristis
1200 5506 1338 5559 circa
1382 5505 1567 5560 decem
1606 5517 1859 5560 centena-

291 5596 392 5652 ria.
426 5598 495 5651 Et
526 5597 606 5650 bis
635 5595 825 5649 iterum
867 5596 1222 5663 consumptis,
1271 5605 1324 5651 et
1359 5597 1532 5651 adhuc
1558 5598 1696 5652 fame
1741 5615 1858 5651 tna-

292 5703 476 5758 nentc,
510 5702 564 5747 et
604 5690 670 5745 de
712 5702 907 5759 stetere
939 5703 1176 5746 mutuum
1206 5693 1334 5748 dare
1362 5695 1410 5748 ei
1441 5693 1584 5747 nullo
1629 5693 1858 5754 volente,

295 5787 388 5844 sed
413 5786 658 5841 omnibus
689 5785 1033 5857 pertinaciam
1063 5786 1218 5840 famis
1246 5787 1576 5850 timentibus,
1606 5794 1656 5840 ct
1685 5799 1864 5840 neces-

1964 4692 2104 4760 quod
2148 4690 2198 4742 iri
2241 4687 2469 4742 Actibus
2508 4684 2868 4752 apostolorum
2917 4668 3114 4734 dictum
3142 4687 3222 4732 est
3252 4696 3263 4730 :
3290 4677 3404 4730 Non
3443 4684 3523 4732 est

1960 4783 2055 4837 tibi
2089 4783 2260 4846 portio
2290 4792 2463 4846 neque
2495 4771 2778 4828 btereditas
2806 4773 2856 4824 itt
2899 4770 2996 4825 hac
3029 4779 3177 4837 parte
3213 4768 3348 4839 (Act.
3379 4766 3518 4834 vin).

1960 4874 2196 4940 Cumque
2223 4873 2363 4924 hunc
2390 4869 2595 4922 tristem
2625 4876 2679 4920 et
2703 4865 2819 4919 sine
2849 4863 3036 4917 ellectu
3059 4861 3364 4922 dimisisset,
3387 4873 3522 4911 nun-

1962 4965 2122 5017 tiatur
2141 4963 2189 5016 ei
2214 4961 2345 5014 duas
2377 4959 2628 5011 Ecclesia:
2658 4970 2965 5022 magnarum
2998 4953 3206 5007 navium
3237 4951 3301 5004 ad
3325 4958 3520 5002 terram

1964 5068 2084 5108 esse
2129 5052 2437 5109 submissas,
2486 5063 2616 5113 quas
2670 5045 2886 5098 miserat
2930 5044 2981 5097 in
3032 5041 3262 5098 Siciliam
3310 5051 3524 5106 propter

1965 5146 2310 5197 fI‘UIl'tCIIlUIII.
2343 5139 2453 5192 lloc
2492 5149 2665 5191 autem
2711 5137 2932 5189 audiens
2962 5134 3051 5186 ille
3078 5133 3284 5195 beatus,
3326 5130 3524 5181 cadens

1968 5235 2023 5288 in
2069 5245 2289 5294 terram,
2342 5229 2540 5299 gratias
2588 5227 2694 5295 egit
2733 5223 3078 5291 omnipotenti
3137 5221 3263 5286 Deo,
3300 5217 3521 5272 dicens:

1965 5325 2174 5380 Gratias
2203 5322 2378 5377 refero
2407 5320 2524 5384 tibi,
2560 5317 2798 5381 Domine,
2822 5315 3068 5383 quoniam
3103 5327 3206 5364 non
3233 5309 3520 5380 permisisti

1967 5430 2122 5468 servo
2154 5425 2243 5466 tuo
2270 5411 2504 5480 pecuniis
2536 5409 2762 5462 vendere
2804 5404 3031 5474 gratiam
3063 5411 3227 5454 tuam.
3263 5401 3397 5454 Vere
3442 5399 3516 5452 in-

1961 5497 2232 5574 tiuiret'ttes
2277 5515 2346 5564 te.
2381 5501 2620 5561 Domine,
2660 5505 2714 5551 et
2756 5501 2952 5550 sanctae
2993 5491 3248 5546 Ecclesia:
3292 5502 3394 5545 tua:
3435 5505 3520 5545 re-

1961 5597 2111 5666 gulas
2196 5592 2600 5654 custodientes,
2662 5603 2769 5644 non
2842 5581 3098 5638 deficient
3194 5583 3337 5642 omni
3377 5584 3410 5638 b
3449 5600 3515 5636 no

1914 5749 1926 5758 θ
1964 5688 2136 5755 (ιιδαι.
2171 5689 2380 5752 xxxiii).

2034 5780 2161 5833 Car.
2198 5776 2331 5831 thl.
2357 5803 2416 5815 -—
2444 5769 2764 5839 Quibusdam
2815 5768 3019 5824 duobus
3063 5767 3267 5823 clericis
3319 5764 3388 5831 in,
3412 5763 3521 5821 cul~
