3956 6220
485 402 619 458 tt???
664 456 681 469 .
1539 388 1811 446 LEONTII
1850 383 2315 443 NEAPOLITANI
2355 383 2663 437 Ei’iSCOl’I
3571 380 3685 437 im

507 526 623 576 pam
652 507 983 570 callentibus,
1016 507 1112 557 hoc
1140 516 1238 566 est,
1274 518 1483 556 manum
1512 504 1568 571 in
1599 504 1905 556 alterutrum
1938 496 2057 557 inji-
2090 501 2128 555 Α
2230 490 2356 545 CAP.
2405 491 2542 545 Χιν.
2569 521 2636 530 —-
2658 490 2847 544 Dcifcri
2890 481 3096 555 quidam
3145 499 3448 545 sanctormn
3497 490 3677 546 Patrum

502 598 785 662 cientibus,
820 601 915 651 hos
943 596 1415 652 excommunicivit
1460 597 1711 648 Canonice
1743 608 1832 660 per
1861 589 2058 655 aliquot
2158 583 2271 652 (47)
2302 585 2546 636 dixerultt
2571 600 2583 635 :
2611 584 2928 651 Angelorum
2968 583 3180 650 quidem
3205 591 3286 635 est
3318 583 3608 637 nullatenus
3630 584 3681 636 li-

505 690 642 742 uies.
677 687 874 740 Horum
905 686 1118 754 quidem
1155 700 1286 736 unus
1314 683 1537 737 [ibt-nter
1568 681 1796 747 suscepit
1821 680 2059 742 increpa-
2160 677 2342 738 tigare.
2373 674 2465 727 sed
2492 674 2541 725 in
2568 672 2869 725 omnimoda
2887 680 2937 725 et
2964 681 3214 739 perpetua
3239 686 3368 740 pace
3385 674 3683 737 consistere;

507 779 728 843 tionem,
759 786 812 829 et
840 775 1083 844 cognovit
1124 777 1330 840 culpam
1360 787 1506 824 suam
1535 786 1549 834 ;
1577 772 1709 822 alter
1752 781 1877 819 vero
1914 765 2062 817 mali-
2162 763 2433 814 hominum
2467 776 2598 815 vero
2624 770 2706 817 est
2752 761 2996 813 altercari
3021 761 3257 828 quidem,
3288 761 3383 813 sed
3429 762 3592 813 statim
3620 777 3687 815 re-

474 874 675 923 'tiosus
700 868 956 928 existens,
987 864 1220 931 gaudens
1249 871 1569 930 praeceptum
1598 856 1850 924 suscepit.
1898 855 2062 906 Osca-
2159 852 2474 915 conciliari;
2525 851 2822 905 dmmonum
2870 861 3045 905 autem
3085 863 3159 904 est
3194 851 3422 917 litigare,
3458 862 3508 904 et
3547 860 3686 904 totum

508 967 710 1013 sionem
741 960 879 1011 enim
905 958 1176 1026 quaerebat
1201 955 1384 1013 miser,
1414 967 1480 1003 ne
1507 949 1871 1017 ingrederetur
1894 945 2065 997 cccle-
2162 939 2299 992 (Ιίιιιιι
2331 940 2555 993 transire
2583 939 3031 995 inrecoociliatos.
3067 940 3177 994 Hoc
3210 951 3483 1007 propterea
3513 944 3687 1009 pradati

509 1064 661 1114 suam,
694 1050 787 1102 sed
812 1046 1074 1102 licentiam
1101 1046 1316 1098 haberet
1344 1039 1722 1108 perseverandi
1745 1039 1796 1091 in
1825 1036 2062 1089 nefandis
2160 1045 2361 1094 sumus,
2392 1044 2656 1086 amatores
2681 1030 2899 1096 Christi,
2930 1043 3145 1101 propter
3186 1045 3502 1100 praesentem
3536 1049 3687 1087 narra.

511 1139 712 1190 actibus
748 1139 878 1190 suis.
921 1134 1248 1188 Irascebatur
1270 1140 1446 1183 autem
1492 1137 1675 1182 contra
1707 1135 1943 1180 sanctum
1977 1139 2068 1190 pa-
2172 1122 2391 1174 tio’netn.
2444 1122 2647 1175 l’lacuit
2695 1122 2814 1175 huic
2852 1122 3137 1191 aliquando
3199 1123 3399 1186 nobili,
3447 1137 3546 1176 una
3593 1139 3691 1177 cum

516 1225 823 1286 triarcham,
881 1234 934 1274 et
986 1229 1238 1289 quantum
1274 1218 1343 1271 .in
1402 1232 1459 1269 se
1488 1224 1624 1281 erat,
1672 1214 1972 1266 minabatur
2019 1209 2069 1263 ei
2164 1220 2575 1265 commemorato
2601 1210 2782 1266 Niceta
2812 1213 3053 1280 patricio,
3092 1213 3159 1265 de
3177 1215 3406 1281 quadam
3436 1214 3626 1281 publica
3650 1232 3696 1266 te

514 1323 729 1362 nocere.
776 1307 998 1372 Quidam
1040 1321 1162 1357 vero
1206 1304 1472 1363 dicebant.
1520 1309 1572 1353 el
1613 1301 1781 1362 ipsum
1823 1312 1941 1349 esse
1981 1294 2070 1362 (ιυί
2168 1304 2433 1358 altercari.
2479 1303 2663 1359 Modus
2704 1314 2878 1357 autem
2919 1304 3072 1372 litigii
3119 1314 3235 1358 erat
3282 1305 3437 1369 talis;
3489 1319 3698 1357 necessa-

517 1398 821 1464 prodiderat
862 1395 1107 1463 pecunias
1141 1394 1387 1445 ECCIt'siﬂ}
1415 1390 1479 1443 ad
1520 1389 1792 1457 patricium
1834 1386 2069 1441 Nicelillll
2170 1397 2307 1449 rium
2348 1405 2430 1448 εει
2458 1396 2597 1448 enim
2629 1396 2826 1459 dicere.
2876 1409 2994 1448 cum
3027 1395 3093 1448 sit
3123 1395 3318 1447 anima;
3349 1395 3494 1448 uti“;
3518 1410 3531 1447 ς
3559 1394 3689 1447 Patri.

515 1492 531 1556 (
558 1504 701 1554 ευρ..
734 1503 780 1539 c.
814 1486 922 1562 Il),
959 1501 1088 1554 quas
1117 1497 1168 1537 et
1210 1486 1381 1551 rapuit
1410 1499 1589 1545 manu,
1621 1493 1678 1534 ut
1706 1480 2071 1550 praescriptum

2170 1488 2523 1556 eiusquidem
2555 1489 2837 1554 disponere
2884 1487 3097 1541 volebat
3126 1487 3296 1540 forum
3340 1496 3553 1555 propter
3580 1485 3698 1537 iucra

516 1588 618 1632 est.
643 1578 948 1631 Nuntiatum
974 1586 1056 1629 est
1081 1577 1236 1644 igitur
1259 1575 1399 1644 quod
1425 1574 1511 1627 ille
1542 1573 1663 1627 mali
1694 1588 1899 1627 memor
1923 1573 2076 1625 mali-
2172 1579 2379 1647 publica
2396 1584 2416 1639 ‘;
2453 1578 2748 1646 patriarcha
2777 1588 2955 1631 autem
2981 1576 3031 1629 id
3056 1592 3158 1630 non
3189 1577 3510 1643 patiebatur,
3534 1591 3701 1644 panpe—

519 1667 641 1720 tiam
687 1675 1004 1731 reservaret,
1034 1674 1088 1718 et
1136 1682 1241 1718 non
1280 1672 1482 1717 rectam
1513 1679 1637 1732 erga
1677 1664 1888 1716 beatum
1935 1662 2076 1714 hunc
2173 1685 2289 1721 rum
2320 1670 2373 1722 in
2419 1670 2517 1722 hoc
2546 1682 2832 1736 procurans
2872 1668 3121 1720 salutem.
3150 1668 3372 1721 Multum
3399 1682 3527 1734 ergo
3550 1677 3704 1720 contra

516 1760 839 1809 voluntatem
873 1755 1113 1807 haberet.
1143 1753 1237 1807 ille
1262 1764 1444 1807 autem
1474 1769 1596 1806 vere
1624 1764 1821 1820 pastor,
1867 1765 2072 1804 memor
2174 1770 2233 1809 se
2261 1767 2465 1810 secreto
2503 1757 2888 1813 contendentes
2912 1754 3054 1825 (48),
3086 1764 3140 1808 ct
3177 1754 3499 1810 inﬂexibiles
3526 1770 3706 1808 manen-

518 1843 645 1899 dicti
709 1848 850 1899 illius
878 1863 891 1898 :
917 1846 1045 1910 Quis
1084 1847 1403 1909 infirmatur,
1450 1856 1504 1899 et
1553 1859 1650 1913 ego
1692 1860 1795 1897 non
1837 1844 2074 1896 intitmor
2106 1839 2150 1899 Β
2180 1854 2275 1908 tes,
2311 1853 2648 1898 recesserunt
2686 1845 2843 1896 ambo
2872 1845 2938 1897 ab
2967 1845 3187 1897 invicem
3216 1844 3340 1898 irati
3376 1854 3432 1898 et
3454 1844 3703 1897 irrecouci-

519 1938 606 2010 (11
640 1940 757 1993 Cor.
796 1941 910 2007 XI)?
956 1947 1011 1993 et
1060 1939 1288 1992 iterum:
1320 1938 1422 1991 Vos
1477 1938 1565 2005 qui
1611 1946 1853 2005 potentes
1902 1937 2031 1989 eStis
2055 1976 2069 2000 ,
2176 1933 2306 1985 liati.
2340 1935 2467 1986 Erit
2504 1945 2679 1988 autem
2707 1933 2836 1986 hora
2865 1935 3070 2002 quinta,
3110 1935 3400 2002 etquidem
3431 1936 3707 2002 patriarcha:

516 2035 723 2089 debetis
770 2035 1106 2087 infirmitates
1149 2035 1517 2102 impotentium
1567 2044 1781 2100 portare
1811 2031 1953 2103 (Cat.
1989 2046 2074 2095 vi;
2177 2035 2293 2076 etat
2336 2024 2624 2092 refragatio
2665 2033 2720 2077 et
2747 2024 3046 2077 amaritudo
3071 2039 3165 2092 pro
3204 2027 3460 2078 mandato
3490 2024 3598 2089 Dei,
3636 2039 3710 2093 pa-

519 2125 672 2179 Rom.
705 2127 815 2193 xv),
850 2126 1014 2177 voluit
1044 2124 1185 2178 hunc
1206 2125 1488 2187 accersire,
1520 2134 1574 2177 et
1612 2124 1865 2180 decenter
1892 2122 2077 2175 admo-
2182 2114 2315 2167 tricii
2381 2124 2556 2168 autem
2599 2124 2811 2182 propter
2852 2115 3155 2183 pecuniaria
3187 2114 3335 2167 lucra
3365 2125 3502 2169 erat.
3541 2114 3711 2168 Tamen

519 2228 668 2277 nere,
699 2223 752 2267 et
777 2215 985 2268 solvere
1012 2228 1131 2267 eum
1161 2214 1227 2265 ab
1265 2213 1841 2277 excotnmunicationc;
1875 2212 2084 2265 videbat
2180 2204 2254 2257 ait
2280 2204 2557 2273 illejusuts
2582 2221 2595 2255 :
2625 2219 2796 2273 neque
2831 2220 2925 2273 pro
2973 2205 3302 2270 rationabili,
3341 2221 3518 2274 neque
3543 2220 3629 2273 pro
3654 2204 3712 2257 ir-

520 2306 662 2358 enim
696 2302 873 2370 lupum
905 2312 1185 2356 conantem
1231 2317 1419 2369 rapere
1458 2317 1633 2355 ovem.
1680 2301 2084 2368 Dispensaliune
2183 2293 2483 2347 rationabili
2529 2295 2807 2347 occasione
2828 2294 2987 2349 ’debet
3018 2296 3176 2347 homo
3202 2295 3384 2348 irasci.
3421 2296 3713 2350 Adveniente

520 2406 651 2445 vero
681 2391 770 2446 Dei
800 2403 973 2445 actum
1000 2401 1081 2445 cst
1106 2401 1161 2444 ut
1192 2391 1551 2445 innotesceret
1576 2389 1823 2443 omnibus
1855 2389 2083 2457 patriar-
2182 2400 2313 2453 ergo
2341 2385 2473 2437 hora
2503 2384 2804 2447 undecima,
2846 2387 3063 2439 mandat
3103 2402 3197 2454 per
3227 2387 3711 2457 archipresbyterunt

524 2480 639 2534 cita:
687 2481 965 2534 immemor
1008 2481 1131 2535 mali
1170 2481 1401 2534 animus.
1447 2479 1657 2535 Oblitus
1702 2488 1783 2533 e~t
1823 2478 2086 2533 accersire
2184 2490 2286 2528 una
2324 2489 2443 2529 cum
2472 2475 2616 2529 clero
2638 2475 2936 2542 patriarcha
2966 2477 3191 2544 patricio
3230 2478 3331 2533 hoc
3370 2478 3583 2547 dignum
3626 2493 3717 2530 ute-

524 2586 668 2636 eum,
700 2580 754 2624 et
780 2572 985 2625 solvere
1011 2571 1076 2624 ab
1108 2572 1681 2625 excommunicatione.
1713 2571 1846 2624 Cum
1872 2585 1995 2638 ergo
2018 2568 2084 2622 ad
2186 2567 2354 2619 moria
2399 2566 2655 2619 verbum:
2681 2565 2924 2634 Domine,
2974 2569 3055 2621 sol
3093 2568 3158 2622 ad
3200 2584 3452 2623 occasum
3483 2578 3578 2623 est.
3611 2570 3717 2623 Cum

526 2673 765 2716 sanctum
801 2666 1126 2716 Dominicum
1155 2664 1293 2717 diem
1319 2663 1668 2729 pervenisset,
1710 2672 1765 2715 et
1794 2672 1976 2715 sancto
2005 2660 2087 2714 al-
2187 2669 2367 2712 autem
2396 2658 2498 2712 hoc
2524 2659 2742 2713 verbum
2767 2660 2857 2714 ille
2883 2661 3143 2727 audisset,
3175 2677 3278 2713 non
3303 2661 3542 2715 tolerans
3570 2661 3719 2714 cordis

522 2753 621 2806 tari
645 2753 897 2807 astitisset
918 2752 1052 2824 (42),
1078 2764 1133 2805 ut
1156 2753 1492 2807 incruentum
1515 2751 1831 2807 sacrificium
1846 2748 2084 2815 oﬂerret,
2186 2751 2268 2803 sui
2290 2750 2558 2819 ardorem,
2581 2751 2673 2805 sed
2716 2760 2963 2821 tanquam
3001 2752 3185 2815 divino
3217 2754 3338 2822 igne
3367 2754 3715 2813 inflammatus.

521 2842 627 2910 iam
684 2843 908 2897 diacono
953 2844 1250 2911 generalem
1307 2843 1599 2897 orationem
1656 2858 1790 2910 pene
1837 2856 2086 2897 consum-
2189 2841 2354 2894 sancti
2401 2854 2645 2896 sermone
2670 2854 3018 2913 compunctus
3059 2855 3161 2910 est,
3205 2846 3539 2915 infectusque
3574 2847 3718 2916 Iacry-

524 2942 722 2995 mante,
755 2943 993 2986 sanctum
1048 2935 1219 2987 velum
1251 2935 1548 2987 exaltaturo
1577 2932 1715 3003 (is),
1758 2934 1813 2987 in
1854 2941 2086 2988 mentem
2189 2930 2288 2984 mis
2309 2930 2483 2984 statim
2507 2939 2646 2984 totus
2676 2932 2841 2985 factus
2862 2944 2981 2997 est;
3009 2946 3062 2989 et
3083 2949 3326 3003 surgens,
3354 2938 3502 2989 venit
3523 2935 3584 2989 ad
3612 2937 3715 2988 bea-

526 3021 739 3076 malitiaa
769 3024 1095 3083 immemoris
1126 3026 1304 3090 venit;
1334 3037 1388 3077 et
1413 3024 1590 3078 statim
1633 3025 1794 3078 divini
1838 3024 2087 3091 prazcepti
2193 3030 2302 3071 tum
2334 3021 2493 3073 hunc.
2518 3024 2683 3086 Quem
2715 3036 2835 3075 cum
2864 3024 3102 3088 vidisset,
3133 3026 3244 3077 ait:
3270 3025 3418 3079 Bene
3440 3025 3637 3088 venisti,
3661 3024 3718 3076 lili

524 3117 832 3179 recordans,
860 3114 1145 3168 asserentis
1171 3132 1185 3169 :
1208 3113 1263 3169 Si
1295 3115 1455 3169 offers
1499 3131 1689 3169 munus
1720 3125 1864 3169 tuum
1904 3115 1970 3170 ad
2007 3115 2087 3168 al-
2193 3109 2465 3172 Ecclesiae,
2493 3110 2750 3163 obediens
2775 3112 2886 3164 voci
2915 3112 3030 3180 ejus
3053 3111 3269 3178 (Ep/tes.
3303 3111 3407 3182 tv).
3434 3113 3723 3167 Mittentibus

524 3213 659 3267 tare,
687 3215 739 3258 et
765 3206 833 3258 ibi
863 3205 1170 3261 recordatus
1201 3206 1385 3270 fueris,
1432 3209 1555 3276 quia
1581 3208 1742 3262 frater
1775 3217 1897 3262 tuus
1925 3208 2085 3262 habet

2194 3200 2354 3269 igitur
2396 3200 2653 3255 ambobus
2700 3210 3019 3256 metanteam
3045 3202 3186 3275 (t9),
3230 3212 3285 3258 et
3330 3204 3721 3273 amplexantibus

526 3291 722 3360 aliquid
775 3292 1052 3346 adversum
1125 3303 1216 3361 te,
1273 3296 1512 3363 relinque
1561 3296 1632 3350 ibi
1697 3312 1888 3351 munus
1939 3303 2087 3350 tuum
2192 3290 2528 3354 alterutrum,
2556 3290 2828 3344 sederunt.
2878 3294 2938 3346 Et
2968 3294 3212 3360 aperiens
3241 3308 3302 3347 os
3344 3307 3501 3347 suum
3531 3293 3723 3362 patriar-

531 3378 746 3449 (Matth.
779 3381 859 3451 v),
892 3376 1018 3448 etc),
1043 3384 1248 3437 intimat
1275 3385 1502 3438 diacono
1530 3383 1739 3439 facienti
1770 3389 2084 3452 Orationem,
2192 3381 2313 3447 clta,
2362 3381 2493 3435 dixit
2519 3399 2532 3435 :
2558 3382 2726 3436 Crede
2774 3383 2927 3446 mihi,
2972 3384 3208 3452 domine,
3255 3386 3354 3438 nisi
3392 3388 3516 3454 quia
3560 3386 3649 3438 vidi
3683 3392 3724 3436 te

530 3486 686 3539 quato
716 3470 972 3525 diaconus
1012 3474 1200 3526 solitus
1229 3473 1401 3527 facere
1431 3483 1565 3539 erat,
1596 3485 1653 3528 ut
1697 3474 2015 3543 reinciperet
2058 3491 2088 3531 a
2192 3473 2349 3528 valde
2395 3472 2704 3527 tribulatum
2747 3474 2813 3529 de
2853 3474 2972 3538 hoc.
3013 3476 3123 3545 jam
3166 3492 3270 3532 non
3324 3480 3607 3546 pigritarer
3644 3489 3724 3543 ego

528 3565 702 3633 capite
743 3564 891 3634 (44);
933 3575 986 3619 et
1032 3565 1076 3619 si
1106 3565 1430 3635 impleretur,
1472 3567 1661 3621 iterum
1696 3569 2090 3638 recapitularet,
2195 3567 2378 3621 venire
2406 3567 2471 3622 ad
2492 3567 2788 3622 claritatem
2825 3577 2987 3622 tuam.
3014 3569 3223 3623 Etenim
3259 3570 3519 3623 Dominus
3542 3578 3592 3623 et
3611 3567 3725 3621 Deus

532 3670 703 3723 usque
741 3658 866 3710 dum
911 3658 1179 3724 |-erveniat
1200 3656 1316 3727 ejus
1344 3658 1711 3713 sanctificatio.
1747 3660 1919 3715 Finxit
1948 3664 2091 3716 enim
2195 3666 2377 3712 noster
2408 3661 2519 3727 ipse
2567 3659 2824 3711 circuibat
2851 3657 3088 3712 civitates
3135 3665 3190 3712 et
3212 3658 3438 3712 castella
3463 3667 3514 3713 et
3550 3660 3721 3715 domos,

533 3759 613 3808 se,
647 3753 894 3813 tanquam
927 3748 970 3800 si
1009 3762 1129 3801 eum
1160 3749 1363 3803 ventris
1411 3750 1697 3804 necessitas
1727 3752 2090 3816 compulisset.
2193 3745 2457 3800 visitando
2482 3745 2743 3801 homines.
2766 3748 3025 3801 Omnibus
3047 3756 3222 3800 autem
3248 3747 3547 3802 humilitate
3566 3748 3725 3801 sumini

531 3835 597 3895 Et
626 3838 844 3890 veniens
887 3837 940 3890 in
983 3840 1296 3894 liouorabile
1338 3841 1744 3896 cimiliarchium
1772 3842 1911 3912 (45),
1951 3843 2095 3897 misit
2194 3838 2490 3893 sacerdotis
2516 3839 2807 3905 aaditicatis,
2841 3850 2893 3894 et
2920 3838 3270 3893 admiratione
3302 3840 3508 3907 plenis,
3546 3852 3727 3906 respon-

531 3929 706 3980 statim
754 3926 862 3982 fere
903 3928 1082 3998 viginti
1134 3930 1599 3997 hebdomadarlos,
1650 3940 1948 4001 quaerentes
1984 3934 2094 4002 jam
2196 3927 2275 3982 dit
2314 3929 2383 3984 ad
2444 3945 2571 3985 eum
2625 3931 2933 4001 patricius:
2990 3930 3180 3996 Crede,
3206 3929 3381 3993 Pater,
3403 3931 3521 3995 quia
3545 3914 3729 3982 ulierius

532 4015 729 4071 dictum
769 4018 891 4071 mali
925 4021 1065 4073 modi
1114 4024 1362 4076 clericum
1395 4021 1529 4093 (~56).
1563 4023 1791 4077 Intentio
1819 4024 1959 4077 enim
2002 4039 2092 4092 pa-
2201 4033 2307 4073 non
2337 4017 2548 4088 capient
2592 4033 2744 4072 aures
2788 4035 2917 4071 mea:
2958 4034 3139 4073 eorum
3171 4022 3349 4082 verba,
3383 4023 3473 4088 qui
3514 4019 3730 4087 litigiosa!

536 4108 696 4160 storis
719 4106 831 4162 haec
853 4118 990 4174 erat,
1014 4112 1337 4166 uteduceret
1358 4112 1424 4165 de
1446 4128 1541 4166 ore
1566 4113 1735 4166 leonis
1757 4128 1933 4168 ovem.
1960 4114 2099 4167 Deus
2201 4108 2330 4161 mihi
2372 4118 2658 4178 suggerunt
2697 4123 2802 4161 res.
2843 4108 2991 4162 Tunc
3030 4110 3242 4178 sapiens
3277 4110 3468 4163 doctor
3506 4110 3628 4163 dixit
3659 4109 3728 4159 ei'

535 4211 684 4263 vero,
719 4198 809 4266 qui
840 4198 1164 4254 voluntatem
1198 4202 1491 4256 timentium
1536 4218 1594 4256 se
1624 4200 1769 4268 facit,
1818 4203 1940 4257 fecit
1986 4218 2097 4272 pra:
2202 4197 2394 4265 Crede,
2428 4199 2499 4251 fili
2527 4208 2580 4251 et
2605 4197 2788 4263 frater,
2822 4199 2868 4251 si
2906 4200 3152 4252 omnibus
3197 4200 3280 4255 bis
3307 4200 3623 4253 voluerimus
3641 4212 3734 4251 cre-

538 4289 783 4341 manibus
809 4289 1030 4342 inveniri
1061 4304 1183 4342 mox
1221 4290 1496 4345 clericum.
1530 4291 1592 4344 Et
1633 4292 1882 4345 veniente
1926 4308 2012 4358 eo,
2047 4301 2100 4346 et
2199 4290 2353 4357 dere,
2379 4290 2664 4359 multorum
2690 4299 3023 4358 peccatorum
3058 4291 3261 4344 erimus
3283 4292 3507 4356 domini,
3544 4294 3735 4343 maxime

490 4432 499 4441 _
537 4379 747 4432 veritati
797 4380 1152 4434 tesﬁmoninm
1200 4384 1554 4451 perltibente,
1606 4382 1752 4452 prior
1799 4385 2097 4452 patriarcha
2201 4381 2255 4435 in
2301 4392 2537 4449 tempore
2568 4381 2688 4444 hoc,
2738 4384 2947 4449 quando
2978 4380 3103 4435 facti
3135 4390 3260 4441 sunt
3294 4383 3444 4434 ωηιιὶ
3498 4382 3734 4433 hominum

541 4482 674 4536 genu
721 4468 887 4533 flexit,
937 4470 1157 4523 dicens:
1189 4471 1403 4541 Indulge
1445 4472 1595 4540 mihi,
1647 4474 1830 4527 frater.
1892 4473 2107 4539 Veritus,
2207 4473 2429 4527 invicem
2460 4472 2718 4526 odientes.
2763 4472 3024 4525 Multolies
3071 4476 3212 4525 enim
3263 4483 3317 4526 et
3367 4472 3497 4525 mihi
3541 4471 3733 4525 suadere

540 4574 671 4628 ergo
688 4559 827 4614 illius
857 4562 1167 4616 ltonorabile
1191 4563 1538 4630 pontiﬁcium.
1570 4575 1621 4616 et
1661 4579 1845 4617 eorum
1872 4566 1959 4632 qui
1984 4566 2103 4617 ade-
2134 4552 2182 4612 Ι)
2209 4573 2539 4617 tentavernnt
2586 4564 2636 4616 hi
2686 4563 2775 4631 qui
2823 4564 3177 4631 suggerebant
3223 4562 3353 4614 mihi
3395 4562 3743 4627 diSpositioncs'

542 4660 663 4703 rant
688 4654 1039 4720 prsesentiam,
1069 4655 1232 4723 magis
1258 4670 1384 4709 vero
1412 4648 1877 4723 timensjudicium
1913 4655 2021 4720 Dei,
2049 4665 2102 4710 et
2210 4669 2423 4717 rerum;
2467 4664 2519 4707 et
2565 4669 2684 4707 cum
2734 4653 2962 4708 facerem
3011 4669 3154 4723 saape
3203 4658 3385 4723 finem,
3436 4665 3493 4711 ut
3526 4654 3741 4709 seductus

545 4742 767 4797 horrens
799 4760 865 4801 ne
901 4746 1033 4801 forte
1076 4748 1425 4804 descenderet
1471 4751 1605 4816 ignis
1635 4750 1700 4803 de
1739 4752 1875 4803 ('(BIO
1915 4750 2100 4803 eadem
2208 4744 2430 4806 fueram.
2466 4744 2799 4812 postmodum
2838 4745 2927 4798 alii
2959 4748 3171 4814 quidam
3216 4749 3567 4817 Suggerebant
3614 4742 3741 4801 mihi,

549 4832 677 4884 liora
733 4841 787 4886 et
836 4847 1169 4892 consumeret
1218 4854 1364 4904 eum,
1422 4839 1686 4894 videntem
1740 4840 2101 4892 honorandam
2210 4838 2350 4906 quod
2379 4836 2565 4891 fuerim
2597 4840 2847 4904 deceptus
2877 4840 2925 4892 in
2958 4841 3209 4908 capitulo;
3243 4858 3362 4894 cum
3394 4857 3519 4910 ergo
3542 4838 3745 4892 secundo

544 4923 689 4979 illaut
731 4924 976 4977 canitiem
1026 4914 1166 4979 humi
1205 4928 1488 4998 iacentem,
1537 4946 1673 4999 genu
1706 4930 1854 4985 ﬂexit
1892 4942 1944 4984 et
1970 4931 2103 4998 ipse,
2212 4938 2263 4981 et
2294 4929 2447 4982 tertio
2471 4931 2569 4982 hoc
2594 4929 2808 4982 fuissem
2853 4944 3154 4998 perpessus,
3187 4931 3307 4986 dedi
3353 4932 3626 4984 terminum
3664 4941 3746 4979 ωι-

545 5026 732 5084 petens
764 5015 969 5069 veniam
1001 5027 1055 5070 et
1080 5020 1517 5073 misericordiam.
1554 5023 1622 5075 Et
1648 5022 1857 5075 dicente
1885 5021 2107 5091 patriar-
2213 5018 2479 5086 bitnetipsi
2516 5020 2717 5087 absque
2745 5027 3088 5087 utrorumque
3119 5032 3288 5089 parte,
3343 5036 3407 5077 ne
3436 5022 3610 5075 darem
3638 5016 3747 5070 deft-

545 5103 645 5156 clta
670 5119 685 5157 :
714 5104 853 5158 Deus
884 5107 1038 5159 nobis
1084 5108 1331 5162 omnibus
1360 5109 1647 5179 indulgeat,
1680 5120 2029 5166 surrexerunt
2055 5121 2110 5166 et
2212 5112 2467 5165 nitionetn
2512 5113 2615 5165 alio
2657 5114 2711 5165 in
2741 5113 2992 5181 capitulo.
3025 5114 3175 5180 Quod
3222 5117 3265 5168 si
3296 5115 3384 5184 qui
3425 5110 3748 5182 suggerebant

546 5194 770 5262 ingressi
819 5206 941 5249 sunt
964 5198 1127 5267 ambo
1171 5200 1478 5258 ecclesiam:
1517 5212 1570 5255 et
1608 5211 1732 5257 tunc
1776 5219 1897 5257 cum
1939 5204 2109 5257 multo
2212 5204 2364 5269 mihi,
2407 5206 2786 5270 mentirentur,
2840 5205 2938 5273 ipsi
2993 5220 3199 5268 poenam
3259 5205 3566 5263 solverent,
3611 5212 3746 5269 quam

551 5287 743 5354 gaudio
773 5298 824 5343 ct
854 5289 1031 5342 laetitia
1088 5291 1254 5344 astitit
1300 5302 1487 5347 sancto
1520 5294 1693 5363 altari,
1746 5310 1867 5349 cum
1916 5296 2109 5349 munda
2212 5303 2489 5347 accusatus
2518 5291 2703 5360 ferret,
2738 5293 2782 5348 si
2830 5307 3015 5348 contra
3056 5311 3175 5348 eum
3208 5293 3466 5347 calumnia
3516 5290 3749 5345 veraciter

549 5377 873 5431 conscientia
905 5380 1086 5432 valens
1114 5379 1290 5433 dicere
1313 5382 1452 5435 Deo:
1482 5383 1696 5439 Dimitte
1741 5386 1893 5439 nobis
1933 5385 2108 5439 debita
2214 5385 2402 5439 fuisset
2428 5387 2640 5455 injecta.
2673 5387 2748 5439 Et
2762 5401 2824 5441 ex
2851 5386 3034 5439 eadem
3066 5387 3151 5441 die
3184 5386 3477 5455 improvide
3496 5392 3749 5453 suggerere

549 5476 752 5529 nostra,
792 5468 928 5521 sicut
957 5478 1011 5521 et
1037 5483 1134 5520 nos
1181 5469 1493 5527 dimittimus
1534 5474 1861 5530 debitoribus
1909 5476 2109 5530 nostris
2215 5475 2343 5528 mihi
2371 5484 2553 5527 contra
2582 5474 2810 5541 aliquem
2843 5476 3058 5529 omnino
3099 5476 3297 5543 aliquid
3329 5475 3504 5528 nullus
3528 5473 3631 5541 jam
3670 5482 3751 5519 au-

552 5557 765 5615 (Matth.
796 5560 892 5617 vt).
921 5560 994 5614 Ita
1037 5571 1210 5616 autem
1263 5578 1389 5620 sana
1432 5581 1496 5620 ex
1533 5578 1655 5622 tunc
1701 5577 1757 5623 et
1792 5580 2107 5636 compuncta
2214 5581 2330 5619 sum
2360 5563 2541 5630 habet,
2568 5568 2706 5635 quod
2746 5568 2981 5635 deposco
3010 5579 3062 5622 et
3108 5582 3300 5620 moneo
3347 5577 3588 5635 magnum
3615 5560 3750 5613 deem

553 5655 728 5699 mente
759 5647 925 5702 factus
953 5659 1034 5703 est
1058 5650 1220 5725 lector
1248 5652 1356 5718 ille,
1397 5666 1454 5710 ut
1483 5658 1796 5727 presbyterii
1828 5674 2109 5713 consecra-
2214 5675 2327 5713 rem
2357 5667 2521 5725 tuum,
2550 5660 2644 5725 fili,
2694 5659 2941 5714 similiter
2969 5662 3161 5715 facere.
3188 5663 3339 5729 Stepe
3360 5660 3497 5713 enim
3528 5666 3578 5708 et
3597 5648 3753 5707 cedes

553 5736 693 5789 tione
719 5736 870 5805 potiri
899 5751 1209 5796 mereretur.
1472 5768 1479 5774 ·

2216 5751 2442 5817 injust-as
2474 5749 2692 5813 faciunt,
2725 5752 2811 5818 qni
2860 5752 3231 5805 Sttbiitnilnlmtt
3266 5752 3515 5805 creditam
3560 5744 3752 5800 habent.
