4024 6232
304 382 439 439 162Ἱ

1225 388 1377 443 γιτΑ
1419 385 1660 442 εΑΝοτι
1700 385 1979 443 IOANNJS
2019 343 2599 447 Eteonon-sano.

3395 409 3413 461 i
3426 411 3530 467 650

304 510 349 548 st
380 490 587 551 t'uerint'
604 497 780 551 verbis
822 498 1078 551 suasoriis
1118 498 1391 561 commoti,
1424 505 1478 552 et
1504 496 1549 549 si
1590 498 1707 550 sine
1747 510 1867 550 cru-
1895 498 1945 555 Δ
1975 500 2245 552 tummodo
2268 502 2686 556 controversiam
2708 505 2913 559 astabat
2938 514 3059 562 tunc
3088 508 3319 575 pontifex
3348 516 3534 561 sancto

302 588 444 642 ciatu
503 588 793 642 reciderint
843 604 963 654 quae
1008 588 1071 641 ad
1100 603 1193 643 eos
1242 589 1458 642 veniunt
1499 588 1751 656 capitula.
1802 588 1865 641 Et

305 678 561 747 patrii-ius
616 689 861 746 tanquam
916 695 945 732 a
994 680 1103 734 Deo
1149 684 1349 746 jussus,
1395 691 1580 747 pactus
1619 687 1703 733 est
1747 680 1863 749 ejus

304 772 612 821 mandatum
641 781 700 845 se
728 769 996 822 custodire
1018 769 1160 822 omni
1192 769 1694 835 temporeiilmsum.

375 853 508 910 Car.
537 855 652 908 XV.
690 885 761 895 -—
791 856 894 910 Iste
919 858 1277 911 memorabilis
1321 857 1546 910 habebat
1586 855 1864 924 quemdam

302 956 576 1014 nepotem,
601 946 814 1000 nomine
842 946 1125 1013 Georgium
1157 947 1292 1016 (50).
1324 948 1436 1004 Una
1468 948 1642 1012 itaque
1663 946 1866 999 dierum

302 1035 503 1089 faciens
567 1037 668 1090 iste
717 1052 837 1090 eum
889 1019 1128 1106 quodam.
1165 1038 1396 1092 civitatis
1450 1038 1866 1092 tabernariorum

302 1128 496 1193 rixam,
521 1128 773 1182 conviciis
800 1130 867 1182 ab
889 1144 952 1181 eo
978 1144 1163 1183 severe
1182 1131 1406 1185 allectus
1425 1139 1508 1185 est
1533 1148 1548 1185 :
1573 1130 1662 1198 qui
1687 1130 1867 1184 amare

300 1218 512 1283 dolens,
544 1233 649 1271 non
679 1219 849 1271 solum
881 1219 1001 1286 quia
1034 1220 1244 1286 pubzice
1267 1262 1282 1286 ,
1330 1234 1514 1274 verum
1545 1220 1706 1273 etiam
1745 1220 1867 1287 quia

303 1324 331 1362 a
364 1310 531 1362 viliori
582 1310 933 1363 inhonoratos
974 1319 1138 1375 esset,
1177 1313 1405 1365 maxime
1433 1326 1580 1374 vero,
1606 1310 1728 1379 quia
1753 1317 1870 1365 erat

301 1416 468 1462 nepos
495 1403 839 1469 patriarchae,
885 1403 1045 1456 subiit
1086 1404 1151 1456 ad
1180 1418 1302 1458 eum
1333 1405 1384 1456 in
1413 1403 1684 1467 conclavi,
1711 1416 1777 1456 eo
1817 1405 1869 1456 in

296 1502 506 1545 secreto
530 1501 785 1556 morante,
817 1494 949 1546 tiens
976 1498 1339 1547 vehementer.
1367 1493 1500 1548 Cum
1523 1502 1700 1548 autem
1727 1496 1869 1547 hunc

299 1583 374 1636 ita
421 1591 736 1637 estuautem
771 1596 823 1637 et
869 1585 1243 1654 lacrymantem
1291 1585 1512 1639 vidisset
1558 1585 1868 1638 mitissimus

300 1675 620 1743 patriarcha,
651 1676 940 1745 interrogat
959 1691 1169 1729 causam
1193 1676 1478 1730 detinentis
1493 1690 1612 1729 eum
1635 1676 1871 1728 anxieta-

302 1764 399 1830 tis,
447 1765 584 1819 scire
611 1764 745 1819 hanc
771 1767 977 1820 volens.
1018 1765 1256 1834 Cumque
1299 1767 1389 1820 ille
1417 1782 1522 1819 non
1555 1774 1731 1834 posset
1761 1778 1868 1832 pra:

1969 589 2158 654 altari;
2197 591 2321 658 quid
2351 607 2475 645 vero
2509 594 2667 646 vellet
2698 594 2902 658 facere,
2955 597 3083 649 nulli
3113 598 3361 649 Credidit.
3393 598 3525 650 Cum

1967 693 2097 747 ergo
2123 683 2358 735 venisset
2398 683 2650 738 diaconus
2680 685 2982 748 Datnianus,
3034 696 3092 740 ut
3141 688 3436 752 susciperet
3465 687 3530 742 ah

1966 786 2034 826 eo
2061 779 2297 827 sanctam
2322 776 2743 827 communionem
2774 777 3063 830 secundum
3103 778 3375 841 pmpriutn
3406 792 3528 841 gra-

1966 859 2114 925 dum,
2140 863 2305 914 tenuit
2332 877 2539 915 manum
2562 863 2698 916 illius
2724 864 2813 918 ille
2839 880 3068 929 sanctus,
3097 876 3152 919 et
3186 866 3321 919 dixit
3347 884 3359 918 :
3390 866 3529 920 Vade

1969 951 2115 1018 prius
2146 953 2472 1006 reconciliari
2519 952 2665 1007 fratri
2696 963 2820 1020 tuo;
2850 967 2905 1010 et
2952 967 3076 1010 tunc
3104 959 3346 1017 veniens,
3374 956 3531 1024 digne

1968 1042 2181 1108 suscipe
2211 1042 2571 1105 immaculata,
2620 1045 2894 1099 immemor
2923 1046 3157 1111 malitiae,
3191 1047 3388 1099 Christi
3418 1058 3533 1117 my-

1969 1131 2153 1187 steria.
2186 1132 2475 1187 Reveritus
2492 1150 2620 1205 ergo
2660 1150 2836 1190 coram
2877 1145 3019 1191 tanta
3049 1138 3381 1191 multitudine
3419 1138 3533 1192 cle-

1969 1222 2202 1277 ricorum
2250 1224 2623 1279 contradicere
2652 1226 2757 1292 illi,
2788 1229 3014 1281 maxime
3044 1229 3096 1281 in
3140 1228 3228 1280 tali
3260 1228 3374 1281 loco
3399 1236 3453 1281 et
3480 1228 3532 1281 in

1971 1314 2059 1365 tali
2092 1314 2351 1367 horrenda
2386 1317 2537 1379 hora,
2568 1317 2856 1385 spopondit
2885 1317 2984 1369 hoc
3010 1317 3201 1381 facere,
3237 1325 3293 1369 et
3315 1326 3437 1370 tunc
3465 1317 3533 1371 de

1970 1400 2167 1455 sanctis
2194 1404 2459 1470 mysteriis
2484 1403 2632 1458 dedit
2668 1405 2737 1459 ei.
2771 1406 2930 1473 Igitur
2957 1420 3023 1459 ex
3054 1414 3180 1459 tunc
3201 1419 3387 1458 omnes
3427 1406 3538 1460 cle-

1969 1490 2064 1543 rici
2093 1500 2147 1544 et
2177 1491 2293 1546 laici
2324 1492 2692 1547 custodiebant
2720 1508 2801 1556 se,
2831 1508 2899 1547 ne
2921 1495 3061 1547 inter
3089 1508 3147 1547 se
3175 1494 3430 1547 malitiam
3457 1507 3562 1564 ref,

1970 1577 2221 1643 tiuerent,
2247 1578 2491 1633 timentes
2513 1595 2577 1633 ne
2596 1588 2652 1633 et
2673 1580 2815 1647 ipsos
2835 1579 3206 1648 confunderet,
3248 1581 3538 1650 triumpha-

1970 1677 2156 1733 retque
2184 1668 2626 1736 quemadmodum
2657 1680 2711 1723 et
2734 1669 2880 1722 illum
2911 1669 3214 1723 diaconum.

2040 1754 2166 1810 CAP.
2203 1756 2359 1810 XVII.
2386 1786 2458 1798 —
2501 1757 2737 1811 Habebat
2779 1757 2988 1823 quidem
3035 1755 3404 1812 sanctissimus
3447 1756 3534 1810 hic

297 1857 683 1921 amaritudine,
730 1872 851 1927 quae
895 1859 1329 1913 circumdederat
1360 1873 1519 1923 eum,
1568 1857 1863 1924 exprimere
1891 1849 1938 1910 Β
1975 1846 2060 1900 vir
2085 1846 2360 1901 scientiam
2388 1846 2686 1901 divinarum
2731 1847 3152 1915 Scriptumum;
3202 1861 3308 1900 non
3354 1853 3530 1900 autem

297 1962 624 2008 sermonem.
651 1948 703 2002 hi
735 1950 823 2015 qui
852 1956 1046 2017 praisto
1077 1949 1288 2003 fuerunt
1316 1949 1527 2019 quando
1555 1964 1676 2004 eum
1702 1949 1868 2003 exho-

298 2025 531 2089 not-aria
581 2039 908 2106 negotiatore
946 2041 1281 2106 contigerat,
1324 2049 1600 2106 cmperunt
1640 2040 1867 2095 recitare

298 2127 696 2198 archiepiscopo
731 2143 944 2183 causam
978 2146 993 2182 :
1034 2131 1093 2183 Et
1133 2133 1256 2197 quia
1303 2118 1733 2194 non‘dehuerat,
1783 2128 1868 2182 in-

296 2217 518 2283 quiunt,
565 2218 634 2269 ita
665 2217 920 2272 sanctitas
960 2228 1135 2272 vestra
1178 2218 1481 2284 contemni,
1529 2229 1587 2273 ut
1630 2220 1868 2285 proprios

300 2320 426 2359 suos
454 2322 514 2358 ac
546 2309 867 2375 propinquos
896 2323 927 2361 a
946 2308 1213 2375 despectis
1251 2309 1571 2364 exhonorari
1600 2317 1869 2375 pateretur

298 2394 618 2450 hominibus.
654 2398 742 2452 llic
790 2409 966 2452 autem
995 2413 1153 2452 verus
1182 2399 1452 2461 medicus,
1485 2399 1667 2453 volens
1699 2398 1867 2464 prium

202 2556 208 2561 ί
298 2487 457 2539 ναιΙιιιί
488 2488 777 2556 emplastro
825 2488 1050 2555 quodam
1090 2502 1278 2543 curare
1307 2486 1510 2556 nepotis
1540 2488 1621 2541 sui
1650 2486 1863 2552 furiatu,

297 2592 349 2633 et
382 2591 554 2633 tamen
595 2591 843 2648 tauquam
874 2580 1016 2633 ferro
1061 2579 1372 2635 ineisionem
1401 2589 1454 2632 et
1500 2579 1864 2633 liberationem

300 2673 584 2739 pa~sionis,
617 2686 710 2737 per
755 2670 1204 2738 sapientissimum
1234 2684 1296 2725 os
1323 2683 1475 2724 suum
1505 2667 1627 2722 huic
1651 2667 1864 2733 aﬂ‘erre,

296 2762 491 2813 talibus
529 2760 709 2814 verbis
737 2763 903 2825 cmpit
922 2761 1261 2830 exstinguere
1283 2758 1546 2823 morbum,
1568 2769 1621 2813 et
1644 2759 1822 2813 dicere
1847 2774 1864 2811 :

301 2849 594 2905 Etcmnino
614 2864 776 2904 ausus
792 2858 877 2905 est
895 2850 1084 2916 aliquis
1100 2865 1162 2904 os
1182 2851 1408 2919 aperire,
1429 2859 1483 2905 et
1504 2851 1866 2905 contradicere

302 2943 431 3013 tibi?
457 2943 653 3005 Crede,
686 2942 756 2995 ﬁli
786 2944 877 3006 mi,
908 2941 1042 3009 patri
1074 2951 1184 3004 tuo,
1210 2941 1459 3011 quoniam
1503 2939 1691 2995 faciam
1719 2941 1771 2994 in
1800 2955 1866 2995 eo

302 3034 460 3088 hodie
490 3048 626 3097 rem,
653 3041 709 3085 ut
737 3041 845 3085 tota
889 3031 1207 3088 Alexandria
1248 3032 1486 3087 miretur.
1516 3032 1756 3099 Cumque
1782 3032 1862 3086 vi-

302 3127 465 3180 disset
479 3139 599 3180 eum
622 3124 915 3179 remedium
942 3123 1228 3191 recepisse,
1252 3131 1307 3177 et
1327 3123 1592 3179 tristitiam
1621 3132 1864 3177 cunctam

1969 1936 2026 1990 in
2123 1937 2388 2008 sapientia
2485 1937 2756 1996 sermonis
2781 1977 2797 2002 ,
2876 1935 2973 1990 has
3016 1945 3262 2004 tanquam
3292 1949 3357 1989 ex
3389 1934 3532 1989 inani

1968 2024 2135 2096 gloria
2167 2027 2472 2080 memoriter
2491 2028 2694 2093 dicens,
2721 2026 2812 2083 sed
2837 2042 2927 2092 per
2953 2026 3193 2082 eamdem
3217 2027 3534 2093 ipsamope-

1967 2132 2085 2170 rum
2113 2118 2399 2186 actionem,
2429 2127 2484 2171 et
2511 2118 2878 2177 mandatorum
2906 2117 3367 2180 observationem;
3396 2124 3450 2169 et
3477 2115 3530 2169 in

1969 2216 2177 2261 secreto
2223 2208 2514 2276 quotidiani
2543 2208 2749 2263 consilii
2798 2208 2879 2262 sui
2910 2208 3084 2262 nullus
3122 2221 3299 2261 sermo
3327 2206 3527 2259 Otiosus

1971 2297 2317 2363 audiebatur,
2349 2298 2453 2351 nisi
2483 2300 2618 2351 forte
2659 2296 2923 2351 ordinatio
2969 2296 3045 2349 rei
3076 2295 3244 2350 civilis
3268 2295 3529 2360 exigeret,

1966 2384 2061 2439 sed
2083 2396 2174 2439 aut
2195 2386 2478 2441 relationes
2501 2395 2800 2441 sanctorum
2822 2385 3058 2451 Patrum,
3082 2392 3173 2441 aut
3192 2382 3531 2451 scripturaies

1967 2477 2304 2547 quaestiones,
2336 2485 2428 2531 aut
2452 2477 2746 2546 dogmatica
2777 2476 3122 2546 problemata,
3151 2482 3368 2545 propter
3395 2474 3525 2527 mul-

1969 2570 2247 2623 titudinem
2295 2582 2391 2624 nec
2420 2560 2865 2623 nominando’rum
2908 2567 3278 2621 haereticorum
3325 2564 3415 2633 qui
3444 2578 3531 2618 re-

1965 2662 2174 2729 gionem
2223 2658 2697 2712 circumdederant.
2746 2658 2803 2713 Si
2848 2671 2975 2711 vero
3000 2656 3159 2711 alicui
3204 2653 3396 2722 aliquis
3432 2653 3519 2707 de-

1967 2749 2178 2803 trahere
2206 2749 2491 2816 inciperet,
2539 2748 2681 2802 hunc
2709 2745 3003 2815 patriarcha
3042 2760 3136 2812 per
3164 2743 3385 2798 alteram
3415 2755 3535 2794 ser-
3585 2758 3596 2767 -

1966 2842 2408 2906 mocinationem,
2442 2851 2499 2895 ut
2525 2839 2757 2908 sapiens,
2789 2837 3061 2908 ingeniose
3092 2833 3434 2889 removebat:
3475 2843 3528 2886 et

1963 2933 2010 2986 si
2041 2933 2230 2986 iterum
2262 2940 2622 2998 permaneret,
2670 2929 2799 2983 nihil
2830 2928 3043 2995 quidem
3071 2925 3121 2978 ei
3149 2925 3387 2984 dicebat;
3437 2920 3530 2975 sed

1966 3022 2107 3077 hunc
2127 3031 2406 3086 annotans,
2439 3019 2776 3088 praecipiebat
2800 3015 3210 3071 hebdomadario
3234 3028 3301 3067 ne
3328 3013 3525 3065 sineret

1969 3113 2189 3165 ulterius
2212 3125 2333 3163 eum
2376 3110 2572 3162 intrare
2601 3122 2721 3162 cum
2750 3107 2831 3159 Itis
2860 3106 2947 3172 qui
2976 3102 3370 3166 nuntiabantur,
3401 3115 3533 3166 qua.

301 3217 620 3285 projecisse,
665 3225 933 3283 putantem
976 3190 1220 3270 videlicet
1262 3214 1404 3284 quod
1460 3224 1641 3281 ageret
1684 3223 1866 3268 contra

1980 3210 2123 3253 tenus
2147 3214 2238 3267 per
2265 3213 2386 3251 eum
2415 3206 2638 3252 caeteros
2672 3201 2991 3260 temperaret
3018 3201 3175 3259 atque
3203 3190 3442 3242 erudiret

302 3323 421 3362 eum
449 3306 537 3376 qui
566 3320 624 3360 se
652 3306 989 3360 contumeliis
1013 3305 1287 3371 atiecerat,
1320 3314 1375 3359 et
1404 3304 1600 3360 Iaceret
1629 3312 1749 3358 eum
1780 3304 1874 3358 iia-

299 3397 483 3466 geliari
513 3409 608 3464 per
635 3390 757 3448 eum
787 3395 880 3463 qui
914 3410 1075 3463 super
1115 3396 1286 3449 forum
1314 3403 1430 3451 erat
1453 3394 1792 3459 constitutus,
1823 3403 1877 3447 et

302 3488 465 3542 variis
488 3485 695 3554 pompis
720 3485 1081 3553 dehonestari,
1109 3487 1237 3541 dicit
1264 3486 1334 3547 ei,
1352 3484 1671 3538 deosculans
1694 3494 1877 3548 pectus

305 3581 470 3649 ipsius
501 3596 516 3633 :
544 3577 643 3632 Fili
668 3577 760 3641 mi,
792 3581 835 3630 si
867 3593 932 3630 ex
967 3578 1184 3631 veritate
1212 3575 1526 3649 humilitatis
1553 3590 1686 3627 mea:
1712 3587 1879 3638 nepos

305 3672 511 3733 existis,
537 3681 766 3736 purpura
791 3665 1017 3733 teipsum
1048 3676 1102 3719 et
1125 3664 1403 3733 ﬂagellari,
1431 3675 1484 3718 et
1511 3663 1745 3718 convicia
1771 3662 1878 3729 pati

299 3763 375 3818 ab
402 3762 547 3817 ontni
599 3758 831 3813 homine.
867 3756 1000 3810 Vera
1042 3758 1183 3810 enim
1216 3756 1459 3823 cognatio
1491 3769 1595 3807 non
1644 3768 1711 3808 ex
1757 3767 1879 3805 san-

309 3853 467 3917 guine
511 3859 563 3904 et
607 3838 798 3912 carne,
846 3845 940 3900 sed
977 3860 1042 3899 ex
1076 3846 1270 3899 virtute
1310 3844 1505 3898 mentis
1552 3842 1876 3911 agnoscitur.

311 3941 604 3997 Confestim
639 3938 796 4008 Igitur
823 3936 1104 3991 accersivit
1130 3950 1252 3989 eum
1288 3934 1379 4003 qui
1408 3948 1567 4002 super
1613 3946 1881 4001 caupones

311 4039 428 4085 erat
466 4030 821 4091 Cottstilulus,
854 4033 909 4080 et
937 4025 1189 4094 praecepit
1230 4023 1280 4077 ei
1306 4038 1371 4077 ne
1416 4023 1483 4076 ab
1521 4022 1882 4089 illo-caupone

313 4122 579 4190 acciperet
623 4133 793 4183 neque
819 4124 1069 4171 consueta
1097 4129 1212 4178 sua,
1251 4129 1422 4183 neque
1452 4114 1685 4181 publica,
1715 4125 1887 4179 neque

323 4216 627 4284 pensionem
672 4209 949 4280 ergasterii
980 4211 1117 4275 ejus.
1152 4207 1218 4261 Et
1238 4206 1352 4275 ipse
1374 4206 1517 4261 enim
1541 4205 1889 4258 sanctissimas

326 4302 575 4356 Ecclesiae
621 4308 755 4354 erat.
793 4301 857 4351 Et
886 4310 1072 4351 omnes
1100 4304 1525 4360 expavescentes
1563 4294 1890 4348 immobilem

338 4393 771 4461 onganitttitzttem
819 4391 964 4457 ejus,
1016 4388 1395 4442 intellexerunt
1439 4400 1560 4441 esse
1608 4388 1708 4438 hoc
1752 4382 1892 4450 quod

335 4486 454 4540 lixit
479 4502 492 4536 :
520 4482 784 4549 Quoniam
834 4480 1022 4534 iaciam
1051 4480 1104 4533 in
1127 4494 1247 4533 eum
1276 4492 1410 4541 rem,
1452 4486 1510 4531 ut
1536 4475 1760 4529 miretur
1785 4484 1893 4527 tota

331 4575 665 4638 Alexandria,
702 4571 951 4626 videlicet
976 4570 1096 4638 quia
1128 4584 1231 4623 non
1264 4568 1434 4621 solum
1467 4565 1880 4621 vicissitudinem

1999 4555 2084 4608 ubi
2114 4562 2169 4608 et
2212 4549 2404 4618 reliqui
2446 4546 2866 4616 praedecessmes
2907 4538 3019 4605 ejus
3067 4549 3128 4602 pa

332 4684 431 4721 non
460 4667 725 4731 reddidit,
776 4680 960 4719 verum
989 4659 1148 4718 etiain
1186 4676 1282 4732 pro
1325 4660 1528 4715 ultione
1576 4657 1895 4737 adjutorium

330 4757 601 4825 impendit.

400 4850 528 4906 Car.
560 4848 695 4903 XVI.
729 4877 796 4888 --
822 4846 1127 4901 Nuntiatum
1156 4852 1239 4898 est
1265 4842 1549 4913 aliquando
1576 4841 1698 4895 huic
1722 4840 1899 4905 beato,

335 4943 470 5011 quod
498 4938 711 5008 quidam
741 4937 1054 4992 clericorum
1086 4934 1337 4988 malitiam
1366 4934 1420 4986 in
1448 4931 1611 4985 corde
1644 4930 1899 4984 adversus

352 5030 615 5099 iucundam
648 5035 970 5088 reservaret,
1017 5034 1071 5078 et
1098 5022 1515 5078 irreconciliutus
1545 5021 1593 5073 ei
1621 5034 1901 5087 permane-

347 5130 435 5173 ‘et.
484 5119 576 5173 Ille
631 5132 758 5171 vero
808 5115 1079 5183 quaerebat
1129 5114 1284 5181 hujus
1335 5126 1528 5163 nomen
1572 5119 1628 5163 et
1682 5108 1903 5175 gradum

339 5224 514 5264 nosse.
542 5205 599 5260 lu
630 5208 917 5260 crastinum
949 5217 1076 5271 ergo
1104 5202 1189 5255 die
1219 5201 1491 5254 Dotninico
1531 5198 1712 5252 didicit
1742 5199 1903 5259 hunc,

344 5299 650 5352 Daunanutn
678 5295 889 5361 quidem
938 5293 1171 5358 nomine,
1202 5292 1479 5343 diaconem
1512 5302 1639 5340 vero
1679 5301 1799 5341 esse
1826 5284 1907 5337 of-

343 5391 483 5441 Iicio.
516 5386 775 5453 Prmcepit
813 5383 989 5452 itaque
1037 5382 1410 5435 archidiacono
1440 5387 1496 5431 ut
1534 5377 1664 5441 sibi,
1696 5374 1908 5443 quando

345 5478 481 5532 idem
511 5477 799 5530 Damianus
827 5474 891 5527 ad
922 5472 1201 5528 ecclesiam
1243 5472 1464 5529 veniret,
1496 5467 1908 5521 demonstraret.

344 5566 505 5637 Igitur
533 5583 652 5621 cum
698 5569 749 5619 in
781 5565 1070 5619 crastinum
1100 5565 1257 5616 statio
1285 5559 1559 5613 Dotninico
1594 5558 1680 5610 die
1728 5557 1869 5607 lieret
1894 5593 1910 5617 ,

345 5662 496 5716 venit
518 5671 571 5713 et
610 5660 865 5712 diaconus
908 5658 973 5711 ad
1003 5658 1317 5715 stationem;
1346 5659 1399 5704 et
1441 5648 1624 5701 videns
1651 5645 1913 5699 archidia-

351 5765 548 5816 conus,
577 5750 807 5803 USIendit
834 5765 953 5804 eum
984 5744 1311 5817 patriarcha}.
1354 5740 1432 5793 Oh
1460 5754 1576 5791 eam
1620 5737 1757 5789 enim
1806 5744 1891 5787 tan
1975 5754 1993 5802 χ

2041 3289 2171 3343 Car.
2203 3286 2388 3343 XVIII.
2409 3315 2479 3328 —
2500 3286 2864 3340 Delinitionem
2893 3291 3066 3335 autem
3094 3289 3144 3334 et
3175 3279 3351 3343 aliam,
3380 3290 3534 3344 quam

1976 3380 2241 3434 atiectavit
2287 3379 2374 3432 hic
2403 3388 2650 3441 sanctus,
2696 3390 2804 3429 non
2851 3384 2933 3428 est
2975 3373 3174 3442 justum
3207 3379 3544 3438 postponere.

1976 3470 2212 3525 Audiens
2232 3469 2369 3538 quod
2398 3477 2672 3536 postquam
2689 3473 2970 3519 comitatus
2991 3469 3070 3515 est
3091 3460 3381 3527 imperator
3403 3454 3482 3524 (5i
3498 3452 3536 3516 ),

1977 3562 2154 3615 nullus
2184 3558 2417 3614 universi
2449 3568 2663 3613 acuatus
2691 3564 2745 3609 et
2770 3552 3054 3608 astantium
3084 3547 3410 3602 exercituum
3450 3556 3540 3592 an-

1979 3652 2181 3720 tiquum
2213 3650 2521 3703 memoriale
2561 3646 2772 3713 aliquod
2824 3644 3048 3705 nuntiet,
3081 3640 3174 3691 sed
3203 3649 3322 3688 mox
3352 3634 3402 3684 hi
3451 3628 3541 3698 qui

1978 3741 2229 3794 dicuntur
2270 3746 2729 3791 monumentorum
2775 3732 3119 3785 mditicatores
3163 3730 3372 3777 sumant
3409 3732 3542 3787 qua-

1982 3839 2101 3885 tuor
2126 3830 2207 3882 vel
2234 3829 2469 3896 quiuque
2496 3824 2740 3879 minutias
2773 3831 3090 3871 marmorum
3122 3813 3343 3883 pusillas
3371 3810 3438 3863 de
3463 3809 3544 3862 di-
3623 3867 3628 3873 ,

1963 3922 2149 3976 ’versis
2175 3918 2471 3979 coloribus,
2514 3916 2570 3969 et
2598 3910 2957 3977 ingrediantur
2982 3908 3047 3960 ad
3077 3919 3221 3969 eum,
3247 3913 3300 3957 et
3325 3902 3503 3955 dicunt
3527 3913 3545 3952 :

1984 4012 2242 4073 Domine,
2293 4008 2436 4077 quali
2482 4003 2695 4058 metallo
2740 3999 3018 4066 imperium
3065 4007 3210 4049 tuum
3239 3991 3389 4062 jubet
3430 3988 3549 4061 ﬁeri

1987 4109 2386 4161 monumentum
2428 4108 2612 4156 tuum;
2666 4092 2994 4146 insinuantes
3042 4084 3290 4139 videlicet
3331 4085 3378 4133 ei
3426 4078 3548 4146 quia

1991 4202 2238 4259 tanquam
2289 4192 2447 4240 homo
2493 4178 2853 4245 corruptibilis
2894 4183 2950 4229 et
2992 4171 3327 4259 transitorios
3368 4181 3549 4219 curam

1991 4256 2188 4334 habeto
2231 4284 2334 4328 tum
2372 4271 2536 4339 ipsius
2577 4270 2799 4330 animm,
2831 4276 2885 4320 et
2912 4264 2997 4333 pie
3039 4274 3254 4325 regnum
3299 4256 3554 4322 diapone;

1993 4367 2295 4424 imitabatur
2314 4372 2364 4419 et
2395 4363 2496 4417 iste
2518 4362 2702 4414 beatus
2730 4357 2994 4410 veraciter
3016 4355 3148 4406 hanc
3168 4351 3376 4417 dignam
3405 4344 3559 4397 laude

1998 4458 2355 4519 traditionem,
2387 4463 2438 4508 et
2462 4452 2708 4521 praecepit
2730 4448 2831 4502 sibi
2855 4449 3252 4500 monumentum
3283 4433 3553 4493 tedilicari,

3135 4528 3375 4585 triarchm
3416 4526 3563 4593 jace-

2000 4647 2156 4708 bant;
2187 4617 2551 4709 imperfectum
2601 4647 2727 4688 vero
2773 4642 2987 4683 manere
3034 4636 3200 4691 usque
3243 4619 3310 4672 ad
3361 4617 3560 4709 obitum

2000 4704 2176 4797 suum,
2206 4704 2600 4799 ut‘imperl’ecto
2643 4722 2923 4785 existente,
2957 4731 3047 4785 per
3076 4712 3339 4768 celebrem
3374 4704 3571 4799 it‘BllVi-

2005 4836 2166 4881 tatem
2186 4864 2200 4887 ,
2242 4797 2521 4876 assistente
2549 4817 2711 4874 clero.
2747 4808 3101 4879 ingredientes
3139 4803 3227 4868 qui
3256 4797 3572 4853 dicebantur

2005 4916 2233 4975 studiosi
2259 4911 2398 4986 (52),
2426 4911 2667 4964 dicerent
2694 4903 2761 4957 ad
2790 4914 2910 4955 eum
2935 4914 2948 4949 :
2985 4894 3224 4953 Domine,
3263 4898 3572 4942 munumen-

2009 5018 2120 5063 tum
2139 4984 2283 5059 tuum
2301 4996 2665 5068 imperfectum
2678 5000 2780 5055 est,
2797 4988 3020 5056 praecipe
3033 4997 3158 5048 ergo
3175 4984 3572 5068 utconsumme-

2012 5107 2116 5162 tur,
2137 5110 2200 5148 eo
2217 5090 2355 5160 quod
2375 5064 2593 5142 nescias
2613 5098 2713 5151 qua
2730 5082 2858 5134 hora
2878 5078 2959 5130 fur
2978 5072 3153 5128 veniat
3173 5064 3363 5162 (βιαιιὴ
3404 5064 3573 5162 xxiv).

2012 5150 2129 5245 Hoc
2156 5150 2329 5239 autem
2378 5178 2607 5234 faciebat
2633 5150 2722 5228 ille
2749 5178 2960 5226 sanctus
3005 5174 3063 5217 ut
3093 5165 3158 5214 ita
3189 5159 3365 5218 Iieret,
3394 5150 3580 5205 volens

2013 5276 2360 5335 imitationem
2391 5271 2583 5325 bonam
2614 5275 2666 5320 et
2696 5271 2811 5333 post
2839 5275 2897 5315 se
2925 5254 3114 5311 futuris
3161 5246 3460 5312 relinquere
3492 5253 3581 5307 puo

2017 5369 2401 5512 ωὲἳιξῖιεὲιχ.
2431 5478 2501 5490 -
2544 5445 2767 5502 Domino
2815 5440 2883 5495 ob
2911 5431 3298 5492 multitudinem
3344 5428 3583 5492 peccato-

2019 5565 2135 5603 rum
2189 5554 2487 5599 nostrorum
2539 5536 2904 5606 permittente,
2953 5525 3161 5595 propria
3215 5516 3413 5582 templa
3467 5522 3587 5579 quae

2021 5646 2174 5693 erant
2203 5605 2575 5699 .Ierosoiytnis,
2610 5640 2638 5678 a
2668 5618 3026 5692 percutiendis
3057 5630 3082 5665 a
3116 5612 3221 5664 beo
3251 5605 3426 5699 Persis
3471 5612 3589 5693 creo

2025 5724 2181 5787 mari.
2230 5690 2441 5778 discens
2468 5717 2551 5771 hic
2603 5711 2967 5770 sanctissimus
3006 5698 3301 5771 patriarcha
3350 5696 3403 5749 in
3431 5690 3591 5747 multa
