3956 6220
603 400 739 458 1631

1658 382 1930 442 LEONTII
1969 379 2430 437 NEAPOLITANI
2475 377 2779 434 EPISCOPI

3689 377 3782 430 Ιῦὖὶ

607 519 845 583 egestate
883 525 1003 565 esse
1049 516 1286 561 sanctum
1318 503 1608 559 Modestum
1650 502 1996 570 patriam-bam
2035 499 2158 554 Jero

2288 495 2602 548 rachanellae
2627 493 2741 562 (58)
2769 492 3083 545 nnmismatc
3111 506 3232 546 uno.
3257 491 3380 545 Mox
3403 504 3527 561 ergo
3542 479 3782 546 transmisit
3822 487 3828 494 ’

610 604 934 671 solymorum
967 599 1108 668 (55).
1140 597 1204 650 ad
1237 597 1424 648 horum
1457 594 1829 647 relevationem
1874 601 1927 644 et
1957 591 2177 644 reaztlifi-

605 691 867 745 cationem
902 689 1064 742 mittit
1088 688 1137 741 ei
1184 687 1500 740 nomismata
1541 685 1704 747 mille,
1734 693 1787 735 et
1816 683 1957 736 mille
1997 696 2178 737 saccos

609 781 795 848 plenos
813 779 1099 841 frumento,
1125 786 1177 830 et
1199 776 1341 829 mille
1370 774 1649 842 legumina,
1682 773 1826 826 mille
1847 772 2004 825 libras
2032 773 2174 836 ferri,

606 869 747 922 mille
772 875 940 922 restes
968 868 1284 920 siccatnrttm
1315 865 1558 931 p‘iscium,
1585 862 1674 930 qui
1704 876 2033 915 menomente
2061 862 2173 932 (5i)

602 957 872 1020 dicuntur,
906 957 1048 1008 mille
1078 955 1286 1007 vascula
1318 955 1445 1014 vini,
1477 961 1529 1004 et
1559 953 1703 1004 mille
1733 951 2008 1020 zEgyptios
2045 966 2178 1019 ope-

603 1048 809 1111 rarios,
859 1048 1073 1099 mittens
1100 1047 1148 1098 ei
1179 1058 1272 1112 per
1317 1044 1518 1095 litteras
1547 1059 1559 1092 :
1596 1059 1614 1092 ι
1654 1040 1726 1093 Da
1756 1043 1882 1093 mihi
1931 1041 2135 1094 veniam
2159 1080 2174 1104 ,

602 1149 730 1190 vere
778 1136 970 1188 Christi
1002 1141 1278 1202 cperator,
1311 1131 1440 1184 nihil
1483 1131 1698 1199 dignum
1743 1129 1952 1197 templis
1977 1129 2175 1185 Christi

605 1225 852 1278 mittenti.
902 1225 1100 1276 Vellem
1129 1223 1290 1283 enim,
1333 1221 1490 1273 crede
1537 1219 1692 1283 mihi,
1726 1220 1768 1272 si
1799 1229 1938 1272 esset
1985 1234 2175 1274 conve-

603 1315 776 1377 niens,
802 1322 857 1367 et
887 1314 1000 1380 ipse
1026 1328 1090 1365 eo
1113 1312 1317 1377 venire,
1349 1317 1405 1364 et
1431 1311 1543 1378 ipse
1569 1311 1775 1376 operari
1800 1310 1850 1362 in
1877 1311 2034 1364 domo
2061 1325 2176 1364 san-

603 1411 704 1455 ctae
748 1400 945 1455 Christi
978 1401 1405 1454 resurrectionis.
1454 1400 1826 1453 Verumtamen
1874 1401 2001 1454 illud
2045 1417 2173 1471 rogo

605 1492 970 1543 honorandum
1000 1499 1158 1558 caput
1203 1499 1370 1554 tuum,
1406 1499 1459 1541 ut
1488 1490 1784 1543 nullatenus
1814 1490 1915 1543 hoc
1947 1492 2174 1559 imputes

607 1582 826 1635 minimo
847 1582 1044 1633 nomini
1067 1581 1367 1649 exiguitatis
1394 1595 1546 1647 mem,
1573 1581 1664 1632 sed
1697 1580 1798 1634 hoc
1825 1583 1996 1649 potius
2025 1592 2174 1651 petas

600 1683 630 1721 a
661 1669 896 1732 Christo,
930 1680 984 1722 ut
1014 1669 1086 1722 ibi
1114 1686 1197 1723 me
1222 1669 1521 1724 conscribat
1546 1669 1634 1724 ubi
1664 1673 1922 1726 veraciter
1941 1675 2174 1728 conscri-

601 1758 710 1827 ptio
743 1759 891 1812 beata
920 1757 1184 1812 consistit.
1221 1777 1239 1809 ι

2284 587 2407 639 illttd
2439 587 2488 639 in
2516 589 2824 647 craSIinum,
2860 597 2916 638 ttt
2947 586 3358 640 venundaretur.
3388 585 3453 638 Et
3476 585 3644 638 videns
3668 587 3702 637 is
3720 589 3781 653 qui
3812 580 3814 582 ⁷
3849 584 3854 587 ’

2279 675 2562 739 obtulerat,
2595 675 2722 728 emit
2753 675 2876 727 illud
2926 675 3134 735 triginta
3166 690 3254 728 sex
3305 674 3718 736 numismatibus,
3748 689 3784 727 et

2281 779 2463 818 rursus
2508 763 2700 817 obtulit
2742 765 3077 833 patriarchae.
3127 762 3256 817 Cum
3295 779 3458 838 vero.
3481 765 3530 817 in
3558 764 3786 816 crastinum

2279 853 2498 907 vidisset
2525 854 2677 920 illud,
2723 857 2852 910 emit
2883 856 2981 909 hoc
3029 856 3292 920 similiter,
3346 865 3400 909 et
3450 869 3621 908 rursus
3644 855 3784 907 obtulit

2281 942 2614 1008 patriarchm,
2635 942 2930 1012 deposcens
2952 958 3016 1021 ut.
3029 955 3294 1013 tegeretur
3306 945 3378 997 ab
3401 959 3487 997 eo.
3515 943 3634 996 Cum
3652 953 3781 994 autem

2280 1031 2437 1084 tertio
2487 1031 2590 1086 hoc
2625 1034 2876 1099 fecisset,
2928 1035 3057 1088 dicit
3085 1035 3132 1088 ei
3162 1034 3576 1103 gratulabundus
3601 1033 3675 1086 ille
3699 1047 3783 1084 saa-

2278 1131 2430 1175 ctus:
2463 1122 2769 1179 Videbimus
2797 1125 2916 1193 quis
2938 1125 3167 1190 deficiet,
3199 1139 3298 1192 ego
3343 1139 3414 1176 an
3444 1131 3519 1177 tu.
3551 1121 3665 1175 Erat
3683 1121 3782 1174 enim

2277 1214 2559 1280 apulentus
2584 1215 2738 1270 valde
2757 1256 2772 1281 ,
2805 1226 2861 1270 et
2886 1217 3121 1271 suaviter
3148 1213 3297 1282 quasi
3328 1211 3672 1266 vindemiahat
3699 1224 3780 1263 eum

2278 1305 2364 1360 ille
2392 1317 2624 1369 sanctus,
2654 1311 2901 1376 paulatim
2933 1308 3001 1362 ab
3028 1322 3094 1362 eo
3123 1307 3282 1360 multa
3311 1303 3590 1367 auferens;
3616 1312 3662 1355 et
3684 1303 3782 1354 dice-

2279 1397 2366 1450 bat
2388 1413 2597 1464 semper
2622 1398 2762 1466 quod
2787 1408 2966 1467 posset
2992 1398 3182 1464 aliquis
3209 1396 3514 1449 intentione
3538 1393 3676 1446 dandi
3696 1407 3780 1456 pau-

2279 1491 2490 1557 peribus
2531 1493 2834 1560 exspoliare
2881 1493 3099 1558 divites,
3129 1499 3186 1544 et
3213 1493 3387 1558 ipsum
3431 1490 3584 1541 etiam
3613 1485 3781 1555 hypoca-

2275 1581 2467 1633 tnisum
2498 1579 2614 1651 (59)
2641 1581 2706 1634 ab
2735 1583 2811 1634 eis
2842 1583 3094 1635 benevole
3119 1580 3351 1644 auferre,
3381 1591 3433 1632 et
3467 1592 3566 1630 non
3594 1588 3777 1644 pecuare.

2274 1679 2328 1723 et
2376 1673 2690 1725 maxime‘si
2722 1682 2846 1726 sunt
2892 1674 3050 1740 aliqui
3100 1670 3558 1725 immisericordes
3584 1676 3629 1720 et
3662 1679 3775 1714 avari.

2279 1761 2389 1815 Duo
2418 1764 2558 1816 enim
2589 1764 2822 1817 Iucratur
2850 1765 2966 1818 talis
2992 1783 3004 1817 :
3030 1781 3188 1817 unum
3221 1765 3465 1833 quidem,
3498 1760 3608 1828 quia
3629 1757 3777 1810 animas

668 1847 795 1902 CAP.
846 1847 963 1902 XX.
993 1877 1062 1886 —
1086 1848 1288 1916 Arripit
1329 1849 1418 1902 ille
1442 1857 1655 1902 sanctus
1697 1856 1751 1902 et
1791 1847 1923 1915 hoc,
1975 1849 2168 1904 bonum
2201 1869 2248 1928 Β
2275 1855 2485 1909 illorum
2517 1865 2726 1920 servat;
2755 1854 2980 1908 alterum
3027 1865 3220 1916 autem,
3271 1854 3526 1920 quoniam
3556 1859 3604 1902 et
3629 1849 3774 1910 ipsaet

598 1937 748 2003 dico,
793 1937 1040 1992 videlicet
1069 1938 1210 2005 quod
1255 1937 1434 1990 infimo
1484 1947 1654 1992 stratu
1702 1941 2066 2005 recumberet,
2115 1950 2168 1994 et

598 2030 791 2084 vilibus
817 2032 1158 2097 operimentis
1183 2031 1236 2084 in
1260 2032 1448 2085 cellula
1474 2038 1848 2085 sua'uteretur.
1873 2033 2021 2097 Quod
2047 2049 2166 2088 cum

597 2121 834 2175 audisset
861 2122 1074 2190 quidam
1105 2136 1468 2189 posseSsorum
1497 2122 1746 2187 civitatis,
1778 2125 2072 2179 ascendens
2100 2125 2167 2179 ad

595 2225 741 2274 eum,
772 2219 827 2266 et
851 2213 1038 2265 videns
1066 2214 1205 2281 quod
1231 2213 1496 2280 opertorio
1524 2213 1691 2267 scisso
1715 2225 1767 2266 et
1789 2215 1942 2268 laneo
1967 2227 2170 2283 tegere-

598 2311 704 2367 tur,
735 2303 1027 2356 transmisit
1056 2304 1103 2357 ei
1125 2303 1510 2371 coopertorium
1543 2305 1919 2359 numismatum
1953 2307 2168 2374 triginta

596 2410 713 2459 sex,
737 2410 932 2464 rogans
973 2397 1194 2449 multum
1225 2411 1344 2449 eum
1395 2405 1451 2449 ut
1479 2411 1542 2449 eo
1571 2397 1933 2464 cooperiretur
1959 2397 2024 2450 ad
2057 2412 2168 2452 me-

597 2485 846 2553 moriam,
897 2485 1086 2553 inquit,
1120 2486 1396 2561 mittentis:
1427 2487 1520 2541 Ille
1548 2502 1674 2542 vero
1704 2489 1805 2542 hoc
1843 2488 2162 2557 suscipiens,

595 2586 810 2645 propter
840 2577 1057 2631 multam
1091 2578 1187 2632 viri
1211 2579 1614 2646 postulationem
1646 2589 1929 2648 coopertus
1957 2590 2039 2636 est
2065 2582 2166 2637 hoc

595 2680 697 2721 una
729 2677 903 2733 nocte,
935 2683 1032 2736 per
1062 2678 1225 2722 totam
1253 2684 1390 2739 pene
1419 2679 1625 2724 noctem
1655 2671 1866 2726 dicebat
1903 2673 1968 2726 ad
1992 2688 2166 2725 semu-

595 2759 824 2827 tipsum,
877 2768 934 2812 ut
971 2760 1264 2813 recitabant
1291 2761 1595 2815 cubicularii
1641 2761 1793 2830 ejus:
1821 2763 1947 2828 Quis
1989 2763 2160 2831 dicet,

593 2847 734 2916 quod
761 2847 974 2902 humilis
1000 2847 1232 2902 Joannes
1263 2848 1516 2916 (habebat
1539 2850 1679 2902 enim
1704 2865 1914 2916 semper
1941 2853 2162 2907 verbum

593 2937 730 2989 Istud
762 2940 813 2989 in
838 2940 954 3006 ore)
988 2938 1144 3006 pallio
1173 2938 1380 3005 triginta
1405 2954 1498 2992 sex
1528 2941 1900 2995 numismatum
1933 2953 2158 3010 tegatur,

590 3038 644 3081 et
667 3026 857 3082 fratres
879 3027 1075 3084 Christi
1105 3030 1299 3098 frigore
1325 3031 1612 3084 necentur?
1645 3032 1839 3097 Quanti
1861 3045 1981 3087 sunt
2005 3035 2162 3088 modo

589 3119 679 3188 qui
709 3119 954 3174 dentibus
991 3123 1216 3175 strident
1248 3137 1355 3190 pra:
1382 3122 1583 3191 glacie?
1613 3125 1794 3190 quanti
1827 3134 1951 3177 sunt
2001 3126 2160 3178 modo

2273 1945 2372 1998 hoc
2401 1946 2693 1998 mercedem
2724 1959 2838 2007 non.
2858 1943 3115 1996 modicam
3146 1942 3328 1996 habet.
3361 1939 3547 1994 Attu'tit
3573 1946 3716 1988 autem
3732 1933 3775 1983 ad
3855 2009 3857 2018 4

2271 2034 2634 2088 credulitatem
2664 2035 2808 2088 verbi
2831 2044 2885 2088 et
2911 2035 3266 2086 testimonium
3303 2048 3492 2097 verax,
3522 2030 3643 2099 quod
3674 2028 3772 2079 circa

2270 2134 2510 2180 sanctum
2541 2109 2893 2194 Epiphaniam
2923 2135 2976 2179 et
3001 2125 3256 2180 Joannem
3287 2124 3407 2191 (60)
3428 2125 3702 2192 episcopum
3717 2116 3775 2169 Je-

2271 2217 2661 2287 rosolymorum
2711 2215 2906 2271 factum
2935 2225 3038 2280 est,
3068 2214 3338 2284 quomodo
3364 2223 3573 2266 sanctus
3607 2209 3772 2276 Epipha-

2269 2309 2388 2360 nius
2419 2321 2514 2373 per
2554 2315 2720 2360 artem
2765 2308 2882 2360 tulit
2909 2317 3184 2374 argentum
3219 2307 3559 2372 patriarchas,
3590 2300 3772 2353 videlicet

2267 2391 2488 2448 Joannis
2515 2393 2773 2462 ejusdem,
2795 2405 2849 2448 et
2875 2397 3024 2450 dedit
3044 2395 3340 2465 egentibus.

2338 2484 2448 2538 Car
2484 2485 2623 2539 XXI.
2657 2515 2724 2526 -—
2756 2485 2980 2555 Dignum
3009 2494 3064 2540 et
3087 2502 3380 2555 congruum
3416 2485 3648 2547 przedicto
3672 2481 3770 2543 rapt-

2266 2575 2377 2629 tulo
2399 2577 2663 2631 referebat
2690 2579 2852 2633 semel
2873 2593 3052 2632 coram
3081 2579 3330 2633 omnibus
3357 2582 3457 2633 istc
3484 2587 3694 2634 sanctus,
3715 2572 3768 2621 di-

2266 2680 2428 2724 cens:
2463 2667 2748 2733 Habebam,
2782 2669 2970 2737 inquit,
3000 2671 3281 2738 quemdam
3308 2672 3602 2723 m‘nistrum
3623 2668 3663 2718 in
3683 2679 3768 2730 ap“-
3856 2740 3857 2744 η

2267 2757 2417 2813 theca
2441 2773 2554 2812 mea
2574 2761 2624 2813 in
2653 2757 2850 2829 Cypro,
2878 2760 3085 2815 fidelem
3115 2761 3286 2825 valde,
3314 2771 3369 2815 et
3395 2760 3629 2828 virginem
3651 2768 3767 2820 usque

2265 2846 2331 2900 ad
2379 2849 2579 2903 obitum
2621 2865 2795 2906 suum.
2827 2851 2923 2905 Hic
2970 2866 3098 2921 ergo
3145 2853 3398 2906 narrabat
3448 2850 3569 2906 mihi
3607 2850 3702 2916 quia
3734 2847 3767 2894 in

2267 2937 2437 2991 Africa
2467 2939 2728 2995 existente
2775 2958 2859 2996 me
2888 2943 3027 2995 facta
3075 2954 3157 2997 est
3187 2958 3271 2998 res
3307 2943 3599 3012 bujusmodi
3629 2959 3640 2996 :
3680 2939 3765 2991 Pcr-
3855 2933 3857 2944 ἶ

2265 3030 2542 3082 manebant
2573 3031 2735 3098 enim,
2766 3033 2858 3096 ait,
2893 3048 3011 3086 cum
3043 3035 3270 3101 quodam
3330 3034 3625 3096 teloneario,
3649 3029 3771 3083 divite
3835 3021 3857 3036 ’“

2267 3117 2610 3175 vehementer
2639 3133 2692 3175 et
2738 3124 3165 3179 immisericordi.
3215 3129 3394 3183 Semel
3437 3143 3554 3196 ergo
3583 3137 3763 3194 panpt'rl-
3796 3139 3801 3142 '

590 3207 679 3274 qui
703 3209 960 3274 psiathutn
985 3210 1100 3280 (55)
1125 3188 1584 3266 liabentessubtus
1606 3188 1903 3277 dimidium,
1927 3221 1982 3265 et
2001 3227 2159 3282 supra
2185 3188 2230 3248 ο
2263 3207 2360 3262 bus
2390 3210 2441 3263 in
2473 3210 2644 3264 hieme
2674 3213 2978 3269 sedentibus
3005 3216 3070 3268 ad
3098 3217 3287 3281 solem,
3323 3234 3484 3288 seque
3520 3213 3766 3271 calefacien-

590 3292 888 3362 dimidium,
918 3307 972 3350 et
1002 3312 1103 3350 non
1138 3307 1359 3366 possunt
1387 3300 1672 3352 extendere
1705 3301 1867 3368 pedes
1895 3316 2042 3365 suos,
2067 3303 2160 3357 sed

589 3381 859 3436 dormiunt
886 3393 942 3438 ut
966 3387 1174 3452 glomus
1195 3395 1481 3444 trementes
1508 3387 1656 3457 (56)?
1684 3390 1876 3455 Quanti
1900 3390 1955 3443 in
1982 3401 2162 3447 monte

588 3473 922 3528 dormierunt
952 3476 1222 3539 inctenati,
1268 3487 1319 3530 et
1350 3479 1467 3534 sine
1498 3479 1735 3545 lucerna,
1771 3480 2024 3536 habentes
2065 3483 2161 3535 du-

590 3561 780 3630 plicem
829 3565 1122 3617 cruciatum
1171 3572 1274 3617 tam
1307 3580 1369 3619 ex
1402 3565 1597 3635 frigore
1625 3583 1779 3637 quam
1830 3585 1894 3622 ex
1923 3569 2160 3639 jejunio?

586 3649 782 3716 Quanti
811 3652 1110 3705 desiderant
1131 3656 1354 3706 saturari
1382 3653 1448 3708 de
1471 3654 1612 3708 foliis
1635 3657 1859 3720 olerum,
1893 3673 2010 3726 qua:
2034 3674 2160 3725 pro-

584 3741 842 3809 jiciuntur
889 3743 956 3798 de
1001 3747 1222 3812 coquina
1274 3749 1426 3800 mea?
1473 3748 1662 3814 Quanti
1712 3751 1910 3804 vellent
1957 3754 2158 3820 tingere

583 3844 770 3898 panem
827 3848 980 3886 suum
1025 3836 1076 3887 in
1109 3846 1310 3889 zemate
1347 3836 1460 3906 (57)
1491 3839 1631 3906 quod
1680 3840 1963 3906 projiciunt
2001 3843 2154 3909 coqui

583 3923 726 4001 mei‘l
755 3922 945 3986 Quanti
975 3927 1193 3991 cupiunt
1240 3927 1323 3979 vel
1370 3926 1593 3982 odorare
1621 3931 1986 3998 viuum,.quod
2034 3919 2157 3983 fuit:

581 4011 723 4065 ditur
755 4014 805 4066 in
835 4016 1051 4077 cellario
1081 4018 1232 4071 meo?
1261 4020 1454 4083 Quanti
1484 4031 1605 4072 sunt
1647 4021 1697 4073 in
1729 4022 1942 4075 civitate
1973 4022 2069 4076 ista
2099 4024 2152 4075 iit

581 4099 679 4153 hac
707 4100 833 4153 hora
864 4106 1148 4172 peregrini,
1181 4122 1283 4159 non
1319 4108 1573 4162 habentes
1601 4111 1686 4163 ubi
1721 4113 2073 4177 IiOSpitentur,
2100 4124 2149 4166 et

579 4188 633 4242 in
661 4188 776 4243 foro
801 4190 1003 4258 jacent,
1035 4193 1260 4249 fortasse
1299 4206 1352 4250 et
1385 4197 1556 4264 pluvia
1589 4198 1904 4253 madefacti?
1935 4204 2147 4268 Quanti,

578 4287 756 4345 putas,
787 4280 985 4334 habent
1035 4292 1201 4336 totum
1233 4299 1499 4350 mensem,
1534 4288 1613 4341 vel
1645 4291 1800 4342 etiam
1841 4292 1993 4355 duos,
2044 4277 2147 4347 non

574 4378 853 4437 gustantes
898 4371 1097 4426 oleum.
1129 4375 1320 4440 Quanti
1353 4386 1474 4429 sunt
1499 4378 1586 4444 qui
1619 4393 1721 4432 non
1765 4381 1960 4434 habent
2011 4384 2146 4437 alte-

573 4470 689 4508 rnm
711 4458 1093 4514 vestimentum
1126 4463 1178 4515 itt
1209 4473 1412 4529 aestate,
1445 4474 1499 4518 et
1523 4466 1746 4520 alterum
1787 4469 1838 4522 in
1871 4472 2064 4534 hieme,
2093 4482 2146 4526 et

572 4549 645 4601 ita
677 4549 902 4626 miseriis
950 4554 1289 4622 affliguntur?
1319 4555 1394 4609 Tu
1441 4572 1564 4610 vero
1612 4571 1937 4626 exspectans
1983 4563 2142 4618 etiatn
2176 4550 2226 4608 D

571 4621 821 4706 stcrnhm
849 4621 1233 4708 jucunditatem
1285 4647 1515 4716 assequi,
1549 4657 1603 4702 et
1657 4621 1828 4703 vinum
1861 4653 2000 4707 bibis
2028 4694 2044 4718 ,
2095 4664 2149 4708 et

572 4728 743 4794 pisces
773 4732 1030 4792 immanes
1075 4735 1319 4800 devoras,
1351 4747 1405 4790 et
1434 4738 1486 4792 in
1528 4740 1787 4794 cubicnlis
1819 4742 2144 4814 demoraris,

571 4816 731 4869 modo
759 4828 934 4873 autem
966 4838 1084 4876 cum
1138 4828 1383 4881 omnibus
1423 4831 1579 4883 malis
1634 4843 1687 4885 et
1718 4835 1767 4886 in
1817 4840 2150 4904 coapertorio

573 4905 787 4974 triginta
813 4923 907 4961 sex
938 4912 1314 4968 numismatum
1351 4927 1401 4971 te
1447 4919 1727 4974 calefacis?
1759 4923 2030 4980 Veraciter
2075 4929 2146 4984 ita

570 4998 760 5052 vivens
782 5010 836 5054 et
861 5001 913 5055 in
944 5003 1033 5055 tali
1066 5004 1329 5059 laxatinne
1356 5022 1699 5077 conversaris,
1731 5031 1832 5068 non
1861 5030 2142 5086 exspecta-

573 5090 652 5144 bis
682 5092 790 5146 illic
840 5096 1147 5161 praeparatis
1177 5097 1381 5164 gaudiis
1439 5099 1569 5166 frui,
1600 5103 1694 5156 sed
1723 5107 1907 5161 audies
1962 5110 2142 5178 utique

566 5184 705 5246 quod
759 5193 814 5236 ct
868 5185 1017 5238 dives
1069 5187 1160 5241 ille
1207 5189 1407 5241 audivit
1440 5190 1614 5260 (Luca:
1667 5201 1779 5264 xvr)
1825 5214 1837 5250 :
1877 5200 2140 5270 Recepisti

572 5279 720 5334 qona
814 5268 870 5324 in
942 5274 1051 5329 vita
1126 5284 1263 5349 tua,
1342 5293 1596 5346 pauperes
1629 5300 1754 5338 vero
1782 5290 1948 5353 mala;
1999 5268 2141 5347 nunc

566 5367 692 5418 ergo
718 5357 1082 5424 consolantur,
1113 5373 1166 5415 tu
1189 5379 1315 5416 VctO
1336 5370 1607 5424 cruciaris.
1634 5374 1947 5432 Benedictus
1973 5380 2138 5449 Deus,

567 5439 785 5493 humilis
812 5444 1044 5499 Joannes
1079 5449 1182 5502 alia
1215 5463 1367 5505 nocte
1399 5471 1500 5509 non
1531 5469 1865 5528 cooperietur
1894 5468 2004 5520 illo.
2046 5439 2138 5524 Ju:

565 5536 702 5580 stum
731 5542 810 5584 est
845 5535 984 5587 enim
1006 5577 1020 5600 ,
1067 5547 1118 5590 et
1149 5539 1282 5594 bene
1327 5558 1598 5614 acceptum
1631 5553 1759 5619 Deo,
1791 5566 1843 5609 ιιι
1895 5570 2136 5627 tegantur

563 5629 774 5674 centum
806 5628 982 5690 potius
1011 5631 1349 5701 quadraginta
1373 5650 1600 5705 quatuor
1628 5644 1819 5702 fratres
1848 5659 1903 5704 et
1929 5653 2130 5710 domini

563 5718 664 5779 ιω,
695 5726 848 5780 quam
884 5726 932 5770 ttt
985 5720 1185 5776 infelix.
1238 5726 1682 5790 Venttndabantttr
1713 5741 1853 5794 enim
1904 5755 2133 5811 quatuor

2265 3301 2423 3368 tibus,
2457 3315 2730 3370 ceperunt
2756 3305 2946 3374 singuli
2969 3306 3156 3360 domos
3177 3309 3666 3378 eleemosynatorum
3685 3301 3761 3354 col-

2262 3392 2497 3457 laudare,
2530 3403 2581 3447 et
2609 3410 2704 3463 pro
2731 3397 2808 3449 eis
2831 3412 2986 3450 orare
3015 3413 3112 3465 per
3139 3399 3381 3466 singulos
3407 3413 3600 3460 eorum,
3625 3392 3760 3446 simi“-

2263 3493 2342 3538 ter
2363 3494 2416 3538 et
2432 3486 2618 3540 domos
2633 3489 3020 3558 eleemosynam
3051 3506 3154 3544 non
3177 3489 3486 3547 facientium
3507 3492 3760 3556 vituperare.

2259 3573 2402 3627 Inter
2429 3590 2546 3644 quae
2574 3579 2716 3630 venit
2747 3580 2799 3631 in
2832 3579 3062 3633 medium
3088 3596 3270 3635 eorunt
3302 3593 3355 3637 et
3393 3597 3572 3637 nomen
3593 3578 3759 3634 set-iuris

2258 3665 2363 3717 mei
2418 3667 2734 3731 telonearii,
2793 3679 2847 3721 et
2895 3681 3191 3741 .caeperunt
3251 3673 3447 3741 singuli
3504 3675 3759 3736 interrogare

2261 3759 2556 3825 proximum
2587 3777 2600 3811 :
2637 3760 2773 3813 Vere
2824 3771 2897 3824 tu,
2935 3763 3120 3828 frater,
3151 3764 3407 3832 accepisti
3438 3761 3682 3833 aliquando
3712 3756 3757 3808 de

2257 3848 2416 3901 domo
2448 3849 2533 3901 illa
2581 3851 3037 3906 benedictionem?
3070 3855 3130 3908 Et
3157 3835 3408 3910 omnibus
3457 3846 3755 3919 interroganti-

2257 3936 2352 3989 bus
2385 3938 2632 4004 invicem,
2663 3942 2839 3994 nullus
2871 3942 3116 3997 inventus
3137 3955 3218 3998 est
3244 3949 3513 4014 accepisse
3536 3937 3754 4010 aliquando

2253 4029 2322 4081 de
2351 4029 2508 4081 domo
2541 4033 2654 4098 ejus
2683 4035 2903 4100 aliquid.
2937 4035 3073 4089 Dicit
3113 4052 3240 4106 ergo
3269 4055 3408 4093 unus
3435 4055 3500 4092 ex
3523 4039 3590 4091 eis
3623 4052 3632 4086 :
3658 4027 3751 4097 Quid
3856 4107 3857 4110 η

2253 4119 2446 4172 dabitis
2475 4122 2623 4184 mihi,
2656 4132 2705 4176 et
2757 4139 2857 4193 ego
2911 4124 3166 4192 accipiam
3195 4129 3351 4182 hodie
3408 4145 3469 4182 ex
3499 4142 3558 4181 eo
3593 4120 3750 4178 benedi-
3792 4137 3804 4145 ·
3856 4113 3857 4193 ἦ

2251 4215 2516 4268 ctionem?
2559 4217 2622 4270 Et
2674 4217 2987 4272 facientibus
3032 4236 3155 4274 cum
3207 4237 3272 4275 eo
3315 4234 3541 4289 pactum,
3587 4217 3696 4272 venit
3714 4222 3750 4266 ει

2251 4315 2354 4357 Stat
2382 4305 2509 4359 foris
2540 4318 2740 4374 portam
2788 4309 2996 4372 domus,
3029 4325 3343 4382 exspectans
3372 4315 3572 4381 quando
3595 4311 3646 4364 ad
3686 4306 3747 4357 ἀο-

2249 4412 2391 4450 mum
2422 4413 2570 4452 suam
2600 4410 2975 4455 reverteretur.
3024 4404 3096 4456 Ex
3145 4405 3533 4472 dispensatione
3554 4402 3632 4456 Dei
3665 4411 3747 4464 pe"

2252 4502 2510 4544 venerunt
2540 4492 2717 4560 simul,
2753 4493 2865 4562 ipse
2909 4496 3210 4564 ingrediens
3255 4510 3480 4564 portam,
3525 4506 3573 4548 et
3607 4487 3748 4544 animd
3826 4571 3828 4573 b

2250 4593 2464 4650 portans
2491 4584 2727 4654 siligines
2770 4603 2797 4640 a
2833 4591 3094 4669 mancipio
3125 4592 3262 4659 (fit),
3297 4607 3455 4645 eausa
3497 4583 3669 4657 prandii
3693 4582 3745 4643 il"
3833 4651 3846 4658 _

2252 4674 2381 4725 sius.
2414 4672 2609 4728 Videns
2635 4676 2792 4744 igitur
2820 4693 3076 4747 egenum,
3124 4698 3228 4734 non
3257 4676 3528 4736 inveniens
3554 4675 3742 4744 lapidem.

2251 4775 2346 4828 per
2377 4767 2604 4818 furorem
2650 4766 2835 4834 arripit
2861 4771 3120 4837 siliginem
3163 4772 3228 4824 de
3258 4773 3472 4834 clitella,
3516 4777 3563 4822 et
3584 4766 3767 4834 jactanti

2249 4851 2300 4904 itt
2327 4853 2515 4908 faciem
2545 4855 2678 4924 ejus.
2713 4859 2804 4912 Ille
2832 4875 2956 4913 vero
2984 4865 3218 4930 suscepit
3243 4879 3382 4929 eam,
3414 4876 3463 4917 et
3487 4861 3600 4915 abiit
3622 4867 3662 4907 ut
3685 4866 3745 4900 t9—

2249 4944 2518 5000 tisfaceret
2543 4948 2901 5004 confratribns
2927 4956 3058 5019 suis,
3088 4957 3226 5022 quod
3252 4972 3316 5009 ex
3345 4958 3535 5011 eisdem
3557 4945 3741 5004 manibus

2245 5038 2541 5103 accepisset
2569 5057 2711 5094 eam.
2765 5043 2944 5112 Itaque
2975 5057 3093 5114 post
3121 5050 3255 5104 duos
3299 5051 3410 5103 dies
3428 5043 3665 5116 aegrotant
3685 5037 3742 5090 iu-

2246 5125 2495 5181 firmitate
2513 5133 2578 5184 ad
2599 5143 2819 5187 mortem
2839 5137 2974 5192 idem
3003 5139 3344 5208 telonearius,
3362 5141 3553 5198 et-vidit
3575 5139 3616 5190 in
3638 5143 3740 5185 50“?

2245 5214 2328 5268 nis
2376 5219 2608 5285 seipsntn
2660 5224 2918 5278 rationem
2967 5241 3280 5296 ponentem,
3331 5242 3384 5285 et
3423 5241 3592 5285 omnes
3630 5227 3737 5275 actus

2243 5321 2367 5360 suos
2410 5324 2569 5377 super
2615 5322 2866 5369 stateram
2914 5321 3214 5385 appendere
3261 5339 3273 5373 :
3332 5322 3383 5374 in
3433 5335 3526 5374 una
3575 5311 3735 5383 quidem

2242 5397 2355 5450 acie
2389 5399 2502 5469 (62)
2550 5408 3004 5473 congregabantur
3053 5410 3212 5463 Mauri
3245 5412 3450 5480 quidam
3493 5406 3732 5462 deformes-

2242 5485 2404 5538 altera
2434 5498 2610 5543 autem
2655 5494 2797 5546 acies
2827 5496 3048 5550 aliorum
3077 5501 3424 5567 quorumdam
3453 5505 3556 5553 erat
3595 5486 3733 5545 candi-

2240 5571 2481 5627 datorum
2515 5585 2568 5629 et
2592 5579 2908 5636 terribilium
2951 5587 3148 5653 Specie.
3183 5588 3281 5652 Qui
3314 5587 3438 5641 nihil
3467 5580 3733 5639 invenientes

2237 5661 2360 5716 boni
2383 5705 2397 5729 ,
2423 5674 2477 5718 ut
2505 5676 2558 5720 et
2584 5668 2681 5736 ipsi
2712 5673 3075 5739 appenderent
3100 5688 3317 5731 econtra
3349 5678 3603 5733 adversum
3632 5659 3729 5718 mhi“

2238 5770 2396 5823 opera
2434 5773 2549 5825 quae
2576 5761 2797 5816 collecta
2831 5776 2981 5820 erant
3017 5783 3044 5821 a
3077 5770 3268 5825 Mauris
3317 5772 3365 5825 in
3396 5770 3500 5824 acie
3527 5767 3732 5835 ipsorum.

3855 5297 3857 5326 Α

3788 5394 3830 5416 ν
