4024 6232
305 298 443 353 MSS

1224 281 1382 336 \‘t‘ra
1425 279 1663 334 saxcn
1707 278 1982 332 JOANNIS
2025 268 2589 340 ELEEMOSYNARH.

3413 297 3549 356 l6“

308 405 467 458 nitnis
505 398 890 454 tribulabantur
937 405 989 449 et
1018 395 1380 458 tristabanmr,
1413 404 1468 448 et
1515 403 1696 448 mente
1742 407 1868 445 con-
1905 390 1948 446 Α
1977 391 2290 456 gentarium,
2317 393 2612 456 quiidamna
2638 394 2914 449 inciderat.
2947 398 3026 450 Ad
3061 399 3382 457 locutionem
3408 420 3538 460 vero

309 492 688 549 sternebantur
737 487 800 539 ad
843 487 1180 552 alterutrum,
1209 496 1262 538 et
1303 485 1550 538 dicebant
1592 501 1606 537 :
1639 483 1776 551 Ergo
1812 496 1879 535 ne

313 579 450 634 nihil
494 581 748 633 habemus
793 580 915 632 hic?
952 577 1100 631 Tunc
1146 579 1275 632 dicit
1303 595 1439 631 unus
1488 593 1667 631 eorum
1699 594 1712 629 :
1744 576 1881 629 Vere

311 671 440 724 nihil
495 670 783 732 habemus,
839 668 937 721 nisi
986 681 1140 720 unam
1193 669 1477 736 siliginem,
1519 681 1677 734 quam
1732 667 1882 719 dedit

310 771 438 814 ante
467 760 601 812 duos
629 759 743 813 dies
771 758 1002 822 tlhristo,
1037 769 1087 810 et
1115 757 1278 824 ipsam
1307 773 1408 809 non
1439 758 1760 809 voluntarie.
1818 755 1881 807 Et

309 851 637 904 mittentibus
667 849 742 902 eis
790 851 1076 915 siliginem,
1111 850 1383 916 aequalitas
1414 848 1548 902 facta
1577 832 1676 900 est.
1729 847 1879 899 Tunc

308 940 490 991 dicunt
535 938 828 991 teloneario
878 939 930 990 lii
974 939 1062 1004 qui
1101 953 1183 1004 ap;
1206 945 1456 989 aruerunt
1485 939 1537 1016 ei
1565 935 1828 988 candidati
1863 951 1876 986 :

313 1029 480 1091 Vade,
511 1039 564 1082 et
591 1043 724 1095 auge
749 1028 812 1079 ad
867 1029 1130 1094 siliginem
1178 1026 1340 1090 hanc,
1385 1041 1502 1078 nam
1548 1040 1672 1078 vere
1717 1022 1880 1077 Mauri

312 1122 402 1173 isti
429 1130 479 1174 te
514 1122 927 1186 apprehendent.
961 1119 1177 1183 Ejulans
1198 1133 1346 1184 ergo,
1370 1117 1584 1184 agnovit
1610 1132 1730 1184 qua:
1775 1118 1879 1168 visa

310 1221 436 1265 Iunt
467 1211 533 1262 ab
563 1225 630 1261 eo
665 1224 770 1261 non
818 1224 935 1260 esse
967 1208 1258 1271 mendacia,
1291 1209 1382 1259 sed
1415 1209 1644 1260 veracia.
1695 1206 1882 1259 Omnia

316 1316 445 1354 vero
475 1315 593 1368 qua:
642 1316 668 1350 a
711 1299 993 1368 jnventute
1042 1312 1133 1350 sua
1180 1299 1538 1361 commiserat,
1571 1307 1623 1349 et
1661 1311 1882 1364 quorum

313 1406 427 1456 ipse
455 1400 567 1441 erat
594 1389 809 1449 oblitus,
843 1388 1053 1440 videbat
1084 1386 1365 1455 1Ethiopes
1387 1387 1508 1440 illos
1538 1401 1880 1455 congregare,

312 1487 367 1532 ct
409 1479 689 1544 deportare
717 1479 782 1529 ad
819 1479 1022 1539 libram,
1055 1485 1108 1529 et
1154 1477 1404 1529 dicebat:
1463 1475 1603 1528 Vave
1653 1475 1790 1542 (6‘5),
1835 1476 1880 1527 si

314 1583 416 1620 una
453 1569 605 1633 siligo
645 1581 800 1633 quam
847 1566 1038 1632 jactavi
1073 1580 1163 1631 per
1197 1565 1430 1618 furorem
1478 1564 1548 1616 ita
1593 1564 1808 1632 profuit,
1852 1563 1883 1614 tl

315 1659 524 1725 quantis
553 1658 704 1709 malis
746 1671 802 1708 se
834 1656 1023 1708 liberat
1071 1656 1158 1723 qui
1188 1655 1276 1706 dat
1324 1657 1374 1706 in
1421 1655 1761 1720 simpliritate
1788 1668 1881 1706 sua

1981 480 2308 532 venientibus
2341 482 2630 549 ambobus,
2655 477 2807 537 'dicit
2844 485 2892 539 ei
2927 488 3162 542 notarius
3204 506 3219 542 :
3249 491 3385 546 Audi
3421 509 3539 549 me.

1983 569 2143 626 Zoile.
2176 578 2226 622 et
2257 586 2372 625 eme
2399 587 2609 625 servum
2636 590 2816 637 unum,
2843 577 2965 644 quia
2992 577 3164 632 habeo
3187 589 3292 634 tam
3323 582 3544 644 bonum.

1984 659 2194 710 ntdicat
2231 658 2388 711 homo
2425 661 2563 727 quod
2609 668 2861 726 patricius
2889 666 2978 719 sit.
3013 668 3077 720 Et
3107 669 3325 724 audiens
3354 685 3546 739 argen-

1983 747 2145 798 tarius
2189 748 2326 812 quod
2351 762 2558 800 servum
2606 750 2842 817 haberet,
2875 754 3163 809 admiratus
3189 768 3291 821 est,
3326 769 3383 813 et
3417 761 3548 813 dicit

1981 834 2031 887 ei
2064 852 2075 884 :
2109 822 2280 887 CieJe
2311 837 2462 899 mihi,
2487 838 2607 904 quia
2640 854 2741 892 non
2772 842 3019 906 possideo
3050 845 3192 898 unde
3219 860 3399 900 emere
3421 828 3556 916 pos-t

1981 927 2102 976 sini.
2139 925 2270 978 Dicit
2309 927 2358 979 ei
2393 943 2598 980 rursum
2649 932 2925 985 notarius:
2959 936 3152 1003 Accipe
3182 947 3450 1002 mutuum,
3494 947 3548 991 et

1982 1027 2100 1064 eme
2133 1030 2278 1077 ein,
2312 1018 2531 1067 multum
2567 1019 2707 1071 enim
2735 1034 2813 1072 εει
2844 1021 3034 1088 bonus,
3068 1035 3123 1077 et
3146 1027 3424 1080 benedicet
3454 1027 3546 1080 tibi

1987 1103 2122 1156 Deus
2157 1121 2247 1170 per
2275 1121 2416 1157 eum.
2452 1109 2730 1175 Aequievit
2755 1125 2882 1176 ergo
2909 1115 2978 1174 ei,
3002 1127 3056 1166 et
3075 1116 3202 1168 emit
3225 1131 3345 1170 eum
3372 1117 3548 1170 sordi-

1984 1191 2064 1244 dis
2093 1193 2326 1246 vestibus
2355 1196 2616 1262 indutum,
2664 1201 3066 1254 numismatibus
3097 1204 3324 1272 triginta.
3371 1206 3548 1258 llelin-

1983 1296 2150 1347 quens
2181 1293 2359 1335 autem
2389 1298 2508 1336 eum
2536 1289 2797 1351 notarius,
2837 1288 2966 1341 abiit
3011 1291 3545 1360 Constantinopolim,

1984 1372 2316 1424 satistaciens
2345 1375 2485 1440 quod
2518 1375 2647 1427 nulli
2680 1376 2783 1430 hoc
2821 1378 3207 1444 manifestaret,
3237 1391 3284 1435 et
3327 1385 3464 1450 quod
3487 1386 3552 1436 de

1984 1459 2155 1526 pretio
2179 1475 2508 1528 nequaquam
2533 1464 2631 1516 sibi
2658 1466 2937 1519 retinendo
2959 1469 3157 1536 aliquid
3193 1471 3551 1536 defraudaret,

1983 1549 2078 1599 sed
2140 1549 2238 1600 hoc
2285 1556 2448 1602 totum
2484 1553 2804 1617 pauperibus
2863 1556 3035 1608 daret.
3089 1558 3229 1624 Ergo
3276 1561 3558 1629 aliquando

1991 1637 2131 1688 idem
2189 1637 2374 1690 l’etrus
2419 1639 2697 1704 coquinam
2755 1641 2986 1696 faciebat
3035 1646 3251 1699 domino
3299 1666 3416 1713 suo,
3460 1654 3558 1704 ali-

319 1718 455 1805 bona
508 1748 904 1818 indigentibus?
956 1748 1017 1800 Et
1049 1747 1114 1800 de
1144 1747 1460 1800 cmtero.ita
1512 1746 1780 1801 modestus
1827 1757 1880 1800 et

1988 1726 2190 1792 quando
2221 1739 2394 1779 autem
2443 1718 2650 1781 lavabat
2699 1744 2902 1797 pannos
2951 1733 3100 1799 ejus,
3151 1751 3420 1804 nunquam
3451 1740 3552 1792 ali-

316 1842 547 1910 prudens
578 1850 733 1907 atque
763 1855 1001 1894 summus
1024 1841 1448 1909 eleemosynator
1495 1837 1666 1892 factus
1693 1849 1794 1899 est,
1822 1848 1880 1892 ut

315 1931 474 1984 ctiam
506 1929 716 1996 corpori
744 1931 958 1997 proprio
982 1945 1086 1982 non
1117 1939 1376 1995 parceret.
1871 1919 1874 1922 ’

386 2019 619 2089 Contigit
645 2021 786 2074 enim
820 2021 1100 2088 aliquando
1129 2022 1420 2073 secundum
1446 2017 1878 2074 consuetudinem

319 2112 609 2180 procedere
653 2125 774 2164 eum
825 2113 1054 2164 diluculo
1101 2113 1165 2164 ad
1197 2113 1486 2177 teloneum,
1529 2121 1583 2164 et
1615 2113 1786 2163 obviat
1829 2111 1878 2163 ei

319 2217 498 2268 nauta,
530 2207 616 2272 qui
645 2220 672 2257 a
705 2206 977 2273 naufragio
1008 2207 1178 2258 nudus
1211 2216 1266 2258 ut
1306 2216 1566 2272 natusest
1603 2216 1876 2268 evaserat;

319 2303 373 2347 et
400 2292 592 2346 cecidit
633 2305 755 2346 ante
804 2309 947 2356 eum,
987 2310 1180 2358 rogans
1210 2305 1266 2349 ut
1325 2299 1702 2364 protectionem
1743 2296 1878 2363 apud

320 2398 438 2436 eum
469 2383 794 2450 impetraret.
824 2384 913 2436 Ille
942 2399 1067 2452 ergo
1099 2397 1287 2452 putans
1317 2385 1458 2453 qunti
1488 2400 1684 2453 egenus
1708 2393 1872 2447 esset,

321 2472 636 2536 exspoliavit
680 2486 739 2525 se
787 2474 1124 2538 εδορΙιιιι-ιιιιιι
1159 2475 1269 2542 (lii)
1315 2491 1506 2539 suum,
1557 2476 1696 2542 quod
1743 2476 1882 2528 illius

323 2561 511 2612 melius
541 2571 682 2626 erat,
721 2571 775 2616 et
821 2564 910 2615 dat
939 2564 1009 2622 ei.
1040 2565 1344 2632 rogaviique
1378 2579 1498 2616 eum
1529 2573 1586 2616 ut
1629 2567 1730 2618 hoc
1771 2567 1882 2632 ipse

324 2652 625 2705 vestiretur.
684 2653 912 2720 Pergens
961 2669 1086 2707 vero
1131 2655 1218 2707 ille
1245 2665 1297 2708 et
1325 2657 1644 2710 erubescens
1693 2659 1878 2711 vestiri

327 2741 450 2801 hoc,
481 2742 622 2794 dedit
656 2742 777 2794 illud
813 2745 1070 2796 venditori
1104 2754 1158 2796 nt
1187 2747 1610 2800 venumdaretur.
1644 2748 1707 2800 Et
1759 2763 1878 2801 cum

325 2832 594 2884 recederet
619 2834 958 2896 telonearins,
993 2836 1116 2885 vidit
1147 2834 1246 2885 hoc
1266 2849 1600 2900 suspensum,
1624 2848 1675 2889 et
1704 2840 1880 2890 trista-

326 2932 410 2976 tus
431 2935 509 2977 εει
533 2925 903 2988 vehementer;
928 2934 980 2978 et
1003 2925 1295 2979 ascendens
1317 2925 1528 2980 domum
1550 2944 1720 2992 suam,
1748 2929 1879 2981 nihil

265 3001 268 3004 ’
325 3028 509 3082 passus
556 3026 633 3066 est
680 3024 924 3081 gustare;
969 3015 1059 3068 sed
1099 3015 1353 3069 claudens
1378 3017 1572 3071 ostium
1614 3019 1878 3071 conclavis

1984 1817 2194 1882 quando
2240 1818 2291 1868 in
2340 1817 2576 1884 quolibet
2623 1818 2806 1872 horum
2838 1832 3102 1875 assuetus.
3135 1826 3333 1877 Afﬂixit
3373 1837 3548 1881 autem
3585 1822 3594 1831 ’

1983 1906 2218 1974 seipsum
2249 1917 2301 1959 et
2343 1906 2546 1975 jejunio
2571 1910 2752 1964 multo.
2783 1911 2911 1964 Cum
2943 1928 3070 1966 vero
3101 1915 3317 1969 vidisset
3361 1932 3420 1970 se
3460 1919 3552 1971 be-

1986 1997 2160 2050 nedici
2209 1997 2457 2051 dominus
2489 1989 2602 2066 ejus
2653 2016 2811 2068 super
2853 2017 3062 2058 omnem
3104 1992 3544 2074 benedicdonem,

1981 2088 2112 2165 dicit
2143 2087 2216 2150 ei,
2254 2091 2638 2144 verecundatus
2669 2109 2938 2148 enormem
2970 2095 3086 2164 ejus
3113 2097 3362 2152 virtutem
3386 2111 3440 2154 et
3463 2103 3550 2154 hu-

1983 2181 2259 2233 militatem
2287 2198 2299 2232 :
2339 2182 2486 2246 Volo,
2525 2184 2736 2238 humilis
2766 2186 2936 2249 Petre,
2971 2187 3196 2242 liberare
3218 2199 3289 2254 te,
3318 2200 3373 2244 et
3395 2199 3449 2244 ut
3469 2193 3544 2246 sis

1982 2271 2048 2322 de
2077 2271 2282 2339 reliquo
2311 2273 2477 2326 trater
2504 2288 2672 2326 meus.
2705 2274 2796 2328 llle
2828 2291 2951 2329 vero
2975 2278 3163 2331 noluit.
3209 2279 3423 2334 Viderat
3452 2297 3574 2336 aii--

1982 2372 2090 2417 tem
2134 2378 2254 2416 eum
2285 2362 2591 2431 frequenter
2617 2368 3151 2434 com'icia.perferr;e,
3184 2381 3235 2424 et
3268 2372 3472 2438 percuti
3517 2390 3546 2425 a

1983 2458 2252 2510 conservis
2281 2457 2413 2510 suis.
2442 2457 2713 2511 llabebant
2735 2471 2911 2513 autem
2939 2476 3058 2514 eum
3092 2471 3338 2531 tanquam
3359 2479 3546 2520 amen-

1986 2560 2107 2612 tem,
2137 2550 2205 2602 ita
2237 2558 2295 2603 ut
2330 2558 2384 2604 et
2413 2565 2607 2603 nomen
2655 2552 2702 2604 ei
2737 2553 3066 2619 imponerent
3093 2555 3356 2608 Amentis.
3405 2557 3576 2623 Quo-'

1986 2641 2291 2708 tiescunque
2340 2655 2469 2709 ergo
2520 2642 2845 2694 tribulaliant
2893 2658 3012 2696 eum
3045 2647 3288 2700 conservi
3333 2648 3447 2712 sui,
3493 2659 3548 2703 et

1984 2731 2283 2784 dormiebat
2306 2731 2359 2784 in
2393 2733 2751 2796 tribulatione,
2779 2735 3065 2801 apparebat
3092 2737 3140 2788 ei
3173 2738 3260 2804 qui
3287 2737 3337 2789 in
3374 2739 3550 2792 Africa

1986 2823 2060 2875 illi
2110 2834 2449 2888 apparuerat,
2501 2826 2722 2878 vestitus
2770 2827 3058 2894 empliorio
3090 2827 3226 2895 ejus,
3262 2838 3449 2883 tenens
3497 2841 3549 2882 et

1983 2911 2069 2963 illa
2101 2913 2309 2980 triginta
2357 2913 2672 2966 numismata
2725 2914 2776 2966 in
2814 2930 3000 2979 manu,
3055 2917 3237 2982 dicens
3285 2921 3384 2971 ei:
3431 2920 3546 2972 Noli

1984 3010 2202 3053 moestus
2246 3017 2385 3070 esse,
2436 3003 2595 3057 frater
2625 3005 2798 3066 Petre,
2831 3021 2929 3074 ego
2968 3007 3173 3074 suscepi
3222 3017 3275 3061 et
3321 3008 3544 3077 pretium

324 3107 428 3166 sui.
513 3100 742 3159 sedebat
799 3100 1020 3173 plorans
1067 3120 1123 3165 et
1195 3107 1474 3174 cogitans:
1513 3109 1642 3174 quia
1678 3124 1780 3161 ηοη
1807 3111 1876 3162 ,νηί
1905 3091 1951 3154 C
1983 3092 2077 3151 tui,
2109 3091 2200 3144 sed
2234 3102 2476 3145 sustenta
2511 3107 2672 3161 usque
2701 3097 2823 3148 dum
2852 3098 3206 3182 cognoscaris.

325 3197 536 3262 dignus,
586 3197 773 3265 inquit,
810 3209 860 3250 ut
903 3199 1004 3250 mei
1051 3201 1359 3252 memoriam
1402 3200 1623 3253 haberet
1657 3215 1879 3268 egenus.

325 3282 454 3334 Cum
503 3299 626 3352 ergo
675 3289 998 3352 anxiaretur,
1045 3287 1396 3351 obdormivit;
1453 3297 1508 3342 et
1553 3304 1678 3344 ecce
1749 3289 1888 3342 vidit

325 3373 606 3441 quemdam
661 3381 962 3443 speciosum
1041 3388 1286 3446 tanquam
1361 3379 1568 3442 solem,
1631 3380 1886 3433 ferentem

324 3479 536 3519 crucem
570 3483 730 3534 super
757 3479 913 3536 caput
938 3486 1088 3522 suum
1114 3481 1166 3523 et
1191 3472 1552 3539 esophorium,
1572 3472 1709 3538 quod
1729 3473 1889 3525 dede-

327 3569 410 3610 rat
465 3567 676 3623 nautze,
739 3563 1077 3614 assistentem
1122 3565 1218 3616 sibi
1263 3576 1314 3616 et
1386 3567 1645 3616 dicentem
1699 3581 1710 3615 :
1753 3565 1886 3629 Quid

329 3649 525 3712 ploras,
551 3650 761 3701 domine
788 3650 990 3704 Petrei
1022 3653 1130 3704 lloc
1155 3654 1294 3705 enim
1328 3665 1442 3706 erat
1469 3657 1516 3706 ei
1549 3671 1760 3708 nomen.
1797 3656 1887 3709 Ille

330 3753 454 3791 vero
485 3739 636 3800 dixit,
690 3749 746 3791 ut
785 3740 848 3792 ad
893 3741 1053 3793 Deum
1086 3743 1362 3807 disputans
1401 3759 1415 3794 :
1446 3745 1607 3808 Quia,
1632 3743 1883 3808 Domine,

327 3841 389 3878 ex
423 3828 612 3894 quibus
663 3828 868 3895 largiris
898 3830 1070 3891 nobis,
1103 3831 1289 3882 damus
1319 3833 1495 3893 alicui,
1543 3840 1598 3883 et
1638 3831 1689 3883 in
1736 3844 1886 3900 turpe

328 3916 530 3968 lucrum
567 3928 773 3971 vertunt
799 3921 1135 3995 accipientes.
1162 3921 1311 3973 Tunc
1337 3921 1462 3974 dicit
1487 3924 1533 3975 ei
1562 3939 1572 3972 :
1600 3922 1886 3991 Cognoscis

331 4008 464 4058 hoc?
498 4007 562 4059 Et
604 4011 831 4061 ostendit
863 4012 910 4063 ei
943 4012 1061 4078 quia
1097 4012 1305 4066 deintus
1338 4015 1562 4068 vestitus
1591 4026 1729 4070 esset
1773 4018 1886 4084 ejus

326 4096 650 4161 esopliorio.-
677 4097 808 4151 Dicit
860 4101 906 4152 ei
939 4119 950 4152 :
987 4103 1122 4155 Ecce
1173 4118 1269 4167 rgo
1307 4104 1397 4156 illo
1439 4109 1652 4166 vestior,
1684 4123 1746 4160 ex
1783 4123 1888 4174 quo

326 4185 514 4239 dedisti
548 4187 675 4240 mihi
709 4191 834 4249 hor;
865 4200 917 4242 et
946 4191 1140 4256 gratias
1169 4208 1267 4258 ago
1297 4195 1546 4248 voluntati
1581 4207 1679 4250 tua}
1704 4199 1884 4264 bonze,

325 4277 574 4342 quoniam
604 4276 799 4344 frigore
827 4281 1118 4349 atlligebar,
1149 4294 1199 4333 et
1231 4293 1281 4335 tu
1306 4287 1622 4350 coeperuisti
1664 4303 1766 4339 me.
1811 4289 1887 4341 Ad

326 4381 384 4421 se
413 4383 538 4436 ergo
575 4383 840 4435 reversus,
874 4372 1165 4424 admiratus
1194 4382 1294 4437 est,
1323 4383 1374 4428 et
1403 4375 1566 4442 cmpit
1590 4376 1888 4431 beatificare

2058 3203 2182 3256 Post
2210 3203 2420 3269 aliquod
2451 3219 2576 3257 vero
2622 3214 2851 3272 tempus,
2879 3216 3141 3261 venerunt
3167 3223 3214 3282 ag
3239 3211 3404 3276 patria
3433 3214 3551 3282 ejus

1989 3294 2199 3362 quidam
2229 3297 2428 3361 argenti
2461 3298 2790 3362 venditores,
2823 3306 2877 3351 ut
2903 3312 3116 3359 orarent
3158 3277 3222 3354 ad
3275 3302 3387 3356 loca
3433 3319 3555 3358 san-

1991 3397 2102 3446 eta;
2123 3394 2175 3437 et
2201 3384 2441 3439 invitavit
2463 3402 2566 3440 eos-
2579 3388 2640 3439 ad
2666 3389 2942 3453 prandium
2966 3389 3214 3445 dominus
3231 3392 3428 3447 domini
3458 3393 3555 3449 Pe-

1994 3475 2084 3538 tri;
2112 3486 2165 3528 et
2193 3491 2312 3530 cum
2341 3476 2681 3543 ministraret,
2711 3479 2884 3531 statim
2920 3480 3005 3532 ille
3034 3484 3278 3548 cognovit
3308 3499 3420 3541 eos.
3447 3485 3549 3552 Ipsi

1990 3574 2164 3618 autem
2211 3568 2332 3618 dum
2380 3567 2726 3631 pranderrnt,
2762 3577 3034 3636 cmperunt
3080 3573 3354 3637 alligurare
3393 3587 3546 3633 eum,

1989 3663 2042 3707 et
2067 3656 2295 3708 invicem
2325 3657 2388 3706 ad
2417 3671 2570 3706 aures
2596 3657 2773 3708 dicare
2801 3673 2813 3708 :
2847 3659 3009 3722 Quam
3052 3659 3245 3710 similat
3275 3674 3404 3726 puer
3447 3660 3550 3713 iste
3575 3677 3594 3696 ο

1987 3747 2201 3798 domino
2233 3747 2388 3799 Petro
2421 3746 2722 3798 teloneario.
2756 3747 2846 3799 ille
2885 3763 3008 3801 vero
3031 3750 3344 3815 occultabat,
3376 3768 3546 3817 quan-

1989 3846 2110 3922 tum.
2129 3843 2352 3902 poterat,
2383 3838 2578 3886 vultum
2623 3850 2797 3890 suum.
2834 3837 3026 3890 lterum
3059 3855 3185 3909 ergo
3214 3833 3544 3898 comedenti;-

1989 3928 2084 3979 bus
2113 3929 2208 3990 eis,
2242 3937 2513 3993 casperunt
2535 3928 2707 3980 dicere
2729 3929 2792 3979 ad
2819 3945 2936 3981 eum
2959 3929 3045 3997 qui
3076 3947 3167 3983 eos
3199 3933 3549 3990 invitaverat:

1989 4019 2123 4071 Vere
2155 4029 2416 4084 putamus,
2462 4033 2546 4072 res
2578 4019 2668 4072 tibi
2693 4033 2875 4089 magna
2909 4022 3103 4083 evenit,
3133 4003 3344 4078 domine
3373 4024 3548 4090 Zoile;

1990 4111 2204 4174 etenim,
2256 4110 2354 4162 nisi
2404 4125 2663 4185 ergainus,
2699 4110 2957 4178 publicam
2988 4129 3265 4180 personam
3309 4115 3360 4170 in
3395 4119 3549 4171 mini-

1989 4202 2152 4254 sterio
2184 4209 2272 4252 tuo
2302 4200 2484 4253 habes.
2532 4201 2713 4301 Neque
2741 4203 2878 4254 enim
2915 4205 3151 4258 sciebant
3179 4207 3393 4274 certius,
3428 4209 3551 4276 quia

1989 4288 2189 4342 eratde
2216 4289 2438 4356 coquina
2470 4301 2520 4341 et
2567 4288 2768 4359 jejunio
2797 4303 3150 4361 commutatus
3191 4297 3364 4350 vultus
3410 4301 3548 4365 ejus.

1992 4379 2086 4432 Diu
2120 4379 2278 4447 igitur
2309 4380 2765 4434 considerantibus
2809 4397 2950 4447 eum,
3001 4384 3283 4455 dicitjinus
3322 4403 3384 4441 ex
3425 4389 3547 4443 eis:

326 4473 522 4527 egenos
546 4468 598 4513 et
640 4460 819 4514 dicere
845 4480 858 4515 :
894 4463 1032 4514 Vivit
1061 4462 1332 4521 Dominus.
1363 4467 1405 4518 si
1433 4465 1617 4533 inepes
1649 4468 1887 4520 Chrisms
1914 4449 1966 4510 Ῐ)
1995 4468 2126 4521 Vere
2156 4468 2400 4535 dominus
2451 4470 2637 4523 Petrus
2679 4479 2776 4534 est,
2825 4485 3035 4539 surgam
3082 4482 3134 4526 et
3176 4476 3366 4528 tenebo
3391 4492 3548 4530 eum.

233 4584 245 4624 τ
325 4563 478 4601 meus
510 4559 650 4613 sunt,
704 4565 804 4604 non
834 4553 1054 4616 moriar,
1086 4562 1142 4605 et
1182 4555 1301 4606 liam
1344 4563 1589 4622 tanquam
1637 4572 1775 4609 unus
1820 4573 1882 4611 ex

325 4639 428 4694 eis.
1066 4635 1082 4650 ⁸

396 4731 666 4785 Accersito
706 4746 832 4784 vero
863 4735 1066 4785 notario
1095 4749 1212 4798 suo,
1262 4749 1415 4802 quem
1445 4744 1501 4788 et
1529 4746 1764 4798 emerat,
1808 4738 1888 4789 di-

327 4822 398 4874 cit
429 4823 477 4875 ei
509 4839 520 4872 :
547 4821 821 4876 Secretum
850 4825 970 4874 volo
999 4826 1218 4878 credere
1249 4825 1379 4888 tibi;
1407 4834 1460 4877 et
1485 4826 1664 4890 crede,
1697 4827 1740 4879 si
1765 4841 1885 4894 pro-

329 4914 586 4979 palaveris
614 4929 718 4977 me,
750 4914 984 4968 barbaris
1011 4916 1232 4969 vendam
1260 4927 1332 4979 te,
1351 4927 1438 4971 aut
1459 4920 1501 4970 si
1531 4919 1888 4987 nonlaudieris

326 5016 434 5054 me.
463 5003 558 5054 Dat
580 5019 702 5057 vero
718 5003 957 5056 eidecem
989 5005 1142 5057 libras
1159 5008 1358 5070 auri,et
1387 5007 1512 5059 dicit
1531 5007 1577 5060 ei
1605 5025 1618 5059 :
1648 5008 1812 5073 Vade,
1839 5015 1892 5062 et

328 5104 444 5144 eine
475 5092 564 5144 tibi
591 5095 888 5161 negotium;
919 5103 970 5146 et
1014 5109 1163 5148 sume
1193 5112 1292 5159 me,
1328 5104 1380 5148 et
1421 5096 1526 5150 duc
1565 5099 1614 5149 in
1656 5109 1890 5152 sanctam

328 5179 615 5243 civitatem,
664 5193 712 5235 et
746 5183 913 5237 vende
951 5200 1030 5234 me
1077 5185 1292 5238 cuilibet
1319 5185 1639 5250 Christiano,
1672 5197 1723 5241 et
1777 5203 1894 5256 pre-

329 5277 458 5330 tium
488 5279 550 5330 da
582 5282 915 5347 pauperibus.
947 5280 1162 5334 Notario
1191 5296 1366 5335 autem
1412 5293 1715 5346 recusante,
1761 5285 1889 5337 dicit

329 5369 380 5420 ei
412 5369 598 5423 iterum
628 5389 640 5422 :
671 5373 926 5436 Quoniam
959 5375 1000 5425 si
1032 5389 1115 5425 me
1147 5390 1248 5426 non
1282 5375 1606 5441 vendideris,
1645 5392 1742 5445 ego
1765 5393 1890 5430 ven-

331 5457 447 5509 dam
499 5465 553 5511 te
587 5460 846 5523 barbaris,
880 5471 936 5514 ut
967 5464 1184 5530 praedixi
1235 5466 1345 5517 tibi.
1388 5466 1631 5519 Obedivit
1675 5482 1800 5536 ergo
1841 5469 1889 5522 ei

333 5547 598 5610 notarius;
630 5558 680 5599 et
709 5553 1134 5614 pervenientibus
1162 5554 1239 5606 eis
1270 5555 1334 5606 ad
1365 5565 1545 5608 sancta
1579 5556 1710 5619 loca,
1735 5560 1887 5612 inve—

335 5633 411 5686 nit
437 5633 570 5687 idem
600 5641 830 5691 notarius
859 5644 1083 5694 amicum
1117 5656 1265 5697 suum
1298 5643 1533 5708 charum,
1566 5646 1768 5699 fabrum
1807 5663 1890 5702 ar—

1997 4559 2158 4612 Valde
2186 4560 2323 4612 enim
2356 4560 2640 4628 imperator
2660 4560 2902 4630 audiens,
2950 4564 3186 4616 tristatur
3225 4565 3290 4618 de
3315 4581 3398 4631 eo,
3431 4569 3550 4633 quia

1996 4650 2189 4702 dudum
2245 4664 2348 4701 non
2400 4651 2711 4717 comparuit.
2751 4650 2898 4702 Foris
2947 4652 3125 4720 itaque
3166 4663 3314 4706 stans
3355 4657 3551 4708 audivit

1997 4738 2135 4802 haec;
2169 4731 2217 4792 ei
2251 4753 2452 4806 ponens
2482 4742 2709 4792 catinum
2739 4755 2768 4792 a
2799 4721 2877 4804 se,
2904 4756 3005 4794 non
3034 4752 3114 4794 est
3144 4743 3430 4811 ingressus,
3459 4749 3554 4799 sed

1997 4840 2142 4883 recto
2172 4845 2327 4883 cursu
2357 4834 2588 4884 cucurrit
2619 4831 2680 4882 ad
2713 4841 2957 4897 portam.-
2989 4833 3116 4886 Erat
3159 4834 3334 4904 itaque
3374 4837 3422 4890 ei
3463 4843 3552 4905 qui

1997 4933 2114 4972 eum
2147 4930 2271 4974 tunc
2301 4922 2526 4974 habebat
2555 4920 2802 4974 ostiarius
2835 4930 3008 4974 mutus
3051 4933 3100 4976 et
3127 4931 3318 4977 surdus
3347 4943 3374 4977 a
3414 4928 3550 4979 nati-

1995 5012 2174 5074 vitate,
2205 5013 2292 5080 qui
2323 5027 2414 5080 per
2442 5023 2622 5065 nutum
2657 5022 2828 5066 tamen
2861 5015 3131 5080 aperiebat
3165 5027 3219 5069 et
3247 5018 3549 5073 claudebat.

1998 5103 2274 5157 Festinans
2289 5118 2416 5171 ergo
2444 5119 2628 5157 servus
2653 5103 2744 5156 Dei
2773 5104 2939 5168 exire,
2965 5105 3088 5156 dicit
3110 5106 3268 5156 surdo
3290 5116 3343 5159 et
3366 5119 3510 5158 muto
3536 5146 3559 5180 ..

1994 5191 2109 5244 Tibi
2141 5191 2260 5244 dico
2288 5193 2338 5244 in
2370 5193 2578 5244 nomine
2609 5191 2827 5245 Christi.
2861 5193 2948 5246 Ille
2971 5207 3095 5245 vero
3116 5193 3322 5246 audivit
3349 5191 3576 5260 statim,'

1994 5292 2047 5338 et
2072 5283 2207 5336 dixit
2233 5302 2244 5335 :
2274 5285 2462 5347 Etiam,
2494 5284 2725 5338 domine.
2777 5284 2965 5339 Iterum
2999 5299 3124 5338 vero
3152 5268 3241 5338 ilie
3282 5286 3345 5338 ad
3387 5301 3550 5342 eum:

1994 5375 2174 5442 Aperi.
2207 5373 2498 5442 Respondit
2548 5384 2724 5427 mutus
2754 5383 2805 5428 et
2854 5374 3044 5428 surdus
3084 5375 3356 5449 secundo:
3402 5376 3548 5444 Ego,

1994 5466 2428 5521 domine.Statim
2449 5481 2574 5535 ergo
2586 5467 2834 5529 surrexit,
2859 5477 2908 5520 et
2929 5467 3131 5534 aperuit
3151 5466 3220 5518 ei.
3239 5466 3300 5518 Et
3322 5476 3552 5523 exeunte

1995 5573 2078 5620 eo,
2106 5559 2262 5612 subiit
2288 5559 2556 5624 ostiarius,
2589 5566 2643 5611 et
2671 5558 2916 5611 clamavit
2945 5573 3120 5611 coram
3153 5557 3397 5610 omnibus
3417 5571 3551 5625 gau-

1996 5651 2126 5702 di-ns
2176 5660 2223 5703 et
2272 5651 2560 5712 exsultans;
2594 5649 2712 5718 quia
2755 5649 2948 5701 audivit
2994 5656 3046 5701 et
3074 5649 3276 5701 locutus
3305 5655 3408 5712 est,
3444 5645 3554 5702 DO-
