4024 6232
537 265 557 316 l
571 263 676 318 655

1594 268 1875 328 LEONTII
1914 242 2376 350 Nannenus:
2414 279 2721 338 EPISCOPI

3651 295 3780 353 1656

550 378 711 441 mine,
757 375 992 429 Domine.
1047 377 1205 431 Porro
1231 381 1473 459 omnibus
1501 383 1588 448 qui
1636 388 1684 435 in
1715 385 1900 438 eadem
1941 386 2101 438 domo
2126 391 2174 443 Α
2205 387 2322 451 quia
2358 402 2525 457 usque
2553 392 2708 445 hodie
2738 394 2982 460 putabam
3009 398 3146 463 quod
3178 398 3255 452 vel
3287 400 3481 468 aliquid
3517 400 3773 470 facerem,

548 471 697 515 erant
726 462 1037 529 perterritis,
1059 467 1306 531 quoniam
1328 469 1609 522 audiebant
1630 486 1749 524 eum
1774 474 2098 541 loquentem,

547 551 735 604 iterum
761 552 886 604 dicit
914 552 1001 607 ille
1024 556 1287 622 quondam
1318 569 1492 611 mutus
1531 579 1543 612 :
1578 562 1668 616 Ille
1689 564 1777 628 qui
1821 564 2100 631 coquinam

544 640 790 706 faciebat,
824 641 1211 709 exiitcurrens,
1245 647 1334 700 sed
1365 648 1539 703 videte
1564 666 1631 704 ne
1663 649 1801 706 forte
1828 653 1945 722 luga
1990 655 2102 721 lap-

546 746 638 803 sus
667 731 754 797 sit,
784 747 1005 799 magnus
1032 738 1172 788 enim
1205 751 1388 791 servus
1415 739 1505 792 Dei
1537 751 1636 793 est.
1680 742 1902 813 Quando
1931 745 2085 797 disce-

497 795 897 885 .dehat,vdixit‘
928 823 1055 875 mihi
1104 825 1264 877 :Tibi
1294 826 1412 879 dico
1442 828 1492 879 in
1524 831 1733 883 nomine
1782 795 2015 895 Domini;
2045 843 2099 886 et

543 924 665 964 mox
694 913 798 966 vidi
824 914 891 967 de
916 930 1009 968 ore
1039 917 1151 985 ejus
1181 929 1458 972 exeuntem
1487 920 1771 983 ﬂammam.
1804 933 1857 976 et
1879 933 2096 993 tangen-

544 1010 647 1052 tem
675 1017 830 1056 aures
861 1021 1038 1072 meas;
1070 1018 1123 1060 et
1145 1011 1321 1062 statim
1344 1011 1542 1076 audivi,
1566 1021 1618 1066 et
1645 1006 2003 1068 locutiis'sum.
2031 1016 2096 1069 Et

542 1089 861 1144 exsilientes
928 1101 986 1145 et
1057 1107 1355 1163 sequentes
1450 1118 1568 1155 eum
1619 1107 1810 1171 cuncti,
1866 1108 2091 1161 ulterius

541 1194 643 1229 non
678 1181 918 1233 viderunt
967 1198 1109 1236 eum.
1153 1185 1301 1240 Tunc
1346 1191 1707 1255 pmnitentiam
1738 1208 1923 1247 omnes
1968 1210 2092 1262 age-

538 1264 680 1328 bant,
713 1269 800 1336 qui
832 1271 884 1321 in
912 1271 1069 1323 domo
1099 1273 1185 1325 illa
1228 1286 1399 1339 erant,
1448 1287 1502 1331 et
1531 1280 1643 1344 ipse
1691 1281 1935 1336 dominus
1976 1285 2093 1353 ejus

536 1358 628 1421 qui
652 1357 860 1410 Petrum
883 1369 1103 1429 emerat,
1131 1364 1248 1430 quia
1278 1366 1329 1418 in
1360 1369 1447 1420 tali
1511 1370 1890 1427 exhonorantia
1923 1375 2093 1428 humi—

542 1444 760 1498 liassent
784 1461 926 1513 eum,
948 1459 1001 1503 et
1030 1451 1254 1507 maxime
1278 1454 1328 1506 hi
1351 1471 1437 1523 qu:
1465 1460 1726 1513 vocabant
1747 1479 1865 1516 eum
1893 1465 2093 1519 Arnen-

540 1541 667 1587 tem.

606 1621 698 1673 Hae
727 1631 849 1675 sunt
903 1624 1185 1680 beatissimi
1218 1643 1247 1681 a
1300 1630 1411 1684 Deo
1451 1632 1691 1703 honorati
1735 1637 1954 1693 Joannis
2001 1658 2084 1709 pa-

2203 476 2492 546 datisqnas
2524 482 2719 535 habere
2768 499 2978 550 possum
3025 489 3296 554 pecuniis;
3340 492 3640 546 nesciebam
3684 509 3776 547 an-

2203 571 2307 616 tem
2339 568 2476 633 quod
2506 578 2557 622 et
2581 573 2786 639 scipsos
2813 574 3123 640 venderent,
3151 579 3375 646 quadam
3401 589 3777 651 compasslono

2199 658 2459 722 superati.

2269 766 2393 819 Car.
2426 767 2612 821 XXlll.
2652 802 2708 812 -—
2744 772 2967 839 Semper
3007 775 3217 845 quidem
3260 779 3559 835 honorabat
3586 799 3775 838 mona-

2196 851 2407 905 chicum
2439 857 2651 911 schema
2681 873 2897 915 sanctus
2930 865 3031 927 hic,
3073 865 3127 919 et
3154 866 3360 921 colebat
3400 877 3456 923 et
3484 874 3779 939 compatie-

2198 941 2369 1009 batur,
2400 947 2485 1000 ubi
2518 951 2746 1005 maxime
2776 955 3066 1020 aspiciebat
3118 958 3436 1012 nmnachum
3468 962 3761 1030 corporali-

2195 1030 2291 1084 bus
2323 1034 2638 1091 utilitatibus
2671 1049 3030 1104 angustatnm.
3080 1045 3318 1100 Habebat
3346 1060 3521 1103 autem
3569 1060 3626 1104 et
3670 1050 3775 1106 hoc

2193 1135 2355 1188 super
2386 1130 2578 1180 multos
2631 1132 2972 1198 praecipuum,
3028 1137 3145 1203 quia
3190 1140 3580 1193 accusationem
3635 1157 3775 1206 qua-

2194 1211 2549 1283 lemcumque,
2582 1217 2696 1271 sive
2726 1223 3056 1288 mendacem,
3089 1226 3203 1279 sive
3232 1240 3501 1293 veracem,
3537 1245 3641 1282 non
3685 1246 3778 1282 su-

2191 1302 2446 1368 scipiebat
2475 1314 2660 1358 contra
2704 1309 2932 1374 aliquem
2960 1312 3417 1386 circnmamictum
3453 1319 3778 1372 monachico

2191 1388 2399 1445 habitu.
2428 1394 2602 1449 Semel
2630 1398 2772 1450 enim
2804 1402 2985 1453 evenit
3030 1417 3094 1456 ex
3140 1403 3466 1461 immissione
3513 1424 3776 1475 quorum-

2166 1481 2311 1555 .dam
2375 1485 2799 1550 criminatormn,
2850 1493 3132 1557 pertulisse
3202 1511 3319 1548 eum
3370 1498 3567 1565 aliquid
3618 1500 3775 1552 tale:

2189 1568 2425 1634 Quodam
2456 1574 2716 1626 monacho
2735 1589 2954 1643 gyrante
2980 1579 3030 1633 in
3067 1581 3285 1636 civitate
3312 1599 3433 1636 cum
3464 1587 3637 1653 puella
3666 1602 3775 1641 una

2187 1657 2488 1728 iuvencula,
2519 1673 2573 1716 et
2604 1674 2813 1730 petente
2842 1672 3234 1741 eleemosynam
3268 1691 3362 1743 per
3381 1677 3494 1730 dies
3516 1679 3722 1745 aliquot
3744 1721 3759 1740 ,

2187 1709 2239 1723 ’ἡ
2290 1709 2447 1714 ________
2471 1709 2488 1728 ν
2523 1709 2572 1716 ν,
2605 1709 2813 1730 ’,νην-ν
2844 1709 2872 1721 ν
2897 1709 3234 1741 “annual-mu-
3270 1709 3349 1743 μῡι
3381 1709 3494 1730 unca
3516 1709 3722 1745 αιιιμιυι
3744 1721 3759 1740 .

535 1709 778 1765 triarchte
823 1717 1170 1770 narrationes.
1201 1718 1316 1774 Non
1356 1723 1524 1776 solum
1572 1728 1710 1778 enim
1755 1730 1821 1782 de
1850 1730 1953 1783 vita
1996 1747 2089 1787 sua
2125 1730 2405 1815 Bqumam
2464 1753 2551 1818 qui
2601 1753 2701 1807 hoc
2751 1755 3031 1824 viderant,
3084 1765 3448 1831 scandalizati,
3505 1779 3559 1821 et
3583 1772 3773 1824 existi-

535 1809 807 1831 ntsninnlun
839 1816 945 1831 ιιι-ι.-
980 1809 1240 1831 ..ΑΙΑ-.-μ
1277 1814 1459 1831 __sn-,
1644 1818 1711 1831 ..η
1991 1816 2002 1828 ο

532 1809 808 1855 contentus
838 1816 949 1858 erat
980 1809 1242 1863 volentem
1277 1814 1529 1878 prolicere
1578 1818 1863 1884 mdilicare,
1905 1816 2088 1877 verum

529 1891 686 1942 etiam
714 1894 779 1946 de
808 1894 915 1948 Deo
939 1900 1168 1965 acceptis
1193 1910 1247 1954 et
1283 1904 1559 1971 veracibus
1586 1908 1928 1964 relationibus
1957 1917 2087 1974 suis,

527 1988 581 2033 et
608 1981 814 2035 dicebat
842 1998 1050 2053 semper
1074 1989 1187 2043 haec
1214 1991 1548 2050 audientibus
1578 2015 1591 2048 :
1625 1997 1679 2053 Si
1719 2001 1931 2068 proprio
1964 2019 2089 2057 san-

526 2071 670 2138 guini
700 2087 802 2126 non
844 2089 1194 2143 pepercerunt
1240 2084 1449 2150 quidam
1490 2085 1778 2154 hominum,
1823 2093 1913 2144 sed
1950 2094 2090 2149 hunc

529 2159 791 2216 dederunt
840 2166 888 2217 in
935 2181 1121 2221 manus
1150 2167 1392 2238 fratrum,
1445 2177 1550 2228 imo
1575 2177 1796 2244 Christi,
1826 2184 2089 2247 quomodo

468 2274 479 2285 -
527 2258 678 2315 putas
712 2266 809 2304 nos
845 2269 962 2308 cum
992 2256 1264 2313 alacritate
1291 2272 1344 2315 et
1388 2264 1683 2321 humilitate
1726 2269 1977 2325 debemus
2021 2273 2087 2328 de

525 2336 856 2396 facultatibus
880 2348 1074 2399 nostris
1101 2347 1229 2403 dare
1252 2351 1462 2408 Christo
1486 2366 1538 2410 et
1563 2359 1745 2425 egenis
1770 2371 1930 2428 atque
1958 2377 2087 2430 pau-

525 2428 756 2495 peribus,
788 2444 842 2485 ut
868 2442 1407 2505 recompensationem
1439 2447 1756 2514 recipiamus
1793 2466 1821 2505 a
1857 2453 2084 2526 justo-et

523 2521 824 2575 mercedum
853 2524 1119 2581 redditore
1147 2530 1274 2594 Deo,
1298 2533 1348 2585 in
1372 2535 1455 2586 illa
1481 2536 1708 2592 timenda
1738 2550 1792 2594 et
1816 2543 2080 2598 horrenda

521 2609 899 2665 retributionis:
930 2616 1048 2669 die?
1089 2620 1188 2684 Qui
1245 2637 1385 2677 nunc
1427 2630 1652 2682 seminat
1698 2645 1877 2697 parce,
1926 2650 2081 2702 parce

515 2707 573 2750 et
610 2711 795 2766 metet;
824 2718 876 2758 et
903 2709 990 2773 qui
1019 2714 1244 2767 seminat
1274 2716 1323 2767 in
1377 2717 1846 2786 benedictionibus,
1890 2706 1939 2778 id
1975 2738 2077 2792 est,

520 2786 664 2855 large
689 2798 741 2843 et
762 2797 1180 2863 magnanimiter,
1206 2805 1565 2872 multipliciter
1588 2820 1640 2864 et
1662 2821 1824 2867 metet
1848 2814 1929 2883 (II
1958 2816 2074 2872 Cor.

518 2877 630 2941 1x);
664 2879 761 2933 hoc
788 2884 1054 2947 e3t,,bona
1084 2888 1167 2943 illa
1198 2892 1530 2951 haereditabit
1552 2914 1668 2968 quae
1694 2918 1903 2960 omnem
1930 2921 2079 2962 men-

519 2974 622 3019 tem
648 2975 1036 3028 transcendunt.

587 3056 713 3109 CAP.
744 3059 904 3116 XXII.
935 3093 1004 3104 —
1030 3068 1282 3145 Omnibus
1308 3088 1433 3142 ergo
1483 3078 1642 3133 rectis
1689 3085 1922 3141 moribus
1973 3087 2073 3143 iste
2101 3083 2146 3145 C

515 3156 730 3200 sanctus
753 3150 1059 3217 adornatus,
1090 3139 1186 3209 nec
1227 3159 1325 3214 hoc
1353 3166 1596 3231 carebat;
1630 3170 1957 3228 valde-enim
1988 3179 2075 3231 di-

518 3234 708 3300 ligebat
749 3240 921 3307 eld’qui
948 3244 1033 3325 ‘de
1057 3248 1258 3301 actibus
1298 3266 1595 3312 sanctorum
1640 3262 1872 3330 Patrum,
1905 3275 1960 3321 et
1985 3286 2073 3322 eo~

516 3341 629 3380 rum
678 3332 764 3396 qui
814 3334 1171 3407 eleemosynaa
1218 3346 1449 3401 cultores
1472 3353 1709 3407 luerunt.
1762 3357 1910 3414 Unde
1954 3376 2073 3418 cum

462 3405 466 3410 ’
513 3432 613 3470 una
639 3419 842 3474 dierum
876 3428 1122 3482 recitaret
1147 3431 1214 3485 de
1245 3435 1349 3486 vita
1394 3443 1561 3494 sancti
1610 3444 1932 3514 Serapionis,
1981 3454 2070 3520 qui

511 3511 794 3565 vocabatur
823 3513 1126 3582 Sindnnius,
1177 3532 1231 3574 et
1269 3524 1529 3583 inveniret
1571 3550 1691 3587 eum
1744 3511 1830 3606 tut
1882 3511 2070 3615 fertur)

439 3648 454 3663 ,
509 3602 755 3654 amictum
784 3620 934 3658 suum
973 3607 1185 3664 dedisse
1211 3626 1380 3681 egeno
1407 3617 1662 3690 (I’allad.,
1695 3602 1807 3697 cap.
1857 3629 1974 3699 85),
2018 3602 2073 3688 et

507 3690 696 3745 iterum
720 3695 988 3759 paululum
1014 3705 1338 3765 processisse
1374 3706 1537 3775 illinc,
1567 3724 1621 3767 et
1662 3690 1823 3786 frigus
1851 3726 2068 3789 patienti

506 3782 771 3843 ubviasse.
821 3795 875 3840 ct
921 3788 994 3842 illi
1039 3793 1268 3848 tunicam
1312 3802 1614 3870 praebuisse,
1649 3820 1699 3862 et
1730 3813 1849 3878 quia
1899 3818 2069 3878 nudus

504 3873 741 3938 sedebat,
776 3889 960 3933 tenens
987 3897 1226 3938 sanctum
1273 3889 1645 3963 Evangelium;
1677 3914 1723 3952 et
1769 3876 2066 3975 initert'.oga-

506 3972 590 4015 tus
620 3980 648 4016 a
679 3968 903 4033 quodam
936 3987 950 4024 :
992 3972 1120 4038 Quis
1169 3986 1220 4031 te
1261 3984 1595 4050 eXSpoliavit,
1623 3990 1791 4046 abba?
1845 3968 2068 4052 demon-

503 4062 681 4128 strans
706 4070 944 4114 sanctum
977 4063 1340 4136 Eyangelium,
1381 4077 1454 4126 ait
1484 4094 1496 4127 :
1538 4078 1678 4145 Iste;
1718 4092 1777 4137 et
1802 4086 1905 4140 alio
1933 4099 2067 4142 tem-

504 4159 631 4212 pore
653 4148 753 4201 hoc
803 4150 974 4218 ipsum
1008 4154 1348 4226 Evangelium
1380 4166 1704 4237 vendidisse,
1750 4184 1804 4227 et
1847 4177 2061 4234 dedisse

500 4231 920 4321 eleemosynam,
945 4250 999 4293 et
1026 4243 1285 4311 discipulo
1306 4240 1408 4302 sud
1424 4252 1634 4309 dicente
1658 4275 1671 4309 :
1698 4260 1865 4326 Abba,
1896 4266 2068 4321 Evan-

499 4321 691 4387 gelium
719 4325 806 4379 ubi
830 4327 947 4424 est?
977 4321 1029 4382 et
1077 4331 1165 4387 illo
1195 4334 1403 4399 dicente
1444 4341 1510 4394 ad
1546 4357 1666 4397 eum
1702 4365 1713 4397 :
1746 4321 1937 4419 Crede,
1968 4355 2062 4425 ﬁli,

499 4414 584 4480 qui
613 4412 745 4490 dixit
783 4409 910 4470 milii
946 4436 959 4471 :
990 4419 1196 4478 Vende.
1217 4441 1334 4493 qua:
1362 4428 1546 4495 habes,
1577 4444 1631 4487 et
1651 4435 1716 4488 da
1748 4409 2063 4510 pauperibus
2090 4442 2140 4504 D

499 4501 712 4572 (.llauh.
736 4510 876 4575 xm),
908 4509 1078 4576 ipsum
1109 4516 1323 4570 vendidi
1351 4528 1406 4572 et
1446 4520 1568 4575 dedi
1592 4527 1689 4591 eis,
1715 4501 1769 4581 ut
1795 4501 1957 4586 in-die
1979 4536 2065 4603 ju-

498 4593 621 4646 dicii
650 4594 937 4654 habeamus
961 4600 1209 4657 ﬁduciam
1235 4607 1670 4666 abundantiorem
1698 4619 1835 4685 apud
1860 4593 2059 4690 Deum;

499 4693 551 4737 et
576 4686 695 4752 quia
724 4690 854 4742 alias
886 4688 1074 4747 iterum
1104 4696 1259 4752 vidua
1288 4701 1477 4754 mulier
1516 4705 1731 4771 petisset
1768 4707 1835 4763 ab
1871 4686 2057 4767 eodem

497 4784 680 4826 sancto
720 4776 1010 4845 Serapione
1036 4785 1445 4860 etcemosynam,
1476 4797 1725 4860 quoniam
1755 4801 2060 4858 esuriebant

498 4862 588 4916 lilii
621 4864 754 4933 ejus,
784 4875 838 4921 et
862 4884 965 4922 non
996 4873 1224 4930 habente
1252 4893 1317 4932 eo
1340 4882 1534 4950 aliquid
1562 4889 1798 4954 omnino,
1843 4896 2056 4949 tradidit

496 4966 556 5007 se
580 4955 651 5022 ei,
696 4964 749 5009 ut
797 4959 1047 5014 venderet
1074 4978 1193 5017 eum
1221 4967 1288 5021 ad
1338 4974 1529 5028 mimos
1558 4978 1795 5048 Graecos,
1825 5000 1957 5053 quos
2002 4996 2057 5042 et

496 5046 828 5104 Christianos
856 5052 978 5106 iecit
1003 5054 1054 5107 in
1091 5058 1266 5123 paucis
1297 5063 1503 5121 diebus.

466 5136 474 5147 '
564 5139 687 5194 llaec
716 5143 894 5211 legens
933 5158 1147 5202 sanctus
1173 5153 1239 5205 de
1265 5167 1449 5208 sancte
1479 5161 1788 5230 Serapione,
1821 5174 2052 5237 stupefa-

493 5239 611 5283 ctus
641 5241 693 5285 et
720 5235 938 5290 miratus
961 5243 1125 5293 sancti
1156 5244 1487 5313 industriam,
1516 5261 1654 5306 totus
1685 5235 1928 5326 lacrymis
1970 5263 2051 5314 in-

494 5318 659 5373 lectus
680 5325 884 5379 vocavit
908 5342 1093 5382 omnes
1118 5331 1509 5400 dispensatores
1539 5344 1799 5412 pmprios,
1843 5350 1965 5415 legit
1999 5360 2054 5405 et

497 5409 575 5462 eis
599 5401 779 5467 omnia.
804 5415 869 5469 de
913 5430 1097 5472 sancto
1150 5424 1462 5492 Serapione,
1516 5439 1570 5483 et
1616 5434 1742 5488 dicit
1789 5437 1853 5489 ad
1910 5455 2047 5493 eos:

498 5495 675 5564 Vavuc,
706 5520 738 5553 o
790 5505 1139 5574 philochrisn,
1195 5515 1316 5578 quid
1376 5521 1586 5583 prodest
1642 5523 1839 5579 homini
1870 5530 2051 5598 'collu-

495 5596 670 5657 quenti
693 5596 760 5651 de
786 5601 989 5655 actibus
1018 5615 1315 5661 sanctorum
1357 5612 1610 5669 Patrum?
1646 5596 2044 5689 Creditemihi,

2192 1848 2398 1891 mantes
2420 1841 2558 1907 quod
2590 1845 2779 1898 mulier
2801 1846 2916 1914 ejus
2947 1861 3108 1915 esset,
3133 1855 3422 1909 attulerunt
3447 1859 3771 1926 patrial-clue

2188 1937 2371 1980 contra
2403 1944 2523 1982 eum
2556 1936 2823 2001 querelas,
2855 1937 3131 1993 dicentes:
3164 1941 3386 2011 Pr0pter
3414 1949 3561 2016 quid,
3594 1965 3623 2002 a
3654 1950 3774 2006 Deo

2190 2014 2468 2083 honorate,
2521 2020 2742 2090 derogat
2792 2026 2910 2079 talis
2964 2030 3215 2096 angelica)
3265 2036 3589 2089 monachicae
3640 2039 3772 2094 vitae

2190 2104 2467 2173 schemati,
2504 2111 2729 2175 puellam
2760 2115 3037 2181 quamdam
3068 2119 3270 2174 habens
3298 2126 3612 2180 mulierem?
3639 2128 3767 2183 Mox

2183 2208 2313 2264 ergo
2344 2196 2432 2250 Dei
2481 2201 2729 2265 lamnlus,
2783 2214 2974 2268 putans
3022 2211 3308 2275 prohibere
3356 2227 3541 2270 contra
3596 2218 3767 2274 Deum

2183 2285 2465 2338 commissa
2496 2298 2729 2355 peccata,
2760 2302 3005 2360 tanquam
3032 2299 3119 2362 qui
3149 2301 3214 2352 ad
3248 2301 3349 2356 hoc
3395 2305 3462 2358 ab
3502 2321 3568 2361 eo
3610 2322 3765 2366 esset

2184 2383 2491 2441 provectus,
2527 2383 2783 2449 pracepit
2810 2387 3087 2441 mulierem
3117 2391 3327 2459 quidem
3353 2395 3572 2465 ﬂagellis
3600 2401 3764 2463 caedi,

2182 2474 2237 2515 et
2263 2465 2497 2529 separari
2527 2467 2593 2521 ab
2619 2482 2716 2536 eo;
2749 2472 2920 2540 ipsum
2945 2488 3117 2534 autem
3140 2482 3433 2550 verberari,
3461 2498 3517 2541 et
3546 2489 3598 2542 in
3626 2506 3751 2545 car-
3829 2500 3836 2506 “

2179 2564 2305 2607 cere
2334 2563 2544 2609 secreto
2573 2560 2796 2616 recludi.
2831 2564 2964 2619 Dum
2997 2583 3122 2636 ergo
3150 2586 3271 2626 cum
3301 2578 3443 2629 omni
3473 2580 3760 2638 celeritate

2176 2646 2348 2717 jussio
2394 2653 2562 2707 sancti
2592 2653 2645 2707 in
2676 2669 2809 2724 Opus
2857 2662 3187 2729 procederet,
3234 2672 3477 2735 apparuit
3519 2673 3567 2726 ei
3600 2687 3763 2731 nocte

2182 2753 2276 2806 per
2299 2742 2466 2797 visum
2489 2746 2802 2813 monachus,
2832 2754 3115 2808 ostendens
3137 2758 3184 2810 ei
3216 2758 3430 2814 dorsum
3461 2777 3617 2817 suum
3644 2781 3752 2833 pu-

2134 2858 2140 2865 -
2183 2831 2463 2886 trefactum
2492 2834 2621 2902 (non
2662 2850 2940 2903 parcentes
2980 2845 3120 2898 enim
3152 2850 3451 2903 ceciderant
3490 2870 3610 2906 eum
3648 2856 3758 2911 Ec-

2179 2919 2359 2974 clesia:
2383 2923 2716 2996 defensores)
2741 2927 2927 2985 dicens
2956 2932 3004 2986 ei
3039 2951 3051 2986 :
3083 2934 3158 2988 Ita
3196 2939 3364 3004 placet
3386 2942 3501 3006 tibi,
3530 2944 3758 3000 domine

2181 3011 2510 3079 patriarcha;
2548 3017 2647 3069 hac
2704 3033 2804 3072 una
2863 3021 2978 3076 vice
3037 3025 3226 3080 errasti
3258 3039 3311 3081 ut
3354 3029 3546 3097 homo;
3593 3036 3756 3091 crede

2177 3099 2327 3165 mihi,
2358 3105 2573 3169 quiade
2612 3109 2858 3174 proximo
2884 3122 2966 3166 est
3009 3115 3112 3167 vita
3141 3126 3194 3168 et
3223 3133 3385 3177 mors.
3434 3123 3500 3175 Et
3530 3126 3643 3177 haec
3671 3127 3753 3179 di-

2174 3198 2322 3255 cens,
2353 3190 2603 3246 discessit
2627 3195 2695 3249 ab
2720 3212 2806 3251 eo.
2845 3200 2997 3255 Mane
3024 3216 3199 3258 autem
3238 3205 3398 3273 facto,
3436 3214 3749 3269 recordatus

2173 3289 2255 3333 est
2284 3281 2375 3335 ille
2409 3284 2596 3339 beatus
2651 3288 2873 3344 visionis
2902 3303 3194 3361 nocturnae,
3245 3308 3299 3352 et
3327 3301 3545 3356 sedebat
3589 3321 3750 3374 super

2173 3368 2365 3423 lectum
2394 3387 2548 3426 suum
2579 3389 2833 3444 mmstus;
2863 3382 3132 3451 mittitque
3162 3390 3363 3451 statim,
3396 3401 3449 3444 et
3488 3405 3747 3450 convocat

2172 3472 2266 3526 per
2289 3464 2665 3519 cancellarium
2697 3483 2852 3522 suum
2882 3478 3199 3528 monachum
3250 3477 3317 3531 de
3374 3482 3488 3534 loco
3531 3482 3583 3535 in
3639 3500 3745 3552 quo

2171 3561 2286 3606 erat
2309 3556 2568 3621 reclusus,
2594 3560 2834 3628 cogitans
2864 3562 3000 3616 intra
3031 3581 3089 3619 se
3119 3567 3305 3621 beatus
3329 3571 3415 3626 ille
3446 3574 3740 3636 patriarcha

2168 3642 2213 3695 si
2243 3643 2430 3697 similis
2460 3659 2606 3701 esset
2639 3650 2715 3702 illi
2763 3653 2852 3719 qui
2885 3665 3038 3709 nocte
3081 3658 3180 3710 sibi
3227 3674 3563 3727 apparuerat.
3606 3664 3737 3719 Cum

2170 3746 2301 3798 ergo
2350 3735 2585 3790 venisset
2631 3753 2750 3791 cum
2803 3741 2981 3796 labore
3027 3745 3193 3800 multo
3230 3752 3587 3817 (nequeenim
3621 3769 3738 3820 pro-

2168 3834 2286 3890 pter
2318 3825 2494 3894 plagas
2519 3833 2719 3884 moveri
2750 3837 3000 3903 poterat),
3030 3825 3254 3906 cumque
3284 3844 3483 3895 Vultum
3507 3844 3622 3911 ejus
3655 3848 3732 3897 vi-

2166 3913 2333 3969 disset
2359 3919 2676 3985 patriarcha,
2710 3927 2963 3977 remansit
2992 3927 3110 3981 sine
3142 3945 3270 3983 voce
3316 3933 3589 3997 immotus,
3626 3950 3729 3986 non

2168 4003 2353 4057 valens
2377 4006 2519 4074 loqui
2551 4026 2562 4060 :
2593 4012 2702 4063 sola
2729 4020 2905 4066 autem
2930 4031 3084 4069 manu
3115 4031 3206 4071 sua
3241 4021 3406 4073 innuit
3440 4034 3494 4074 ut
3525 4027 3734 4079 sederet

2173 4107 2337 4161 prope
2363 4110 2420 4149 se
2446 4097 2498 4150 in
2526 4101 2718 4155 lectulo
2745 4118 2861 4156 suo.
2894 4105 2951 4160 In
2997 4108 3337 4175 semetipsum
3381 4127 3510 4165 vero
3554 4129 3733 4168 rever-

2168 4194 2260 4235 sus
2289 4194 2338 4236 et
2367 4186 2621 4254 signatus,
2656 4194 2857 4259 rogavit
2889 4201 3227 4262 monachum,
3264 4204 3606 4267 praecinctum
3632 4207 3730 4258 tin-

2169 4283 2279 4341 teo,
2310 4288 2366 4331 ut
2392 4282 2507 4334 sine
2532 4263 2849 4339 verecundia
2879 4288 3198 4356 despoliaret
3235 4308 3316 4357 se,
3347 4304 3610 4361 quatenus
3652 4298 3729 4350 vi-

2176 4364 2328 4419 deret
2356 4368 2574 4423 dorsum
2614 4373 2750 4440 ejus,
2797 4378 2840 4429 si
2890 4376 2963 4431 ita
3009 4389 3150 4434 esset
3192 4382 3326 4436 sicut
3371 4386 3500 4438 etin
3530 4390 3728 4441 somnis

2169 4456 2390 4511 viderat.
2426 4460 2521 4514 Vix
2550 4479 2678 4532 ergo
2700 4481 2885 4521 suasus
2910 4479 2965 4523 ut
2995 4471 3045 4524 id
3074 4484 3272 4539 ageret,
3303 4475 3615 4541 despoliavit
3642 4495 3723 4533 se.

2166 4544 2299 4598 Cum
2333 4563 2459 4602 vero
2480 4552 2866 4618 deSpoliaretur
2895 4567 2961 4633 ut.
2980 4569 3296 4616 monstraret
3324 4563 3542 4618 dorsum
3570 4583 3722 4621 suum

2164 4637 2280 4688 viro
2309 4649 2536 4708 sancto,
2613 4655 2712 4710 per
2811 4644 3191 4704 admirandum
3270 4653 3364 4709 Dei
3441 4658 3721 4710 consilium

2162 4725 2364 4779 solutus
2390 4739 2471 4781 est
2497 4745 2601 4796 quo
2647 4741 2762 4783 erat
2790 4734 2999 4787 indutus
3052 4743 3298 4806 amictus,
3352 4751 3404 4795 et
3452 4747 3645 4800 cecidit
3671 4749 3721 4800 in

2163 4820 2380 4879 terram,
2413 4825 2467 4870 et
2521 4819 2768 4872 viderunt
2822 4818 2942 4874 eum
2991 4839 3176 4879 omnes
3228 4844 3344 4880 ess».
3399 4835 3721 4892 eunuchum.

2161 4902 2264 4957 Sed
2301 4907 2421 4972 quia
2450 4921 2637 4962 recens
2675 4921 2809 4974 erat,
2868 4914 2995 4965 nulli
3049 4916 3147 4969 hoc
3190 4919 3455 4974 existebat
3503 4925 3722 4979 niainfc-

2157 5007 2317 5050 stum.
2350 5000 2656 5054 Videntibus
2684 5019 2808 5072 ergo
2837 5022 2954 5057 t‘tllll
2985 5010 3232 5062 omnibus
3274 5024 3327 5066 et
3366 5028 3551 5067 sancto
3588 5033 3723 5084 pon-

2157 5089 2318 5155 tilice,
2375 5102 2429 5146 et
2484 5097 2714 5149 maxime
2761 5097 2903 5151 dorsi
2968 5100 3082 5167 ejus
3120 5104 3421 5168 perniciosa
3472 5111 3717 5171 verbera,

2155 5178 2369 5231 mittens
2391 5195 2534 5241 mox,
2569 5187 2861 5250 segregavit
2892 5186 3007 5237 illos
3037 5189 3123 5253 qui
3152 5191 3291 5243 hunc
3322 5192 3715 5250 inconsiderate

2159 5276 2546 5324 tractaverunt.
2581 5273 3042 5329 Venerabilissimo
3068 5289 3248 5333 autem
3282 5288 3545 5336 monacho
3569 5301 3714 5339 corn-

2157 5358 2310 5423 plura
2361 5362 2744 5422 rationabatur,
2798 5365 2847 5416 in
2894 5367 3185 5431 ignorantia
3215 5370 3395 5424 dicens
3422 5389 3480 5425 se
3512 5390 3560 5425 in
3592 5390 3711 5428 eum

2156 5460 2426 5512 peccasse,
2453 5459 2503 5501 et
2536 5450 2585 5501 in
2618 5450 2780 5503 Deum
2809 5468 3010 5507 verum.
3049 5457 3111 5509 Et
3156 5458 3205 5510 in
3249 5461 3347 5512 hoc
3392 5462 3714 5516 admonebat

2152 5550 2273 5588 eum
2302 5537 2392 5589 ille
2417 5552 2631 5591 sanctus
2664 5558 2675 5591 :
2710 5544 2847 5609 Non,
2879 5546 3063 5612 inquit,
3110 5563 3143 5599 o
3175 5548 3266 5612 liii,
3295 5552 3362 5602 ita
3392 5552 3505 5605 sine
3533 5563 3713 5605 custo-

2151 5626 2233 5678 dia
2264 5627 2316 5679 in
2352 5628 2650 5683 civitatibus
2699 5637 3001 5687 conversari
3035 5648 3243 5705 oportet
3290 5654 3382 5693 eos
3405 5640 3490 5707 qui
3522 5649 3712 5695 sancto
