4024 6232
304 264 443 318 16'27
502 310 515 325 ,

1250 271 1406 324 VITA
1448 270 1688 325 SLVCTI
1732 271 2010 325 JOANNlS
2050 270 2624 334 ELEEMOSYNARII.

3418 290 3552 348 1638

312 384 557 453 angelico
580 392 757 436 vestro
801 381 1109 436 indumento
1155 383 1534 439 circumamicti
1580 393 1723 448 sunt,
1776 401 1888 438 ma-
1916 390 1961 446 Α
1990 390 2126 456 quod
2152 401 2392 447 mortuus
2416 408 2588 459 esses,
2623 404 2671 447 et
2698 397 3005 450 memoriam
3035 398 3106 450 tui
3130 397 3451 455 faciebamus
3476 408 3558 455 ter

315 479 460 530 xime
497 483 551 527 et
581 474 826 527 feminam
861 474 1255 527 circumducere
1303 474 1367 527 ad
1417 476 1722 528 scandalum
1754 474 1886 529 alio-

316 582 436 621 rum
460 565 773 620 videntium.
804 566 952 619 Tunc
1001 565 1294 620 monachus
1339 582 1455 618 cttm
1486 568 1628 619 omni
1678 568 1889 620 humili-

318 666 428 711 tate
448 658 706 708 rationem
739 655 989 708 reddebat
1019 666 1223 717 sancto,
1257 656 1439 710 dicens
1469 674 1480 707 :
1532 656 1727 716 Crede.
1780 657 1885 708 do-

319 748 486 809 mine,
516 761 623 799 non
676 746 920 797 mentiar.
951 744 1107 798 Gaza:
1154 760 1298 799 eram
1352 756 1477 799 ante
1507 760 1704 813 paucos
1733 746 1883 813 dies;

320 847 374 890 et
402 847 631 890 exeunte
660 851 744 889 me
776 836 840 888 de
866 837 1102 899 civitate,
1151 846 1211 889 ut
1237 838 1472 891 venirem
1518 846 1571 889 et
1601 838 1886 891 salutarem

322 935 566 982 sanetum
607 926 848 979 abbatem
900 927 1098 992 Cyrum
1151 925 1293 997 (63),
1322 925 1555 983 obviavit
1604 928 1729 979 milti
1778 928 1892 981 haec

324 1019 460 1071 bene
490 1017 599 1069 visa
631 1017 801 1084 puella
830 1015 958 1069 foris
987 1026 1214 1082 portam,
1242 1031 1466 1084 vespero
1507 1017 1849 1071 incumbente
1874 1035 1889 1083 ;

321 1120 372 1160 et
403 1121 689 1160 accurreos
718 1107 783 1159 ad
822 1107 980 1172 pedes
1008 1121 1175 1169 meos,
1208 1108 1427 1175 rogabat
1460 1116 1515 1160 ut
1546 1122 1751 1160 mecum
1780 1123 1894 1161 am-

326 1200 552 1250 bularet.
583 1197 798 1249 Dicebat
826 1180 968 1250 enim
1011 1212 1071 1251 se
1126 1196 1402 1250 llebrmam
1459 1210 1598 1261 esse,
1653 1207 1707 1251 et
1756 1199 1895 1251 velle

308 1287 442 1341 tieri
489 1287 878 1349 Christianam;
918 1296 972 1339 et
1015 1286 1175 1355 cmpit
1228 1286 1413 1339 eadem
1464 1301 1683 1341 narrare
1723 1288 1896 1342 verbis

329 1379 689 1440 horribihbus,
721 1388 907 1432 utnon
959 1380 1322 1446 permitterem
1379 1379 1552 1445 perire
1605 1395 1743 1433 eam.
1808 1377 1897 1433 Ti-

326 1484 480 1523 mens
530 1470 707 1535 itaque
749 1483 846 1537 ego
888 1467 1150 1535 judicium
1204 1469 1317 1532 Dei,
1349 1469 1549 1537 sumpsi
1579 1483 1717 1533 eam,
1750 1472 1898 1522 aisn-

330 1575 483 1615 mans
548 1560 688 1628 quod
737 1576 841 1612 non
892 1560 1203 1613 immitteret
1260 1561 1604 1614 tentationem
1675 1562 1901 1615 Satanas

328 1651 669 1720 spadonibus.
724 1651 1029 1704 Nesciebam
1088 1666 1215 1705 vero
1262 1654 1402 1720 quod
1449 1652 1646 1706 nemini
1698 1662 1897 1720 parcat.

1992 480 2043 531 in
2076 495 2235 534 anno.
2264 481 2394 535 Cum
2437 499 2563 552 ergo
2592 485 2829 538 audisset
2868 489 3004 554 quod
3037 486 3087 539 in
3134 502 3274 541 anno
3306 498 3387 564 ter
3415 488 3557 544 face-

1994 578 2109 622 rent
2142 585 2234 637 pro
2259 588 2326 634 eo_
2348 573 2686 640 memoriam,
2713 575 3005 645 interrogat
3026 591 3122 631 eos
3149 578 3198 630 itt
3228 588 3333 645 quo
3368 579 3476 645 die,
3505 589 3562 635 et

1992 657 2045 711 in
2074 674 2177 725 quo
2204 676 2385 715 mense
2425 662 2538 715 haec
2566 664 2916 719 celebrarent.
2969 666 3035 719 Et
3088 667 3194 720 illis
3236 668 3551 734 dicentibus,

1994 749 2196 802 sanctis
2216 748 2593 818 'l‘heophaniis,
2621 762 2674 805 et
2696 751 2964 807 Dominica
2992 766 3172 808 sancta
3194 766 3348 826 atque
3375 770 3557 811 saneta

1997 838 2309 893 Pentecoste
2323 840 2461 910 (67),
2479 842 2613 896 dixit
2635 843 2720 897 ille
2740 862 2752 895 :
2769 844 2897 910 Quia
2919 845 3083 899 tribus
3105 847 3219 902 istis
3236 838 3562 915 temporibus

1994 932 2118 983 anni
2138 932 2382 985 veniebat
2411 934 2622 1001 quidam
2654 936 2965 990 candidatus
3012 948 3068 991 ut
3093 939 3191 1004 sol,
3224 948 3279 994 et
3300 941 3555 995 tlissolve-
3606 958 3609 963 ·

1995 1020 2085 1073 bat
2116 1037 2202 1074 tne
2254 1037 2284 1075 a
2313 1022 2538 1076 vinculis
2569 1021 2756 1078 ferreis
2783 1036 2836 1078 et
2858 1042 2885 1076 a
2930 1028 3200 1090 custodia;
3230 1039 3283 1083 et
3313 1031 3593 1103 tttovebar‘

1994 1111 2381 1166 deambulando
2415 1124 2521 1167 tota
2559 1115 2667 1179 die,
2711 1125 2765 1169 et
2806 1131 2965 1170 nemo
2995 1121 3409 1189 recognoscebat
3441 1134 3554 1184 me,

1996 1214 2047 1254 et
2080 1203 2130 1253 iit
2160 1203 2452 1256 crastinum
2501 1205 2812 1259 invettiebar
2856 1208 3063 1262 vincula
3109 1209 3277 1263 ferrea
3323 1222 3560 1277 portans.

2001 1293 2217 1346 Dicebat
2240 1293 2397 1361 igitur
2414 1304 2627 1363 sancots
2651 1301 2935 1366 episcopus
2957 1299 3079 1366 quia
3108 1314 3172 1353 ex
3199 1299 3299 1354 hoc
3317 1302 3565 1355 discimus

2001 1382 2197 1437 habere
2225 1383 2552 1440 dormientes
2597 1388 2855 1453 quietem,
2910 1389 3124 1458 quando
3153 1405 3249 1459 pro
3286 1393 3363 1445 eis
3407 1392 3567 1445 colle-

2000 1480 2114 1525 t‘tas
2138 1474 2374 1528 facimus.
2966 1482 2972 1495 ‘

2071 1560 2199 1614 CAP.
2228 1561 2392 1615 XXV.
2423 1592 2493 1603 —
2520 1563 2670 1630 Quod
2697 1564 2749 1618 in
2781 1564 3002 1620 Actibus
3019 1550 3398 1649 apostolorum
3420 1571 3573 1625 audi-

2001 1651 2171 1704 vimus
2196 1650 2388 1707 factum
2418 1654 2553 1723 (Act.
2589 1654 2684 1722 tv),
2723 1655 2824 1708 hoc
2847 1656 3154 1724 frequenter
3183 1668 3235 1713 et
3265 1660 3387 1715 buic
3417 1676 3569 1716 com-

331 1743 489 1810 Igitur
518 1742 846 1794 venientibus
877 1741 1050 1804 nobis,
1092 1743 1423 1796 sanctissime
1464 1744 1639 1807 Pater,
1669 1756 1722 1797 et
1767 1759 1892 1797 ora-
1931 1751 1972 1808 B
2002 1741 2387 1807 patientissimo
2415 1742 2705 1797 accidebat.
2734 1744 2986 1800 Videntes
3010 1749 3150 1802 enim
3190 1750 3339 1803 multi
3372 1751 3595 1806 indesi-.

331 1836 530 1890 tionem
561 1834 977 1902 perficientibus,
1015 1836 1272 1902 baptizavi
1302 1851 1418 1889 eam
1444 1837 1510 1888 ad
1538 1845 1777 1889 sanctunt
1807 1836 1900 1889 ab-

331 1930 450 1979 bam
476 1926 692 1995 Cyrum,
724 1937 776 1979 et
806 1928 1054 1997 pyrabam
1096 1941 1215 1980 eum
1255 1942 1316 1981 ea
1358 1926 1412 1981 in
1456 1928 1683 1996 simplici
1713 1929 1896 1991 corde,

329 2032 622 2086 exposcens
664 2020 927 2073 modicum
969 2030 1257 2088 sumptum,
1291 2031 1553 2089 quatenus
1595 2022 1899 2076 introduce-

331 2126 444 2166 rem
490 2125 608 2165 eam
648 2111 701 2163 iu
740 2110 1136 2165 monasterium.
1179 2112 1311 2165 Cum
1358 2114 1472 2166 hate
1520 2113 1756 2165 audisset
1807 2126 1901 2179 pa-

328 2200 577 2261 triarcha,
611 2200 780 2253 dixit:
811 2200 995 2267 Papae!
1038 2208 1173 2269 quot
1200 2202 1494 2255 absconsos
1535 2216 1719 2254 servos
1743 2202 1901 2254 habet

331 2289 491 2352 Deus,
511 2298 565 2343 et
588 2290 851 2343 nescimus
878 2305 975 2343 nos
1001 2290 1268 2346 humiles?
1297 2289 1364 2343 Et
1391 2291 1669 2345 enarrabat
1702 2292 1784 2345 his
1811 2293 1898 2360 qui

330 2388 524 2448 praesto
549 2390 700 2433 erant
721 2380 978 2434 visionem
1006 2395 1163 2449 quam
1192 2382 1398 2441 Viderat
1432 2390 1586 2437 nocte
1616 2381 1684 2435 de
1714 2379 1799 2436 eo.
1837 2383 1904 2435 Et

329 2467 548 2536 protulit
577 2468 875 2535 patriarcha
916 2478 1128 2523 centum
1156 2471 1469 2524 numismata
1496 2473 1562 2525 de
1592 2488 1773 2537 manu,
1805 2475 1901 2525 da-

327 2566 477 2613 turus
503 2558 553 2612 ei
586 2574 601 2611 :
638 2557 728 2611 Dei
760 2568 933 2611 autem
960 2560 1164 2613 amicus
1193 2560 1280 2614 ille
1308 2575 1431 2615 vere
1451 2563 1763 2628 monachus,
1796 2577 1899 2616 non

330 2663 521 2716 passus
561 2649 761 2715 aliquid
814 2649 1056 2717 accipere
1106 2664 1173 2705 ex
1222 2651 1318 2716 eis,
1375 2651 1592 2719 dignum
1648 2652 1901 2707 memoria

330 2739 548 2793 verbum
597 2739 663 2792 ad
720 2740 1073 2808 patriarcham
1128 2740 1332 2797 locutus
1377 2751 1479 2804 est,
1510 2741 1732 2796 dicens:
1793 2743 1904 2813 Ego

328 2829 431 2883 hoc
458 2844 563 2883 non
614 2831 838 2898 postulo,
873 2831 1119 2898 domine;
1152 2830 1441 2886 monachus
1479 2832 1622 2887 enim
1653 2835 1698 2887 si
1740 2832 1899 2890 iidem

334 2921 510 2981 habet,
544 2920 732 2975 borum
763 2937 868 2977 non
898 2922 1123 2991 indiget.
1155 2921 1212 2977 Si
1237 2930 1413 2977 autem
1456 2920 1643 2977 borum
1671 2932 1812 2992 eget,
1846 2924 1904 2977 ii-

330 3011 451 3063 dem
499 3026 602 3064 non
657 3011 832 3066 habet.
888 3013 1037 3078 Quod
1086 3013 1315 3067 maxime
1362 3013 1591 3079 amplius
1645 3013 1902 3068 satisfecit

2004 1838 2215 1884 nentem
2244 1832 2360 1900 ejus
2390 1842 2444 1887 et
2471 1833 2867 1888 inscrutabilem
2912 1838 3053 1891 circa
3098 1848 3284 1906 gentes
3328 1855 3571 1907 compas-

2001 1921 2227 1987 sionem,
2260 1923 2610 1978 movebantur
2649 1926 2919 1982 multoties
2962 1928 3030 1983 ad
3076 1930 3350 1985 vendenda
3404 1935 3569 1988 inulta

2001 2015 2069 2070 de
2095 2014 2403 2069 substantiis
2426 2014 2572 2082 suis;
2602 2026 2655 2070 et
2697 2016 2950 2083 ferentes,
2982 2020 3290 2088 praebebant
3332 2023 3425 2078 Dei
3473 2025 3567 2080 de“-

2001 2115 2125 2159 voto
2151 2106 2415 2160 ministro.
2452 2106 2605 2161 Unde
2632 2115 2687 2162 et
2715 2109 2929 2176 quidam
2955 2111 3173 2165 veniens
3212 2127 3317 2166 una
3345 2112 3572 2176 dierum.

2000 2194 2258 2250 oil'erebat
2282 2198 2330 2249 ei
2357 2197 2763 2265 septent'libras
2787 2199 2902 2253 auri
2930 2209 2985 2253 et
3023 2200 3314 2266 dimidiam,
3360 2204 3571 2259 satisfa-

2001 2285 2148 2338 ciens
2169 2296 2374 2353 saocto,
2420 2286 2558 2355 quod
2609 2302 2715 2341 non
2745 2289 3039 2356 possideret
3073 2291 3216 2345 aliud
3265 2292 3464 2362 aliquid
3520 2294 3574 2347 itt

2001 2389 2154 2431 auro.
2184 2374 2404 2430 Petebat
2432 2387 2608 2431 autem
2630 2378 2695 2431 ab
2726 2393 2791 2432 eo
2820 2393 2941 2433 cum
2982 2381 3161 2435 multis
3186 2382 3572 2450 genuﬂexioni-

2003 2466 2103 2520 bus
2149 2475 2208 2521 ut
2235 2476 2414 2521 oraret
2443 2479 2705 2537 quatenus
2758 2469 3013 2524 Dominus
3061 2470 3196 2525 Deus
3246 2470 3413 2526 ﬁlium
3458 2477 3577 2538 ejus

2002 2558 2251 2612 salvaret.
2275 2557 2665 2613 llabehateuim
2691 2575 2849 2613 unum
2877 2560 3213 2613 solummodo
3241 2561 3404 2614 [illum
3424 2564 3575 2631 quasi

2003 2663 2258 2702 annorum
2291 2649 2615 2716 quindecim,
2650 2663 2705 2702 ut
2733 2649 3016 2705 reduceret
3065 2650 3241 2703 navim
3290 2651 3403 2719 ejus
3451 2667 3572 2706 cunt
3643 2661 3659 2700 Δ

2004 2744 2143 2797 bono
2168 2744 2234 2796 ab
2262 2744 2461 2808 Africa,
2502 2745 2627 2799 illuc
2656 2745 2799 2800 enim
2829 2746 3055 2801 abierat.
3099 2746 3381 2814 Accipiens
3416 2745 3575 2814 igitur

2002 2848 2240 2888 summus
2269 2835 2524 2889 Sacerdos
2570 2836 2919 2904 quantitatem
2960 2836 3073 2890 auri
3121 2838 3189 2890 de
3236 2851 3395 2889 manu
3439 2836 3577 2902 ejus,

2006 2921 2235 2978 miratus
2300 2932 2384 2980 est
2452 2939 2579 3001 eum
2601 2960 2617 2988 ,
2683 2935 2786 2979 tam
2818 2941 2937 2981 esse
2968 2928 3359 2999 magnanimum
3390 2928 3457 2981 ad
3488 2927 3572 2981 of-

2002 3009 2277 3085 ferendam
2311 3022 2474 3069 totnm
2512 3017 2858 3087 quantitatem
2900 3020 3016 3073 auri
3066 3034 3222 3088 quam
3252 3020 3575 3089 possidebat.

331 3106 574 3158 omnibus
614 3107 703 3176 qui
731 3107 1011 3160 audierant
1050 3106 1189 3173 quod
1237 3120 1423 3160 servus
1466 3106 1558 3161 Dei
1587 3107 1687 3161 iste
1717 3121 1876 3159 mona
1926 3102 1973 3177 (ζ
2004 3101 2189 3155 Oravit
2212 3103 2424 3171 quidem
2447 3104 2496 3158 ei
2523 3104 2637 3177 (68)
2668 3114 2720 3160 et
2752 3106 2805 3160 in
2836 3106 2970 3162 facie
2999 3107 3248 3174 multum,
3276 3116 3332 3162 et
3357 3109 3434 3162 sic
3454 3123 3577 3163 eum

332 3202 466 3250 chus
510 3174 676 3251 esset.
715 3195 1017 3268 Genuilexit
1049 3196 1570 3265 igiturpatriarchze,
1600 3204 1657 3249 et
1683 3196 1821 3250 exiit
1847 3196 1900 3248 in
1938 3174 2230 3245 Ldimisit.
2260 3191 2461 3247 Tamen
2498 3174 2713 3262 propter
2740 3195 2868 3264 ,ejus
2913 3195 3133 3250 multam
3179 3195 3364 3264 iidem,
3407 3198 3582 3265 posuit

335 3302 483 3356 pare.
517 3289 726 3344 Extunc
754 3292 910 3358 igitur
942 3292 1059 3360 plus
1105 3291 1401 3345 honorabat
1427 3297 1483 3346 et
1510 3288 1744 3357 hospitio
1772 3288 1907 3342 reci-

335 3380 511 3447 piebat
537 3383 848 3446 monachos,
892 3392 947 3436 et
976 3384 1145 3437 bonos
1172 3385 1464 3437 aestimatos
1492 3389 1547 3434 et
1591 3381 1760 3434 malos
1792 3397 1805 3432 :
1855 3387 1910 3434 et

2010 3280 2201 3334 subtus
2243 3292 2481 3336 sanctam
2518 3298 2760 3338 mensam
2801 3284 3076 3354 ligaturam
3112 3288 3423 3356 quantitatis
3465 3287 3582 3340 auri
3610 3311 3625 3325 -

2013 3371 2313 3438 patriarcha
2348 3371 2402 3427 in
2430 3376 2668 3428 oratorio
2695 3374 2921 3430 cubiculi
2954 3376 3058 3443 sui,
3091 3360 3147 3431 et
3185 3378 3426 3446 synaxitn
3459 3375 3584 3433 fecit

335 3466 626 3523 aedificabat
661 3485 781 3523 mox
815 3471 1202 3525 xenodochiutu
1234 3484 1496 3533 seorsum,
1537 3478 1591 3522 et
1618 3467 1908 3537 appellavit
1948 3460 2194 3518 Lstatim
2223 3464 2513 3532 perfectam
2535 3482 2698 3536 super
2719 3483 2836 3523 eam
2863 3483 2961 3537 pro
2985 3464 3083 3524 illo'
3098 3470 3189 3539 qui
3220 3470 3355 3523 hanc
3379 3469 3584 3524 obtule-

338 3561 440 3616 boc
469 3560 881 3629 Receptaculum
926 3566 1165 3617 omnium
1190 3563 1589 3616 monachorum.

409 3650 541 3707 Car.
590 3651 780 3705 XXIV.
810 3680 879 3691 —
928 3651 1249 3706 Mortalitate
1297 3649 1582 3718 aliquando
1637 3649 1906 3704 civitatem

343 3740 854 3811 comprehendente,
889 3740 995 3794 ibat
1048 3750 1101 3793 et
1147 3741 1262 3809 ipse
1313 3751 1548 3804 sanctus,
1601 3748 1660 3793 ut
1702 3738 1910 3794 videret

341 3833 586 3886 funerum
608 3831 879 3898 obsequia.
913 3829 1080 3885 Valde
1108 3831 1250 3885 enim
1278 3831 1486 3885 dicebat
1508 3830 1610 3884 hoc
1636 3844 1757 3883 esse
1785 3845 1908 3898 pro-

338 3922 554 3986 iicuum,
588 3933 638 3977 et
681 3923 1043 3990 sepulcrorum
1092 3923 1592 3978 considerationem.
1643 3922 1906 3977 Multoties

340 4028 469 4065 vero
496 4013 762 4067 assidebat
803 4022 858 4066 et
897 4013 979 4066 his
1005 4012 1117 4082 qui,
1170 4013 1428 4076 morituri,
1461 4012 1801 4067 vexationem
1852 4013 1906 4067 in

339 4104 483 4157 exitu
514 4104 705 4156 animae
734 4103 1095 4172 patiebantur;
1132 4113 1184 4157 et
1214 4103 1326 4173 ipse
1354 4118 1537 4157 eorum
1567 4103 1751 4156 oculos
1786 4118 1908 4172 pro-

340 4193 470 4261 priis
500 4194 742 4245 manibus
787 4193 1081 4255 claudebat,
1116 4194 1424 4248 memoriam
1471 4194 1669 4248 habere
1711 4210 1773 4247 ex
1808 4193 1907 4246 hoc

340 4284 715 4353 sempiternam
744 4284 944 4348 volens,
978 4294 1028 4336 et
1051 4300 1229 4337 curam
1259 4284 1455 4351 proprii
1482 4285 1676 4337 exitus.
1714 4284 1908 4337 l’rteci-

342 4373 521 4439 piebat
544 4385 719 4427 autem
748 4384 799 4425 et
845 4374 1189 4427 colleCtiones
1236 4388 1328 4440 pro
1378 4372 1638 4427 defunctis
1686 4376 1907 4443 impigre

2011 3561 2114 3617 rat,
2148 3554 2279 3609 satis
2299 3556 2617 3627 abundeque
2646 3556 2813 3613 Deum
2843 3573 3034 3628 rogans
3060 3566 3322 3627 quatenus
3343 3567 3395 3610 et
3415 3556 3579 3610 illium

2009 3645 2129 3713 ejus
2160 3646 2412 3712 salvaret,
2438 3659 2492 3703 et
2519 3664 2706 3703 navem
2731 3664 2848 3703 cum
2877 3649 3045 3703 salute
3066 3648 3362 3711 reduceret,
3390 3660 3580 3701 secum

2008 3733 2137 3787 dum
2166 3738 2307 3804 quod
2343 3736 2514 3790 fuerat
2545 3738 2842 3805 postulatus
2893 3739 2961 3792 ab
3001 3737 3114 3790 illo.
3165 3736 3400 3790 Necdum
3451 3752 3580 3805 ergo

2011 3826 2222 3894 triginta
2257 3827 2539 3880 transactis
2567 3826 2774 3892 diebus,
2809 3826 3088 3880 defunctus
3123 3835 3207 3881 est
3233 3828 3372 3882 filius
3403 3828 3581 3882 homi-

2009 3914 2093 3968 nis
2134 3915 2275 3969 illius
2313 3915 2402 3984 qui
2440 3915 2701 3969 obtulerat
2739 3925 2945 3983 septem
2994 3914 3157 3969 libras
3205 3924 3260 3985 et
3306 3915 3581 3970 dimidiam

2009 4002 2355 4072 patriarchae;
2388 4012 2441 4057 et
2477 4006 2528 4057 in
2572 4003 2725 4057 tertia
2756 4002 2844 4057 die
2872 4004 3060 4057 tltortis
3105 4005 3274 4072 pueri,
3308 4005 3505 4071 recepit
3530 4015 3583 4059 et

2010 4096 2186 4148 navim
2208 4107 2355 4147 suam
2378 4093 2446 4146 ab
2468 4091 2666 4169 Africa,
2689 4093 2741 4146 in
2766 4108 2865 4162 qua
2883 4103 2995 4146 erat
3017 4100 3071 4146 et
3093 4091 3255 4147 frater
3273 4108 3582 4162 germanus,

2009 4184 2249 4251 ejusdem
2281 4184 2378 4237 viri
2410 4184 2661 4238 creditor.
2694 4184 2758 4237 Et
2787 4186 3005 4238 veniens
3033 4184 3182 4255 juxta
3209 4183 3464 4249 Pharum,
3489 4200 3583 4238 re-

2010 4274 2129 4328 tulit
2150 4273 2416 4343 quumodo
2432 4275 2581 4328 navis
2603 4274 2930 4344 naufragium
2961 4276 3197 4344 pertulit,
3220 4275 3585 4344 etvp‘erdiderit

2014 4373 2184 4419 totum
2208 4379 2311 4435 quo
2337 4373 2454 4420 erat
2476 4367 2651 4433 plena,
2676 4377 2730 4421 et
2752 4367 2891 4435 quod
2913 4382 3018 4420 non
3041 4377 3220 4421 essent
3240 4367 3453 4419 salvatat
3483 4365 3582 4417 nisi
3630 4436 3635 4439 _

344 4459 462 4533 (66)
488 4471 540 4515 et
566 4463 679 4516 sine
726 4463 887 4515 dubio
936 4466 1213 4531 perlicere.
1274 4462 1481 4516 Etenim
1532 4465 1741 4518 dicebat
1787 4465 1905 4533 quia
1934 4460 1986 4520 ο
2011 4460 2221 4524 animae,
2243 4468 2298 4513 et
2316 4473 2419 4512 una
2437 4459 2632 4527 scapha
2649 4473 2831 4512 vacua.
2858 4459 2987 4513 Cum
3009 4473 3138 4526 ergo
3161 4466 3214 4513 et
3240 4456 3377 4509 hunc
3397 4470 3581 4509 casum

343 4561 465 4605 ante
513 4566 731 4618 paucnut
767 4563 973 4620 tempus
1002 4552 1245 4620 captivus
1274 4552 1461 4606 ductus
1490 4562 1571 4606 est
1607 4553 1672 4606 ad
1716 4553 1904 4607 Persas

342 4642 578 4711 quidam,
608 4652 661 4694 et
708 4641 1036 4695 deScendens
1065 4643 1116 4695 in
1142 4641 1433 4705 Persidem,
1465 4651 1706 4696 retrosus
1743 4655 1826 4697 est
1852 4643 1906 4698 in

342 4747 608 4787 carcerem
641 4736 729 4801 qui
778 4736 1137 4802 appellabatur
1175 4734 1364 4796 Lethe,
1401 4736 1498 4789 hoc
1542 4745 1643 4798 est,
1689 4737 1903 4791 oblivio.

343 4824 564 4891 Quidam
612 4839 741 4892 ergo
790 4824 1048 4891 fugientes
1090 4823 1256 4887 illinc,
1292 4827 1670 4893 venientesque
1721 4826 1773 4879 itt
1804 4828 1939 4897 Cy-r

344 4931 517 4981 prum,
547 4924 601 4967 et
627 4914 930 4984 interrogati
972 4930 1000 4967 a
1035 4916 1341 4983 parentibus
1367 4915 1529 4981 illius,
1576 4917 1619 4969 si
1666 4916 1803 4970 forte
1831 4920 1910 4971 vi-

342 5005 541 5060 dissent
584 5021 728 5061 eum.
776 5006 1154 5074 respondentes
1202 5006 1450 5060 dixerunt
1495 5008 1595 5071 eis,
1647 5007 1769 5076 quia
1815 5022 1911 5061 nos

344 5098 576 5165 propriis
606 5099 847 5151 manibus
875 5097 1213 5166 sepelivimus
1240 5112 1385 5153 eum.
1432 5098 1546 5152 Non
1575 5109 1752 5153 autem
1794 5108 1913 5153 erat

342 5188 442 5240 iste
463 5186 529 5239 de
556 5201 661 5254 quo
687 5185 1081 5254 interrogabant
1108 5202 1221 5251 eos,
1251 5187 1343 5241 sed
1365 5188 1498 5242 alius
1524 5188 1910 5241 indissimiluer

342 5291 463 5332 eum
492 5276 751 5331 similius.
779 5278 1039 5331 Dixerunt
1066 5294 1189 5333 vero
1216 5280 1292 5333 eis
1320 5290 1373 5334 et
1403 5295 1660 5345 mensem,
1689 5292 1741 5333 et
1768 5280 1908 5334 diem

347 5369 520 5422 obitus
551 5369 730 5435 ipsius.
766 5370 841 5423 llli
864 5354 997 5425 ‘vero
1018 5382 1262 5438 tanquam
1289 5387 1384 5441 pro
1408 5382 1615 5427 mortuo
1644 5373 1910 5427 faciebant

341 5464 391 5516 ei
423 5472 531 5516 tres
574 5462 824 5517 cozlectas
865 5479 958 5531 per
986 5462 1219 5532 singulos
1271 5480 1461 5519 annos.
1513 5465 1641 5519 Post
1684 5474 1907 5531 quatuor

344 5552 520 5625 itaque
548 5569 716 5608 annos
742 5556 889 5609 venit
918 5556 968 5608 in
991 5557 1243 5626 Cyprum,
1273 5556 1389 5625 fuga
1430 5557 1612 5626 lapsus
1640 5571 1668 5608 a
1708 5554 1906 5611 Persis.

354 5643 596 5699 Dixerunt
627 5659 755 5716 ergo
783 5646 831 5699 ei
884 5647 1002 5700 sui:
1038 5646 1192 5713 Vere,
1233 5646 1417 5714 frater,
1468 5661 1565 5701 nos
1613 5645 1908 5700 audivimus

1198 5758 1221 5783 ο

2013 4551 2297 4606 didicisset
2324 4548 2569 4603 evenisse
2594 4549 2694 4603 Sibi
2717 4549 2964 4602 dominus
2989 4548 3136 4601 navis
3161 4557 3212 4601 et
3239 4555 3382 4614 pater
3408 4547 3581 4611 pueri,

2013 4641 2300 4696 secundum
2328 4640 2544 4694 verbum
2570 4639 2868 4708 Prophetas,
2911 4639 3065 4707 paulo
3087 4637 3270 4691 minus
3290 4637 3344 4689 in
3374 4635 3585 4712 inferno
3609 4662 3618 4672 -

2013 4733 2268 4788 habitavit
2311 4731 2483 4785 anima
2540 4731 2655 4797 ejus
2710 4729 2878 4801 (Psaf.
2911 4713 3091 4800 acui);
3152 4728 3387 4783 nondum
3442 4729 3583 4783 enim

2016 4823 2355 4878 tribulatione
2397 4821 2488 4875 filii
2528 4821 2610 4875 sui
2640 4824 2922 4886 exstincta,
2950 4820 3355 4886 comprehendit
3382 4834 3501 4873 eum
3532 4830 3585 4873 et

2017 4913 2205 4974 navis;
2238 4911 2404 4964 relata
2436 4918 2560 4962 sunt
2605 4911 2781 4977 itaque
2823 4908 2997 4961 omnia
3040 4923 3162 4977 qua:
3200 4907 3498 4960 acciderant
3535 4909 3582 4957 ci
3647 4971 3668 4990 .

2017 5001 2352 5068 patriarchae,
2384 5008 2437 5052 et
2455 5013 2600 5065 pene
2631 4998 2749 5067 plus
2778 5013 2935 5066 quam
2968 4997 3012 5049 is
3040 4997 3127 5064 qui
3163 4996 3274 5048 hzcc
3303 5008 3583 5061 perpessus

2018 5094 2189 5143 fuerat
2216 5091 2264 5142 itt
2298 5090 2510 5143 tristitia
2541 5089 2866 5153 morabatur,
2913 5087 3141 5141 maxime
3172 5096 3386 5153 propter
3416 5086 3581 5136 lilium

2015 5182 2128 5249 ejus
2157 5182 2386 5234 unicum.
2414 5180 2667 5235 Nesciens
2695 5195 2822 5249 ergo
2849 5181 2972 5249 quid
3004 5178 3220 5240 faceret,
3251 5185 3399 5243 rogat
3426 5174 3582 5227 mise-

2016 5271 2434 5324 ricordissunum
2468 5271 2653 5335 Deum,
2677 5281 2732 5324 ut
2751 5271 3119 5325 consolaretur
3131 5269 3298 5322 virum
3323 5267 3585 5319 immensa

2016 5363 2211 5432 pietate
2241 5378 2356 5417 sna.
2383 5363 2693 5418 Convocare
2721 5366 2862 5418 enim
2885 5379 3033 5427 eum,
3065 5374 3117 5416 et
3139 5361 3399 5415 coasulari
3432 5363 3480 5413 in
3508 5359 3583 5413 fac

2014 5456 2095 5510 cie
2136 5465 2349 5509 sanctus
2397 5456 2787 5511 erubescebat:
2819 5464 3181 5511 vermntameu
3232 5452 3497 5506 mandavit
3535 5451 3584 5506 ei

2015 5556 2072 5599 ut
2098 5545 2401 5600 nullatenus
2428 5546 2771 5614 desperaret;
2797 5562 2965 5616 neque
2986 5546 3127 5600 enim
3152 5547 3264 5598 sine
3281 5541 3428 5615 justo
3450 5542 3608 5614 judi-.

2016 5643 2101 5696 cio
2127 5641 2293 5696 Deum
2325 5640 2500 5697 facere
2526 5641 2744 5711 aliquid,
2779 5642 2872 5697 sed
2901 5642 3078 5696 omnia
3102 5641 3154 5694 in
3187 5640 3286 5694 hoc
3321 5638 3463 5710 quod
3486 5652 3582 5695 cx-
