3956 6220
501 222 527 278 Ι
537 222 639 280 659

1566 214 1841 276 LEONTII
1870 215 2336 273 NEAPOLlTANI
2378 214 2682 275 EPISCOPI

3625 214 3769 272 {6‘0

511 328 676 394 pedit,
726 326 864 394 quod
916 340 1012 380 nos
1067 324 1387 393 ignoramus.
1434 324 1569 393 Ergo
1618 335 1675 377 ut
1728 340 1832 379 non
1888 324 2069 394 perdat
2101 328 2145 380 A
2174 338 2310 383 Sam.
2339 325 2455 391 quia
2481 335 2696 394 propter
2714 325 2912 380 exitum
2932 327 3748 395 Vigintilibraram,infirmatus

510 418 828 480 intercedem,
851 433 1004 487 quam
1029 416 1152 471 fecit
1169 418 1219 471 in
1242 426 1441 485 septem
1464 427 1513 469 et
1535 416 1748 470 dimidia
1776 417 1908 469 libra
1929 416 2067 477 auri,

507 517 560 562 et
586 509 741 561 fidem
764 523 920 574 quam
946 508 1246 575 possidebat
1269 508 1407 559 circa
1430 514 1665 559 sanctum
1689 504 2067 573 patriarcham;

507 600 615 665 jam
646 613 772 652 vero
801 605 857 651 ut
879 606 933 651 et
961 612 1056 653 nos
1084 597 1134 650 in
1166 597 1560 662 tentationibus,
1608 604 1724 665 qua:
1765 596 1915 651 nobis
1945 612 2070 651 eve-

512 690 683 758 niunt,
727 690 939 757 quando
980 689 1176 757 aliquid
1219 690 1339 743 boni
1372 689 1677 753 fecerimus,
1708 690 2070 756 imperturhati

516 789 570 833 et
591 781 789 847 gratias
810 780 1104 834 referentes
1129 780 1194 833 ad
1223 780 1387 834 Deum
1413 796 1842 846 permaneamus;
1874 781 2000 833 vidit
2018 781 2073 834 in

513 873 714 924 somnis
750 869 858 940 jam
908 871 1080 924 dictus
1109 871 1191 923 vir
1234 871 1612 936 philochristus
1662 880 1865 937 postera
1922 881 2076 926 nocte

514 958 819 1026 quemdam,
866 961 1012 1026 quasi
1057 961 1106 1013 in
1154 961 1331 1014 habitu
1375 960 1695 1014 sanctissimi
1743 960 2071 1028 patriarchas,

511 1047 779 1102 dicentem
811 1048 910 1102 sibi
946 1068 960 1103 :
995 1050 1060 1104 Ut
1081 1051 1205 1118 quid
1238 1050 1524 1114 tribularis,
1556 1053 1736 1113 frater,
1767 1059 1819 1104 et
1850 1066 2077 1105 maerore

513 1138 860 1191 dissolveris?
892 1139 1072 1193 Nonne
1103 1148 1157 1193 ιιι
1185 1132 1270 1193 me
1299 1140 1492 1209 rogasti
1526 1147 1584 1192 ut
1619 1149 1849 1206 peterem
1882 1156 1911 1192 a
1946 1141 2075 1203 Deo,

516 1234 574 1280 ut
612 1226 790 1280 salvus
814 1226 986 1282 fleret
1027 1228 1164 1282 ﬁlius
1211 1229 1373 1282 tuus?
1419 1230 1552 1284 Ecce
1578 1230 1751 1282 salvus
1782 1231 1948 1284 factus
1975 1239 2074 1284 est.

510 1317 682 1370 Crede
715 1318 868 1382 mihi,
901 1320 943 1371 si
975 1319 1195 1382 viveret,
1245 1335 1434 1385 pravus
1462 1320 1538 1374 ἐι
1581 1321 1879 1374 immundus
1921 1322 2079 1375 homo

515 1407 685 1462 fleret.
715 1409 780 1461 Et
806 1410 873 1463 de
901 1412 1021 1463 navi
1047 1422 1154 1475 tua,
1180 1426 1325 1473 vere,
1355 1411 1453 1464 nisi
1485 1406 1627 1464 Deus
1657 1412 1957 1478 placaretur
1986 1425 2080 1479 pro

516 1497 665 1562 bono
686 1499 823 1566 quod
853 1496 1024 1553 fecisti
1053 1500 1291 1567 parvitati
1321 1515 1475 1562 mete,
1505 1502 1765 1554 sententia
1796 1511 1908 1554 erat
1936 1503 2077 1565 data,

514 1598 776 1654 quatenus
807 1598 933 1653 tota,
964 1598 1023 1643 ut
1045 1588 1207 1658 jacet,
1231 1605 1352 1644 cum
1383 1591 1662 1644 animabus
1687 1592 1736 1643 in
1762 1590 2079 1658 profundum

2171 422 2252 465 est
2290 413 2380 467 ille
2420 417 2612 468 invitus
2641 417 3084 486 eleemosynator.
3117 418 3247 471 Erat
3270 418 3410 471 enim
3439 419 3520 487 (ut
3548 417 3748 488 pradi-

2171 512 2312 555 ctum
2358 504 2464 572 est)
2498 508 2645 559 valde
2685 507 3083 574 imniisericors,
3139 518 3191 562 et
3246 518 3450 564 amator
3477 515 3745 579 pecunia.

2170 590 2283 643 Non
2310 591 2572 647 sull‘ereus
2600 610 2727 663 ergo
2756 595 2938 650 beatus
2967 611 3026 650 se
3054 597 3266 663 quidem
3295 613 3457 664 super
3495 614 3749 654 mensam

2178 683 2417 746 reficere,
2453 686 2600 739 illum
2630 688 2804 742 autem
2835 690 3206 757 superiectum
3234 693 3457 748 cruciari
3485 696 3751 764 graviter,

2177 775 2418 839 pervenit
2442 773 2689 829 celeriter
2741 773 2807 828 ad
2868 791 2990 831 eum
3044 778 3129 833 ille
3189 786 3345 837 vere“
3408 786 3525 837 sine
3555 798 3754 854 super-

2177 858 2284 924 bia,
2310 872 2363 914 et
2383 860 2523 914 dixit
2546 862 2612 916 ad
2641 877 2760 916 eum
2789 864 2938 918 hilari
2963 869 3105 920 vultu
3133 883 3147 921 :
3175 867 3276 920 Fac
3299 869 3640 936 charitalem,
3670 874 3754 926 fili

2174 949 2369 1005 Troile.
2394 951 2647 1007 Estimas
2674 956 2813 1023 quod
2846 957 2896 1009 in
2938 959 3159 1012 veritate
3187 960 3415 1021 dixerim
3448 961 3543 1015 tibi
3569 966 3764 1016 fratri-

2178 1039 2277 1094 bus
2303 1040 2663 1109 bujuscemodi
2703 1045 2873 1099 dare?
2917 1049 3074 1103 crede
3102 1050 3254 1115 mihi,
3296 1066 3388 1118 per
3411 1053 3596 1117 iocum
3635 1055 3754 1107 dixi

2178 1129 2272 1182 tibi
2303 1130 2451 1184 dare.
2487 1132 2594 1200 Ego
2621 1135 2757 1186 enim
2791 1136 2929 1189 volui
2960 1141 3212 1206 praestare
3261 1141 3340 1194 eis
3384 1140 3600 1211 singula
3649 1159 3761 1194 nu-

2179 1220 2420 1273 mismata
2453 1232 2668 1291 propter
2694 1235 2931 1280 sanctam
2964 1228 3332 1295 festivitatem;
3363 1231 3469 1284 sed
3487 1233 3616 1301 quia
3643 1249 3759 1286 non

2180 1308 2404 1364 habebat
2430 1312 2742 1369 distributor
2763 1332 2913 1372 meus
2949 1333 3127 1373 secum
3154 1322 3504 1376 sufficientem
3536 1333 3765 1393 quant-

2181 1410 2364 1467 tatem,
2396 1403 2549 1473 hujus
2580 1408 2655 1459 rei
2684 1409 2846 1475 gratia
2876 1420 3107 1463 mutuam
3136 1411 3329 1465 dedisti
3354 1426 3475 1466 eam
3506 1414 3671 1478 mihi,
3706 1426 3765 1468 et

2180 1507 2307 1546 ecce
2356 1496 2506 1548 attuli
2560 1496 2652 1549 tibi
2710 1497 2829 1551 illas
2880 1499 3091 1569 triginta
3141 1501 3323 1556 libras.
3365 1501 3435 1555 Ut
3459 1518 3594 1557 vero
3622 1504 3764 1557 vidit

2186 1585 2532 1651 quantitatem
2562 1588 2841 1655 episcopus
2874 1590 2924 1641 in
2959 1591 3253 1645 honorabili
3292 1605 3451 1647 manu
3487 1595 3763 1659 sapientis

513 1687 778 1747 pergeret,
818 1688 870 1733 et
900 1681 1150 1747 perderes
1175 1678 1393 1735 fratrem
1444 1690 1613 1735 tuum.
1654 1682 1758 1736 Sed
1808 1697 1984 1749 surge,
2026 1690 2081 1736 et

2187 1675 2459 1728 existi'ntis
2487 1678 2675 1731 medici
2715 1687 2768 1731 et
2798 1680 3048 1748 pastoris,
3098 1681 3259 1736 febris
3302 1682 3519 1751 quidem
3572 1683 3764 1747 subito

511 1770 743 1837 glorifiea
777 1770 962 1835 Deum,
996 1771 1085 1839 qui
1113 1771 1257 1825 dedit
1283 1772 1376 1826 tibi
1401 1787 1544 1836 eum,
1570 1782 1622 1827 et
1652 1773 1874 1827 salvavit
1911 1774 2075 1826 filium

512 1868 658 1912 tuum
691 1860 943 1913 mundum
969 1861 1034 1914 de
1063 1861 1165 1915 hoc
1194 1863 1390 1915 saeculo
1416 1878 1570 1917 vano.
1607 1865 1876 1933 Evigilans
1904 1864 2080 1932 itaque

512 1951 609 2013 vir,
639 1947 838 2004 invenit
867 1966 959 2005 eor
987 1966 1139 2005 suum
1169 1936 1521 2019 consolatum,
1565 1961 1621 2008 et
1653 1955 1952 2008 universam
1985 1956 2082 2007 tri-

499 2036 703 2091 ‘stitiam
730 2039 845 2108 ejus
873 2042 1127 2106 ejectam;
1159 2053 1210 2095 et
1240 2042 1452 2096 indutus
1480 2044 1791 2096 vestimenta
1829 2058 1942 2108 sua,
1987 2060 2103 2098 ve»

513 2129 592 2180 nit
620 2130 812 2182 cursim
857 2130 921 2182 ad
957 2129 1470 2210 hutnorabilissimum
1505 2133 1878 2200 patriarchain,
1913 2144 1963 2186 et.
1998 2133 2083 2203 ji-

514 2226 622 2272 ctat
665 2233 722 2273 se
762 2220 826 2272 ad
874 2219 1035 2286 pedes
1082 2221 1217 2288 ejus,
1260 2224 1455 2289 gratias
1501 2236 1663 2288 agens
1694 2222 1802 2274 Deo
1831 2223 1978 2289 etei,
2028 2233 2084 2277 et

518 2326 738 2364 narrans
772 2311 1028 2366 visionem
1060 2328 1214 2380 quam
1247 2313 1472 2367 viderat.
1523 2316 1690 2378 Quam
1739 2314 1960 2373 audiens
1995 2314 2082 2383 jn-

512 2386 799 2463 stissimus,
831 2400 972 2454 dixit
1001 2417 1015 2452 :
1047 2401 1226 2455 Gloria
1258 2401 1370 2465 tibi,
1418 2402 1643 2468 benigne
1688 2412 1741 2457 et
1781 2402 2083 2458 misericors

519 2490 694 2556 Deus,
753 2491 839 2559 qui
891 2499 945 2544 et
987 2491 1414 2559 deprecationem
1462 2501 1795 2558 peccatorum
1837 2494 2078 2548 exaudis.

515 2582 814 2649 lterumque
862 2582 926 2635 ad
976 2584 1241 2636 hominem
1294 2582 1467 2636 dixit:
1500 2582 1857 2651 Nequaquam,
1911 2598 1943 2636 ο
1984 2583 2078 2648 fili,

512 2674 733 2740 gratiam
769 2674 903 2728 hanc
925 2676 1151 2728 orationi
1179 2690 1306 2728 mete
1335 2674 1588 2738 aseribas,
1614 2675 1705 2727 sed
1739 2675 1846 2729 Deo
1876 2682 1929 2728 et
1959 2674 2077 2727 fidei

515 2770 638 2828 ture,
672 2765 781 2815 lure
803 2763 942 2816 enim
966 2759 1139 2816 omnia
1167 2764 1264 2816 ista
1288 2764 1569 2831 impetrare
1583 2763 1765 2816 valuit.
1793 2762 1917 2815 Erat
1938 2765 2080 2817 enim

515 2853 668 2907 valde
693 2854 961 2908 humiliter
980 2856 1211 2910 sentiens
1239 2862 1473 2920 sanctus,
1499 2854 1675 2908 verbis
1701 2853 1903 2908 scilicet
1921 2863 2080 2924 atque

515 2944 808 3012 prudentia.

2178 1762 2501 1831 disparebat,
2533 1766 2695 1836 frigus
2735 1771 2891 1822 etiam
2922 1770 3225 1844 recedebat,
3257 1771 3512 1829 fortitudo
3540 1790 3765 1844 quoque

2177 1864 2232 1909 et
2259 1858 2496 1926 corporis
2525 1857 2642 1924 ejus
2677 1860 2822 1912 calor
2867 1859 2933 1914 ad
2974 1843 3539 1918 eutn'revertebantur
3606 1843 3762 1920 utiex

2182 1948 2283 2002 hoc
2329 1964 2432 2002 non
2484 1960 2660 2016 posset
2715 1951 2878 2006 latere
2928 1952 3064 2007 hanc
3108 1967 3228 2009 esse
3266 1969 3480 2009 causam
3529 1967 3765 2024 repente

2183 2040 2686 2109 roinprelien-lentis
2740 2057 2860 2097 eum
2918 2046 3363 2100 commutationis.
3437 2046 3765 2115 Suscipiens

2182 2146 2308 2198 ergo
2332 2145 2519 2184 aurum
2553 2132 2619 2185 ab
2657 2132 2979 2186 honorandis
3019 2133 3260 2187 manibus
3309 2137 3654 2202 patriarcha,
3710 2146 3766 2192 et

2186 2221 2314 2274 nihil
2369 2222 2586 2276 omnino
2629 2225 3020 2290 contradicens,
3076 2226 3425 2294 exspectabat
3464 2230 3536 2283 ab
3564 2242 3632 2283 eo
3664 2244 3767 2297 pa-

2186 2309 2417 2363 triarcha
2475 2313 2916 2381 conscriptionem
2963 2316 3439 2371 abrenuntiatiouis
3486 2322 3767 2373 mercedis

2185 2412 2367 2452 earum
2394 2413 2511 2469 qua:
2539 2401 2676 2455 datae
2705 2408 2828 2456 sunt
2861 2404 3076 2473 triginta
3117 2406 3231 2459 auri
3273 2405 3557 2460 librarum.
3610 2406 3767 2462 Feci

2182 2498 2358 2542 autem
2386 2490 2484 2545 hoc
2529 2506 2648 2545 cum
2680 2492 2874 2562 gaudio
2913 2492 3125 2548 Troilus
3153 2496 3451 2564 episcopus,
3510 2497 3770 2551 scribens

2184 2583 2409 2650 propriis
2432 2584 2671 2638 manibus
2704 2585 2771 2639 ita
2804 2603 2816 2638 :
2842 2585 3003 2655 Deus,
3027 2587 3239 2640 domino
3261 2601 3377 2640 meo
3406 2587 3612 2642 Joauni
3633 2589 3771 2642 bea-

2185 2674 2390 2728 tissimo
2439 2676 2751 2743 patriarcha:
2802 2677 2954 2745 hujus
3008 2678 3489 2733 Aletandrinorum
3552 2696 3772 2750 magna:

2182 2761 2429 2827 civitatis,
2477 2763 2543 2816 da
2584 2767 2882 2819 mercedem
2916 2767 3125 2835 triginta
3171 2767 3420 2821 librarum
3469 2784 3601 2837 qua:
3639 2771 3771 2824 data

2182 2860 2305 2905 sunt
2341 2851 2454 2916 tibi,
2495 2853 2744 2920 quoniam
2793 2866 2893 2923 ego
2931 2855 3108 2924 recepi
3147 2870 3283 2910 mea.
3327 2855 3441 2910 Hoc
3488 2859 3766 2924 scriptum

2182 2939 2362 3010 itaque
2400 2955 2615 2998 sanctus
2643 2946 2930 3014 accipiens,
2962 2952 3186 3017 sumpsit
3214 2962 3394 3002 secum
3423 2957 3479 3003 et
3504 2952 3768 3006 eumdem

583 3036 711 3089 Car.
753 3034 942 3090 XXVI.
972 3065 1041 3076 —
1073 3034 1331 3103 Pergebat
1353 3036 1637 3106 aliquando
1686 3037 1770 3092 hic
1805 3037 1987 3091 beatus
2013 3037 2077 3090 ad
2108 3028 2153 3091 C
2184 3036 2492 3103 episcopum
2538 3035 2605 3090 ad
2653 3038 2954 3104 prandium,
2999 3049 3057 3092 ut
3083 3040 3222 3093 enim
3254 3039 3365 3108 jam
3405 3040 3619 3095 dictum
3656 3052 3767 3108 est.

518 3124 807 3178 visitandos
838 3140 1118 3194 paup-res,
1152 3128 1204 3180 in
1233 3129 1403 3180 locum
1431 3130 1514 3195 qui
1545 3128 1736 3183 dicitur
1757 3128 2080 3192 Caesarium;

526 3216 634 3268 illic
663 3218 802 3268 enim
830 3218 907 3268 eis
935 3221 1129 3270 fecerat
1158 3219 1305 3283 quasi
1339 3218 1514 3271 tholos
1535 3216 1650 3286 (69)
1677 3217 1929 3286 quosdam
1959 3234 2084 3286 pro-

443 3310 455 3321 '
520 3303 676 3368 lixos,
709 3305 893 3372 ligneis
925 3307 1117 3357 tabulis
1147 3309 1445 3373 pavimento
1470 3318 1636 3361 strato
1657 3308 1721 3360 ad
1749 3309 2087 3373 requiescen-

517 3396 614 3450 dos
660 3411 772 3458 eos,
823 3406 875 3450 et
928 3398 1085 3467 simul
1117 3414 1234 3451 cum
1263 3401 1452 3452 stureis
1485 3411 1535 3451 ct
1578 3400 1819 3453 rachanis
1848 3399 1961 3470 (70)
1994 3415 2086 3466 per

519 3494 680 3537 totam
714 3485 962 3548 hiemem,
994 3501 1112 3540 eum
1141 3488 1367 3553 quodam
1396 3490 1765 3554 episc0pmum
1790 3503 1971 3541 eorum
1993 3487 2084 3557 qui

517 3561 651 3629 cum.
683 3590 747 3630 eo
806 3585 976 3639 erant,
1034 3586 1270 3630 amatore
1323 3578 1578 3643 pecnuiae,
1640 3580 1871 3646 passibili
1927 3580 2086 3633 modo

519 3680 722 3731 presso.
757 3665 1002 3733 Dixitque
1030 3666 1215 3720 beatus
1250 3668 1542 3732 patriarcha
1577 3668 1639 3721 ad
1667 3684 1784 3723 eum
1824 3688 1835 3722 :
1868 3677 1994 3723 Ama
2023 3685 2087 3724 ac

520 3756 741 3823 honora,
784 3753 948 3811 frater
981 3758 1178 3820 Troile,
1229 3757 1416 3812 fratres
1447 3760 1639 3813 Christi
1667 3777 1680 3825 ;
1732 3761 1829 3813 hoc
1863 3763 2004 3815 enim
2037 3762 2084 3815 ei

518 3855 631 3898 erat
673 3860 887 3899 nomen.
928 3846 1317 3900 Nuntiaverunt
1360 3849 1499 3900 enim
1529 3852 1742 3916 quidam
1772 3851 2086 3917 patriarcha:

518 3938 656 4004 quod
686 3938 891 4007 triginta
923 3940 1083 3994 libras
1116 3942 1227 3993 auri
1264 3951 1497 4009 portaret
1527 3944 1576 3995 in
1603 3945 1712 4012 ipsa
1744 3946 1873 4000 hora
1905 3946 2087 4002 dome-

520 4030 680 4083 sticus
699 4031 934 4099 ejusdem
965 4032 1199 4101 episcopi
1224 4034 1408 4099 Troili,
1438 4044 1491 4088 ut
1512 4046 1713 4090 emeret
1741 4039 1972 4106 speciem
1998 4054 2087 4092 ar-
2136 4026 2140 4030 Δ

520 4123 660 4189 genti
685 4124 991 4196 anaglyphi,
1022 4127 1187 4192 gratia
1223 4143 1418 4180 mensa:
1442 4145 1570 4180 sum.
1598 4129 1888 4198 Episcopus
1909 4141 2085 4185 autem

521 4220 768 4280 tanquam
791 4215 991 4268 veritus
1014 4229 1312 4269 sermonem
1336 4218 1666 4285 patriarchae,
1690 4221 1793 4272 imo
1816 4219 1878 4273 ad
1903 4220 2086 4273 horam

520 4294 825 4364 calefactus,
860 4305 1062 4373 singula
1094 4305 1208 4359 dari
1257 4306 1501 4359 omnibus
1547 4307 1797 4362 fratribus
1839 4312 2089 4377 praecepit

2188 3125 2364 3178 statim
2398 3141 2556 3179 sanus
2581 3126 2753 3180 factus
2783 3136 2884 3181 est.
2917 3128 3111 3183 Volens
3138 3144 3267 3199 ergo
3296 3131 3566 3185 mercedis
3593 3133 3771 3189 reddi-

2189 3223 2271 3266 tor
2298 3214 2437 3268 Deus
2467 3208 2738 3285 corripere
2767 3232 2909 3282 eum,
2941 3218 3099 3273 simul
3126 3230 3302 3274 autem
3338 3231 3391 3275 et
3434 3222 3503 3275 ad
3537 3225 3771 3279 misera-

2189 3306 2385 3359 tionem
2430 3308 2907 3362 contribulatorum
2950 3318 3004 3364 et
3053 3314 3473 3380 compassionem
3529 3314 3767 3383 erigere,

2187 3394 2417 3450 ostendit
2443 3396 2493 3450 ei
2521 3396 2706 3452 eadem
2738 3398 2826 3453 die
2869 3398 3152 3453 dormienti
3184 3411 3298 3467 post
3344 3401 3634 3466 prandium
3669 3419 3769 3473 pa-

2189 3485 2430 3540 triarcha:
2452 3485 2505 3538 in
2526 3488 2749 3553 somnis,
2780 3504 2880 3557 qua
2912 3489 3156 3543 mercede
3183 3491 3416 3558 privatus
3442 3491 3770 3546 esseLVidit

2189 3574 2328 3628 Quint
2376 3578 2455 3645 (ut
2499 3578 2592 3644 ait)
2626 3576 2867 3640 domum,
2908 3580 3056 3650 cujus
3107 3579 3556 3647 pu'rbriludinem
3602 3591 3769 3651 atque

2190 3664 2604 3734 magnitudinem
2652 3681 2754 3719 non
2803 3679 2975 3735 potest
2998 3684 3084 3723 ars
3116 3671 3382 3723 hominum
3434 3669 3665 3736 imitari,
3716 3682 3768 3725 et

2184 3752 2401 3823 januam
2424 3754 2577 3822 hujus
2604 3762 2767 3809 totam
2795 3772 3030 3821 auream,
3054 3767 3106 3817 et
3128 3773 3290 3826 super
3306 3759 3528 3827 januam
3553 3761 3765 3814 titulum

2189 3845 2552 3911 conscriptum
2589 3861 2605 3900 :
2636 3846 2837 3900 Manno
2890 3862 3133 3912 areum,
3189 3865 3255 3902 ετ
3304 3864 3527 3911 nsoutss
3578 3851 3764 3906 Tuom

2190 3948 2440 3988 EPISCOPI.
2483 3934 2613 3988 Cum
2661 3951 2789 4008 ergo
2832 3935 2953 4002 hoc,
3001 3937 3190 4006 inquit,
3224 3938 3491 4007 legissem,
3547 3942 3767 4009 gavisus

2189 4040 2330 4087 sum,
2377 4027 2607 4083 sciebam
2636 4029 2775 4082 enim
2806 4029 3101 4082 donandam
3149 4029 3275 4083 mihi
3325 4031 3392 4082 ab
3436 4029 3767 4097 imperatore

2191 4119 2310 4172 talis
2332 4118 2523 4174 domus
2552 4120 2929 4186 epulationem.
2971 4119 3214 4174 Nondum
3243 4130 3420 4172 autem
3454 4120 3764 4188 hujuSinodi

2193 4212 2328 4266 tituli
2358 4213 2859 4281 superscriptionem
2904 4213 3251 4283 perlegeram,
3289 4220 3345 4266 et
3372 4226 3497 4266 ecce
3546 4218 3764 4281 quidam

2198 4306 2376 4370 regius
2417 4302 2792 4367 cubicularius,
2823 4302 3021 4354 habens
3056 4316 3236 4355 secum
3263 4311 3317 4354 et
3344 4302 3475 4352 alios
3511 4304 3764 4370 obsequii

522 4392 571 4446 ei
601 4392 690 4462 qui
719 4395 930 4463 triginta
975 4395 1137 4448 libras
1182 4395 1299 4449 illas
1339 4397 1599 4465 portabat.
1657 4399 1912 4453 Celeriter
1957 4414 2083 4468 ergo

2190 4390 2385 4455 divini;
2432 4398 2487 4445 et
2525 4405 2646 4444 cum
2681 4393 3005 4458 pervenisset
3030 4388 3096 4443 ad
3124 4391 3279 4444 talem
3327 4387 3546 4443 nitentis
3575 4394 3767 4446 domus

522 4486 822 4557 hujusmodi
848 4487 962 4542 auri
991 4486 1258 4556 quantitas
1285 4497 1500 4557 erogata
1541 4498 1642 4543 est.
1695 4489 2083 4546 Recedentibus

522 4575 701 4644 itaque
749 4577 1002 4644 utrisque,
1054 4578 1349 4645 patriarcha
1395 4579 1616 4643 scilicet,
1648 4590 1699 4632 et
1728 4580 1816 4648 qui
1864 4580 2084 4633 invitam

523 4664 606 4734 (nt
633 4665 701 4717 ita
732 4667 925 4736 dicam)
957 4667 1352 4738 eleemosynam
1384 4667 1604 4731 fecerat,
1632 4670 1882 4737 episeopo
1907 4670 2087 4725 Troilo

524 4754 579 4808 in
607 4755 834 4822 propriis
862 4760 1142 4825 episc0piis
1170 4760 1311 4812 velut
1343 4760 1585 4827 quaedam
1615 4774 1798 4813 amens
1820 4770 1874 4814 et
1897 4762 2088 4815 animae

524 4847 823 4917 periculosa
853 4830 907 4900 in
934 4863 1051 4901 eum
1083 4850 1336 4920 cogitatio
1369 4851 1545 4914 irruit,
1594 4862 1809 4918 propter
1842 4854 2089 4918 pecunia-

419 4974 438 4989 .
524 4953 642 4993 rum
673 4936 973 5000 dationem;
1018 4936 1251 4990 horroris
1277 4948 1331 4992 et
1359 4942 1558 4994 amoris
1589 4942 1845 5008 pecuniae,
1879 4953 1934 4996 et
1971 4956 2093 4996 cru-

525 5031 756 5086 delitatis
793 5039 848 5085 et
895 5028 1224 5097 negligentia:
1267 5032 1511 5097 genimen
1557 5029 1677 5086 eu'm
1724 5034 2043 5101 sequebatur
2072 5077 2088 5101 ,

527 5123 673 5178 febre
703 5134 851 5177 extra
876 5131 1114 5174 naturam
1145 5103 1319 5186 inista,
1354 5133 1569 5190 propter
1598 5124 1735 5191 quod
1764 5138 1991 5194 :egrotus
2015 5128 2094 5180 iu-

529 5212 667 5266 vitus
712 5213 762 5264 in
806 5202 1009 5264 lectum
1040 5209 1251 5263 Cecidit.
1299 5209 1719 5264 llebdomadaiio
1754 5229 1882 5282 ergo
1911 5230 1938 5266 a
1968 5230 2091 5268 san-

528 5302 767 5357 ctissimo
794 5300 1093 5368 patriarcha
1138 5299 1202 5352 ad
1233 5314 1351 5352 eum
1383 5302 1645 5365 veniente,
1677 5313 1730 5356 et
1758 5304 1821 5356 ad
1852 5320 2087 5358 mensum

530 5393 768 5463 ejusdem
801 5391 1113 5459 patriarchae
1138 5406 1255 5444 eum
1287 5390 1558 5461 invitante,
1586 5398 1866 5462 recusat-it,
1896 5397 2090 5466 frigore

530 5484 674 5538 enim
705 5494 758 5539 et
788 5484 933 5538 febre
970 5498 1027 5535 se
1058 5484 1235 5537 vexari
1265 5498 1360 5552 pro
1399 5485 1622 5552 quadam
1664 5500 1822 5540 causa
1863 5488 2090 5542 dicebat.

492 5578 508 5590 ⁶
531 5573 692 5645 Igitur
714 5590 834 5630 cum
857 5575 957 5629 hoc
980 5574 1213 5628 audisset
1239 5576 1555 5644 patriarcha,
1584 5591 1705 5632 mox
1737 5579 1953 5650 agnovit
1977 5594 2095 5633 cau-

2188 4484 2421 4552 januam,
2471 4484 2603 4536 dixit
2629 4482 2693 4536 ad
2723 4481 2962 4551 proprios
2992 4481 3246 4537 officiales
3277 4500 3291 4535 :
3338 4484 3601 4550 Deponite
3634 4487 3766 4540 mihi

2193 4576 2420 4630 titulum.
2447 4576 2515 4629 Et
2542 4591 2660 4630 cum
2689 4577 3080 4645 deposuissent,
3130 4578 3317 4633 iterum
3343 4575 3522 4631 dixit:
3567 4579 3767 4634 lutate

2192 4682 2334 4729 eum,
2382 4673 2438 4719 et
2483 4668 2662 4733 ponite
2689 4683 2844 4735 quem
2877 4668 3017 4721 misit
3048 4666 3193 4720 orbis
3225 4676 3482 4720 terrarum
3536 4683 3654 4722 rex.
3703 4671 3766 4723 Et

2192 4757 2484 4811 attulerunt
2511 4766 2565 4811 et
2592 4758 2871 4811 alfixerunt
2899 4758 3039 4811 aliud
3080 4758 3368 4824 aspiciente
3415 4773 3523 4822 nte,
3568 4776 3760 4827 super-

2196 4848 2445 4914 sciiptum
2501 4847 2570 4900 ita
2608 4864 2620 4898 :
2663 4846 2865 4902 Mausm
2897 4863 3121 4901 aeream
3164 4862 3227 4901 ac
3272 4861 3490 4909 secures
3543 4847 3766 4902 Josxxts

2197 4952 2593 4992 ARCBIEPISCOPI
2638 4941 3021 5001 ALBIANDRIE,
3072 4953 3245 4992 EHPTA
3287 4953 3449 4991 LIBRIS
3487 4953 3762 4992 TBIGINTL-

2197 5030 2413 5083 Etcum
2455 5032 2555 5082 hoc
2588 5030 2830 5093 vidisset,
2873 5029 3103 5082 Surrexit
3145 5044 3173 5079 a
3205 5044 3413 5092 somno,
3461 5038 3521 5082 et
3570 5044 3764 5097 magno

2197 5136 2510 5187 summoque
2533 5119 2724 5186 pastori
2747 5135 2863 5186 qua:
2882 5120 2990 5170 visa
3017 5130 3141 5170 sunt
3161 5118 3210 5171 ei
3241 5121 3291 5172 in
3315 5117 3519 5170 somnis
3540 5131 3764 5170 enarra-

2198 5215 2294 5266 vit.
2336 5209 2627 5265 Proficiens
2647 5225 2707 5263 ea
2735 5211 2802 5264 de
2829 5223 2984 5263 causa
3015 5208 3225 5262 Troilus
3251 5206 3556 5275 episcopus,
3587 5207 3765 5262 factus

2195 5320 2258 5359 ex
2282 5312 2408 5356 tunc
2433 5304 2855 5371 elecmosyuator
2884 5301 3209 5367 magnificus.

2264 5394 2390 5448 CAP.
2436 5392 2644 5447 XXVII.
2684 5420 2754 5431 —
2797 5391 3048 5444 Dominus
3073 5393 3160 5459 qui
3188 5390 3402 5444 dititias
3428 5391 3480 5445 in
3525 5400 3769 5460 tempore

2197 5488 2426 5558 quodam
2451 5487 2607 5542 beato
2629 5484 2730 5540 Job
2754 5485 2987 5550 abstulit,
3020 5484 3146 5539 fecit
3170 5485 3345 5540 simile
3376 5495 3431 5540 et
3470 5486 3593 5540 huic
3620 5488 3767 5542 enim

2202 5580 2437 5636 bonitate
2481 5578 2662 5651 pleno,
2706 5587 2893 5633 sancto
2930 5576 3241 5647 patriarcha
3284 5575 3501 5634 Joauui.
3533 5575 3771 5635 Navibus
