3956 6220
253 267 376 325 1641

1205 274 1356 329 VITA
1396 268 1638 327 SANCTI
1675 269 1950 328 JOANNIS
1994 270 2570 332 ELEEMOSYNARII.

3350 239 3485 332 tota

249 393 391 448 enim
428 390 778 447 sanctissimae
815 388 1055 445 ecclesiae
1101 384 1671 456 comprehendentibus
1699 382 1814 437 vio-
1841 383 1892 444 Δ
1918 384 2184 440 mandavit
2229 388 2358 442 mihi
2394 388 2647 445 Dominus
2702 404 2850 446 meus
2878 399 2928 445 et
2973 391 3208 452 omnium
3248 392 3490 450 Christus

252 484 448 537 lentam
495 483 745 547 hiemem,
792 482 844 534 in
885 480 1001 533 loco
1029 478 1114 548 qui
1156 477 1430 532 dicebatur
1465 475 1622 529 Adria
1677 469 1812 543 (Ἠ),

252 574 589 642 projecerunt
618 574 794 627 omnia
824 587 940 636 sua,
985 587 1102 641 quae
1133 583 1294 624 naves
1329 566 1634 637 portabant;
1667 571 1816 620 erant

256 681 382 719 vero
411 680 597 719 omnes
626 679 786 719 naves
807 663 981 718 simul.
1027 663 1154 717 Erat
1192 671 1367 716 autem
1417 671 1624 714 summa
1653 656 1816 710 multa

253 756 405 810 valde
427 757 772 811 entltecarum
804 770 1054 822 suarum;
1108 752 1372 806 habebant
1416 751 1560 805 enim
1614 758 1818 802 tantum

255 846 568 901 vestimenta
614 855 668 900 et
717 853 1014 916 argentum,
1064 853 1118 898 et
1163 843 1298 898 alias
1343 857 1429 894 res
1475 840 1716 902 altiores,
1764 846 1821 892 ut

254 946 647 1005 computaretur
678 936 882 1006 pondus
915 935 1054 1005 quod
1085 935 1179 988 ivit
1208 934 1258 987 in
1288 931 1638 1001 perditionem
1659 944 1822 1000 quan-

255 1030 418 1082 titatis
436 1029 856 1082 centenariorum
876 1027 1085 1096 triginta
1110 1032 1354 1094 quatuor.
1379 1023 1499 1077 Plus
1515 1021 1655 1076 enim
1671 1026 1823 1075 erant

257 1136 415 1191 quam
449 1120 701 1175 tredecim
733 1134 913 1184 naves,
940 1119 1209 1188 capientes
1239 1131 1332 1186 per
1371 1115 1606 1185 singulas
1635 1115 1820 1169 decem

256 1213 416 1267 millia
442 1212 760 1266 modiorum.
802 1204 1144 1265 Venientibus
1173 1223 1302 1263 vero
1341 1205 1722 1261 Alexandriam
1769 1210 1826 1258 et

257 1303 620 1374 pergentibus,
653 1303 831 1356 statim
862 1300 1047 1370 reliqui
1075 1299 1365 1354 creditores
1387 1304 1442 1350 et
1469 1294 1624 1362 primi
1652 1301 1823 1348 nautae

257 1396 307 1448 in
335 1393 621 1449 ecclesiam
650 1391 1021 1460 confugerunt.
1057 1389 1281 1443 Sanctus
1310 1401 1436 1440 vero
1459 1385 1561 1439 hoc
1580 1385 1820 1450 audiens,

256 1494 312 1540 et
331 1500 544 1539 causam
584 1495 799 1552 propter
819 1497 974 1552 quam
1004 1479 1268 1549 fugerant,
1299 1478 1460 1532 mittit
1489 1477 1568 1536 eis
1598 1475 1824 1530 verbum

255 1572 498 1627 manibus
541 1573 653 1626 suis
699 1571 1078 1638 conscriptum,
1124 1567 1326 1621 habens
1356 1567 1426 1621 ita
1459 1583 1476 1618 τ
1522 1583 1540 1615 t
1575 1563 1826 1618 Dominus

255 1665 432 1728 dedit.
469 1664 680 1728 fratres;
731 1660 1008 1726 Dominus,
1054 1668 1112 1712 ut
1156 1658 1341 1724 voluit,
1393 1656 1645 1723 abstulit;
1690 1655 1828 1709 sicut

1919 471 2055 526 Deus
2085 471 2263 545 (Joan.
2294 477 2368 548 χ).
3003 519 3030 540 .

1989 564 2114 619 Car.
2141 565 2331 623 XXIX.
2354 569 2705 626 —Districtus
2735 572 2945 642 quidam
2979 573 3046 627 ab
3079 573 3258 644 bisqui
3280 579 3489 644 pensio-

1919 672 2040 712 nem
2071 657 2375 728 exigebant,
2419 677 2539 716 cum
2585 678 2688 718 non
2733 665 2952 722 haberet
2988 666 3126 735 quod
3170 667 3320 724 daret
3353 671 3491 740 (erat

1919 747 2059 802 enim
2079 749 2225 819 regio
2244 749 2295 804 in
2319 766 2508 820 magna
2530 752 2862 820 difﬁcultate,
2882 769 2946 809 eo
2965 755 3104 824 quod
3130 756 3320 812 ﬂuvius
3342 759 3488 817 Nilus

1921 839 2210 893 secundum
2234 841 2666 896 consuetudinem
2692 858 2793 898 non
2817 844 3056 914 irrigat-et
3079 849 3228 917 aquis
3249 852 3491 921 terram),

1923 927 2037 997 ipse
2076 930 2260 984 abiens
2298 930 2607 1000 deprecatus
2637 942 2719 988 est
2747 934 2934 988 ducem
2966 939 3243 1004 quemdam
3275 955 3494 1010 magna-

1925 1028 2118 1086 torum,
2145 1030 2204 1076 ut
2229 1034 2434 1079 mutuas
2459 1024 2560 1079 sibi
2593 1027 2741 1081 daret
2789 1029 3165 1100 quinquaginta
3193 1031 3359 1088 libras
3387 1051 3489 1089 au-

1926 1109 2000 1174 ri;
2029 1121 2081 1164 et
2108 1111 2316 1167 dicebat
2345 1129 2403 1168 se
2431 1113 2558 1169 dare
2587 1117 2805 1185 pignora
2827 1159 2842 1184 ,
2873 1120 2916 1172 si
2963 1122 3140 1185 vellet,
3173 1123 3354 1194 dupla.
3386 1126 3490 1181 Re-

1925 1202 2168 1269 promisit
2194 1217 2320 1273 ergo
2365 1204 2467 1258 dux
2499 1207 2624 1260 dare
2651 1208 2719 1273 ei,
2765 1209 2829 1262 ad
2858 1224 3089 1274 praesens
3118 1203 3244 1268 νεῖ-ο
3271 1215 3490 1270 distulit.

1927 1292 2275 1349 Exactoribus
2303 1311 2427 1365 ergo
2469 1301 2953 1372 constringentibus
2981 1318 3123 1370 eum,
3155 1307 3299 1361 vadit
3346 1307 3483 1376 ipse,

1927 1394 1983 1439 ut
2005 1387 2179 1440 omnis
2207 1387 2271 1441 ad
2303 1397 2508 1457 portum
2539 1407 2567 1445 a
2592 1408 2694 1460 quo
2739 1397 2912 1450 cuncti
2953 1397 3296 1466 recipiuntur,
3344 1403 3490 1456 vide-

1928 1475 2050 1530 licet
2081 1477 2146 1530 ad
2177 1477 2512 1534 mitissimum
2541 1490 2596 1536 et
2622 1482 2833 1551 dignum
2877 1485 3224 1544 admiratione
3268 1494 3493 1558 patriar-

1928 1565 2103 1620 cham.
2151 1567 2215 1621 Et
2260 1567 2492 1623 nondum
2540 1584 2675 1637 pene
2725 1573 2988 1640 propriam
3037 1579 3404 1634 necessitatem
3446 1583 3495 1636 ei

1931 1667 2252 1724 narraverat,
2286 1657 2646 1713 dixitsanctus
2667 1660 2731 1714 ad
2761 1676 2880 1716 eum
2903 1677 2918 1716 :
2944 1663 3036 1728 Do,
3062 1665 3154 1730 fili,
3176 1667 3220 1719 si
3243 1667 3492 1739 volueris,

259 1757 480 1810 Domino
520 1756 736 1823 placuit,
787 1754 856 1808 ita
885 1752 1080 1806 factum
1121 1758 1204 1805 est
1239 1752 1346 1804 :sit
1391 1763 1582 1803 nomen
1616 1746 1826 1802 Domini
1858 1753 1903 1812 Β
1930 1758 1980 1801 et
2007 1760 2112 1818 quo
2158 1749 2378 1816 vestior,
2410 1749 2807 1805 vestimentum.
2851 1752 3056 1807 Etenim
3100 1767 3220 1809 cum
3265 1757 3497 1812 admira-

257 1844 591 1899 benedictum
622 1842 764 1913 (Job.
795 1843 859 1912 l).
892 1842 1066 1914 Exite,
1107 1839 1220 1906 lilii,
1253 1839 1382 1892 nihil
1413 1853 1477 1894 ex
1508 1839 1608 1892 hoc
1625 1836 1780 1891 veriti
1809 1851 1822 1886 :

259 1937 514 1992 Dominus
542 1936 682 1990 enim
708 1934 970 1989 sollicitus
988 1932 1091 1986 erit
1113 1931 1178 1986 de
1209 1929 1462 1984 crastino.
1501 1945 1522 1982 ι
1573 1926 1830 1984 Ascendit

258 2031 434 2099 itaque
472 2043 606 2098 pene
633 2026 910 2080 dimidium
939 2023 1167 2079 civitatis
1204 2022 1257 2078 in
1285 2029 1548 2077 secretum
1578 2036 1592 2075 :
1623 2020 1709 2074 die
1735 2033 1830 2073 au-

257 2129 364 2174 tem
406 2119 574 2172 altero
599 2109 838 2171 volentes
881 2112 996 2182 (72)
1042 2109 1309 2166 consolari
1363 2107 1594 2164 nobilem
1637 2109 1823 2173 istum;

258 2209 371 2277 ipse
400 2221 528 2262 vero
569 2217 974 2274 praeoccupans,
1004 2200 1165 2270 coepit
1201 2199 1445 2254 omnibus
1472 2198 1653 2254 dicere
1683 2215 1695 2251 :
1726 2197 1830 2252 Ne-

259 2313 540 2367 quaquam,
567 2312 600 2350 o
629 2296 722 2350 lilii
753 2306 806 2350 et
833 2292 1048 2356 fratres,
1076 2304 1236 2346 causa
1259 2291 1470 2346 navittm
1501 2288 1829 2344 difficultatis

261 2387 581 2450 tristemini;
627 2400 748 2439 nam
789 2383 1002 2437 humilis
1031 2381 1284 2448 Joannes,
1332 2379 1554 2446 credite,
1584 2380 1828 2435 inventus

258 2487 346 2537 est
390 2477 699 2548 culpabilis;
749 2477 941 2545 quippe
991 2474 1094 2528 nisi
1139 2472 1502 2528 extollentiam
1552 2470 1824 2536 haberem,

261 2573 408 2626 nullo
432 2574 592 2628 modo
623 2574 722 2629 hoc
749 2572 964 2626 ferrem.
1009 2569 1116 2624 Sed
1154 2569 1274 2637 quia
1314 2565 1609 2624 extollebar
1647 2565 1698 2619 in
1746 2563 1828 2618 his

262 2678 380 2731 qua:
410 2663 500 2719 Dei
528 2674 704 2729 erant,
731 2671 786 2717 et
808 2661 1133 2716 aestimabam
1161 2661 1303 2728 quod
1332 2672 1518 2729 magna
1549 2671 1711 2726 opera
1753 2654 1830 2709 fa-

262 2767 459 2819 cerem,
495 2754 628 2808 dans
671 2767 788 2822 quas
818 2752 1092 2806 hominum
1122 2761 1291 2815 erant,
1326 2749 1427 2805 hoc
1457 2748 1583 2803 mihi
1615 2746 1828 2812 evenit;

263 2845 449 2902 volens
475 2860 603 2916 ergo
633 2846 774 2901 Deus
800 2854 856 2900 ut
888 2845 989 2898 hoc
1026 2842 1403 2912 intelligerem,
1437 2841 1536 2894 ista
1569 2836 1827 2909 permisit.

264 2941 610 3011 Eleemosyna
638 2943 779 2994 enim
803 2954 907 2993 non
929 2938 1231 3010 vigilantem
1257 2937 1565 3006 plerumque
1587 2935 1639 2988 in
1660 2932 1834 2989 extol-

263 3032 474 3088 Ientiam
499 3034 673 3088 elevat
703 3048 719 3088 :
750 3031 942 3086 invitus
968 3043 1095 3086 vero
1123 3044 1277 3084 casus
1303 3027 1549 3083 humiliat
1567 3026 1832 3080 sustinen-

1930 1838 2120 1892 bilibus
2140 1838 2251 1893 suis
2270 1838 2422 1892 bonis
2443 1839 2616 1894 ethoc
2637 1840 2970 1908 possidebat,
3001 1843 3142 1912 quod
3172 1860 3276 1899 non
3308 1857 3490 1915 posset

1931 1928 2116 1984 videre
2165 1928 2396 1997 aliquem
2428 1928 2497 1985 de
2542 1932 2946 1986 necessitatibus
2991 1935 3391 2006 lacrymantem,
3444 1950 3498 1995 et

1930 2033 2034 2071 non
2062 2018 2238 2073 statim
2269 2033 2327 2075 se
2358 2021 2584 2090 pr0priis
2604 2021 2795 2089 rigaret
2822 2023 3064 2093 iacrymis
3089 2043 3101 2077 :
3128 2028 3264 2082 unde
3291 2035 3347 2083 et
3372 2044 3494 2084 mox

1929 2106 2242 2176 petitionem
2285 2109 2512 2164 volentis
2540 2110 2609 2165 ab
2647 2126 2713 2166 eo
2760 2125 2997 2168 mutuum
3045 2117 3290 2186 accipere
3329 2117 3499 2173 adim-

1930 2198 2118 2266 plevit.
2148 2198 2214 2252 Et
2241 2199 2483 2268 sequenti
2513 2208 2666 2255 nocte
2693 2201 2834 2256 videt
2867 2204 2967 2257 dux
2989 2205 3125 2273 quod
3149 2215 3316 2262 staret
3339 2221 3500 2276 super
3538 2259 3540 2264 .

1930 2285 2098 2340 altare
2143 2286 2376 2356 quidam,
2419 2289 2503 2343 cui
2549 2288 2843 2345 offerebant
2893 2293 3040 2348 mnlti
3088 2293 3414 2364 oblationes;
3447 2308 3501 2355 et

1934 2389 2026 2439 per
2046 2390 2204 2430 unam
2253 2391 2411 2446 quam
2442 2379 2735 2449 ponebant,
2765 2383 3093 2450 accipiebant
3137 2393 3351 2442 centum
3402 2405 3502 2458 pro

1931 2463 2045 2534 ipsa
2073 2466 2139 2520 de
2165 2468 2338 2522 altari.
2373 2469 2499 2525 Erat
2533 2479 2708 2526 autem
2739 2480 2792 2527 et
2822 2474 3116 2540 patriarcha
3148 2486 3267 2546 post
3294 2487 3500 2552 tergum

1933 2552 2069 2621 ejus.
2122 2555 2340 2611 Jaccbat
2364 2572 2494 2627 ergo
2523 2574 2622 2613 una
2663 2561 2868 2616 oblatio
2899 2573 3020 2619 ante
3049 2580 3139 2621 eos
3169 2569 3219 2622 in
3251 2585 3356 2626 uno
3385 2585 3502 2627 sca-
3562 2575 3576 2589 '

1934 2657 2079 2711 mno,
2126 2654 2180 2700 et
2203 2645 2329 2700 dicit
2361 2648 2575 2716 quidam
2605 2649 2726 2706 duci
2761 2668 2774 2704 :
2811 2652 2974 2720 Vade,
3005 2655 3218 2713 domine
3247 2659 3381 2727 dux,
3406 2677 3501 2716 ac-

1933 2733 2050 2801 cipe
2090 2736 2409 2792 oblationem
2451 2739 2620 2806 illam,
2670 2751 2722 2798 et
2771 2741 2902 2800 offer
2943 2747 3008 2802 ad
3055 2751 3241 2819 altare,
3273 2762 3328 2808 et
3374 2756 3499 2810 tolle

1935 2839 2032 2893 pro
2065 2840 2126 2880 ea
2158 2841 2369 2882 centum
2399 2830 2716 2890 oblationes.
2765 2835 2856 2889 Illo
2885 2853 3011 2893 vero
3055 2841 3354 2910 pigritante,
3405 2859 3502 2900 cu-

1934 2917 2098 2974 currit
2127 2921 2444 2989 patriarcha,
2477 2922 2595 2980 licet
2624 2937 2742 2994 post
2771 2936 2890 2983 eum
2921 2939 3106 2996 staret,
3135 2942 3189 2988 et
3215 2934 3331 2990 tulit
3360 2934 3499 2992 hanc

1936 3017 2061 3064 ante
2089 3027 2232 3077 eum,
2266 3020 2320 3067 et
2346 3014 2552 3082 obtulit,
2601 3021 2908 3090 etaccepit,
2962 3022 3098 3078 sicut
3126 3039 3332 3095 omnes,
3384 3042 3506 3084 cen-

265 3132 392 3178 tem.
442 3123 530 3177 Ait
573 3122 716 3176 enim
764 3121 942 3176 divina
990 3119 1258 3189 Scriptura
1294 3137 1306 3170 ε
1341 3119 1632 3186 paupertas
1661 3115 1828 3170 virum
1861 3121 1910 3185 ο
1942 3110 2050 3155 tum
2077 3102 2142 3157 de
2184 3105 2354 3159 altari-
2393 3105 2663 3178 Evigilans
2690 3113 2888 3182 itaque.
2935 3131 3040 3170 non
3073 3127 3280 3186 poterat
3307 3123 3508 3178 discer-

265 3212 524 3267 bumiliat.
563 3213 626 3267 Et
655 3214 846 3268 iterum
878 3211 1040 3266 David
1065 3212 1166 3266 hoc
1192 3211 1389 3274 sciens,
1438 3209 1649 3265 dicebat
1677 3223 1692 3260 :
1732 3208 1833 3262 Bo-

265 3318 390 3357 num
419 3305 546 3359 mihi
571 3303 712 3372 quod
739 3312 793 3358 tu
813 3302 1103 3359 humiliasti
1134 3317 1240 3370 me,
1268 3313 1324 3357 ut
1353 3299 1552 3357 discam
1580 3299 1836 3370 justifies-

265 3398 440 3454 tiones
463 3413 576 3454 tuas
600 3397 770 3470 (Pani.
799 3399 1004 3466 cxvut).
1030 3398 1162 3454 Dum
1183 3399 1325 3454 enim
1347 3396 1503 3452 malis
1525 3396 1694 3452 factus
1719 3411 1835 3451 sum

264 3488 548 3557 obnoxius,
590 3489 712 3558 quia
759 3489 1024 3545 dationem
1062 3503 1158 3558 per
1183 3503 1374 3543 vanam
1398 3487 1619 3557 gloriam
1649 3486 1839 3555 perde-

264 3578 410 3643 bam,
465 3591 522 3633 et
567 3579 815 3647 quoniam
856 3593 950 3648 per
993 3578 1177 3632 vitium
1229 3592 1406 3631 meum
1447 3576 1672 3646 perdita:
1717 3587 1839 3630 sunt

265 3675 428 3720 tanta:
460 3667 716 3735 pecuniae,
747 3666 920 3721 habeo
947 3681 1085 3719 nunc
1111 3665 1366 3734 judicium
1395 3666 1696 3719 animarum
1723 3680 1840 3735 quae

264 3756 318 3812 in
349 3765 498 3810 arcto
528 3765 668 3810 sunt.
701 3756 918 3821 Verum,
953 3754 1306 3821 dilectissimi,
1333 3756 1420 3825 qui
1449 3764 1574 3810 tunc
1603 3766 1840 3824 tempore

265 3845 392 3917 justi
422 3845 562 3900 illius
587 3846 688 3902 Job
715 3844 816 3900 fuit
844 3845 1003 3912 Deus,
1035 3851 1088 3899 et
1116 3861 1254 3900 nunc
1286 3845 1424 3901 idem
1456 3847 1569 3915 ipse
1605 3855 1709 3913 est,
1751 3847 1838 3916 qui

269 3953 376 3991 non
410 3946 624 4007 propter
664 3946 955 4007 egestatem
1002 3952 1198 4002 meam,
1241 3937 1332 3992 sed
1374 3938 1444 3993 ob
1493 3938 1839 4008 indigentium

265 4029 665 4095 necessitatem,
694 4042 802 4083 non
830 4027 1166 4099 derelinquet
1195 4043 1310 4083 nos.
1345 4029 1460 4099 ipse
1490 4031 1629 4083 enim
1660 4029 1791 4084 dixit
1824 4048 1836 4083 :

264 4118 380 4172 Non
401 4126 453 4173 te
469 4119 738 4185 deseram,

265 4208 336 4263 Et
364 4223 548 4263 rursus
573 4225 586 4261 :
611 4208 844 4276 Quaerite
868 4210 1096 4277 primum
1127 4223 1345 4278 regnum
1371 4209 1482 4274 Dei,
1509 4221 1560 4264 et
1581 4211 1839 4279 justitiam

272 4300 411 4368 ejus,
453 4308 508 4354 et
532 4300 646 4355 base
669 4299 1184 4369 omnia-adﬁcientur
1206 4302 1355 4355 vobis
1379 4302 1592 4373 (Matth.
1626 4306 1717 4372 vr).
1747 4303 1836 4360 Vo.

265 4393 436 4446 lentes
479 4407 605 4462 ergo
644 4393 910 4448 consolari
957 4408 1078 4447 eum
1127 4394 1356 4448 civitatis
1403 4382 1753 4463 habitatores,
1783 4407 1842 4452 ut

820 4119 995 4189 deque
1046 4118 1414 4188 nerelinquam
1471 4115 1648 4187 (Hebr.
1687 4118 1854 4189 xm)-

1940 3207 2071 3248 nere
2099 3196 2386 3252 somnium.
2416 3199 2555 3254 Misit
2581 3211 2754 3260 autem
2781 3213 2834 3260 et
2858 3205 3073 3263 adduxit
3096 3223 3218 3264 eum
3249 3213 3338 3282 qui
3363 3216 3506 3270 vole-

1938 3284 2030 3340 bat
2076 3295 2317 3344 mutuum
2366 3292 2628 3362 accipere,
2667 3304 2725 3350 ut
2753 3306 3033 3366 praestaret
3056 3301 3226 3356 ei.'Et
3252 3318 3372 3358 cum
3420 3321 3508 3360 vc-

1941 3375 2140 3445 nisset,
2171 3379 2296 3434 dicit
2323 3381 2371 3436 ei
2420 3384 2786 3455 duszccipe
2835 3390 2973 3458 quod
3021 3393 3194 3460 petisti
3247 3403 3508 3450 mutuum.

1941 3465 2286 3538 Respondens
2311 3470 2421 3540 ille,
2453 3473 2583 3528 dixit
2611 3476 2658 3530 ei
2683 3493 2699 3530 :
2726 3479 2862 3534 Ante
2889 3481 3007 3534 tulit
3034 3483 3334 3539 mercedem
3363 3493 3502 3537 tuam

1939 3559 2185 3618 dominus
2216 3565 2535 3631 patriarcha.
2566 3568 2770 3624 Etenim
2797 3580 2846 3625 te
2868 3572 3083 3626 domino
3103 3574 3382 3630 dill‘erente
3404 3591 3514 3638 me,

1939 3654 2243 3720 compulsus
2272 3668 2387 3709 sum
2431 3657 2496 3709 ad
2529 3659 2675 3712 illum
2710 3671 2957 3731 tanquam
2983 3665 3051 3719 ad
3083 3675 3290 3734 portum
3329 3671 3509 3724 confu-

1939 3757 2097 3810 gere,
2131 3746 2294 3798 mttlta
2322 3749 2464 3800 enim
2494 3757 2610 3802 erat
2641 3751 2718 3805 vis
2750 3752 3126 3821 inquietudinis
3172 3767 3504 3815 exactorum.

1941 3834 2070 3887 Cum
2095 3848 2220 3904 ergo
2240 3837 2476 3891 audisset
2497 3837 2616 3904 hoc,
2649 3842 2824 3895 statim
2855 3844 3164 3900 recordatus
3191 3861 3268 3902 est
3293 3850 3508 3916 somnii,

1941 3932 1996 4008 et
2022 3924 2156 3979 dixit
2179 3941 2192 3979 :
2221 3925 2357 3982 Vere
2373 3928 2510 3983 bene
2530 3929 2706 3984 dixisti
2735 3950 2747 3984 :
2774 3934 2904 4000 Quia
2927 3945 3048 3990 ante
3071 3937 3189 3992 tulit
3210 3940 3510 3996 mercedem

1941 4022 2107 4071 tuam.
2137 4017 2273 4072 Ante
2305 4018 2425 4072 tulit
2453 4019 2614 4086 enim,
2666 4029 2721 4076 et
2749 4040 2827 4077 vae
2855 4025 2929 4078 illi
2955 4025 3040 4094 qui
3065 4028 3176 4083 vult
3202 4027 3380 4086 facere
3414 4031 3512 4086 bo-

1941 4122 2089 4173 num,
2122 4117 2176 4164 et
2205 4107 2399 4164 differt.
2434 4109 2502 4164 Et
2529 4113 2796 4167 enarravit
2819 4113 2866 4169 ei
2888 4123 2942 4170 et
2970 4118 3217 4173 omnibus
3247 4121 3511 4176 somnium

1941 4200 2078 4269 quod
2111 4200 2332 4256 viderat.

2011 4311 2140 4365 Car.
2174 4312 2342 4368 XXX.
2371 4345 2438 4355 —
2461 4315 2719 4386 Pergente
2747 4318 3025 4390 aliquando
3063 4334 3249 4378 sancto
3275 4326 3342 4378 ad
3373 4334 3510 4380 tem-

1945 4403 2088 4469 plum
2133 4417 2436 4462 sanctorum
2499 4409 2900 4467 victoriosorum
2951 4427 3241 4486 martyrum
3292 4419 3415 4487 Cyri
3462 4429 3513 4474 et

265 4482 466 4538 dictum
497 4493 599 4549 est,
628 4485 728 4552 ipsi
760 4484 926 4553 magis
957 4484 1154 4539 inventi
1194 4493 1321 4538 sunt
1347 4496 1558 4539 econtra
1588 4488 1832 4541 consola-
1865 4479 1916 4540 Ι)
1947 4496 2166 4554 Joannis
2185 4540 2201 4565 ,
2234 4501 2286 4555 in
2305 4502 2534 4570 gloriosa
2559 4518 2742 4559 eorum
2764 4508 3020 4562 memoria
3041 4509 3299 4564 orationis
3318 4495 3510 4581 gratia,

267 4571 466 4628 tionem
491 4573 556 4627 ab
578 4573 694 4642 ejus
712 4573 1037 4628 beatitudine
1061 4574 1344 4642 recepisse.
1364 4575 1530 4629 Nimis
1543 4589 1669 4646 ergo
1683 4576 1841 4632 breve

265 4647 478 4736 tempus
517 4668 792 4735 praeteriit,
823 4675 878 4722 et
913 4667 964 4722 in
987 4663 1212 4737 duplum
1241 4669 1470 4724 restituit
1516 4670 1658 4726 Deus
1705 4687 1842 4728 novo

266 4770 451 4812 nostro
470 4758 568 4814 Job
586 4759 894 4826 facultates;
921 4767 976 4815 et
995 4761 1183 4816 iterum
1203 4771 1317 4816 erat
1337 4763 1448 4830 ipse
1471 4763 1850 4833 magnanimus

266 4850 412 4905 circa
468 4849 911 4916 misericordiam,
967 4849 1189 4907 fortasse
1230 4862 1404 4908 autem
1436 4861 1488 4908 et
1539 4854 1841 4923 religiosior

265 4956 426 5010 quam
455 4953 606 4995 antea
640 4940 828 4995 fuerat.

341 5031 472 5088 Car.
493 5033 728 5088 XXVIII.
760 5033 934 5088 —-Ad.
953 5043 1245 5092 extremam
1269 5048 1628 5108 paupertatem
1656 5059 1842 5112 perve-

274 5121 439 5177 nienti
466 5125 672 5179 cuidam
702 5124 770 5179 de
791 5124 1095 5182 domesticis
1124 5128 1412 5198 ministris,
1445 5135 1656 5202 propria
1685 5151 1844 5191 manu

271 5213 370 5265 iste
399 5224 646 5280 sanctus,
677 5225 733 5270 ut
766 5219 936 5272 nullus
962 5219 1151 5286 sciret,
1181 5222 1314 5276 duas
1342 5223 1504 5277 libras
1523 5227 1638 5281 auri
1667 5227 1845 5295 ded.t;

273 5312 327 5357 et
358 5305 578 5360 audiens
617 5307 685 5360 ab
729 5309 1064 5376 accipiente:
1094 5312 1354 5378 Quoniam
1401 5313 1516 5368 l'lzec
1553 5318 1841 5387 accipiens,

271 5395 509 5464 domine,
540 5396 758 5450 ulterius
785 5413 886 5451 non
920 5399 1089 5454 habeo
1117 5403 1316 5460 vultum
1338 5405 1640 5461 intendendi
1670 5410 1721 5462 in
1745 5409 1844 5464 ho-

275 5489 570 5544 norabilem
601 5497 657 5543 et
701 5490 990 5558 angelicam
1023 5492 1206 5548 faciem
1256 5506 1424 5562 tuam,
1459 5514 1581 5554 vere
1627 5501 1842 5571 dignum

269 5579 452 5648 laude,
480 5589 538 5635 ut
568 5580 800 5649 sapiens,
833 5582 1039 5638 locutus
1066 5593 1149 5639 est
1176 5589 1394 5644 verbum
1421 5607 1433 5644 :
1460 5591 1726 5663 Nondum,
1761 5597 1840 5650 in-

268 5675 482 5744 quiens,
511 5687 821 5743 sangutnem
845 5689 1018 5730 meum
1043 5693 1137 5747 pro
1162 5690 1242 5742 te,
1275 5680 1456 5750 frater,
1487 5685 1675 5754 effudi,
1709 5689 1847 5745 sicut

580 5802 853 5870 ΡΑτιιοι.
902 5775 1019 5873 c'n.
1068 5813 1292 5879 xcm.

1949 4603 2177 4647 exeunte
2201 4603 2406 4661 partam
2438 4594 2696 4663 civitatis,
2730 4598 2967 4667 suscepit
2994 4614 3114 4654 eum
3161 4601 3350 4656 mulier
3394 4619 3514 4669 pro-

1948 4679 2154 4746 cidens,
2176 4690 2231 4736 et
2250 4682 2433 4760 di‘cens
2457 4703 2468 4736 :
2493 4684 2712 4740 Vindica
2736 4702 2842 4752 me,
2865 4688 3111 4757 quoniam
3141 4690 3386 4760 injuriam
3419 4709 3511 4763 pa-

1951 4771 2052 4826 tier
2080 4788 2108 4826 a
2133 4787 2331 4843 genero
2356 4790 2494 4830 meo.
2518 4777 2842 4841 Quibusdam
2861 4795 2983 4849 ergo
3005 4780 3072 4836 de
3093 4784 3348 4852 obsequio
3375 4783 3512 4852 ejus,

1949 4867 2036 4932 qui
2085 4866 2345 4921 habebant
2385 4868 2759 4923 confidentiam
2807 4870 2944 4939 apud
2987 4888 3130 4940 eum,
3177 4856 3513 4928 dicentibus:

1953 4957 2083 5022 Quia
2097 4972 2215 5011 cum
2233 4972 2480 5014 reversus
2493 4957 2679 5026 fueris,
2698 4974 2910 5016 causam
2932 4961 3046 5031 ejus
3059 4961 3239 5018 facies.
3267 4964 3512 5033 Respon-

1951 5046 2028 5101 dit
2081 5049 2510 5118 sapientissimus
2541 5066 2555 5102 :
2591 5051 2655 5104 Et
2699 5053 2964 5119 quomodo
3010 5053 3152 5108 Deus
3217 5055 3514 5110 orationem

1953 5148 2192 5197 nostram
2238 5139 2513 5208 suscipiet,
2559 5141 2605 5194 si
2628 5155 2728 5211 ego
2774 5143 2925 5198 istam
2973 5145 3362 5214 postposuero?
3389 5146 3518 5214 Quis

1953 5231 2081 5285 mihi
2113 5235 2400 5301 spopondit
2431 5241 2489 5286 ut
2521 5233 2690 5290 vivam
2721 5251 2820 5305 ego
2842 5236 2893 5290 in
2915 5235 3244 5292 crastinum?
3269 5224 3323 5293 et
3343 5238 3430 5293 ibo
3452 5241 3518 5325 ad

1953 5321 2246 5388 Christum,
2264 5339 2358 5392 pro
2373 5341 2432 5380 ea
2452 5326 2709 5382 rationem
2732 5328 3060 5383 redditurus?
3080 5330 3144 5406 git
3161 5343 3265 5384 non
3295 5321 3518 5385 recessit

1951 5411 2016 5465 de
2037 5412 2153 5466 loco
2176 5412 2286 5472 illo.
2305 5429 2473 5482 usque
2493 5416 2616 5470 dum
2640 5418 2779 5484 quod
2801 5418 2929 5472 satis
2952 5420 3000 5472 ei
3025 5430 3139 5474 erat
3163 5419 3271 5474 fieri
3293 5419 3515 5477 faceret.

2018 5501 2148 5556 Car.
2177 5502 2368 5558 XXXI.
2411 5534 2480 5544 —
2501 5507 2580 5560 Ad
2610 5507 2934 5563 voluntatem
2967 5508 3122 5579 igitur
3160 5511 3518 5568 memorabilis

1951 5591 2283 5671 ltujustqute
2315 5605 2425 5651 tota
2456 5597 2512 5652 in
2537 5597 2650 5654 Deo
2676 5609 2811 5663 erat,
2843 5601 2980 5654 misit
3013 5603 3059 5655 ei
3092 5601 3231 5655 Deus
3260 5603 3401 5658 viros
3426 5618 3516 5657 sa-

1954 5689 2156 5754 pientes
2185 5698 2238 5744 et
2263 5702 2474 5760 semper
2515 5693 2907 5759 memorandus,
2938 5693 3190 5750 Joannem
3214 5706 3268 5749 et
3283 5692 3511 5766 Sophro-

3133 5810 3210 5870 52
