  <div class='ocr_page' id='page_1' title='image "/cluster/home/n/w/nwhite01/storage/ocr_20150623/93/mdp.39015078384313/829.png"; bbox 0 0 3956 6220; ppageno 0'>
   <div class='ocr_carea' id='block_1_1' title="bbox 576 251 716 310">
    <p class='ocr_par' dir='ltr' id='par_1_1' title="bbox 576 251 716 310">
     <span class='ocr_line' id='line_1_1' title="bbox 576 251 716 310; baseline -0.014 0"><span class='ocrx_word' id='word_1_1' title='bbox 576 251 716 310; x_wconf 59' lang='grc'><strong>1613</strong></span> 
     </span>
    </p>
   </div>
   <div class='ocr_carea' id='block_1_2' title="bbox 1643 201 2779 307">
    <p class='ocr_par' dir='ltr' id='par_1_2' title="bbox 1643 201 2779 307">
     <span class='ocr_line' id='line_1_2' title="bbox 1643 201 2779 307; baseline -0.006 -12"><span class='ocrx_word' id='word_1_2' title='bbox 1643 238 1928 307; x_wconf 65' lang='lat' dir='ltr'><strong>Lanam</strong></span> <span class='ocrx_word' id='word_1_3' title='bbox 1966 231 2434 293; x_wconf 68' lang='lat' dir='ltr'><strong>NEAPOLITANI</strong></span> <span class='ocrx_word' id='word_1_4' title='bbox 2470 201 2779 289; x_wconf 65' lang='lat' dir='ltr'><strong>cpissent</strong></span> 
     </span>
    </p>
   </div>
   <div class='ocr_carea' id='block_1_3' title="bbox 3624 239 3716 297">
    <p class='ocr_par' dir='ltr' id='par_1_3' title="bbox 3624 239 3716 297">
     <span class='ocr_line' id='line_1_3' title="bbox 3624 239 3716 297; baseline 0.033 -3"><span class='ocrx_word' id='word_1_5' title='bbox 3624 239 3716 297; x_wconf 57' lang='lat' dir='ltr'><strong>ibi!</strong></span> 
     </span>
    </p>
   </div>
   <div class='ocr_carea' id='block_1_4' title="bbox 582 352 3704 432">
    <p class='ocr_par' dir='ltr' id='par_1_4' title="bbox 582 352 3704 432">
     <span class='ocr_line' id='line_1_4' title="bbox 582 352 3704 432; baseline -0.006 -4"><span class='ocrx_word' id='word_1_6' title='bbox 582 371 751 428; x_wconf 84' lang='lat' dir='ltr'><strong>nium.</strong></span> <span class='ocrx_word' id='word_1_7' title='bbox 780 365 1079 426; x_wconf 81' lang='lat' dir='ltr'><strong>Consiliarii</strong></span> <span class='ocrx_word' id='word_1_8' title='bbox 1110 368 1252 425; x_wconf 89' lang='lat' dir='ltr'><strong>enim</strong></span> <span class='ocrx_word' id='word_1_9' title='bbox 1291 373 1443 423; x_wconf 85' lang='lat' dir='ltr'><strong>erant</strong></span> <span class='ocrx_word' id='word_1_10' title='bbox 1472 366 1738 422; x_wconf 80' lang='lat' dir='ltr'><strong>veraciter</strong></span> <span class='ocrx_word' id='word_1_11' title='bbox 1767 362 1924 430; x_wconf 90' lang='lat' dir='ltr'><strong>boni,</strong></span> <span class='ocrx_word' id='word_1_12' title='bbox 1955 362 2148 432; x_wconf 83' lang='lat' dir='ltr'><strong>quibus</strong></span> <span class='ocrx_word' id='word_1_13' title='bbox 2175 358 2223 418; x_wconf 75' lang='grc' dir='ltr'><strong>Α</strong></span> <span class='ocrx_word' id='word_1_14' title='bbox 2251 354 2452 410; x_wconf 89' lang='lat' dir='ltr'><strong>versari</strong></span> <span class='ocrx_word' id='word_1_15' title='bbox 2503 354 2677 422; x_wconf 88' lang='lat' dir='ltr'><strong>hunc;</strong></span> <span class='ocrx_word' id='word_1_16' title='bbox 2728 353 2977 410; x_wconf 75' lang='lat' dir='ltr'><strong>dicebant</strong></span> <span class='ocrx_word' id='word_1_17' title='bbox 3002 353 3144 408; x_wconf 89' lang='lat' dir='ltr'><strong>enim</strong></span> <span class='ocrx_word' id='word_1_18' title='bbox 3193 352 3248 408; x_wconf 89' lang='lat' dir='ltr'><strong>hi</strong></span> <span class='ocrx_word' id='word_1_19' title='bbox 3288 353 3371 423; x_wconf 83' lang='lat' dir='ltr'><strong>qui</strong></span> <span class='ocrx_word' id='word_1_20' title='bbox 3395 353 3442 410; x_wconf 88' lang='lat' dir='ltr'><strong>in</strong></span> <span class='ocrx_word' id='word_1_21' title='bbox 3469 363 3704 410; x_wconf 82' lang='lat' dir='ltr'><strong>testamento</strong></span> 
     </span>
    </p>
   </div>
   <div class='ocr_carea' id='block_1_5' title="bbox 579 452 2138 531">
    <p class='ocr_par' dir='ltr' id='par_1_5' title="bbox 579 452 2138 531">
     <span class='ocr_line' id='line_1_5' title="bbox 579 452 2138 531; baseline -0.01 -13"><span class='ocrx_word' id='word_1_22' title='bbox 579 471 635 518; x_wconf 85' lang='lat' dir='ltr'><strong>et</strong></span> <span class='ocrx_word' id='word_1_23' title='bbox 663 472 912 530; x_wconf 89' lang='lat' dir='ltr'><strong>tanquam</strong></span> <span class='ocrx_word' id='word_1_24' title='bbox 944 460 1182 531; x_wconf 73' lang='lat' dir='ltr'><strong>patribus</strong></span> <span class='ocrx_word' id='word_1_25' title='bbox 1210 458 1495 514; x_wconf 78' lang='lat' dir='ltr'><strong>indiscrete</strong></span> <span class='ocrx_word' id='word_1_26' title='bbox 1521 455 1824 520; x_wconf 87' lang='lat' dir='ltr'><strong>obediebat,</strong></span> <span class='ocrx_word' id='word_1_27' title='bbox 1859 461 1913 508; x_wconf 90' lang='lat' dir='ltr'><strong>et</strong></span> <span class='ocrx_word' id='word_1_28' title='bbox 1938 452 2138 522; x_wconf 80' lang='lat' dir='ltr'><strong>gratias</strong></span> 
     </span>
    </p>
   </div>
   <div class='ocr_carea' id='block_1_6' title="bbox 573 543 2150 623">
    <p class='ocr_par' dir='ltr' id='par_1_6' title="bbox 573 543 2150 623">
     <span class='ocr_line' id='line_1_6' title="bbox 573 543 2150 623; baseline -0.006 -15"><span class='ocrx_word' id='word_1_29' title='bbox 573 550 787 622; x_wconf 85' lang='lat' dir='ltr'><strong>agebat,</strong></span> <span class='ocrx_word' id='word_1_30' title='bbox 830 560 1089 623; x_wconf 85' lang='lat' dir='ltr'><strong>tanquam</strong></span> <span class='ocrx_word' id='word_1_31' title='bbox 1139 550 1506 606; x_wconf 90' lang='lat' dir='ltr'><strong>constantibus</strong></span> <span class='ocrx_word' id='word_1_32' title='bbox 1554 546 1786 603; x_wconf 79' lang='lat' dir='ltr'><strong>maxime</strong></span> <span class='ocrx_word' id='word_1_33' title='bbox 1827 553 1882 600; x_wconf 89' lang='lat' dir='ltr'><strong>et</strong></span> <span class='ocrx_word' id='word_1_34' title='bbox 1925 543 2150 599; x_wconf 74' lang='lat' dir='ltr'><strong>viriliter</strong></span> 
     </span>
    </p>
   </div>
   <div class='ocr_carea' id='block_1_7' title="bbox 575 635 2149 713">
    <p class='ocr_par' dir='ltr' id='par_1_7' title="bbox 575 635 2149 713">
     <span class='ocr_line' id='line_1_7' title="bbox 575 635 2149 713; baseline -0.01 -8"><span class='ocrx_word' id='word_1_35' title='bbox 575 645 856 713; x_wconf 74' lang='lat' dir='ltr'><strong>agentibus</strong></span> <span class='ocrx_word' id='word_1_36' title='bbox 905 644 1163 699; x_wconf 86' lang='lat' dir='ltr'><strong>militibus</strong></span> <span class='ocrx_word' id='word_1_37' title='bbox 1213 657 1309 713; x_wconf 90' lang='lat' dir='ltr'><strong>pro</strong></span> <span class='ocrx_word' id='word_1_38' title='bbox 1360 644 1556 713; x_wconf 84' lang='lat' dir='ltr'><strong>pietate</strong></span> <span class='ocrx_word' id='word_1_39' title='bbox 1596 639 1890 709; x_wconf 78' lang='lat' dir='ltr'><strong>religionis.</strong></span> <span class='ocrx_word' id='word_1_40' title='bbox 1938 635 2149 692; x_wconf 85' lang='lat' dir='ltr'><strong>Etenim</strong></span> 
     </span>
    </p>
   </div>
   <div class='ocr_carea' id='block_1_8' title="bbox 577 726 2144 803">
    <p class='ocr_par' dir='ltr' id='par_1_8' title="bbox 577 726 2144 803">
     <span class='ocr_line' id='line_1_8' title="bbox 577 726 2144 803; baseline -0.008 -13"><span class='ocrx_word' id='word_1_41' title='bbox 577 735 746 790; x_wconf 80' lang='lat' dir='ltr'><strong>sancti</strong></span> <span class='ocrx_word' id='word_1_42' title='bbox 772 732 1000 803; x_wconf 84' lang='lat' dir='ltr'><strong>Spiritus</strong></span> <span class='ocrx_word' id='word_1_43' title='bbox 1028 734 1221 789; x_wconf 84' lang='lat' dir='ltr'><strong>virtute</strong></span> <span class='ocrx_word' id='word_1_44' title='bbox 1251 733 1395 797; x_wconf 84' lang='lat' dir='ltr'><strong>freti,</strong></span> <span class='ocrx_word' id='word_1_45' title='bbox 1427 740 1480 786; x_wconf 92' lang='lat' dir='ltr'><strong>et</strong></span> <span class='ocrx_word' id='word_1_46' title='bbox 1508 746 1630 787; x_wconf 90' lang='lat' dir='ltr'><strong>cum</strong></span> <span class='ocrx_word' id='word_1_47' title='bbox 1658 728 2005 785; x_wconf 85' lang='lat' dir='ltr'><strong>Severianitis</strong></span> <span class='ocrx_word' id='word_1_48' title='bbox 2028 726 2144 797; x_wconf 80' lang='grc'><strong>(75)</strong></span> 
     </span>
    </p>
   </div>
   <div class='ocr_carea' id='block_1_9' title="bbox 580 820 2152 896">
    <p class='ocr_par' dir='ltr' id='par_1_9' title="bbox 580 820 2152 896">
     <span class='ocr_line' id='line_1_9' title="bbox 580 820 2152 896; baseline -0.005 -16"><span class='ocrx_word' id='word_1_49' title='bbox 580 841 641 883; x_wconf 90' lang='lat' dir='ltr'><strong>ac</strong></span> <span class='ocrx_word' id='word_1_50' title='bbox 668 827 877 882; x_wconf 76' lang='lat' dir='ltr'><strong>caeteris</strong></span> <span class='ocrx_word' id='word_1_51' title='bbox 903 827 1041 882; x_wconf 90' lang='lat' dir='ltr'><strong>circa</strong></span> <span class='ocrx_word' id='word_1_52' title='bbox 1068 829 1338 896; x_wconf 81' lang='lat' dir='ltr'><strong>regionem</strong></span> <span class='ocrx_word' id='word_1_53' title='bbox 1357 824 1708 880; x_wconf 79' lang='lat' dir='ltr'><strong>existentibus</strong></span> <span class='ocrx_word' id='word_1_54' title='bbox 1729 821 2016 877; x_wconf 88' lang='lat' dir='ltr'><strong>immundis</strong></span> <span class='ocrx_word' id='word_1_55' title='bbox 2043 820 2152 873; x_wconf 72' lang='lat' dir='ltr'><strong>ha:-</strong></span> 
     </span>
    </p>
   </div>
   <div class='ocr_carea' id='block_1_10' title="bbox 578 911 2151 989">
    <p class='ocr_par' dir='ltr' id='par_1_10' title="bbox 578 911 2151 989">
     <span class='ocr_line' id='line_1_10' title="bbox 578 911 2151 989; baseline -0.006 -15"><span class='ocrx_word' id='word_1_56' title='bbox 578 920 756 975; x_wconf 87' lang='lat' dir='ltr'><strong>reticis</strong></span> <span class='ocrx_word' id='word_1_57' title='bbox 786 920 1042 987; x_wconf 85' lang='lat' dir='ltr'><strong>sapientia</strong></span> <span class='ocrx_word' id='word_1_58' title='bbox 1066 933 1178 989; x_wconf 87' lang='lat' dir='ltr'><strong>sua</strong></span> <span class='ocrx_word' id='word_1_59' title='bbox 1218 932 1281 973; x_wconf 89' lang='lat' dir='ltr'><strong>ac</strong></span> <span class='ocrx_word' id='word_1_60' title='bbox 1324 914 1767 986; x_wconf 86' lang='lat' dir='ltr'><strong>disputationibus</strong></span> <span class='ocrx_word' id='word_1_61' title='bbox 1801 928 2025 984; x_wconf 79' lang='lat' dir='ltr'><strong>pugnam</strong></span> <span class='ocrx_word' id='word_1_62' title='bbox 2054 911 2151 965; x_wconf 83' lang='lat' dir='ltr'><strong>ha-</strong></span> 
     </span>
    </p>
   </div>
   <div class='ocr_carea' id='block_1_11' title="bbox 580 1002 2152 1077">
    <p class='ocr_par' dir='ltr' id='par_1_11' title="bbox 580 1002 2152 1077">
     <span class='ocr_line' id='line_1_11' title="bbox 580 1002 2152 1077; baseline -0.006 -10"><span class='ocrx_word' id='word_1_63' title='bbox 580 1009 764 1067; x_wconf 87' lang='lat' dir='ltr'><strong>bentes</strong></span> <span class='ocrx_word' id='word_1_64' title='bbox 786 1020 838 1065; x_wconf 91' lang='lat' dir='ltr'><strong>et</strong></span> <span class='ocrx_word' id='word_1_65' title='bbox 881 1008 1211 1076; x_wconf 78' lang='lat' dir='ltr'><strong>conflictum,</strong></span> <span class='ocrx_word' id='word_1_66' title='bbox 1252 1008 1413 1063; x_wconf 89' lang='lat' dir='ltr'><strong>multa</strong></span> <span class='ocrx_word' id='word_1_67' title='bbox 1458 1006 1668 1077; x_wconf 87' lang='lat' dir='ltr'><strong>quidem</strong></span> <span class='ocrx_word' id='word_1_68' title='bbox 1695 1005 1934 1071; x_wconf 87' lang='lat' dir='ltr'><strong>castella,</strong></span> <span class='ocrx_word' id='word_1_69' title='bbox 1960 1002 2152 1072; x_wconf 91' lang='lat' dir='ltr'><strong>plures-</strong></span> 
     </span>
    </p>
   </div>
   <div class='ocr_carea' id='block_1_12' title="bbox 580 1094 2147 1182">
    <p class='ocr_par' dir='ltr' id='par_1_12' title="bbox 580 1094 2147 1182">
     <span class='ocr_line' id='line_1_12' title="bbox 580 1094 2147 1182; baseline -0.005 -28"><span class='ocrx_word' id='word_1_70' title='bbox 580 1116 684 1170; x_wconf 87' lang='lat' dir='ltr'><strong>que</strong></span> <span class='ocrx_word' id='word_1_71' title='bbox 709 1100 982 1168; x_wconf 77' lang='lat' dir='ltr'><strong>ecclesias,</strong></span> <span class='ocrx_word' id='word_1_72' title='bbox 1012 1100 1261 1156; x_wconf 87' lang='lat' dir='ltr'><strong>similiter</strong></span> <span class='ocrx_word' id='word_1_73' title='bbox 1298 1107 1352 1153; x_wconf 90' lang='lat' dir='ltr'><strong>et</strong></span> <span class='ocrx_word' id='word_1_74' title='bbox 1379 1098 1699 1153; x_wconf 87' lang='lat' dir='ltr'><strong>monasteria</strong></span> <span class='ocrx_word' id='word_1_75' title='bbox 1746 1096 1812 1150; x_wconf 89' lang='lat' dir='ltr'><strong>ab</strong></span> <span class='ocrx_word' id='word_1_76' title='bbox 1841 1110 1934 1150; x_wconf 91' lang='lat' dir='ltr'><strong>ore</strong></span> <span class='ocrx_word' id='word_1_77' title='bbox 1964 1094 2147 1182; x_wconf 76' lang='lat' dir='ltr'><strong>talium</strong></span> 
     </span>
    </p>
   </div>
   <div class='ocr_carea' id='block_1_13' title="bbox 581 1183 2150 1259">
    <p class='ocr_par' dir='ltr' id='par_1_13' title="bbox 581 1183 2150 1259">
     <span class='ocr_line' id='line_1_13' title="bbox 581 1183 2150 1259; baseline -0.005 -13"><span class='ocrx_word' id='word_1_78' title='bbox 581 1191 891 1253; x_wconf 88' lang='lat' dir='ltr'><strong>bestiarum,</strong></span> <span class='ocrx_word' id='word_1_79' title='bbox 928 1198 1177 1259; x_wconf 87' lang='lat' dir='ltr'><strong>tanquam</strong></span> <span class='ocrx_word' id='word_1_80' title='bbox 1213 1189 1336 1244; x_wconf 89' lang='lat' dir='ltr'><strong>boni</strong></span> <span class='ocrx_word' id='word_1_81' title='bbox 1366 1196 1639 1256; x_wconf 86' lang='lat' dir='ltr'><strong>pastores,</strong></span> <span class='ocrx_word' id='word_1_82' title='bbox 1672 1185 1904 1241; x_wconf 86' lang='lat' dir='ltr'><strong>evellere</strong></span> <span class='ocrx_word' id='word_1_83' title='bbox 1933 1183 2150 1238; x_wconf 63' lang='lat' dir='ltr'><strong>studueo</strong></span> 
     </span>
    </p>
   </div>
   <div class='ocr_carea' id='block_1_14' title="bbox 564 1273 2144 1347">
    <p class='ocr_par' dir='ltr' id='par_1_14' title="bbox 564 1273 2144 1347">
     <span class='ocr_line' id='line_1_14' title="bbox 564 1273 2144 1347; baseline -0.004 -14"><span class='ocrx_word' id='word_1_84' title='bbox 564 1288 722 1346; x_wconf 36' lang='lat' dir='ltr'><strong>Irunt,</strong></span> <span class='ocrx_word' id='word_1_85' title='bbox 757 1287 971 1346; x_wconf 78' lang='lat' dir='ltr'><strong>propter</strong></span> <span class='ocrx_word' id='word_1_86' title='bbox 992 1276 1130 1347; x_wconf 90' lang='lat' dir='ltr'><strong>quod</strong></span> <span class='ocrx_word' id='word_1_87' title='bbox 1160 1285 1214 1330; x_wconf 93' lang='lat' dir='ltr'><strong>et</strong></span> <span class='ocrx_word' id='word_1_88' title='bbox 1239 1277 1468 1330; x_wconf 78' lang='lat' dir='ltr'><strong>maxime</strong></span> <span class='ocrx_word' id='word_1_89' title='bbox 1513 1273 1800 1344; x_wconf 88' lang='lat' dir='ltr'><strong>plurimum</strong></span> <span class='ocrx_word' id='word_1_90' title='bbox 1848 1273 2144 1328; x_wconf 81' lang='lat' dir='ltr'><strong>honorabat</strong></span> 
     </span>
    </p>
   </div>
   <div class='ocr_carea' id='block_1_15' title="bbox 2253 442 3706 515">
    <p class='ocr_par' dir='ltr' id='par_1_15' title="bbox 2253 442 3706 515">
     <span class='ocr_line' id='line_1_15' title="bbox 2253 442 3706 515; baseline 0.001 -15"><span class='ocrx_word' id='word_1_91' title='bbox 2253 445 2417 515; x_wconf 84' lang='lat' dir='ltr'><strong>patris</strong></span> <span class='ocrx_word' id='word_1_92' title='bbox 2444 444 2562 515; x_wconf 84' lang='lat' dir='ltr'><strong>cjus</strong></span> <span class='ocrx_word' id='word_1_93' title='bbox 2588 444 2789 501; x_wconf 79' lang='lat' dir='ltr'><strong>inventi</strong></span> <span class='ocrx_word' id='word_1_94' title='bbox 2824 453 2950 500; x_wconf 82' lang='lat' dir='ltr'><strong>sunt</strong></span> <span class='ocrx_word' id='word_1_95' title='bbox 2986 450 3174 511; x_wconf 81' lang='lat' dir='ltr'><strong>testes,</strong></span> <span class='ocrx_word' id='word_1_96' title='bbox 3210 443 3333 512; x_wconf 86' lang='lat' dir='ltr'><strong>quia</strong></span> <span class='ocrx_word' id='word_1_97' title='bbox 3368 456 3460 498; x_wconf 87' lang='lat' dir='ltr'><strong>non</strong></span> <span class='ocrx_word' id='word_1_98' title='bbox 3483 442 3642 499; x_wconf 85' lang='lat' dir='ltr'><strong>dimisit</strong></span> <span class='ocrx_word' id='word_1_99' title='bbox 3657 447 3706 513; x_wconf 87' lang='lat' dir='ltr'><strong>ei,</strong></span> 
     </span>
    </p>
   </div>
   <div class='ocr_carea' id='block_1_16' title="bbox 2250 534 3709 606">
    <p class='ocr_par' dir='ltr' id='par_1_16' title="bbox 2250 534 3709 606">
     <span class='ocr_line' id='line_1_16' title="bbox 2250 534 3709 606; baseline -0.003 -14"><span class='ocrx_word' id='word_1_100' title='bbox 2250 534 2483 601; x_wconf 87' lang='lat' dir='ltr'><strong>domine,</strong></span> <span class='ocrx_word' id='word_1_101' title='bbox 2532 545 2683 606; x_wconf 85' lang='lat' dir='ltr'><strong>pater</strong></span> <span class='ocrx_word' id='word_1_102' title='bbox 2727 537 2842 606; x_wconf 83' lang='lat' dir='ltr'><strong>ejus</strong></span> <span class='ocrx_word' id='word_1_103' title='bbox 2873 535 3109 591; x_wconf 86' lang='lat' dir='ltr'><strong>moriens</strong></span> <span class='ocrx_word' id='word_1_104' title='bbox 3136 549 3305 606; x_wconf 86' lang='lat' dir='ltr'><strong>usque</strong></span> <span class='ocrx_word' id='word_1_105' title='bbox 3330 535 3390 588; x_wconf 89' lang='lat' dir='ltr'><strong>ad</strong></span> <span class='ocrx_word' id='word_1_106' title='bbox 3412 548 3553 588; x_wconf 84' lang='lat' dir='ltr'><strong>unum</strong></span> <span class='ocrx_word' id='word_1_107' title='bbox 3587 537 3709 590; x_wconf 83' lang='lat' dir='ltr'><strong>nunti-</strong></span> 
     </span>
    </p>
   </div>
   <div class='ocr_carea' id='block_1_17' title="bbox 2249 622 3712 693">
    <p class='ocr_par' dir='ltr' id='par_1_17' title="bbox 2249 622 3712 693">
     <span class='ocr_line' id='line_1_17' title="bbox 2249 622 3712 693; baseline -0.001 -13"><span class='ocrx_word' id='word_1_108' title='bbox 2249 637 2401 693; x_wconf 85' lang='lat' dir='ltr'><strong>sma;</strong></span> <span class='ocrx_word' id='word_1_109' title='bbox 2452 624 2565 681; x_wconf 83' lang='lat' dir='ltr'><strong>sed-</strong></span> <span class='ocrx_word' id='word_1_110' title='bbox 2595 625 2795 682; x_wconf 87' lang='lat' dir='ltr'><strong>habens</strong></span> <span class='ocrx_word' id='word_1_111' title='bbox 2838 624 3024 681; x_wconf 86' lang='lat' dir='ltr'><strong>decem</strong></span> <span class='ocrx_word' id='word_1_112' title='bbox 3075 622 3238 678; x_wconf 87' lang='lat' dir='ltr'><strong>libras</strong></span> <span class='ocrx_word' id='word_1_113' title='bbox 3266 623 3394 687; x_wconf 85' lang='lat' dir='ltr'><strong>auri,</strong></span> <span class='ocrx_word' id='word_1_114' title='bbox 3436 623 3609 678; x_wconf 88' lang='lat' dir='ltr'><strong>adducit</strong></span> <span class='ocrx_word' id='word_1_115' title='bbox 3627 638 3712 678; x_wconf 78' lang='lat' dir='ltr'><strong>eam</strong></span> 
     </span>
    </p>
   </div>
   <div class='ocr_carea' id='block_1_18' title="bbox 2249 713 3711 788">
    <p class='ocr_par' dir='ltr' id='par_1_18' title="bbox 2249 713 3711 788">
     <span class='ocr_line' id='line_1_18' title="bbox 2249 713 3711 788; baseline -0.003 -17"><span class='ocrx_word' id='word_1_116' title='bbox 2249 716 2363 788; x_wconf 91' lang='lat' dir='ltr'><strong>ipsa</strong></span> <span class='ocrx_word' id='word_1_117' title='bbox 2391 715 2518 772; x_wconf 92' lang='lat' dir='ltr'><strong>hora</strong></span> <span class='ocrx_word' id='word_1_118' title='bbox 2547 715 2757 786; x_wconf 86' lang='lat' dir='ltr'><strong>quando</strong></span> <span class='ocrx_word' id='word_1_119' title='bbox 2778 723 3151 771; x_wconf 80' lang='lat' dir='ltr'><strong>testamentum</strong></span> <span class='ocrx_word' id='word_1_120' title='bbox 3176 713 3449 778; x_wconf 80' lang='lat' dir='ltr'><strong>scribebat,</strong></span> <span class='ocrx_word' id='word_1_121' title='bbox 3466 720 3512 768; x_wconf 89' lang='lat' dir='ltr'><strong>et</strong></span> <span class='ocrx_word' id='word_1_122' title='bbox 3528 714 3625 767; x_wconf 82' lang='lat' dir='ltr'><strong>dicit</strong></span> <span class='ocrx_word' id='word_1_123' title='bbox 3646 714 3711 767; x_wconf 86' lang='lat' dir='ltr'><strong>ei:</strong></span> 
     </span>
    </p>
   </div>
   <div class='ocr_carea' id='block_1_19' title="bbox 2251 801 3713 869">
    <p class='ocr_par' dir='ltr' id='par_1_19' title="bbox 2251 801 3713 869">
     <span class='ocr_line' id='line_1_19' title="bbox 2251 801 3713 869; baseline -0.004 -9"><span class='ocrx_word' id='word_1_124' title='bbox 2251 806 2360 861; x_wconf 84' lang='lat' dir='ltr'><strong>Has</strong></span> <span class='ocrx_word' id='word_1_125' title='bbox 2386 805 2571 861; x_wconf 88' lang='lat' dir='ltr'><strong>decem</strong></span> <span class='ocrx_word' id='word_1_126' title='bbox 2602 806 2761 861; x_wconf 91' lang='lat' dir='ltr'><strong>libras</strong></span> <span class='ocrx_word' id='word_1_127' title='bbox 2790 804 2948 869; x_wconf 87' lang='lat' dir='ltr'><strong>habe,</strong></span> <span class='ocrx_word' id='word_1_128' title='bbox 2981 804 3055 858; x_wconf 86' lang='lat' dir='ltr'><strong>Illi</strong></span> <span class='ocrx_word' id='word_1_129' title='bbox 3094 802 3187 857; x_wconf 87' lang='lat' dir='ltr'><strong>mi.</strong></span> <span class='ocrx_word' id='word_1_130' title='bbox 3220 801 3376 868; x_wconf 82' lang='lat' dir='ltr'><strong>Quid,</strong></span> <span class='ocrx_word' id='word_1_131' title='bbox 3418 802 3491 855; x_wconf 87' lang='lat' dir='ltr'><strong>vis</strong></span> <span class='ocrx_word' id='word_1_132' title='bbox 3521 802 3713 855; x_wconf 70' lang='lat' dir='ltr'><strong>dimittam</strong></span> 
     </span>
    </p>
   </div>
   <div class='ocr_carea' id='block_1_20' title="bbox 2251 890 3721 961">
    <p class='ocr_par' dir='ltr' id='par_1_20' title="bbox 2251 890 3721 961">
     <span class='ocr_line' id='line_1_20' title="bbox 2251 890 3721 961; baseline -0.007 -7"><span class='ocrx_word' id='word_1_133' title='bbox 2251 896 2344 954; x_wconf 82' lang='lat' dir='ltr'><strong>tibi</strong></span> <span class='ocrx_word' id='word_1_134' title='bbox 2373 896 2523 961; x_wconf 86' lang='lat' dir='ltr'><strong>istas,</strong></span> <span class='ocrx_word' id='word_1_135' title='bbox 2551 909 2617 951; x_wconf 87' lang='lat' dir='ltr'><strong>an</strong></span> <span class='ocrx_word' id='word_1_136' title='bbox 2646 896 2727 951; x_wconf 83' lang='lat' dir='ltr'><strong>vis</strong></span> <span class='ocrx_word' id='word_1_137' title='bbox 2754 895 3036 950; x_wconf 83' lang='lat' dir='ltr'><strong>Dominam</strong></span> <span class='ocrx_word' id='word_1_138' title='bbox 3066 907 3236 947; x_wconf 86' lang='lat' dir='ltr'><strong>meam</strong></span> <span class='ocrx_word' id='word_1_139' title='bbox 3264 891 3357 947; x_wconf 85' lang='lat' dir='ltr'><strong>Dei</strong></span> <span class='ocrx_word' id='word_1_140' title='bbox 3382 890 3639 961; x_wconf 75' lang='lat' dir='ltr'><strong>genitricem</strong></span> <span class='ocrx_word' id='word_1_141' title='bbox 3653 904 3721 944; x_wconf 83' lang='lat' dir='ltr'><strong>eu-</strong></span> 
     </span>
    </p>
   </div>
   <div class='ocr_carea' id='block_1_21' title="bbox 2249 980 3715 1055">
    <p class='ocr_par' dir='ltr' id='par_1_21' title="bbox 2249 980 3715 1055">
     <span class='ocr_line' id='line_1_21' title="bbox 2249 980 3715 1055; baseline -0.008 -13"><span class='ocrx_word' id='word_1_142' title='bbox 2249 995 2481 1043; x_wconf 90' lang='lat' dir='ltr'><strong>ratorem</strong></span> <span class='ocrx_word' id='word_1_143' title='bbox 2502 993 2557 1040; x_wconf 92' lang='lat' dir='ltr'><strong>et</strong></span> <span class='ocrx_word' id='word_1_144' title='bbox 2578 983 2944 1055; x_wconf 76' lang='lat' dir='ltr'><strong>provisor-emi</strong></span> <span class='ocrx_word' id='word_1_145' title='bbox 2974 982 3156 1038; x_wconf 82' lang='lat' dir='ltr'><strong>Puero</strong></span> <span class='ocrx_word' id='word_1_146' title='bbox 3173 994 3301 1036; x_wconf 85' lang='lat' dir='ltr'><strong>vero</strong></span> <span class='ocrx_word' id='word_1_147' title='bbox 3321 980 3528 1050; x_wconf 85' lang='lat' dir='ltr'><strong>eligente</strong></span> <span class='ocrx_word' id='word_1_148' title='bbox 3542 986 3715 1033; x_wconf 76' lang='lat' dir='ltr'><strong>sanetam</strong></span> 
     </span>
    </p>
   </div>
   <div class='ocr_carea' id='block_1_22' title="bbox 2252 1071 3720 1148">
    <p class='ocr_par' dir='ltr' id='par_1_22' title="bbox 2252 1071 3720 1148">
     <span class='ocr_line' id='line_1_22' title="bbox 2252 1071 3720 1148; baseline -0.006 -15"><span class='ocrx_word' id='word_1_149' title='bbox 2252 1078 2345 1134; x_wconf 88' lang='lat' dir='ltr'><strong>Dei</strong></span> <span class='ocrx_word' id='word_1_150' title='bbox 2375 1076 2707 1148; x_wconf 75' lang='lat' dir='ltr'><strong>genitricem,</strong></span> <span class='ocrx_word' id='word_1_151' title='bbox 2758 1075 3015 1145; x_wconf 62' lang='lat' dir='ltr'><strong>pracepit</strong></span> <span class='ocrx_word' id='word_1_152' title='bbox 3063 1074 3193 1128; x_wconf 85' lang='lat' dir='ltr'><strong>dare</strong></span> <span class='ocrx_word' id='word_1_153' title='bbox 3237 1082 3419 1128; x_wconf 85' lang='lat' dir='ltr'><strong>cuncta</strong></span> <span class='ocrx_word' id='word_1_154' title='bbox 3464 1071 3720 1140; x_wconf 70' lang='lat' dir='ltr'><strong>pauperum.</strong></span> 
     </span>
    </p>
   </div>
   <div class='ocr_carea' id='block_1_23' title="bbox 2250 1160 3719 1235">
    <p class='ocr_par' dir='ltr' id='par_1_23' title="bbox 2250 1160 3719 1235">
     <span class='ocr_line' id='line_1_23' title="bbox 2250 1160 3719 1235; baseline -0.006 -13"><span class='ocrx_word' id='word_1_155' title='bbox 2250 1166 2315 1222; x_wconf 85' lang='lat' dir='ltr'><strong>Et</strong></span> <span class='ocrx_word' id='word_1_156' title='bbox 2340 1181 2484 1231; x_wconf 86' lang='lat' dir='ltr'><strong>ecce,</strong></span> <span class='ocrx_word' id='word_1_157' title='bbox 2517 1165 2786 1235; x_wconf 86' lang='lat' dir='ltr'><strong>inquiunt,</strong></span> <span class='ocrx_word' id='word_1_158' title='bbox 2812 1162 3170 1228; x_wconf 85' lang='lat' dir='ltr'><strong>sanctissime,</strong></span> <span class='ocrx_word' id='word_1_159' title='bbox 3203 1162 3257 1216; x_wconf 89' lang='lat' dir='ltr'><strong>in</strong></span> <span class='ocrx_word' id='word_1_160' title='bbox 3286 1161 3444 1216; x_wconf 86' lang='lat' dir='ltr'><strong>multa</strong></span> <span class='ocrx_word' id='word_1_161' title='bbox 3468 1160 3610 1228; x_wconf 87' lang='lat' dir='ltr'><strong>inopia</strong></span> <span class='ocrx_word' id='word_1_162' title='bbox 3631 1172 3719 1213; x_wconf 81' lang='lat' dir='ltr'><strong>cott-</strong></span> 
     </span>
    </p>
   </div>
   <div class='ocr_carea' id='block_1_24' title="bbox 2250 1249 3723 1323">
    <p class='ocr_par' dir='ltr' id='par_1_24' title="bbox 2250 1249 3723 1323">
     <span class='ocr_line' id='line_1_24' title="bbox 2250 1249 3723 1323; baseline -0.007 -10"><span class='ocrx_word' id='word_1_163' title='bbox 2250 1257 2413 1323; x_wconf 89' lang='lat' dir='ltr'><strong>sistit,</strong></span> <span class='ocrx_word' id='word_1_164' title='bbox 2455 1265 2612 1312; x_wconf 89' lang='lat' dir='ltr'><strong>nocte</strong></span> <span class='ocrx_word' id='word_1_165' title='bbox 2636 1270 2701 1311; x_wconf 85' lang='lat' dir='ltr'><strong>ac</strong></span> <span class='ocrx_word' id='word_1_166' title='bbox 2723 1254 2811 1310; x_wconf 89' lang='lat' dir='ltr'><strong>die</strong></span> <span class='ocrx_word' id='word_1_167' title='bbox 2833 1254 3050 1309; x_wconf 89' lang='lat' dir='ltr'><strong>domum</strong></span> <span class='ocrx_word' id='word_1_168' title='bbox 3092 1253 3335 1307; x_wconf 63' lang='lat' dir='ltr'><strong>Dominae</strong></span> <span class='ocrx_word' id='word_1_169' title='bbox 3360 1260 3538 1306; x_wconf 73' lang='lat' dir='ltr'><strong>nostra</strong></span> <span class='ocrx_word' id='word_1_170' title='bbox 3561 1265 3642 1304; x_wconf 87' lang='lat' dir='ltr'><strong>non</strong></span> <span class='ocrx_word' id='word_1_171' title='bbox 3662 1249 3723 1303; x_wconf 61' lang='lat' dir='ltr'><strong>deo</strong></span> 
     </span>
    </p>
   </div>
   <div class='ocr_carea' id='block_1_25' title="bbox 2249 1342 3724 1418">
    <p class='ocr_par' dir='ltr' id='par_1_25' title="bbox 2249 1342 3724 1418">
     <span class='ocr_line' id='line_1_25' title="bbox 2249 1342 3724 1418; baseline -0.009 -11"><span class='ocrx_word' id='word_1_172' title='bbox 2249 1364 2455 1407; x_wconf 87' lang='lat' dir='ltr'><strong>serens.</strong></span> <span class='ocrx_word' id='word_1_173' title='bbox 2482 1349 2618 1405; x_wconf 90' lang='lat' dir='ltr'><strong>Cum</strong></span> <span class='ocrx_word' id='word_1_174' title='bbox 2661 1362 2788 1418; x_wconf 87' lang='lat' dir='ltr'><strong>ergo</strong></span> <span class='ocrx_word' id='word_1_175' title='bbox 2814 1346 2931 1402; x_wconf 65' lang='lat' dir='ltr'><strong>hac</strong></span> <span class='ocrx_word' id='word_1_176' title='bbox 2958 1345 3193 1401; x_wconf 84' lang='lat' dir='ltr'><strong>audisset</strong></span> <span class='ocrx_word' id='word_1_177' title='bbox 3223 1358 3255 1399; x_wconf 89' lang='lat' dir='ltr'><strong>a</strong></span> <span class='ocrx_word' id='word_1_178' title='bbox 3284 1342 3553 1399; x_wconf 75' lang='lat' dir='ltr'><strong>scientibus</strong></span> <span class='ocrx_word' id='word_1_179' title='bbox 3573 1348 3724 1395; x_wconf 71' lang='lat' dir='ltr'><strong>sancta</strong></span> 
     </span>
    </p>
   </div>
   <div class='ocr_carea' id='block_1_26' title="bbox 649 1428 3727 1534">
    <p class='ocr_par' dir='ltr' id='par_1_26' title="bbox 649 1428 3727 1534">
     <span class='ocr_line' id='line_1_26' title="bbox 649 1428 3727 1534; baseline -0.004 -22"><span class='ocrx_word' id='word_1_180' title='bbox 649 1458 779 1512; x_wconf 77' lang='lat' dir='ltr'><strong>Car.</strong></span> <span class='ocrx_word' id='word_1_181' title='bbox 811 1455 1023 1511; x_wconf 77' lang='lat' dir='ltr'><strong>XXXII.</strong></span> <span class='ocrx_word' id='word_1_182' title='bbox 1053 1454 1179 1511; x_wconf 89' lang='lat' dir='ltr'><strong>—Si</strong></span> <span class='ocrx_word' id='word_1_183' title='bbox 1193 1468 1320 1510; x_wconf 88' lang='lat' dir='ltr'><strong>vero</strong></span> <span class='ocrx_word' id='word_1_184' title='bbox 1339 1453 1529 1510; x_wconf 90' lang='lat' dir='ltr'><strong>alicubi</strong></span> <span class='ocrx_word' id='word_1_185' title='bbox 1546 1453 1774 1524; x_wconf 89' lang='lat' dir='ltr'><strong>aliquem</strong></span> <span class='ocrx_word' id='word_1_186' title='bbox 1791 1452 1982 1508; x_wconf 90' lang='lat' dir='ltr'><strong>durum</strong></span> <span class='ocrx_word' id='word_1_187' title='bbox 2002 1459 2055 1507; x_wconf 90' lang='lat' dir='ltr'><strong>et</strong></span> <span class='ocrx_word' id='word_1_188' title='bbox 2076 1452 2151 1506; x_wconf 90' lang='lat' dir='ltr'><strong>iu-</strong></span> <span class='ocrx_word' id='word_1_189' title='bbox 2250 1440 2358 1534; x_wconf 42' lang='lat' dir='ltr'><strong>hic.</strong></span> <span class='ocrx_word' id='word_1_190' title='bbox 2390 1439 2589 1495; x_wconf 74' lang='grc' dir='ltr'><strong>ηεῐηίηί</strong></span> <span class='ocrx_word' id='word_1_191' title='bbox 2629 1438 2829 1534; x_wconf 34' lang='lat' dir='ltr'><strong>aliquid</strong></span> <span class='ocrx_word' id='word_1_192' title='bbox 2856 1436 3066 1534; x_wconf 43' lang='lat' dir='ltr'><strong>dicetis»</strong></span> <span class='ocrx_word' id='word_1_193' title='bbox 3097 1434 3317 1534; x_wconf 63' lang='grc' dir='ltr'><strong>ιάάιξείι</strong></span> 
     </span>
    </p>
   </div>
   <div class='ocr_carea' id='block_1_27' title="bbox 566 1526 2141 1616">
    <p class='ocr_par' dir='ltr' id='par_1_27' title="bbox 566 1544 2141 1616">
     <span class='ocr_line' id='line_1_27' title="bbox 566 1544 2141 1616; baseline -0.003 -14"><span class='ocrx_word' id='word_1_194' title='bbox 566 1548 870 1602; x_wconf 60' lang='lat' dir='ltr'><strong>“humanum</strong></span> <span class='ocrx_word' id='word_1_195' title='bbox 894 1556 950 1601; x_wconf 94' lang='lat' dir='ltr'><strong>ct</strong></span> <span class='ocrx_word' id='word_1_196' title='bbox 986 1560 1357 1616; x_wconf 85' lang='lat' dir='ltr'><strong>percussorem</strong></span> <span class='ocrx_word' id='word_1_197' title='bbox 1379 1544 1518 1601; x_wconf 90' lang='lat' dir='ltr'><strong>circa</strong></span> <span class='ocrx_word' id='word_1_198' title='bbox 1542 1544 1785 1616; x_wconf 89' lang='lat' dir='ltr'><strong>proprios</strong></span> <span class='ocrx_word' id='word_1_199' title='bbox 1805 1559 1991 1601; x_wconf 87' lang='lat' dir='ltr'><strong>servos</strong></span> <span class='ocrx_word' id='word_1_200' title='bbox 2026 1559 2141 1600; x_wconf 91' lang='lat' dir='ltr'><strong>sen-</strong></span> 
     </span>
    </p>
   </div>
   <div class='ocr_carea' id='block_1_28' title="bbox 2243 1526 3727 1616">
    <p class='ocr_par' dir='ltr' id='par_1_28' title="bbox 2249 1526 3727 1596">
     <span class='ocr_line' id='line_1_28' title="bbox 2249 1526 3727 1596; baseline -0.01 -9"><span class='ocrx_word' id='word_1_201' title='bbox 2249 1531 2489 1596; x_wconf 90' lang='lat' dir='ltr'><strong>Iionem;</strong></span> <span class='ocrx_word' id='word_1_202' title='bbox 2540 1539 2597 1586; x_wconf 89' lang='lat' dir='ltr'><strong>et</strong></span> <span class='ocrx_word' id='word_1_203' title='bbox 2642 1529 2893 1584; x_wconf 86' lang='lat' dir='ltr'><strong>narrabat</strong></span> <span class='ocrx_word' id='word_1_204' title='bbox 2936 1529 2987 1584; x_wconf 90' lang='lat' dir='ltr'><strong>ei</strong></span> <span class='ocrx_word' id='word_1_205' title='bbox 3022 1540 3157 1591; x_wconf 87' lang='lat' dir='ltr'><strong>rem,</strong></span> <span class='ocrx_word' id='word_1_206' title='bbox 3202 1526 3412 1582; x_wconf 76' lang='lat' dir='ltr'><strong>dans-ei</strong></span> <span class='ocrx_word' id='word_1_207' title='bbox 3447 1526 3727 1579; x_wconf 67' lang='lat' dir='ltr'><strong>terminum</strong></span> 
     </span>
    </p>
   </div>
   <div class='ocr_carea' id='block_1_29' title="bbox 562 1612 2141 1704">
    <p class='ocr_par' dir='ltr' id='par_1_29' title="bbox 562 1612 2141 1704">
     <span class='ocr_line' id='line_1_29' title="bbox 562 1612 2141 1704; baseline -0.002 -12"><span class='ocrx_word' id='word_1_208' title='bbox 562 1638 749 1692; x_wconf 53' lang='lat' dir='ltr'><strong>alebat</strong></span> <span class='ocrx_word' id='word_1_209' title='bbox 766 1636 854 1691; x_wconf 90' lang='lat' dir='ltr'><strong>ille</strong></span> <span class='ocrx_word' id='word_1_210' title='bbox 872 1612 1082 1701; x_wconf 77' lang='lat' dir='ltr'><strong>beatus,</strong></span> <span class='ocrx_word' id='word_1_211' title='bbox 1099 1636 1240 1691; x_wconf 88' lang='lat' dir='ltr'><strong>hunc</strong></span> <span class='ocrx_word' id='word_1_212' title='bbox 1254 1636 1424 1704; x_wconf 91' lang='lat' dir='ltr'><strong>primo</strong></span> <span class='ocrx_word' id='word_1_213' title='bbox 1441 1612 1788 1703; x_wconf 76' lang='lat' dir='ltr'><strong>convocabat,</strong></span> <span class='ocrx_word' id='word_1_214' title='bbox 1811 1644 1997 1692; x_wconf 89' lang='lat' dir='ltr'><strong>etcum</strong></span> <span class='ocrx_word' id='word_1_215' title='bbox 2025 1634 2141 1690; x_wconf 89' lang='lat' dir='ltr'><strong>mul-</strong></span> 
     </span>
    </p>
   </div>
   <div class='ocr_carea' id='block_1_30' title="bbox 2243 1612 3730 1704">
    <p class='ocr_par' dir='ltr' id='par_1_30' title="bbox 2250 1612 3730 1691">
     <span class='ocr_line' id='line_1_30' title="bbox 2250 1612 3730 1691; baseline -0.007 -13"><span class='ocrx_word' id='word_1_216' title='bbox 2250 1621 2384 1678; x_wconf 89' lang='lat' dir='ltr'>nuIII</span> <span class='ocrx_word' id='word_1_217' title='bbox 2411 1622 2659 1685; x_wconf 86' lang='lat' dir='ltr'><strong>crederet</strong></span> <span class='ocrx_word' id='word_1_218' title='bbox 2688 1633 2845 1691; x_wconf 82' lang='lat' dir='ltr'><strong>quam</strong></span> <span class='ocrx_word' id='word_1_219' title='bbox 2888 1619 3142 1689; x_wconf 63' lang='lat' dir='ltr'><strong>pracepit</strong></span> <span class='ocrx_word' id='word_1_220' title='bbox 3178 1619 3231 1673; x_wconf 86' lang='lat' dir='ltr'><strong>ei</strong></span> <span class='ocrx_word' id='word_1_221' title='bbox 3271 1617 3441 1672; x_wconf 83' lang='lat' dir='ltr'><strong>facere</strong></span> <span class='ocrx_word' id='word_1_222' title='bbox 3462 1628 3578 1681; x_wconf 83' lang='lat' dir='ltr'><strong>rem,</strong></span> <span class='ocrx_word' id='word_1_223' title='bbox 3603 1612 3730 1667; x_wconf 76' lang='lat' dir='ltr'><strong>dicens</strong></span> 
     </span>
    </p>
   </div>
   <div class='ocr_carea' id='block_1_31' title="bbox 558 1709 2141 1797">
    <p class='ocr_par' dir='ltr' id='par_1_31' title="bbox 558 1725 2141 1797">
     <span class='ocr_line' id='line_1_31' title="bbox 558 1725 2141 1797; baseline -0.001 -15"><span class='ocrx_word' id='word_1_224' title='bbox 558 1736 631 1782; x_wconf 24' lang='lat' dir='ltr'><strong>r-ta</strong></span> <span class='ocrx_word' id='word_1_225' title='bbox 653 1727 869 1782; x_wconf 89' lang='lat' dir='ltr'><strong>lenitate</strong></span> <span class='ocrx_word' id='word_1_226' title='bbox 886 1726 1123 1797; x_wconf 84' lang='lat' dir='ltr'><strong>rogabat,</strong></span> <span class='ocrx_word' id='word_1_227' title='bbox 1141 1725 1323 1781; x_wconf 88' lang='lat' dir='ltr'><strong>dicens</strong></span> <span class='ocrx_word' id='word_1_228' title='bbox 1340 1743 1355 1781; x_wconf 93' lang='lat'><strong>:</strong></span> <span class='ocrx_word' id='word_1_229' title='bbox 1371 1726 1490 1792; x_wconf 82' lang='lat' dir='ltr'><strong>Fili,</strong></span> <span class='ocrx_word' id='word_1_230' title='bbox 1508 1726 1656 1782; x_wconf 83' lang='lat' dir='ltr'><strong>venit</strong></span> <span class='ocrx_word' id='word_1_231' title='bbox 1675 1725 1884 1797; x_wconf 88' lang='lat' dir='ltr'><strong>quidem</strong></span> <span class='ocrx_word' id='word_1_232' title='bbox 1903 1726 1969 1782; x_wconf 87' lang='lat' dir='ltr'><strong>ad</strong></span> <span class='ocrx_word' id='word_1_233' title='bbox 1993 1740 2141 1781; x_wconf 79' lang='lat' dir='ltr'><strong>aures</strong></span> 
     </span>
    </p>
   </div>
   <div class='ocr_carea' id='block_1_32' title="bbox 2243 1709 3727 1797">
    <p class='ocr_par' dir='ltr' id='par_1_32' title="bbox 2255 1709 3727 1788">
     <span class='ocr_line' id='line_1_32' title="bbox 2255 1709 3727 1788; baseline -0.013 -17"><span class='ocrx_word' id='word_1_234' title='bbox 2255 1715 2305 1771; x_wconf 91' lang='lat' dir='ltr'><strong>ei</strong></span> <span class='ocrx_word' id='word_1_235' title='bbox 2331 1732 2344 1767; x_wconf 90' lang='lat'><strong>:</strong></span> <span class='ocrx_word' id='word_1_236' title='bbox 2372 1713 2537 1779; x_wconf 81' lang='lat' dir='ltr'><strong>Vade,</strong></span> <span class='ocrx_word' id='word_1_237' title='bbox 2561 1722 2614 1766; x_wconf 91' lang='lat' dir='ltr'><strong>et</strong></span> <span class='ocrx_word' id='word_1_238' title='bbox 2633 1713 2684 1788; x_wconf 86' lang='lat' dir='ltr'><strong>in</strong></span> <span class='ocrx_word' id='word_1_239' title='bbox 2704 1711 2973 1767; x_wconf 84' lang='lat' dir='ltr'><strong>veteribus</strong></span> <span class='ocrx_word' id='word_1_240' title='bbox 2989 1709 3248 1765; x_wconf 83' lang='lat' dir='ltr'><strong>chartulis</strong></span> <span class='ocrx_word' id='word_1_241' title='bbox 3262 1709 3727 1763; x_wconf 76' lang='lat' dir='ltr'><strong>scribetestameatuu</strong></span> 
     </span>
    </p>
   </div>
   <div class='ocr_carea' id='block_1_33' title="bbox 583 1793 2141 1889">
    <p class='ocr_par' dir='ltr' id='par_1_33' title="bbox 583 1817 2141 1889">
     <span class='ocr_line' id='line_1_33' title="bbox 583 1817 2141 1889; baseline -0.003 -13"><span class='ocrx_word' id='word_1_242' title='bbox 583 1820 907 1889; x_wconf 88' lang='lat' dir='ltr'><strong>peccatrices</strong></span> <span class='ocrx_word' id='word_1_243' title='bbox 923 1832 1069 1875; x_wconf 90' lang='lat' dir='ltr'><strong>meas</strong></span> <span class='ocrx_word' id='word_1_244' title='bbox 1094 1818 1233 1887; x_wconf 87' lang='lat' dir='ltr'><strong>quod</strong></span> <span class='ocrx_word' id='word_1_245' title='bbox 1257 1834 1321 1874; x_wconf 78' lang='lat' dir='ltr'><strong>ex</strong></span> <span class='ocrx_word' id='word_1_246' title='bbox 1339 1817 1861 1889; x_wconf 84' lang='lat' dir='ltr'><strong>operationeinimici</strong></span> <span class='ocrx_word' id='word_1_247' title='bbox 1885 1818 2141 1873; x_wconf 89' lang='lat' dir='ltr'><strong>modicum</strong></span> 
     </span>
    </p>
   </div>
   <div class='ocr_carea' id='block_1_34' title="bbox 2243 1793 3727 1889">
    <p class='ocr_par' dir='ltr' id='par_1_34' title="bbox 2248 1793 3727 1889">
     <span class='ocr_line' id='line_1_34' title="bbox 2248 1793 3727 1889; baseline -0.011 -29"><span class='ocrx_word' id='word_1_248' title='bbox 2248 1804 2524 1875; x_wconf 84' lang='lat' dir='ltr'><strong>cujusdam</strong></span> <span class='ocrx_word' id='word_1_249' title='bbox 2546 1801 2761 1857; x_wconf 89' lang='lat' dir='ltr'><strong>nomine</strong></span> <span class='ocrx_word' id='word_1_250' title='bbox 2785 1799 3112 1870; x_wconf 80' lang='lat' dir='ltr'><strong>Theopenti;</strong></span> <span class='ocrx_word' id='word_1_251' title='bbox 3143 1808 3196 1853; x_wconf 93' lang='lat' dir='ltr'><strong>et</strong></span> <span class='ocrx_word' id='word_1_252' title='bbox 3223 1797 3309 1853; x_wconf 88' lang='lat' dir='ltr'><strong>fac</strong></span> <span class='ocrx_word' id='word_1_253' title='bbox 3330 1797 3385 1852; x_wconf 81' lang='lat' dir='ltr'><strong>in</strong></span> <span class='ocrx_word' id='word_1_254' title='bbox 3408 1796 3574 1853; x_wconf 82' lang='lat' dir='ltr'><strong>eadem</strong></span> <span class='ocrx_word' id='word_1_255' title='bbox 3599 1793 3727 1889; x_wconf 75' lang='lat' dir='ltr'><strong>charta</strong></span> 
     </span>
    </p>
   </div>
   <div class='ocr_carea' id='block_1_35' title="bbox 572 1881 2141 1979">
    <p class='ocr_par' dir='ltr' id='par_1_35' title="bbox 572 1907 2141 1979">
     <span class='ocr_line' id='line_1_35' title="bbox 572 1907 2141 1979; baseline -0.005 -13"><span class='ocrx_word' id='word_1_256' title='bbox 572 1910 764 1966; x_wconf 79' lang='lat' dir='ltr'><strong>durius</strong></span> <span class='ocrx_word' id='word_1_257' title='bbox 797 1911 936 1964; x_wconf 91' lang='lat' dir='ltr'><strong>circa</strong></span> <span class='ocrx_word' id='word_1_258' title='bbox 967 1907 1212 1979; x_wconf 87' lang='lat' dir='ltr'><strong>proprios</strong></span> <span class='ocrx_word' id='word_1_259' title='bbox 1236 1922 1431 1978; x_wconf 91' lang='lat' dir='ltr'><strong>pueros</strong></span> <span class='ocrx_word' id='word_1_260' title='bbox 1461 1918 1576 1965; x_wconf 88' lang='lat' dir='ltr'><strong>tuos</strong></span> <span class='ocrx_word' id='word_1_261' title='bbox 1607 1907 1817 1976; x_wconf 89' lang='lat' dir='ltr'><strong>feraris;</strong></span> <span class='ocrx_word' id='word_1_262' title='bbox 1850 1909 1964 1975; x_wconf 89' lang='lat' dir='ltr'><strong>sed,</strong></span> <span class='ocrx_word' id='word_1_263' title='bbox 1993 1923 2141 1979; x_wconf 77' lang='lat' dir='ltr'><strong>rogo,</strong></span> 
     </span>
    </p>
   </div>
   <div class='ocr_carea' id='block_1_36' title="bbox 2243 1881 3727 1979">
    <p class='ocr_par' dir='ltr' id='par_1_36' title="bbox 2248 1881 3727 1960">
     <span class='ocr_line' id='line_1_36' title="bbox 2248 1881 3727 1960; baseline -0.011 -11"><span class='ocrx_word' id='word_1_264' title='bbox 2248 1908 2334 1949; x_wconf 89' lang='lat' dir='ltr'><strong>me</strong></span> <span class='ocrx_word' id='word_1_265' title='bbox 2373 1902 2428 1948; x_wconf 88' lang='lat' dir='ltr'><strong>et</strong></span> <span class='ocrx_word' id='word_1_266' title='bbox 2475 1898 2677 1960; x_wconf 80' lang='lat' dir='ltr'><strong>patrem</strong></span> <span class='ocrx_word' id='word_1_267' title='bbox 2708 1891 2855 1959; x_wconf 90' lang='lat' dir='ltr'><strong>pueri</strong></span> <span class='ocrx_word' id='word_1_268' title='bbox 2909 1889 3258 1944; x_wconf 82' lang='lat' dir='ltr'><strong>consobrinos</strong></span> <span class='ocrx_word' id='word_1_269' title='bbox 3308 1888 3522 1950; x_wconf 81' lang='lat' dir='ltr'><strong>fratres,</strong></span> <span class='ocrx_word' id='word_1_270' title='bbox 3545 1881 3727 1943; x_wconf 79' lang='lat' dir='ltr'><strong>etvade,</strong></span> 
     </span>
    </p>
   </div>
   <div class='ocr_carea' id='block_1_37' title="bbox 580 1976 2141 2075">
    <p class='ocr_par' dir='ltr' id='par_1_37' title="bbox 580 1976 2141 2068">
     <span class='ocr_line' id='line_1_37' title="bbox 580 1976 2141 2068; baseline -0.003 -12"><span class='ocrx_word' id='word_1_271' title='bbox 580 1999 678 2056; x_wconf 85' lang='lat' dir='ltr'><strong>des</strong></span> <span class='ocrx_word' id='word_1_272' title='bbox 717 1998 891 2054; x_wconf 88' lang='lat' dir='ltr'><strong>locum</strong></span> <span class='ocrx_word' id='word_1_273' title='bbox 924 1976 1037 2053; x_wconf 77' lang='lat' dir='ltr'><strong>irae.</strong></span> <span class='ocrx_word' id='word_1_274' title='bbox 1068 1976 1185 2054; x_wconf 66' lang='lat' dir='ltr'><strong>Non</strong></span> <span class='ocrx_word' id='word_1_275' title='bbox 1211 1976 1353 2053; x_wconf 78' lang='lat' dir='ltr'><strong>enim</strong></span> <span class='ocrx_word' id='word_1_276' title='bbox 1387 2007 1442 2054; x_wconf 89' lang='lat' dir='ltr'><strong>ut</strong></span> <span class='ocrx_word' id='word_1_277' title='bbox 1468 1999 1830 2068; x_wconf 87' lang='lat' dir='ltr'><strong>percutiamus</strong></span> <span class='ocrx_word' id='word_1_278' title='bbox 1860 2013 1973 2064; x_wconf 85' lang='lat' dir='ltr'><strong>eos,</strong></span> <span class='ocrx_word' id='word_1_279' title='bbox 2005 1976 2141 2053; x_wconf 73' lang='lat' dir='ltr'><strong>dedit</strong></span> 
     </span>
    </p>
   </div>
   <div class='ocr_carea' id='block_1_38' title="bbox 2243 1976 3732 2075">
    <p class='ocr_par' dir='ltr' id='par_1_38' title="bbox 2247 1976 3732 2075">
     <span class='ocr_line' id='line_1_38' title="bbox 2247 1976 3732 2075; baseline -0.01 -34"><span class='ocrx_word' id='word_1_280' title='bbox 2247 1993 2301 2041; x_wconf 90' lang='lat' dir='ltr'><strong>et</strong></span> <span class='ocrx_word' id='word_1_281' title='bbox 2331 1983 2417 2038; x_wconf 89' lang='lat' dir='ltr'><strong>die</strong></span> <span class='ocrx_word' id='word_1_282' title='bbox 2452 1981 2629 2053; x_wconf 82' lang='lat' dir='ltr'><strong>juveni</strong></span> <span class='ocrx_word' id='word_1_283' title='bbox 2657 1999 2668 2034; x_wconf 90' lang='lat'>:</span> <span class='ocrx_word' id='word_1_284' title='bbox 2698 1980 2839 2050; x_wconf 85' lang='lat' dir='ltr'><strong>Seis,</strong></span> <span class='ocrx_word' id='word_1_285' title='bbox 2882 1980 3069 2048; x_wconf 83' lang='lat' dir='ltr'><strong>frater,</strong></span> <span class='ocrx_word' id='word_1_286' title='bbox 3098 1980 3240 2050; x_wconf 88' lang='lat' dir='ltr'><strong>quod</strong></span> <span class='ocrx_word' id='word_1_287' title='bbox 3269 1991 3437 2048; x_wconf 88' lang='lat' dir='ltr'><strong>genus</strong></span> <span class='ocrx_word' id='word_1_288' title='bbox 3460 1976 3732 2075; x_wconf 82' lang='lat' dir='ltr'><strong>existens</strong></span> 
     </span>
    </p>
   </div>
   <div class='ocr_carea' id='block_1_39' title="bbox 582 2062 2141 2164">
    <p class='ocr_par' dir='ltr' id='par_1_39' title="bbox 582 2089 2141 2156">
     <span class='ocr_line' id='line_1_39' title="bbox 582 2089 2141 2156; baseline -0.001 -10"><span class='ocrx_word' id='word_1_289' title='bbox 582 2092 737 2147; x_wconf 86' lang='lat' dir='ltr'><strong>nobis</strong></span> <span class='ocrx_word' id='word_1_290' title='bbox 782 2090 879 2146; x_wconf 84' lang='lat' dir='ltr'><strong>ltus</strong></span> <span class='ocrx_word' id='word_1_291' title='bbox 904 2090 1065 2156; x_wconf 90' lang='lat' dir='ltr'><strong>Deus,</strong></span> <span class='ocrx_word' id='word_1_292' title='bbox 1096 2091 1189 2145; x_wconf 87' lang='lat' dir='ltr'><strong>sed</strong></span> <span class='ocrx_word' id='word_1_293' title='bbox 1233 2096 1289 2145; x_wconf 88' lang='lat' dir='ltr'><strong>ut</strong></span> <span class='ocrx_word' id='word_1_294' title='bbox 1317 2090 1570 2146; x_wconf 88' lang='lat' dir='ltr'><strong>serviant.</strong></span> <span class='ocrx_word' id='word_1_295' title='bbox 1604 2089 1855 2145; x_wconf 86' lang='lat' dir='ltr'><strong>Fortasse</strong></span> <span class='ocrx_word' id='word_1_296' title='bbox 1883 2104 2009 2144; x_wconf 91' lang='lat' dir='ltr'><strong>vero</strong></span> <span class='ocrx_word' id='word_1_297' title='bbox 2050 2103 2141 2145; x_wconf 79' lang='lat' dir='ltr'><strong>nec</strong></span> 
     </span>
    </p>
   </div>
   <div class='ocr_carea' id='block_1_40' title="bbox 2243 2062 3731 2164">
    <p class='ocr_par' dir='ltr' id='par_1_40' title="bbox 2249 2062 3731 2164">
     <span class='ocr_line' id='line_1_40' title="bbox 2249 2062 3731 2164; baseline -0.01 -34"><span class='ocrx_word' id='word_1_298' title='bbox 2249 2074 2520 2140; x_wconf 70' lang='lat' dir='ltr'><strong>triarchze,</strong></span> <span class='ocrx_word' id='word_1_299' title='bbox 2546 2087 2652 2128; x_wconf 88' lang='lat' dir='ltr'><strong>non</strong></span> <span class='ocrx_word' id='word_1_300' title='bbox 2679 2072 2944 2127; x_wconf 85' lang='lat' dir='ltr'><strong>debueras</strong></span> <span class='ocrx_word' id='word_1_301' title='bbox 2971 2072 3044 2126; x_wconf 85' lang='lat' dir='ltr'><strong>ita</strong></span> <span class='ocrx_word' id='word_1_302' title='bbox 3075 2071 3128 2125; x_wconf 91' lang='lat' dir='ltr'><strong>in</strong></span> <span class='ocrx_word' id='word_1_303' title='bbox 3158 2077 3468 2140; x_wconf 81' lang='lat' dir='ltr'><strong>paupertate</strong></span> <span class='ocrx_word' id='word_1_304' title='bbox 3492 2062 3731 2164; x_wconf 59' lang='lat' dir='ltr'><strong>versarilet</strong></span> 
     </span>
    </p>
   </div>
   <div class='ocr_carea' id='block_1_41' title="bbox 570 2157 2141 2252">
    <p class='ocr_par' dir='ltr' id='par_1_41' title="bbox 570 2180 2141 2252">
     <span class='ocr_line' id='line_1_41' title="bbox 570 2180 2141 2252; baseline 0 -14"><span class='ocrx_word' id='word_1_305' title='bbox 570 2193 800 2252; x_wconf 81' lang='lat' dir='ltr'><strong>propter</strong></span> <span class='ocrx_word' id='word_1_306' title='bbox 820 2183 948 2248; x_wconf 92' lang='lat' dir='ltr'><strong>hoc,</strong></span> <span class='ocrx_word' id='word_1_307' title='bbox 992 2181 1087 2237; x_wconf 90' lang='lat' dir='ltr'><strong>sed</strong></span> <span class='ocrx_word' id='word_1_308' title='bbox 1114 2190 1170 2239; x_wconf 89' lang='lat' dir='ltr'><strong>ut</strong></span> <span class='ocrx_word' id='word_1_309' title='bbox 1189 2190 1552 2237; x_wconf 79' lang='lat' dir='ltr'><strong>sustentantur</strong></span> <span class='ocrx_word' id='word_1_310' title='bbox 1576 2196 1607 2236; x_wconf 87' lang='lat' dir='ltr'><strong>a</strong></span> <span class='ocrx_word' id='word_1_311' title='bbox 1646 2180 1820 2249; x_wconf 79' lang='lat' dir='ltr'><strong>nobis,</strong></span> <span class='ocrx_word' id='word_1_312' title='bbox 1853 2197 1917 2237; x_wconf 82' lang='lat' dir='ltr'><strong>ex</strong></span> <span class='ocrx_word' id='word_1_313' title='bbox 1955 2180 2141 2252; x_wconf 79' lang='lat' dir='ltr'><strong>quibus</strong></span> 
     </span>
    </p>
   </div>
   <div class='ocr_carea' id='block_1_42' title="bbox 2243 2157 3732 2252">
    <p class='ocr_par' dir='ltr' id='par_1_42' title="bbox 2248 2157 3732 2252">
     <span class='ocr_line' id='line_1_42' title="bbox 2248 2157 3732 2252; baseline -0.003 -29"><span class='ocrx_word' id='word_1_314' title='bbox 2248 2165 2472 2223; x_wconf 76' lang='lat' dir='ltr'><strong>Ostende</strong></span> <span class='ocrx_word' id='word_1_315' title='bbox 2498 2164 2548 2219; x_wconf 88' lang='lat' dir='ltr'><strong>ei</strong></span> <span class='ocrx_word' id='word_1_316' title='bbox 2578 2165 2824 2219; x_wconf 85' lang='lat' dir='ltr'><strong>chartam</strong></span> <span class='ocrx_word' id='word_1_317' title='bbox 2850 2204 2865 2231; x_wconf 91' lang='lat'><strong>,</strong></span> <span class='ocrx_word' id='word_1_318' title='bbox 2914 2173 2974 2218; x_wconf 89' lang='lat' dir='ltr'><strong>et</strong></span> <span class='ocrx_word' id='word_1_319' title='bbox 2999 2162 3089 2216; x_wconf 87' lang='lat' dir='ltr'><strong>die</strong></span> <span class='ocrx_word' id='word_1_320' title='bbox 3117 2178 3134 2216; x_wconf 88' lang='lat'><strong>:</strong></span> <span class='ocrx_word' id='word_1_321' title='bbox 3157 2162 3422 2229; x_wconf 80' lang='lat' dir='ltr'><strong>Quoniam</strong></span> <span class='ocrx_word' id='word_1_322' title='bbox 3449 2160 3491 2215; x_wconf 88' lang='lat' dir='ltr'><strong>si</strong></span> <span class='ocrx_word' id='word_1_323' title='bbox 3514 2157 3732 2252; x_wconf 44' lang='lat' dir='ltr'><strong>erubescis.</strong></span> 
     </span>
    </p>
   </div>
   <div class='ocr_carea' id='block_1_43' title="bbox 571 2242 2141 2347">
    <p class='ocr_par' dir='ltr' id='par_1_43' title="bbox 571 2242 2141 2347">
     <span class='ocr_line' id='line_1_43' title="bbox 571 2242 2141 2347; baseline -0.001 -20"><span class='ocrx_word' id='word_1_324' title='bbox 571 2242 715 2330; x_wconf 69' lang='lat' dir='ltr'><strong>Deus</strong></span> <span class='ocrx_word' id='word_1_325' title='bbox 802 2242 1053 2347; x_wconf 69' lang='lat' dir='ltr'><strong>praestitit</strong></span> <span class='ocrx_word' id='word_1_326' title='bbox 1139 2273 1317 2330; x_wconf 88' lang='lat' dir='ltr'><strong>nobis.</strong></span> <span class='ocrx_word' id='word_1_327' title='bbox 1392 2270 1534 2338; x_wconf 83' lang='lat' dir='ltr'><strong>Quid</strong></span> <span class='ocrx_word' id='word_1_328' title='bbox 1631 2271 1773 2326; x_wconf 90' lang='lat' dir='ltr'><strong>enim</strong></span> <span class='ocrx_word' id='word_1_329' title='bbox 1803 2242 1946 2343; x_wconf 59' lang='lat' dir='ltr'><strong>fedic</strong></span> <span class='ocrx_word' id='word_1_330' title='bbox 1973 2242 2141 2342; x_wconf 49' lang='lat' dir='ltr'><strong>&#39;mihi)</strong></span> 
     </span>
    </p>
   </div>
   <div class='ocr_carea' id='block_1_44' title="bbox 2243 2242 3733 2347">
    <p class='ocr_par' dir='ltr' id='par_1_44' title="bbox 2250 2242 3733 2346">
     <span class='ocr_line' id='line_1_44' title="bbox 2250 2242 3733 2346; baseline -0.008 -34"><span class='ocrx_word' id='word_1_331' title='bbox 2250 2271 2347 2328; x_wconf 85' lang='lat' dir='ltr'><strong>ego</strong></span> <span class='ocrx_word' id='word_1_332' title='bbox 2376 2255 2567 2310; x_wconf 88' lang='lat' dir='ltr'><strong>ordino</strong></span> <span class='ocrx_word' id='word_1_333' title='bbox 2594 2268 2809 2309; x_wconf 87' lang='lat' dir='ltr'><strong>causam</strong></span> <span class='ocrx_word' id='word_1_334' title='bbox 2856 2261 3000 2307; x_wconf 90' lang='lat' dir='ltr'><strong>tuam</strong></span> <span class='ocrx_word' id='word_1_335' title='bbox 3030 2252 3168 2320; x_wconf 86' lang='lat' dir='ltr'><strong>apud</strong></span> <span class='ocrx_word' id='word_1_336' title='bbox 3200 2249 3560 2321; x_wconf 84' lang='lat' dir='ltr'><strong>patriarchatu,</strong></span> <span class='ocrx_word' id='word_1_337' title='bbox 3583 2256 3627 2302; x_wconf 87' lang='lat' dir='ltr'><strong>et</strong></span> 
     </span>
    </p>
   </div>
   <div class='ocr_carea' id='block_1_45' title="bbox 567 2342 2141 2434">
    <p class='ocr_par' dir='ltr' id='par_1_45' title="bbox 567 2342 2141 2431">
     <span class='ocr_line' id='line_1_45' title="bbox 567 2342 2141 2431; baseline -0.001 -15"><span class='ocrx_word' id='word_1_338' title='bbox 567 2370 635 2417; x_wconf 84' lang='lat' dir='ltr'><strong>et</strong></span> <span class='ocrx_word' id='word_1_339' title='bbox 664 2342 820 2415; x_wconf 73' lang='lat' dir='ltr'><strong>dedit</strong></span> <span class='ocrx_word' id='word_1_340' title='bbox 840 2363 1031 2426; x_wconf 89' lang='lat' dir='ltr'><strong>homo,</strong></span> <span class='ocrx_word' id='word_1_341' title='bbox 1073 2369 1126 2414; x_wconf 92' lang='lat' dir='ltr'><strong>et</strong></span> <span class='ocrx_word' id='word_1_342' title='bbox 1157 2360 1284 2414; x_wconf 90' lang='lat' dir='ltr'><strong>emit</strong></span> <span class='ocrx_word' id='word_1_343' title='bbox 1315 2375 1435 2416; x_wconf 91' lang='lat' dir='ltr'><strong>eum</strong></span> <span class='ocrx_word' id='word_1_344' title='bbox 1466 2360 1555 2430; x_wconf 91' lang='lat' dir='ltr'><strong>qui</strong></span> <span class='ocrx_word' id='word_1_345' title='bbox 1583 2360 1648 2415; x_wconf 91' lang='lat' dir='ltr'><strong>ad</strong></span> <span class='ocrx_word' id='word_1_346' title='bbox 1672 2342 1958 2431; x_wconf 65' lang='lat' dir='ltr'><strong>imaginem</strong></span> <span class='ocrx_word' id='word_1_347' title='bbox 1989 2371 2042 2415; x_wconf 92' lang='lat' dir='ltr'><strong>et</strong></span> <span class='ocrx_word' id='word_1_348' title='bbox 2072 2360 2141 2415; x_wconf 86' lang='lat' dir='ltr'><strong>si-</strong></span> 
     </span>
    </p>
   </div>
   <div class='ocr_carea' id='block_1_46' title="bbox 2243 2342 3734 2434">
    <p class='ocr_par' dir='ltr' id='par_1_46' title="bbox 2248 2342 3734 2434">
     <span class='ocr_line' id='line_1_46' title="bbox 2248 2342 3734 2434; baseline -0.009 -33"><span class='ocrx_word' id='word_1_349' title='bbox 2248 2347 2373 2417; x_wconf 89' lang='lat' dir='ltr'><strong>quid</strong></span> <span class='ocrx_word' id='word_1_350' title='bbox 2399 2345 2493 2401; x_wconf 79' lang='lat' dir='ltr'><strong>thi</strong></span> <span class='ocrx_word' id='word_1_351' title='bbox 2519 2345 2676 2399; x_wconf 89' lang='lat' dir='ltr'><strong>dicet.</strong></span> <span class='ocrx_word' id='word_1_352' title='bbox 2707 2343 2838 2398; x_wconf 89' lang='lat' dir='ltr'><strong>Cum</strong></span> <span class='ocrx_word' id='word_1_353' title='bbox 2869 2356 2998 2412; x_wconf 86' lang='lat' dir='ltr'><strong>ergo</strong></span> <span class='ocrx_word' id='word_1_354' title='bbox 3022 2343 3199 2397; x_wconf 85' lang='lat' dir='ltr'><strong>omnia</strong></span> <span class='ocrx_word' id='word_1_355' title='bbox 3229 2357 3353 2412; x_wconf 66' lang='lat' dir='ltr'><strong>qua</strong></span> <span class='ocrx_word' id='word_1_356' title='bbox 3376 2342 3511 2413; x_wconf 79' lang='lat' dir='ltr'><strong>iussa</strong></span> <span class='ocrx_word' id='word_1_357' title='bbox 3538 2342 3734 2434; x_wconf 66' lang='lat' dir='ltr'><strong>sunteia</strong></span> 
     </span>
    </p>
   </div>
   <div class='ocr_carea' id='block_1_47' title="bbox 579 2426 2141 2520">
    <p class='ocr_par' dir='ltr' id='par_1_47' title="bbox 579 2426 2141 2520">
     <span class='ocr_line' id='line_1_47' title="bbox 579 2426 2141 2520; baseline -0.001 -14"><span class='ocrx_word' id='word_1_358' title='bbox 579 2450 933 2506; x_wconf 86' lang='lat' dir='ltr'><strong>militudinem</strong></span> <span class='ocrx_word' id='word_1_359' title='bbox 964 2450 1058 2504; x_wconf 89' lang='lat' dir='ltr'><strong>Dei</strong></span> <span class='ocrx_word' id='word_1_360' title='bbox 1101 2460 1310 2504; x_wconf 89' lang='lat' dir='ltr'><strong>creatus</strong></span> <span class='ocrx_word' id='word_1_361' title='bbox 1340 2458 1394 2505; x_wconf 90' lang='lat' dir='ltr'><strong>et</strong></span> <span class='ocrx_word' id='word_1_362' title='bbox 1442 2426 1729 2505; x_wconf 82' lang='lat' dir='ltr'><strong>honoratus</strong></span> <span class='ocrx_word' id='word_1_363' title='bbox 1760 2426 1876 2506; x_wconf 75' lang='lat' dir='ltr'><strong>est?</strong></span> <span class='ocrx_word' id='word_1_364' title='bbox 1902 2449 2141 2520; x_wconf 88' lang='lat' dir='ltr'><strong>Nunquid</strong></span> 
     </span>
    </p>
   </div>
   <div class='ocr_carea' id='block_1_48' title="bbox 2243 2426 3735 2520">
    <p class='ocr_par' dir='ltr' id='par_1_48' title="bbox 2248 2426 3735 2506">
     <span class='ocr_line' id='line_1_48' title="bbox 2248 2426 3735 2506; baseline -0.008 -17"><span class='ocrx_word' id='word_1_365' title='bbox 2248 2435 2549 2506; x_wconf 84' lang='lat' dir='ltr'><strong>patriarcha</strong></span> <span class='ocrx_word' id='word_1_366' title='bbox 2564 2433 2778 2488; x_wconf 86' lang='lat' dir='ltr'><strong>tabellio</strong></span> <span class='ocrx_word' id='word_1_367' title='bbox 2797 2433 3033 2498; x_wconf 84' lang='lat' dir='ltr'><strong>fecisset,</strong></span> <span class='ocrx_word' id='word_1_368' title='bbox 3057 2432 3205 2488; x_wconf 87' lang='lat' dir='ltr'><strong>venit</strong></span> <span class='ocrx_word' id='word_1_369' title='bbox 3224 2432 3290 2486; x_wconf 90' lang='lat' dir='ltr'><strong>ad</strong></span> <span class='ocrx_word' id='word_1_370' title='bbox 3313 2447 3434 2488; x_wconf 86' lang='lat' dir='ltr'><strong>eum</strong></span> <span class='ocrx_word' id='word_1_371' title='bbox 3456 2426 3735 2490; x_wconf 59' lang='lat' dir='ltr'><strong>diaconum</strong></span> 
     </span>
    </p>
   </div>
   <div class='ocr_carea' id='block_1_49' title="bbox 495 2518 2141 2610">
    <p class='ocr_par' dir='ltr' id='par_1_49' title="bbox 495 2518 2141 2610">
     <span class='ocr_line' id='line_1_49' title="bbox 495 2518 2141 2610; baseline -0.002 -12"><span class='ocrx_word' id='word_1_372' title='bbox 495 2518 507 2531; x_wconf 46' lang='lat'><strong>&#39;</strong></span> <span class='ocrx_word' id='word_1_373' title='bbox 576 2543 721 2599; x_wconf 87' lang='lat' dir='ltr'><strong>enim</strong></span> <span class='ocrx_word' id='word_1_374' title='bbox 779 2550 858 2610; x_wconf 90' lang='lat' dir='ltr'><strong>tu,</strong></span> <span class='ocrx_word' id='word_1_375' title='bbox 913 2541 1158 2595; x_wconf 85' lang='lat' dir='ltr'><strong>dominus</strong></span> <span class='ocrx_word' id='word_1_376' title='bbox 1211 2540 1346 2610; x_wconf 86' lang='lat' dir='ltr'><strong>ejus,</strong></span> <span class='ocrx_word' id='word_1_377' title='bbox 1405 2539 1602 2610; x_wconf 89' lang='lat' dir='ltr'><strong>aliquid</strong></span> <span class='ocrx_word' id='word_1_378' title='bbox 1658 2540 1772 2608; x_wconf 85' lang='lat' dir='ltr'><strong>plus</strong></span> <span class='ocrx_word' id='word_1_379' title='bbox 1826 2518 2064 2609; x_wconf 78' lang='lat' dir='ltr'><strong>possides</strong></span> <span class='ocrx_word' id='word_1_380' title='bbox 2095 2542 2141 2595; x_wconf 91' lang='lat' dir='ltr'><strong>in</strong></span> 
     </span>
    </p>
   </div>
   <div class='ocr_carea' id='block_1_50' title="bbox 2243 2518 3736 2610">
    <p class='ocr_par' dir='ltr' id='par_1_50' title="bbox 2249 2524 3736 2595">
     <span class='ocr_line' id='line_1_50' title="bbox 2249 2524 3736 2595; baseline -0.004 -19"><span class='ocrx_word' id='word_1_381' title='bbox 2249 2535 2437 2595; x_wconf 82' lang='lat' dir='ltr'><strong>pactus</strong></span> <span class='ocrx_word' id='word_1_382' title='bbox 2484 2533 2565 2579; x_wconf 89' lang='lat' dir='ltr'><strong>est</strong></span> <span class='ocrx_word' id='word_1_383' title='bbox 2593 2538 2725 2593; x_wconf 90' lang='lat' dir='ltr'><strong>puer</strong></span> <span class='ocrx_word' id='word_1_384' title='bbox 2752 2524 2909 2593; x_wconf 85' lang='lat' dir='ltr'><strong>mihi,</strong></span> <span class='ocrx_word' id='word_1_385' title='bbox 2941 2532 3000 2578; x_wconf 91' lang='lat' dir='ltr'><strong>ut</strong></span> <span class='ocrx_word' id='word_1_386' title='bbox 3039 2538 3140 2593; x_wconf 87' lang='lat' dir='ltr'><strong>ego</strong></span> <span class='ocrx_word' id='word_1_387' title='bbox 3170 2524 3360 2593; x_wconf 73' lang='lat' dir='ltr'><strong>loquar</strong></span> <span class='ocrx_word' id='word_1_388' title='bbox 3407 2534 3596 2577; x_wconf 82' lang='lat' dir='ltr'><strong>causam</strong></span> <span class='ocrx_word' id='word_1_389' title='bbox 3634 2528 3736 2572; x_wconf 76' lang='lat' dir='ltr'><strong>utan</strong></span> 
     </span>
    </p>
   </div>
   <div class='ocr_carea' id='block_1_51' title="bbox 578 2608 3734 2703">
    <p class='ocr_par' dir='ltr' id='par_1_51' title="bbox 578 2608 3734 2703">
     <span class='ocr_line' id='line_1_51' title="bbox 578 2608 3734 2703; baseline -0.009 -16"><span class='ocrx_word' id='word_1_390' title='bbox 578 2633 790 2703; x_wconf 87' lang='lat' dir='ltr'><strong>proprio</strong></span> <span class='ocrx_word' id='word_1_391' title='bbox 833 2608 1078 2699; x_wconf 85' lang='lat' dir='ltr'><strong>corpore,</strong></span> <span class='ocrx_word' id='word_1_392' title='bbox 1120 2608 1334 2685; x_wconf 81' lang='lat' dir='ltr'><strong>manum</strong></span> <span class='ocrx_word' id='word_1_393' title='bbox 1376 2641 1466 2684; x_wconf 89' lang='lat' dir='ltr'><strong>aut</strong></span> <span class='ocrx_word' id='word_1_394' title='bbox 1496 2608 1718 2700; x_wconf 79' lang='lat' dir='ltr'><strong>pedem,</strong></span> <span class='ocrx_word' id='word_1_395' title='bbox 1748 2608 1851 2687; x_wconf 82' lang='lat' dir='ltr'><strong>&#39;veI</strong></span> <span class='ocrx_word' id='word_1_396' title='bbox 1891 2631 2147 2699; x_wconf 89' lang='lat' dir='ltr'><strong>auditum,</strong></span> <span class='ocrx_word' id='word_1_397' title='bbox 2250 2617 2486 2685; x_wconf 86' lang='lat' dir='ltr'><strong>domino,</strong></span> <span class='ocrx_word' id='word_1_398' title='bbox 2506 2626 2559 2671; x_wconf 93' lang='lat' dir='ltr'><strong>et</strong></span> <span class='ocrx_word' id='word_1_399' title='bbox 2580 2630 2799 2686; x_wconf 85' lang='lat' dir='ltr'><strong>magnas</strong></span> <span class='ocrx_word' id='word_1_400' title='bbox 2821 2616 3110 2703; x_wconf 82' lang='lat' dir='ltr'><strong>gratiarum</strong></span> <span class='ocrx_word' id='word_1_401' title='bbox 3133 2616 3371 2671; x_wconf 77' lang='lat' dir='ltr'><strong>actiones</strong></span> <span class='ocrx_word' id='word_1_402' title='bbox 3386 2608 3734 2670; x_wconf 85' lang='lat' dir='ltr'><strong>referebatntihi.</strong></span> 
     </span>
    </p>
   </div>
   <div class='ocr_carea' id='block_1_52' title="bbox 576 2701 3736 2799">
    <p class='ocr_par' dir='ltr' id='par_1_52' title="bbox 576 2701 3736 2799">
     <span class='ocr_line' id='line_1_52' title="bbox 576 2701 3736 2799; baseline -0.003 -21"><span class='ocrx_word' id='word_1_403' title='bbox 576 2701 957 2778; x_wconf 74' lang='lat' dir='ltr'><strong>autauimam?</strong></span> <span class='ocrx_word' id='word_1_404' title='bbox 986 2720 1230 2790; x_wconf 85' lang='lat' dir='ltr'><strong>Nunquid</strong></span> <span class='ocrx_word' id='word_1_405' title='bbox 1255 2735 1358 2775; x_wconf 93' lang='lat' dir='ltr'><strong>non</strong></span> <span class='ocrx_word' id='word_1_406' title='bbox 1383 2720 1577 2775; x_wconf 90' lang='lat' dir='ltr'><strong>similis</strong></span> <span class='ocrx_word' id='word_1_407' title='bbox 1599 2727 1682 2775; x_wconf 91' lang='lat' dir='ltr'><strong>est</strong></span> <span class='ocrx_word' id='word_1_408' title='bbox 1707 2720 1799 2774; x_wconf 88' lang='lat' dir='ltr'><strong>tibi</strong></span> <span class='ocrx_word' id='word_1_409' title='bbox 1825 2735 1918 2790; x_wconf 92' lang='lat' dir='ltr'><strong>per</strong></span> <span class='ocrx_word' id='word_1_410' title='bbox 1939 2721 2148 2777; x_wconf 83' lang='lat' dir='ltr'><strong>omnia?</strong></span> <span class='ocrx_word' id='word_1_411' title='bbox 2251 2707 2393 2762; x_wconf 69' lang='grc' dir='ltr'><strong>θίίίῐ</strong></span> <span class='ocrx_word' id='word_1_412' title='bbox 2423 2707 2606 2799; x_wconf 65' lang='lat' dir='ltr'><strong>itaque</strong></span> <span class='ocrx_word' id='word_1_413' title='bbox 2631 2714 2866 2799; x_wconf 34' lang='lat' dir='ltr'><strong>Elicius</strong></span> <span class='ocrx_word' id='word_1_414' title='bbox 2889 2701 3083 2799; x_wconf 39' lang='lat' dir='ltr'><strong>avﬁdf}</strong></span> <span class='ocrx_word' id='word_1_415' title='bbox 3104 2718 3157 2761; x_wconf 73' lang='grc' dir='ltr'>θί</span> <span class='ocrx_word' id='word_1_416' title='bbox 3183 2705 3271 2799; x_wconf 54' lang='grc' dir='ltr'><strong>(ξίο</strong></span> <span class='ocrx_word' id='word_1_417' title='bbox 3321 2707 3373 2761; x_wconf 73' lang='lat' dir='ltr'><strong>ei</strong></span> <span class='ocrx_word' id='word_1_418' title='bbox 3397 2724 3410 2758; x_wconf 76' lang='grc' dir='ltr'>ε</span> <span class='ocrx_word' id='word_1_419' title='bbox 3432 2705 3553 2771; x_wconf 62' lang='grc' dir='ltr'><strong>θυῖε</strong></span> 
     </span>
    </p>
   </div>
   <div class='ocr_carea' id='block_1_53' title="bbox 576 2794 3735 2886">
    <p class='ocr_par' dir='ltr' id='par_1_53' title="bbox 576 2794 3735 2886">
     <span class='ocr_line' id='line_1_53' title="bbox 576 2794 3735 2886; baseline -0.004 -15"><span class='ocrx_word' id='word_1_420' title='bbox 576 2817 714 2871; x_wconf 77' lang='lat' dir='ltr'><strong>Audi</strong></span> <span class='ocrx_word' id='word_1_421' title='bbox 745 2816 925 2870; x_wconf 89' lang='lat' dir='ltr'><strong>lumen</strong></span> <span class='ocrx_word' id='word_1_422' title='bbox 944 2813 1269 2884; x_wconf 84' lang='lat' dir='ltr'><strong>gloriosum,</strong></span> <span class='ocrx_word' id='word_1_423' title='bbox 1301 2811 1523 2867; x_wconf 82' lang='lat' dir='ltr'><strong>Paulum</strong></span> <span class='ocrx_word' id='word_1_424' title='bbox 1553 2813 1818 2868; x_wconf 90' lang='lat' dir='ltr'><strong>dicentem</strong></span> <span class='ocrx_word' id='word_1_425' title='bbox 1845 2806 1856 2866; x_wconf 67' lang='grc' dir='ltr'><em>ὲ</em></span> <span class='ocrx_word' id='word_1_426' title='bbox 1881 2813 2151 2883; x_wconf 81' lang='lat' dir='ltr'><strong>Quotquot</strong></span> <span class='ocrx_word' id='word_1_427' title='bbox 2248 2812 2368 2853; x_wconf 71' lang='lat' dir='ltr'><strong>3m“</strong></span> <span class='ocrx_word' id='word_1_428' title='bbox 2396 2796 2737 2886; x_wconf 52' lang='grc' dir='ltr'><strong>Ρ²ετίαι⁵θδφο</strong></span> <span class='ocrx_word' id='word_1_429' title='bbox 2771 2798 2835 2851; x_wconf 60' lang='lat' dir='ltr'><strong>Ei</strong></span> <span class='ocrx_word' id='word_1_430' title='bbox 2873 2796 2982 2852; x_wconf 71' lang='grc' dir='ltr'><strong>(ἷίιί</strong></span> <span class='ocrx_word' id='word_1_431' title='bbox 3009 2796 3310 2863; x_wconf 67' lang='grc' dir='ltr'><strong>πουοηίθιη</strong></span> <span class='ocrx_word' id='word_1_432' title='bbox 3351 2807 3404 2886; x_wconf 59' lang='grc' dir='ltr'><strong>ξι</strong></span> <span class='ocrx_word' id='word_1_433' title='bbox 3427 2810 3520 2866; x_wconf 71' lang='grc' dir='ltr'><strong>εεο</strong></span> <span class='ocrx_word' id='word_1_434' title='bbox 3542 2794 3735 2886; x_wconf 39' lang='grc' dir='ltr'><strong>δρία-συθ</strong></span> 
     </span>
    </p>
   </div>
   <div class='ocr_carea' id='block_1_54' title="bbox 576 2879 2141 2972">
    <p class='ocr_par' dir='ltr' id='par_1_54' title="bbox 576 2879 2141 2972">
     <span class='ocr_line' id='line_1_54' title="bbox 576 2879 2141 2972; baseline -0.003 -12"><span class='ocrx_word' id='word_1_435' title='bbox 576 2904 631 2960; x_wconf 87' lang='lat' dir='ltr'><strong>in</strong></span> <span class='ocrx_word' id='word_1_436' title='bbox 653 2902 870 2959; x_wconf 84' lang='lat' dir='ltr'><strong>Christo</strong></span> <span class='ocrx_word' id='word_1_437' title='bbox 891 2879 1143 2972; x_wconf 79' lang='lat' dir='ltr'><strong>baptizati</strong></span> <span class='ocrx_word' id='word_1_438' title='bbox 1165 2902 1315 2967; x_wconf 90' lang='lat' dir='ltr'><strong>estis,</strong></span> <span class='ocrx_word' id='word_1_439' title='bbox 1333 2900 1605 2956; x_wconf 87' lang='lat' dir='ltr'><strong>Christum</strong></span> <span class='ocrx_word' id='word_1_440' title='bbox 1626 2901 1871 2958; x_wconf 87' lang='lat' dir='ltr'><strong>induistis</strong></span> <span class='ocrx_word' id='word_1_441' title='bbox 1892 2879 2141 2972; x_wconf 52' lang='lat' dir='ltr'><strong>(Catuli).</strong></span> 
     </span>
    </p>
   </div>
   <div class='ocr_carea' id='block_1_55' title="bbox 2243 2879 3737 2972">
    <p class='ocr_par' dir='ltr' id='par_1_55' title="bbox 2250 2879 3737 2972">
     <span class='ocr_line' id='line_1_55' title="bbox 2250 2879 3737 2972; baseline -0.007 -32"><span class='ocrx_word' id='word_1_442' title='bbox 2250 2886 2435 2941; x_wconf 85' lang='lat' dir='ltr'><strong>habuit</strong></span> <span class='ocrx_word' id='word_1_443' title='bbox 2474 2880 2825 2942; x_wconf 77' lang='lat' dir='ltr'><strong>consobrinus</strong></span> <span class='ocrx_word' id='word_1_444' title='bbox 2851 2899 3001 2940; x_wconf 83' lang='lat' dir='ltr'><strong>meus</strong></span> <span class='ocrx_word' id='word_1_445' title='bbox 3050 2885 3247 2950; x_wconf 83' lang='lat' dir='ltr'><strong>tilium,</strong></span> <span class='ocrx_word' id='word_1_446' title='bbox 3282 2885 3379 2942; x_wconf 88' lang='lat' dir='ltr'><strong>sed</strong></span> <span class='ocrx_word' id='word_1_447' title='bbox 3410 2900 3473 2940; x_wconf 87' lang='lat' dir='ltr'><strong>ex</strong></span> <span class='ocrx_word' id='word_1_448' title='bbox 3498 2882 3624 2938; x_wconf 81' lang='lat' dir='ltr'><strong>vultu</strong></span> <span class='ocrx_word' id='word_1_449' title='bbox 3646 2879 3737 2972; x_wconf 70' lang='lat' dir='ltr'><strong>hunc</strong></span> 
     </span>
    </p>
   </div>
   <div class='ocr_carea' id='block_1_56' title="bbox 574 2968 2141 3062">
    <p class='ocr_par' dir='ltr' id='par_1_56' title="bbox 574 2968 2141 3062">
     <span class='ocr_line' id='line_1_56' title="bbox 574 2968 2141 3062; baseline -0.001 -13"><span class='ocrx_word' id='word_1_450' title='bbox 574 2995 690 3051; x_wconf 84' lang='lat' dir='ltr'><strong>Non</strong></span> <span class='ocrx_word' id='word_1_451' title='bbox 715 3002 798 3050; x_wconf 90' lang='lat' dir='ltr'><strong>est</strong></span> <span class='ocrx_word' id='word_1_452' title='bbox 817 2968 1031 3049; x_wconf 66' lang='lat' dir='ltr'><strong>Iudaeus</strong></span> <span class='ocrx_word' id='word_1_453' title='bbox 1053 3006 1225 3062; x_wconf 85' lang='lat' dir='ltr'><strong>neque</strong></span> <span class='ocrx_word' id='word_1_454' title='bbox 1248 2990 1486 3059; x_wconf 64' lang='grc' dir='ltr'><strong>ϐιαιως,</strong></span> <span class='ocrx_word' id='word_1_455' title='bbox 1517 3007 1623 3048; x_wconf 91' lang='lat' dir='ltr'><strong>non</strong></span> <span class='ocrx_word' id='word_1_456' title='bbox 1651 3001 1732 3047; x_wconf 91' lang='lat' dir='ltr'><strong>est</strong></span> <span class='ocrx_word' id='word_1_457' title='bbox 1761 2968 1944 3047; x_wconf 89' lang='lat' dir='ltr'><strong>servus</strong></span> <span class='ocrx_word' id='word_1_458' title='bbox 1973 2968 2141 3062; x_wconf 78' lang='lat' dir='ltr'><strong>neque</strong></span> 
     </span>
    </p>
   </div>
   <div class='ocr_carea' id='block_1_57' title="bbox 2243 2968 3738 3062">
    <p class='ocr_par' dir='ltr' id='par_1_57' title="bbox 2252 2968 3738 3049">
     <span class='ocr_line' id='line_1_57' title="bbox 2252 2968 3738 3049; baseline -0.005 -14"><span class='ocrx_word' id='word_1_459' title='bbox 2252 2994 2361 3035; x_wconf 87' lang='lat' dir='ltr'><strong>non</strong></span> <span class='ocrx_word' id='word_1_460' title='bbox 2391 2993 2742 3049; x_wconf 86' lang='lat' dir='ltr'><strong>recognosco.</strong></span> <span class='ocrx_word' id='word_1_461' title='bbox 2771 2979 2915 3035; x_wconf 86' lang='lat' dir='ltr'><strong>Bene</strong></span> <span class='ocrx_word' id='word_1_462' title='bbox 2938 2993 3069 3049; x_wconf 88' lang='lat' dir='ltr'><strong>ergo</strong></span> <span class='ocrx_word' id='word_1_463' title='bbox 3100 2980 3251 3044; x_wconf 86' lang='lat' dir='ltr'><strong>facis,</strong></span> <span class='ocrx_word' id='word_1_464' title='bbox 3285 2979 3546 3039; x_wconf 80' lang='lat' dir='ltr'><strong>adducens</strong></span> <span class='ocrx_word' id='word_1_465' title='bbox 3570 2968 3738 3029; x_wconf 69' lang='lat' dir='ltr'><strong>haecad</strong></span> 
     </span>
    </p>
   </div>
   <div class='ocr_carea' id='block_1_58' title="bbox 575 3072 3738 3156">
    <p class='ocr_par' dir='ltr' id='par_1_58' title="bbox 575 3072 3738 3156">
     <span class='ocr_line' id='line_1_58' title="bbox 575 3072 3738 3156; baseline -0.003 -16"><span class='ocrx_word' id='word_1_466' title='bbox 575 3085 731 3148; x_wconf 90' lang='lat' dir='ltr'><strong>liber,</strong></span> <span class='ocrx_word' id='word_1_467' title='bbox 761 3098 947 3139; x_wconf 87' lang='lat' dir='ltr'><strong>omnes</strong></span> <span class='ocrx_word' id='word_1_468' title='bbox 967 3085 1108 3140; x_wconf 91' lang='lat' dir='ltr'><strong>enim</strong></span> <span class='ocrx_word' id='word_1_469' title='bbox 1132 3097 1228 3138; x_wconf 88' lang='lat' dir='ltr'><strong>vos</strong></span> <span class='ocrx_word' id='word_1_470' title='bbox 1253 3098 1413 3138; x_wconf 88' lang='lat' dir='ltr'><strong>unum</strong></span> <span class='ocrx_word' id='word_1_471' title='bbox 1443 3084 1578 3139; x_wconf 81' lang='lat' dir='ltr'><strong>estis</strong></span> <span class='ocrx_word' id='word_1_472' title='bbox 1602 3084 1655 3139; x_wconf 91' lang='lat' dir='ltr'><strong>in</strong></span> <span class='ocrx_word' id='word_1_473' title='bbox 1683 3084 1915 3139; x_wconf 81' lang='lat' dir='ltr'><strong>Christo.</strong></span> <span class='ocrx_word' id='word_1_474' title='bbox 1939 3084 1993 3139; x_wconf 92' lang='lat' dir='ltr'><strong>Si</strong></span> <span class='ocrx_word' id='word_1_475' title='bbox 2018 3100 2144 3156; x_wconf 89' lang='lat' dir='ltr'><strong>ergo</strong></span> <span class='ocrx_word' id='word_1_476' title='bbox 2172 3087 2221 3154; x_wconf 72' lang='grc' dir='ltr'>ο</span> <span class='ocrx_word' id='word_1_477' title='bbox 2253 3088 2358 3129; x_wconf 70' lang='lat' dir='ltr'><strong>meo</strong></span> <span class='ocrx_word' id='word_1_478' title='bbox 2408 3072 2693 3129; x_wconf 61' lang='lat' dir='ltr'><strong>Adducet“</strong></span> <span class='ocrx_word' id='word_1_479' title='bbox 2734 3087 2864 3144; x_wconf 72' lang='lat' dir='ltr'><strong>ergo</strong></span> <span class='ocrx_word' id='word_1_480' title='bbox 2904 3088 3048 3139; x_wconf 79' lang='lat' dir='ltr'><strong>eum.</strong></span> <span class='ocrx_word' id='word_1_481' title='bbox 3097 3081 3247 3143; x_wconf 71' lang='lat' dir='ltr'><strong>porta</strong></span> <span class='ocrx_word' id='word_1_482' title='bbox 3276 3081 3335 3127; x_wconf 74' lang='lat' dir='ltr'><strong>et</strong></span> <span class='ocrx_word' id='word_1_483' title='bbox 3361 3073 3579 3128; x_wconf 66' lang='lat' dir='ltr'><strong>chartam</strong></span> <span class='ocrx_word' id='word_1_484' title='bbox 3603 3078 3738 3123; x_wconf 68' lang='grc' dir='ltr'>ιθαω·</span> 
     </span>
    </p>
   </div>
   <div class='ocr_carea' id='block_1_59' title="bbox 580 1364 1607 1423">
    <p class='ocr_par' dir='ltr' id='par_1_59' title="bbox 580 1364 1607 1423">
     <span class='ocr_line' id='line_1_59' title="bbox 580 1364 1607 1423; baseline -0.004 -1"><span class='ocrx_word' id='word_1_485' title='bbox 580 1380 796 1423; x_wconf 84' lang='lat' dir='ltr'><strong>sanetos</strong></span> <span class='ocrx_word' id='word_1_486' title='bbox 823 1367 921 1420; x_wconf 91' lang='lat' dir='ltr'><strong>hos</strong></span> <span class='ocrx_word' id='word_1_487' title='bbox 950 1366 1039 1421; x_wconf 91' lang='lat' dir='ltr'><strong>ille</strong></span> <span class='ocrx_word' id='word_1_488' title='bbox 1066 1380 1194 1421; x_wconf 90' lang='lat' dir='ltr'><strong>vere</strong></span> <span class='ocrx_word' id='word_1_489' title='bbox 1223 1364 1607 1420; x_wconf 90' lang='lat' dir='ltr'><strong>sanctissimus.</strong></span> 
     </span>
    </p>
   </div>
   <div class='ocr_carea' id='block_1_60' title="bbox 577 3173 2143 3244">
    <p class='ocr_par' dir='ltr' id='par_1_60' title="bbox 577 3173 2143 3244">
     <span class='ocr_line' id='line_1_60' title="bbox 577 3173 2143 3244; baseline 0.001 -16"><span class='ocrx_word' id='word_1_490' title='bbox 577 3175 715 3244; x_wconf 89' lang='lat' dir='ltr'><strong>apud</strong></span> <span class='ocrx_word' id='word_1_491' title='bbox 737 3173 1010 3229; x_wconf 80' lang='lat' dir='ltr'><strong>Christum</strong></span> <span class='ocrx_word' id='word_1_492' title='bbox 1038 3174 1268 3243; x_wconf 83' lang='lat' dir='ltr'><strong>aequales</strong></span> <span class='ocrx_word' id='word_1_493' title='bbox 1294 3189 1499 3241; x_wconf 86' lang='lat' dir='ltr'><strong>sumus,</strong></span> <span class='ocrx_word' id='word_1_494' title='bbox 1528 3186 1583 3230; x_wconf 90' lang='lat' dir='ltr'><strong>et</strong></span> <span class='ocrx_word' id='word_1_495' title='bbox 1608 3173 1675 3229; x_wconf 90' lang='lat' dir='ltr'><strong>ad</strong></span> <span class='ocrx_word' id='word_1_496' title='bbox 1706 3176 1933 3230; x_wconf 88' lang='lat' dir='ltr'><strong>invicem</strong></span> <span class='ocrx_word' id='word_1_497' title='bbox 1961 3190 2143 3243; x_wconf 67' lang='lat' dir='ltr'><strong>mqua-</strong></span> 
     </span>
    </p>
   </div>
   <div class='ocr_carea' id='block_1_61' title="bbox 577 3264 2143 3322">
    <p class='ocr_par' dir='ltr' id='par_1_61' title="bbox 577 3264 2143 3322">
     <span class='ocr_line' id='line_1_61' title="bbox 577 3264 2143 3322; baseline -0.001 -1"><span class='ocrx_word' id='word_1_498' title='bbox 577 3268 653 3322; x_wconf 89' lang='lat' dir='ltr'><strong>Ies</strong></span> <span class='ocrx_word' id='word_1_499' title='bbox 720 3265 1035 3322; x_wconf 73' lang='lat' dir='ltr'><strong>efficiamur.</strong></span> <span class='ocrx_word' id='word_1_500' title='bbox 1114 3264 1321 3320; x_wconf 86' lang='lat' dir='ltr'><strong>Etenim</strong></span> <span class='ocrx_word' id='word_1_501' title='bbox 1394 3264 1638 3320; x_wconf 86' lang='lat' dir='ltr'><strong>Christus</strong></span> <span class='ocrx_word' id='word_1_502' title='bbox 1709 3265 1935 3319; x_wconf 79' lang='lat' dir='ltr'><strong>formam</strong></span> <span class='ocrx_word' id='word_1_503' title='bbox 2004 3264 2143 3320; x_wconf 78' lang='lat' dir='ltr'><strong>st-rvi</strong></span> 
     </span>
    </p>
   </div>
   <div class='ocr_carea' id='block_1_62' title="bbox 576 3355 2145 3425">
    <p class='ocr_par' dir='ltr' id='par_1_62' title="bbox 576 3355 2145 3425">
     <span class='ocr_line' id='line_1_62' title="bbox 576 3355 2145 3425; baseline 0 -15"><span class='ocrx_word' id='word_1_504' title='bbox 576 3356 895 3425; x_wconf 78' lang='lat' dir='ltr'><strong>assumpsit,</strong></span> <span class='ocrx_word' id='word_1_505' title='bbox 950 3356 1150 3411; x_wconf 90' lang='lat' dir='ltr'><strong>docens</strong></span> <span class='ocrx_word' id='word_1_506' title='bbox 1206 3371 1304 3410; x_wconf 90' lang='lat' dir='ltr'><strong>nos</strong></span> <span class='ocrx_word' id='word_1_507' title='bbox 1346 3371 1450 3411; x_wconf 91' lang='lat' dir='ltr'><strong>non</strong></span> <span class='ocrx_word' id='word_1_508' title='bbox 1500 3355 1773 3424; x_wconf 89' lang='lat' dir='ltr'><strong>superbire</strong></span> <span class='ocrx_word' id='word_1_509' title='bbox 1822 3366 2005 3410; x_wconf 86' lang='lat' dir='ltr'><strong>contra</strong></span> <span class='ocrx_word' id='word_1_510' title='bbox 2032 3371 2145 3411; x_wconf 88' lang='lat' dir='ltr'><strong>ser-</strong></span> 
     </span>
    </p>
   </div>
   <div class='ocr_carea' id='block_1_63' title="bbox 574 3446 2145 3515">
    <p class='ocr_par' dir='ltr' id='par_1_63' title="bbox 574 3446 2145 3515">
     <span class='ocr_line' id='line_1_63' title="bbox 574 3446 2145 3515; baseline 0 -11"><span class='ocrx_word' id='word_1_511' title='bbox 574 3464 671 3504; x_wconf 87' lang='lat' dir='ltr'><strong>vos</strong></span> <span class='ocrx_word' id='word_1_512' title='bbox 724 3456 951 3507; x_wconf 85' lang='lat' dir='ltr'><strong>nostros.</strong></span> <span class='ocrx_word' id='word_1_513' title='bbox 1016 3446 1161 3502; x_wconf 89' lang='lat' dir='ltr'><strong>Unus</strong></span> <span class='ocrx_word' id='word_1_514' title='bbox 1209 3446 1349 3501; x_wconf 85' lang='lat' dir='ltr'><strong>enim</strong></span> <span class='ocrx_word' id='word_1_515' title='bbox 1381 3455 1462 3501; x_wconf 87' lang='lat' dir='ltr'><strong>est</strong></span> <span class='ocrx_word' id='word_1_516' title='bbox 1504 3446 1757 3503; x_wconf 82' lang='lat' dir='ltr'><strong>Dominus</strong></span> <span class='ocrx_word' id='word_1_517' title='bbox 1804 3450 2061 3515; x_wconf 90' lang='lat' dir='ltr'><strong>omnium,</strong></span> <span class='ocrx_word' id='word_1_518' title='bbox 2092 3450 2145 3505; x_wconf 91' lang='lat' dir='ltr'><strong>in</strong></span> 
     </span>
    </p>
   </div>
   <div class='ocr_carea' id='block_1_64' title="bbox 576 3540 2149 3617">
    <p class='ocr_par' dir='ltr' id='par_1_64' title="bbox 576 3540 2149 3617">
     <span class='ocr_line' id='line_1_64' title="bbox 576 3540 2149 3617; baseline 0 -19"><span class='ocrx_word' id='word_1_519' title='bbox 576 3544 730 3599; x_wconf 78' lang='lat' dir='ltr'><strong>cmlis</strong></span> <span class='ocrx_word' id='word_1_520' title='bbox 767 3543 1043 3608; x_wconf 89' lang='lat' dir='ltr'><strong>habitans,</strong></span> <span class='ocrx_word' id='word_1_521' title='bbox 1078 3552 1134 3598; x_wconf 92' lang='lat' dir='ltr'><strong>et</strong></span> <span class='ocrx_word' id='word_1_522' title='bbox 1162 3542 1392 3596; x_wconf 84' lang='lat' dir='ltr'><strong>humilia</strong></span> <span class='ocrx_word' id='word_1_523' title='bbox 1425 3542 1728 3611; x_wconf 80' lang='lat' dir='ltr'><strong>reSpiciens</strong></span> <span class='ocrx_word' id='word_1_524' title='bbox 1771 3541 1939 3612; x_wconf 84' lang='lat' dir='ltr'><strong>(Psal.</strong></span> <span class='ocrx_word' id='word_1_525' title='bbox 1980 3540 2149 3617; x_wconf 77' lang='lat' dir='ltr'><strong>cx&quot;);</strong></span> 
     </span>
    </p>
   </div>
   <div class='ocr_carea' id='block_1_65' title="bbox 569 3630 2153 3699">
    <p class='ocr_par' dir='ltr' id='par_1_65' title="bbox 569 3630 2153 3699">
     <span class='ocr_line' id='line_1_65' title="bbox 569 3630 2153 3699; baseline 0.003 -12"><span class='ocrx_word' id='word_1_526' title='bbox 569 3648 685 3687; x_wconf 85' lang='lat' dir='ltr'><strong>non</strong></span> <span class='ocrx_word' id='word_1_527' title='bbox 724 3632 864 3688; x_wconf 76' lang='lat' dir='ltr'><strong>dixit</strong></span> <span class='ocrx_word' id='word_1_528' title='bbox 899 3631 1185 3699; x_wconf 90' lang='lat' dir='ltr'><strong>sublimia,</strong></span> <span class='ocrx_word' id='word_1_529' title='bbox 1236 3632 1332 3688; x_wconf 88' lang='lat' dir='ltr'><strong>sed</strong></span> <span class='ocrx_word' id='word_1_530' title='bbox 1381 3632 1633 3687; x_wconf 84' lang='lat' dir='ltr'><strong>humilia.</strong></span> <span class='ocrx_word' id='word_1_531' title='bbox 1676 3630 1954 3698; x_wconf 83' lang='lat' dir='ltr'><strong>Quantum</strong></span> <span class='ocrx_word' id='word_1_532' title='bbox 2002 3636 2153 3691; x_wconf 87' lang='lat' dir='ltr'><strong>enim</strong></span> 
     </span>
    </p>
   </div>
   <div class='ocr_carea' id='block_1_66' title="bbox 572 3721 2144 3791">
    <p class='ocr_par' dir='ltr' id='par_1_66' title="bbox 572 3721 2144 3791">
     <span class='ocr_line' id='line_1_66' title="bbox 572 3721 2144 3791; baseline 0.003 -19"><span class='ocrx_word' id='word_1_533' title='bbox 572 3736 757 3775; x_wconf 85' lang='lat' dir='ltr'><strong>aurum</strong></span> <span class='ocrx_word' id='word_1_534' title='bbox 789 3721 1056 3788; x_wconf 89' lang='lat' dir='ltr'><strong>dedimus,</strong></span> <span class='ocrx_word' id='word_1_535' title='bbox 1089 3730 1148 3774; x_wconf 87' lang='lat' dir='ltr'><strong>ut</strong></span> <span class='ocrx_word' id='word_1_536' title='bbox 1177 3721 1576 3774; x_wconf 86' lang='lat' dir='ltr'><strong>honorificatum</strong></span> <span class='ocrx_word' id='word_1_537' title='bbox 1619 3731 1672 3776; x_wconf 88' lang='lat' dir='ltr'><strong>et</strong></span> <span class='ocrx_word' id='word_1_538' title='bbox 1703 3733 1936 3791; x_wconf 87' lang='lat' dir='ltr'><strong>emptum</strong></span> <span class='ocrx_word' id='word_1_539' title='bbox 1963 3724 2144 3778; x_wconf 85' lang='lat' dir='ltr'><strong>nobis-</strong></span> 
     </span>
    </p>
   </div>
   <div class='ocr_carea' id='block_1_67' title="bbox 572 3806 2147 3880">
    <p class='ocr_par' dir='ltr' id='par_1_67' title="bbox 572 3806 2147 3880">
     <span class='ocr_line' id='line_1_67' title="bbox 572 3806 2147 3880; baseline 0.004 -17"><span class='ocrx_word' id='word_1_540' title='bbox 572 3826 692 3864; x_wconf 92' lang='lat' dir='ltr'><strong>cum</strong></span> <span class='ocrx_word' id='word_1_541' title='bbox 721 3824 843 3864; x_wconf 90' lang='lat' dir='ltr'><strong>eum</strong></span> <span class='ocrx_word' id='word_1_542' title='bbox 881 3811 1137 3880; x_wconf 79' lang='lat' dir='ltr'><strong>sanguine</strong></span> <span class='ocrx_word' id='word_1_543' title='bbox 1174 3808 1353 3864; x_wconf 80' lang='lat' dir='ltr'><strong>divino</strong></span> <span class='ocrx_word' id='word_1_544' title='bbox 1384 3821 1436 3865; x_wconf 93' lang='lat' dir='ltr'><strong>et</strong></span> <span class='ocrx_word' id='word_1_545' title='bbox 1462 3806 1734 3867; x_wconf 88' lang='lat' dir='ltr'><strong>Dominico</strong></span> <span class='ocrx_word' id='word_1_546' title='bbox 1755 3853 1769 3877; x_wconf 92' lang='lat'><strong>,</strong></span> <span class='ocrx_word' id='word_1_547' title='bbox 1803 3814 1955 3868; x_wconf 90' lang='lat' dir='ltr'><strong>nobis</strong></span> <span class='ocrx_word' id='word_1_548' title='bbox 1979 3815 2147 3869; x_wconf 77' lang='lat' dir='ltr'><strong>servi-</strong></span> 
     </span>
    </p>
   </div>
   <div class='ocr_carea' id='block_1_68' title="bbox 575 3898 2142 3973">
    <p class='ocr_par' dir='ltr' id='par_1_68' title="bbox 575 3898 2142 3973">
     <span class='ocr_line' id='line_1_68' title="bbox 575 3898 2142 3973; baseline 0.003 -18"><span class='ocrx_word' id='word_1_549' title='bbox 575 3901 671 3955; x_wconf 90' lang='lat' dir='ltr'><strong>tuti</strong></span> <span class='ocrx_word' id='word_1_550' title='bbox 704 3899 1073 3967; x_wconf 74' lang='lat' dir='ltr'><strong>subjiciamus?</strong></span> <span class='ocrx_word' id='word_1_551' title='bbox 1120 3898 1342 3969; x_wconf 84' lang='lat' dir='ltr'><strong>Propter</strong></span> <span class='ocrx_word' id='word_1_552' title='bbox 1362 3914 1485 3957; x_wconf 90' lang='lat' dir='ltr'><strong>eum</strong></span> <span class='ocrx_word' id='word_1_553' title='bbox 1524 3902 1738 3969; x_wconf 68' lang='lat' dir='ltr'><strong>coelum,</strong></span> <span class='ocrx_word' id='word_1_554' title='bbox 1764 3915 1981 3973; x_wconf 89' lang='lat' dir='ltr'><strong>propter</strong></span> <span class='ocrx_word' id='word_1_555' title='bbox 2022 3920 2142 3961; x_wconf 89' lang='lat' dir='ltr'><strong>eum</strong></span> 
     </span>
    </p>
   </div>
   <div class='ocr_carea' id='block_1_69' title="bbox 571 3997 2144 4070">
    <p class='ocr_par' dir='ltr' id='par_1_69' title="bbox 571 3997 2144 4070">
     <span class='ocr_line' id='line_1_69' title="bbox 571 3997 2144 4070; baseline 0.008 -25"><span class='ocrx_word' id='word_1_556' title='bbox 571 4004 732 4057; x_wconf 89' lang='lat' dir='ltr'><strong>tcrra,</strong></span> <span class='ocrx_word' id='word_1_557' title='bbox 757 4005 972 4063; x_wconf 71' lang='lat' dir='ltr'><strong>promer</strong></span> <span class='ocrx_word' id='word_1_558' title='bbox 1000 4013 1120 4051; x_wconf 89' lang='lat' dir='ltr'><strong>eum</strong></span> <span class='ocrx_word' id='word_1_559' title='bbox 1157 3997 1343 4065; x_wconf 66' lang='lat' dir='ltr'><strong>stellae,</strong></span> <span class='ocrx_word' id='word_1_560' title='bbox 1394 4008 1609 4067; x_wconf 90' lang='lat' dir='ltr'><strong>propter</strong></span> <span class='ocrx_word' id='word_1_561' title='bbox 1633 4012 1753 4053; x_wconf 90' lang='lat' dir='ltr'><strong>eum</strong></span> <span class='ocrx_word' id='word_1_562' title='bbox 1786 4001 1862 4054; x_wconf 93' lang='lat' dir='ltr'><strong>sol</strong></span> <span class='ocrx_word' id='word_1_563' title='bbox 1888 4039 1902 4065; x_wconf 91' lang='lat'><strong>,</strong></span> <span class='ocrx_word' id='word_1_564' title='bbox 1931 4014 2144 4070; x_wconf 85' lang='lat' dir='ltr'><strong>propter</strong></span> 
     </span>
    </p>
   </div>
   <div class='ocr_carea' id='block_1_70' title="bbox 453 4086 2141 4162">
    <p class='ocr_par' dir='ltr' id='par_1_70' title="bbox 453 4086 2141 4162">
     <span class='ocr_line' id='line_1_70' title="bbox 453 4086 2141 4162; baseline 0.007 -25"><span class='ocrx_word' id='word_1_565' title='bbox 453 4137 466 4151; x_wconf 73' lang='grc'><strong>,</strong></span> <span class='ocrx_word' id='word_1_566' title='bbox 569 4099 689 4138; x_wconf 88' lang='lat' dir='ltr'><strong>eum</strong></span> <span class='ocrx_word' id='word_1_567' title='bbox 740 4102 885 4162; x_wconf 76' lang='lat' dir='ltr'><strong>mare</strong></span> <span class='ocrx_word' id='word_1_568' title='bbox 910 4095 964 4141; x_wconf 90' lang='lat' dir='ltr'><strong>et</strong></span> <span class='ocrx_word' id='word_1_569' title='bbox 992 4102 1109 4157; x_wconf 68' lang='lat' dir='ltr'><strong>qua:</strong></span> <span class='ocrx_word' id='word_1_570' title='bbox 1137 4086 1189 4141; x_wconf 90' lang='lat' dir='ltr'><strong>in</strong></span> <span class='ocrx_word' id='word_1_571' title='bbox 1220 4102 1285 4142; x_wconf 92' lang='lat' dir='ltr'><strong>eo</strong></span> <span class='ocrx_word' id='word_1_572' title='bbox 1303 4097 1444 4143; x_wconf 90' lang='lat' dir='ltr'><strong>sunt.</strong></span> <span class='ocrx_word' id='word_1_573' title='bbox 1469 4088 1752 4144; x_wconf 83' lang='lat' dir='ltr'><strong>Estautem</strong></span> <span class='ocrx_word' id='word_1_574' title='bbox 1780 4106 1986 4157; x_wconf 88' lang='lat' dir='ltr'><strong>verum,</strong></span> <span class='ocrx_word' id='word_1_575' title='bbox 2018 4093 2141 4162; x_wconf 83' lang='lat' dir='ltr'><strong>quia</strong></span> 
     </span>
    </p>
   </div>
   <div class='ocr_carea' id='block_1_71' title="bbox 560 4156 2142 4253">
    <p class='ocr_par' dir='ltr' id='par_1_71' title="bbox 560 4156 2142 4253">
     <span class='ocr_line' id='line_1_71' title="bbox 560 4156 2142 4253; baseline 0.007 -24"><span class='ocrx_word' id='word_1_576' title='bbox 560 4185 624 4229; x_wconf 81' lang='lat' dir='ltr'><strong>et</strong></span> <span class='ocrx_word' id='word_1_577' title='bbox 667 4156 920 4246; x_wconf 49' lang='lat' dir='ltr'><strong>angeli‘ei</strong></span> <span class='ocrx_word' id='word_1_578' title='bbox 954 4156 1280 4245; x_wconf 88' lang='lat' dir='ltr'><strong>ministrant,</strong></span> <span class='ocrx_word' id='word_1_579' title='bbox 1311 4186 1529 4249; x_wconf 87' lang='lat' dir='ltr'><strong>pr0pter</strong></span> <span class='ocrx_word' id='word_1_580' title='bbox 1548 4195 1667 4236; x_wconf 91' lang='lat' dir='ltr'><strong>eum</strong></span> <span class='ocrx_word' id='word_1_581' title='bbox 1717 4156 2142 4253; x_wconf 77' lang='lat' dir='ltr'><strong>Christuspedes</strong></span> 
     </span>
    </p>
   </div>
   <div class='ocr_carea' id='block_1_72' title="bbox 569 4273 2140 4348">
    <p class='ocr_par' dir='ltr' id='par_1_72' title="bbox 569 4273 2140 4348">
     <span class='ocr_line' id='line_1_72' title="bbox 569 4273 2140 4348; baseline 0.008 -22"><span class='ocrx_word' id='word_1_582' title='bbox 569 4287 845 4326; x_wconf 84' lang='lat' dir='ltr'><strong>servorum</strong></span> <span class='ocrx_word' id='word_1_583' title='bbox 912 4273 1067 4335; x_wconf 88' lang='lat' dir='ltr'><strong>lavit,</strong></span> <span class='ocrx_word' id='word_1_584' title='bbox 1136 4285 1358 4344; x_wconf 85' lang='lat' dir='ltr'><strong>propter</strong></span> <span class='ocrx_word' id='word_1_585' title='bbox 1405 4291 1525 4330; x_wconf 89' lang='lat' dir='ltr'><strong>eum</strong></span> <span class='ocrx_word' id='word_1_586' title='bbox 1574 4279 1859 4335; x_wconf 78' lang='lat' dir='ltr'><strong>crucifixus</strong></span> <span class='ocrx_word' id='word_1_587' title='bbox 1914 4292 2032 4348; x_wconf 86' lang='lat' dir='ltr'><strong>est,</strong></span> <span class='ocrx_word' id='word_1_588' title='bbox 2086 4292 2140 4338; x_wconf 87' lang='lat' dir='ltr'><strong>et</strong></span> 
     </span>
    </p>
   </div>
   <div class='ocr_carea' id='block_1_73' title="bbox 556 4365 2138 4437">
    <p class='ocr_par' dir='ltr' id='par_1_73' title="bbox 556 4365 2138 4437">
     <span class='ocr_line' id='line_1_73' title="bbox 556 4365 2138 4437; baseline 0.005 -16"><span class='ocrx_word' id='word_1_589' title='bbox 556 4372 758 4421; x_wconf 66' lang='lat' dir='ltr'><strong>caetera</strong></span> <span class='ocrx_word' id='word_1_590' title='bbox 782 4365 956 4419; x_wconf 82' lang='lat' dir='ltr'><strong>omnia</strong></span> <span class='ocrx_word' id='word_1_591' title='bbox 989 4374 1202 4433; x_wconf 84' lang='lat' dir='ltr'><strong>propter</strong></span> <span class='ocrx_word' id='word_1_592' title='bbox 1225 4382 1345 4421; x_wconf 87' lang='lat' dir='ltr'><strong>eum</strong></span> <span class='ocrx_word' id='word_1_593' title='bbox 1374 4381 1560 4437; x_wconf 89' lang='lat' dir='ltr'><strong>passus</strong></span> <span class='ocrx_word' id='word_1_594' title='bbox 1576 4379 1677 4425; x_wconf 90' lang='lat' dir='ltr'><strong>est.</strong></span> <span class='ocrx_word' id='word_1_595' title='bbox 1707 4371 1785 4425; x_wconf 85' lang='lat' dir='ltr'><strong>Tu</strong></span> <span class='ocrx_word' id='word_1_596' title='bbox 1808 4380 1983 4426; x_wconf 89' lang='lat' dir='ltr'><strong>autem</strong></span> <span class='ocrx_word' id='word_1_597' title='bbox 2018 4388 2138 4429; x_wconf 86' lang='lat' dir='ltr'><strong>eum</strong></span> 
     </span>
    </p>
   </div>
   <div class='ocr_carea' id='block_1_74' title="bbox 2250 3164 3736 3236">
    <p class='ocr_par' dir='ltr' id='par_1_74' title="bbox 2250 3164 3736 3236">
     <span class='ocr_line' id='line_1_74' title="bbox 2250 3164 3736 3236; baseline -0.002 -13"><span class='ocrx_word' id='word_1_598' title='bbox 2250 3168 2380 3223; x_wconf 88' lang='lat' dir='ltr'><strong>Cum</strong></span> <span class='ocrx_word' id='word_1_599' title='bbox 2412 3182 2538 3222; x_wconf 87' lang='lat' dir='ltr'><strong>vero</strong></span> <span class='ocrx_word' id='word_1_600' title='bbox 2564 3169 2952 3236; x_wconf 84' lang='lat' dir='ltr'><strong>pervenissent,</strong></span> <span class='ocrx_word' id='word_1_601' title='bbox 2984 3167 3105 3223; x_wconf 89' lang='lat' dir='ltr'><strong>tulit</strong></span> <span class='ocrx_word' id='word_1_602' title='bbox 3126 3164 3259 3223; x_wconf 87' lang='lat' dir='ltr'><strong>eum</strong></span> <span class='ocrx_word' id='word_1_603' title='bbox 3278 3176 3486 3223; x_wconf 85' lang='lat' dir='ltr'><strong>secreto</strong></span> <span class='ocrx_word' id='word_1_604' title='bbox 3512 3166 3588 3220; x_wconf 85' lang='lat' dir='ltr'><strong>ille</strong></span> <span class='ocrx_word' id='word_1_605' title='bbox 3599 3164 3736 3232; x_wconf 62' lang='lat' dir='ltr'><strong>justiti.</strong></span> 
     </span>
    </p>
   </div>
   <div class='ocr_carea' id='block_1_75' title="bbox 2250 3251 3738 3327">
    <p class='ocr_par' dir='ltr' id='par_1_75' title="bbox 2250 3251 3738 3327">
     <span class='ocr_line' id='line_1_75' title="bbox 2250 3251 3738 3327; baseline -0.008 -14"><span class='ocrx_word' id='word_1_606' title='bbox 2250 3267 2306 3313; x_wconf 89' lang='lat' dir='ltr'><strong>et</strong></span> <span class='ocrx_word' id='word_1_607' title='bbox 2328 3259 2492 3327; x_wconf 71' lang='lat' dir='ltr'><strong>cmpit</strong></span> <span class='ocrx_word' id='word_1_608' title='bbox 2518 3258 2818 3313; x_wconf 86' lang='lat' dir='ltr'><strong>deosculari</strong></span> <span class='ocrx_word' id='word_1_609' title='bbox 2845 3272 2990 3324; x_wconf 85' lang='lat' dir='ltr'><strong>eum,</strong></span> <span class='ocrx_word' id='word_1_610' title='bbox 3018 3268 3074 3314; x_wconf 91' lang='lat' dir='ltr'><strong>et</strong></span> <span class='ocrx_word' id='word_1_611' title='bbox 3099 3258 3323 3315; x_wconf 70' lang='lat' dir='ltr'><strong>dicere:</strong></span> <span class='ocrx_word' id='word_1_612' title='bbox 3354 3260 3491 3315; x_wconf 78' lang='lat' dir='ltr'><strong>Deae</strong></span> <span class='ocrx_word' id='word_1_613' title='bbox 3510 3258 3629 3311; x_wconf 84' lang='lat' dir='ltr'><strong>venit</strong></span> <span class='ocrx_word' id='word_1_614' title='bbox 3644 3251 3738 3305; x_wconf 76' lang='lat' dir='ltr'><strong>filius</strong></span> 
     </span>
    </p>
   </div>
   <div class='ocr_carea' id='block_1_76' title="bbox 2249 3340 3740 3421">
    <p class='ocr_par' dir='ltr' id='par_1_76' title="bbox 2249 3340 3740 3421">
     <span class='ocr_line' id='line_1_76' title="bbox 2249 3340 3740 3421; baseline -0.007 -16"><span class='ocrx_word' id='word_1_615' title='bbox 2249 3349 2555 3405; x_wconf 86' lang='lat' dir='ltr'><strong>consobrini</strong></span> <span class='ocrx_word' id='word_1_616' title='bbox 2589 3350 2715 3405; x_wconf 85' lang='lat' dir='ltr'><strong>mei.</strong></span> <span class='ocrx_word' id='word_1_617' title='bbox 2748 3347 2949 3405; x_wconf 87' lang='lat' dir='ltr'><strong>Ditavit</strong></span> <span class='ocrx_word' id='word_1_618' title='bbox 2976 3349 3138 3421; x_wconf 86' lang='lat' dir='ltr'><strong>igitur</strong></span> <span class='ocrx_word' id='word_1_619' title='bbox 3163 3365 3312 3420; x_wconf 85' lang='lat' dir='ltr'><strong>eum,</strong></span> <span class='ocrx_word' id='word_1_620' title='bbox 3341 3359 3397 3407; x_wconf 91' lang='lat' dir='ltr'><strong>et</strong></span> <span class='ocrx_word' id='word_1_621' title='bbox 3421 3349 3560 3404; x_wconf 82' lang='lat' dir='ltr'><strong>uxori</strong></span> <span class='ocrx_word' id='word_1_622' title='bbox 3587 3340 3740 3400; x_wconf 73' lang='lat' dir='ltr'><strong>tradidit</strong></span> 
     </span>
    </p>
   </div>
   <div class='ocr_carea' id='block_1_77' title="bbox 2249 3433 3738 3511">
    <p class='ocr_par' dir='ltr' id='par_1_77' title="bbox 2249 3433 3738 3511">
     <span class='ocr_line' id='line_1_77' title="bbox 2249 3433 3738 3511; baseline -0.005 -14"><span class='ocrx_word' id='word_1_623' title='bbox 2249 3441 2304 3497; x_wconf 91' lang='lat' dir='ltr'><strong>in</strong></span> <span class='ocrx_word' id='word_1_624' title='bbox 2335 3440 2657 3497; x_wconf 80' lang='lat' dir='ltr'><strong>Alexandria</strong></span> <span class='ocrx_word' id='word_1_625' title='bbox 2682 3482 2697 3507; x_wconf 93' lang='lat'><strong>,</strong></span> <span class='ocrx_word' id='word_1_626' title='bbox 2726 3449 2781 3498; x_wconf 86' lang='lat' dir='ltr'><strong>et</strong></span> <span class='ocrx_word' id='word_1_627' title='bbox 2805 3441 3020 3496; x_wconf 63' lang='lat' dir='ltr'><strong>Murum</strong></span> <span class='ocrx_word' id='word_1_628' title='bbox 3050 3449 3107 3497; x_wconf 88' lang='lat' dir='ltr'><strong>et</strong></span> <span class='ocrx_word' id='word_1_629' title='bbox 3133 3442 3315 3496; x_wconf 82' lang='lat' dir='ltr'><strong>omnia</strong></span> <span class='ocrx_word' id='word_1_630' title='bbox 3347 3440 3526 3511; x_wconf 80' lang='lat' dir='ltr'><strong>quibus</strong></span> <span class='ocrx_word' id='word_1_631' title='bbox 3550 3449 3655 3507; x_wconf 78' lang='lat' dir='ltr'><strong>opus</strong></span> <span class='ocrx_word' id='word_1_632' title='bbox 3676 3433 3738 3483; x_wconf 78' lang='lat' dir='ltr'><strong>lla-</strong></span> 
     </span>
    </p>
   </div>
   <div class='ocr_carea' id='block_1_78' title="bbox 2231 3528 3738 3601">
    <p class='ocr_par' dir='ltr' id='par_1_78' title="bbox 2231 3528 3738 3601">
     <span class='ocr_line' id='line_1_78' title="bbox 2231 3528 3738 3601; baseline -0.007 -17"><span class='ocrx_word' id='word_1_633' title='bbox 2231 3530 2362 3586; x_wconf 69' lang='lat' dir='ltr'><strong>,buit</strong></span> <span class='ocrx_word' id='word_1_634' title='bbox 2383 3530 2601 3587; x_wconf 87' lang='lat' dir='ltr'><strong>donavit</strong></span> <span class='ocrx_word' id='word_1_635' title='bbox 2632 3532 2680 3586; x_wconf 87' lang='lat' dir='ltr'><strong>ei</strong></span> <span class='ocrx_word' id='word_1_636' title='bbox 2701 3572 2715 3596; x_wconf 92' lang='lat'><strong>,</strong></span> <span class='ocrx_word' id='word_1_637' title='bbox 2747 3530 3117 3587; x_wconf 86' lang='lat' dir='ltr'><strong>demonstrare</strong></span> <span class='ocrx_word' id='word_1_638' title='bbox 3144 3530 3407 3587; x_wconf 79' lang='lat' dir='ltr'><strong>festinans</strong></span> <span class='ocrx_word' id='word_1_639' title='bbox 3431 3528 3647 3601; x_wconf 82' lang='lat' dir='ltr'><strong>quoniam</strong></span> <span class='ocrx_word' id='word_1_640' title='bbox 3669 3534 3738 3575; x_wconf 81' lang='lat' dir='ltr'><strong>non</strong></span> 
     </span>
    </p>
   </div>
   <div class='ocr_carea' id='block_1_79' title="bbox 2250 3608 3738 3696">
    <p class='ocr_par' dir='ltr' id='par_1_79' title="bbox 2250 3608 3738 3696">
     <span class='ocr_line' id='line_1_79' title="bbox 2250 3608 3738 3696; baseline 0.001 -19"><span class='ocrx_word' id='word_1_641' title='bbox 2250 3622 2587 3694; x_wconf 72' lang='lat' dir='ltr'><strong>derelinquat</strong></span> <span class='ocrx_word' id='word_1_642' title='bbox 2638 3623 2893 3679; x_wconf 84' lang='lat' dir='ltr'><strong>Dominus</strong></span> <span class='ocrx_word' id='word_1_643' title='bbox 2939 3635 3219 3693; x_wconf 83' lang='lat' dir='ltr'><strong>sperantes</strong></span> <span class='ocrx_word' id='word_1_644' title='bbox 3262 3627 3317 3680; x_wconf 89' lang='lat' dir='ltr'><strong>in</strong></span> <span class='ocrx_word' id='word_1_645' title='bbox 3351 3639 3411 3681; x_wconf 86' lang='lat' dir='ltr'><strong>se</strong></span> <span class='ocrx_word' id='word_1_646' title='bbox 3470 3608 3738 3696; x_wconf 52' lang='lat' dir='ltr'><strong>(ludia-&quot;)-</strong></span> 
     </span>
    </p>
   </div>
   <div class='ocr_carea' id='block_1_80' title="bbox 2320 3725 3741 3806">
    <p class='ocr_par' dir='ltr' id='par_1_80' title="bbox 2320 3725 3741 3806">
     <span class='ocr_line' id='line_1_80' title="bbox 2320 3725 3741 3806; baseline 0.002 -18"><span class='ocrx_word' id='word_1_647' title='bbox 2320 3734 2447 3788; x_wconf 82' lang='lat' dir='ltr'><strong>CAP.</strong></span> <span class='ocrx_word' id='word_1_648' title='bbox 2482 3733 2720 3791; x_wconf 81' lang='lat' dir='ltr'><strong>XXXIV.</strong></span> <span class='ocrx_word' id='word_1_649' title='bbox 2751 3735 3283 3806; x_wconf 73' lang='lat' dir='ltr'><strong>-—Impra2termisse</strong></span> <span class='ocrx_word' id='word_1_650' title='bbox 3332 3744 3503 3790; x_wconf 87' lang='lat' dir='ltr'><strong>autem</strong></span> <span class='ocrx_word' id='word_1_651' title='bbox 3550 3740 3595 3786; x_wconf 87' lang='lat' dir='ltr'><strong>et</strong></span> <span class='ocrx_word' id='word_1_652' title='bbox 3636 3725 3741 3791; x_wconf 65' lang='lat' dir='ltr'><strong>ltili“</strong></span> 
     </span>
    </p>
   </div>
   <div class='ocr_carea' id='block_1_81' title="bbox 2250 3824 3741 3896">
    <p class='ocr_par' dir='ltr' id='par_1_81' title="bbox 2250 3824 3741 3896">
     <span class='ocr_line' id='line_1_81' title="bbox 2250 3824 3741 3896; baseline -0.002 -18"><span class='ocrx_word' id='word_1_653' title='bbox 2250 3825 2482 3880; x_wconf 88' lang='lat' dir='ltr'><strong>mandati</strong></span> <span class='ocrx_word' id='word_1_654' title='bbox 2515 3839 2697 3879; x_wconf 86' lang='lat' dir='ltr'><strong>curam</strong></span> <span class='ocrx_word' id='word_1_655' title='bbox 2725 3824 2907 3880; x_wconf 90' lang='lat' dir='ltr'><strong>habuit</strong></span> <span class='ocrx_word' id='word_1_656' title='bbox 2934 3827 3018 3880; x_wconf 88' lang='lat' dir='ltr'><strong>hic</strong></span> <span class='ocrx_word' id='word_1_657' title='bbox 3046 3824 3401 3891; x_wconf 88' lang='lat' dir='ltr'><strong>admirabilis,</strong></span> <span class='ocrx_word' id='word_1_658' title='bbox 3428 3825 3582 3896; x_wconf 86' lang='lat' dir='ltr'><strong>legem</strong></span> <span class='ocrx_word' id='word_1_659' title='bbox 3602 3826 3741 3889; x_wconf 68' lang='grc' dir='ltr'><strong>βοηθη-</strong></span> 
     </span>
    </p>
   </div>
   <div class='ocr_carea' id='block_1_82' title="bbox 2252 3907 3740 3986">
    <p class='ocr_par' dir='ltr' id='par_1_82' title="bbox 2252 3907 3740 3986">
     <span class='ocr_line' id='line_1_82' title="bbox 2252 3907 3740 3986; baseline -0.01 -14"><span class='ocrx_word' id='word_1_660' title='bbox 2252 3915 2317 3972; x_wconf 88' lang='lat' dir='ltr'><strong>tis</strong></span> <span class='ocrx_word' id='word_1_661' title='bbox 2345 3933 2358 3970; x_wconf 91' lang='lat'><strong>:</strong></span> <span class='ocrx_word' id='word_1_662' title='bbox 2385 3915 2592 3971; x_wconf 82' lang='lat' dir='ltr'><strong>Volenti</strong></span> <span class='ocrx_word' id='word_1_663' title='bbox 2613 3927 2855 3975; x_wconf 87' lang='lat' dir='ltr'><strong>mutuare</strong></span> <span class='ocrx_word' id='word_1_664' title='bbox 2878 3931 2906 3970; x_wconf 84' lang='lat' dir='ltr'><strong>a</strong></span> <span class='ocrx_word' id='word_1_665' title='bbox 2934 3928 2987 3972; x_wconf 92' lang='lat' dir='ltr'><strong>te</strong></span> <span class='ocrx_word' id='word_1_666' title='bbox 3008 3932 3073 3970; x_wconf 91' lang='lat' dir='ltr'><strong>ne</strong></span> <span class='ocrx_word' id='word_1_667' title='bbox 3097 3925 3310 3971; x_wconf 88' lang='lat' dir='ltr'><strong>avertas</strong></span> <span class='ocrx_word' id='word_1_668' title='bbox 3334 3914 3598 3986; x_wconf 85' lang='lat' dir='ltr'><strong>aliquando</strong></span> <span class='ocrx_word' id='word_1_669' title='bbox 3618 3907 3740 3979; x_wconf 74' lang='lat' dir='ltr'><strong>(Deut.</strong></span> 
     </span>
    </p>
   </div>
   <div class='ocr_carea' id='block_1_83' title="bbox 2250 3990 3740 4078">
    <p class='ocr_par' dir='ltr' id='par_1_83' title="bbox 2250 3990 3740 4078">
     <span class='ocr_line' id='line_1_83' title="bbox 2250 3990 3740 4078; baseline -0.006 -17"><span class='ocrx_word' id='word_1_670' title='bbox 2250 4023 2349 4075; x_wconf 76' lang='lat' dir='ltr'><strong>xv;</strong></span> <span class='ocrx_word' id='word_1_671' title='bbox 2381 4007 2509 4062; x_wconf 75' lang='lat' dir='ltr'><strong>Luc.</strong></span> <span class='ocrx_word' id='word_1_672' title='bbox 2557 4005 2654 4078; x_wconf 84' lang='lat' dir='ltr'><strong>vt),</strong></span> <span class='ocrx_word' id='word_1_673' title='bbox 2686 4023 2794 4062; x_wconf 90' lang='lat' dir='ltr'><strong>non</strong></span> <span class='ocrx_word' id='word_1_674' title='bbox 2840 4007 3113 4077; x_wconf 89' lang='lat' dir='ltr'><strong>prohibuit</strong></span> <span class='ocrx_word' id='word_1_675' title='bbox 3141 4008 3378 4075; x_wconf 82' lang='lat' dir='ltr'><strong>aliquem</strong></span> <span class='ocrx_word' id='word_1_676' title='bbox 3425 3990 3740 4073; x_wconf 70' lang='lat' dir='ltr'><strong>hujusmodiah</strong></span> 
     </span>
    </p>
   </div>
   <div class='ocr_carea' id='block_1_84' title="bbox 2247 4086 3741 4168">
    <p class='ocr_par' dir='ltr' id='par_1_84' title="bbox 2247 4086 3741 4168">
     <span class='ocr_line' id='line_1_84' title="bbox 2247 4086 3741 4168; baseline -0.007 -16"><span class='ocrx_word' id='word_1_677' title='bbox 2247 4112 2312 4152; x_wconf 91' lang='lat' dir='ltr'><strong>eo</strong></span> <span class='ocrx_word' id='word_1_678' title='bbox 2341 4096 2645 4165; x_wconf 76' lang='lat' dir='ltr'><strong>suffragium</strong></span> <span class='ocrx_word' id='word_1_679' title='bbox 2677 4099 3052 4168; x_wconf 89' lang='lat' dir='ltr'><strong>postulantem.</strong></span> <span class='ocrx_word' id='word_1_680' title='bbox 3088 4097 3240 4153; x_wconf 90' lang='lat' dir='ltr'><strong>Unde</strong></span> <span class='ocrx_word' id='word_1_681' title='bbox 3271 4098 3375 4153; x_wconf 90' lang='lat' dir='ltr'><strong>hoc</strong></span> <span class='ocrx_word' id='word_1_682' title='bbox 3404 4097 3567 4152; x_wconf 88' lang='lat' dir='ltr'><strong>sciens</strong></span> <span class='ocrx_word' id='word_1_683' title='bbox 3591 4086 3741 4161; x_wconf 72' lang='lat' dir='ltr'><strong>quidam</strong></span> 
     </span>
    </p>
   </div>
   <div class='ocr_carea' id='block_1_85' title="bbox 2248 4173 3741 4257">
    <p class='ocr_par' dir='ltr' id='par_1_85' title="bbox 2248 4173 3741 4257">
     <span class='ocr_line' id='line_1_85' title="bbox 2248 4173 3741 4257; baseline -0.01 -16"><span class='ocrx_word' id='word_1_684' title='bbox 2248 4187 2507 4257; x_wconf 85' lang='lat' dir='ltr'><strong>malignus</strong></span> <span class='ocrx_word' id='word_1_685' title='bbox 2530 4197 2585 4242; x_wconf 90' lang='lat' dir='ltr'><strong>et</strong></span> <span class='ocrx_word' id='word_1_686' title='bbox 2610 4188 2887 4255; x_wconf 81' lang='lat' dir='ltr'><strong>impostor,</strong></span> <span class='ocrx_word' id='word_1_687' title='bbox 2913 4190 3061 4256; x_wconf 89' lang='lat' dir='ltr'><strong>petiit</strong></span> <span class='ocrx_word' id='word_1_688' title='bbox 3089 4186 3155 4241; x_wconf 90' lang='lat' dir='ltr'><strong>ab</strong></span> <span class='ocrx_word' id='word_1_689' title='bbox 3183 4203 3248 4242; x_wconf 91' lang='lat' dir='ltr'><strong>eo</strong></span> <span class='ocrx_word' id='word_1_690' title='bbox 3280 4196 3338 4242; x_wconf 92' lang='lat' dir='ltr'><strong>ut</strong></span> <span class='ocrx_word' id='word_1_691' title='bbox 3364 4185 3463 4241; x_wconf 84' lang='lat' dir='ltr'><strong>sibi</strong></span> <span class='ocrx_word' id='word_1_692' title='bbox 3492 4191 3664 4239; x_wconf 86' lang='lat' dir='ltr'><strong>mutuas</strong></span> <span class='ocrx_word' id='word_1_693' title='bbox 3682 4173 3741 4227; x_wconf 77' lang='lat' dir='ltr'><strong>da-</strong></span> 
     </span>
    </p>
   </div>
   <div class='ocr_carea' id='block_1_86' title="bbox 2248 4271 3745 4347">
    <p class='ocr_par' dir='ltr' id='par_1_86' title="bbox 2248 4271 3745 4347">
     <span class='ocr_line' id='line_1_86' title="bbox 2248 4271 3745 4347; baseline -0.01 -14"><span class='ocrx_word' id='word_1_694' title='bbox 2248 4287 2331 4333; x_wconf 90' lang='lat' dir='ltr'><strong>ret</strong></span> <span class='ocrx_word' id='word_1_695' title='bbox 2356 4278 2538 4347; x_wconf 87' lang='lat' dir='ltr'><strong>viginti</strong></span> <span class='ocrx_word' id='word_1_696' title='bbox 2584 4277 2750 4347; x_wconf 79' lang='lat' dir='ltr'><strong>Iibras</strong></span> <span class='ocrx_word' id='word_1_697' title='bbox 2776 4278 2911 4333; x_wconf 87' lang='lat' dir='ltr'><strong>auri.</strong></span> <span class='ocrx_word' id='word_1_698' title='bbox 2948 4278 3075 4333; x_wconf 85' lang='lat' dir='ltr'><strong>Erat</strong></span> <span class='ocrx_word' id='word_1_699' title='bbox 3102 4288 3281 4334; x_wconf 90' lang='lat' dir='ltr'><strong>autem</strong></span> <span class='ocrx_word' id='word_1_700' title='bbox 3314 4280 3385 4336; x_wconf 89' lang='lat' dir='ltr'><strong>de</strong></span> <span class='ocrx_word' id='word_1_701' title='bbox 3412 4280 3491 4333; x_wconf 91' lang='lat' dir='ltr'><strong>his</strong></span> <span class='ocrx_word' id='word_1_702' title='bbox 3519 4275 3596 4346; x_wconf 84' lang='lat' dir='ltr'><strong>qui</strong></span> <span class='ocrx_word' id='word_1_703' title='bbox 3616 4271 3745 4326; x_wconf 86' lang='lat' dir='ltr'><strong>dicun-</strong></span> 
     </span>
    </p>
   </div>
   <div class='ocr_carea' id='block_1_87' title="bbox 2247 4368 3744 4440">
    <p class='ocr_par' dir='ltr' id='par_1_87' title="bbox 2247 4368 3744 4440">
     <span class='ocr_line' id='line_1_87' title="bbox 2247 4368 3744 4440; baseline -0.003 -17"><span class='ocrx_word' id='word_1_704' title='bbox 2247 4378 2331 4423; x_wconf 94' lang='lat' dir='ltr'><strong>tur</strong></span> <span class='ocrx_word' id='word_1_705' title='bbox 2355 4369 2681 4424; x_wconf 87' lang='lat' dir='ltr'><strong>Gallodromi</strong></span> <span class='ocrx_word' id='word_1_706' title='bbox 2702 4368 2841 4440; x_wconf 78' lang='grc'><strong>(74).</strong></span> <span class='ocrx_word' id='word_1_707' title='bbox 2862 4370 3221 4425; x_wconf 87' lang='lat' dir='ltr'><strong>Contetnnens</strong></span> <span class='ocrx_word' id='word_1_708' title='bbox 3237 4385 3367 4440; x_wconf 91' lang='lat' dir='ltr'><strong>ergo</strong></span> <span class='ocrx_word' id='word_1_709' title='bbox 3388 4378 3608 4424; x_wconf 79' lang='lat' dir='ltr'><strong>sanctum</strong></span> <span class='ocrx_word' id='word_1_710' title='bbox 3625 4370 3744 4432; x_wconf 73' lang='lat' dir='ltr'><strong>quem</strong></span> 
     </span>
    </p>
   </div>
   <div class='ocr_carea' id='block_1_88' title="bbox 556 4442 3744 4535">
    <p class='ocr_par' dir='ltr' id='par_1_88' title="bbox 556 4442 3744 4535">
     <span class='ocr_line' id='line_1_88' title="bbox 556 4442 3744 4535; baseline -0.001 -24"><span class='ocrx_word' id='word_1_711' title='bbox 556 4442 655 4524; x_wconf 71' lang='lat' dir='ltr'><strong>qui</strong></span> <span class='ocrx_word' id='word_1_712' title='bbox 684 4473 713 4511; x_wconf 90' lang='lat' dir='ltr'><strong>a</strong></span> <span class='ocrx_word' id='word_1_713' title='bbox 736 4456 846 4512; x_wconf 86' lang='lat' dir='ltr'><strong>Deo</strong></span> <span class='ocrx_word' id='word_1_714' title='bbox 874 4457 1165 4512; x_wconf 87' lang='lat' dir='ltr'><strong>honoratur</strong></span> <span class='ocrx_word' id='word_1_715' title='bbox 1192 4457 1511 4526; x_wconf 84' lang='lat' dir='ltr'><strong>inhonoras,</strong></span> <span class='ocrx_word' id='word_1_716' title='bbox 1542 4470 1597 4516; x_wconf 90' lang='lat' dir='ltr'><strong>et</strong></span> <span class='ocrx_word' id='word_1_717' title='bbox 1616 4463 1765 4532; x_wconf 86' lang='lat' dir='ltr'><strong>quasi</strong></span> <span class='ocrx_word' id='word_1_718' title='bbox 1787 4480 1889 4519; x_wconf 85' lang='lat' dir='ltr'><strong>non</strong></span> <span class='ocrx_word' id='word_1_719' title='bbox 1911 4466 1986 4520; x_wconf 89' lang='lat' dir='ltr'><strong>sis</strong></span> <span class='ocrx_word' id='word_1_720' title='bbox 2010 4466 2143 4535; x_wconf 77' lang='lat' dir='ltr'><strong>ejtts-</strong></span> <span class='ocrx_word' id='word_1_721' title='bbox 2170 4461 2223 4525; x_wconf 89' lang='lat' dir='ltr'><strong>D</strong></span> <span class='ocrx_word' id='word_1_722' title='bbox 2247 4462 2532 4517; x_wconf 86' lang='lat' dir='ltr'><strong>admodum</strong></span> <span class='ocrx_word' id='word_1_723' title='bbox 2563 4472 2616 4518; x_wconf 89' lang='lat' dir='ltr'><strong>et</strong></span> <span class='ocrx_word' id='word_1_724' title='bbox 2663 4463 2794 4517; x_wconf 77' lang='lat' dir='ltr'><strong>alios</strong></span> <span class='ocrx_word' id='word_1_725' title='bbox 2823 4463 3036 4530; x_wconf 82' lang='lat' dir='ltr'><strong>multos,</strong></span> <span class='ocrx_word' id='word_1_726' title='bbox 3080 4463 3292 4518; x_wconf 88' lang='lat' dir='ltr'><strong>dicebat</strong></span> <span class='ocrx_word' id='word_1_727' title='bbox 3319 4483 3333 4518; x_wconf 90' lang='lat'><strong>:</strong></span> <span class='ocrx_word' id='word_1_728' title='bbox 3359 4465 3490 4532; x_wconf 87' lang='lat' dir='ltr'><strong>Quia</strong></span> <span class='ocrx_word' id='word_1_729' title='bbox 3519 4459 3632 4515; x_wconf 77' lang='lat' dir='ltr'><strong>nihil</strong></span> <span class='ocrx_word' id='word_1_730' title='bbox 3657 4447 3744 4507; x_wconf 79' lang='lat' dir='ltr'><strong>mihi</strong></span> 
     </span>
    </p>
   </div>
   <div class='ocr_carea' id='block_1_89' title="bbox 564 4547 2135 4622">
    <p class='ocr_par' dir='ltr' id='par_1_89' title="bbox 564 4547 2135 4622">
     <span class='ocr_line' id='line_1_89' title="bbox 564 4547 2135 4622; baseline 0.006 -22"><span class='ocrx_word' id='word_1_731' title='bbox 564 4547 687 4601; x_wconf 89' lang='lat' dir='ltr'><strong>dem</strong></span> <span class='ocrx_word' id='word_1_732' title='bbox 715 4556 938 4613; x_wconf 71' lang='lat' dir='ltr'><strong>naturae,</strong></span> <span class='ocrx_word' id='word_1_733' title='bbox 964 4563 1066 4602; x_wconf 89' lang='lat' dir='ltr'><strong>non</strong></span> <span class='ocrx_word' id='word_1_734' title='bbox 1091 4563 1311 4618; x_wconf 90' lang='lat' dir='ltr'><strong>parcens</strong></span> <span class='ocrx_word' id='word_1_735' title='bbox 1333 4548 1493 4605; x_wconf 79' lang='lat' dir='ltr'><strong>feris?</strong></span> <span class='ocrx_word' id='word_1_736' title='bbox 1517 4552 1607 4606; x_wconf 84' lang='lat' dir='ltr'><strong>Dic</strong></span> <span class='ocrx_word' id='word_1_737' title='bbox 1629 4593 1643 4619; x_wconf 91' lang='lat'><strong>,</strong></span> <span class='ocrx_word' id='word_1_738' title='bbox 1672 4554 1927 4622; x_wconf 88' lang='lat' dir='ltr'><strong>obsecro,</strong></span> <span class='ocrx_word' id='word_1_739' title='bbox 1951 4557 2135 4620; x_wconf 86' lang='lat' dir='ltr'><strong>velles,</strong></span> 
     </span>
    </p>
   </div>
   <div class='ocr_carea' id='block_1_90' title="bbox 562 4639 2136 4715">
    <p class='ocr_par' dir='ltr' id='par_1_90' title="bbox 562 4639 2136 4715">
     <span class='ocr_line' id='line_1_90' title="bbox 562 4639 2136 4715; baseline 0.008 -26"><span class='ocrx_word' id='word_1_740' title='bbox 562 4640 773 4705; x_wconf 88' lang='lat' dir='ltr'><strong>quoties</strong></span> <span class='ocrx_word' id='word_1_741' title='bbox 801 4639 1013 4707; x_wconf 90' lang='lat' dir='ltr'><strong>culpam</strong></span> <span class='ocrx_word' id='word_1_742' title='bbox 1045 4640 1305 4711; x_wconf 85' lang='lat' dir='ltr'><strong>admittis,</strong></span> <span class='ocrx_word' id='word_1_743' title='bbox 1340 4650 1395 4696; x_wconf 91' lang='lat' dir='ltr'><strong>ut</strong></span> <span class='ocrx_word' id='word_1_744' title='bbox 1417 4656 1538 4696; x_wconf 77' lang='lat' dir='ltr'><strong>mox</strong></span> <span class='ocrx_word' id='word_1_745' title='bbox 1567 4643 1816 4707; x_wconf 64' lang='lat' dir='ltr'><strong>redderet</strong></span> <span class='ocrx_word' id='word_1_746' title='bbox 1841 4646 1933 4715; x_wconf 77' lang='lat' dir='ltr'><strong>tibi</strong></span> <span class='ocrx_word' id='word_1_747' title='bbox 1967 4647 2136 4701; x_wconf 75' lang='lat' dir='ltr'><strong>Deus?</strong></span> 
     </span>
    </p>
   </div>
   <div class='ocr_carea' id='block_1_91' title="bbox 552 4728 2135 4803">
    <p class='ocr_par' dir='ltr' id='par_1_91' title="bbox 552 4728 2135 4803">
     <span class='ocr_line' id='line_1_91' title="bbox 552 4728 2135 4803; baseline 0.007 -22"><span class='ocrx_word' id='word_1_748' title='bbox 552 4728 927 4797; x_wconf 67' lang='lat' dir='ltr'><strong>Nequaquam.</strong></span> <span class='ocrx_word' id='word_1_749' title='bbox 964 4731 1075 4799; x_wconf 90' lang='lat' dir='ltr'><strong>Dic,</strong></span> <span class='ocrx_word' id='word_1_750' title='bbox 1128 4732 1394 4800; x_wconf 89' lang='lat' dir='ltr'><strong>quomodo</strong></span> <span class='ocrx_word' id='word_1_751' title='bbox 1436 4748 1559 4788; x_wconf 82' lang='lat' dir='ltr'><strong>oras</strong></span> <span class='ocrx_word' id='word_1_752' title='bbox 1605 4735 1860 4803; x_wconf 89' lang='lat' dir='ltr'><strong>quotidie,</strong></span> <span class='ocrx_word' id='word_1_753' title='bbox 1909 4738 2135 4792; x_wconf 88' lang='lat' dir='ltr'><strong>dicens:</strong></span> 
     </span>
    </p>
   </div>
   <div class='ocr_carea' id='block_1_92' title="bbox 569 4803 2139 4889">
    <p class='ocr_par' dir='ltr' id='par_1_92' title="bbox 569 4803 2139 4889">
     <span class='ocr_line' id='line_1_92' title="bbox 569 4803 2139 4889; baseline 0.008 -18"><span class='ocrx_word' id='word_1_754' title='bbox 569 4803 785 4874; x_wconf 68' lang='lat' dir='ltr'><strong>Dimitte</strong></span> <span class='ocrx_word' id='word_1_755' title='bbox 814 4819 967 4874; x_wconf 89' lang='lat' dir='ltr'><strong>nobis</strong></span> <span class='ocrx_word' id='word_1_756' title='bbox 994 4822 1175 4875; x_wconf 88' lang='lat' dir='ltr'><strong>debita</strong></span> <span class='ocrx_word' id='word_1_757' title='bbox 1205 4832 1405 4889; x_wconf 87' lang='lat' dir='ltr'><strong>nostra,</strong></span> <span class='ocrx_word' id='word_1_758' title='bbox 1434 4825 1571 4878; x_wconf 87' lang='lat' dir='ltr'><strong>sicut</strong></span> <span class='ocrx_word' id='word_1_759' title='bbox 1612 4837 1666 4879; x_wconf 88' lang='lat' dir='ltr'><strong>et</strong></span> <span class='ocrx_word' id='word_1_760' title='bbox 1699 4842 1796 4882; x_wconf 89' lang='lat' dir='ltr'><strong>nos</strong></span> <span class='ocrx_word' id='word_1_761' title='bbox 1825 4828 2139 4885; x_wconf 87' lang='lat' dir='ltr'><strong>dimittimus</strong></span> 
     </span>
    </p>
   </div>
   <div class='ocr_carea' id='block_1_93' title="bbox 551 4913 2135 4986">
    <p class='ocr_par' dir='ltr' id='par_1_93' title="bbox 551 4913 2135 4986">
     <span class='ocr_line' id='line_1_93' title="bbox 551 4913 2135 4986; baseline 0.005 -18"><span class='ocrx_word' id='word_1_762' title='bbox 551 4913 895 4969; x_wconf 65' lang='lat' dir='ltr'><strong>debitoribus</strong></span> <span class='ocrx_word' id='word_1_763' title='bbox 924 4915 1121 4969; x_wconf 90' lang='lat' dir='ltr'><strong>nostris</strong></span> <span class='ocrx_word' id='word_1_764' title='bbox 1149 4916 1362 4986; x_wconf 68' lang='lat' dir='ltr'><strong>(Matth.</strong></span> <span class='ocrx_word' id='word_1_765' title='bbox 1382 4918 1496 4986; x_wconf 71' lang='lat' dir='ltr'><strong>vr)?</strong></span> <span class='ocrx_word' id='word_1_766' title='bbox 1543 4918 1637 4972; x_wconf 88' lang='lat' dir='ltr'><strong>His</strong></span> <span class='ocrx_word' id='word_1_767' title='bbox 1673 4928 1723 4974; x_wconf 90' lang='lat' dir='ltr'><strong>et</strong></span> <span class='ocrx_word' id='word_1_768' title='bbox 1752 4920 1832 4974; x_wconf 87' lang='lat' dir='ltr'><strong>his</strong></span> <span class='ocrx_word' id='word_1_769' title='bbox 1876 4922 2135 4976; x_wconf 90' lang='lat' dir='ltr'><strong>similibus</strong></span> 
     </span>
    </p>
   </div>
   <div class='ocr_carea' id='block_1_94' title="bbox 563 5005 2134 5067">
    <p class='ocr_par' dir='ltr' id='par_1_94' title="bbox 563 5005 2134 5067">
     <span class='ocr_line' id='line_1_94' title="bbox 563 5005 2134 5067; baseline 0.006 -9"><span class='ocrx_word' id='word_1_770' title='bbox 563 5006 739 5061; x_wconf 88' lang='lat' dir='ltr'><strong>verbis</strong></span> <span class='ocrx_word' id='word_1_771' title='bbox 792 5006 859 5060; x_wconf 92' lang='lat' dir='ltr'><strong>de</strong></span> <span class='ocrx_word' id='word_1_772' title='bbox 896 5005 1180 5060; x_wconf 84' lang='lat' dir='ltr'><strong>habitante</strong></span> <span class='ocrx_word' id='word_1_773' title='bbox 1210 5008 1261 5059; x_wconf 91' lang='lat' dir='ltr'><strong>in</strong></span> <span class='ocrx_word' id='word_1_774' title='bbox 1306 5020 1365 5061; x_wconf 88' lang='lat' dir='ltr'><strong>se</strong></span> <span class='ocrx_word' id='word_1_775' title='bbox 1414 5009 1665 5063; x_wconf 82' lang='lat' dir='ltr'><strong>thesauro</strong></span> <span class='ocrx_word' id='word_1_776' title='bbox 1715 5027 1943 5066; x_wconf 90' lang='lat' dir='ltr'><strong>monens</strong></span> <span class='ocrx_word' id='word_1_777' title='bbox 1991 5014 2134 5067; x_wconf 89' lang='lat' dir='ltr'><strong>hunc</strong></span> 
     </span>
    </p>
   </div>
   <div class='ocr_carea' id='block_1_95' title="bbox 473 5088 2131 5169">
    <p class='ocr_par' dir='ltr' id='par_1_95' title="bbox 473 5088 2131 5169">
     <span class='ocr_line' id='line_1_95' title="bbox 473 5088 2131 5169; baseline 0.005 -21"><span class='ocrx_word' id='word_1_778' title='bbox 473 5088 477 5094; x_wconf 74' lang='grc'><strong>’</strong></span> <span class='ocrx_word' id='word_1_779' title='bbox 568 5097 832 5162; x_wconf 86' lang='lat' dir='ltr'><strong>absolvit;</strong></span> <span class='ocrx_word' id='word_1_780' title='bbox 864 5106 920 5151; x_wconf 89' lang='lat' dir='ltr'><strong>et</strong></span> <span class='ocrx_word' id='word_1_781' title='bbox 948 5098 1044 5151; x_wconf 89' lang='lat' dir='ltr'><strong>nisi</strong></span> <span class='ocrx_word' id='word_1_782' title='bbox 1093 5096 1370 5151; x_wconf 82' lang='lat' dir='ltr'><strong>didicisset</strong></span> <span class='ocrx_word' id='word_1_783' title='bbox 1397 5098 1553 5152; x_wconf 89' lang='lat' dir='ltr'><strong>istum</strong></span> <span class='ocrx_word' id='word_1_784' title='bbox 1594 5102 1959 5168; x_wconf 83' lang='lat' dir='ltr'><strong>emendatum,</strong></span> <span class='ocrx_word' id='word_1_785' title='bbox 1993 5119 2131 5169; x_wconf 74' lang='lat' dir='ltr'><strong>prm-</strong></span> 
     </span>
    </p>
   </div>
   <div class='ocr_carea' id='block_1_96' title="bbox 554 5174 2127 5267">
    <p class='ocr_par' dir='ltr' id='par_1_96' title="bbox 554 5174 2127 5267">
     <span class='ocr_line' id='line_1_96' title="bbox 554 5174 2127 5267; baseline 0.006 -27"><span class='ocrx_word' id='word_1_786' title='bbox 554 5174 845 5267; x_wconf 72' lang='lat' dir='ltr'><strong>parabat-et</strong></span> <span class='ocrx_word' id='word_1_787' title='bbox 867 5188 1159 5244; x_wconf 87' lang='lat' dir='ltr'><strong>instruebat</strong></span> <span class='ocrx_word' id='word_1_788' title='bbox 1182 5203 1391 5243; x_wconf 84' lang='lat' dir='ltr'><strong>servum</strong></span> <span class='ocrx_word' id='word_1_789' title='bbox 1421 5190 1677 5247; x_wconf 86' lang='lat' dir='ltr'><strong>afflictum</strong></span> <span class='ocrx_word' id='word_1_790' title='bbox 1703 5235 1717 5258; x_wconf 93' lang='lat'><strong>,</strong></span> <span class='ocrx_word' id='word_1_791' title='bbox 1751 5203 1810 5248; x_wconf 89' lang='lat' dir='ltr'><strong>ut</strong></span> <span class='ocrx_word' id='word_1_792' title='bbox 1837 5195 2010 5266; x_wconf 85' lang='lat' dir='ltr'><strong>fugam</strong></span> <span class='ocrx_word' id='word_1_793' title='bbox 2043 5212 2127 5250; x_wconf 80' lang='lat' dir='ltr'><strong>ar-</strong></span> 
     </span>
    </p>
   </div>
   <div class='ocr_carea' id='block_1_97' title="bbox 558 5280 2131 5355">
    <p class='ocr_par' dir='ltr' id='par_1_97' title="bbox 558 5280 2131 5355">
     <span class='ocr_line' id='line_1_97' title="bbox 558 5280 2131 5355; baseline 0.006 -22"><span class='ocrx_word' id='word_1_794' title='bbox 558 5280 781 5346; x_wconf 80' lang='lat' dir='ltr'><strong>riperet,</strong></span> <span class='ocrx_word' id='word_1_795' title='bbox 813 5292 865 5334; x_wconf 91' lang='lat' dir='ltr'><strong>et</strong></span> <span class='ocrx_word' id='word_1_796' title='bbox 894 5281 1250 5349; x_wconf 85' lang='lat' dir='ltr'><strong>vepditinnem</strong></span> <span class='ocrx_word' id='word_1_797' title='bbox 1284 5291 1522 5348; x_wconf 83' lang='lat' dir='ltr'><strong>peteret;</strong></span> <span class='ocrx_word' id='word_1_798' title='bbox 1554 5292 1607 5338; x_wconf 88' lang='lat' dir='ltr'><strong>et</strong></span> <span class='ocrx_word' id='word_1_799' title='bbox 1651 5285 1791 5340; x_wconf 88' lang='lat' dir='ltr'><strong>hunc</strong></span> <span class='ocrx_word' id='word_1_800' title='bbox 1818 5301 2131 5355; x_wconf 86' lang='lat' dir='ltr'><strong>comparans</strong></span> 
     </span>
    </p>
   </div>
   <div class='ocr_carea' id='block_1_98' title="bbox 544 5368 1524 5439">
    <p class='ocr_par' dir='ltr' id='par_1_98' title="bbox 544 5368 1524 5439">
     <span class='ocr_line' id='line_1_98' title="bbox 544 5368 1524 5439; baseline 0.008 -22"><span class='ocrx_word' id='word_1_801' title='bbox 544 5368 753 5439; x_wconf 66' lang='lat' dir='ltr'><strong>justus,</strong></span> <span class='ocrx_word' id='word_1_802' title='bbox 780 5370 957 5423; x_wconf 88' lang='lat' dir='ltr'><strong>statim</strong></span> <span class='ocrx_word' id='word_1_803' title='bbox 991 5368 1209 5423; x_wconf 89' lang='lat' dir='ltr'><strong>liberum</strong></span> <span class='ocrx_word' id='word_1_804' title='bbox 1240 5373 1524 5426; x_wconf 85' lang='lat' dir='ltr'><strong>statuebat.</strong></span> 
     </span>
    </p>
   </div>
   <div class='ocr_carea' id='block_1_99' title="bbox 633 5460 2136 5539">
    <p class='ocr_par' dir='ltr' id='par_1_99' title="bbox 633 5460 2136 5539">
     <span class='ocr_line' id='line_1_99' title="bbox 633 5460 2136 5539; baseline 0.009 -26"><span class='ocrx_word' id='word_1_805' title='bbox 633 5460 764 5515; x_wconf 78' lang='lat' dir='ltr'><strong>CAP.</strong></span> <span class='ocrx_word' id='word_1_806' title='bbox 796 5460 1033 5515; x_wconf 66' lang='lat' dir='ltr'>XXXIII.</span> <span class='ocrx_word' id='word_1_807' title='bbox 1060 5491 1129 5502; x_wconf 79' lang='lat'><strong>—~</strong></span> <span class='ocrx_word' id='word_1_808' title='bbox 1151 5464 1385 5521; x_wconf 79' lang='lat' dir='ltr'><strong>Audiens</strong></span> <span class='ocrx_word' id='word_1_809' title='bbox 1415 5466 1700 5534; x_wconf 75' lang='lat' dir='ltr'><strong>aliquando</strong></span> <span class='ocrx_word' id='word_1_810' title='bbox 1726 5469 2001 5539; x_wconf 83' lang='lat' dir='ltr'><strong>cujusdam</strong></span> <span class='ocrx_word' id='word_1_811' title='bbox 2031 5471 2136 5527; x_wconf 90' lang='lat' dir='ltr'><strong>ele-</strong></span> 
     </span>
    </p>
   </div>
   <div class='ocr_carea' id='block_1_100' title="bbox 554 5552 2133 5630">
    <p class='ocr_par' dir='ltr' id='par_1_100' title="bbox 554 5552 2133 5630">
     <span class='ocr_line' id='line_1_100' title="bbox 554 5552 2133 5630; baseline 0.008 -27"><span class='ocrx_word' id='word_1_812' title='bbox 554 5552 951 5619; x_wconf 20' lang='lat' dir='ltr'><strong>Aetnosynatoris</strong></span> <span class='ocrx_word' id='word_1_813' title='bbox 978 5566 1197 5619; x_wconf 87' lang='lat' dir='ltr'><strong>puerum</strong></span> <span class='ocrx_word' id='word_1_814' title='bbox 1228 5555 1526 5625; x_wconf 89' lang='lat' dir='ltr'><strong>orphanum</strong></span> <span class='ocrx_word' id='word_1_815' title='bbox 1559 5558 1873 5614; x_wconf 87' lang='lat' dir='ltr'><strong>derelictum</strong></span> <span class='ocrx_word' id='word_1_816' title='bbox 1894 5603 1910 5627; x_wconf 94' lang='lat'><strong>,</strong></span> <span class='ocrx_word' id='word_1_817' title='bbox 1936 5575 2133 5630; x_wconf 85' lang='lat' dir='ltr'><strong>paren-</strong></span> 
     </span>
    </p>
   </div>
   <div class='ocr_carea' id='block_1_101' title="bbox 552 5640 2132 5724">
    <p class='ocr_par' dir='ltr' id='par_1_101' title="bbox 552 5640 2132 5724">
     <span class='ocr_line' id='line_1_101' title="bbox 552 5640 2132 5724; baseline 0.008 -25"><span class='ocrx_word' id='word_1_818' title='bbox 552 5641 700 5699; x_wconf 69' lang='lat' dir='ltr'><strong>tibus</strong></span> <span class='ocrx_word' id='word_1_819' title='bbox 729 5640 841 5696; x_wconf 87' lang='lat' dir='ltr'><strong>suis</strong></span> <span class='ocrx_word' id='word_1_820' title='bbox 871 5644 1236 5717; x_wconf 85' lang='lat' dir='ltr'><strong>morientibus,</strong></span> <span class='ocrx_word' id='word_1_821' title='bbox 1267 5650 1404 5706; x_wconf 78' lang='lat' dir='ltr'><strong>etin</strong></span> <span class='ocrx_word' id='word_1_822' title='bbox 1453 5651 1619 5707; x_wconf 85' lang='lat' dir='ltr'><strong>multa</strong></span> <span class='ocrx_word' id='word_1_823' title='bbox 1652 5664 1970 5724; x_wconf 85' lang='lat' dir='ltr'><strong>paupertate</strong></span> <span class='ocrx_word' id='word_1_824' title='bbox 1997 5668 2132 5711; x_wconf 82' lang='lat' dir='ltr'><strong>eon-</strong></span> 
     </span>
    </p>
   </div>
   <div class='ocr_carea' id='block_1_102' title="bbox 2247 4540 3744 4624">
    <p class='ocr_par' dir='ltr' id='par_1_102' title="bbox 2247 4540 3744 4624">
     <span class='ocr_line' id='line_1_102' title="bbox 2247 4540 3744 4624; baseline -0.005 -16"><span class='ocrx_word' id='word_1_825' title='bbox 2247 4553 2411 4608; x_wconf 91' lang='lat' dir='ltr'><strong>dedit.</strong></span> <span class='ocrx_word' id='word_1_826' title='bbox 2454 4553 2792 4620; x_wconf 65' lang='lat' dir='ltr'><strong>Quaesieruut</strong></span> <span class='ocrx_word' id='word_1_827' title='bbox 2818 4551 2997 4623; x_wconf 87' lang='lat' dir='ltr'><strong>itaque</strong></span> <span class='ocrx_word' id='word_1_828' title='bbox 3026 4553 3279 4609; x_wconf 77' lang='lat' dir='ltr'><strong>Ecclesia:</strong></span> <span class='ocrx_word' id='word_1_829' title='bbox 3310 4568 3553 4624; x_wconf 84' lang='lat' dir='ltr'><strong>pastores</strong></span> <span class='ocrx_word' id='word_1_830' title='bbox 3575 4557 3621 4604; x_wconf 89' lang='lat' dir='ltr'><strong>et</strong></span> <span class='ocrx_word' id='word_1_831' title='bbox 3642 4540 3744 4598; x_wconf 75' lang='lat' dir='ltr'><strong>ordi&#39;</strong></span> 
     </span>
    </p>
   </div>
   <div class='ocr_carea' id='block_1_103' title="bbox 2217 4637 3742 4724">
    <p class='ocr_par' dir='ltr' id='par_1_103' title="bbox 2217 4637 3742 4724">
     <span class='ocr_line' id='line_1_103' title="bbox 2217 4637 3742 4724; baseline -0.002 -27"><span class='ocrx_word' id='word_1_832' title='bbox 2217 4653 2461 4724; x_wconf 32' lang='lat' dir='ltr'><strong>Inatores</strong></span> <span class='ocrx_word' id='word_1_833' title='bbox 2489 4653 2546 4698; x_wconf 93' lang='lat' dir='ltr'><strong>ut</strong></span> <span class='ocrx_word' id='word_1_834' title='bbox 2574 4644 2624 4697; x_wconf 91' lang='lat' dir='ltr'><strong>in</strong></span> <span class='ocrx_word' id='word_1_835' title='bbox 2653 4657 2923 4699; x_wconf 87' lang='lat' dir='ltr'><strong>carcerem</strong></span> <span class='ocrx_word' id='word_1_836' title='bbox 2957 4644 3099 4699; x_wconf 89' lang='lat' dir='ltr'><strong>hunc</strong></span> <span class='ocrx_word' id='word_1_837' title='bbox 3126 4646 3441 4713; x_wconf 81' lang='lat' dir='ltr'><strong>mitterent,</strong></span> <span class='ocrx_word' id='word_1_838' title='bbox 3488 4654 3538 4700; x_wconf 90' lang='lat' dir='ltr'><strong>et</strong></span> <span class='ocrx_word' id='word_1_839' title='bbox 3563 4637 3742 4713; x_wconf 64' lang='lat' dir='ltr'><strong>publici-</strong></span> 
     </span>
    </p>
   </div>
   <div class='ocr_carea' id='block_1_104' title="bbox 2249 4731 3745 4805">
    <p class='ocr_par' dir='ltr' id='par_1_104' title="bbox 2249 4731 3745 4805">
     <span class='ocr_line' id='line_1_104' title="bbox 2249 4731 3745 4805; baseline -0.003 -16"><span class='ocrx_word' id='word_1_840' title='bbox 2249 4745 2369 4789; x_wconf 90' lang='lat' dir='ltr'><strong>rent</strong></span> <span class='ocrx_word' id='word_1_841' title='bbox 2413 4734 2527 4805; x_wconf 83' lang='lat' dir='ltr'><strong>ejus</strong></span> <span class='ocrx_word' id='word_1_842' title='bbox 2557 4735 2927 4791; x_wconf 90' lang='lat' dir='ltr'><strong>substantiam.</strong></span> <span class='ocrx_word' id='word_1_843' title='bbox 2960 4737 3032 4791; x_wconf 85' lang='lat' dir='ltr'><strong>At</strong></span> <span class='ocrx_word' id='word_1_844' title='bbox 3059 4737 3292 4792; x_wconf 84' lang='lat' dir='ltr'><strong>imitator</strong></span> <span class='ocrx_word' id='word_1_845' title='bbox 3323 4737 3567 4803; x_wconf 89' lang='lat' dir='ltr'><strong>dicentis,</strong></span> <span class='ocrx_word' id='word_1_846' title='bbox 3615 4731 3745 4785; x_wconf 58' lang='lat' dir='ltr'><strong>Esto“</strong></span> 
     </span>
    </p>
   </div>
   <div class='ocr_carea' id='block_1_105' title="bbox 2248 4823 3748 4910">
    <p class='ocr_par' dir='ltr' id='par_1_105' title="bbox 2248 4823 3748 4910">
     <span class='ocr_line' id='line_1_105' title="bbox 2248 4823 3748 4910; baseline -0.001 -31"><span class='ocrx_word' id='word_1_847' title='bbox 2248 4823 2639 4910; x_wconf 70' lang='lat' dir='ltr'><strong>misericordes,</strong></span> <span class='ocrx_word' id='word_1_848' title='bbox 2696 4825 2833 4882; x_wconf 90' lang='lat' dir='ltr'><strong>sicut</strong></span> <span class='ocrx_word' id='word_1_849' title='bbox 2862 4839 2915 4882; x_wconf 90' lang='lat' dir='ltr'><strong>et</strong></span> <span class='ocrx_word' id='word_1_850' title='bbox 2959 4827 3118 4885; x_wconf 82' lang='lat' dir='ltr'><strong>Pater</strong></span> <span class='ocrx_word' id='word_1_851' title='bbox 3163 4839 3345 4885; x_wconf 84' lang='lat' dir='ltr'><strong>vester</strong></span> <span class='ocrx_word' id='word_1_852' title='bbox 3391 4829 3667 4884; x_wconf 85' lang='lat' dir='ltr'><strong>misericors</strong></span> <span class='ocrx_word' id='word_1_853' title='bbox 3697 4825 3748 4871; x_wconf 64' lang='lat' dir='ltr'><strong>est</strong></span> 
     </span>
    </p>
   </div>
   <div class='ocr_carea' id='block_1_106' title="bbox 2246 4915 3747 4991">
    <p class='ocr_par' dir='ltr' id='par_1_106' title="bbox 2246 4915 3747 4991">
     <span class='ocr_line' id='line_1_106' title="bbox 2246 4915 3747 4991; baseline 0.001 -23"><span class='ocrx_word' id='word_1_854' title='bbox 2246 4915 2423 4983; x_wconf 66' lang='lat' dir='ltr'><strong>(Lucae</strong></span> <span class='ocrx_word' id='word_1_855' title='bbox 2445 4915 2541 4986; x_wconf 88' lang='lat' dir='ltr'><strong>vt),</strong></span> <span class='ocrx_word' id='word_1_856' title='bbox 2575 4915 2666 4986; x_wconf 90' lang='lat' dir='ltr'><strong>qui</strong></span> <span class='ocrx_word' id='word_1_857' title='bbox 2693 4918 2859 4971; x_wconf 89' lang='lat' dir='ltr'><strong>solem</strong></span> <span class='ocrx_word' id='word_1_858' title='bbox 2889 4933 3043 4974; x_wconf 90' lang='lat' dir='ltr'><strong>suum</strong></span> <span class='ocrx_word' id='word_1_859' title='bbox 3067 4921 3197 4976; x_wconf 91' lang='lat' dir='ltr'><strong>oriri</strong></span> <span class='ocrx_word' id='word_1_860' title='bbox 3227 4923 3354 4977; x_wconf 90' lang='lat' dir='ltr'><strong>facit</strong></span> <span class='ocrx_word' id='word_1_861' title='bbox 3380 4936 3538 4991; x_wconf 86' lang='lat' dir='ltr'><strong>super</strong></span> <span class='ocrx_word' id='word_1_862' title='bbox 3563 4918 3696 4972; x_wconf 75' lang='lat' dir='ltr'><strong>bonos</strong></span> <span class='ocrx_word' id='word_1_863' title='bbox 3712 4916 3747 4961; x_wconf 73' lang='grc' dir='ltr'>εί</span> 
     </span>
    </p>
   </div>
   <div class='ocr_carea' id='block_1_107' title="bbox 2242 5008 3748 5084">
    <p class='ocr_par' dir='ltr' id='par_1_107' title="bbox 2242 5008 3748 5084">
     <span class='ocr_line' id='line_1_107' title="bbox 2242 5008 3748 5084; baseline 0.001 -22"><span class='ocrx_word' id='word_1_864' title='bbox 2242 5012 2431 5076; x_wconf 85' lang='lat' dir='ltr'><strong>malos,</strong></span> <span class='ocrx_word' id='word_1_865' title='bbox 2460 5020 2513 5064; x_wconf 89' lang='lat' dir='ltr'><strong>et</strong></span> <span class='ocrx_word' id='word_1_866' title='bbox 2541 5008 2673 5078; x_wconf 87' lang='lat' dir='ltr'><strong>pluit</strong></span> <span class='ocrx_word' id='word_1_867' title='bbox 2701 5024 2860 5080; x_wconf 91' lang='lat' dir='ltr'><strong>super</strong></span> <span class='ocrx_word' id='word_1_868' title='bbox 2883 5011 3055 5081; x_wconf 82' lang='lat' dir='ltr'><strong>justos</strong></span> <span class='ocrx_word' id='word_1_869' title='bbox 3082 5023 3137 5069; x_wconf 89' lang='lat' dir='ltr'><strong>et</strong></span> <span class='ocrx_word' id='word_1_870' title='bbox 3180 5013 3436 5084; x_wconf 79' lang='lat' dir='ltr'><strong>iniustos,</strong></span> <span class='ocrx_word' id='word_1_871' title='bbox 3485 5015 3748 5082; x_wconf 68' lang='lat' dir='ltr'><strong>nequaquam</strong></span> 
     </span>
    </p>
   </div>
   <div class='ocr_carea' id='block_1_108' title="bbox 2241 5101 3749 5177">
    <p class='ocr_par' dir='ltr' id='par_1_108' title="bbox 2241 5101 3749 5177">
     <span class='ocr_line' id='line_1_108' title="bbox 2241 5101 3749 5177; baseline -0.001 -20"><span class='ocrx_word' id='word_1_872' title='bbox 2241 5103 2344 5157; x_wconf 64' lang='lat' dir='ltr'><strong>illis</strong></span> <span class='ocrx_word' id='word_1_873' title='bbox 2372 5104 2664 5167; x_wconf 78' lang='lat' dir='ltr'><strong>cunsensit,</strong></span> <span class='ocrx_word' id='word_1_874' title='bbox 2696 5112 2755 5158; x_wconf 89' lang='lat' dir='ltr'><strong>ut</strong></span> <span class='ocrx_word' id='word_1_875' title='bbox 2774 5119 2895 5157; x_wconf 85' lang='lat' dir='ltr'><strong>eum</strong></span> <span class='ocrx_word' id='word_1_876' title='bbox 2923 5104 3240 5177; x_wconf 85' lang='lat' dir='ltr'><strong>afﬂigerent.</strong></span> <span class='ocrx_word' id='word_1_877' title='bbox 3276 5106 3375 5161; x_wconf 86' lang='lat' dir='ltr'><strong>His</strong></span> <span class='ocrx_word' id='word_1_878' title='bbox 3398 5116 3570 5161; x_wconf 81' lang='lat' dir='ltr'><strong>autem</strong></span> <span class='ocrx_word' id='word_1_879' title='bbox 3592 5101 3749 5157; x_wconf 67' lang='grc' dir='ltr'><strong>και-δίη·</strong></span> 
     </span>
    </p>
   </div>
   <div class='ocr_carea' id='block_1_109' title="bbox 2232 5192 3752 5266">
    <p class='ocr_par' dir='ltr' id='par_1_109' title="bbox 2232 5192 3752 5266">
     <span class='ocr_line' id='line_1_109' title="bbox 2232 5192 3752 5266; baseline -0.001 -18"><span class='ocrx_word' id='word_1_880' title='bbox 2232 5194 2380 5248; x_wconf 84' lang='lat' dir='ltr'><strong>tibus</strong></span> <span class='ocrx_word' id='word_1_881' title='bbox 2405 5200 2589 5248; x_wconf 88' lang='lat' dir='ltr'><strong>contra</strong></span> <span class='ocrx_word' id='word_1_882' title='bbox 2620 5207 2764 5259; x_wconf 89' lang='lat' dir='ltr'><strong>eum,</strong></span> <span class='ocrx_word' id='word_1_883' title='bbox 2797 5205 2977 5264; x_wconf 84' lang='lat' dir='ltr'><strong>utpote</strong></span> <span class='ocrx_word' id='word_1_884' title='bbox 3003 5199 3089 5264; x_wconf 90' lang='lat' dir='ltr'><strong>qui</strong></span> <span class='ocrx_word' id='word_1_885' title='bbox 3122 5196 3444 5266; x_wconf 60' lang='lat' dir='ltr'><strong>patriarchae</strong></span> <span class='ocrx_word' id='word_1_886' title='bbox 3473 5196 3696 5255; x_wconf 75' lang='lat' dir='ltr'><strong>illuseral,</strong></span> <span class='ocrx_word' id='word_1_887' title='bbox 3717 5192 3752 5240; x_wconf 71' lang='lat' dir='ltr'><strong>ei</strong></span> 
     </span>
    </p>
   </div>
   <div class='ocr_carea' id='block_1_110' title="bbox 2238 5279 3753 5359">
    <p class='ocr_par' dir='ltr' id='par_1_110' title="bbox 2238 5279 3753 5359">
     <span class='ocr_line' id='line_1_110' title="bbox 2238 5279 3753 5359; baseline 0.001 -21"><span class='ocrx_word' id='word_1_888' title='bbox 2238 5285 2537 5339; x_wconf 89' lang='lat' dir='ltr'><strong>dicentibus</strong></span> <span class='ocrx_word' id='word_1_889' title='bbox 2560 5284 2627 5340; x_wconf 87' lang='lat' dir='ltr'><strong>ad</strong></span> <span class='ocrx_word' id='word_1_890' title='bbox 2654 5287 2897 5341; x_wconf 88' lang='lat' dir='ltr'><strong>eumdem</strong></span> <span class='ocrx_word' id='word_1_891' title='bbox 2920 5294 3163 5342; x_wconf 86' lang='lat' dir='ltr'><strong>sanctum</strong></span> <span class='ocrx_word' id='word_1_892' title='bbox 3189 5306 3202 5340; x_wconf 94' lang='lat'>:</span> <span class='ocrx_word' id='word_1_893' title='bbox 3226 5286 3343 5342; x_wconf 84' lang='lat' dir='ltr'><strong>Non</strong></span> <span class='ocrx_word' id='word_1_894' title='bbox 3364 5289 3567 5359; x_wconf 85' lang='lat' dir='ltr'><strong>justum</strong></span> <span class='ocrx_word' id='word_1_895' title='bbox 3589 5292 3675 5347; x_wconf 85' lang='lat' dir='ltr'><strong>est,</strong></span> <span class='ocrx_word' id='word_1_896' title='bbox 3696 5279 3753 5329; x_wconf 62' lang='grc' dir='ltr'><strong>σία</strong></span> 
     </span>
    </p>
   </div>
   <div class='ocr_carea' id='block_1_111' title="bbox 2237 5373 3819 5449">
    <p class='ocr_par' dir='ltr' id='par_1_111' title="bbox 2237 5373 3819 5449">
     <span class='ocr_line' id='line_1_111' title="bbox 2237 5373 3819 5449; baseline -0.003 -18"><span class='ocrx_word' id='word_1_897' title='bbox 2237 5379 2403 5439; x_wconf 86' lang='lat' dir='ltr'><strong>mine,</strong></span> <span class='ocrx_word' id='word_1_898' title='bbox 2437 5387 2492 5430; x_wconf 90' lang='lat' dir='ltr'><strong>ut</strong></span> <span class='ocrx_word' id='word_1_899' title='bbox 2524 5377 2665 5445; x_wconf 88' lang='lat' dir='ltr'><strong>quod</strong></span> <span class='ocrx_word' id='word_1_900' title='bbox 2697 5376 3322 5446; x_wconf 39' lang='lat' dir='ltr'><strong>pauperes‘acciperent,</strong></span> <span class='ocrx_word' id='word_1_901' title='bbox 3369 5379 3460 5435; x_wconf 86' lang='lat' dir='ltr'><strong>hic</strong></span> <span class='ocrx_word' id='word_1_902' title='bbox 3512 5373 3754 5433; x_wconf 68' lang='lat' dir='ltr'><strong>quuriostﬁ</strong></span> <span class='ocrx_word' id='word_1_903' title='bbox 3818 5442 3819 5449; x_wconf 12' lang='grc' dir='ltr'>γ</span> 
     </span>
    </p>
   </div>
   <div class='ocr_carea' id='block_1_112' title="bbox 2239 5466 3752 5540">
    <p class='ocr_par' dir='ltr' id='par_1_112' title="bbox 2239 5466 3752 5540">
     <span class='ocr_line' id='line_1_112' title="bbox 2239 5466 3752 5540; baseline 0 -17"><span class='ocrx_word' id='word_1_904' title='bbox 2239 5466 2494 5540; x_wconf 70' lang='lat' dir='ltr'><strong>accipiat,</strong></span> <span class='ocrx_word' id='word_1_905' title='bbox 2538 5470 2820 5539; x_wconf 77' lang='lat' dir='ltr'><strong>respondit</strong></span> <span class='ocrx_word' id='word_1_906' title='bbox 2847 5480 3067 5526; x_wconf 90' lang='lat' dir='ltr'><strong>econtra</strong></span> <span class='ocrx_word' id='word_1_907' title='bbox 3100 5472 3190 5528; x_wconf 92' lang='lat' dir='ltr'><strong>ille</strong></span> <span class='ocrx_word' id='word_1_908' title='bbox 3216 5483 3296 5527; x_wconf 90' lang='lat' dir='ltr'><strong>ter</strong></span> <span class='ocrx_word' id='word_1_909' title='bbox 3329 5472 3541 5537; x_wconf 77' lang='lat' dir='ltr'><strong>beatus,</strong></span> <span class='ocrx_word' id='word_1_910' title='bbox 3585 5470 3752 5524; x_wconf 68' lang='lat' dir='ltr'><strong>dicens:</strong></span> 
     </span>
    </p>
   </div>
   <div class='ocr_carea' id='block_1_113' title="bbox 2238 5561 3819 5633">
    <p class='ocr_par' dir='ltr' id='par_1_113' title="bbox 2238 5561 3819 5633">
     <span class='ocr_line' id='line_1_113' title="bbox 2238 5561 3819 5633; baseline 0.003 -16"><span class='ocrx_word' id='word_1_911' title='bbox 2238 5561 2472 5628; x_wconf 87' lang='lat' dir='ltr'><strong>Credite,</strong></span> <span class='ocrx_word' id='word_1_912' title='bbox 2518 5561 2732 5629; x_wconf 86' lang='lat' dir='ltr'><strong>fratres,</strong></span> <span class='ocrx_word' id='word_1_913' title='bbox 2777 5565 2899 5633; x_wconf 88' lang='lat' dir='ltr'><strong>quia</strong></span> <span class='ocrx_word' id='word_1_914' title='bbox 2940 5564 2985 5619; x_wconf 90' lang='lat' dir='ltr'><strong>si</strong></span> <span class='ocrx_word' id='word_1_915' title='bbox 3014 5575 3166 5620; x_wconf 73' lang='lat' dir='ltr'><strong>extra</strong></span> <span class='ocrx_word' id='word_1_916' title='bbox 3193 5566 3523 5623; x_wconf 83' lang='lat' dir='ltr'><strong>voluntatem</strong></span> <span class='ocrx_word' id='word_1_917' title='bbox 3545 5561 3754 5629; x_wconf 65' lang='grc' dir='ltr'><strong>πάριτε·</strong></span> <span class='ocrx_word' id='word_1_918' title='bbox 3818 5561 3819 5621; x_wconf 47' lang='grc' dir='ltr'>Ὺ</span> 
     </span>
    </p>
   </div>
   <div class='ocr_carea' id='block_1_114' title="bbox 2242 5652 3756 5761">
    <p class='ocr_par' dir='ltr' id='par_1_114' title="bbox 2242 5652 3756 5761">
     <span class='ocr_line' id='line_1_114' title="bbox 2242 5652 3756 5761; baseline -0.003 -52"><span class='ocrx_word' id='word_1_919' title='bbox 2242 5655 2310 5710; x_wconf 83' lang='lat' dir='ltr'><strong>tis</strong></span> <span class='ocrx_word' id='word_1_920' title='bbox 2340 5653 2536 5725; x_wconf 84' lang='lat' dir='ltr'><strong>aliquid</strong></span> <span class='ocrx_word' id='word_1_921' title='bbox 2562 5655 2628 5711; x_wconf 88' lang='lat' dir='ltr'><strong>ab</strong></span> <span class='ocrx_word' id='word_1_922' title='bbox 2656 5670 2740 5722; x_wconf 86' lang='lat' dir='ltr'><strong>eo,</strong></span> <span class='ocrx_word' id='word_1_923' title='bbox 2775 5657 2883 5712; x_wconf 90' lang='lat' dir='ltr'><strong>duo</strong></span> <span class='ocrx_word' id='word_1_924' title='bbox 2912 5658 3160 5761; x_wconf 62' lang='lat' dir='ltr'><strong>mandata</strong></span> <span class='ocrx_word' id='word_1_925' title='bbox 3200 5652 3699 5731; x_wconf 81' lang='lat' dir='ltr'><strong>transgredercmini.</strong></span> <span class='ocrx_word' id='word_1_926' title='bbox 3719 5654 3756 5700; x_wconf 76' lang='lat' dir='ltr'><strong>cl</strong></span> 
     </span>
    </p>
   </div>
  </div>
