3956 6220
360 249 498 308 1645

1279 269 1438 325 νιτΑ
1476 269 1726 328 SANCTI
1763 271 2044 328 JOANNIS
2085 273 2658 338 ELEEMOSYNARII.

3027 174 3070 208 ἥ

3436 270 3570 341 tota

346 399 509 437 unum
575 382 928 450 adimplebitis
981 383 1192 454 quando
1264 392 1318 437 et
1362 384 1428 439 ad
1477 400 1740 454 pauperes
1787 386 1908 441 data
1936 385 1983 443 It
2015 402 2152 454 l‘lln‘l,
2175 389 2488 462 dicebatque
2521 407 2579 448 se
2607 394 2976 449 demonstrans
3005 395 3153 461 quasi
3183 394 3414 449 iratum:
3441 396 3580 452 Vere

338 466 506 559 “fuerit
595 473 965 545 hujuscemodi
1051 479 1345 548 quantitas.
1453 477 1623 531 Unum
1665 477 1906 546 quidem,

347 553 468 629 quia
514 565 840 633 apparebitis
871 565 1206 633 impatientes
1232 568 1370 622 circa
1401 567 1676 632 damnum,
1706 579 1759 623 et
1793 570 1908 624 efﬁ-

346 655 558 710 ciemini
587 656 704 710 aliis
746 656 913 712 forma
947 660 1082 712 mala
1108 677 1122 721 ;
1153 660 1375 713 alterum
1407 669 1605 725 autem,
1656 662 1906 731 quoniam

344 764 450 804 non
479 749 784 804 obedientes
807 751 962 808 eritis
1011 749 1238 804 Domino
1283 749 1414 816 Deo,
1467 750 1662 805 dicenti
1689 767 1704 805 :
1736 752 1816 807 Ab
1843 767 1908 808 eo

345 843 432 910 qui
461 843 736 896 abstulerit
767 851 851 896 tua
879 857 946 896 ne
976 852 1184 911 repetas
1211 841 1360 912 (Luc.
1391 842 1490 912 vt).
1515 842 1739 913 Expedit
1759 859 1905 914 ergo,

344 945 379 984 ο
422 930 535 996 filii,
564 941 619 985 ut
662 931 956 986 efliciamur
983 933 1229 986 omnibus
1256 920 1572 1001 ’exemplum
1605 934 1898 1000 patientiae.

349 1021 557 1075 Etenim
602 1024 885 1088 Apostolus
917 1021 1044 1077 dicit
1073 1039 1089 1077 :
1121 1024 1295 1089 Quare
1327 1039 1432 1078 non
1460 1025 1626 1094 magis
1656 1024 1904 1094 iniuriam

345 1112 651 1166 sustinetis?
679 1127 842 1180 quare
866 1129 970 1167 non
995 1117 1161 1183 magis
1181 1114 1422 1170 fraudem
1449 1116 1688 1185 patimini
1719 1116 1759 1187 (l
1787 1118 1902 1171 Cor.

345 1201 458 1270 vi)?
504 1203 569 1257 Et
613 1203 806 1257 bonum
852 1212 935 1259 est
963 1205 1174 1274 quidem
1215 1208 1494 1272 veraciter,
1527 1206 1734 1270 fratres.
1763 1209 1905 1263 omni

347 1291 545 1360 petenti
574 1293 719 1360 dare,
745 1295 1009 1352 excelsius
1035 1305 1212 1352 autem
1243 1306 1298 1350 et
1329 1296 1692 1354 honorabiltus
1721 1306 1776 1354 et
1803 1314 1906 1353 non

346 1384 541 1450 petenti
563 1399 578 1449 ;
607 1384 652 1438 ei
685 1390 859 1440 autem
881 1387 970 1454 qui
995 1386 1171 1443 aufert
1191 1388 1564 1443 vestimentum
1585 1389 1700 1444 sine
1721 1391 1908 1444 volun-

344 1481 450 1524 tnte
488 1487 517 1523 a
547 1473 700 1527 nobis
729 1474 856 1546 dare
881 1485 935 1529 et
966 1477 1219 1541 tunicam,
1248 1478 1502 1545 angelica:
1533 1493 1660 1534 vere
1705 1489 1906 1535 natura

2010 495 2117 534 non
2147 482 2426 538 obaudiam
2458 486 2628 550 vobis,
2658 487 2731 540 ite
2757 501 2786 540 a
2814 501 2918 540 me.
2961 485 3116 561 Modo
3148 485 3277 540 nihil
3304 486 3448 542 aliud
3495 487 3580 542 fa-

2010 569 2167 635 ciam,
2200 579 2256 624 ut
2279 586 2372 627 vos
2399 588 2502 628 non
2534 576 2986 641 scandalizemini,
3019 576 3120 630 nisi
3162 576 3412 645 accipiam
3461 593 3578 633 mtt-

2011 658 2222 724 licretn,
2264 672 2524 749 quatenus
2569 679 2749 718 curam
2792 664 3014 720 habeam
3061 665 3271 730 domus,
3301 675 3357 722 et
3386 667 3573 721 faciam

2007 749 2178 805 malos
2202 751 2338 806 dies.
2381 751 2483 819 Qui
2524 755 2634 808 vult
2671 754 3038 820 scandalizari,
3083 756 3493 822 scandalizctur,
3521 767 3577 812 et
3653 773 3668 790 ο

2001 838 2096 895 .det
2123 839 2349 898 frontem
2383 845 2434 899 in
2479 847 2754 912 parietem.
2805 847 2937 914 Quid
2988 846 3149 902 vultis
3177 860 3246 902 ex
3275 861 3360 900 me
3383 847 3405 900 τ
3431 846 3575 901 Nun-

2003 931 2133 1000 quid
2163 933 2370 1000 iudices
2405 937 2677 992 constituti
2704 939 2830 994 estis
2857 953 3014 1007 super
3038 953 3123 992 mc
3153 953 3182 992 a
3211 937 3354 993 Deo?
3383 937 3492 1005 he,-
3505 936 3573 990 de

2007 1021 2158 1076 vobis
2186 1035 2366 1086 curam
2404 1023 2667 1088 habetote,
2697 1040 2791 1080 vos
2817 1039 2913 1093 pro
2943 1039 3029 1080 me
3066 1025 3175 1081 Deo
3204 1039 3311 1078 non
3340 1023 3574 1079 reddetis

2001 1109 2287 1165 rationem.
2327 1110 2474 1168 Unus
2502 1122 2582 1168 est
2605 1114 2785 1182 iudex,
2817 1124 2870 1169 et
2901 1122 3082 1170 sancta
3114 1115 3229 1170 dies
3250 1113 3454 1182 iudicii,
3481 1111 3574 1180 qui

2002 1200 2226 1270 singulis
2254 1203 2439 1260 reddet
2463 1205 2753 1260 secundum
2781 1219 2940 1275 opera
2971 1220 3178 1260 eorum.
3225 1204 3446 1259 Dicebat
3473 1219 3575 1258 au-

2009 1301 2112 1346 tem
2156 1292 2268 1347 haec
2307 1294 2561 1353 clamans.
2610 1296 2833 1364 Quidam
2873 1311 3000 1366 ergo
3039 1297 3284 1352 ecclesiae
3323 1295 3571 1352 defenso-

2001 1395 2148 1447 .rum,
2182 1381 2296 1437 haec
2323 1385 2589 1440 multeties
2617 1387 2892 1442 audientes
2925 1387 2992 1442 ab
3026 1401 3110 1453 eo,
3140 1385 3443 1440 referebant
3479 1399 3573 1454 pa-

2009 1473 2250 1529 triarcha:
2293 1475 2432 1545 quod
2476 1476 2655 1531 ﬁebat.
2687 1475 2828 1533 Deus
2855 1493 2981 1532 vero
3021 1479 3197 1532 sciens
3238 1477 3377 1546 quod
3409 1476 3574 1531 nollet

354 1562 601 1626 imitatio,
633 1563 742 1618 imo
767 1564 960 1621 divinae
981 1573 1088 1621 est.
1123 1567 1196 1621 Ex
1224 1567 1306 1622 his
1328 1567 1473 1622 enim
1504 1583 1624 1639 qua:
1651 1569 1907 1626 habemus
2007 1565 2094 1619 ille
2135 1558 2349 1621 sanctus
2392 1567 2662 1624 offendere
2708 1568 2950 1624 abbatem
3003 1568 3266 1634 Vitalium,
3308 1567 3574 1624 induravit

340 1650 594 1709 Dominus
626 1655 877 1724 praecepit
904 1655 1222 1714 benefacere
1253 1659 1542 1726 proximo:
1570 1659 1792 1730 Bonum,
1824 1661 1906 1716 in-
2007 1672 2099 1712 cor
2128 1658 2264 1729 ejus,
2309 1675 2376 1714 ne
2413 1661 2658 1717 crederet
2689 1663 2787 1716 eis.
2832 1661 3229 1716 Recordabatur
3270 1661 3410 1715 enim
3451 1669 3576 1714 ante

337 1746 471 1814 quit,
503 1747 660 1803 facies
683 1748 828 1804 fratri
857 1757 969 1816 tuo,
989 1749 1137 1820 iuxta
1161 1751 1302 1819 quod
1324 1751 1562 1820 possidet
1581 1766 1766 1808 manus
1788 1763 1898 1819 tua,
1934 1756 1980 1815 B
2003 1750 2283 1804 memorati
2323 1753 2587 1819 eunuchi;
2631 1751 2726 1808 sed
2768 1752 3062 1821 increpavit
3098 1751 3443 1806 vehementer
3479 1765 3574 1804 eos

339 1852 442 1890 non
475 1851 539 1892 ex
570 1838 652 1892 his
679 1854 795 1907 quae
821 1853 891 1894 ex
924 1840 1092 1895 lite'et
1117 1841 1468 1898 contentione
1494 1849 1550 1898 et
1573 1841 1640 1895 ab
1661 1841 1904 1911 iniuriam

337 1941 494 1996 passo
518 1928 848 1998 auferuntqr.
1244 1948 1280 1974 ο

405 2019 533 2074 ειν.
577 2020 794 2076 XXXV.
832 2052 900 2062 —
940 2022 1114 2086 Senex
1164 2026 1373 2094 quidam
1425 2041 1686 2096 magnus,
1754 2027 1903 2097 quasi

333 2125 589 2166 annorum
621 2114 914 2184 sexaginta,
960 2116 1180 2171 audiens
1227 2117 1360 2172 tales
1402 2132 1489 2173 res
1534 2118 1690 2186 beati,
1743 2118 1906 2174 voluit

335 2210 538 2256 tentare
564 2218 705 2270 eum,
736 2206 781 2260 si
809 2214 990 2273 posset
1015 2206 1195 2262 verbis
1224 2207 1459 2271 suaderi,
1490 2217 1546 2265 et
1579 2211 1645 2263 ad
1675 2210 1902 2265 scanda-

335 2292 444 2344 lum
487 2291 637 2348 facile
684 2295 960 2362 inclinari,
990 2306 1044 2351 et
1074 2304 1131 2351 ut
1169 2297 1422 2368 contigit,
1453 2300 1497 2355 si
1527 2302 1904 2356 condemnaret

333 2382 582 2451 aliquem.
649 2387 714 2440 Et
761 2387 1004 2443 habitans
1043 2390 1192 2458 prius
1235 2392 1289 2446 in
1333 2395 1656 2450 monasterio
1695 2397 1902 2452 abbatis

334 2471 602 2529 Seridouis
631 2476 770 2546 (75),
801 2478 927 2532 exiit
955 2487 1010 2534 et
1035 2481 1181 2536 venit
1207 2483 1615 2551 Alexandriam;
1661 2495 1716 2540 et
1740 2489 1903 2542 sumit

332 2568 786 2622 conversationem
819 2569 1119 2627 hominibus
1145 2573 1358 2642 quidem
1400 2576 1898 2644 reprehensiivi'em,

332 2654 424 2709 sed
455 2656 562 2711 Deo
595 2668 818 2726 gratam,
849 2662 938 2730 qui
976 2662 1066 2716 dat
1097 2662 1178 2733 (ut
1213 2664 1290 2719 ait
1321 2665 1507 2734 David)
1554 2668 1774 2736 singulis
1817 2684 1900 2724 se-

329 2748 558 2801 cundum
606 2761 698 2803 cor
745 2765 928 2806 eorum
974 2751 1142 2823 (Paul.
1189 2755 1325 2825 xtx).
1370 2756 1678 2827 Ingrediens
1724 2761 1900 2831 itaque

330 2837 618 2904 civitatem,
655 2841 837 2897 scribit
862 2857 1050 2898 omnes
1074 2861 1192 2912 qua:
1222 2855 1362 2902 notte
1390 2859 1545 2904 erant
1571 2851 1896 2916 meretrices,

329 2937 384 2982 et
412 2929 574 2997 cepit
601 2931 839 2988 laborare
873 2937 1150 3003 cpuscula,
1178 2945 1234 2991 et
1265 2938 1509 3004 accipere
1541 2955 1636 3008 per
1663 2941 1900 3012 singulos
1941 3010 1946 3014 ἱ

329 3016 443 3072 dies
471 3018 714 3087 siliquam
741 3037 918 3076 unam.
942 3025 1074 3078 Cum
1104 3041 1234 3095 ergo
1263 3029 1603 3086 occumberet
1622 3031 1723 3098 sol,
1755 3047 1900 3090 man-

2009 1837 2100 1904 qui
2129 1848 2311 1894 contra
2337 1840 2583 1899 Vitalium
2612 1843 2854 1899 abbatem
2885 1841 3269 1898 accusationem
3297 1839 3348 1896 ei
3381 1839 3572 1894 affere-

2005 1929 2152 1997 bant,
2186 1932 2371 1987 dicens
2405 1934 2470 1989 ad
2495 1949 2588 1990 eos
2619 1952 2634 1989 :
2668 1936 2937 2002 Quiescite
2969 1948 3221 1990 accusare
3261 1932 3570 1987 monachos.

2003 2025 2085 2077 An
2127 2025 2341 2079 nescitis
2365 2025 2504 2094 quod
2544 2027 2684 2081 circa
2723 2034 2922 2081 sanctze
2961 2025 3230 2081 memorias
3269 2022 3574 2078 Constanti-

2005 2129 2129 2170 num
2159 2116 2271 2186 (77.)
2301 2117 2672 2186 imperatorem
2717 2126 2895 2173 actum
2931 2117 3121 2184 fuisse,
3149 2111 3573 2184 conscriptione's

2001 2221 2122 2276 qua:
2146 2208 2210 2262 de
2239 2222 2304 2264 eo
2339 2208 2594 2288 leguntur.
2627 2209 2971 2264 contineant?
3013 2206 3297 2274 Quoniam,
3326 2205 3421 2271 ait,
3456 2202 3572 2273 qui-
3673 2227 3677 2231 -

1999 2300 2122 2352 dam
2152 2313 2255 2354 non
2294 2301 2541 2354 timentes
2573 2299 2757 2365 Deum,
2790 2314 2910 2353 eum
2951 2298 3312 2353 celebraretur
3338 2292 3570 2350 secunda

2001 2388 2245 2459 Synodus
2275 2390 2326 2444 in
2351 2389 2526 2444 Nicaea
2555 2388 2693 2462 (78),
2734 2395 3013 2460 coeperunt
3040 2396 3223 2443 contra
3264 2399 3323 2441 se
3351 2384 3481 2440 dare
3517 2384 3591 2440 in-

1997 2483 2212 2551 scriptis
2252 2481 2418 2537 famas
2472 2492 2652 2550 turpes
2693 2483 2848 2538 beato
2877 2481 2948 2536 illi
2993 2479 3324 2549 imperatori,
3353 2477 3568 2548 quidam

1999 2572 2177 2628 clerici
2207 2575 2418 2643 quidem
2449 2563 3008 2655 existentes,’quidam
3039 2571 3307 2636 monachi,
3327 2580 3384 2626 et
3407 2569 3473 2625 ad
3500 2570 3574 2623 fa-

1997 2665 2134 2720 ciem
2159 2665 2427 2721 adducens
2455 2674 2670 2722 sanctus
2687 2666 2782 2722 Dei
2801 2665 3177 2724 Constantinus
3205 2672 3570 2718 accusatorem

1999 2763 2054 2809 et
2079 2764 2406 2822 accusatum,
2435 2764 2715 2825 utrumque
2759 2755 2981 2811 audivit.
3033 2755 3241 2810 Etcum
3283 2753 3574 2809 invenisset

2000 2845 2193 2900 multas
2234 2844 2414 2900 talium
2442 2846 2874 2901 criminationum
2931 2860 3084 2901 veras
3136 2857 3287 2908 esse,
3345 2840 3574 2896 aﬂ‘erens

1998 2936 2272 2994 ardentem
2310 2951 2524 2993 cereum
2545 2977 2562 3002 ,
2595 2938 2829 2993 incendit
2849 2950 3035 2992 omnes
3060 2951 3177 3006 qua:
3197 2934 3334 2990 data:
3355 2941 3478 2988 sunt
3518 2931 3572 2987 in

2000 3029 2216 3097 scriptis
2257 3028 2426 3083 malas
2464 3029 2774 3096 opiniones,
2802 3027 3007 3083 dicens
3033 3044 3048 3081 :
3074 3026 3216 3082 Vere
3253 3026 3299 3081 si
3343 3024 3573 3094 propriis

330 3109 555 3165 ducebat
581 3113 732 3168 unius
760 3115 883 3169 aerei
916 3115 1122 3184 lupiuos
1146 3117 1283 3187 (76),
1306 3130 1359 3175 et
1387 3121 1620 3178 intrabat
1645 3124 1711 3178 ad
1740 3140 1896 3181 unam

2006 3119 2173 3174 oculis
2202 3117 2449 3173 vidissem
2491 3119 2820 3174 sacerdotem
2841 3118 2962 3188 Dei,
2990 3118 3071 3174 vel
3109 3117 3339 3186 aliquem
3384 3129 3570 3171 eorum

331 3202 687 3270 meretricum,
716 3213 770 3259 et
797 3206 957 3261 dabat
989 3209 1036 3262 ei
1073 3224 1241 3265 aereos
1271 3227 1535 3280 nummos,
1575 3225 1630 3269 et
1657 3215 1895 3273 dicebat:

333 3289 475 3344 Dona
506 3293 629 3347 mihi
659 3305 866 3351 noctem
898 3296 1074 3364 istam,
1109 3307 1163 3355 et
1191 3301 1296 3355 noli
1329 3301 1600 3361 fornicari.
1629 3305 1695 3360 Et
1720 3321 1902 3363 mane-

331 3383 416 3450 bat
441 3384 587 3452 juxta
617 3402 733 3442 eam
773 3399 927 3445 nocte
955 3391 1062 3459 illa,
1098 3394 1390 3451 observans
1417 3412 1536 3453 eam
1567 3414 1634 3453 ne
1665 3400 1898 3457 fornica-

331 3483 496 3528 retur.
551 3476 736 3534 Stabat
765 3496 889 3551 ergo
931 3497 962 3538 a
987 3499 1208 3554 vespere
1248 3487 1303 3542 in
1340 3503 1446 3544 uno
1473 3491 1668 3560 angulo
1697 3493 1900 3548 cellulae

329 3563 418 3618 ubi
442 3564 741 3623 dormiebat
782 3572 994 3637 mulier,
1039 3577 1270 3643 psallens
1311 3588 1365 3632 et
1393 3594 1552 3635 orans
1591 3595 1687 3649 pro
1724 3599 1808 3649 ea,
1848 3595 1902 3641 et

331 3653 544 3707 mittens
570 3657 968 3725 gcnnl‘lexiones
1006 3677 1170 3733 usque
1198 3665 1266 3720 ad
1304 3682 1584 3736 auroram;
1615 3680 1668 3726 et
1694 3677 1898 3736 exiens.

329 3742 622 3811 accipiebat
647 3748 864 3803 verbum
897 3751 964 3804 ab
988 3752 1073 3806 illa
1097 3755 1232 3822 quod
1260 3756 1388 3812 nulli
1411 3759 1614 3817 diceret
1637 3765 1899 3820 actionem

326 3830 465 3900 eius.
499 3833 572 3888 ita
615 3837 800 3906 agebat
827 3853 1058 3909 semper,
1088 3859 1362 3915 quousque
1396 3863 1501 3903 una
1529 3865 1709 3906 earum
1734 3855 1903 3908 mani-

332 3924 539 3980 festavit
579 3930 736 3984 vitam
780 3930 918 4002 eius,
949 3937 1089 4006 quod
1139 3955 1264 4005 non,
1312 3952 1368 3998 ut
1400 3944 1769 4016 fornicaretur,
1821 3949 1904 4004 in-

333 4023 494 4070 traret
519 4017 586 4070 ad
611 4034 723 4081 eas,
749 4022 841 4076 sed
874 4032 931 4078 ut
955 4026 1202 4083 salvaret.
1234 4031 1416 4088 Oravit
1444 4048 1629 4102 senex,
1656 4045 1709 4091 et
1737 4039 1902 4106 coepit

332 4107 521 4161 mulier
552 4122 581 4163 a
610 4109 874 4167 demonio
903 4119 1103 4184 vexari,
1134 4131 1188 4174 ut
1219 4137 1312 4189 per
1341 4121 1482 4187 illam
1513 4138 1720 4183 cetera:
1747 4129 1901 4185 time-

333 4209 484 4263 rent,
519 4209 571 4254 et
599 4215 701 4256 non
735 4205 1133 4263 manifestarent
1164 4226 1286 4266 eum
1327 4216 1471 4270 omni
1511 4225 1750 4287 tempore
1782 4224 1902 4277 vitae

331 4287 462 4380 eius.
489 4291 746 4380 Dicebant
773 4312 898 4366 ergo
918 4300 1132 4367 quidam
1164 4303 1211 4356 ci
1243 4320 1360 4374 quas
1390 4322 1417 4360 a
1449 4307 1712 4365 dzrmonio
1737 4329 1900 4368 vexa-

333 4376 486 4432 batur
511 4397 524 4437 ;
549 4376 682 4445 Quid
711 4386 828 4440 est?
858 4389 1110 4445 Reddidit
1152 4394 1242 4448 tibi
1273 4394 1411 4450 Deus
1457 4400 1704 4467 quoniam
1755 4419 1902 4457 men-

2001 3207 2093 3276 qui
2123 3206 2432 3261 monachico
2463 3207 2644 3263 babitu
2673 3207 3054 3264 circumamicti
3076 3215 3218 3273 sunt,
3238 3214 3568 3276 peccatttem,

2001 3296 2338 3368 chlamydem
2363 3312 2533 3353 meam
2554 3296 2896 3366 explicarem,
2917 3305 2972 3353 et
2989 3297 3316 3367 cooperirem
3336 3310 3482 3361 eum,
3505 3310 3573 3348 ne

2003 3388 2072 3442 ab
2096 3389 2278 3458 aliquo
2304 3389 2593 3444 videretur.
2625 3389 2756 3444 Nam
2781 3388 2908 3445 etin
2935 3401 3147 3445 servum
3172 3387 3265 3444 Dei
3296 3387 3468 3455 illum,
3496 3386 3573 3439 vi-

2001 3482 2194 3536 delicet
2235 3482 2566 3548 eunuchum,
2609 3481 2680 3538 ita
2701 3485 2942 3550 putastis,
2979 3491 3032 3537 et
3055 3480 3274 3536 misistis
3295 3494 3382 3534 me
3421 3485 3571 3533 extra

2002 3574 2160 3638 viam,
2188 3582 2243 3628 et
2272 3572 2370 3628 feci
2411 3574 2601 3628 animae
2640 3589 2773 3628 meae
2811 3581 3082 3642 peccatum
3125 3585 3392 3640 magnum.
3431 3568 3572 3623 Con-

2005 3664 2226 3719 fundcns
2267 3683 2395 3736 ergo
2431 3682 2527 3720 eos
2567 3669 2810 3730 multum,
2856 3664 3105 3719 absolvit.
3153 3663 3348 3718 Servus
3392 3669 3570 3716 autem

2006 3755 2096 3807 Dei
2127 3754 2350 3809 Vitalius
2378 3770 2408 3809 a
2435 3756 2644 3824 propria
2686 3755 2993 3823 operatione
3021 3767 3126 3807 non
3165 3753 3427 3808 cessabat.
3470 3751 3571 3806 De~

2005 3845 2320 3909 precabatur
2380 3859 2508 3914 ergo
2552 3853 2609 3898 ut
2651 3845 2965 3912 quibusdam
3015 3852 3136 3913 post
3185 3853 3408 3897 mortem
3456 3841 3572 3910 eius

1996 3928 2054 3988 in
2126 3937 2334 3992 somnis
2401 3937 2771 3994 manifestaret
2838 3936 3014 4002 Deus,
3118 3942 3302 3988 utnon
3346 3933 3571 4002 imputa-

2003 4034 2148 4078 retur
2186 4025 2236 4078 in
2268 4035 2538 4094 peccatum
2573 4026 2653 4080 his
2682 4028 2768 4095 qui
2801 4026 3292 4085 scandalisabautur
3334 4027 3384 4081 in
3425 4041 3570 4089 eum,

2002 4126 2067 4168 eo
2105 4113 2244 4182 quod
2289 4129 2401 4168 rem
2443 4131 2598 4182 quam
2644 4116 2833 4184 agebat
2876 4105 3112 4171 dicerent
3159 4115 3410 4170 seandalo
3453 4130 3574 4170 esse

2008 4205 2257 4273 plenam,
2318 4214 2372 4260 et
2422 4220 2524 4260 non
2575 4205 2798 4260 haberet
2849 4206 3007 4260 homo
3051 4206 3252 4278 peccati
3313 4205 3568 4272 iudicium
3655 4285 3659 4288 ι

2004 4310 2069 4351 ex
2099 4312 2184 4362 ea,
2208 4297 2458 4367 quidquid
2487 4299 2693 4352 locutus
2722 4285 2924 4352 fuisset.
2959 4297 3150 4352 Multas
3179 4297 3334 4365 igitur
3359 4295 3426 4351 de
3457 4295 3574 4350 tali-

2007 4389 2105 4441 bus
2135 4387 2442 4442 mulieribus
2481 4387 2534 4442 in
2564 4389 3023 4456 compunctionem
3065 4387 3274 4442 induxit
3302 4394 3416 4441 haec
3439 4401 3582 4455 ope-

332 4471 424 4522 tita
458 4484 536 4524 es.
568 4472 635 4527 Ut
663 4473 954 4534 fornicetur
989 4485 1128 4536 enim
1169 4484 1464 4556 ingreditur
1493 4491 1752 4557 pessimus
1780 4494 1898 4560 iste,
1931 4467 1982 4528 Β
2008 4474 2141 4533 "ilio
2179 4479 2314 4547 Cluso
2357 4486 2410 4533 ει
2451 4479 2690 4533 ῐη-δκίηιθ
2728 4479 2938 4547 quando
2969 4478 3217 4534 Videbam
3253 4492 3376 4532 eum
3420 4484 3574 4532 ηοω)

330 4571 382 4616 et
415 4577 515 4614 non
551 4574 632 4618 est
675 4567 817 4622 aliud
859 4572 1078 4640 aliquid.
1111 4573 1226 4629 Jam
1259 4577 1401 4631 enim
1431 4588 1484 4634 et
1514 4593 1726 4637 sanctus
1754 4583 1902 4638 Vita-

332 4653 434 4710 lius
477 4657 602 4729 (hoc
645 4662 841 4728 quippe
890 4677 1081 4724 nomen
1131 4673 1247 4718 erat
1286 4667 1358 4736 ei)
1405 4669 1590 4724 volens
1631 4671 1901 4727 hominum

331 4745 548 4813 gloriam
579 4748 778 4819 fugere,
810 4759 863 4805 et
890 4754 1094 4809 animas
1133 4770 1161 4809 a
1194 4758 1424 4814 tenebris
1452 4775 1727 4831 revocare,
1760 4763 1904 4819 dice-

334 4836 422 4890 bat
451 4840 786 4897 audientibus
825 4846 1050 4912 cunctis,
1081 4861 1201 4902 cum
1232 4849 1495 4908 laboraret
1539 4855 1591 4908 in
1619 4869 1804 4924 opere,
1847 4866 1906 4913 et

332 4929 562 4984 solveret
591 4934 795 5001 vesperi
823 4947 836 4986 :
865 4935 1058 4991 Eamus
1089 4940 1266 5005 modo,
1296 4941 1508 4998 domina
1557 4947 1674 5000 talis
1715 4962 1904 5018 exspe-

332 5029 439 5074 ctat
468 5035 580 5078 nos.
617 5020 712 5078 Ubi
749 5039 875 5094 ergo
899 5035 1013 5080 erat
1038 5029 1170 5085 ordo
1205 5031 1412 5100 ipsius?
1441 5034 1618 5090 Multis
1646 5051 1773 5105 ergo
1800 5038 1905 5092 cri-

335 5112 654 5169 minantibus
690 5125 744 5170 et
782 5115 1124 5175 illudentihus
1152 5121 1220 5189 ei,
1253 5122 1458 5179 dicebat
1493 5126 1777 5198 :Nunquid
1806 5145 1905 5198 ego

336 5216 438 5255 non
481 5207 647 5258 vestio
687 5221 880 5276 corpus
931 5217 988 5264 ut
1036 5215 1262 5268 omnes?
1309 5217 1409 5270 Aut
1457 5220 1728 5274 monachis
1775 5223 1903 5277 solis

333 5287 501 5346 iratus
525 5305 607 5348 est
632 5296 804 5351 Deus?
837 5299 971 5355 Vere
995 5311 1048 5356 et
1076 5302 1174 5371 ipsi
1200 5306 1440 5362 homines
1467 5319 1592 5364 sunt
1616 5321 1672 5365 ut
1698 5328 1902 5370 omnes.

335 5379 554 5438 Dicebat
580 5386 754 5454 itaque
781 5389 828 5443 ei
857 5391 1070 5460 quidam
1114 5413 1125 5447 :
1170 5396 1364 5468 Accipe
1395 5401 1487 5454 tibi
1520 5419 1675 5459 unam
1709 5407 1903 5462 mulie-

334 5486 468 5538 rem,
499 5477 650 5543 abba,
681 5489 735 5534 et
764 5492 904 5537 muta
937 5487 1308 5544 vestimentum
1352 5500 1518 5562 tuum,
1550 5507 1600 5551 ut
1635 5513 1736 5552 non
1770 5500 1904 5554 blas-

336 5564 614 5661 phemctur
659 5569 796 5628 Deus
842 5588 935 5643 per
981 5583 1072 5639 te.
1129 5589 1182 5635 et
1229 5581 1446 5639 habebis
1486 5587 1740 5655 iudicium
1785 5608 1902 5661 quae

335 5653 757 5720 standalizantur
776 5668 1092 5726 animarum.
1122 5676 1187 5728 At
1215 5675 1300 5732 ille
1325 5653 1670 5747 respondebat
1696 5683 1772 5737 eis
1802 5653 1898 5739 ite-

2006 4568 2378 4623 extendentem
2419 4582 2606 4623 manus
2649 4577 2703 4622 et
2741 4580 2981 4622 orantem
3010 4583 3107 4639 pro
3136 4581 3448 4637 unaquaque
3477 4580 3570 4621 ea-

2006 4675 2167 4714 rum:
2201 4672 2411 4730 propter
2455 4663 2594 4732 quod
2639 4663 2879 4732 quaedam
2925 4677 3107 4716 carum
3155 4675 3184 4714 a
3232 4659 3573 4716 fornicatione

2005 4751 2315 4817 cessabant;
2339 4751 2580 4821 quaedam
2608 4766 2734 4806 vero
2762 4752 3090 4821 accipiebant
3121 4752 3284 4815 viros,
3311 4759 3365 4805 et
3388 4749 3576 4818 pudice

2008 4845 2488 4910 convcrsabantur;
2553 4845 2790 4912 quaedam
2835 4859 2962 4898 vero
3011 4852 3066 4898 et
3110 4842 3283 4897 modis
3329 4841 3572 4895 omnibus

2010 4935 2262 4989 mundum
2304 4936 2684 5004 relinquentes,
2735 4935 3056 5005 singularem
3088 4936 3248 4989 vitam
3287 4933 3570 4987 ducebant.

2009 5030 2192 5086 Nullus
2224 5039 2399 5086 tamen
2431 5027 2777 5099 scivit'usque
2801 5030 2866 5084 ad
2888 5029 3003 5099 eius
3029 5028 3404 5083 dormitionem
3431 5025 3570 5094 quod

2008 5121 2177 5192 ipsius
2206 5121 2563 5177 admonitione
2589 5132 2640 5176 et
2671 5125 2909 5187 oratione
2951 5119 3230 5190 impudica:
3257 5117 3577 5171 mulierculae

2008 5225 2036 5263 a
2070 5209 2419 5266 fornicatione
2446 5221 2736 5266 cessarent.

2085 5320 2236 5375 Unde
2255 5320 2482 5389 quodam
2524 5321 2608 5375 dic
2640 5331 2871 5376 exeunte
2897 5335 2961 5374 eo
2991 5335 3020 5374 a
3051 5320 3217 5390 prima
3252 5318 3430 5372 talium
3463 5329 3581 5369 mu-

2013 5408 2199 5463 lierum
2225 5411 2478 5475 diluculo,
2521 5411 2698 5466 obviat
2736 5411 2781 5465 ei
2809 5411 3022 5480 quidam
3053 5413 3209 5463 homo
3248 5409 3578 5472 immundus,

2012 5499 2214 5554 intrans
2261 5499 2324 5554 ad
2372 5500 2735 5555 fornicandum
2784 5516 2905 5556 cum
2953 5515 3052 5563 ea,
3096 5510 3148 5556 et
3195 5515 3312 5553 cum
3359 5497 3582 5555 vidisset

2009 5605 2248 5648 sanctum
2285 5594 2529 5648 Vitalium
2561 5609 2624 5650 ex
2669 5611 2728 5649 ea
2775 5596 3160 5665 egredientem,
3191 5593 3335 5648 dedit
3373 5592 3424 5647 ei
3471 5591 3581 5644 ala-

2011 5702 2128 5749 pam
2163 5686 2212 5740 in
2253 5684 2461 5755 faciem,
2506 5687 2686 5745 dicens
2732 5688 2795 5744 ad
2820 5701 2938 5743 cum
2969 5703 2979 5741 :
3019 5686 3323 5758 Usquefillfl,
3352 5683 3582 5752 pessime
