4024 6232
917 149 958 178 θ

415 253 554 311 16ιῖ

1487 253 1764 314 LEONTII
1804 253 1846 308 N
1859 253 2268 311 EAPOLITANI
2312 254 2623 314 EPISCOPI

3542 262 3683 318 1648

424 368 614 424 illusor
632 365 856 436 Christi,
887 385 993 427 non
1016 372 1266 428 emendas
1296 381 1347 428 te
1373 372 1439 428 ab
1466 373 1548 428 his
1575 375 1822 443 nequitiis
1853 375 1992 429 tuis?
2019 371 2073 430 Δ
2097 369 2258 432 Gaza.
2289 381 2338 425 el
2366 373 2604 441 suscepit
2641 373 2888 430 eellulam
2933 374 3140 431 abbatis
3164 333 3338 434 Vitalii
3365 382 3654 436 secundum

421 460 525 526 Qui
575 459 710 516 dixit
752 459 819 514 ad
863 475 1031 515 eum:
1073 462 1240 518 Crede
1283 464 1447 532 mihi,
1503 465 1730 533 accipies
1777 467 1984 534 alapam

422 563 453 602 a
479 566 575 606 me
597 551 800 614 humili.
839 559 895 606 ut
923 561 1030 607 tota
1053 553 1370 609 Alexandria
1399 557 1674 635 colligatur
1702 558 1767 611 ad
1790 559 1989 612 clamo-

427 657 514 699 res
537 651 674 700 tuos.
705 644 945 700 Nondum
969 647 1116 703 brevr
1146 656 1382 716 tempore
1423 659 1710 722 transacto,
1737 651 1988 705 dormivit

426 745 549 788 cum
591 749 718 802 pace
759 736 812 791 in
852 738 1041 792 cellula
1082 754 1174 794 sua
1217 749 1434 796 sanctus
1471 741 1712 807 Vitalius,
1773 745 1986 796 nemine

425 822 628 878 sciente
653 825 887 880 omnino.
909 827 1153 882 “Habebat
1187 831 1328 884 enim
1357 831 1507 886 valde
1536 831 1785 900 pusillam
1812 830 1987 884 .cellu-

427 913 553 977 iam,
582 927 739 982 super
771 915 942 970 locum
968 920 1056 986 qui
1092 919 1284 974 dicitur
1311 920 1468 974 Porta
1511 921 1637 976 solis
1665 919 1800 990 (79).
1834 921 1984 976 Unde

422 1009 481 1055 et
507 1001 834 1072 plerumque,
868 1021 986 1060 cum
1016 1009 1234 1063 collecta
1263 1011 1624 1066 celebraretur
1647 1012 1794 1079 juxta
1822 1013 1985 1066 cellu-

424 1091 530 1147 lam
558 1095 672 1163 ejus
707 1095 760 1149 in
788 1099 1012 1154 ecclesia
1052 1099 1231 1155 Metra:
1258 1101 1390 1173 (80),
1435 1103 1806 1157 convenientes
1835 1119 1982 1173 qure-

422 1185 547 1242 dam
584 1185 1013 1246 muliercularum
1048 1193 1252 1253 harum,
1283 1194 1346 1247 ad
1384 1196 1663 1249 alterutrae
1703 1196 1980 1250 dicebant:

423 1279 638 1349 Eamus,
669 1297 873 1349 eamus,
903 1285 1094 1337 iterum
1134 1285 1294 1338 abbas
1321 1285 1537 1338 Vitalius
1566 1287 1838 1340 collectam
1884 1287 1982 1338 ha-

423 1371 531 1425 bet.
557 1371 623 1425 Et
642 1373 974 1428 venientibus
1002 1375 1097 1440 eis,
1124 1374 1336 1427 curabat
1361 1389 1468 1427 eas.
1492 1375 1662 1442 igitur
1687 1373 1982 1428 dormiente

419 1477 508 1525 eo,
545 1471 601 1515 ut
639 1464 950 1531 praedictum
993 1472 1094 1529 est,
1137 1463 1187 1517 in
1235 1465 1444 1531 propria
1489 1464 1694 1526 cellula,
1743 1471 1798 1518 et
1838 1463 1982 1517 nullo

422 1554 642 1618 sciente,
677 1568 792 1607 mox
832 1554 1045 1623 quidam
1096 1554 1302 1608 daemon
1345 1563 1590 1623 tanquam
1615 1554 1861 1622 Ethidps
1889 1553 1980 1608 de-

419 1641 622 1707 formis,
656 1650 792 1696 aSIat
831 1644 879 1697 ei
916 1644 1004 1712 qui
1046 1643 1262 1699 dederat
1298 1646 1504 1711 alapam
1543 1645 1720 1699 abbati
1760 1645 1973 1713 Vitalio,

2090 461 2270 527 ﬁdem,
2311 471 2364 515 et
2407 462 2460 515 in
2499 477 2562 516 ea
2593 468 2880 532 permansit
2917 480 3085 534 usque
3113 468 3174 521 ad
3215 480 3439 524 mortem
3479 485 3652 526 suam.

2088 552 2154 605 Et
2177 553 2539 608 sanctissimus
2573 556 2869 624 patriarcha
2919 557 3108 612 multas
3150 561 3348 626 gratias
3383 563 3494 631 egit
3523 563 3652 628 Deo,

2085 643 2206 710 quia
2238 659 2339 697 non
2369 644 2607 712 permisit
2642 661 2764 700 eum
2795 661 3015 714 peccare
3045 650 3100 702 in
3130 664 3340 705 servum
3383 666 3533 706 suum
3568 654 3654 707 Vi-

2087 733 2286 787 talium.
2331 734 2479 789 Multi
2515 746 2689 791 autem
2735 739 2956 792 multutn
2978 754 3041 793 ex
3077 749 3202 796 tunc
3242 742 3296 794 in
3330 743 3649 798 Alexandria

2084 827 2394 895 profuerunt
2431 828 2550 893 sibi,
2584 837 2637 883 et
2675 829 2904 900 hospitio
2947 833 3274 900 recipiebant
3321 837 3643 890 monachos:

2084 926 2140 972 et
2163 918 2517 974 mouebantur
2558 931 2613 973 ut
2637 904 2738 976 no'n
2763 922 3208 977 condemnaretur
3244 924 3432 994 aliquis
3476 928 3542 981 ab
3571 929 3650 983 eis

2083 1010 2220 1064 sicut
2247 1020 2513 1066 evenerat.
2539 1013 2685 1067 Fecit
2711 1023 2885 1068 autem
2915 1023 2965 1069 et
2996 1015 3248 1069 sanitates
3276 1027 3393 1084 post
3421 1027 3647 1071 mortem

2084 1098 2398 1153 houorabile
2447 1115 2636 1154 nomen
2685 1104 2853 1156 sancti
2899 1102 3084 1156 Vitalii
3129 1117 3224 1170 per
3268 1105 3494 1157 divinam
3534 1121 3652 1172 gra-

2083 1193 2207 1245 tiam
2238 1208 2251 1245 :
2281 1191 2431 1259 cujus
2460 1192 2784 1247 orationibus
2830 1193 2920 1248 det
2966 1193 3118 1247 nobis
3152 1193 3406 1247 Dominus
3452 1195 3646 1249 bonam

2081 1283 2572 1348 conversationem,
2617 1293 2667 1337 et
2711 1283 3129 1338 misericordiam
3173 1283 3223 1337 in
3265 1283 3388 1350 die,
3432 1287 3648 1353 quando

2081 1373 2444 1428 manifestabit
2489 1375 2796 1429 abscondita
2850 1375 3154 1442 hominum,
3201 1385 3256 1431 et
3297 1376 3435 1431 nuda
3483 1378 3646 1436 faciet

2080 1464 2298 1519 consilia
2322 1465 2560 1518 cordium
2585 1463 2640 1536 (Ι
2661 1463 2780 1520 Cor.
2812 1464 2908 1532 tv).
3385 1464 3394 1467 ⁴

2150 1554 2278 1608 Car.
2321 1552 2557 1608 XXXVl.
2589 1585 2657 1596 —
2689 1554 3008 1624 Praecipit-ms
3055 1552 3340 1623 aliquando
3375 1551 3496 1606 dari
3538 1553 3648 1606 cui-

2081 1647 2202 1700 dam
2255 1648 2449 1715 petenti
2497 1647 2913 1716 eleemosynam,
2964 1646 3147 1700 decem
3190 1658 3434 1698 nummos
3476 1658 3648 1698 aereos

415 1744 469 1786 et
499 1731 589 1786 dat
621 1733 668 1788 ei
694 1734 923 1801 alapam,
950 1734 1128 1789 dicens
1157 1751 1171 1788 :
1212 1735 1431 1803 Suscipe
1458 1737 1664 1802 alapam
1695 1750 1849 1803 quam
1882 1737 1978 1788 mi-
2009 1729 2055 1787 B
2083 1751 2301 1804 tantum,
2335 1740 2580 1794 convicia
2610 1742 2678 1793 ab
2715 1755 2778 1793 eo
2816 1739 3112 1807 patiebatur
3153 1738 3208 1792 in
3239 1737 3370 1790 facie
3397 1736 3648 1790 atrociter

414 1824 481 1876 sit
521 1822 612 1877 tibi
642 1825 805 1878 abbas
836 1823 1080 1879 Vitalius.
1117 1825 1182 1880 Et
1209 1826 1435 1891 cadens,
1463 1828 1639 1881 statim
1671 1829 1830 1893 coepit
1858 1842 1979 1892 spu-

417 1929 581 1969 mare.
626 1915 955 1986 Congregata
986 1925 1068 1971 est
1102 1917 1283 1986 igitur,
1328 1919 1618 1973 secundum
1648 1919 1976 1988 prephetiam

419 2003 624 2070 Vitalii,
659 2020 805 2074 pene
849 2015 958 2061 tota
1003 2007 1324 2063 Alexandria
1379 2009 1430 2063 in
1470 2009 1775 2063 violentiam
1818 2025 1973 2079 quam

415 2093 714 2161 patiebatur
739 2111 765 2149 a
797 2096 1039 2152 dmmone
1062 2114 1076 2159 ;
1108 2108 1162 2153 et
1188 2097 1416 2154 maxime
1439 2100 1560 2168 quia
1581 2101 1810 2152 sonitum
1838 2101 1976 2154 data:

413 2185 465 2240 ei
494 2187 660 2253 alapa:
700 2188 982 2243 audierunt
1010 2189 1222 2258 quidam
1245 2230 1258 2254 ,
1291 2191 1438 2258 quasi
1477 2189 1541 2243 ad
1586 2191 1740 2244 unius
1780 2189 1974 2258 jactum

398 2275 639 2342 sagittae.
675 2275 799 2330 Post
826 2277 1122 2347 aliquantas
1153 2293 1276 2332 vero
1325 2275 1482 2332 horas
1526 2279 1578 2331 in
1621 2287 1847 2332 mentem
1897 2294 1979 2331 re-

413 2367 565 2419 diens
614 2369 655 2422 is
699 2368 787 2438 qui
831 2372 1147 2440 patiebatur,
1189 2373 1346 2427 scidit
1392 2373 1700 2426 vestimenta
1750 2373 1977 2441 pectoris

412 2459 522 2520 sui,
574 2467 629 2512 et
671 2460 905 2513 cucurrit
946 2462 1010 2515 ad
1059 2462 1302 2516 cellulam
1328 2502 1342 2525 ,
1385 2462 1623 2516 clamans
1663 2472 1716 2516 et
1755 2463 1974 2516 dicens:

390 2548 630 2619 'Culpam
677 2550 776 2605 feci
827 2552 940 2618 tibi,
989 2566 1142 2606 serve
1188 2552 1280 2607 Dei
1328 2553 1504 2619 Vitali,
1553 2554 1805 2607 miserere
1849 2553 1972 2607 mei.

412 2641 772 2698 Cucurrerunt
808 2660 936 2699 vero
974 2658 1094 2700 cum
1155 2660 1222 2700 eo
1271 2661 1460 2700 omnes
1505 2645 1798 2700 audientes.
1843 2644 1974 2699 Cum

413 2733 736 2800 pervenisset
780 2735 845 2788 ad
877 2737 1120 2790 cellulam
1153 2737 1343 2800 sancti,
1389 2735 1516 2792 exiit
1560 2737 1749 2789 iterum
1777 2735 1974 2789 dtemo-

411 2825 589 2891 nium,
626 2825 833 2894 jactaus
870 2842 989 2881 eum
1023 2827 1268 2882 omnibus
1305 2827 1701 2896 aspicientibus.
1745 2826 1812 2880 Et
1854 2841 1972 2880 eum

407 2918 810 2986 ingredi-rentur
855 2919 994 2974 intro
1030 2921 1082 2973 hi
1121 2921 1210 2989 qui
1253 2935 1371 2973 cum
1403 2935 1467 2974 eo
1497 2928 1861 2988 cucurrerunt,
1897 2920 1972 2973 in-

392 3019 668 3066 venerunt
695 3021 934 3064 sanctum
965 3021 1191 3065 stantem
1219 3010 1270 3064 in
1295 3011 1552 3080 geniculis
1578 3012 1707 3080 suis,
1737 3018 1787 3066 et
1818 3025 1974 3064 oran—

407 3110 538 3163 tem,
564 3110 620 3155 et
643 3102 875 3155 animam
904 3102 1127 3156 Domino
1158 3104 1474 3167 tradentem,
1507 3111 1561 3156 et
1590 3101 1642 3156 in
1675 3103 1974 3170 pavimento
2000 3085 2046 3145 (Σ

409 3189 724 3258 scripturam
755 3191 1094 3258 hujusmodi:
1133 3191 1244 3244 Viri
1262 3191 1619 3256 Alexandrini,
1665 3191 1820 3244 nolite
1863 3200 1977 3244 ante

410 3289 607 3346 tempus
649 3280 840 3347 aliquid
875 3280 1135 3350 judicare,
1177 3284 1504 3351 quoadusque
1542 3281 1705 3335 veniat
1728 3279 1977 3334 Dominus

410 3367 461 3438 (1
487 3367 604 3423 Cor.
617 3368 1122 3440 ~'tv).'Coniitebatur
1149 3387 1276 3426 vero
1316 3380 1370 3427 et
1395 3372 1576 3437 homo,
1602 3372 1686 3439 qui
1718 3387 1746 3424 a
1775 3369 1975 3424 daemo-

409 3461 497 3513 nio
533 3461 843 3523 vexabatur,
875 3461 1013 3529 quod
1057 3471 1242 3516 sancto
1277 3462 1494 3528 fecerat,
1524 3471 1577 3516 et
1604 3464 1742 3532 quod
1770 3463 1980 3518 dixerat

409 3551 734 3608 sanctus-ei.
803 3553 1042 3608 Recitata
1099 3563 1222 3608 sunt
1253 3569 1391 3623 ergo
1437 3554 1739 3608 beatissimo
1786 3555 1975 3610 Joanni

407 3642 723 3708 patriarcha:
768 3642 942 3696 omnia
971 3659 1087 3713 qua:
1134 3644 1274 3698 circa
1316 3653 1557 3698 sanctum
1580 3644 1830 3698 Vitalium
1861 3655 1974 3701 acti

409 3742 562 3798 sunt;
609 3741 662 3788 et
709 3733 1040 3790 descendens
1085 3749 1203 3789 cum
1243 3734 1422 3802 clero,
1476 3736 1623 3788 venit
1672 3736 1735 3789 ad
1783 3750 1978 3803 corpus

403 3826 576 3878 sancti
625 3825 836 3892 Vitalii;
895 3833 952 3880 et
1003 3841 1121 3879 cum
1168 3825 1388 3881 vidisset
1431 3827 1976 3895 superscriptionem,

410 3915 541 3969 dixit
575 3930 589 3968 :
623 3915 760 3970 Vere
789 3917 925 3970 hanc
966 3916 1178 3970 humilis
1205 3915 1437 3971 Joannes
1465 3932 1559 3985 per
1593 3917 1757 3972 Deum
1786 3921 1976 3986 evasit,

412 4019 530 4058 nam
570 4007 772 4076 alapam
815 4021 971 4073 quam
1015 4006 1220 4076 accepit
1263 4008 1352 4076 qui
1405 4011 1600 4079 patitur
1640 4024 1738 4078 ego
1775 4011 1983 4078 accipe-

410 4112 522 4152 rem
532 4136 544 4150 .

479 4188 629 4244 Tunc
677 4193 852 4261 itaque
898 4205 1081 4246 omnes
1124 4191 1442 4258 iornicarire,
1475 4197 1670 4259 etqme
1717 4189 1983 4243 abrenun-

411 4279 672 4332 tiaveruut
708 4297 772 4334 ex
802 4282 904 4347 eis,
934 4289 988 4335 et
1017 4263 1550 4347 viros'suscepcrant,
1581 4293 1700 4332 cum
1731 4278 1900 4331 cereis
1927 4285 1982 4332 et

363 4375 382 4392 '
413 4369 741 4438 lampadibus
772 4372 1031 4438 prmibant
1059 4384 1182 4450 eum
1219 4370 1425 4434 ﬂentes,
1455 4377 1508 4423 et
1531 4368 1768 4422 dicentes
1797 4384 1812 4422 :
1849 4366 1976 4421 Per-

2082 1831 2170 1884 il‘e
2199 1833 2403 1896 beatus,
2430 1833 2550 1898 quia
2592 1844 2698 1884 non
2725 1829 2943 1883 dederat
2982 1830 3028 1883 ei
3055 1835 3311 1897 quotquot
3335 1825 3518 1879 voluit.
3554 1825 3647 1880 His

2081 1933 2255 1974 autem
2284 1920 2374 1989 qui
2419 1921 2485 1974 de
2514 1920 2770 1988 obsequio
2818 1929 2992 1987 erant,
3034 1917 3392 1986 quaerentibus
3439 1915 3648 1968 caedere

2079 2027 2198 2066 eum
2227 2014 2314 2081 qui
2363 2013 2774 2075 conviciabatur,
2823 2011 3114 2080 increpavit
3157 2024 3252 2063 eos
3299 2007 3646 2060 vehementer

2080 2104 2374 2172 patriarcha
2401 2146 2416 2170 ,
2460 2104 2640 2156 dicens
2689 2119 2702 2153 :
2751 2103 2921 2156 Sinite
2983 2116 3128 2163 eum,
3167 2098 3359 2151 fratres
3404 2112 3419 2150 :
3472 2095 3644 2148 habeo

2083 2199 2187 2256 ego
2255 2191 2530 2262 sexaginta
2605 2205 2816 2255 annos,
2946 2190 3325 2257 blaSphemaus
3365 2201 3455 2254 per
3482 2199 3644 2253 opera

2078 2299 2196 2339 mea
2225 2283 2524 2346 Christum,
2557 2290 2609 2335 et
2653 2295 2811 2332 unum
2843 2279 3138 2333 convicium
3180 2293 3283 2331 non
3312 2275 3531 2343 portabo
3567 2272 3638 2325 ab

2079 2375 2216 2428 isto?
2256 2375 2324 2427 Et
2348 2373 2596 2442 praecepit
2626 2372 2796 2424 datori
2844 2371 3051 2426 solvere
3083 2369 3372 2434 sacculum,
3414 2376 3471 2422 ut
3498 2367 3644 2419 sinc-

2077 2474 2160 2520 ret
2188 2478 2469 2534 pauperem
2501 2465 2689 2516 tollere
2719 2447 2970 2530 quantum
2999 2462 3157 2516 vellet
3183 2459 3426 2528 pretium.

2147 2557 2272 2611 CAP.
2310 2555 2570 2610 XXXVII.
2602 2555 2656 2608 Si
2690 2568 2814 2607 vero
2834 2553 3117 2619 aliquando
3147 2549 3395 2603 audiebat
3419 2546 3634 2613 sapien-

2077 2649 2333 2714 tissimus,
2365 2647 2614 2716 quoniam
2643 2646 3068 2712 eleemosynator
3095 2649 3177 2696 est
3232 2639 3372 2705 talis,
3403 2637 3639 2691 adduce-

2077 2741 2167 2794 bat
2206 2754 2326 2792 eum
2377 2738 2430 2791 in
2475 2737 2739 2790 hilaritate
2766 2749 3028 2797 seorsum,
3059 2741 3112 2785 et
3141 2730 3348 2784 dicebat
3375 2729 3422 2781 ei
3448 2745 3460 2779 :
3493 2726 3642 2789 Ono-

2076 2829 2234 2883 tnodo
2262 2828 2427 2882 factus
2443 2842 2500 2880 es
2515 2825 2970 2894 elecmosynator?
2986 2822 3313 2885 naturaliter,
3327 2835 3391 2872 an
3416 2818 3642 2886 teipsum

2077 2919 2337 2974 violenter
2367 2917 2598 2986 cogens?
2631 2915 2780 2970 Unde
2808 2913 3020 2983 quidam
3072 2913 3162 2980 qui
3191 2913 3256 2966 ab
3299 2926 3364 2965 eo
3415 2911 3646 2965 interro-
3689 2962 3697 2972 ,

2077 3011 2333 3080 gabantur
2353 3050 2369 3073 ,
2401 3005 2762 3070 verecundati,
2785 3004 3119 3058 occultabant
3147 3001 3360 3070 quidem
3379 3041 3395 3066 ,
3428 3001 3645 3066 quidam

2081 3112 2256 3155 autem
2289 3085 2534 3153 dicebant
2565 3097 2634 3151 ei.
2691 3096 2914 3163 Pr0pter
2943 3094 3080 3162 quod
3111 3108 3244 3146 unus
3294 3093 3648 3159 interrogatus

2079 3207 2107 3244 a
2136 3201 2340 3252 sancto,
2369 3187 2641 3254 respondit
2689 3187 2757 3239 ita
2783 3201 2797 3238 :
2852 3185 3026 3239 Crede
3081 3183 3230 3247 mihi,
3262 3183 3494 3243 domine,
3525 3181 3647 3248 quia

2082 3280 2168 3333 nih
2197 3278 2302 3332 ldo
2324 3284 2415 3329 aut
2445 3274 2580 3328 facio
2606 3273 2763 3338 boni;
2795 3280 3158 3326 verumtamen
3192 3270 3362 3338 ipsum
3394 3267 3532 3335 quod
3558 3267 3638 3319 fa-

2083 3371 2164 3425 cio
2193 3377 2247 3422 ct
2300 3366 2529 3434 prazbco,
2557 3379 2623 3418 ex
2666 3363 2856 3430 quibus
2910 3361 3048 3414 Deus
3105 3371 3157 3413 et
3209 3358 3476 3412 orationes
3537 3366 3642 3408 tute

2082 3460 2396 3530 largiuntur,
2413 3457 2484 3508 ita
2507 3453 2680 3507 facere
2695 3452 2921 3506 assuevi.
2959 3450 3112 3504 Eram
3139 3450 3283 3516 prius
3295 3447 3446 3500 valde
3469 3448 3645 3498 immi-

2082 3551 2311 3605 sericors
2352 3555 2410 3603 et
2450 3545 2700 3608 crudelis,
2733 3553 2786 3597 et
2848 3541 3011 3595 semel
3044 3542 3234 3592 damna
3283 3537 3568 3606 pertuli,ct
3595 3537 3645 3589 in

2081 3643 2422 3698 subtilitatem
2487 3637 2724 3692 deveni:
2781 3637 2942 3700 coepit
2989 3634 3236 3700 cogitatio
3291 3643 3405 3683 mea
3467 3629 3649 3682 dicere

2084 3735 2212 3790 mihi
2245 3751 2258 3787 :
2289 3733 2424 3786 Vere
2455 3732 2497 3785 si
2528 3743 2672 3784 esses
2700 3727 3142 3796 eleemosynator,
3176 3739 3278 3776 non
3323 3723 3644 3789 relinqueret

2085 3839 2136 3883 te
2159 3829 2314 3883 Deus.
2342 3823 2516 3880 Statui
2558 3838 2684 3891 ergo
2713 3835 2808 3888 per
2841 3818 3076 3887 singulos
3122 3816 3237 3870 dies
3261 3817 3386 3867 dare
3415 3816 3647 3880 quinque

2084 3933 2250 3972 atreos
2271 3929 2515 3970 nummos
2544 3911 2862 3982 pauperibus
2888 3926 2902 3973 ;
2933 3916 3124 3962 etcum
3167 3905 3446 3972 coepissem
3495 3905 3646 3964 dare,

2083 4010 2262 4064 statim
2289 4008 2512 4063 Satanas
2538 4003 2847 4072 prohibebat
2871 4014 2971 4065 me,
3005 3999 3187 4050 dicens
3213 4013 3226 4048 :
3257 3995 3390 4048 Vere
3417 3994 3648 4061 quinque

2088 4101 2289 4156 nummi
2339 4097 2428 4152 isti
2481 4094 2754 4150 sufﬁciunt
2787 4091 2966 4146 domui
3019 4089 3085 4142 ad
3125 4087 3290 4153 olera,
3321 4097 3407 4138 aut
3441 4085 3504 4137 ad
3536 4083 3648 4136 bal-

2087 4205 2242 4244 neum
2301 4164 2734 4256 percipiendum;
2793 4191 2846 4235 et
2913 4180 3109 4242 statim,
3173 4186 3422 4244 tanquam
3487 4174 3532 4227 si
3586 4177 3649 4226 de

2088 4280 2328 4334 faucibus
2375 4289 2617 4330 natorum
2696 4285 2932 4326 meorum
3003 4270 3259 4336 privarem
3313 4280 3451 4328 eos,
3517 4264 3644 4315 nihil

2085 4371 2298 4424 dabam.
2325 4369 2453 4420 Cum
2481 4380 2610 4434 ergo
2653 4362 2902 4416 vidissem
2950 4357 3088 4424 quod
3133 4340 3414 4424 supei‘arcr
3444 4368 3472 4404 a
3496 4353 3644 4413 vitio,

411 4461 640 4514 didimus
689 4461 910 4515 salutem
951 4444 1184 4516 nostram
1219 4469 1271 4515 et
1299 4461 1614 4515 doctrinam.
1650 4459 1981 4514 Enarrabant
2011 4450 2060 4508 D
2085 4460 2204 4513 dico
2257 4470 2420 4524 puero
2475 4469 2594 4508 meo
2625 4470 2637 4504 :
2667 4452 2764 4504 Per
2805 4448 3038 4515 singulos
3070 4447 3181 4498 dies
3237 4444 3432 4508 furare,
3459 4458 3542 4494 me
3563 4455 3653 4492 ue-

410 4554 551 4606 enim
572 4555 678 4620 jam
710 4555 1166 4610 conversationem
1197 4554 1311 4622 ejus
1333 4554 1603 4618 omnibus,
1623 4561 1697 4619 et,
1716 4552 1978 4617 Quoniam

416 4659 519 4696 non
577 4656 789 4712 propter
840 4654 1055 4713 turpem
1126 4659 1238 4698 rem
1303 4645 1367 4695 ad
1431 4657 1526 4695 nos
1592 4642 1860 4705 intrabat;
1928 4650 1980 4694 et

412 4734 535 4801 quia
579 4750 840 4802 nunquam
881 4725 1165 4805 aliquando
1210 4733 1436 4789 vidimus
1475 4748 1593 4787 eum
1639 4747 1797 4800 super
1840 4731 1979 4785 latus

413 4825 793 4892 dormientem,
844 4833 934 4878 aut
979 4839 1134 4879 unam
1187 4840 1251 4878 ex
1302 4823 1455 4876 nobis
1505 4830 1770 4876 tenentem
1818 4836 1979 4874 manu

411 4933 522 4973 sua.
564 4918 627 4970 Et
658 4916 1168 4984 reprehendentibus
1212 4931 1300 4971 eas
1330 4916 1643 4985 quibu~dum
1679 4924 1735 4969 et
1759 4915 1978 4968 dicenti-

396 5014 513 5068 ‘bus
544 5029 555 5066 :
583 5012 759 5079 Quare
785 5011 898 5064 htec
926 5025 1031 5063 non
1061 5010 1304 5062 omnibus
1321 5006 1606 5071 dicebatis,
1633 5005 1724 5060 sed
1754 5005 1980 5059 scanda-

395 5105 672 5159 -liz:ibatur
705 5104 756 5156 iti
797 5116 862 5155 eo
903 5112 1010 5156 tota
1055 5099 1279 5154 civitas?
1307 5098 1621 5153 enarrabant
1644 5097 1752 5165 jam
1779 5095 1981 5163 capitu-

412 5198 542 5261 ltnu,
585 5195 722 5263 quod
773 5195 911 5249 circa
958 5207 1076 5247 eam
1123 5204 1328 5263 gestum
1360 5198 1460 5256 est,
1491 5203 1608 5256 qua:
1655 5204 1684 5241 a
1715 5187 1981 5240 daemonio

394 5288 745 5342 «cntionem
786 5285 1054 5348 sustinuit,
1088 5293 1142 5339 et
1175 5283 1294 5352 quia
1325 5279 1425 5334 hoc
1475 5281 1722 5334 timentes
1767 5278 1983 5332 taceba-

410 5391 549 5431 mtts.
578 5375 792 5445 Sepulto
829 5390 959 5443 ergo
987 5390 1050 5430 eo
1086 5375 1135 5427 in
1169 5373 1336 5426 multo
1364 5370 1585 5429 honore,
1619 5367 1906 5437 permansit
1936 5364 1981 5417 is

409 5468 501 5532 qui
531 5465 599 5519 ab
622 5479 689 5519 eo
708 5475 987 5520 correctus
1013 5473 1067 5518 et
1095 5479 1255 5517 sanus
1285 5462 1456 5516 factus
1486 5469 1601 5525 est,
1636 5459 1832 5512 iaciens
1865 5470 1982 5511 me—

411 5554 640 5609 moriam
666 5554 804 5626 ejus.
837 5556 1176 5611 Postmodum
1223 5565 1397 5609 autem
1435 5561 1489 5606 ct
1535 5550 1856 5606 renuntiavit
1883 5563 1987 5602 sac-

398 5646 554 5708 ωιος
614 5647 881 5716 ingressus
927 5649 1305 5706 monasterium
1349 5645 1553 5701 abbatis
1601 5643 1879 5700 Seridonis
1927 5640 1981 5694 in

2083 4551 2304 4614 sciente,
2329 4547 2562 4616 quinque
2605 4554 2874 4601 nummos,
2900 4545 2952 4591 et
2979 4535 3044 4589 da
3075 4535 3488 4600 eleemosynam.
3521 4528 3649 4583 Sum

2083 4657 2182 4710 ego
2229 4640 2370 4692 enim
2421 4634 2694 4701 trapezita,
2745 4629 2976 4684 domine.
3014 4626 3102 4710 Ille
3133 4640 3261 4679 vero
3293 4621 3651 4680 henel‘aciens,

2082 4706 2244 4804 cdtpit
2271 4730 2434 4786 furari
2464 4728 2630 4783 denos
2650 4722 2791 4796 (8|).
2828 4722 2954 4776 Erat
2977 4706 3154 4774 alitem
3205 4715 3416 4786 quando
3457 4723 3511 4768 et
3539 4711 3652 4767 sili-

2082 4840 2259 4895 quam.
2309 4821 2442 4877 Cum
2480 4832 2607 4886 ergo
2631 4815 2853 4869 vidisset
2903 4812 3027 4880 quia
3086 4805 3570 4895 benedicebamur,
3597 4809 3656 4856 et

2083 4892 2279 4970 divitiis
2319 4909 2713 4965 abundabamus
2735 4945 2751 4970 ,
2785 4901 2946 4969 carpit
2996 4909 3048 4953 et
3101 4897 3371 4952 tremisses
3397 4892 3579 4958 iurari,
3601 4899 3659 4944 et

2084 5008 2229 5060 dare.
2249 5000 2422 5058 Semel
2438 5001 2614 5067 itaque
2626 4994 2892 5049 admirans
2905 4986 3299 5046 benedictiones
3315 4982 3427 5048 Dei,
3444 4981 3553 5034 dixi
3566 4979 3616 5031 ei
3636 4994 3651 5029 :

2083 5096 2222 5151 Vere
2265 5093 2483 5146 multum
2531 5085 2861 5159 profuerunt,
2913 5081 3010 5148 illi,
3056 5079 3287 5148 quinque
3330 5071 3532 5126 nummi
3559 5068 3653 5132 illi,

2085 5189 2206 5242 volo
2236 5199 2362 5253 ergo
2391 5192 2446 5238 ut
2473 5181 2568 5235 des
2597 5179 2804 5233 decem.
2837 5173 2987 5227 Tunc
3009 5170 3138 5225 dicit
3160 5167 3287 5221 mihi
3313 5175 3368 5220 et
3395 5177 3526 5233 puer
3569 5174 3656 5213 su-

2088 5279 2346 5336 bridendo
2379 5296 2394 5330 :
2426 5274 2592 5335 Vade,
2620 5287 2714 5327 ora
2759 5267 2912 5323 furtis
2950 5265 3103 5320 meis.
3154 5262 3286 5315 Nam
3331 5273 3455 5313 vere
3500 5254 3660 5309 hodie

2087 5387 2191 5425 non
2225 5369 2541 5420 haberemus
2569 5355 2723 5432 quem
2752 5355 3218 5412 manducassemus
3245 5363 3456 5418 panem.
3474 5345 3578 5401 Sed
3607 5342 3656 5396 si

2086 5473 2168 5517 est
2215 5459 2296 5513 fur
2337 5460 2532 5527 justus,
2564 5469 2663 5522 ego
2693 5466 2832 5506 sum.
2861 5447 3012 5502 Tune
3036 5459 3163 5513 ergo
3208 5442 3372 5505 dixit,
3405 5437 3656 5508 quoniam

2089 5550 2355 5606 tremissia
2384 5547 2543 5601 dabat
2588 5554 2642 5598 et
2667 5542 2892 5608 siliquas
2934 5538 3117 5600 etiam,
3149 5547 3215 5587 ex
3248 5531 3350 5585 tide
3379 5531 3542 5592 illius,
3573 5539 3662 5580 as-

2090 5641 2261 5705 suevi,
2286 5639 2519 5698 domine.
2553 5635 2618 5691 de
2645 5633 2824 5688 animo
2851 5628 2999 5688 dare.
3030 5625 3343 5702 Ediﬁgatus
3386 5635 3514 5692 ergo
3535 5632 3660 5681 san.-
