3956 6220
306 397 442 456 1649

1228 401 1385 458 VITA
1427 397 1669 458 SANCTI
1713 397 1999 456 JOANNIS
2041 399 2618 460 ELEEMOSYNARII.

3195 455 3220 479 ,
3421 411 3554 468 [650

297 533 416 578 ctus
444 517 621 583 valde,
647 517 780 574 dixit
827 516 892 571 ad
921 529 1046 572 eum
1074 533 1090 578 ξ
1120 516 1294 572 Crede
1325 515 1480 582 mihi,
1512 514 1707 568 multas
1746 526 1876 566 con-
1904 514 1954 570 Δ
1983 526 2079 567 nos
2121 514 2292 581 fictor,
2323 523 2379 570 et
2431 525 2648 585 peccato
2678 521 2740 570 et
2783 513 3142 570 inobedientia
3167 513 3420 584 deceptos
3447 515 3554 569 ite-

302 613 627 669 versationes
687 609 897 663 Patrum
922 609 1046 678 legi,
1081 608 1184 662 tale
1208 605 1407 676 aliquid
1437 620 1543 660 non
1564 603 1767 660 audivi.

368 703 502 759 CAP.
531 698 1149 755 XXXVIII.~—-Malitiam
1172 704 1538 754 reservantem
1591 693 1877 764 quemdam

302 791 609 856 illustrium,
645 797 833 842 contra
859 788 1020 842 alium
1052 788 1371 857 principem,
1399 785 1620 840 audiens
1650 783 1739 840 hic
1767 797 1878 836 tua-

301 899 435 956 gnus
463 884 716 946 Joannes,
749 879 958 934 monuit
1003 895 1124 935 eum
1155 895 1318 950 saepe,
1345 887 1404 934 et
1429 877 1598 933 suasit
1634 876 1700 931 ad
1744 891 1876 930 con-

308 977 558 1044 cordiam,
587 986 642 1033 et
701 989 806 1030 non
857 974 1172 1040 potuiaeum
1230 981 1545 1026 convertere
1575 969 1638 1023 ad
1668 982 1874 1037 pacem.

302 1068 476 1122 Semel
493 1054 632 1137 ergo
651 1067 814 1121 mittit
844 1075 898 1120 et
924 1063 1141 1118 adducit
1168 1076 1290 1116 eum
1340 1068 1576 1124 sanctus,
1607 1058 1756 1128 quasi
1781 1070 1879 1126 pro

304 1173 364 1214 re
401 1159 606 1228 publica
635 1177 647 1211 :
673 1167 726 1213 et
758 1156 886 1212 facit
938 1156 1128 1209 missas
1173 1153 1227 1206 in
1267 1151 1502 1207 oratorio
1524 1164 1639 1213 suo,
1670 1149 1874 1203 nullum

302 1248 505 1304 habens
531 1247 631 1302 nisi
677 1248 979 1302 ministrum
1010 1258 1164 1300 suum
1195 1239 1334 1311 (82).
1367 1241 1498 1296 Cum
1529 1254 1660 1309 ergo
1690 1246 1874 1292 sancta

305 1342 666 1398 benedixisset
689 1338 1008 1409 patriarcha,
1036 1345 1090 1392 et
1119 1336 1411 1390 orationem
1443 1332 1771 1386 Dominicam
1797 1331 1877 1385 in-

301 1434 568 1496 choasset,
597 1439 874 1500 coeperunt
900 1415 1078 1484 dicere
1101 1438 1206 1482 tres
1240 1436 1440 1480 tantum
1470 1426 1565 1491 illi,
1600 1424 1758 1479 Pater
1782 1438 1878 1477 no-

303 1533 432 1575 ster.
462 1521 674 1576 Etcum
707 1517 1133 1590 pervenissetgtd
1166 1530 1488 1579 sermonem,
1520 1529 1626 1583 quo
1653 1513 1872 1578 dicitur,

304 1611 522 1667 Dimitte
552 1611 704 1667 nobis
730 1611 905 1665 debita
931 1617 1131 1670 nostra,
1161 1609 1297 1660 sicut
1331 1614 1385 1658 et
1413 1619 1508 1658 nos
1559 1601 1790 1657 dimittin
1815 1617 1878 1656 us

301 1701 630 1757 debitoribus
655 1701 872 1765 nostris,
905 1698 1075 1753 innuit
1122 1697 1420 1751 domestico
1474 1695 1794 1764 patriarcha,
1823 1702 1881 1749 ut

304 1804 520 1851 taceret.
547 1794 705 1850 Siluit
747 1809 876 1860 ergo
897 1801 950 1845 et
992 1789 1317 1860 patriarcha,
1344 1795 1398 1843 et
1425 1787 1684 1842 remansit
1732 1786 1878 1854 prin-

1979 617 2098 658 rum
2183 606 2506 680 vivificavit,
2564 619 2626 667 et
2679 613 2903 684 proprio
2977 606 3236 677 sanguine
3264 607 3588 661 redemita-

1979 706 2172 764 morte,
2203 705 2260 752 et
2286 713 2498 753 omnem
2557 707 2755 753 terram
2787 708 2840 752 et
2869 699 3042 767 ipsum
3071 699 3264 754 coelum
3294 698 3357 751 iir
3375 696 3550 752 obse-

1978 790 2164 859 quium
2200 788 2472 844 hominum
2525 789 2778 858 Subdidit,
2803 790 2894 845 sed
2919 799 2974 844 et
2999 803 3137 844 nunc
3175 788 3404 858 qualiter
3433 802 3554 857 pec-

1977 889 2162 936 cantes
2177 895 2281 936 non
2300 880 2540 950 dissipat,
2559 881 2652 936 sed
2681 881 3052 952 longanimiter
3081 879 3247 950 magis
3273 889 3544 948 exspectat

1979 970 2266 1026 immobilis
2288 970 2376 1026 illa
2404 981 2614 1038 natura,
2635 980 2692 1027 et
2717 972 2924 1040 patiens
2952 973 3040 1027 ille
3074 972 3283 1035 oculus,
3307 981 3360 1027 et
3387 969 3542 1026 nobis

1979 1063 2289 1133 plerumque
2317 1063 2807 1133 blasphemantibns
2825 1065 2938 1136 ipse
2960 1065 3267 1121 consolatur
3293 1074 3348 1120 et
3397 1064 3554 1118 blatt-

1978 1151 2120 1206 ditur
2148 1167 2240 1220 per
2268 1153 2660 1210 miserationem
2692 1155 3159 1221 suam,desursum
3187 1156 3390 1225 pluvias
3424 1169 3553 1224 pro-

1979 1251 2098 1310 pter
2126 1243 2288 1298 vitam
2345 1253 2580 1299 nostram
2613 1245 2870 1311 tribuens,
2897 1254 3126 1315 quantos
3171 1246 3340 1300 malos
3366 1258 3554 1313 opera-

1978 1335 2109 1399 rios,
2143 1342 2422 1405 pergentes
2446 1346 2501 1389 ttt
2529 1337 2774 1390 occidant
2797 1347 2884 1390 aut
2915 1336 3174 1400 furentur,
3205 1336 3336 1406 tegit
3371 1343 3426 1389 et
3453 1351 3556 1388 non

1981 1425 2164 1490 tradit,
2193 1439 2260 1480 ne
2289 1426 2566 1495 capiantur
2590 1435 2643 1480 et
2670 1427 2990 1494 puniantur?
3020 1435 3246 1495 quantos
3268 1426 3555 1480 existentes

1981 1519 2034 1574 in
2055 1519 2278 1574 navibus
2309 1519 2361 1574 in
2387 1521 2592 1590 pelago,
2626 1529 2684 1574 ut
2709 1520 3013 1589 praedantur
3033 1523 3310 1577 obviantes
3335 1523 3434 1576 sibi
3465 1537 3558 1574 na-

1979 1626 2096 1678 ves,
2139 1619 2193 1666 et
2237 1610 2482 1666 occidant
2519 1609 2608 1682 qui
2658 1611 2712 1666 in
2751 1611 2836 1666 eis
2886 1620 3032 1678 sunt,
3066 1626 3170 1666 non
3219 1612 3476 1682 permittit.
3505 1612 3556 1664 in

1982 1702 2296 1770 profundum
2329 1701 2586 1770 demergi,
2618 1701 2711 1756 sed
2755 1701 2981 1770 imperat
3013 1701 3143 1755 mari
3170 1709 3236 1755 ne
3277 1700 3560 1754 absorbent

1981 1805 2114 1856 eos,
2170 1801 2487 1860 exspectans
2549 1792 2953 1847 conversionem
3020 1792 3237 1848 malitiae
3283 1790 3560 1860 ipsorum?

301 1901 427 1955 eeps
469 1886 635 1952 solus,
667 1884 850 1939 dicens
879 1897 1088 1936 versum
1123 1897 1138 1933 :
1169 1880 1382 1934 Dimitte
1427 1879 1610 1945 nobis,
1635 1879 1776 1932 sicut
1823 1886 1878 1933 et
1910 1882 1956 1945 Β
1987 1880 2171 1950 quanti
2221 1880 2463 1951 pejerant
2526 1888 2721 1951 corpus
2785 1879 2923 1953 (85)
2951 1889 3024 1936 et'
3066 1881 3378 1950 sanguinem
3446 1882 3562 1948 ejus

302 1994 400 2034 nos
427 1979 761 2033 dimittimus.
792 1976 858 2030 Et
882 1974 1062 2029 statim
1091 1987 1381 2029 conversus
1403 1981 1640 2039 sanctus,
1675 1971 1804 2025 dicit
1823 1969 1876 2025 ei

303 2078 578 2125 mansueta
603 2083 734 2122 voce
758 2084 771 2120 :
799 2066 929 2121 Vide
949 2065 1002 2120 in
1024 2065 1164 2136 quali
1191 2064 1413 2120 terr.bi|i
1439 2064 1567 2117 hora
1622 2062 1748 2133 quid
1796 2061 1876 2117 di-

301 2174 392 2216 cas
422 2160 570 2215 Deo:
598 2159 857 2227 Quoniam
908 2157 1044 2211 sicut
1099 2170 1198 2224 ego
1245 2155 1475 2220 dimitto,
1509 2154 1582 2208 ita
1611 2160 1667 2208 et
1703 2161 1769 2216 tu
1797 2152 1880 2207 di-

303 2257 454 2308 mitte
499 2252 648 2307 mihi.
679 2251 950 2320 Tanquam
1005 2249 1072 2303 ab
1121 2248 1246 2317 igne
1271 2248 1452 2302 statim
1483 2247 1776 2302 cruciatum
1800 2244 1879 2299 fe-

301 2357 426 2397 rens
455 2342 736 2410 praedictus
785 2340 1049 2409 princeps,
1072 2339 1262 2394 cecidit
1283 2341 1338 2394 in
1385 2339 1572 2394 faciem
1602 2339 1670 2393 ad
1718 2335 1879 2405 pedes

302 2433 492 2497 sancti,
538 2431 722 2486 dicens
756 2447 770 2485 :
799 2419 1137 2498 Quzecunque
1165 2429 1412 2499 jusseris,
1446 2428 1685 2494 domine,
1719 2427 1879 2485 faciet

303 2537 488 2576 servus
517 2532 659 2576 tuus.
689 2520 753 2574 Et
781 2518 1153 2575 reconciliatus
1173 2528 1255 2574 est
1283 2519 1500 2577 inimico
1529 2533 1628 2576 suo
1650 2535 1717 2575 ex
1747 2528 1872 2575 tunc

303 2627 424 2666 cum
456 2611 603 2666 omni
627 2611 871 2665 veritate.

370 2722 498 2778 Car.
515 2721 1125 2793 XXXIX—Superbum
1155 2731 1328 2777 autem
1352 2723 1394 2778 si
1409 2722 1620 2779 videbat
1641 2721 1873 2794 aliquem

307 2817 514 2884 beatus,
546 2818 685 2870 hunc
710 2817 919 2886 quidem
951 2832 1055 2871 non
1083 2820 1337 2887 arguebat
1367 2817 1419 2870 in
1451 2814 1588 2872 facie
1619 2833 1633 2870 :
1663 2817 1876 2887 quando

304 2917 477 2960 autem
504 2921 624 2961 eum
649 2907 699 2959 in
731 2914 937 2962 secreto
967 2921 1065 2961 suo
1096 2907 1374 2963 sedentem
1414 2905 1646 2973 videbat,
1680 2907 1875 2963 affere-

305 2995 395 3050 bat
423 2996 488 3051 de
511 2996 809 3052 humilitate
836 3011 1134 3063 sermones,
1157 3007 1216 3052 ut
1239 3013 1330 3067 per
1375 2999 1478 3053 tale
1505 2998 1874 3068 magisterium

305 3086 506 3140 sensim
563 3095 876 3156 percuteret
898 3087 1210 3156 superbum,
1238 3098 1289 3142 et
1319 3088 1617 3144 modestum
1655 3089 1875 3159 faceret,

306 3179 487 3232 dicens
515 3177 586 3231 ita
613 3195 628 3234 :
660 3177 839 3245 Miror,
872 3179 1072 3234 domini
1091 3180 1217 3246 mei,
1249 3180 1516 3248 quomodo
1546 3195 1650 3236 non
1699 3195 1878 3236 recor-

1984 1980 2422 2038 sacrosauctum,
2471 1981 2527 2028 et
2599 1974 2795 2042 patitur
2854 1983 2907 2028 et
2972 1974 3347 2044 longanimiter
3412 1973 3559 2043 ag't,

1981 2079 2086 2118 non
2142 2064 2369 2119 reddens
2421 2066 2500 2120 eis
2526 2064 2619 2120 hic
2661 2064 2859 2133 aliquid
2900 2064 3153 2123 difficile?
3215 2072 3441 2136 quantos
3509 2066 3559 2117 in

1981 2153 2174 2210 itinere
2220 2155 2618 2220 latrocinantes,
2647 2169 2751 2208 non
2783 2155 2944 2210 tradit
2999 2157 3050 2210 iu
3105 2157 3280 2210 cibum
3329 2156 3561 2237 obviaq-

1981 2245 2126 2300 tibus
2195 2246 2297 2301 sibi
2353 2245 2870 2316 beStiis?"quantos
2945 2257 3135 2303 euntes
3205 2246 3261 2301 in
3327 2261 3557 2301 concava

1982 2349 2266 2405 terrarum,
2292 2350 2346 2395 et
2368 2338 2616 2393 itinerum
2641 2339 2935 2396 seditiones
2957 2346 3274 2410 operantes,
3304 2339 3553 2409 protegit,

1979 2442 2040 2486 ut
2068 2445 2175 2485 non
2214 2439 2602 2486 consumantur
2646 2445 2678 2486 a
2720 2430 3141 2486 custodientibus
3197 2429 3440 2497 canibus,
3471 2429 3554 2484 vel

1980 2526 2140 2576 etiam
2164 2521 2510 2580 hominibus?
2527 2521 2598 2576 Et
2621 2536 2705 2576 me
2721 2521 2988 2577 interdum
3018 2531 3108 2576 aut
3130 2535 3251 2576 cum
3274 2521 3554 2580 meretrice
3586 2548 3591 2554 -

1980 2614 2342 2683 recumbente,
2364 2623 2455 2668 aut
2480 2627 2602 2668 cum
2656 2613 2740 2670 bis
2769 2616 2860 2686 qui
2902 2611 2961 2671 s'e
2991 2615 3286 2684 inebriant,
3316 2625 3408 2670 aut
3437 2631 3557 2670 cum

1981 2709 2154 2776 turpia
2197 2707 2535 2778 loquentibus
2555 2717 2933 2774 conversante,
2962 2717 3054 2763 aut
3093 2703 3288 2765 caetero
3319 2709 3558 2779 quolibet

1979 2801 2163 2856 saeculi
2181 2799 2342 2869 hujus
2370 2799 2642 2872 implicata
2668 2810 2905 2872 peccato,
2935 2804 3051 2872 apis
3077 2802 3291 2870 quidem
3314 2805 3545 2858 circnm-

1979 2893 2171 2958 fertur,
2200 2900 2255 2947 et
2283 2893 2448 2947 valles
2475 2903 2528 2947 et
2556 2869 2736 2949 arveos
2764 2893 2973 2958 circuit,
3006 2909 3251 2964 quzerens
3294 2895 3550 2962 colligere

1980 2985 2233 3051 fructum,
2259 2995 2315 3039 ut
2341 2985 2498 3040 dulce
2548 2982 2711 3040 faciat
2757 2986 2886 3040 mihi
2935 2997 3137 3056 guttur,
3168 2992 3316 3058 quod
3336 2987 3476 3044 fmda
3502 2996 3557 3043 et

1979 3077 2160 3147 iniqua
2210 3079 2550 3144 pronuntiat;
2583 3089 2907 3134 uvaautcm
2941 3079 3157 3136 festinat
3183 3095 3279 3150 per
3321 3083 3557 3138 calorem

1983 3168 2258 3236 maturari,
2290 3177 2348 3224 ut
2391 3169 2595 3240 repleat
2620 3185 2682 3225 os
2711 3180 2766 3226 et
2809 3171 3043 3228 laatificet
3069 3188 3181 3240 cor,
3213 3174 3357 3244 quod
3391 3173 3556 3232 faeto-

306 3269 456 3324 datur
485 3272 679 3326 misera
707 3271 879 3326 anima
905 3286 1020 3326 mea
1044 3272 1356 3326 humilitatis
1384 3287 1502 3342 quae
1532 3272 1878 3328 demonstra-

1984 3274 2100 3317 rem
2162 3275 2318 3316 suum
2369 3263 2780 3331 prtevaricatum
2825 3274 2923 3319 est.
2976 3263 3164 3320 Flores
3217 3264 3444 3342 invicem
3499 3283 3557 3322 se

305 3360 378 3416 vit
405 3363 557 3418 nobis
587 3378 750 3433 super
772 3372 969 3418 terram
1003 3377 1261 3433 apparere
1308 3363 1503 3419 Filium
1529 3363 1646 3430 Dei,
1671 3365 1764 3420 sed
1797 3363 1880 3418 in-

306 3464 546 3510 tumesco
595 3462 652 3510 et
700 3456 929 3511 extollar
975 3468 1135 3524 super
1165 3455 1384 3510 fratrem
1428 3469 1626 3518 meum,
1659 3454 1704 3509 si
1733 3454 1883 3510 fuero

306 3544 572 3600 modicum
603 3553 694 3599 aut
717 3545 988 3613 pulchrior
1020 3553 1217 3611 eo,aut
1237 3544 1419 3610 ditior,
1453 3553 1546 3597 aut
1566 3544 1877 3614 gloriosior,

307 3645 398 3692 aut
425 3635 776 3706 principatum
799 3636 958 3690 officii
986 3637 1353 3705 cujuscunque
1374 3636 1633 3700 habuero,
1668 3651 1772 3692 non
1797 3637 1881 3691 in.-

310 3729 552 3797 telligens
600 3728 832 3782 divinam
878 3741 1085 3793 vocem,
1111 3742 1228 3796 quae
1275 3727 1444 3782 dicit:
1477 3726 1674 3783 Discite
1722 3742 1752 3781 a
1798 3743 1884 3783 me

307 3821 427 3888 quia
445 3819 586 3873 mitis
608 3833 726 3872 sum
754 3826 808 3872 et
833 3817 1046 3871 humilis
1058 3817 1240 3884 corde,
1259 3825 1316 3872 et
1335 3818 1616 3872 invenietis
1643 3819 1882 3887 requiem

308 3914 586 3966 animabus
613 3912 804 3966 vestris
834 3909 1050 3981 (Matth.
1073 3907 1179 3980 XI);
1203 3924 1376 3980 neque
1397 3923 1700 3966 sanetorum
1726 3924 1885 3966 voces

309 4002 568 4072 cogitans,
591 4000 840 4070 quoniam
894 3999 1109 4070 quidam
1138 4009 1334 4054 terram
1376 3998 1530 4070 (Gen.
1565 3999 1745 4067 xvut),
1768 4000 1886 4070 qui-

310 4092 760 4158 dant'cinerem,
795 4091 1008 4162 quidam
1065 4105 1299 4146 vermem
1352 4099 1408 4147 et
1457 4106 1562 4146 non
1616 4090 1885 4146 hominem

311 4177 481 4252 (Prol.
529 4183 676 4252 xxi),
706 4181 919 4252 quidam
978 4189 1070 4237 aut
1115 4181 1466 4250 impeditioris
1529 4192 1586 4238 et
1641 4183 1888 4238 tardioris

311 4272 497 4340 linguae
547 4271 745 4343 (Exod.
797 4273 871 4344 tv)
920 4287 978 4328 se
1029 4273 1412 4328 nominabant:
1444 4283 1500 4330 et
1547 4275 1667 4345 quia
1699 4275 1885 4344 Isaias,

310 4367 524 4436 quando
559 4367 722 4420 Deum
745 4366 927 4421 videre
952 4367 1237 4436 meruit,ut
1263 4368 1406 4436 capit
1436 4367 1616 4433 homo,
1643 4375 1770 4422 tunc
1790 4368 1890 4422 im-

311 4458 506 4512 munda
535 4457 668 4511 labia
718 4472 778 4513 se
806 4457 1002 4514 habere
1046 4457 1410 4528 pronuntiavit
1453 4458 1590 4529 (Isa.
1619 4457 1721 4530 vr).
1749 4459 1889 4527 Quid

311 4547 451 4602 enim
481 4557 536 4603 et
563 4563 678 4601 sum
709 4547 961 4602 humilis?
979 4547 1166 4603 Nonne
1182 4548 1249 4604 de
1275 4549 1388 4604 luto
1407 4549 1560 4605 fictus
1580 4565 1720 4618 sum,
1747 4551 1890 4606 unde

1983 3362 2384 3423 praeoccupant,
2409 3363 2467 3410 ut
2516 3355 2780 3410 delectent
2829 3357 3036 3424 oculos,
3067 3357 3155 3426 qui
3187 3337 3561 3414 fornicationi-

1985 3442 2085 3499 bus
2113 3453 2168 3499 et
2191 3445 2379 3501 alienis
2418 3446 2727 3502 mulieribus
2747 3447 2826 3501 ad
2848 3451 3380 3506 luxuriaminnuunt.
3403 3451 3558 3505 Ficus

1986 3537 2225 3592 turbatur
2247 3539 2386 3608 (84),
2414 3546 2678 3608 quatenus
2709 3542 3003 3609 perveniat,
3030 3553 3087 3594 ut
3116 3543 3316 3609 repleat
3346 3557 3560 3594 manum

1986 3642 2082 3696 per
2104 3628 2543 3697 magnitudinem,
2567 3637 2623 3683 et
2653 3645 2713 3683 os
2744 3645 2838 3696 per
2868 3629 3222 3692 dulcedinem,
3250 3630 3389 3698 quod
3417 3641 3561 3686 tenet

1987 3727 2042 3772 et
2099 3717 2267 3772 basiat
2311 3703 2538 3772 alienam
2600 3720 2904 3774 mulierem.
2933 3703 3105 3775 'Talia
3151 3735 3318 3792 ergo,
3360 3724 3562 3798 inquit,

1985 3824 2147 3879 opera
2167 3810 2362 3864 fratres
2388 3818 2626 3880 agentes,
2654 3819 2708 3866 et
2741 3813 2873 3867 tales
2904 3812 3282 3870 retributiones
3302 3817 3561 3884 recipien-

1989 3909 2068 3954 tes
2095 3914 2125 3954 a
2152 3901 2378 3971 benigno
2406 3901 2515 3956 Deo
2534 3940 2550 3967 ,
2582 3902 2794 3972 qualem
2825 3903 3181 3960 debueramus
3211 3902 3416 3964 habere
3439 3923 3562 3978 pru-
3648 3955 3661 3968 .

1987 3991 2244 4063 dentiam,
2265 3995 2664 4050 considerantes
2711 3998 3050 4054 novissimam
3082 4010 3317 4054 nostram
3355 3981 3564 4057 ethor-

1989 4088 2209 4142 rendam
2233 4087 2452 4144 horam?
2475 4089 2692 4145 Multum
2723 4094 2862 4145 enim
2893 4092 2959 4148 de
2987 4079 3461 4165 memoriamoriis
3510 4108 3567 4152 et
3609 4161 3618 4170 ι

1990 4182 2137 4236 exitu
2194 4182 2384 4236 animae
2437 4181 2741 4250 disi-utabat
2779 4198 2993 4252 semper
3038 4186 3126 4242 ille
3170 4187 3378 4254 beatus,
3405 4163 3477 4243 ita
3510 4200 3567 4244 ut
3609 4163 3634 4176 η

1992 4271 2301 4343 frequenter
2330 4275 2544 4344 quidam
2567 4275 2633 4329 ad
2663 4291 2783 4330 eum
2812 4277 3047 4348 superbo
3090 4278 3366 4335 schemate
3400 4281 3566 4335 intra-

1992 4375 2110 4422 rent
2129 4376 2181 4421 et
2204 4366 2398 4422 ridenti
2429 4368 2603 4433 vultu,
2631 4379 2682 4424 et
2725 4347 3120 4426 incohsiderhto
3144 4373 3330 4439 oculo;
3377 4381 3433 4427 et
3459 4375 3568 4429 exi—

1994 4467 2113 4513 rent
2144 4458 2329 4515 humili
2358 4474 2528 4526 more,
2555 4469 2607 4515 et
2634 4473 2948 4530 compuncta
2973 4461 3136 4530 facie,
3154 4474 3206 4518 et
3229 4464 3568 4536 lacrymanti-

1994 4550 2093 4606 bus
2111 4551 2304 4607 oculis.
2326 4551 2550 4620 Propter
2569 4553 2710 4621 quod
2737 4562 2791 4608 et
2819 4553 3029 4610 dicebat
3060 4572 3074 4608 :
3093 4555 3227 4621 Quia
3253 4558 3334 4628 (ut
3361 4559 3570 4627 aestimo

315 4647 441 4695 sunt
483 4649 536 4695 et
584 4638 815 4695 lateres?
844 4640 1032 4696 Nonne
1080 4655 1295 4695 omnem
1337 4655 1494 4709 quam
1526 4651 1654 4711 puto
1685 4643 1883 4698 habere
1921 4632 1966 4688 ῐ)
1993 4655 2092 4709 ego
2131 4640 2368 4710 humilis)
2399 4641 2598 4696 sufﬁcit
2626 4642 2692 4698 ad
2741 4643 2967 4698 salutem
2998 4645 3210 4701 assidue
3248 4655 3300 4702 et
3321 4647 3566 4704 dolenter

311 4728 557 4798 gleriatn,
583 4740 638 4782 ut
661 4730 758 4784 llos
782 4728 1360 4800 fcenimarcescitUsa.
1392 4731 1518 4801 xc)?
1550 4732 1643 4787 llis
1675 4748 1802 4804 ergo
1831 4742 1883 4788 et

315 4819 638 4890 huiusmodi,
664 4829 718 4874 et
760 4821 883 4874 aliis
923 4821 1161 4890 pluribus
1206 4823 1380 4877 verbis
1429 4823 1880 4893 sapientissimus.

313 4911 462 4979 quasi
487 4909 553 4964 de
578 4923 636 4963 se
657 4908 862 4975 dicens,
887 4925 1008 4965 eum
1035 4910 1122 4979 qui
1152 4910 1460 4980 languorem
1488 4911 1777 4966 inﬂationis
1833 4923 1886 4968 et

312 5001 574 5068 superbiae
598 5001 824 5056 habebat
845 5002 1086 5058 cauterio
1110 5003 1454 5069 comburens,
1486 5005 1737 5072 proderat
1766 5005 1883 5074 ejus

315 5093 524 5146 animae.
553 5091 882 5161 lntelligebat
910 5094 1052 5147 enim
1099 5091 1145 5147 is
1175 5094 1262 5162 qui
1285 5093 1436 5149 ulcus
1466 5093 1696 5150 habebat
1745 5095 1884 5164 quod

315 5180 380 5234 de
399 5197 465 5235 eo
493 5183 797 5250 patriarcha
818 5183 929 5238 hate
955 5184 1241 5239 intimaret.

383 5268 514 5324 Lar.
541 5270 654 5323 XL.
680 5301 749 5312 -—
776 5272 843 5326 Et
873 5273 975 5327 hoc
1000 5272 1312 5343 frequenter
1341 5274 1432 5330 ille
1456 5291 1486 5331 a
1513 5276 1625 5335 Deo
1647 5276 1883 5333 honora-

319 5367 422 5424 tus,
445 5359 698 5415 afferebat
724 5361 778 5415 in
801 5363 1055 5427 medium,
1077 5365 1146 5418 ad
1165 5365 1475 5421 humilitatis
1491 5381 1884 5438 argumentum,

317 5450 537 5505 dicens:
569 5450 722 5518 Quod
779 5451 822 5506 si
877 5454 1370 5510 cotisiderassemns
1400 5469 1454 5512 et
1500 5463 1883 5550 cogjtassemus

319 5541 411 5596 Dei
431 5557 552 5611 erga
579 5557 675 5596 nos
698 5543 1119 5599 misericordiam
1143 5555 1196 5600 et
1218 5548 1530 5616 bonitatem,
1555 5541 1653 5606 nco
1683 5553 1738 5607 in
1774 5568 1886 5609 cte-

313 5629 396 5686 los
423 5632 825 5687 sublevaremus
876 5635 1059 5690 oculos
1081 5647 1318 5707 nosnos,
1349 5641 1440 5694 sed
1464 5655 1678 5712 semper
1705 5643 1757 5698 in
1787 5645 1886 5699 hu-

315 5723 423 5779 mili
451 5724 634 5780 ltabitu
662 5740 724 5781 ac
743 5727 1017 5797 prudentia
1046 5729 1380 5800 degeremus.
1407 5731 1473 5789 Ut
1493 5736 1638 5790 enim
1662 5747 1883 5805 praster-

314 5830 455 5886 casn,
499 5814 729 5887 qualiter
779 5832 884 5876 non
933 5821 1226 5879 existentes
1266 5835 1320 5881 ut
1364 5841 1606 5883 essemus
1634 5830 1886 5897 produxit

1992 4732 2247 4804 cogitare,
2267 4741 2321 4786 et
2343 4733 2757 4788 soliicitudinem
2783 4732 2978 4790 habere
3006 4735 3074 4790 de
3098 4745 3294 4803 morte,
3312 4732 3564 4807 queru'ani

1994 4813 2152 4879 nismo
2189 4825 2345 4880 nobis
2376 4826 2428 4879 in
2475 4826 2563 4880 illa
2593 4825 2724 4880 hora
2753 4829 3123 4897 compatietnr,
3145 4827 3235 4884 aut
3283 4831 3568 4902 pdmitabi-

1993 4923 2081 4970 tur
2105 4931 2170 4972 ex
2191 4918 2295 4970 vita
2324 4917 2448 4982 ista,
2476 4917 2574 4972 nisi
2605 4931 2764 4985 opera
2795 4918 2934 4974 bona
2961 4930 3160 4975 nostra.
3196 4919 3262 4974 Et
3299 4922 3566 4989 quomodo

1994 5007 2198 5077 angelis
2230 5007 2561 5064 venientibus
2589 5017 2641 5062 et
2694 5011 3103 5077 properantibus
3151 5012 3393 5066 turbatur
3440 5020 3566 5066 tunc

1995 5098 2193 5164 anima,
2221 5097 2265 5150 si
2298 5097 2510 5152 inventa
2562 5113 2667 5152 non
2715 5098 2879 5154 fuerit
2917 5101 3247 5170 przeparata?
3297 5102 3566 5172 quomodo

1993 5199 2143 5258 rogat
2159 5199 2214 5243 ut
2228 5188 2452 5243 addatur
2471 5190 2573 5244 sibi
2595 5190 2863 5246 modicum
2894 5199 3107 5259 tempus
3119 5193 3256 5256 vitae,
3277 5195 3520 5249 etaudiet
3546 5194 3573 5250 ε’

1990 5279 2126 5346 Quid
2180 5283 2370 5338 enim?
2415 5283 2645 5353 Tempus
2691 5283 2835 5353 quod
2887 5285 3102 5350 vixisti,
3135 5285 3272 5342 bene
3317 5302 3566 5343 consum-

1991 5374 2180 5441 psisti?
2231 5373 2296 5428 Et
2324 5374 2514 5429 iterum
2561 5374 2773 5429 dicebat
2819 5387 3071 5446 tanquam
3121 5376 3188 5433 de
3233 5379 3562 5448 semetipso:

1989 5462 2284 5529 Quomodo,
2319 5464 2534 5519 humilis
2561 5464 3076 5533 Joannes,,transire
3125 5474 3325 5538 poteris
3367 5471 3565 5526 bestias

1986 5554 2285 5609 arundineti
2320 5554 2498 5623 (Psal.
2525 5558 2710 5626 vatt),
2737 5559 2947 5628 quando
2979 5561 3268 5616 obviahunt
3310 5563 3403 5618 tibi
3431 5578 3559 5618 exa-

1987 5645 2202 5701 ctores?
2235 5645 2325 5701 Vae
2348 5644 2522 5714 qualis
2553 5647 2710 5702 timor
2737 5657 2792 5704 et
2819 5658 3020 5705 tremor
3074 5651 3281 5706 obtinet
3325 5654 3559 5707 animam

1989 5745 2114 5793 tunc
2165 5716 2442 5793 rationem,
2457 5749 2764 5807 ponentem,
2794 5741 2955 5799 tantis
3001 5743 3414 5812 exquisitol'ibus
3453 5728 3562 5798 tam

1988 5829 2185 5886 amaris
2215 5842 2266 5888 et
2291 5831 2837 5889 immisericordihus?
2880 5834 3084 5892 Etenim
3139 5843 3351 5892 sanctus
3378 5836 3475 5892 iste
3500 5837 3556 5890 in
