3956 6220
450 458 597 514 issi
1521 441 1798 502 LEONTII
1842 437 2301 497 NEAPOLITANI
2358 434 2664 493 EPISCOPI
3584 431 3695 486 «δερ

489 557 738 616 memoria
763 538 970 628 semper
1009 557 1271 613 retinebat
1299 553 1438 625 quod
1463 560 1647 606 sancto
1701 551 1924 617 Simoni,
1958 549 2048 618 qui
2076 551 2121 609 Α
2152 546 2354 614 scopio.
2396 543 2572 599 Semel
2601 555 2733 610 ergo
2757 548 2811 597 et
2853 540 2934 596 bis
2976 540 3099 596 fecit
3145 539 3244 594 hoc
3280 538 3460 607 ipsum
3499 539 3685 594 scitum

439 706 448 714 ,
494 657 546 705 lu
575 651 834 706 columnis
860 650 1006 705 stetit
1045 648 1186 721 (85).
1212 662 1304 717 per
1334 646 1712 701 revelatiouem
1742 642 1938 697 factum
1965 651 2048 697 est
2149 635 2236 691 ille
2264 636 2472 690 beatus.
2506 632 2745 687 Erudivit
2772 641 2826 686 et
2864 633 2918 686 in
2957 632 3058 687 hoc
3092 631 3293 699 plebem
3320 630 3622 699 magniﬁce,
3645 639 3690 684 et

495 749 725 795 notum:
754 739 884 807 Quia
917 737 995 812 (ut
1020 738 1114 809 ait)
1164 745 1390 792 exeunte
1417 736 1590 790 anima
1621 748 1652 788 e
1681 746 1926 800 corpore,
1947 732 2048 785 οι)-
2148 727 2486 792 emendavit;
2516 727 2770 781 timebant
2793 726 2968 792 enim,
2995 740 3062 780 ne
3089 724 3279 780 iterum
3303 723 3534 792 idipsum
3558 723 3688 778 sche-

493 831 636 886 viaut
662 829 710 884 ei
738 843 856 884 cum
884 829 1183 883 ascenderit
1208 842 1237 881 a
1267 837 1407 881 terra
1435 827 1485 879 iu
1515 825 1730 888 coelum,
1757 824 1906 878 chori
1937 822 2048 876 duc-
2154 836 2238 877 ma
2263 820 2464 875 faceret
2493 821 2570 874 eis
2599 819 2691 873 ille
2718 833 2931 887 semper
2957 817 3356 874 memorandus.

493 913 2054 991 monum,singuliinproprioordine.Obviateichorusdat-
2217 910 2347 965 CAP.
2391 909 2548 964 XLII.
2577 939 2649 954 —-
2677 909 2845 979 Loqui
2887 920 3062 964 autem
3107 909 3161 963 in
3210 921 3452 963 sacrario
3501 909 3691 963 omnino

497 1014 793 1066 mentorum
821 1011 1104 1079 superbiat,
1137 1010 1417 1076 investigat
1443 1023 1584 1074 eam,
1607 1007 1651 1061 si
1681 1006 2052 1073 habeatOpera
2152 1013 2258 1054 non
2311 1000 2686 1068 permittebat,
2729 1000 2821 1054 sed
2874 998 2926 1054 in
2967 1009 3256 1069 conspectu
3293 999 3554 1075 omnium
3575 997 3696 1052 foras

494 1101 1389 1170 eorum.Obviatcborusspirituum
1403 1097 1770 1152 detractionis:
1791 1096 2052 1165 aspiciunt
2151 1090 2392 1146 mittebat
2417 1105 2538 1146 eum
2560 1130 2576 1156 ,
2606 1091 2828 1145 dicens:
2863 1091 2924 1146 Si
2955 1090 3166 1160 quidem
3207 1100 3264 1145 ut
3303 1105 3492 1146 orares
3529 1091 3694 1144 venisti

495 1195 540 1248 si
569 1195 776 1264 quando
823 1175 1062 1250 ehlocuta
1095 1194 1181 1256 sit,
1211 1201 1266 1247 et
1311 1190 1676 1261 penitentiam
1727 1205 1830 1242 non
1863 1187 2047 1256 egerit.
2152 1184 2287 1247 huc,
2311 1182 2364 1236 in
2393 1181 2493 1236 hoc
2518 1193 2748 1238 mentem
2774 1190 2915 1236 tuam
2941 1189 2994 1236 et
3015 1195 3077 1235 os
3104 1189 3249 1236 tuum
3274 1195 3472 1236 vacare
3496 1191 3694 1248 empta;

499 1286 725 1342 Obviant
786 1286 976 1340 iterum
1025 1284 1269 1352 superius
1322 1283 1589 1336 dccmoiies
1636 1278 1996 1334 fornicationis
2031 1295 2042 1330 :
2153 1273 2198 1328 si
2239 1287 2370 1327 vero
2407 1280 2626 1341 propter
2665 1271 3024 1337 locutionem,
3065 1272 3318 1340 scriptum
3360 1280 3486 1325 est:
3527 1271 3698 1325 Domus

497 1385 798 1430 scrutantur
821 1375 864 1428 si
886 1379 1262 1444 recognoscant
1317 1373 1367 1425 in
1391 1388 1450 1427 ea
1484 1371 1780 1437 voluptates
1809 1382 1950 1423 suas.
1987 1367 2053 1422 Et
2152 1361 2247 1417 Dei
2290 1363 2483 1416 domus
2522 1361 2780 1416 orationis
2818 1363 3096 1416 vocabitur
3138 1360 3379 1433 (Matth.
3409 1375 3497 1415 ut
3522 1367 3541 1431 )
3567 1378 3582 1427 ;
3610 1362 3697 1415 oli

496 1464 704 1534 quando
724 1479 754 1518 a
782 1473 920 1519 terra
945 1478 1112 1531 usque
1150 1462 1216 1517 ad
1241 1461 1431 1518 coelum
1464 1461 1656 1514 misera
1703 1459 1877 1513 anima
1907 1457 2054 1524 posi-
2152 1469 2282 1524 ergo
2313 1453 2491 1508 facere
2519 1467 2636 1507 eam
2665 1454 2972 1520 speluncam
3003 1452 3289 1506 latronum.

497 1567 612 1606 tura
641 1554 895 1607 rationem
928 1551 1246 1618 pervenerit,
1288 1563 1526 1604 seorsum
1556 1549 1622 1602 ab
1648 1563 1710 1602 ea
1757 1546 1928 1602 sancti
1957 1561 2052 1600 an-
2221 1546 2352 1597 CAP.
2386 1542 2566 1597 XLIII.
2595 1571 2664 1582 -—
2693 1541 2805 1597 Hoc
2843 1552 3017 1616 autem
3057 1550 3170 1597 erat
3210 1541 3578 1596 admirabilius
3599 1556 3700 1595 san-

391 1655 403 1664 '
495 1643 597 1711 geli
617 1642 851 1710 stabunt,
883 1650 938 1696 et
984 1656 1085 1696 non
1136 1639 1462 1709 adiuvabunt
1506 1653 1623 1693 eam
1650 1637 1751 1692 nisi
1792 1638 2056 1692 bonitates
2153 1633 2376 1687 ctissimi
2407 1632 2564 1701 hujus
2587 1633 2936 1703 patriarcha,
2964 1634 3212 1703 quoniam
3241 1647 3342 1688 nec
3365 1633 3698 1687 monachicam

496 1746 624 1787 sum.
657 1732 780 1786 Haec
826 1721 1166 1786 considerans
1214 1731 1299 1786 hic
1346 1730 1556 1796 nobilis,
1613 1730 1922 1798 perterritus
1959 1743 2056 1797 pro
2153 1726 2314 1779 vitam
2355 1723 2594 1789 ducens,
2625 1739 2800 1792 neque
2829 1726 2880 1777 in
2907 1726 3052 1778 clero
3089 1732 3325 1778 moratus
3369 1725 3422 1778 in
3459 1725 3694 1786 ecclesia,

499 1820 589 1874 tali
620 1819 747 1874 hora
777 1828 831 1876 et
859 1821 1114 1874 sollicitus
1134 1819 1299 1874 factus
1327 1826 1430 1884 est,
1458 1818 1637 1873 ferens
1663 1817 1716 1873 in
1740 1818 2053 1872 memoriam
2155 1815 2250 1871 sed
2278 1824 2334 1870 et
2361 1814 2577 1871 feminae
2613 1816 2850 1884 legitime
2891 1816 3088 1872 dudum
3133 1817 3454 1886 coniunctus
3485 1816 3618 1888 (86),
3645 1818 3698 1869 ita

495 1919 547 1964 et
564 1911 735 1966 sancti
759 1910 1039 1966 Hilarionis
1059 1911 1324 1980 eloquium
1351 1909 1499 1979 (Vita
1527 1907 2014 1978 Hilarionis,c.38)
2038 1926 2056 1976 ;
2084 1900 2132 1962 B
2162 1907 2329 1961 tenuit
2353 1906 2588 1976 vigorem
2614 1907 2858 1962 ecclesiae
2881 1907 2946 1961 ab
2970 1907 3086 1977 ipso
3111 1909 3266 1962 initio
3291 1923 3403 1976 quo
3435 1906 3699 1977 patriarcha

501 1999 623 2073 quia
647 2014 766 2054 cum
794 2015 825 2054 e
847 1989 954 2054 vita
982 2014 1290 2069 egressurus
1311 2008 1473 2064 esset,
1496 1996 1797 2053 formidavit
1843 2006 1898 2055 et
1921 1998 2056 2054 dixit
2163 2005 2511 2052 consecratus
2543 2005 2626 2052 est
2645 2037 2661 2063 ,
2688 2005 2745 2054 et
2768 1998 2821 2052 in
2853 1998 3012 2054 talem
3052 1998 3437 2054 sublimitatem
3476 1998 3699 2053 exaltant:

501 2087 690 2144 animae
710 2103 820 2144 sua:
847 2103 864 2144 :
897 2089 1170 2160 Octoginta
1200 2105 1389 2156 annos,
1415 2106 1445 2142 ο
1470 2089 1689 2148 humilis
1735 2089 1934 2155 anima,
1965 2089 2060 2142 ha-
2159 2095 2274 2153 est,
2305 2095 2365 2142 ut
2389 2087 2583 2143 multos
2611 2089 2948 2143 eremitarum
2974 2100 3029 2145 et
3055 2087 3107 2143 in
3129 2097 3273 2144 arcta
3296 2092 3407 2144 vita
3431 2089 3699 2160 degentium

499 2176 595 2233 bes
623 2179 864 2234 serviens
895 2178 1128 2245 Christo,
1159 2188 1213 2234 et
1243 2179 1392 2234 times
1411 2179 1589 2234 exire?
1615 2177 1733 2240 Exi,
1756 2177 1874 2247 quia
1895 2178 2057 2233 mise—
2158 2189 2455 2249 superaret.

500 2265 670 2322 ricers
701 2260 800 2322 est.
825 2268 889 2322 Et
911 2269 1119 2323 dicebat
1163 2269 1260 2322 sibi
1293 2268 1625 2337 patriarcha:
1652 2268 1705 2324 Si
1733 2269 1778 2323 is
1803 2269 1890 2337 qui
1913 2277 2050 2322 octo-
2231 2269 2361 2324 Car.
2395 2268 2576 2324 XLlV.
2607 2296 2678 2310 —
2707 2269 3103 2325 Volens‘autem
3133 2284 3234 2325 nec
3259 2269 3427 2340 hujus
3452 2270 3572 2325 boni
3603 2283 3699 2322 esse

500 2358 648 2426 ginta
671 2374 838 2414 annos
867 2360 1086 2415 servivit
1131 2361 1364 2427 Christo,
1390 2371 1442 2416 et
1488 2370 1724 2417 mortuos
1760 2359 2059 2427 suscitavit,
2164 2358 2449 2427 inexpers,
2503 2358 2758 2413 videlicet
2798 2358 3123 2415 monachica:
3149 2360 3272 2414 vitae
3301 2359 3698 2415 connumeratio-

501 2456 554 2503 ct
575 2449 725 2520 signa
754 2449 892 2512 fecit,
922 2449 1095 2504 timuit
1119 2450 1513 2505 amaramillam
1543 2451 1747 2515 horam,
1781 2448 1908 2520 quid
1963 2449 2058 2502 ha-
2164 2450 2281 2516 nis,
2328 2449 2506 2504 studet
2549 2463 2662 2505 rem
2711 2450 2913 2505 talem:
2967 2445 3291 2520 congregans
3346 2451 3485 2506 duos
3521 2449 3697 2505 ordines

504 2540 596 2594 hes
621 2546 696 2606 tu,
721 2539 933 2595 humilis
960 2529 1215 2606 Joannes,
1245 2540 1424 2597 dicere
1474 2551 1568 2595 aut
1610 2541 1784 2596 lacere
1803 2584 1819 2610 ,
1849 2541 2064 2610 quando
2163 2551 2466 2596 sanctorum
2493 2540 2906 2606 monachorum,
2936 2541 3118 2596 statuit
3148 2542 3198 2595 in
3224 2541 3304 2596 eis
3345 2555 3554 2596 omnem
3589 2538 3698 2592 utili-

504 2628 834 2684 ebviavcrint
863 2630 914 2684 in
946 2629 1130 2684 faciem
1153 2639 1294 2684 tuam
1335 2631 1582 2685 crudeles
1610 2630 1687 2684 illi
1717 2640 1770 2684 et
1824 2631 2062 2685 immise-
2164 2642 2324 2688 tatem
2355 2633 2508 2687 tribui
2536 2633 2604 2687 de
2635 2633 2774 2686 villis
2800 2632 2910 2686 suis
2939 2631 2994 2685 in
3037 2631 3251 2686 civitate
3275 2647 3375 2686 sua
3404 2650 3417 2683 :
3446 2641 3500 2686 et
3537 2630 3697 2683 facient

509 2723 742 2778 ricordes
760 2708 1034 2779 exactores
1056 2733 1110 2779 et
1133 2724 1502 2792 inquisitores?
1524 2724 1604 2778 Ad
1625 2732 1849 2792 quantos
1867 2724 2065 2791 poteris
2165 2725 2244 2780 eis
2271 2725 2492 2779 cellulas
2532 2724 2585 2778 in
2617 2723 2822 2778 duobus
2849 2723 3096 2778 oratoriis
3125 2723 3368 2778 Domina
3397 2732 3581 2776 nostra:
3603 2733 3698 2771 saa-

510 2813 769 2869 rationem
798 2813 1044 2882 reddere,
1059 2814 1124 2868 ad
1145 2829 1236 2870 eos
1257 2815 1342 2883 qui
1373 2813 1658 2883 exquirunt
1681 2817 1744 2868 de
1766 2813 2064 2878 mendacio,
2164 2827 2266 2870 ciae
2317 2815 2411 2870 Dei
2457 2814 2760 2884 genitricis,
2805 2821 2860 2868 et
2894 2813 3064 2868 sancti
3105 2811 3360 2878 Joannis,
3399 2827 3514 2881 qua:
3550 2810 3647 2879 ipse
3675 2823 3697 2860 a

507 2904 580 2960 ad
599 2919 692 2960 eos
709 2905 795 2974 qui
813 2904 879 2959 de
902 2905 1247 2969 detractione.
1267 2906 1329 2959 ad
1351 2905 1542 2974 cosqui
1567 2904 1632 2960 de
1653 2904 1981 2969 crudelitate,
1999 2905 2064 2958 ad
2163 2908 2519 2962 fundamentis
2565 2907 2920 2962 aediﬁcarent
2936 2945 2951 2970 ,
2982 2905 3165 2958 dicens
3205 2903 3580 2958 amantissimis
3615 2900 3698 2953 Deo

508 3007 600 3049 eos
628 2995 714 3063 qui
745 2993 810 3050 de
838 2995 1080 3062 avaritia,
1111 2994 1176 3050 ad
1211 3011 1304 3052 eos
1327 2997 1414 3065 qui
1442 2996 1507 3050 de
1534 2997 1786 3051 memoria
1825 2995 1971 3061 mali,
1997 2995 2062 3049 ad
2166 2999 2442 3052 monachis
2474 2999 2544 3050 ita
2571 3013 2584 3049 :
2613 2996 2723 3066 Ego
2752 3004 2871 3066 post
2901 2994 3067 3049 Deum
3097 2993 3381 3049 utilitatem
3409 2990 3695 3060 corporalem

505 3099 599 3139 eos
631 3086 718 3155 qui
771 3087 840 3142 de
867 3087 1010 3154 odio,
1040 3088 1110 3143 ad
1138 3103 1230 3142 eos
1266 3089 1352 3156 qui
1384 3087 1664 3156 exquirunt
1694 3088 1758 3142 de
1801 3087 2066 3157 peijurio?
2164 3096 2399 3143 vestram
2438 3087 2767 3156 procurabo,
2811 3100 2907 3140 vos
2943 3095 3118 3138 autem
3159 3082 3698 3152 spiritualis‘habetote

509 3174 574 3231 Et
633 3177 966 3231 dementatus
1005 3179 1212 3234 dicebat
1261 3196 1274 3231 :
1319 3175 1457 3232 Deus
1488 3218 1504 3245 ,
1555 3187 1609 3232 tu
1670 3192 1760 3234 eos
1825 3178 2060 3244 int-rem,
2169 3189 2301 3230 meae
2342 3191 2523 3230 curam
2561 3175 2773 3230 salutis.
2819 3175 3132 3242 Vespertina
3172 3182 3227 3227 et
3266 3183 3521 3229 nocturna
3557 3169 3696 3240 vigilia

509 3279 630 3318 nam
691 3265 862 3319 omnis
900 3264 1151 3322 fortitudo
1211 3269 1482 3322 hominum
1540 3268 1618 3322 eis
1657 3269 1907 3322 resistere
1963 3283 2064 3322 non
2093 3253 2136 3312 C
2170 3263 2451 3333 mihiapud
2471 3262 2633 3317 Deum
2657 3266 2975 3332 imputetur:
3006 3261 3259 3332 quidquid
3287 3276 3422 3316 vero
3451 3260 3505 3314 in
3531 3255 3695 3314 cellulis

510 3355 666 3409 valet.
722 3355 847 3424 Tu,‘
897 3357 1157 3425 Domine,
1201 3360 1270 3413 da
1329 3359 1482 3414 nobis
1541 3359 1788 3415 ductores
1859 3371 2070 3415 sanctos
2174 3359 2366 3412 vestris
2390 3355 2550 3410 officii
2579 3354 2829 3420 feceritis,
2862 3370 2956 3424 pro
2987 3354 3177 3410 vestris
3203 3355 3272 3408 sit
3298 3353 3584 3408 animabus.
3610 3350 3694 3404 Hoc

508 3445 744 3515 angelos,
789 3447 875 3514 qui
927 3447 1226 3504 custodiant
1287 3460 1338 3505 et
1360 3451 1655 3519 gubernem
1711 3467 1844 3518 nos;
1905 3453 2068 3506 multa
2174 3459 2352 3504 autem
2381 3448 2537 3516 fecit,
2568 3449 2753 3504 volens
2780 3447 3115 3502 sollicitiores
3155 3446 3376 3503 efﬁcere
3415 3444 3508 3500 Dei
3538 3442 3693 3497 amicos

509 3538 648 3593 enim
715 3549 795 3593 est
850 3551 1030 3594 contra
1095 3556 1191 3597 nos
1240 3536 1422 3597 eorum
1464 3543 1687 3608 insania,
1727 3545 1922 3599 multus
1961 3553 2070 3600 tre-
2174 3541 2488 3596 monachos.
2514 3539 2666 3596 Unde
2690 3549 2742 3594 et
2770 3538 3060 3608 permansit
3088 3538 3198 3594 Deo
3229 3538 3355 3592 talis
3380 3547 3518 3607 grata
3542 3533 3691 3589 consti-

513 3645 649 3695 mor,
679 3629 874 3685 multus
924 3631 1099 3695 timur,
1135 3632 1352 3686 multum
1387 3632 1674 3702 periculum
1726 3632 1896 3702 pelagi
1929 3635 2068 3688 aeris
2174 3633 2302 3686 tutio
2329 3631 2572 3686 ordinum
2599 3647 2615 3698 ;
2641 3640 2694 3686 et
2716 3630 2782 3684 ad
2809 3630 3203 3685 similitudinem
3229 3629 3534 3685 monasterii
3556 3642 3608 3681 ex
3632 3625 3690 3676 his

517 3719 696 3790 hujus.
723 3720 779 3775 Si
801 3722 941 3777 enim
965 3721 1030 3776 de
1052 3723 1264 3781 civitate
1290 3739 1342 3778 in
1375 3725 1640 3779 civitatem
1682 3740 1844 3795 super
1874 3735 2066 3781 terram
2173 3725 2365 3778 civitas
2404 3737 2538 3792 pene
2565 3722 2728 3788 vivit,
2779 3725 2832 3777 in
2858 3721 3084 3778 diversis
3114 3721 3245 3778 locis
3271 3720 3545 3793 pervigiles
3567 3718 3689 3788 bym-

513 3809 864 3876 ambulantes,
883 3813 1227 3880 deprecamur
1243 3827 1334 3868 eos
1357 3813 1444 3884 qui
1469 3814 1620 3870 nobis
1644 3816 1892 3872 ductores
1920 3829 2070 3887 sunt,
2172 3815 2357 3870 nodias
2385 3814 2495 3869 Deo
2523 3813 2781 3869 referens.

512 3915 581 3957 ne
608 3903 662 3956 in
684 3902 973 3971 prmcipitia
997 3903 1252 3957 cadamus
1277 3943 1293 3969 ,
1323 3914 1413 3958 aut
1441 3904 1491 3958 in
1537 3906 1824 3975 agrestium
1873 3907 2071 3962 bestia-
2243 3904 2372 3960 ΟΑΡ.
2412 3901 2574 3959 XLV.
2604 3933 2673 3944 —
2701 3903 2767 3956 Et
2796 3903 2897 3958 hoc
2923 3902 3110 3958 beatus
3138 3902 3237 3956 iste
3263 3902 3340 3956 ita
3366 3915 3543 3957 omnes
3566 3896 3689 3952 doce-

427 4029 434 4032 -
511 3993 792 4061 rumloca,
820 4004 911 4048 aut
944 3995 994 4048 in
1027 3994 1240 4050 flumina
1273 3995 1496 4061 inﬁnita,
1528 4009 1620 4051 aut
1649 3998 1701 4052 in
1727 3997 2073 4055 inaccessibi-
2173 3995 2296 4062 bat,
2323 4003 2377 4049 et
2405 3994 2803 4049 contestabatur
2845 3991 3025 4048 dicens
3057 4009 3071 4046 :
3099 3990 3413 4046 Nullatenus
3451 3985 3686 4059 aliquando

495 4086 580 4141 les
629 4093 685 4139 et
735 4085 921 4141 invios
946 4095 1186 4150 montes,
1230 4092 1327 4139 aut
1354 4100 1411 4138 tn
1447 4091 1726 4138 latronum
1755 4098 1953 4138 manus
1982 4091 2081 4138 aut
2174 4089 2545 4145 hereticorum
2570 4087 2954 4143 communionis
2972 4125 2988 4151 ,
3018 4086 3124 4140 imo
3149 4081 3579 4154 coinquinationis
3597 4090 3688 4148 par-

497 4178 557 4234 in
606 4193 856 4233 eremum
911 4176 1529 4248 incomprehensibilem
1591 4183 1688 4230 aut
1736 4174 2081 4246 inaquosam,
2173 4177 2495 4249 ticipemini,
2521 4178 2682 4232 etiam
2711 4178 2758 4231 si
2809 4176 2952 4232 omni
2981 4177 3087 4230 vita
3113 4185 3288 4230 vestra
3318 4189 3387 4231 ex
3422 4173 3580 4241 aliqua
3610 4168 3684 4222 im-

513 4271 568 4314 et
594 4277 888 4328 pereamus.
912 4264 1048 4328 Quot
1073 4264 1384 4318 ductoribus
1412 4264 1637 4320 fortibus
1665 4274 1718 4320 et
1744 4266 1940 4322 divinis
1978 4281 2071 4322 cu—
2171 4271 2414 4342 pulsione
2464 4269 2550 4324 vel
2605 4268 2928 4324 necessitate
2977 4266 3406 4323 communionem
3456 4259 3685 4318 catholica:

511 4353 748 4406 stodibus
799 4369 932 4421 opus
958 4355 1540 4443 liabenius,,pergentes
1595 4357 1749 4428 longa
1779 4357 1862 4413 via
1892 4358 1990 4415 hac
2017 4370 2073 4417 et
2175 4362 2436 4418 Ecclesim
2479 4375 2584 4416 non
2629 4360 2988 4425 invenientes,
3039 4359 3154 4414 sine
3195 4358 3556 4414 communione
3592 4363 3686 4420 pet-

511 4452 732 4509 mterna,
759 4437 1264 4514 videlicet,"quae'ex
1293 4461 1516 4516 corpore
1542 4459 1625 4502 est
1640 4450 1899 4519 egressio,
1924 4459 1979 4506 et
2003 4450 2069 4504 ad
2174 4453 2499 4512 manseritis.
2533 4452 2590 4508 Si
2621 4451 2763 4509 enim
2783 4493 2799 4519 ,
2829 4451 2942 4517 ait,
2979 4465 3198 4505 uxorem
3241 4448 3556 4517 corporalem
3590 4437 3688 4507 Ιεεῑο

511 4533 706 4588 coelum
760 4534 1040 4591 ascensio?
1070 4537 1161 4591 lla:
1185 4545 1310 4592 sunt
1347 4538 1604 4606 sapientia
1638 4541 1806 4607 plena:
1835 4541 1974 4596 beati
2003 4541 2066 4596 ad
2103 4607 2136 4615 ᾗ
2177 4547 2302 4601 time
2327 4544 2682 4615 possidentes,
2707 4541 2762 4596 in
2789 4541 3004 4611 regione
3026 4539 3200 4606 aliqua
3226 4538 3500 4608 longinqua
3528 4531 3686 4615 abstitit3

511 4638 570 4677 se
592 4631 646 4677 et
672 4623 738 4678 ad
775 4639 960 4680 omnes
1007 4625 1294 4694 doctrinae;
1336 4627 1418 4683 hae
1449 4635 1570 4682 sunt
1596 4629 1708 4699 ejus
1752 4631 2069 4700 quotidianae
2101 4607 2148 4668 ί)
2172 4636 2272 4691 ista
2300 4607 2538 4702 tempore
2564 4607 2730 4687 multo
2753 4607 3056 4692 morantes,
3081 4607 3380 4697 relinquere
3405 4625 3533 4680 hanc
3555 4627 3602 4673 et
3620 4611 3684 4667 alii

514 4729 656 4769 ουτω
678 4723 836 4781 at(lue
867 4718 1254 4777 meditationes.
2171 4726 2405 4796 copularl
2425 4765 2440 4792 ,
2478 4740 2511 4780 a
2547 4723 2657 4778 Deo
2688 4730 2743 4778 et
2770 4721 2976 4790 legibus
3004 4718 3365 4790 prohibemur,
3393 4716 3437 4770 si
3468 4725 3579 4767 vero
3611 4705 3685 4758 hoc

580 4803 708 4860 Car.
750 4804 881 4860 XLI.
914 4835 986 4848 -
1010 4809 1222 4863 Multam
1251 4819 1424 4862 autem
1453 4820 1506 4864 ct
1528 4804 1599 4865 de
1627 4822 1807 4866 sancta
1847 4813 2076 4872 statione
2170 4817 2437 4888 egerimus
2459 4853 2474 4880 ,
2522 4813 2774 4883 punimur
2803 4828 2818 4877 ;
2857 4807 3120 4881 quomodo
3160 4816 3348 4876 putas,
3388 4803 3492 4859 Deo
3521 4811 3602 4870 per
3625 4806 3687 4845 ΐθ·

512 4910 695 4951 curam
723 4894 980 4964 habebat,
1006 4906 1060 4953 et
1083 4899 1490 4955 sollicitudinem
1519 4903 1934 4957 demonstrabat.
1960 4903 2077 4959 Una
2175 4917 2312 4963 ctam
2355 4906 2510 4961 ﬁdem
2551 4911 2606 4960 et
2639 4903 2951 4958 catholicam
2997 4899 3286 4955 Ecclesiam
3335 4889 3617 4964 conjuncti,
3641 4890 3685 4935 Ili

518 4987 659 5042 enim
690 4987 897 5043 dierum
927 4990 1111 5043 volens
1141 4990 1334 5044 multos
1357 5006 1599 5046 resecare
1619 5033 1634 5058 ,
1659 5002 1839 5047 utnon
1863 4996 2077 5061 egrede-
2177 4999 2249 5052 ait
2280 4995 2562 5065 Apostolus
2587 5012 2600 5046 :
2632 4993 2821 5062 Aptavi
2850 5005 2945 5046 vos
2971 4992 3061 5046 uni
3087 4989 3201 5044 viro
3243 4987 3494 5058 virginem
3526 4986 3686 5034 castam

514 5087 701 5133 rentur
728 5090 848 5148 post
873 5079 1186 5139 solutionem
1228 5081 1398 5136 sancti
1438 5083 1704 5150 Evangelii
1732 5083 1799 5137 de
1825 5083 2072 5146 ecclesia,
2177 5087 2430 5143 exhibere
2457 5082 2670 5138 Christo
2701 5083 2768 5154 (ll
2789 5081 2908 5136 Cor.
2931 5080 3013 5152 ιι)
3034 5123 3050 5148 ,
3081 5080 3126 5134 si
3153 5077 3496 5132 orthodoxam
3518 5079 3565 5123 et
3592 5078 3684 5119 san-

514 5177 570 5224 et
605 5171 794 5226 otiosis
834 5170 1169 5228 sermonibus
1211 5186 1306 5239 pro
1349 5172 1589 5225 oratione
1626 5180 1903 5238 vacarent,
1948 5171 2072 5241 quid
2180 5185 2284 5230 tam
2315 5174 2469 5228 fidem
2507 5171 2932 5226 adulteraveritis
2975 5185 3069 5239 per
3112 5168 3524 5223 communionem
3552 5157 3688 5211 hatre-

513 5260 673 5317 fecitl
699 5258 1076 5330 Reliquitmox
1098 5305 1112 5328 ,
1162 5269 1438 5330 postquam
1470 5261 1660 5313 lectum
1710 5270 1791 5315 est
1837 5270 2072 5314 sanctum
2179 5267 2424 5332 ticorum,
2452 5278 2557 5317 non
2584 5261 2638 5316 in
2669 5264 2841 5316 futuro
2871 5259 3067 5314 saeculo
3097 5257 3364 5321 tormenti,
3389 5251 3518 5324 quod
3535 5255 3684 5312 exspo-

485 5353 894 5422 .Evangelium,
922 5353 1202 5409 ecclesiam
1229 5370 1242 5418 ;
1275 5361 1328 5406 et
1357 5353 1468 5419 ipse
1497 5352 1658 5414 exiit,
1691 5361 1746 5405 et
1781 5353 1919 5405 sedit
1956 5367 2076 5406 cum
2179 5362 2288 5408 ctat
2333 5353 2645 5417 haereticos,
2682 5354 2883 5406 erimus
2921 5350 3042 5403 facti
3071 5347 3389 5418 participes?
3415 5334 3684 5399 Communio

516 5443 689 5499 turba.
716 5443 969 5499 Omnibus
1001 5459 1127 5498 vero
1149 5441 1582 5510 obstupentibus,
1607 5440 1737 5495 dixit
1759 5440 1826 5494 ad
1851 5456 1944 5496 eos
1963 5445 2074 5510 jus-
2181 5447 2322 5501 enim
2344 5490 2358 5514 ,
2387 5445 2490 5510 ait,
2522 5445 2642 5499 ideo
2672 5442 2886 5509 dicitur,
2921 5455 2984 5496 eo
3014 5439 3153 5509 quod
3179 5449 3501 5494 communem
3528 5427 3680 5514 faciat.

519 5541 642 5584 tus:
683 5531 888 5599 Filioli,
920 5533 1006 5587 ubi
1036 5547 1197 5598 oves,
1243 5532 1352 5585 illic
1393 5538 1448 5586 et
1488 5541 1683 5598 pastor.
1730 5533 1837 5585 Aut
1883 5531 2075 5586 intrate
2179 5546 2232 5591 et
2276 5511 2451 5590 ﬁrmet
2492 5533 2973 5589 communicantem
3022 5529 3210 5597 quibus
3248 5524 3594 5583 communicat.
3627 5511 3685 5567 Ne

523 5621 698 5688 intro,
726 5633 782 5677 et
811 5624 1166 5693 ingrediemur
1192 5639 1206 5686 ;
1237 5633 1325 5677 aut
1353 5633 1563 5678 manete
1591 5623 1706 5687 hic,
1738 5631 1792 5676 et
1833 5623 1919 5677 hic
1959 5624 2074 5676 ma-
2180 5626 2356 5695 igitur,
2389 5604 2614 5693 quaeso,“
2642 5623 2746 5690 ait,
2783 5636 2816 5678 0
2855 5620 2984 5688 ﬁlii,
3025 5619 3326 5689 hujusmodi
3362 5613 3585 5674 oratoriis
3614 5621 3684 5674 ap-

521 5713 680 5768 nebo.
714 5714 825 5784 Ego
851 5723 1064 5783 propter
1101 5729 1194 5770 vos
1233 5715 1500 5771 descendo
1538 5716 1590 5768 in
1627 5720 1863 5766 sanctam
1906 5712 2073 5765 eccle-
2182 5716 2403 5784 plicetis.

523 5796 689 5871 siam,
721 5805 842 5860 nam
883 5815 1118 5875 poteram
1155 5808 1326 5863 facere
1361 5805 1603 5860 mihimet
1643 5803 1832 5859 missas
1873 5803 1924 5858 in
1964 5803 2075 5872 epis
2253 5805 2380 5860 Car.
2424 5801 2603 5859 XLVI.
2647 5832 2715 5844 ——
2753 5798 2886 5858 Cum
2925 5801 3169 5858 omnibus
3207 5800 3357 5858 bonis
3393 5797 3492 5854 suis
3523 5801 3568 5850 ct
3605 5787 3683 5842 hoc
