3956 6220
302 404 438 463 16ζῦ

1240 401 1400 458 ἮΤΑ
1441 400 1684 458 SANCTI
1721 397 1994 454 JOANNIS
2033 395 2605 454 ELEEMOSYNARII.

3378 406 3516 462 1334

296 524 484 578 beatus
519 519 606 574 hic
643 515 978 586 possidebat,
1017 515 1156 586 quod
1197 515 1215 586 (
1244 525 1301 569 ut
1338 515 1536 570 dictum
1578 523 1661 570 est
1689 515 1710 585 )
1749 529 1853 568 non
1882 513 1933 574 Α
1958 523 2078 566 sunt
2104 527 2250 579 eam,
2280 513 2710 569 abrenuntiautes
2739 513 2969 582 mundo,
3003 529 3123 573 cum
3149 521 3521 590 aspergentes

298 614 683 669 condemnaret
712 610 1007 680 proximum
1029 649 1043 674 ,
1075 623 1172 663 nec
1201 607 1616 662 condemnantes
1656 606 1860 674 recipe-

302 711 403 757 ret.
439 701 623 756 Dicam
655 714 784 756 vero
809 710 862 754 et
892 699 1008 768 ejus
1042 697 1333 752 doctrinam
1374 697 1441 752 de
1477 697 1580 751 hoc
1615 695 1864 751 omnibus

300 797 639 865 proﬁcuam:
697 794 915 848 Iuvenis
970 793 1181 860 quidam
1235 790 1447 858 rapiens
1499 789 1812 844 monacham
1844 829 1860 854 ,

302 887 431 954 fugit
483 883 1022 953 Constantinopolim.
1065 880 1177 935 Hoc
1195 880 1404 938 discens
1444 879 1650 949 justus,
1697 877 1862 933 tristis

302 976 472 1032 factus
507 984 589 1031 est
627 989 796 1042 usque
831 974 895 1026 ad
942 981 1182 1027 mortem.
1220 971 1483 1040 Tempore
1523 983 1651 1023 vero
1688 967 1864 1034 aliquo

303 1074 599 1132 transacto,
630 1064 952 1119 consedente
981 1079 1046 1119 eo
1074 1080 1176 1119 una
1220 1064 1421 1118 dierum
1462 1061 1516 1116 in
1564 1058 1863 1114 honorabili

306 1158 655 1216 cimiliarchio
694 1173 812 1213 cum
851 1157 1164 1226 quibusdam
1202 1156 1444 1217 clericis,
1475 1161 1530 1206 et
1565 1164 1863 1206 sermonem

303 1257 498 1313 animae
525 1255 706 1312 utilem
737 1265 982 1310 movente
1002 1297 1016 1317 ,
1045 1253 1189 1309 venit
1219 1253 1272 1308 in
1302 1253 1531 1306 medium
1571 1257 1625 1304 et
1665 1262 1866 1303 memo-

307 1351 388 1405 ria
416 1352 622 1417 juvenis
651 1347 738 1416 qui
766 1347 1008 1401 ancillam
1039 1345 1130 1400 Dei
1176 1353 1454 1413 rapuerat,
1497 1351 1550 1397 et
1591 1348 1866 1409 coeperunt

309 1440 397 1505 qui
437 1445 622 1492 sancto
658 1436 1003 1491 considebant
1036 1434 1486 1489 anathematizare
1527 1433 1681 1486 talem
1718 1433 1867 1500 juve-
1905 1445 1916 1457 '

308 1543 467 1594 nem,
514 1537 762 1596 tanquam
808 1527 894 1594 qui
935 1525 1066 1580 duas
1115 1527 1319 1579 animas
1353 1524 1684 1594 perdiderat,
1715 1537 1864 1577 suam

307 1620 554 1674 videlicet
587 1626 641 1671 et
669 1616 1106 1672 sanctimonialis.
1134 1614 1469 1684 Compescuit
1492 1627 1616 1679 ergo
1643 1619 1695 1666 et
1724 1625 1869 1666 rese~

314 1711 450 1765 cavit
478 1725 571 1764 eos
597 1709 812 1772 beatus,
845 1707 1026 1762 dicens
1052 1725 1066 1762 :
1095 1705 1172 1761 Ne
1202 1705 1278 1760 sic
1298 1704 1437 1771 ,'lilii
1457 1743 1472 1767 ,
1505 1718 1570 1758 ne
1599 1701 1673 1756 sic
1699 1718 1713 1767 ;
1744 1714 1865 1754 nam

311 1799 588 1854 ostendam
634 1797 786 1852 vobis
832 1802 954 1864 quia
1000 1806 1053 1851 et
1101 1811 1195 1850 vos
1243 1795 1348 1850 duo
1399 1803 1611 1863 peccata
1655 1791 1863 1847 facitis:

303 1852 506 1962 unum,
564 1889 688 1957 quia
743 1852 1177 1956 transgredimini
1230 1852 1532 1940 mandatum
1587 1883 1856 1938 dicentis:
1895 1879 1941 1938 B
2036 1875 2164 1932 Car.
2203 1852 2410 1932 XLVII.
2455 1907 2527 1919 —
2568 1852 2782 1959 Duobus
2819 1852 3028 1933 clericis
3069 1878 3420 1933 calceamenta
3454 1852 3550 1932 [ιιι¹

301 1981 475 2036 Nolite
497 1980 753 2048 judicare,
778 1987 835 2032 ut
860 1994 965 2032 non
991 1975 1298 2046 judiccmini
1321 1974 1530 2046 (Matth.
1557 1976 1647 2043 vit)
1673 1990 1688 2040 ;
1713 1974 1865 2027 dein-

299 2071 368 2126 de
389 2113 404 2137 ,
435 2071 558 2138 quia
588 2069 804 2123 nescitis
833 2068 1030 2122 certius
1059 2067 1105 2122 si
1135 2081 1301 2135 usque
1333 2065 1488 2120 hodie
1530 2069 1783 2134 peccent,
1813 2069 1868 2117 et

302 2176 406 2215 non
435 2159 744 2227 pmuiteant.

370 2249 496 2319 Legi
546 2249 684 2303 enim
727 2251 887 2302 vitam
933 2247 1108 2302 Patris
1153 2247 1352 2316 aliquid
1396 2245 1500 2301 tale
1543 2245 1864 2300 habentem:

301 2341 422 2409 quia
476 2341 529 2395 in
575 2341 790 2395 civitate
830 2341 1057 2408 quadam
1103 2339 1208 2393 duo
1245 2336 1491 2392 monachi
1531 2335 1775 2390 abierunt
1813 2333 1866 2390 in

304 2430 677 2484 ministerium.
712 2430 775 2482 Et
803 2443 921 2481 cum
955 2428 1205 2482 transiret
1234 2443 1371 2482 unus
1402 2441 1495 2494 per
1523 2427 1726 2488 locum,
1760 2425 1870 2480 cla-

304 2519 480 2573 mabat
505 2520 549 2572 ci
581 2531 683 2572 una
712 2518 1018 2583 fornicaria,
1051 2516 1267 2571 dicens:
1299 2517 1453 2570 Salva
1476 2531 1580 2581 me,
1609 2513 1783 2578 Pater,
1809 2521 1868 2568 ut

303 2611 551 2664 Christus
589 2609 945 2662 meretricem.
987 2607 1080 2662 Ille
1113 2621 1242 2662 vero
1283 2607 1553 2660 hominum
1595 2603 1864 2659 confusio-

309 2714 429 2753 nem
497 2699 720 2754 omnino
772 2715 881 2756 non
955 2713 1194 2768 curans,
1314 2697 1446 2752 dixit
1489 2697 1583 2751 ei:
1633 2697 1868 2764 Sequere

305 2803 412 2844 me.
444 2789 506 2842 Et
531 2795 716 2842 tenens
759 2802 877 2842 eam
918 2801 1013 2853 per
1051 2803 1263 2841 manum
1305 2787 1457 2856 ejus,
1495 2787 1622 2841 exiit
1661 2787 1868 2856 publice

305 2876 375 2931 de
399 2877 649 2942 civitate,
690 2876 938 2931 omnibus
977 2875 1374 2945 aspicientibus.
1420 2876 1578 2930 Facta
1620 2885 1702 2930 est
1739 2887 1868 2944 ergo

307 2967 440 3020 fama
487 2968 606 3035 quia
645 2968 808 3021 abbas
854 2967 1059 3036 accepit
1101 2968 1378 3022 mulierem
1423 2967 1670 3021 dontnam
1731 2965 1866 3020 Por-

309 3060 549 3128 phyriam
581 3059 694 3129 (ita
723 3059 864 3113 enim
904 3059 1191 3113 vocabatur
1230 3057 1478 3128 mulier).
1525 3057 1869 3126 Pergentibus

309 3162 440 3218 ergo
469 3149 576 3213 eis,
605 3156 663 3201 ut
688 3148 924 3201 mitteret
953 3163 1068 3202 eam
1111 3148 1162 3202 in
1208 3148 1588 3200 monasterium
1611 3187 1626 3210 ,
1669 3145 1868 3200 invenit

310 3238 502 3292 mulier
531 3238 581 3290 in
611 3252 712 3290 una
736 3220 960 3292 ecclesia
990 3251 1210 3305 puerum
1241 3236 1293 3290 in
1327 3249 1520 3290 terram
1552 3235 1868 3304 projectum,

304 3335 357 3383 et
390 3327 605 3381 sustulit
631 3341 750 3380 eum
782 3335 838 3379 ut
866 3327 1089 3380 nutriret
1120 3325 1290 3380 illum.
1323 3324 1500 3393 Itaque
1531 3333 1650 3392 post
1674 3337 1871 3378 annum

310 3415 520 3483 quidam
548 3423 808 3469 venerunt
839 3414 892 3468 in
921 3413 1142 3483 patriam
1161 3456 1176 3481 ,
1209 3414 1297 3468 ubi
1325 3423 1440 3484 erat
1467 3413 1634 3468 abbas
1661 3421 1714 3466 et
1740 3412 1872 3477 Por-

309 3504 532 3574 phyria,
583 3519 700 3574 qua
747 3504 920 3559 fuerat
966 3506 1033 3558 de
1076 3504 1484 3570 meretricibus;
1526 3513 1580 3556 et
1629 3503 1871 3558 videntes

307 3608 426 3648 eam
457 3593 652 3648 habere
677 3595 952 3662 puerulum
971 3633 986 3658 ,
1016 3595 1198 3647 dicunt
1223 3595 1272 3648 ei
1299 3610 1314 3647 :
1361 3594 1637 3648 Veraciter
1673 3593 1870 3648 bonum

309 3684 487 3737 abbati
519 3683 715 3752 pullum
745 3683 992 3751 genuisti.
1021 3682 1260 3736 Nondum
1286 3683 1427 3738 enim
1453 3693 1694 3737 sanctum
1721 3684 1872 3738 sche-

310 3789 398 3830 ma
425 3782 722 3843 acceperat.
755 3774 954 3828 Euntes
980 3787 1107 3843 ergo
1137 3774 1334 3844 Tyrum
1370 3774 1456 3844 qui
1487 3774 1728 3828 viderant
1754 3789 1870 3828 eam

307 3865 475 3936 (inde
521 3864 661 3919 enim
706 3865 867 3919 abbas
915 3865 1104 3918 tulerat
1144 3863 1364 3933 illam),
1419 3863 1866 3929 dili'amaverunt,

306 3957 428 4024 quia
474 3956 656 4022 genuit
701 3954 766 4009 de
808 3955 998 4009 abbate
1043 3955 1362 4025 I’orphyria,
1411 3963 1464 4010 et
1503 3967 1601 4008 nos
1641 3954 1869 4009 vidimus

309 4043 588 4111 puerulum
615 4044 785 4098 oculis
813 4046 1008 4099 nostris
1037 4045 1355 4120 similantem
1383 4045 1452 4100 ei.
1484 4043 1708 4110 Quando
1736 4058 1865 4113 ergo

307 4134 553 4204 cognovit
577 4150 641 4188 ex
675 4134 784 4188 Deo
825 4135 989 4189 abbas
1029 4135 1230 4190 obitum
1272 4149 1464 4202 suum;
1507 4134 1638 4190 dicit
1683 4149 1872 4214 nonna:

1898 3188 1945 3297 c

309 4224 568 4295 Pelagia,
597 4224 674 4279 sic
701 4225 843 4279 enim
873 4227 1094 4278 mutavit
1122 4240 1314 4280 nomen
1342 4227 1488 4294 ejus,
1521 4225 1731 4296 quando
1760 4234 1900 4282 t'ra-.

308 4316 446 4369 didit
472 4315 522 4369 ei
557 4320 797 4370 sanctum
830 4315 1043 4370 schema
1076 4331 1092 4370 :
1122 4316 1316 4371 Eamus
1354 4317 1552 4388 Tyrum
1572 4357 1588 4382 ,
1631 4317 1750 4387 quia
1773 4317 1900 4370 ha-.

312 4406 414 4461 beo
443 4406 553 4460 illic
579 4419 890 4473 responsum
917 4446 932 4472 ,
963 4415 1015 4459 et
1042 4405 1163 4460 volo
1190 4413 1250 4460 ut
1277 4407 1462 4461 venias
1503 4421 1731 4463 mecum.
1775 4404 1869 4460 Illa

311 4512 438 4551 vero
468 4513 569 4550 non
600 4497 778 4550 valens
805 4497 1169 4552 contradicere
1195 4497 1281 4564 ei,
1313 4507 1492 4553 secuta
1515 4507 1602 4553 est
1625 4513 1746 4554 eum
1775 4514 1788 4552 :
1819 4504 1873 4552 et

311 4694 500 4732 nurum
542 4678 876 4732 existentem.
919 4678 1049 4734 Cum
1094 4695 1220 4748 ergo
1263 4690 1568 4750 aagrotasset
1604 4680 1765 4735 abbas
1813 4680 1866 4735 in

310 4768 614 4822 inﬁmitate
638 4767 702 4821 ad
731 4777 953 4823 mortem
972 4807 990 4836 ,
1015 4771 1364 4825 ascenderunt
1408 4771 1474 4824 ad
1514 4771 1866 4824 visitationem

309 4857 426 4925 ejus
449 4857 516 4911 de
541 4856 752 4912 civitate
782 4874 946 4928 usque
973 4861 1036 4915 ad
1075 4871 1285 4916 centum
1331 4861 1555 4915 animas.
1603 4862 1664 4914 Et
1699 4861 1866 4916 dicit:

309 4946 507 5002 Alferte
548 4963 761 5016 prunas.
793 4949 971 5018 Itaque
999 4966 1115 5005 cum
1147 4953 1374 5006 venisset
1405 4951 1724 5007 thuribulum
1755 4951 1867 5022 (87)

311 5039 524 5108 plenum
566 5041 784 5109 prunis,
820 5043 937 5096 tulit
971 5051 1024 5096 et
1058 5044 1329 5097 evacuavit
1367 5057 1456 5097 eas
1496 5043 1548 5097 in
1588 5045 1869 5097 vestimen-

312 5137 419 5182 tqu
446 5141 618 5197 suum‘,
650 5142 702 5186 et
728 5131 861 5185 dixit
885 5149 897 5185 :
925 5131 1155 5196 Credite,
1184 5133 1392 5199 fratres,
1421 5134 1539 5200 quia
1567 5133 1704 5187 sicut
1733 5133 1870 5187 Deus

316 5222 504 5275 rubum
555 5224 835 5277 custodivit
876 5226 1261 5278 incombustum
1302 5224 1368 5278 ab
1409 5223 1556 5294 igne,
1599 5226 1734 5279 sicut
1775 5237 1870 5278 nec

317 5311 545 5362 tunicam
589 5313 724 5366 hanc
767 5329 937 5369 meam
985 5315 1331 5369 incenderunt
1377 5330 1559 5384 pruna:
1605 5316 1752 5379 istae,
1799 5314 1866 5368 ita

314 5413 418 5453 nec
465 5414 562 5468 ego
609 5403 799 5469 agnovi
851 5413 1120 5471 peccatum
1161 5405 1429 5470 mulieris,
1469 5420 1534 5460 ex
1572 5420 1677 5474 quo
1715 5414 1859 5460 natus

310 5501 452 5542 sum.
485 5492 548 5546 Et
574 5505 759 5548 omnes
787 5495 960 5549 mirati
997 5507 1153 5562 sunt,
1199 5499 1464 5567 quomodo
1503 5515 1607 5553 non
1648 5499 1866 5554 ardebat

311 5581 683 5637 vestimentum
713 5584 779 5639 ab
806 5585 963 5653 igne;
1007 5596 1058 5642 et
1093 5588 1523 5656 glorificaverunt
1564 5589 1727 5643 Deum
1771 5588 1865 5642 ha-

313 5666 526 5726 bentem
551 5675 786 5731 occultos
815 5691 1020 5733 servos.
1053 5678 1128 5733 Ex
1160 5681 1439 5736 occasione
1465 5693 1640 5736 autem
1672 5696 1862 5736 nonnte

313 5759 537 5834 Pelagia:
567 5765 828 5837 quondam
856 5768 1182 5838 meretricis,
1209 5770 1323 5828 alia:
1350 5769 1643 5827 fornicaria:
1668 5778 1862 5828 secutae

1967 603 2019 656 in
2049 605 2426 658 monasterium
2467 605 2599 673 ejus.
2641 603 2839 660 Servus
2877 606 3016 661 enim
3058 605 3153 662 Dei
3197 608 3522 678 monachus,

1962 695 2048 763 qui
2080 697 2379 750 totonderat
2426 710 2580 763 eam,
2621 706 2898 765 postquam
2938 699 3198 754 satisfecit
3238 701 3516 768 omnibus,

1962 787 2176 841 tradidit
2202 788 2309 842 Deo
2337 787 2576 856 spiritum
2607 790 2660 842 in
2693 805 2837 858 pace.
2871 791 3024 858 Ideo,
3055 791 3248 860 inquit,
3281 792 3403 848 dico
3428 783 3524 848 vo-

1961 878 2078 944 bis,
2122 878 2252 945 lilii,
2298 893 2365 933 ne
2405 871 2705 948 praecipites
2742 879 2809 934 ad
2848 881 3250 936 condemnanda
3289 889 3343 936 et
3382 879 3539 950 judi-.

1963 967 2128 1022 cauda
2157 969 2272 1022 sitis
2299 969 2492 1023 aliena.
2527 969 2790 1024 Multoties
2815 972 2957 1025 enim
2989 981 3261 1041 peccatum
3291 969 3522 1027 fornica-

1967 1056 2128 1112 tionis
2157 1058 2416 1125 vidimus,
2456 1058 2822 1127 paenitentiam
2853 1075 2976 1116 vero
3015 1060 3166 1131 ejus,
3207 1075 3364 1129 quam
3405 1062 3527 1117 fecit

1965 1150 2170 1204 occulte
2192 1190 2205 1214 ,
2239 1165 2345 1204 non
2375 1151 2698 1220 aspeximus.
2730 1151 2798 1206 Et
2824 1161 2907 1208 est
2934 1155 3058 1224 quia
3097 1155 3291 1210 furtum
3333 1155 3526 1210 facien-

1966 1249 2069 1295 tem
2112 1240 2390 1310 quemdam
2429 1241 2689 1308 vidimus,
2724 1244 2948 1310 suspiria
2997 1259 3122 1299 vero
3170 1255 3225 1301 et
3264 1247 3526 1316 lacrymas

1965 1345 2096 1400 quas
2125 1332 2375 1401 pgoduxit
2404 1332 2514 1387 Deo
2540 1335 2826 1390 nescimus.
2870 1333 2934 1390 Et
2976 1339 3074 1390 bos
3113 1337 3326 1405 quidem
3366 1337 3528 1392 habe-

1967 1435 2084 1474 mus
2110 1436 2234 1475 eum
2265 1421 2476 1490 qualem
2508 1422 2737 1477 vidimus
2765 1424 2914 1477 illum
2939 1467 2955 1493 ,
2996 1425 3165 1480 furem
3188 1466 3203 1490 ,
3243 1435 3331 1480 aut
3369 1426 3529 1481 forni-

1965 1520 2199 1566 catorem
2219 1551 2235 1576 ,
2268 1519 2360 1565 aut
2387 1511 2656 1581 pcrjurum
2680 1514 2849 1584 ;apud
2875 1513 3041 1570 Deum
3068 1532 3193 1571 vero
3216 1519 3421 1586 recepta
3445 1527 3529 1572 est

1965 1603 2168 1657 occulta
2196 1603 2310 1674 ejus
2334 1601 2600 1658 confessio
2626 1616 2680 1660 et
2707 1605 3018 1674 pmnitentia
3042 1647 3057 1672 ,
3100 1617 3154 1663 et
3192 1617 3276 1664 est
3313 1609 3380 1663 ab
3416 1609 3532 1677 ipso

1967 1697 2257 1766 pretiosus.
2281 1695 2480 1751 Omnes
2504 1695 2664 1768 igitur
2690 1696 3088 1752 admirabantur
3116 1714 3274 1769 super
3295 1701 3531 1757 doctrina

1966 1787 2214 1843 industrii
2241 1787 2471 1856 pastoris
2499 1788 2654 1856 hujus
2680 1796 2838 1858 atque
2867 1790 3120 1857 magistri.

1967 1968 2263 2033 cientibus,
2313 1976 2367 2022 et
2405 1968 2557 2039 juxta
2604 1982 2663 2023 se
2701 1967 3098 2037 laborantibus,
3145 1985 3280 2024 unus
3319 1971 3529 2038 quidem

1969 2057 2199 2113 habebat
2227 2057 2364 2113 filios
2396 2059 2616 2125 multos,
2641 2067 2693 2114 et
2721 2074 2937 2126 uxorem
2955 2098 2972 2124 ,
2999 2067 3052 2114 et
3081 2069 3281 2128 patrem
3300 2099 3313 2119 .
3345 2069 3399 2114 et
3425 2075 3532 2112 ma-

1969 2159 2103 2206 trem
2133 2169 2146 2206 :
2177 2152 2402 2206 vacabat
2435 2153 2560 2206 ver‘o
2588 2151 2830 2207 ecclesia:
2862 2151 2982 2206 sine
3021 2151 3441 2218 intermissione,
3482 2163 3532 2206 et

1968 2232 2152 2300 omnes
2201 2253 2322 2314 post
2362 2243 2527 2298 Deum
2571 2243 2744 2298 alebat
2787 2243 2853 2297 de
2895 2251 3008 2298 arte
3057 2257 3169 2298 sua.
3216 2243 3364 2296 Alter
3407 2257 3534 2296 vero

1969 2335 2208 2404 quamvis
2232 2333 2436 2388 doctior
2461 2341 2603 2389 esset
2629 2333 2754 2398 illo,
2784 2347 2848 2388 eo
2877 2331 3015 2402 quod
3053 2347 3157 2386 non
3198 2342 3533 2399 permaneret

1969 2403 2021 2480 in
2053 2403 2312 2491 Ecclesia,
2356 2425 2450 2479 sed
2486 2425 2644 2480 etiam
2685 2424 2974 2480 Dominicis
3012 2423 3198 2478 diebus
3231 2424 3528 2486 laboraret,

1969 2531 2068 2572 nec
2096 2517 2330 2586 seipsum
2358 2515 2561 2570 tanthm
2591 2516 2795 2569 nutrire
2823 2513 3058 2568 valebat.
3091 2513 3373 2590 .Invidebat
3407 2527 3533 2582 ergo

1970 2608 2071 2661 iste
2098 2607 2272 2660 vicino
2297 2620 2414 2660 suo.
2449 2606 2513 2660 Et
2540 2621 2644 2660 una
2676 2606 2791 2660 vice
2818 2620 2924 2659 non
2954 2603 3214 2659 suﬂ‘erens
3239 2604 3490 2658 invidiam
3515 2645 3530 2668 ,

1969 2699 2098 2754 dicit
2125 2699 2174 2755 ei
2207 2713 2327 2754 cum
2361 2698 2434 2752 ira
2462 2713 2476 2752 :
2512 2697 2663 2753 Unde
2694 2706 2749 2752 tu
2777 2697 2854 2751 sic
2883 2697 3033 2751 dives
3073 2695 3244 2750 factus
3284 2693 3383 2748 es?
3423 2693 3534 2764 Ego

1967 2803 2095 2843 vero
2123 2799 2319 2843 vacans
2349 2787 2468 2857 plus
2498 2787 2600 2842 arti
2629 2801 2763 2842 mea:
2792 2801 2948 2858 quam
2976 2795 3030 2840 tu
3051 2827 3066 2852 ,
3091 2784 3143 2839 in
3169 2793 3533 2855 paupertatem

1968 2879 2175 2934 deveni.
2211 2877 2360 2932 Dicit‘
2373 2893 2499 2933 vero
2527 2878 2611 2941 ei,
2642 2877 2829 2932 volens
2872 2875 3045 2930 facere
3083 2889 3205 2931 eum
3232 2887 3420 2928 vacare
3448 2887 3534 2928 eo-

1970 2969 2186 3022 clesize:
2219 2968 2440 3022 Invenio
2475 2968 2697 3036 pretium
2731 2968 2781 3020 in
2813 2975 2989 3032 terra,
3031 2973 3088 3021 et
3123 2966 3245 3020 inde
3284 2965 3532 3033 paulatim

1969 3059 2121 3114 dives
2151 3059 2322 3113 factus
2350 3073 2466 3112 sum
2490 3075 2504 3124 ;
2536 3048 2628 3111 sed
2652 3057 2697 3112 si
2718 3059 2828 3123 vis,
2849 3071 3057 3126 semper
3081 3070 3212 3111 voco
3238 3064 3316 3122 te,
3341 3066 3395 3110 et
3415 3043 3534 3109 veni

1969 3163 2177 3206 mecum
2199 3166 2214 3215 ;
2236 3158 2289 3204 et
2315 3149 2566 3218 quidquid
2590 3148 2974 3214 invenerimus,
2997 3147 3224 3216 accipies
3239 3147 3534 3201 dimidium.
3583 3209 3595 3218 _

1972 3239 2259 3306 Cum.ergo
2282 3239 2647 3308 acquiesceret
2678 3238 2794 3303 ille,
2826 3246 2880 3291 et
2913 3243 3223 3306 sequeretur
3259 3251 3378 3292 eum
3408 3251 3535 3290 eun-
3562 3247 3568 3254 '

1972 3339 2080 3386 tem
2119 3329 2185 3385 ad
2227 3331 2547 3396 ecclesiam,
2591 3331 2706 3385 sine
2741 3325 3141 3384 intermissione
3182 3327 3453 3406 benedixit
3479 3329 3546 3402 ei,
3590 3364 3601 3374 -

1970 3423 2138 3488 Deus,
2173 3430 2226 3478 et
2252 3423 2470 3483 divitem
2504 3421 2632 3478 fecit
2659 3438 2805 3502 eum.
2836 3421 3149 3477 'I'unc'dixit
3176 3421 3225 3477 ci
3255 3423 3342 3477 ille
3369 3406 3536 3503 bonus
3565 3417 3568 3421 ’
3606 3461 3613 3467 .
3644 3485 3648 3489 ,

1969 3513 2338 3568 consiliarius:
2371 3513 2595 3590 Vidisti,
2630 3511 2815 3579 frater,
2847 3528 3008 3567 unum
3040 3511 3374 3567 mendacium
3418 3509 3542 3590 pro:
3565 3516 3630 3578 ,⁸,
3718 3521 3724 3526 '
3778 3520 3787 3529 '

1969 3591 2091 3672 pter
2121 3605 2286 3658 Deum
2322 3586 2473 3678 (88_)V,
2502 3615 2752 3678 quantum
2781 3603 2975 3674 profuit
3001 3605 3319 3657 animat'luae
3340 3610 3392 3656 et
3414 3586 3542 3654 sub;
3616 3674 3622 3679 ο
3679 3682 3684 3686 ν

1969 3693 2180 3746 stantia:
2213 3693 2354 3746 tuas?
2379 3693 2581 3755 Crede,
2613 3692 2742 3746 nihil
2787 3692 3118 3772 inveniebam
3160 3690 3444 3757 aliquando
3482 3691 3551 3743 in.
3600 3687 3663 3734 κέ

1971 3794 2144 3849 terra,
2172 3793 2231 3839 ut
2254 3783 2526 3838 aestimasti
2557 3783 2720 3852 gratia
2749 3783 2942 3852 pretii;
2981 3782 3073 3836 sed
3114 3774 3364 3854 quoniam
3402 3780 3536 3836 dixit
3619 3801 3628 3806 ·
3677 3775 3688 3786 ’

1972 3872 2226 3929 Dominus
2244 3877 2264 3926 ':
2303 3867 2533 3940 Quaerite
2560 3873 2787 3942 primum
2815 3887 3034 3942 regnum
3072 3873 3162 3929 Dei
3195 3883 3248 3929 et
3275 3873 3532 3944 justitiam

1971 3961 2087 4030 ejus
2106 4004 2120 4029 ,
2166 3972 2222 4019 et
2263 3962 2378 4027 haec
2405 3961 2579 4027 omnia
2607 3961 2925 4030 adjicientur
2955 3962 3103 4018 vobis
3133 3964 3148 4031 (
3177 3961 3380 4022 Matt/1..
3397 3978 3448 4017 vt
3470 3961 3489 4032 )
3515 3980 3531 4029 ζ

1973 4053 2175 4110 idcirco
2222 4052 2558 4114 occasionem
2604 4042 2702 4107 feci
2725 4096 2739 4122 ,
2771 4059 2975 4108 tantum
3005 4063 3066 4109 ut
3105 4053 3412 4109 seducerem
3445 4062 3536 4120 te;

1972 4157 2029 4203 et
2076 4161 2204 4202 ecce
2243 4161 2347 4202 non
2387 4147 2503 4202 sine
2540 4159 2698 4201 causa
2736 4145 3003 4212 laboravi,
3037 4145 3131 4200 sed
3175 4146 3419 4226 invenisti
3442 4189 3455 4208 ,
3486 4157 3537 4202 et

1974 4239 2409 4308 superinvenisti.
2457 4234 2567 4294 Hoc
2615 4238 2776 4309 igitur
2820 4237 3032 4293 discens
3068 4248 3279 4292 sanctus
3316 4237 3537 4306 patriar-

1972 4333 2107 4403 cha,
2142 4333 2275 4398 fecit-
2307 4328 2452 4386 illum
2498 4333 2693 4396 bonum
2735 4329 3096 4385 consiliarium
3139 4329 3536 4401 presbyterum,
3568 4375 3591 4397 ,

1973 4429 2239 4488 tamquam
2271 4421 2486 4489 dignum
2514 4437 2528 4486 ;
2557 4419 2840 4476 erat'enim
2871 4418 3053 4473 lector.

2042 4509 2174 4566 Car.
2202 4509 2430 4566 XLVIII.
2457 4539 2527 4551 —-
2559 4509 2624 4563 Et
2650 4509 2859 4578 quidem
2891 4491 3146 4562 hactenus
3181 4515 3304 4560 ante
3332 4518 3534 4558 memo-

311 4597 570 4642 venerunt
598 4589 754 4641 ambo
777 4628 790 4653 ,
835 4589 1089 4643 habentes
1130 4597 1184 4643 et
1222 4589 1497 4659 puerulum
1535 4600 1736 4659 septem
1774 4603 1868 4644 an-

1977 4609 2122 4658 ratus
2173 4601 2268 4657 Dei
2307 4603 2483 4655 cultor
2532 4577 2781 4666 Mennas,
2828 4600 2918 4668 qui
2963 4597 3136 4652 fuerat
3177 4595 3535 4650 vicedominus
3571 4577 3579 4584 ’

1972 4694 2322 4758 sanctissimae
2363 4693 2603 4749 ecclesia:
2644 4675 3377 4756 Alexandrinornm‘magnre
3404 4687 3534 4738 civi-
3565 4716 3576 4726 ι

1971 4785 2124 4846 tatis,
2170 4783 2438 4838 enarravit
2476 4782 2651 4836 nobis.
2682 4778 2964 4851 Sequentia
2995 4787 3171 4834 autem
3202 4778 3374 4832 vilitas
3416 4791 3533 4836 mea

1972 4875 2214 4945 depinxit
2241 4891 2256 4942 ;
2285 4874 2529 4945 quaedam
2561 4887 2686 4928 vero
2714 4886 2743 4926 a
2773 4870 3082 4942 quibusdam
3112 4910 3126 4936 ,
3158 4869 3348 4938 quibus
3379 4868 3536 4934 digne
3567 4923 3574 4930 ,

1969 4965 2296 5022 credendum
2319 4954 2420 5033 est,
2445 4962 2640 5018 audivi.
2666 4961 2972 5018 Dicentibus
2994 4976 3121 5028 ergo
3146 4959 3298 5013 nobis
3324 4959 3375 5011 in
3403 4973 3537 5026 prae-.-

1972 5058 2133 5115 dictis
2159 5059 2211 5113 in
2241 5057 2471 5128 quodam
2500 5057 2732 5126 capitqu
2761 5055 2782 5128 (
2815 5074 2954 5128 ηιμ,
2976 5072 3023 5110 c.
3050 5055 3108 5109 11
3131 5044 3173 5124 ),
3205 5053 3344 5124 quod
3372 5052 3535 5136 multa
3573 5111 3578 5115 _

1938 5146 2238 5214 ~spirituali
2287 5145 2574 5201 dilectione
2614 5146 2915 5214 patriarcha
2959 5152 3014 5200 et
3059 5143 3540 5210 Nicetapatricius

1970 5236 2036 5289 ad
2075 5237 2304 5290 invicem
2344 5235 2574 5304 colligati
2613 5243 2824 5303 essent,
2865 5235 3080 5304 dignum
3123 5233 3387 5302 indicium
3417 5231 3541 5286 talis.

1969 5326 2312 5382 exhibitionis
2341 5339 2575 5395 praesens
2598 5325 2779 5380 existit
2803 5325 3139 5392 capitulum.‘

2038 5414 2635 5486 Quando,permittente
2658 5414 2768 5472 Deo
2791 5412 2928 5486 (89),
2949 5429 3045 5484 pro
3067 5412 3296 5482 peccatis
3318 5410 3534 5474 nostris,

1968 5504 2203 5560 futurum
2231 5516 2347 5562 erat
2375 5513 2434 5561 ut
2462 5506 2760 5562 traderetur
2773 5491 3108 5562 'Alexandria
3135 5507 3250 5562 sine
3273 5505 3383 5559 Deo
3407 5503 3534 5559 Per.-

1969 5596 2075 5663 sis,
2106 5594 2454 5652 reminiscens
2486 5579 2662 5666 pastor
2686 5597 2950 5652 dicentis:
2981 5597 3112 5651 Cum
3144 5595 3406 5666 persecuti
3435 5607 3531 5647 vos

1967 5687 2162 5740 fuerint
2190 5686 2241 5740 in
2275 5687 2489 5741 civitate
2518 5688 2617 5743 ista
2639 5729 2654 5753 ,
2688 5687 2853 5758 fugite
2880 5687 2932 5743 in
2960 5689 3114 5742 aliam
3159 5688 3178 5741 (
3205 5686 3392 5742 Matth.
3422 5702 3453 5740 κ
3477 5682 3543 5755 ),’

1968 5774 2148 5842 fugam
2195 5775 2425 5846 arripuit
2471 5775 2524 5833 in
2572 5779 2841 5848 propriam
2893 5776 3161 5848 patriam,
3203 5776 3445 5833 videlicet
3481 5774 3537 5829 in
