3956 6220
515 325 655 380 1655

1578 318 1855 376 LEONTII
1895 283 2360 374 Nascetur-th
2403 317 2709 374 EPlSCOPl

3633 319 3648 370 l
3657 317 3736 370 656

519 441 787 510 Cyprum,
837 438 888 490 in
936 437 1202 491 civitatem
1249 448 1422 490 suam.
1471 431 1624 490 Unde
1670 433 1950 486 occasione
1994 444 2084 482 ac-
2115 433 2164 490 Α
2191 428 2499 496 glorificabo
2527 429 2582 499 (1
2610 431 2733 500 Reg.
2767 432 2845 500 ιι).
2894 430 3030 486 Vere
3077 432 3216 487 enim
3254 431 3544 502 magnifice
3569 433 3730 501 gloris-

523 541 676 598 cepta
700 571 715 595 ,
751 528 1002 598 pra-fatus
1031 527 1210 580 Niceta
1240 525 1493 592 patricius
1521 523 1658 576 dixit
1697 521 1760 574 ad
1805 530 2043 574 sanctum
2073 537 2085 570 :

521 621 787 682 Obsecro,
820 619 864 672 si
909 617 1082 671 inveni
1125 613 1348 685 gratiam
1395 623 1518 667 ante
1559 624 1636 674 te,
1684 625 1752 664 ne
1791 609 2090 678 dedigm-ris

525 710 734 780 fatigari
784 723 951 777 usque
999 705 1064 762 ad
1132 705 1329 777 regiam
1396 703 1692 765 civitatem,
1733 709 1786 754 et
1825 699 1958 754 bene
2003 713 2089 754 ac-

524 810 708 869 ceptas
736 813 922 868 preces
965 805 1082 852 tuas
1122 796 1333 850 donare
1365 792 1619 863 piissimis
1659 791 2086 859 imperatoribus.

521 891 614 946 lile
696 901 830 944 vero
901 891 1086 946 multae
1156 887 1284 946 fidei
1355 885 1458 941 viri
1546 883 1920 948 consentiens,
1963 881 2090 936 obe-

529 982 684 1035 dicns
714 983 778 1035 ad
810 983 911 1034 hoc
940 979 1110 1034 factus
1139 989 1220 1034 est
1258 979 1368 1031 Deo
1405 985 1455 1031 et
1496 976 1752 1030 voluntati
1789 975 1936 1042 ejus,
1973 981 2025 1026 et
2059 987 2088 1026 a

523 1086 582 1125 se
613 1072 792 1125 datum
820 1072 1076 1125 honorem
1102 1078 1351 1137 quantum
1376 1076 1489 1121 erat
1513 1066 1652 1121 circa
1679 1066 1888 1120 beatum
1913 1074 2092 1118 osten-

523 1163 651 1218 dere
682 1165 912 1220 volente.
947 1163 1185 1230 Fatigata
1215 1159 1378 1230 igitur
1404 1159 1523 1212 navi
1567 1155 1929 1225 multipliciter
1968 1171 1997 1209 a
2039 1156 2088 1209 vi

527 1262 808 1307 ventorum
831 1295 850 1320 ,
881 1253 935 1307 in
966 1266 1066 1321 qua
1097 1261 1309 1304 sanctus
1336 1264 1454 1303 cum
1499 1249 1719 1317 patricio
1758 1256 1905 1337 era‘t,
1943 1256 1997 1302 et
2036 1247 2087 1301 in

531 1342 853 1409 profundum
885 1340 1139 1396 mittenda
1168 1380 1182 1403 ,
1213 1339 1357 1394 videt
1395 1353 1538 1408 saepe
1565 1348 1891 1393 memoratus
1917 1339 2090 1406 patri-
2120 1383 2122 1388 .

530 1432 676 1494 cius,
708 1440 760 1485 et
787 1430 1072 1498 optimates
1100 1429 1189 1498 qui
1231 1443 1352 1482 cum
1381 1442 1446 1482 eo
1473 1437 1660 1495 erant,
1690 1443 1794 1481 una
1824 1437 2005 1490 nocte,
2036 1427 2088 1480 in

527 1537 632 1594 qua
662 1531 949 1592 tempestas
983 1521 1118 1575 facta
1147 1528 1263 1584 est,
1294 1519 1641 1586 patriarcham
1681 1519 1842 1575 modo
1878 1519 2088 1588 quidem

523 1630 642 1668 cum
688 1611 1005 1683 pauperibus
1059 1625 1156 1680 per
1199 1612 1374 1664 navim
1419 1609 1612 1678 ubique
1659 1609 2090 1663 circumcurren-

523 1711 657 1768 tem,
692 1701 852 1756 modo
879 1710 1054 1755 autem
1082 1703 1270 1756 iterum
1304 1714 1424 1754 cum
1467 1701 1546 1754 eis
1575 1715 1762 1754 manus
1804 1699 1859 1753 in
1896 1699 2088 1754 ctelum

2194 523 2333 576 cavit
2359 533 2599 578 sanctum
2631 523 2790 593 hunc,
2823 525 2910 594 qui
2952 525 3005 579 in
3036 525 3145 580 suis
3171 539 3390 593 semper
3427 524 3576 578 bonis
3603 527 3731 594 glori-

2194 610 2378 666 ﬁcatus
2413 623 2496 668 est
2535 614 2808 669 Dominus.
2846 614 2957 670 Non
3011 615 3149 669 enim
3193 614 3379 668 ferens
3419 614 3606 667 nobilis
3643 614 3728 676 hic,

2193 703 2468 772 temporali
2491 705 2597 758 vita
2621 718 2714 758 sua
2743 706 3120 772 conquiescere
3140 714 3325 778 sancta
3349 712 3407 758 et
3429 705 3582 772 digna
3609 706 3732 757 laude

2190 793 2350 859 bona,
2376 793 2500 862 quid
2530 794 2678 863 egit?
2720 794 3083 860 Xenodochia,
3129 793 3554 862 gerontocomia,
3605 804 3732 862 atque

2191 883 2510 938 monasteria
2540 898 2568 937 a
2598 883 2952 938 fundamentis
2981 884 3273 948 aedificans,
3305 894 3366 938 et
3396 883 3592 937 choros
3631 897 3733 936 sau-

2191 982 2393 1027 ctorum
2447 976 2826 1028 monachorum
2886 982 3158 1038 statuens,
3212 972 3588 1028 incessabilem
3622 986 3733 1025 verat

2184 1063 2402 1132 justitite
2431 1064 2741 1118 memoriam
2771 1063 3026 1130 possidet,
3059 1079 3149 1132 per
3171 1078 3231 1118 ea
3273 1078 3402 1132 quae
3431 1062 3733 1116 celebrantur

2191 1153 2245 1206 in
2267 1153 2345 1208 eis
2375 1152 2510 1207 bona
2531 1167 2714 1223 opera.
2746 1152 2895 1220 Quod
2926 1155 3066 1208 enim
3092 1153 3158 1208 de
3190 1153 3270 1208 his
3297 1153 3396 1222 qui
3421 1152 3557 1206 mala
3581 1161 3729 1219 agunt,

2189 1252 2244 1297 et
2264 1256 2600 1297 successores
2627 1243 2959 1312 propriorum
2996 1243 3252 1296 malorum
3299 1251 3430 1311 post
3460 1251 3667 1295 mortem
3692 1242 3732 1294 in

2197 1335 2304 1386 vita
2336 1330 2435 1386 hac
2461 1332 2787 1402 relinquunt,
2821 1334 2894 1385 ait
2938 1331 3162 1386 Domino
3208 1333 3404 1400 plenus
3438 1329 3729 1400 Apostolus:

2191 1419 2453 1488 Quoniam
2474 1421 2822 1490 quorumdam
2876 1432 3093 1490 peccata
3150 1421 3440 1475 manifesta
3468 1428 3603 1484 sunt,
3627 1435 3730 1487 pra-

2191 1515 2429 1570 cedentia
2457 1514 2522 1568 ad
2539 1515 2826 1583 judicium;
2859 1513 3112 1582 quosdam
3142 1525 3321 1568 autem
3347 1522 3408 1568 et
3436 1513 3730 1580 subsequun-

2191 1615 2296 1660 tur.
2317 1607 2427 1661 lloc
2444 1616 2658 1660 econtra
2681 1603 2795 1677 (95)
2816 1605 2882 1660 de
2903 1611 3001 1660 hoc
3018 1607 3170 1660 beato
3189 1606 3480 1661 dicendum
3499 1615 3575 1660 est
3594 1622 3607 1658 :
3627 1605 3729 1671 Quo-

2192 1697 2332 1750 niam
2355 1696 2699 1767 quorumdam
2713 1699 2930 1766 justitiae
2947 1698 3239 1752 manifestae
3259 1706 3393 1751 sunt
3412 1697 3728 1766 prrcedentes

522 1792 900 1847 cxtendentem
921 1830 937 1857 ,
967 1797 1021 1845 et
1060 1789 1127 1844 ab
1167 1790 1274 1845 alto
1315 1789 1632 1858 adjutorium
1671 1789 2080 1843 abstrahentetn.
2119 1790 2162 1849 Β
2191 1785 2242 1838 in
2286 1801 2507 1855 regnum
2554 1787 2806 1842 caelorum
2836 1786 2890 1859 (ι
2912 1787 3071 1852 Tim.,
3102 1789 3175 1856 v),
3201 1789 3469 1857 quosdam
3516 1797 3669 1840 autem
3691 1795 3726 1841 et

521 1881 758 1949 Cumque
789 1882 840 1934 in
871 1879 1114 1934 Rhodum
1147 1880 1260 1949 (90)
1305 1880 1672 1948 pervenissent
1706 1878 2088 1946 ascendentes,

525 1969 668 2027 videt
692 1968 1096 2038 expergefactus
1126 1982 1154 2020 a
1191 1968 1300 2021 Deo
1329 1977 1549 2022 vocattts
1580 1967 1665 2022 hic
1691 1967 1972 2038 quemdam
2001 1983 2092 2022 eu-

529 2060 759 2113 nuchum
788 2069 1154 2113 coruscantem
1182 2058 1351 2113 forma
1369 2099 1383 2124 ,
1413 2067 1466 2114 et
1505 2073 1723 2113 aureum
1749 2067 2016 2128 sceptrum
2039 2059 2089 2112 in

530 2149 713 2204 dextra
738 2156 1027 2213 tenentem,
1050 2149 1386 2203 assistentem
1404 2148 1501 2203 sibi
1525 2157 1578 2202 et
1603 2148 1864 2202 dicentem
1893 2166 1904 2200 :
1933 2147 2088 2215 Veni,

526 2239 655 2309 juhe
682 2240 829 2310 (91)ι
854 2231 970 2293 R€x
1002 2238 1332 2308 regnantium
1361 2240 1551 2307 quaerit
1581 2249 1652 2295 te.
1679 2239 1815 2294 Nihil
1837 2254 1963 2308 ergo
1987 2248 2096 2295 sta-

525 2332 620 2384 tim
653 2330 952 2399 negligens,
982 2328 1205 2384 advocat
1245 2327 1520 2398 patricium
1563 2328 1795 2384 Nicetam
1817 2370 1832 2396 ,
1875 2340 1930 2385 et
1965 2331 2091 2386 dicit

524 2421 573 2475 ei
602 2433 725 2474 cum
757 2420 940 2474 multis
968 2418 1216 2489 lacrymis
1241 2435 1256 2474 :
1288 2417 1366 2472 Tu
1393 2420 1604 2488 quidem
1625 2463 1640 2486 ,
1683 2435 1715 2474 ο
1744 2421 1957 2476 domine
1979 2460 1994 2488 ,
2023 2423 2088 2476 ad

523 2519 794 2563 terrenum
843 2510 1215 2577 imperatorem
1247 2523 1333 2563 me
1360 2509 1596 2573 vocaSti;
1629 2508 1721 2563 sed
1749 2511 2082 2578 praeveniens

523 2597 791 2664 caelestis,
821 2607 944 2652 ante
977 2599 1191 2652 vocavit
1220 2597 1566 2666 exiguitatem
1597 2613 1787 2652 meam.
1821 2601 1886 2653 Et
1912 2603 2092 2655 retulit

522 2691 571 2744 ei
610 2689 870 2756 eunuchi,
916 2690 1021 2744 imo
1058 2689 1231 2759 angeli
1275 2691 1572 2755 visionem,
1616 2706 1737 2760 quae
1775 2701 2091 2760 apparuerat

524 2782 650 2841 sibi.
695 2781 917 2839 Gavisus
954 2798 1082 2854 ergo
1124 2793 1178 2837 et
1205 2784 1369 2838 tristis
1400 2783 1570 2838 factus
1599 2786 1736 2841 idem
1769 2787 2091 2856 gloriosissi-

528 2889 650 2931 mus
681 2876 778 2941 vir,
808 2874 1069 2944 impedire
1099 2883 1338 2930 sanctum
1370 2888 1474 2930 non
1509 2878 1696 2944 potuit.
1740 2879 1966 2934 Abunde
1996 2880 2091 2948 igi-

523 2978 609 3022 tur
649 2967 848 3022 sanctis
889 2967 1002 3035 ejus
1044 2968 1276 3037 repletus
1314 2968 1678 3035 orationibus,
1719 2978 1774 3024 et
1807 2972 2088 3039 imperato-

523 3057 672 3111 ribus
701 3058 796 3112 has
825 3057 1073 3112 deferens
1097 3099 1116 3127 ,ι
1147 3072 1268 3112 cum
1295 3059 1463 3114 multo
1491 3058 1696 3115 honore
1725 3061 1902 3117 redire
1944 3063 1994 3118 ei
2033 3065 2086 3118 in

522 3145 750 3218 Cyprum
777 3145 952 3214 jussit.

591 3235 720 3288 Car.
759 3233 943 3288 XLIX.
985 3265 1054 3274 —
1093 3235 1414 3292 Adveniente
1453 3251 1580 3306 ergo
1609 3251 1674 3292 eo
1719 3237 1771 3292 in
1817 3223 2086 3308 propriam

525 3327 810 3390 civitatem,
840 3342 960 3398 qua:
987 3325 1304 3383 Amathunta
1328 3331 1442 3400 (9:2)
1471 3331 1778 3397 vocabatur,
1803 3340 2084 3389 testamen-

457 3475 468 3482 ,
525 3430 634 3476 rum
664 3420 931 3490 pr0prium
973 3419 1206 3475 scribere
1246 3420 1352 3474 cito
1380 3420 1636 3475 ministris
1663 3422 1773 3475 suis
1815 3423 2085 3491 praecepit.

517 3510 788 3568 aVelociter
811 3525 938 3566 vero
965 3519 1018 3564 et
1049 3510 1161 3564 sine
1199 3509 1450 3564 dilatione
1479 3509 1716 3564 chartam
1745 3519 1800 3566 et
1828 3511 2086 3566 calamum

523 3602 988 3671 praesentantibus.
1034 3602 1286 3671 praecepit
1331 3613 1539 3654 sacrum
1581 3598 1708 3653 illud
1753 3615 1813 3655 os
1852 3599 2089 3656 scribere

523 3694 639 3749 sic':
679 3711 697 3744 ι
733 3693 964 3748 Joannes
990 3707 1195 3757 servus,
1237 3700 1452 3760 pr0pter
1478 3703 1595 3745 eam
1625 3704 1753 3744 vero
1793 3704 1914 3758 quae
1968 3704 2093 3760 sup-

525 3781 691 3853 posita
714 3783 942 3836 estmihi
972 3782 1253 3837 sacerdotii
1275 3781 1604 3853 dignitatem,
1633 3779 1725 3833 Dei
1745 3781 1910 3849 gratia
1932 3780 2084 3834 liber.

525 3871 738 3926 Gratias
763 3885 881 3940 ago,
916 3872 1074 3938 Deus,
1101 3871 1216 3936 tibi,
1245 3869 1492 3938 quoniam
1521 3869 1788 3924 exaudisti
1819 3870 2086 3924 miseriam

527 3967 720 4027 meam,
775 3971 1044 4031 rogantem
1102 3962 1391 4017 bonitatem
1448 3971 1616 4027 tuam,
1664 3975 1731 4015 ne
1762 3962 2090 4016 inveniretur

524 4053 773 4108 morienti
803 4054 932 4131 mihi
985 4053 1087 4106 nisi
1118 4069 1252 4108 unus
1306 4053 1582 4108 tremissis.
1614 4051 1920 4108 lnveniente
1947 4053 2090 4107 enim

526 4157 612 4197 me
662 4143 715 4196 in
766 4142 1065 4198 honorabili
1117 4143 1386 4210 episcopio
1437 4143 1788 4198 sanctissimae
1837 4143 2090 4198 Ecclesia:

524 4233 1013 4289 Alexandrinorum
1045 4247 1245 4301 magna:
1276 4233 1523 4298 civitatis,
1554 4248 1710 4303 quam
1760 4249 1853 4302 per
1905 4233 2092 4286 indul-

471 4332 490 4349 '
525 4323 756 4388 gentiam
791 4323 882 4378 Dei
913 4324 1144 4392 suscepi,
1175 4323 1384 4392 quando
1415 4323 1468 4376 in
1497 4337 1558 4376 ea
1589 4333 1928 4377 consecratus
1972 4337 2088 4378 sum

523 4415 826 4483 episcopus,
857 4413 1068 4469 circiter
1094 4415 1359 4483 octoginta
1387 4415 1690 4468 centenaria
1719 4415 1858 4480 auri,
1886 4423 1941 4470 et
1969 4430 2087 4484 quae

2192 1877 2602 1947 subsequuntur,
2625 1880 2691 1934 de
2711 1879 2898 1948 quibus
2922 1896 3056 1934 unus
3083 1891 3135 1934 et
3164 1880 3262 1935 iste
3284 1880 3523 1934 exstitit.
3552 1879 3727 1948 thno-

2192 1970 2330 2024 niam
2365 1985 2467 2024 non
2495 1970 2691 2036 fabula,
2717 1986 2888 2040 neque
2917 1972 2980 2025 ad
3007 1971 3230 2040 gratiam
3261 1979 3369 2037 est,
3403 1970 3542 2038 quod
3569 1970 3724 2023 dictum

2189 2069 2416 2127 constat,
2476 2063 2838 2117 testimonium
2891 2063 3044 2116 nobis
3093 2061 3374 2130 perhibeat
3428 2062 3578 2130 plane
3618 2059 3724 2129 quod

2189 2166 2311 2206 mox
2342 2151 2397 2206 in
2432 2152 2664 2222 pretiosa
2718 2152 2834 2221 ejus
2861 2151 3181 2206 dormitione
3208 2157 3424 2220 gestum
3457 2161 3536 2204 est
3581 2148 3722 2218 prodi-

2187 2241 2354 2310 gium.
2389 2241 2652 2296 Tradente
2681 2243 2821 2297 enim
2860 2256 2925 2298 eo
2957 2250 3011 2297 et
3048 2242 3464 2296 commendante
3503 2239 3723 2309 propriam

2189 2333 2423 2385 animam
2445 2333 2496 2386 in
2519 2345 2680 2386 manu
2700 2331 2933 2398 Domini,
2958 2340 3017 2386 ut
3040 2331 3112 2385 ait
3137 2331 3333 2385 alicubi
3359 2345 3509 2384 sacra
3537 2330 3720 2382 Littera:

2188 2420 2456 2477 Justcrum
2500 2422 2690 2476 animae
2731 2423 2795 2477 'in
2829 2437 2988 2476 manu
3032 2422 3125 2476 Dei
3182 2430 3310 2475 sunt
3354 2420 3513 2492 (ευρ.
3562 2419 3651 2486 ιιι),
3684 2425 3721 2470 et

2191 2509 2326 2566 hanc
2354 2512 2404 2566 ei
2435 2520 2490 2565 ut
2514 2512 2832 2567 sacrificium
2863 2511 3188 2567 immolatum
3220 2510 3500 2576 offerente,
3530 2526 3634 2564 cunt
3655 2524 3718 2562 re.

2193 2602 2534 2657 condendum
2563 2612 2706 2657 esset
2730 2603 3043 2658 honorabile
3069 2603 3184 2672 ejus
3203 2616 3409 2670 corpus
3457 2599 3718 2666 honoriﬁce,

2188 2703 2241 2748 et
2269 2707 2386 2747 cum
2411 2709 2645 2764 congruo
2675 2696 3042 2750 sacerdotibus
3073 2697 3173 2748 ritu
3223 2693 3278 2748 in
3327 2695 3550 2763 quodam
3577 2702 3715 2746 orato-

2189 2783 2274 2838 rio
2310 2785 2479 2838 sancti
2533 2785 2909 2840 miraculorum
2966 2785 3179 2840 factoris
3221 2784 3635 2854 Tychonis(9l),
3673 2780 3716 2833 fit

2188 2873 2451 2942 quoddam
2480 2876 2584 2929 tale
2616 2875 2822 2943 signum
2850 2875 3164 2943 gloriosum.

2259 2963 2384 3018 CAP.
2425 2963 2486 3017 L.
2528 2993 2598 3003 —
2633 2963 2886 3019 Jacebant
2912 2965 2963 3018 in
2983 2964 3212 3034 quodam
3240 2964 3468 3030 tumulo,
3492 2964 3572 3019 ubi
3593 2971 3636 3016 et
3647 2961 3712 3030 je-

2189 3063 2302 3109 stus
2331 3054 2416 3108 hic
2444 3057 2777 3124 reponendus
2807 3066 2940 3122 erat,
2971 3057 3193 3112 duorum
3243 3057 3510 3125 quondam
3539 3054 3710 3122 episco-

2112 3147 2159 3208 C
2191 3159 2402 3214 porum,
2429 3145 2518 3216 qui
2557 3157 2682 3202 ante
2723 3147 3067 3212 dormierant,
3113 3155 3296 3200 sancta
3349 3147 3594 3201 veraciter
3616 3156 3706 3194 cor-

2189 3251 2320 3306 pora
2349 3249 2651 3292 sanctorum
2678 3254 2694 3292 :
2723 3254 2840 3308 quae
2867 3247 2922 3292 et
2965 3241 3018 3294 in
3049 3247 3235 3293 natura
3264 3237 3498 3294 exanimi
3536 3233 3702 3290 interitu

2187 3328 2451 3398 degentia,
2486 3337 2734 3398 tanquam
2788 3330 2832 3384 si
2880 3331 2996 3384 viva
3044 3344 3230 3384 revera
3271 3337 3473 3391 essent,
3503 3324 3704 3395 aequalem

2187 3427 2370 3474 sancto
2394 3419 2652 3473 honorem
2686 3419 3002 3474 tribuerunt.
3035 3415 3167 3473 Cum
3214 3417 3358 3473 enim
3390 3419 3519 3472 beati
3556 3423 3703 3481 corpus

2188 3509 2327 3566 inter
2351 3511 2484 3565 duos
2503 3510 2619 3566 illos
2639 3510 3062 3580 componendum
3087 3518 3251 3574 esset,
3275 3509 3582 3564 honorantes
3601 3519 3702 3557 sum

2190 3619 2334 3658 mum
2369 3613 2636 3670 pastorem
2679 3614 2942 3672 pastores,
2989 3610 3043 3658 et
3069 3603 3286 3657 multam
3336 3601 3459 3672 ejus
3507 3593 3698 3650 ﬁduciam

2189 3695 2326 3763 apud
2360 3696 2522 3751 Deum
2547 3705 2880 3762 reverentes,
2912 3695 3068 3750 simul
3091 3704 3144 3750 et
3182 3695 3462 3758 mirantes,
3501 3691 3583 3747 Dei
3617 3687 3700 3757 jus-

2189 3787 2338 3841 sione
2357 3795 2603 3855 tanquam
2626 3786 2729 3840 vivi
2743 3800 2965 3855 corpora
2984 3800 3077 3840 sua
3091 3793 3404 3854 separantes
3418 3781 3542 3853 (95),
3564 3780 3607 3833 in
3621 3790 3700 3829 tne-

2191 3874 2279 3928 dio
2307 3888 2516 3929 sacrum
2563 3873 2705 3930 hunc
2745 3883 3116 3943 susceperunt,
3166 3875 3423 3928 honorem
3464 3867 3517 3926 et
3557 3867 3634 3936 ipsi
3663 3863 3698 3917 ei

2191 3967 2547 4035 praeceptione
2573 3965 2668 4019 Dei
2689 3966 2828 4021 sicut
2857 3979 2887 4020 a
2928 3965 3040 4021 Deo
3069 3965 3329 4020 honorato
3358 3964 3632 4021 oﬂerentes,
3663 3961 3699 4006 et

2191 4058 2435 4112 omnibus
2471 4059 2648 4111 statim
2677 4055 3020 4112 ostendentes
3068 4071 3184 4122 quae
3225 4070 3258 4110 a
3310 4055 3421 4110 Deo
3465 4053 3512 4108 ei
3551 4049 3696 4102 donata

2191 4160 2273 4204 est
2297 4150 2520 4218 gloriam
2546 4158 2704 4218 atque
2743 4148 3144 4204 sublimitatem.
3172 4146 3324 4214 Quod
3372 4144 3631 4199 maximam
3661 4142 3695 4186 et

2192 4240 2633 4312 gloriosissimum
2663 4239 2994 4306 miraculum,
3025 4253 3131 4292 non
3161 4252 3316 4302 unus,
3348 4248 3510 4304 neque
3535 4230 3696 4286 decem.

2193 4346 2366 4400 neque
2405 4341 2616 4385 centum
2656 4330 2925 4396 viderunt,
2952 4329 3044 4384 sed
3071 4329 3244 4382 omnis
3283 4329 3435 4381 turba
3476 4335 3581 4393 quae
3603 4328 3696 4372 con-

2192 4422 2339 4477 venit
2366 4421 2434 4476 ad
2464 4421 2744 4488 pretiosam
2769 4420 2886 4488 ejus
2915 4420 3260 4488 sepulturam.

523 4504 852 4561 intraverunt
900 4505 1026 4559 mihi
1080 4504 1148 4558 ab
1176 4503 1359 4558 amicis
1386 4503 1604 4570 Christi,
1646 4519 1776 4572 pene
1807 4519 2081 4558 numerum
2111 4489 2162 4549 Ῑ)
2258 4508 2386 4563 Cu).
2438 4499 2526 4557 LI.
2557 4506 2806 4562 -Aliud
2865 4513 3048 4561 autem
3103 4506 3222 4576 ejus
3294 4491 3692 4576 gloriosius,quod

527 4596 754 4650 hominis
785 4598 1196 4662 transcendunt;
1229 4598 1278 4650 in
1305 4600 1530 4665 scipsam
1557 4607 1785 4651 mentem
1807 4596 2081 4666 colligens,

524 4692 582 4742 et
607 4677 934 4751 cognoscens
973 4688 1084 4741 haec
1110 4687 1287 4740 omnia
1310 4687 1656 4740 dominatoris
1683 4687 1915 4742 omnium
1945 4701 2082 4752 esse,

525 4775 770 4832 festinavi
799 4791 860 4830 ea
889 4792 1008 4844 quae
1039 4778 1127 4831 Dei
1171 4786 1320 4830 erant
1351 4779 1457 4831 Deo
1488 4778 1634 4831 dare.
1688 4777 1835 4832 Unde
1863 4783 1916 4831 et
1947 4776 2086 4844 quod

529 4869 784 4924 remansit
808 4868 936 4921 mihi
964 4867 1064 4922 hoc
1093 4868 1352 4936 tremisse,
1388 4868 1478 4922 Dei
1507 4878 1562 4921 et
1593 4869 1691 4920 hoc
1722 4867 1978 4936 existens,
1999 4867 2086 4934 ju-

529 4959 627 5012 beo
656 4957 772 5012 dari
799 4957 881 5011 his
910 4959 997 5027 qui
1029 4966 1151 5012 sunt
1182 4958 1294 5010 Dei.
1330 4975 1350 5008 ι
1379 4961 1421 5012 0
1447 4960 1678 5026 gloriosa
1715 4973 1801 5013 res
1825 4959 1838 5010 ε
1869 4972 1901 5011 o
1930 4958 2088 5011 devo-

527 5049 724 5104 tionem
753 5050 918 5104 sancti
951 5051 963 5102 !
996 5050 1109 5104 Non
1141 5047 1384 5113 attendit,
1440 5049 1575 5102 sicut
1597 5047 1896 5113 debuisset,
1943 5048 2086 5114 suis;

534 5139 674 5208 quod
706 5139 905 5193 faciunt
931 5139 1078 5194 multi
1110 5139 1198 5208 qui
1233 5138 1287 5194 in
1316 5138 1512 5191 divitiis
1536 5147 1677 5203 sunt,
1709 5139 1796 5208 qui
1830 5138 1923 5192 Dei
1949 5137 2088 5195 dona

529 5238 619 5282 aut
649 5243 713 5281 ex
744 5228 998 5296 injustitia
1035 5229 1289 5293 collecta,
1323 5235 1569 5294 tanquam
1609 5228 1839 5294 prepria,
1879 5235 1932 5280 et
1977 5236 2089 5279 tan-

529 5332 686 5384 quam
716 5317 760 5371 si
787 5333 846 5372 ea
874 5308 1051 5370 secum
1085 5318 1218 5373 ferre
1249 5326 1484 5384 possunt,
1503 5315 1876 5384 thesaurizant,
1899 5325 1952 5369 et
1982 5330 2087 5368 non

536 5407 678 5476 larg‘e
697 5407 878 5476 egenis
903 5408 1168 5474 praebent;
1198 5406 1290 5461 scd
1321 5405 1405 5460 illa
1434 5405 1703 5476 qurerehat
1736 5421 1852 5476 qua:
1878 5420 2089 5473 semper

538 5507 770 5563 manent,
792 5511 839 5552 et
863 5499 1140 5563 aliquando
1165 5514 1266 5553 non
1288 5499 1612 5556 tninuuntur.
1635 5501 1784 5556 Unde
1806 5504 1922 5556 sine
1941 5516 2088 5554 men-

533 5585 687 5638 dacio
715 5590 1212 5655 repromissionibus
1240 5608 1340 5647 non
1373 5602 1454 5647 est
1479 5593 1766 5660 fraudatus,
1797 5609 1911 5663 quae
1942 5608 2086 5648 asse-

540 5681 738 5743 verant,
772 5691 834 5732 ex
856 5692 1079 5748 persona
1101 5681 1212 5752 Dei,
1244 5684 1491 5754 quoniam
1521 5685 1605 5755 qui
1637 5685 1930 5756 glorificent
1977 5699 2086 5752 me,

2191 4597 2401 4667 quidem
2432 4595 2605 4651 adhuc
2623 4598 2806 4652 vivens
2837 4596 2889 4651 in
2913 4612 3071 4652 carne
3099 4596 3256 4662 coepit
3289 4580 3691 4651 miraculum,seil

2192 4695 2470 4757 postquam
2502 4687 2745 4754 migravit
2773 4689 2838 4741 ad
2865 4688 3050 4754 Deum,
3077 4686 3381 4752 complevit,
3405 4693 3564 4738 sermo
3586 4687 3686 4730 com-

2192 4793 2485 4833 memorare
2511 4777 2751 4832 tentahit.
2775 4779 2961 4833 Mulier
3002 4777 3238 4846 quaedam
3268 4777 3336 4830 de
3377 4790 3436 4830 ea
3478 4784 3578 4841 quze
3598 4778 3691 4819 sati-

2190 4879 2331 4922 ctum
2363 4869 2578 4937 protulit
2621 4869 2836 4922 civitate
2883 4866 3137 4930 existens,
3188 4881 3306 4920 cum
3348 4865 3566 4919 audisset
3603 4865 3690 4907 eum

2192 4961 2403 5014 venisse
2432 4973 2462 5013 a
2491 4959 2677 5014 Rhodo
2710 4957 2848 5029 (96),
2897 4967 2951 5014 et
2987 4959 3227 5027 angelum
3269 4958 3316 5013 ei
3368 4956 3544 5010 ibidem
3570 4958 3688 5014 app-1'

2193 5051 2382 5113 ruisse,
2435 5057 2490 5104 et
2539 5049 2866 5104 vocationem
2898 5051 2962 5104 ad
3013 5063 3346 5103 communem
3379 5043 3620 5100 Dominum
3653 5032 3687 5085 ei

2195 5139 2554 5205 denuntiasse,
2592 5154 2876 5208 peccamen
2927 5139 3298 5209 gravissimum
3329 5141 3378 5192 in
3406 5152 3462 5190 se
3487 5137 3691 5209 recoxit?-
3759 5131 3764 5137 ’

2195 5244 2369 5293 scens,
2396 5231 2536 5300 quod
2582 5207 2680 5286 nec
2702 5229 2911 5285 auditus
2936 5207 3228 5286 hominum
3257 5243 3406 5298 posse
3441 5227 3610 5280 intrare
3628 5207 3688 5264 af-

2195 5323 2460 5389 firmabat,
2503 5322 2659 5378 ﬁdem
2701 5322 3054 5390 inamhiguam
3102 5335 3345 5386 sumens,
3392 5317 3452 5371 ad
3494 5310 3682 5367 sanctum

2194 5415 2390 5468 cursim
2413 5413 2688 5481 pervenit;
2714 5421 2768 5466 et
2788 5412 2949 5480 pedes
2969 5410 3082 5480 ejus
3110 5401 3561 5478 comprehendam,
3593 5400 3682 5445 cum

2195 5501 2442 5571 lacrymis
2471 5501 2650 5555 multis
2678 5501 2959 5564 clamabat,
2989 5510 3041 5554 et
3071 5500 3252 5554 dicens
3284 5505 3479 5553 secreto
3502 5488 3682 5542 sancto:

2197 5595 2496 5659 Peccatum,
2526 5608 2560 5648 ο
2587 5601 2667 5648 ter
2696 5592 2870 5661 beate,
2893 5592 3062 5646 habeo
3087 5593 3301 5657 misera,
3329 5585 3458 5659 quod
3482 5579 3536 5635 ad
3561 5579 3680 5668 aut”

2197 5684 2466 5743 hominum
2520 5683 2699 5741 venire
2750 5697 2855 5738 non
2909 5690 3102 5752 potest,
3152 5691 3205 5738 et
3231 5681 3340 5738 scio
3375 5670 3520 5747 quod.
3544 5664 3582 5722 εί
3608 5664 3679 5722 *³ο
