  <div class='ocr_page' id='page_1' title='image "/cluster/home/n/w/nwhite01/storage/ocr_20150623/93/mdp.39015078384313/836.png"; bbox 0 0 3956 6220; ppageno 0'>
   <div class='ocr_carea' id='block_1_1' title="bbox 310 419 518 478">
    <p class='ocr_par' dir='ltr' id='par_1_1' title="bbox 310 419 518 478">
     <span class='ocr_line' id='line_1_1' title="bbox 310 419 518 478; baseline 0.01 -2"><span class='ocrx_word' id='word_1_1' title='bbox 310 419 444 478; x_wconf 67' lang='lat' dir='ltr'><strong>H357</strong></span> <span class='ocrx_word' id='word_1_2' title='bbox 515 428 518 430; x_wconf 57' lang='grc'>⁷</span> 
     </span>
    </p>
   </div>
   <div class='ocr_carea' id='block_1_2' title="bbox 1262 421 2622 481">
    <p class='ocr_par' dir='ltr' id='par_1_2' title="bbox 1262 421 2622 481">
     <span class='ocr_line' id='line_1_2' title="bbox 1262 421 2622 481; baseline 0.001 -6"><span class='ocrx_word' id='word_1_3' title='bbox 1262 426 1415 480; x_wconf 76' lang='lat' dir='ltr'><strong>VlTA</strong></span> <span class='ocrx_word' id='word_1_4' title='bbox 1461 423 1700 481; x_wconf 69' lang='lat' dir='ltr'><strong>SANCTI</strong></span> <span class='ocrx_word' id='word_1_5' title='bbox 1739 422 2014 478; x_wconf 57' lang='grc' dir='ltr'><strong>ιολκκιδ</strong></span> <span class='ocrx_word' id='word_1_6' title='bbox 2053 421 2622 479; x_wconf 70' lang='lat' dir='ltr'><strong>ELEEMOSYNARH.</strong></span> 
     </span>
    </p>
   </div>
   <div class='ocr_carea' id='block_1_3' title="bbox 3387 417 3522 473">
    <p class='ocr_par' dir='ltr' id='par_1_3' title="bbox 3387 417 3522 473">
     <span class='ocr_line' id='line_1_3' title="bbox 3387 417 3522 473; baseline 0.03 -3"><span class='ocrx_word' id='word_1_7' title='bbox 3387 417 3522 473; x_wconf 61' lang='grc' dir='ltr'><strong>16ῧῖ</strong></span> 
     </span>
    </p>
   </div>
   <div class='ocr_carea' id='block_1_4' title="bbox 302 531 3524 619">
    <p class='ocr_par' dir='ltr' id='par_1_4' title="bbox 302 531 3524 619">
     <span class='ocr_line' id='line_1_4' title="bbox 302 531 3524 619; baseline -0.005 -16"><span class='ocrx_word' id='word_1_8' title='bbox 302 554 455 619; x_wconf 80' lang='lat' dir='ltr'><strong>potes</strong></span> <span class='ocrx_word' id='word_1_9' title='bbox 483 544 532 601; x_wconf 92' lang='lat' dir='ltr'><strong>id</strong></span> <span class='ocrx_word' id='word_1_10' title='bbox 558 541 688 600; x_wconf 82' lang='lat' dir='ltr'><strong>mihi</strong></span> <span class='ocrx_word' id='word_1_11' title='bbox 718 539 1021 608; x_wconf 83' lang='lat' dir='ltr'><strong>indulgere;</strong></span> <span class='ocrx_word' id='word_1_12' title='bbox 1063 537 1195 592; x_wconf 87' lang='lat' dir='ltr'><strong>dixit</strong></span> <span class='ocrx_word' id='word_1_13' title='bbox 1223 539 1364 593; x_wconf 88' lang='lat' dir='ltr'><strong>enim</strong></span> <span class='ocrx_word' id='word_1_14' title='bbox 1392 537 1538 592; x_wconf 84' lang='lat' dir='ltr'><strong>vobis</strong></span> <span class='ocrx_word' id='word_1_15' title='bbox 1570 535 1819 590; x_wconf 82' lang='lat' dir='ltr'><strong>Dominus</strong></span> <span class='ocrx_word' id='word_1_16' title='bbox 1850 553 1860 589; x_wconf 93' lang='lat'>:</span> <span class='ocrx_word' id='word_1_17' title='bbox 1895 537 1943 595; x_wconf 77' lang='grc' dir='ltr'>Α</span> <span class='ocrx_word' id='word_1_18' title='bbox 1969 539 2059 583; x_wconf 83' lang='lat' dir='ltr'><strong>aut</strong></span> <span class='ocrx_word' id='word_1_19' title='bbox 2090 542 2268 598; x_wconf 76' lang='lat' dir='ltr'><strong>petum</strong></span> <span class='ocrx_word' id='word_1_20' title='bbox 2299 531 2514 586; x_wconf 84' lang='lat' dir='ltr'><strong>omnino</strong></span> <span class='ocrx_word' id='word_1_21' title='bbox 2563 546 2666 585; x_wconf 91' lang='lat' dir='ltr'><strong>non</strong></span> <span class='ocrx_word' id='word_1_22' title='bbox 2707 542 2943 601; x_wconf 80' lang='lat' dir='ltr'><strong>gustaris,</strong></span> <span class='ocrx_word' id='word_1_23' title='bbox 2977 534 3126 588; x_wconf 85' lang='lat' dir='ltr'><strong>tertia</strong></span> <span class='ocrx_word' id='word_1_24' title='bbox 3181 543 3356 600; x_wconf 84' lang='lat' dir='ltr'><strong>nocte,</strong></span> <span class='ocrx_word' id='word_1_25' title='bbox 3400 537 3524 590; x_wconf 87' lang='lat' dir='ltr'><strong>dum</strong></span> 
     </span>
    </p>
   </div>
   <div class='ocr_carea' id='block_1_5' title="bbox 303 629 1866 706">
    <p class='ocr_par' dir='ltr' id='par_1_5' title="bbox 303 629 1866 706">
     <span class='ocr_line' id='line_1_5' title="bbox 303 629 1866 706; baseline -0.004 -20"><span class='ocrx_word' id='word_1_26' title='bbox 303 637 562 706; x_wconf 79' lang='lat' dir='ltr'><strong>Quoniam</strong></span> <span class='ocrx_word' id='word_1_27' title='bbox 592 646 918 704; x_wconf 68' lang='lat' dir='ltr'><strong>quaecunque</strong></span> <span class='ocrx_word' id='word_1_28' title='bbox 961 629 1227 685; x_wconf 84' lang='lat' dir='ltr'><strong>solveritis</strong></span> <span class='ocrx_word' id='word_1_29' title='bbox 1263 643 1422 697; x_wconf 86' lang='lat' dir='ltr'><strong>super</strong></span> <span class='ocrx_word' id='word_1_30' title='bbox 1453 637 1665 688; x_wconf 86' lang='lat' dir='ltr'><strong>terram,</strong></span> <span class='ocrx_word' id='word_1_31' title='bbox 1708 636 1866 681; x_wconf 89' lang='lat' dir='ltr'><strong>erunt</strong></span> 
     </span>
    </p>
   </div>
   <div class='ocr_carea' id='block_1_6' title="bbox 305 717 1866 789">
    <p class='ocr_par' dir='ltr' id='par_1_6' title="bbox 305 717 1866 789">
     <span class='ocr_line' id='line_1_6' title="bbox 305 717 1866 789; baseline -0.006 -9"><span class='ocrx_word' id='word_1_32' title='bbox 305 727 498 789; x_wconf 85' lang='lat' dir='ltr'><strong>soluta,</strong></span> <span class='ocrx_word' id='word_1_33' title='bbox 529 731 585 779; x_wconf 88' lang='lat' dir='ltr'><strong>et</strong></span> <span class='ocrx_word' id='word_1_34' title='bbox 611 725 660 777; x_wconf 92' lang='lat' dir='ltr'><strong>iu</strong></span> <span class='ocrx_word' id='word_1_35' title='bbox 692 721 876 785; x_wconf 64' lang='lat' dir='ltr'><strong>caelis;</strong></span> <span class='ocrx_word' id='word_1_36' title='bbox 931 729 984 774; x_wconf 79' lang='lat' dir='ltr'><strong>rt</strong></span> <span class='ocrx_word' id='word_1_37' title='bbox 1027 732 1355 786; x_wconf 68' lang='lat' dir='ltr'><strong>quaecunque</strong></span> <span class='ocrx_word' id='word_1_38' title='bbox 1395 717 1682 785; x_wconf 87' lang='lat' dir='ltr'><strong>ligaveritis</strong></span> <span class='ocrx_word' id='word_1_39' title='bbox 1709 731 1866 783; x_wconf 80' lang='lat' dir='ltr'><strong>super</strong></span> 
     </span>
    </p>
   </div>
   <div class='ocr_carea' id='block_1_7' title="bbox 307 805 1868 880">
    <p class='ocr_par' dir='ltr' id='par_1_7' title="bbox 307 805 1868 880">
     <span class='ocr_line' id='line_1_7' title="bbox 307 805 1868 880; baseline -0.006 -11"><span class='ocrx_word' id='word_1_40' title='bbox 307 826 525 878; x_wconf 77' lang='lat' dir='ltr'><strong>terram,</strong></span> <span class='ocrx_word' id='word_1_41' title='bbox 557 822 717 868; x_wconf 88' lang='lat' dir='ltr'><strong>erunt</strong></span> <span class='ocrx_word' id='word_1_42' title='bbox 767 813 920 880; x_wconf 80' lang='lat' dir='ltr'><strong>ligata</strong></span> <span class='ocrx_word' id='word_1_43' title='bbox 970 820 1024 864; x_wconf 88' lang='lat' dir='ltr'><strong>et</strong></span> <span class='ocrx_word' id='word_1_44' title='bbox 1065 810 1116 863; x_wconf 92' lang='lat' dir='ltr'><strong>in</strong></span> <span class='ocrx_word' id='word_1_45' title='bbox 1159 809 1306 862; x_wconf 74' lang='lat' dir='ltr'><strong>cwlis</strong></span> <span class='ocrx_word' id='word_1_46' title='bbox 1351 807 1562 876; x_wconf 75' lang='lat' dir='ltr'><strong>(Matth.</strong></span> <span class='ocrx_word' id='word_1_47' title='bbox 1605 805 1868 872; x_wconf 87' lang='lat' dir='ltr'><strong>xvnr);et</strong></span> 
     </span>
    </p>
   </div>
   <div class='ocr_carea' id='block_1_8' title="bbox 301 897 1868 975">
    <p class='ocr_par' dir='ltr' id='par_1_8' title="bbox 301 897 1868 975">
     <span class='ocr_line' id='line_1_8' title="bbox 301 897 1868 975; baseline -0.005 -18"><span class='ocrx_word' id='word_1_48' title='bbox 301 921 524 975; x_wconf 89' lang='lat' dir='ltr'><strong>quorum</strong></span> <span class='ocrx_word' id='word_1_49' title='bbox 557 903 869 959; x_wconf 88' lang='lat' dir='ltr'><strong>remiseritis</strong></span> <span class='ocrx_word' id='word_1_50' title='bbox 891 909 1128 968; x_wconf 88' lang='lat' dir='ltr'><strong>peccata,</strong></span> <span class='ocrx_word' id='word_1_51' title='bbox 1158 900 1496 952; x_wconf 87' lang='lat' dir='ltr'><strong>remittuntur</strong></span> <span class='ocrx_word' id='word_1_52' title='bbox 1519 897 1630 963; x_wconf 90' lang='lat' dir='ltr'><strong>eis;</strong></span> <span class='ocrx_word' id='word_1_53' title='bbox 1662 905 1715 952; x_wconf 93' lang='lat' dir='ltr'><strong>et</strong></span> <span class='ocrx_word' id='word_1_54' title='bbox 1736 912 1868 963; x_wconf 85' lang='lat' dir='ltr'><strong>quo-</strong></span> 
     </span>
    </p>
   </div>
   <div class='ocr_carea' id='block_1_9' title="bbox 304 985 1872 1056">
    <p class='ocr_par' dir='ltr' id='par_1_9' title="bbox 304 985 1872 1056">
     <span class='ocr_line' id='line_1_9' title="bbox 304 985 1872 1056; baseline -0.008 -5"><span class='ocrx_word' id='word_1_55' title='bbox 304 1011 423 1052; x_wconf 87' lang='lat' dir='ltr'><strong>rum</strong></span> <span class='ocrx_word' id='word_1_56' title='bbox 455 993 802 1056; x_wconf 88' lang='lat' dir='ltr'><strong>retinueritis,</strong></span> <span class='ocrx_word' id='word_1_57' title='bbox 835 999 1039 1045; x_wconf 91' lang='lat' dir='ltr'><strong>retenta</strong></span> <span class='ocrx_word' id='word_1_58' title='bbox 1069 999 1191 1044; x_wconf 87' lang='lat' dir='ltr'><strong>sunt</strong></span> <span class='ocrx_word' id='word_1_59' title='bbox 1217 988 1398 1052; x_wconf 79' lang='lat' dir='ltr'><strong>(Joan.</strong></span> <span class='ocrx_word' id='word_1_60' title='bbox 1428 987 1543 1055; x_wconf 87' lang='lat' dir='ltr'><strong>xx).</strong></span> <span class='ocrx_word' id='word_1_61' title='bbox 1564 987 1686 1040; x_wconf 68' lang='lat' dir='ltr'><strong>flare</strong></span> <span class='ocrx_word' id='word_1_62' title='bbox 1707 985 1872 1041; x_wconf 92' lang='lat' dir='ltr'><strong>verba</strong></span> 
     </span>
    </p>
   </div>
   <div class='ocr_carea' id='block_1_10' title="bbox 301 1076 1864 1146">
    <p class='ocr_par' dir='ltr' id='par_1_10' title="bbox 301 1076 1864 1146">
     <span class='ocr_line' id='line_1_10' title="bbox 301 1076 1864 1146; baseline -0.005 -6"><span class='ocrx_word' id='word_1_63' title='bbox 301 1085 524 1140; x_wconf 86' lang='lat' dir='ltr'><strong>audiens</strong></span> <span class='ocrx_word' id='word_1_64' title='bbox 553 1100 581 1137; x_wconf 89' lang='lat' dir='ltr'><strong>a</strong></span> <span class='ocrx_word' id='word_1_65' title='bbox 613 1083 836 1137; x_wconf 91' lang='lat' dir='ltr'><strong>muliere</strong></span> <span class='ocrx_word' id='word_1_66' title='bbox 867 1088 1100 1144; x_wconf 91' lang='lat' dir='ltr'><strong>sanctus,</strong></span> <span class='ocrx_word' id='word_1_67' title='bbox 1133 1089 1185 1132; x_wconf 93' lang='lat' dir='ltr'><strong>et</strong></span> <span class='ocrx_word' id='word_1_68' title='bbox 1238 1080 1448 1142; x_wconf 91' lang='lat' dir='ltr'><strong>timens,</strong></span> <span class='ocrx_word' id='word_1_69' title='bbox 1482 1077 1526 1130; x_wconf 93' lang='lat' dir='ltr'><strong>si</strong></span> <span class='ocrx_word' id='word_1_70' title='bbox 1560 1076 1864 1146; x_wconf 89' lang='lat' dir='ltr'><strong>petitionem</strong></span> 
     </span>
    </p>
   </div>
   <div class='ocr_carea' id='block_1_11' title="bbox 302 1153 1867 1243">
    <p class='ocr_par' dir='ltr' id='par_1_11' title="bbox 302 1153 1867 1243">
     <span class='ocr_line' id='line_1_11' title="bbox 302 1153 1867 1243; baseline -0.004 -15"><span class='ocrx_word' id='word_1_71' title='bbox 302 1173 418 1243; x_wconf 83' lang='lat' dir='ltr'><strong>ejus</strong></span> <span class='ocrx_word' id='word_1_72' title='bbox 435 1172 712 1238; x_wconf 74' lang='lat' dir='ltr'><strong>refutaret,</strong></span> <span class='ocrx_word' id='word_1_73' title='bbox 734 1153 926 1225; x_wconf 79' lang='lat' dir='ltr'><strong>udxius</strong></span> <span class='ocrx_word' id='word_1_74' title='bbox 948 1171 1064 1237; x_wconf 84' lang='lat' dir='ltr'><strong>ejus</strong></span> <span class='ocrx_word' id='word_1_75' title='bbox 1079 1170 1323 1223; x_wconf 87' lang='lat' dir='ltr'><strong>tormenti</strong></span> <span class='ocrx_word' id='word_1_76' title='bbox 1349 1169 1517 1236; x_wconf 85' lang='lat' dir='ltr'><strong>ﬁeret,</strong></span> <span class='ocrx_word' id='word_1_77' title='bbox 1537 1167 1661 1222; x_wconf 93' lang='lat' dir='ltr'><strong>dum</strong></span> <span class='ocrx_word' id='word_1_78' title='bbox 1687 1176 1867 1238; x_wconf 88' lang='lat' dir='ltr'><strong>posset</strong></span> 
     </span>
    </p>
   </div>
   <div class='ocr_carea' id='block_1_12' title="bbox 303 1259 1866 1330">
    <p class='ocr_par' dir='ltr' id='par_1_12' title="bbox 303 1259 1866 1330">
     <span class='ocr_line' id='line_1_12' title="bbox 303 1259 1866 1330; baseline -0.003 -12"><span class='ocrx_word' id='word_1_79' title='bbox 303 1264 518 1319; x_wconf 88' lang='lat' dir='ltr'><strong>liberari</strong></span> <span class='ocrx_word' id='word_1_80' title='bbox 543 1278 572 1317; x_wconf 89' lang='lat' dir='ltr'><strong>a</strong></span> <span class='ocrx_word' id='word_1_81' title='bbox 601 1263 809 1330; x_wconf 83' lang='lat' dir='ltr'><strong>proprio</strong></span> <span class='ocrx_word' id='word_1_82' title='bbox 833 1268 1047 1330; x_wconf 89' lang='lat' dir='ltr'><strong>peccato</strong></span> <span class='ocrx_word' id='word_1_83' title='bbox 1099 1274 1193 1327; x_wconf 90' lang='lat' dir='ltr'><strong>per</strong></span> <span class='ocrx_word' id='word_1_84' title='bbox 1225 1259 1382 1313; x_wconf 83' lang='lat' dir='ltr'><strong>ﬁdem</strong></span> <span class='ocrx_word' id='word_1_85' title='bbox 1433 1273 1587 1327; x_wconf 88' lang='lat' dir='ltr'><strong>quam</strong></span> <span class='ocrx_word' id='word_1_86' title='bbox 1639 1259 1866 1314; x_wconf 77' lang='lat' dir='ltr'><strong>habebat</strong></span> 
     </span>
    </p>
   </div>
   <div class='ocr_carea' id='block_1_13' title="bbox 303 1351 1864 1421">
    <p class='ocr_par' dir='ltr' id='par_1_13' title="bbox 303 1351 1864 1421">
     <span class='ocr_line' id='line_1_13' title="bbox 303 1351 1864 1421; baseline -0.002 -12"><span class='ocrx_word' id='word_1_87' title='bbox 303 1355 356 1410; x_wconf 91' lang='lat' dir='ltr'><strong>in</strong></span> <span class='ocrx_word' id='word_1_88' title='bbox 377 1372 522 1420; x_wconf 89' lang='lat' dir='ltr'><strong>eum,</strong></span> <span class='ocrx_word' id='word_1_89' title='bbox 555 1354 682 1409; x_wconf 82' lang='lat' dir='ltr'><strong>dicit</strong></span> <span class='ocrx_word' id='word_1_90' title='bbox 710 1355 774 1409; x_wconf 89' lang='lat' dir='ltr'><strong>ad</strong></span> <span class='ocrx_word' id='word_1_91' title='bbox 801 1369 916 1408; x_wconf 85' lang='lat' dir='ltr'><strong>eam</strong></span> <span class='ocrx_word' id='word_1_92' title='bbox 955 1353 1227 1406; x_wconf 87' lang='lat' dir='ltr'><strong>humiliter</strong></span> <span class='ocrx_word' id='word_1_93' title='bbox 1258 1371 1270 1406; x_wconf 92' lang='lat'><strong>:</strong></span> <span class='ocrx_word' id='word_1_94' title='bbox 1297 1354 1352 1408; x_wconf 88' lang='lat' dir='ltr'><strong>Si</strong></span> <span class='ocrx_word' id='word_1_95' title='bbox 1382 1354 1564 1421; x_wconf 92' lang='lat' dir='ltr'><strong>utique</strong></span> <span class='ocrx_word' id='word_1_96' title='bbox 1605 1351 1799 1420; x_wconf 82' lang='lat' dir='ltr'><strong>credis,</strong></span> <span class='ocrx_word' id='word_1_97' title='bbox 1831 1366 1864 1407; x_wconf 87' lang='grc' dir='ltr'>ο</span> 
     </span>
    </p>
   </div>
   <div class='ocr_carea' id='block_1_14' title="bbox 307 1443 1866 1514">
    <p class='ocr_par' dir='ltr' id='par_1_14' title="bbox 307 1443 1866 1514">
     <span class='ocr_line' id='line_1_14' title="bbox 307 1443 1866 1514; baseline -0.001 -15"><span class='ocrx_word' id='word_1_98' title='bbox 307 1446 517 1509; x_wconf 85' lang='lat' dir='ltr'><strong>mulier,</strong></span> <span class='ocrx_word' id='word_1_99' title='bbox 545 1444 674 1510; x_wconf 90' lang='lat' dir='ltr'><strong>Deo,</strong></span> <span class='ocrx_word' id='word_1_100' title='bbox 697 1444 836 1514; x_wconf 92' lang='lat' dir='ltr'><strong>quod</strong></span> <span class='ocrx_word' id='word_1_101' title='bbox 861 1459 954 1513; x_wconf 88' lang='lat' dir='ltr'><strong>per</strong></span> <span class='ocrx_word' id='word_1_102' title='bbox 979 1443 1341 1497; x_wconf 74' lang='lat' dir='ltr'><strong>infelicitatem</strong></span> <span class='ocrx_word' id='word_1_103' title='bbox 1365 1457 1536 1496; x_wconf 85' lang='lat' dir='ltr'><strong>meam</strong></span> <span class='ocrx_word' id='word_1_104' title='bbox 1566 1444 1866 1512; x_wconf 76' lang='lat' dir='ltr'><strong>ignoscatur</strong></span> 
     </span>
    </p>
   </div>
   <div class='ocr_carea' id='block_1_15' title="bbox 301 1532 1859 1600">
    <p class='ocr_par' dir='ltr' id='par_1_15' title="bbox 301 1532 1859 1600">
     <span class='ocr_line' id='line_1_15' title="bbox 301 1532 1859 1600; baseline -0.001 -12"><span class='ocrx_word' id='word_1_105' title='bbox 301 1536 395 1588; x_wconf 90' lang='lat' dir='ltr'><strong>tibi</strong></span> <span class='ocrx_word' id='word_1_106' title='bbox 415 1536 617 1589; x_wconf 89' lang='lat' dir='ltr'><strong>crimen</strong></span> <span class='ocrx_word' id='word_1_107' title='bbox 637 1534 773 1600; x_wconf 86' lang='lat' dir='ltr'><strong>quod</strong></span> <span class='ocrx_word' id='word_1_108' title='bbox 800 1533 956 1598; x_wconf 85' lang='lat' dir='ltr'><strong>dicis,</strong></span> <span class='ocrx_word' id='word_1_109' title='bbox 978 1533 1233 1587; x_wconf 90' lang='lat' dir='ltr'><strong>conﬁtere</strong></span> <span class='ocrx_word' id='word_1_110' title='bbox 1256 1532 1384 1586; x_wconf 90' lang='lat' dir='ltr'><strong>mihi</strong></span> <span class='ocrx_word' id='word_1_111' title='bbox 1407 1532 1528 1588; x_wconf 89' lang='lat' dir='ltr'><strong>hoc.</strong></span> <span class='ocrx_word' id='word_1_112' title='bbox 1549 1533 1676 1599; x_wconf 65' lang='lat' dir='ltr'><strong>Qua:</strong></span> <span class='ocrx_word' id='word_1_113' title='bbox 1698 1533 1859 1587; x_wconf 83' lang='lat' dir='ltr'><strong>dixit:</strong></span> 
     </span>
    </p>
   </div>
   <div class='ocr_carea' id='block_1_16' title="bbox 299 1623 1866 1693">
    <p class='ocr_par' dir='ltr' id='par_1_16' title="bbox 299 1623 1866 1693">
     <span class='ocr_line' id='line_1_16' title="bbox 299 1623 1866 1693; baseline -0.001 -14"><span class='ocrx_word' id='word_1_114' title='bbox 299 1625 412 1679; x_wconf 78' lang='lat' dir='ltr'><strong>Non</strong></span> <span class='ocrx_word' id='word_1_115' title='bbox 441 1639 676 1693; x_wconf 86' lang='lat' dir='ltr'><strong>possum,</strong></span> <span class='ocrx_word' id='word_1_116' title='bbox 707 1623 940 1688; x_wconf 80' lang='lat' dir='ltr'><strong>domine,</strong></span> <span class='ocrx_word' id='word_1_117' title='bbox 972 1624 1150 1678; x_wconf 85' lang='lat' dir='ltr'><strong>dicere</strong></span> <span class='ocrx_word' id='word_1_118' title='bbox 1194 1623 1268 1686; x_wconf 90' lang='lat' dir='ltr'><strong>id,</strong></span> <span class='ocrx_word' id='word_1_119' title='bbox 1320 1639 1491 1692; x_wconf 91' lang='lat' dir='ltr'><strong>neque</strong></span> <span class='ocrx_word' id='word_1_120' title='bbox 1519 1623 1661 1677; x_wconf 87' lang='lat' dir='ltr'><strong>enim</strong></span> <span class='ocrx_word' id='word_1_121' title='bbox 1694 1632 1866 1691; x_wconf 90' lang='lat' dir='ltr'><strong>potest</strong></span> 
     </span>
    </p>
   </div>
   <div class='ocr_carea' id='block_1_17' title="bbox 297 1712 1862 1782">
    <p class='ocr_par' dir='ltr' id='par_1_17' title="bbox 297 1712 1862 1782">
     <span class='ocr_line' id='line_1_17' title="bbox 297 1712 1862 1782; baseline 0 -14"><span class='ocrx_word' id='word_1_122' title='bbox 297 1716 510 1769; x_wconf 87' lang='lat' dir='ltr'><strong>auditus</strong></span> <span class='ocrx_word' id='word_1_123' title='bbox 542 1715 815 1768; x_wconf 89' lang='lat' dir='ltr'><strong>hominum</strong></span> <span class='ocrx_word' id='word_1_124' title='bbox 842 1712 1227 1782; x_wconf 74' lang='lat' dir='ltr'><strong>portarejllud.</strong></span> <span class='ocrx_word' id='word_1_125' title='bbox 1258 1712 1394 1768; x_wconf 91' lang='lat' dir='ltr'><strong>Dicit</strong></span> <span class='ocrx_word' id='word_1_126' title='bbox 1416 1713 1480 1767; x_wconf 90' lang='lat' dir='ltr'><strong>ad</strong></span> <span class='ocrx_word' id='word_1_127' title='bbox 1525 1729 1640 1767; x_wconf 90' lang='lat' dir='ltr'><strong>eam</strong></span> <span class='ocrx_word' id='word_1_128' title='bbox 1670 1714 1862 1768; x_wconf 88' lang='lat' dir='ltr'><strong>iterum</strong></span> 
     </span>
    </p>
   </div>
   <div class='ocr_carea' id='block_1_18' title="bbox 297 1803 1858 1870">
    <p class='ocr_par' dir='ltr' id='par_1_18' title="bbox 297 1803 1858 1870">
     <span class='ocr_line' id='line_1_18' title="bbox 297 1803 1858 1870; baseline -0.001 -10"><span class='ocrx_word' id='word_1_129' title='bbox 297 1815 552 1860; x_wconf 83' lang='lat' dir='ltr'><strong>sanctus:</strong></span> <span class='ocrx_word' id='word_1_130' title='bbox 588 1805 653 1858; x_wconf 85' lang='lat' dir='ltr'><strong>Et</strong></span> <span class='ocrx_word' id='word_1_131' title='bbox 705 1804 751 1858; x_wconf 91' lang='lat' dir='ltr'><strong>si</strong></span> <span class='ocrx_word' id='word_1_132' title='bbox 783 1803 1073 1869; x_wconf 86' lang='lat' dir='ltr'><strong>erubescis,</strong></span> <span class='ocrx_word' id='word_1_133' title='bbox 1131 1803 1263 1858; x_wconf 83' lang='lat' dir='ltr'><strong>vade</strong></span> <span class='ocrx_word' id='word_1_134' title='bbox 1311 1812 1366 1859; x_wconf 93' lang='lat' dir='ltr'><strong>et</strong></span> <span class='ocrx_word' id='word_1_135' title='bbox 1393 1804 1584 1859; x_wconf 76' lang='lat' dir='ltr'><strong>scribe</strong></span> <span class='ocrx_word' id='word_1_136' title='bbox 1635 1805 1782 1870; x_wconf 89' lang='lat' dir='ltr'><strong>illud,</strong></span> <span class='ocrx_word' id='word_1_137' title='bbox 1815 1807 1858 1860; x_wconf 89' lang='lat' dir='ltr'><strong>si</strong></span> 
     </span>
    </p>
   </div>
   <div class='ocr_carea' id='block_1_19' title="bbox 1968 623 3525 692">
    <p class='ocr_par' dir='ltr' id='par_1_19' title="bbox 1968 623 3525 692">
     <span class='ocr_line' id='line_1_19' title="bbox 1968 623 3525 692; baseline 0.003 -18"><span class='ocrx_word' id='word_1_138' title='bbox 1968 635 2152 674; x_wconf 87' lang='lat' dir='ltr'><strong>rursus</strong></span> <span class='ocrx_word' id='word_1_139' title='bbox 2181 636 2298 676; x_wconf 93' lang='lat' dir='ltr'><strong>cum</strong></span> <span class='ocrx_word' id='word_1_140' title='bbox 2348 623 2596 692; x_wconf 81' lang='lat' dir='ltr'><strong>lacrymis</strong></span> <span class='ocrx_word' id='word_1_141' title='bbox 2623 623 2836 678; x_wconf 88' lang='lat' dir='ltr'><strong>eosdem</strong></span> <span class='ocrx_word' id='word_1_142' title='bbox 2883 625 3044 679; x_wconf 88' lang='lat' dir='ltr'><strong>duros</strong></span> <span class='ocrx_word' id='word_1_143' title='bbox 3073 640 3132 679; x_wconf 79' lang='lat' dir='ltr'><strong>ac</strong></span> <span class='ocrx_word' id='word_1_144' title='bbox 3182 625 3363 680; x_wconf 89' lang='lat' dir='ltr'><strong>ﬁdeles</strong></span> <span class='ocrx_word' id='word_1_145' title='bbox 3413 641 3525 682; x_wconf 82' lang='lat' dir='ltr'><strong>ser--</strong></span> 
     </span>
    </p>
   </div>
   <div class='ocr_carea' id='block_1_20' title="bbox 1964 712 3526 785">
    <p class='ocr_par' dir='ltr' id='par_1_20' title="bbox 1964 712 3526 785">
     <span class='ocr_line' id='line_1_20' title="bbox 1964 712 3526 785; baseline 0.005 -22"><span class='ocrx_word' id='word_1_146' title='bbox 1964 725 2150 764; x_wconf 88' lang='lat' dir='ltr'><strong>mones</strong></span> <span class='ocrx_word' id='word_1_147' title='bbox 2179 712 2484 766; x_wconf 88' lang='lat' dir='ltr'><strong>beatissimo</strong></span> <span class='ocrx_word' id='word_1_148' title='bbox 2505 713 2722 776; x_wconf 85' lang='lat' dir='ltr'><strong>diceret,</strong></span> <span class='ocrx_word' id='word_1_149' title='bbox 2745 728 2870 768; x_wconf 88' lang='lat' dir='ltr'><strong>ecce</strong></span> <span class='ocrx_word' id='word_1_150' title='bbox 2889 715 3060 785; x_wconf 83' lang='lat' dir='ltr'><strong>egred.</strong></span> <span class='ocrx_word' id='word_1_151' title='bbox 3075 723 3157 768; x_wconf 90' lang='lat' dir='ltr'><strong>tur</strong></span> <span class='ocrx_word' id='word_1_152' title='bbox 3183 716 3275 769; x_wconf 88' lang='lat' dir='ltr'><strong>Dei</strong></span> <span class='ocrx_word' id='word_1_153' title='bbox 3302 715 3526 771; x_wconf 83' lang='lat' dir='ltr'><strong>famulus</strong></span> 
     </span>
    </p>
   </div>
   <div class='ocr_carea' id='block_1_21' title="bbox 1965 802 3522 876">
    <p class='ocr_par' dir='ltr' id='par_1_21' title="bbox 1965 802 3522 876">
     <span class='ocr_line' id='line_1_21' title="bbox 1965 802 3522 876; baseline 0.004 -21"><span class='ocrx_word' id='word_1_154' title='bbox 1965 802 2032 857; x_wconf 90' lang='lat' dir='ltr'><strong>de</strong></span> <span class='ocrx_word' id='word_1_155' title='bbox 2064 803 2268 856; x_wconf 89' lang='lat' dir='ltr'><strong>tumulo</strong></span> <span class='ocrx_word' id='word_1_156' title='bbox 2297 816 2417 869; x_wconf 83' lang='lat' dir='ltr'><strong>suo,</strong></span> <span class='ocrx_word' id='word_1_157' title='bbox 2445 804 2690 857; x_wconf 89' lang='lat' dir='ltr'><strong>oculatirn</strong></span> <span class='ocrx_word' id='word_1_158' title='bbox 2725 819 2985 873; x_wconf 75' lang='lat' dir='ltr'><strong>apparens</strong></span> <span class='ocrx_word' id='word_1_159' title='bbox 3024 821 3143 859; x_wconf 89' lang='lat' dir='ltr'><strong>cum</strong></span> <span class='ocrx_word' id='word_1_160' title='bbox 3173 806 3375 861; x_wconf 87' lang='lat' dir='ltr'><strong>duobus</strong></span> <span class='ocrx_word' id='word_1_161' title='bbox 3418 812 3522 876; x_wconf 83' lang='lat' dir='ltr'><strong>epi-</strong></span> 
     </span>
    </p>
   </div>
   <div class='ocr_carea' id='block_1_22' title="bbox 1964 894 3526 964">
    <p class='ocr_par' dir='ltr' id='par_1_22' title="bbox 1964 894 3526 964">
     <span class='ocr_line' id='line_1_22' title="bbox 1964 894 3526 964; baseline 0.004 -18"><span class='ocrx_word' id='word_1_162' title='bbox 1964 896 2160 960; x_wconf 85' lang='lat' dir='ltr'><strong>scopis,</strong></span> <span class='ocrx_word' id='word_1_163' title='bbox 2187 894 2274 962; x_wconf 90' lang='lat' dir='ltr'><strong>qui</strong></span> <span class='ocrx_word' id='word_1_164' title='bbox 2301 908 2422 948; x_wconf 92' lang='lat' dir='ltr'><strong>cum</strong></span> <span class='ocrx_word' id='word_1_165' title='bbox 2443 909 2506 948; x_wconf 90' lang='lat' dir='ltr'><strong>eo</strong></span> <span class='ocrx_word' id='word_1_166' title='bbox 2527 896 2794 964; x_wconf 86' lang='lat' dir='ltr'><strong>jacebant,</strong></span> <span class='ocrx_word' id='word_1_167' title='bbox 2820 913 2925 951; x_wconf 89' lang='lat' dir='ltr'><strong>uno</strong></span> <span class='ocrx_word' id='word_1_168' title='bbox 2950 896 3095 964; x_wconf 88' lang='lat' dir='ltr'><strong>hinc,</strong></span> <span class='ocrx_word' id='word_1_169' title='bbox 3127 910 3178 952; x_wconf 90' lang='lat' dir='ltr'><strong>et</strong></span> <span class='ocrx_word' id='word_1_170' title='bbox 3205 901 3376 953; x_wconf 91' lang='lat' dir='ltr'><strong>altero</strong></span> <span class='ocrx_word' id='word_1_171' title='bbox 3405 900 3526 952; x_wconf 81' lang='lat' dir='ltr'><strong>hinc.</strong></span> 
     </span>
    </p>
   </div>
   <div class='ocr_carea' id='block_1_23' title="bbox 1964 982 3529 1060">
    <p class='ocr_par' dir='ltr' id='par_1_23' title="bbox 1964 982 3529 1060">
     <span class='ocr_line' id='line_1_23' title="bbox 1964 982 3529 1060; baseline 0.004 -23"><span class='ocrx_word' id='word_1_172' title='bbox 1964 982 2309 1051; x_wconf 87' lang='lat' dir='ltr'><strong>aspitantihus</strong></span> <span class='ocrx_word' id='word_1_173' title='bbox 2339 985 2478 1055; x_wconf 82' lang='lat'><strong>(99),</strong></span> <span class='ocrx_word' id='word_1_174' title='bbox 2507 994 2560 1040; x_wconf 91' lang='lat' dir='ltr'><strong>et</strong></span> <span class='ocrx_word' id='word_1_175' title='bbox 2588 987 2716 1041; x_wconf 89' lang='lat' dir='ltr'><strong>dicit</strong></span> <span class='ocrx_word' id='word_1_176' title='bbox 2745 989 2808 1042; x_wconf 88' lang='lat' dir='ltr'><strong>ad</strong></span> <span class='ocrx_word' id='word_1_177' title='bbox 2851 1005 2967 1043; x_wconf 92' lang='lat' dir='ltr'><strong>earn</strong></span> <span class='ocrx_word' id='word_1_178' title='bbox 2994 1008 3005 1042; x_wconf 90' lang='lat'>:</span> <span class='ocrx_word' id='word_1_179' title='bbox 3041 1006 3312 1060; x_wconf 86' lang='lat' dir='ltr'><strong>usquequo</strong></span> <span class='ocrx_word' id='word_1_180' title='bbox 3341 993 3529 1045; x_wconf 82' lang='lat' dir='ltr'><strong>mulier</strong></span> 
     </span>
    </p>
   </div>
   <div class='ocr_carea' id='block_1_24' title="bbox 1965 1074 3529 1150">
    <p class='ocr_par' dir='ltr' id='par_1_24' title="bbox 1965 1074 3529 1150">
     <span class='ocr_line' id='line_1_24' title="bbox 1965 1074 3529 1150; baseline 0.003 -22"><span class='ocrx_word' id='word_1_181' title='bbox 1965 1074 2061 1128; x_wconf 87' lang='lat' dir='ltr'><strong>hos</strong></span> <span class='ocrx_word' id='word_1_182' title='bbox 2089 1075 2177 1144; x_wconf 91' lang='lat' dir='ltr'><strong>qui</strong></span> <span class='ocrx_word' id='word_1_183' title='bbox 2195 1075 2280 1130; x_wconf 90' lang='lat' dir='ltr'><strong>hic</strong></span> <span class='ocrx_word' id='word_1_184' title='bbox 2294 1086 2816 1142; x_wconf 79' lang='lat' dir='ltr'><strong>suntcommoves,et</strong></span> <span class='ocrx_word' id='word_1_185' title='bbox 2835 1097 2935 1134; x_wconf 90' lang='lat' dir='ltr'><strong>non</strong></span> <span class='ocrx_word' id='word_1_186' title='bbox 2962 1082 3178 1135; x_wconf 83' lang='lat' dir='ltr'><strong>dimittis</strong></span> <span class='ocrx_word' id='word_1_187' title='bbox 3195 1098 3286 1135; x_wconf 91' lang='lat' dir='ltr'><strong>eos</strong></span> <span class='ocrx_word' id='word_1_188' title='bbox 3302 1083 3529 1150; x_wconf 64' lang='lat' dir='ltr'><strong>quiesco.</strong></span> 
     </span>
    </p>
   </div>
   <div class='ocr_carea' id='block_1_25' title="bbox 1964 1163 3529 1242">
    <p class='ocr_par' dir='ltr' id='par_1_25' title="bbox 1964 1163 3529 1242">
     <span class='ocr_line' id='line_1_25' title="bbox 1964 1163 3529 1242; baseline 0.006 -24"><span class='ocrx_word' id='word_1_189' title='bbox 1964 1178 2023 1218; x_wconf 86' lang='lat' dir='ltr'><strong>re</strong></span> <span class='ocrx_word' id='word_1_190' title='bbox 2048 1163 2072 1218; x_wconf 74' lang='grc' dir='ltr'>τ</span> <span class='ocrx_word' id='word_1_191' title='bbox 2101 1164 2408 1219; x_wconf 88' lang='lat' dir='ltr'><strong>lnfuderunt</strong></span> <span class='ocrx_word' id='word_1_192' title='bbox 2436 1168 2573 1220; x_wconf 88' lang='lat' dir='ltr'><strong>enim</strong></span> <span class='ocrx_word' id='word_1_193' title='bbox 2606 1168 2766 1220; x_wconf 83' lang='lat' dir='ltr'><strong>stolas</strong></span> <span class='ocrx_word' id='word_1_194' title='bbox 2791 1182 2994 1224; x_wconf 90' lang='lat' dir='ltr'><strong>nostras</strong></span> <span class='ocrx_word' id='word_1_195' title='bbox 3021 1173 3267 1242; x_wconf 80' lang='lat' dir='ltr'><strong>laciyrnac</strong></span> <span class='ocrx_word' id='word_1_196' title='bbox 3297 1185 3418 1226; x_wconf 67' lang='lat' dir='ltr'><strong>tum.</strong></span> <span class='ocrx_word' id='word_1_197' title='bbox 3465 1173 3529 1227; x_wconf 78' lang='lat' dir='ltr'><strong>Et</strong></span> 
     </span>
    </p>
   </div>
   <div class='ocr_carea' id='block_1_26' title="bbox 1969 1253 3525 1326">
    <p class='ocr_par' dir='ltr' id='par_1_26' title="bbox 1969 1253 3525 1326">
     <span class='ocr_line' id='line_1_26' title="bbox 1969 1253 3525 1326; baseline 0.006 -20"><span class='ocrx_word' id='word_1_198' title='bbox 1969 1253 2082 1307; x_wconf 62' lang='lat' dir='ltr'><strong>hare</strong></span> <span class='ocrx_word' id='word_1_199' title='bbox 2111 1253 2320 1320; x_wconf 87' lang='lat' dir='ltr'><strong>dicens,</strong></span> <span class='ocrx_word' id='word_1_200' title='bbox 2351 1255 2440 1309; x_wconf 89' lang='lat' dir='ltr'><strong>dat</strong></span> <span class='ocrx_word' id='word_1_201' title='bbox 2468 1257 2517 1309; x_wconf 92' lang='lat' dir='ltr'><strong>ei</strong></span> <span class='ocrx_word' id='word_1_202' title='bbox 2548 1259 2814 1325; x_wconf 82' lang='lat' dir='ltr'><strong>preprium</strong></span> <span class='ocrx_word' id='word_1_203' title='bbox 2840 1259 3106 1326; x_wconf 83' lang='lat' dir='ltr'><strong>pittacium</strong></span> <span class='ocrx_word' id='word_1_204' title='bbox 3139 1263 3410 1325; x_wconf 85' lang='lat' dir='ltr'><strong>hullatum,</strong></span> <span class='ocrx_word' id='word_1_205' title='bbox 3440 1263 3525 1315; x_wconf 74' lang='lat' dir='ltr'><strong>di-</strong></span> 
     </span>
    </p>
   </div>
   <div class='ocr_carea' id='block_1_27' title="bbox 1963 1345 3586 1421">
    <p class='ocr_par' dir='ltr' id='par_1_27' title="bbox 1963 1345 3586 1421">
     <span class='ocr_line' id='line_1_27' title="bbox 1963 1345 3586 1421; baseline 0.006 -22"><span class='ocrx_word' id='word_1_206' title='bbox 1963 1359 2128 1400; x_wconf 90' lang='lat' dir='ltr'><strong>cens:</strong></span> <span class='ocrx_word' id='word_1_207' title='bbox 2160 1345 2402 1414; x_wconf 90' lang='lat' dir='ltr'><strong>Suscipe,</strong></span> <span class='ocrx_word' id='word_1_208' title='bbox 2429 1351 2762 1417; x_wconf 82' lang='lat' dir='ltr'><strong>recognoscis</strong></span> <span class='ocrx_word' id='word_1_209' title='bbox 2793 1351 2936 1404; x_wconf 84' lang='lat' dir='ltr'><strong>hoc?</strong></span> <span class='ocrx_word' id='word_1_210' title='bbox 2967 1354 3130 1419; x_wconf 90' lang='lat' dir='ltr'><strong>solve,</strong></span> <span class='ocrx_word' id='word_1_211' title='bbox 3155 1355 3348 1421; x_wconf 86' lang='lat' dir='ltr'><strong>aspice.</strong></span> <span class='ocrx_word' id='word_1_212' title='bbox 3386 1355 3448 1408; x_wconf 83' lang='lat' dir='ltr'><strong>Et</strong></span> <span class='ocrx_word' id='word_1_213' title='bbox 3474 1356 3524 1408; x_wconf 91' lang='lat' dir='ltr'><strong>in</strong></span> <span class='ocrx_word' id='word_1_214' title='bbox 3577 1407 3586 1414; x_wconf 74' lang='grc'><em>,</em></span> 
     </span>
    </p>
   </div>
   <div class='ocr_carea' id='block_1_28' title="bbox 1963 1437 3525 1504">
    <p class='ocr_par' dir='ltr' id='par_1_28' title="bbox 1963 1437 3525 1504">
     <span class='ocr_line' id='line_1_28' title="bbox 1963 1437 3525 1504; baseline 0.004 -14"><span class='ocrx_word' id='word_1_215' title='bbox 1963 1437 2190 1504; x_wconf 88' lang='lat' dir='ltr'><strong>seipsam</strong></span> <span class='ocrx_word' id='word_1_216' title='bbox 2214 1453 2279 1491; x_wconf 87' lang='lat' dir='ltr'><strong>ex</strong></span> <span class='ocrx_word' id='word_1_217' title='bbox 2305 1437 2504 1491; x_wconf 83' lang='lat' dir='ltr'><strong>visione</strong></span> <span class='ocrx_word' id='word_1_218' title='bbox 2537 1441 2774 1503; x_wconf 80' lang='lat' dir='ltr'><strong>veniens,</strong></span> <span class='ocrx_word' id='word_1_219' title='bbox 2816 1443 2945 1495; x_wconf 88' lang='lat' dir='ltr'><strong>vidit</strong></span> <span class='ocrx_word' id='word_1_220' title='bbox 2980 1445 3164 1496; x_wconf 89' lang='lat' dir='ltr'><strong>iterum</strong></span> <span class='ocrx_word' id='word_1_221' title='bbox 3191 1455 3399 1497; x_wconf 85' lang='lat' dir='ltr'><strong>sanctos</strong></span> <span class='ocrx_word' id='word_1_222' title='bbox 3445 1445 3525 1498; x_wconf 87' lang='lat' dir='ltr'><strong>in-</strong></span> 
     </span>
    </p>
   </div>
   <div class='ocr_carea' id='block_1_29' title="bbox 1962 1519 3523 1599">
    <p class='ocr_par' dir='ltr' id='par_1_29' title="bbox 1962 1519 3523 1599">
     <span class='ocr_line' id='line_1_29' title="bbox 1962 1519 3523 1599; baseline 0.008 -20"><span class='ocrx_word' id='word_1_223' title='bbox 1962 1519 2267 1596; x_wconf 82' lang='lat' dir='ltr'><strong>gredientes</strong></span> <span class='ocrx_word' id='word_1_224' title='bbox 2295 1530 2344 1580; x_wconf 92' lang='lat' dir='ltr'><strong>in</strong></span> <span class='ocrx_word' id='word_1_225' title='bbox 2396 1529 2662 1597; x_wconf 91' lang='lat' dir='ltr'><strong>proprium</strong></span> <span class='ocrx_word' id='word_1_226' title='bbox 2715 1531 2924 1596; x_wconf 89' lang='lat' dir='ltr'><strong>locum;</strong></span> <span class='ocrx_word' id='word_1_227' title='bbox 2969 1543 3021 1586; x_wconf 92' lang='lat' dir='ltr'><strong>et</strong></span> <span class='ocrx_word' id='word_1_228' title='bbox 3049 1536 3282 1599; x_wconf 83' lang='lat' dir='ltr'><strong>solvens,</strong></span> <span class='ocrx_word' id='word_1_229' title='bbox 3325 1535 3523 1592; x_wconf 79' lang='lat' dir='ltr'><strong>invenit</strong></span> 
     </span>
    </p>
   </div>
   <div class='ocr_carea' id='block_1_30' title="bbox 1963 1615 3521 1688">
    <p class='ocr_par' dir='ltr' id='par_1_30' title="bbox 1963 1615 3521 1688">
     <span class='ocr_line' id='line_1_30' title="bbox 1963 1615 3521 1688; baseline 0.005 -16"><span class='ocrx_word' id='word_1_230' title='bbox 1963 1615 2167 1673; x_wconf 86' lang='lat' dir='ltr'><strong>litteras</strong></span> <span class='ocrx_word' id='word_1_231' title='bbox 2195 1634 2315 1673; x_wconf 90' lang='lat' dir='ltr'><strong>suas</strong></span> <span class='ocrx_word' id='word_1_232' title='bbox 2341 1620 2560 1683; x_wconf 90' lang='lat' dir='ltr'><strong>deletas,</strong></span> <span class='ocrx_word' id='word_1_233' title='bbox 2593 1629 2645 1673; x_wconf 92' lang='lat' dir='ltr'><strong>et</strong></span> <span class='ocrx_word' id='word_1_234' title='bbox 2674 1623 3110 1688; x_wconf 89' lang='lat' dir='ltr'><strong>subscriptionem</strong></span> <span class='ocrx_word' id='word_1_235' title='bbox 3142 1625 3241 1677; x_wconf 89' lang='lat' dir='ltr'><strong>sub</strong></span> <span class='ocrx_word' id='word_1_236' title='bbox 3281 1626 3380 1688; x_wconf 89' lang='lat' dir='ltr'><strong>eis,</strong></span> <span class='ocrx_word' id='word_1_237' title='bbox 3430 1627 3521 1680; x_wconf 86' lang='lat' dir='ltr'><strong>ha-</strong></span> 
     </span>
    </p>
   </div>
   <div class='ocr_carea' id='block_1_31' title="bbox 1962 1708 3523 1778">
    <p class='ocr_par' dir='ltr' id='par_1_31' title="bbox 1962 1708 3523 1778">
     <span class='ocr_line' id='line_1_31' title="bbox 1962 1708 3523 1778; baseline 0.003 -15"><span class='ocrx_word' id='word_1_238' title='bbox 1962 1708 2170 1763; x_wconf 86' lang='lat' dir='ltr'><strong>bentem</strong></span> <span class='ocrx_word' id='word_1_239' title='bbox 2197 1709 2271 1762; x_wconf 88' lang='lat' dir='ltr'><strong>sic</strong></span> <span class='ocrx_word' id='word_1_240' title='bbox 2299 1726 2310 1760; x_wconf 91' lang='lat'><strong>:</strong></span> <span class='ocrx_word' id='word_1_241' title='bbox 2355 1708 2574 1778; x_wconf 78' lang='lat' dir='ltr'><strong>Propter</strong></span> <span class='ocrx_word' id='word_1_242' title='bbox 2591 1709 2840 1763; x_wconf 80' lang='lat' dir='ltr'><strong>Joannem</strong></span> <span class='ocrx_word' id='word_1_243' title='bbox 2865 1727 3060 1764; x_wconf 86' lang='lat' dir='ltr'><strong>servum</strong></span> <span class='ocrx_word' id='word_1_244' title='bbox 3091 1729 3274 1776; x_wconf 87' lang='lat' dir='ltr'><strong>meum,</strong></span> <span class='ocrx_word' id='word_1_245' title='bbox 3305 1714 3523 1768; x_wconf 87' lang='lat' dir='ltr'><strong>deletum</strong></span> 
     </span>
    </p>
   </div>
   <div class='ocr_carea' id='block_1_32' title="bbox 1961 1801 3519 1872">
    <p class='ocr_par' dir='ltr' id='par_1_32' title="bbox 1961 1801 3519 1872">
     <span class='ocr_line' id='line_1_32' title="bbox 1961 1801 3519 1872; baseline 0.001 -20"><span class='ocrx_word' id='word_1_246' title='bbox 1961 1809 2034 1852; x_wconf 84' lang='lat' dir='ltr'><strong>est</strong></span> <span class='ocrx_word' id='word_1_247' title='bbox 2065 1809 2322 1867; x_wconf 72' lang='lat' dir='ltr'><strong>per-catum</strong></span> <span class='ocrx_word' id='word_1_248' title='bbox 2351 1809 2509 1853; x_wconf 83' lang='lat' dir='ltr'><strong>tuum.</strong></span> <span class='ocrx_word' id='word_1_249' title='bbox 2540 1801 2668 1866; x_wconf 84' lang='lat' dir='ltr'><strong>Quis</strong></span> <span class='ocrx_word' id='word_1_250' title='bbox 2710 1801 2953 1870; x_wconf 79' lang='lat' dir='ltr'><strong>loquetur</strong></span> <span class='ocrx_word' id='word_1_251' title='bbox 3001 1804 3263 1872; x_wconf 85' lang='lat' dir='ltr'><strong>potentias</strong></span> <span class='ocrx_word' id='word_1_252' title='bbox 3294 1804 3519 1871; x_wconf 82' lang='lat' dir='ltr'><strong>Domini,</strong></span> 
     </span>
    </p>
   </div>
   <div class='ocr_carea' id='block_1_33' title="bbox 299 1884 3520 1965">
    <p class='ocr_par' dir='ltr' id='par_1_33' title="bbox 299 1884 3520 1965">
     <span class='ocr_line' id='line_1_33' title="bbox 299 1884 3520 1965; baseline 0.001 -20"><span class='ocrx_word' id='word_1_253' title='bbox 299 1897 436 1951; x_wconf 82' lang='lat' dir='ltr'><strong>nosti</strong></span> <span class='ocrx_word' id='word_1_254' title='bbox 481 1898 705 1959; x_wconf 87' lang='lat' dir='ltr'><strong>litteras,</strong></span> <span class='ocrx_word' id='word_1_255' title='bbox 753 1904 808 1950; x_wconf 89' lang='lat' dir='ltr'><strong>et</strong></span> <span class='ocrx_word' id='word_1_256' title='bbox 851 1895 930 1949; x_wconf 85' lang='lat' dir='ltr'><strong>fer</strong></span> <span class='ocrx_word' id='word_1_257' title='bbox 979 1895 1128 1950; x_wconf 88' lang='lat' dir='ltr'><strong>mihi.</strong></span> <span class='ocrx_word' id='word_1_258' title='bbox 1162 1893 1250 1948; x_wconf 92' lang='lat' dir='ltr'><strong>Illa</strong></span> <span class='ocrx_word' id='word_1_259' title='bbox 1306 1896 1496 1950; x_wconf 90' lang='lat' dir='ltr'><strong>iterum</strong></span> <span class='ocrx_word' id='word_1_260' title='bbox 1545 1899 1810 1965; x_wconf 81' lang='lat' dir='ltr'><strong>respondit</strong></span> <span class='ocrx_word' id='word_1_261' title='bbox 1843 1913 1857 1950; x_wconf 85' lang='lat'><strong>:</strong></span> <span class='ocrx_word' id='word_1_262' title='bbox 1893 1884 1936 1943; x_wconf 89' lang='grc' dir='ltr'><strong>Β</strong></span> <span class='ocrx_word' id='word_1_263' title='bbox 1963 1905 1995 1944; x_wconf 90' lang='lat' dir='ltr'><strong>o</strong></span> <span class='ocrx_word' id='word_1_264' title='bbox 2019 1891 2171 1944; x_wconf 83' lang='lat' dir='ltr'><strong>amici</strong></span> <span class='ocrx_word' id='word_1_265' title='bbox 2201 1899 2254 1945; x_wconf 94' lang='lat' dir='ltr'><strong>et</strong></span> <span class='ocrx_word' id='word_1_266' title='bbox 2285 1891 2512 1946; x_wconf 76' lang='lat' dir='ltr'><strong>fratres?</strong></span> <span class='ocrx_word' id='word_1_267' title='bbox 2563 1894 2658 1958; x_wconf 84' lang='lat' dir='ltr'><strong>Qui</strong></span> <span class='ocrx_word' id='word_1_268' title='bbox 2689 1895 2758 1946; x_wconf 87' lang='lat' dir='ltr'><strong>ita</strong></span> <span class='ocrx_word' id='word_1_269' title='bbox 2789 1894 3089 1948; x_wconf 87' lang='lat' dir='ltr'><strong>misericors</strong></span> <span class='ocrx_word' id='word_1_270' title='bbox 3119 1887 3396 1948; x_wconf 84' lang='lat' dir='ltr'><strong>etamator</strong></span> <span class='ocrx_word' id='word_1_271' title='bbox 3427 1896 3520 1949; x_wconf 85' lang='lat' dir='ltr'><strong>ho-</strong></span> 
     </span>
    </p>
   </div>
   <div class='ocr_carea' id='block_1_34' title="bbox 301 1985 1856 2054">
    <p class='ocr_par' dir='ltr' id='par_1_34' title="bbox 301 1985 1856 2054">
     <span class='ocr_line' id='line_1_34' title="bbox 301 1985 1856 2054; baseline 0.001 -14"><span class='ocrx_word' id='word_1_272' title='bbox 301 1985 459 2051; x_wconf 79' lang='lat' dir='ltr'><strong>Vere,</strong></span> <span class='ocrx_word' id='word_1_273' title='bbox 489 1986 722 2051; x_wconf 88' lang='lat' dir='ltr'><strong>domine,</strong></span> <span class='ocrx_word' id='word_1_274' title='bbox 757 2001 861 2038; x_wconf 90' lang='lat' dir='ltr'><strong>non</strong></span> <span class='ocrx_word' id='word_1_275' title='bbox 893 2000 1129 2053; x_wconf 90' lang='lat' dir='ltr'><strong>possum.</strong></span> <span class='ocrx_word' id='word_1_276' title='bbox 1161 1985 1485 2051; x_wconf 85' lang='lat' dir='ltr'><strong>Exspectans</strong></span> <span class='ocrx_word' id='word_1_277' title='bbox 1521 2001 1650 2054; x_wconf 86' lang='lat' dir='ltr'><strong>ergo</strong></span> <span class='ocrx_word' id='word_1_278' title='bbox 1687 1987 1856 2041; x_wconf 83' lang='lat' dir='ltr'><strong>modi-</strong></span> 
     </span>
    </p>
   </div>
   <div class='ocr_carea' id='block_1_35' title="bbox 300 2074 1862 2144">
    <p class='ocr_par' dir='ltr' id='par_1_35' title="bbox 300 2074 1862 2144">
     <span class='ocr_line' id='line_1_35' title="bbox 300 2074 1862 2144; baseline 0.002 -15"><span class='ocrx_word' id='word_1_279' title='bbox 300 2090 418 2129; x_wconf 87' lang='lat' dir='ltr'><strong>cum</strong></span> <span class='ocrx_word' id='word_1_280' title='bbox 442 2075 566 2144; x_wconf 91' lang='lat' dir='ltr'><strong>quid</strong></span> <span class='ocrx_word' id='word_1_281' title='bbox 597 2086 796 2139; x_wconf 88' lang='lat' dir='ltr'><strong>tacens,</strong></span> <span class='ocrx_word' id='word_1_282' title='bbox 827 2075 954 2128; x_wconf 88' lang='lat' dir='ltr'><strong>dixit</strong></span> <span class='ocrx_word' id='word_1_283' title='bbox 985 2075 1031 2127; x_wconf 89' lang='lat' dir='ltr'><strong>ei</strong></span> <span class='ocrx_word' id='word_1_284' title='bbox 1058 2094 1072 2128; x_wconf 87' lang='lat'><strong>:</strong></span> <span class='ocrx_word' id='word_1_285' title='bbox 1100 2074 1212 2128; x_wconf 83' lang='lat' dir='ltr'><strong>Non</strong></span> <span class='ocrx_word' id='word_1_286' title='bbox 1246 2084 1388 2142; x_wconf 86' lang='lat' dir='ltr'><strong>potes</strong></span> <span class='ocrx_word' id='word_1_287' title='bbox 1411 2077 1643 2130; x_wconf 76' lang='lat' dir='ltr'><strong>scribere</strong></span> <span class='ocrx_word' id='word_1_288' title='bbox 1669 2086 1723 2130; x_wconf 92' lang='lat' dir='ltr'><strong>et</strong></span> <span class='ocrx_word' id='word_1_289' title='bbox 1747 2077 1862 2132; x_wconf 88' lang='lat' dir='ltr'><strong>buf-</strong></span> 
     </span>
    </p>
   </div>
   <div class='ocr_carea' id='block_1_36' title="bbox 298 2165 1858 2231">
    <p class='ocr_par' dir='ltr' id='par_1_36' title="bbox 298 2165 1858 2231">
     <span class='ocr_line' id='line_1_36' title="bbox 298 2165 1858 2231; baseline 0 -11"><span class='ocrx_word' id='word_1_290' title='bbox 298 2167 427 2230; x_wconf 90' lang='lat' dir='ltr'><strong>lare,</strong></span> <span class='ocrx_word' id='word_1_291' title='bbox 450 2176 504 2220; x_wconf 92' lang='lat' dir='ltr'><strong>et</strong></span> <span class='ocrx_word' id='word_1_292' title='bbox 524 2167 716 2221; x_wconf 90' lang='lat' dir='ltr'><strong>afferre</strong></span> <span class='ocrx_word' id='word_1_293' title='bbox 747 2167 875 2220; x_wconf 91' lang='lat' dir='ltr'><strong>mihi</strong></span> <span class='ocrx_word' id='word_1_294' title='bbox 906 2167 927 2218; x_wconf 84' lang='lat'><strong>?</strong></span> <span class='ocrx_word' id='word_1_295' title='bbox 959 2166 1108 2220; x_wconf 87' lang='lat' dir='ltr'><strong>Tunc</strong></span> <span class='ocrx_word' id='word_1_296' title='bbox 1134 2165 1264 2218; x_wconf 81' lang='lat' dir='ltr'><strong>dixit</strong></span> <span class='ocrx_word' id='word_1_297' title='bbox 1289 2167 1375 2221; x_wconf 87' lang='lat' dir='ltr'><strong>ei:</strong></span> <span class='ocrx_word' id='word_1_298' title='bbox 1409 2167 1652 2231; x_wconf 88' lang='lat' dir='ltr'><strong>Possum,</strong></span> <span class='ocrx_word' id='word_1_299' title='bbox 1685 2167 1858 2220; x_wconf 89' lang='lat' dir='ltr'><strong>domi-</strong></span> 
     </span>
    </p>
   </div>
   <div class='ocr_carea' id='block_1_37' title="bbox 297 2257 1859 2326">
    <p class='ocr_par' dir='ltr' id='par_1_37' title="bbox 297 2257 1859 2326">
     <span class='ocr_line' id='line_1_37' title="bbox 297 2257 1859 2326; baseline 0.001 -15"><span class='ocrx_word' id='word_1_300' title='bbox 297 2273 386 2322; x_wconf 86' lang='lat' dir='ltr'><strong>ne,</strong></span> <span class='ocrx_word' id='word_1_301' title='bbox 421 2259 521 2311; x_wconf 92' lang='lat' dir='ltr'><strong>hoc</strong></span> <span class='ocrx_word' id='word_1_302' title='bbox 551 2257 708 2322; x_wconf 83' lang='lat' dir='ltr'><strong>facio,</strong></span> <span class='ocrx_word' id='word_1_303' title='bbox 752 2272 942 2326; x_wconf 79' lang='lat' dir='ltr'><strong>rogans</strong></span> <span class='ocrx_word' id='word_1_304' title='bbox 986 2257 1347 2313; x_wconf 89' lang='lat' dir='ltr'><strong>honorabilem</strong></span> <span class='ocrx_word' id='word_1_305' title='bbox 1400 2269 1454 2313; x_wconf 86' lang='lat' dir='ltr'><strong>et</strong></span> <span class='ocrx_word' id='word_1_306' title='bbox 1501 2259 1859 2326; x_wconf 83' lang='lat' dir='ltr'><strong>coaugelicam</strong></span> 
     </span>
    </p>
   </div>
   <div class='ocr_carea' id='block_1_38' title="bbox 293 2347 1861 2416">
    <p class='ocr_par' dir='ltr' id='par_1_38' title="bbox 293 2347 1861 2416">
     <span class='ocr_line' id='line_1_38' title="bbox 293 2347 1861 2416; baseline 0.002 -16"><span class='ocrx_word' id='word_1_307' title='bbox 293 2347 523 2400; x_wconf 81' lang='lat' dir='ltr'><strong>animam</strong></span> <span class='ocrx_word' id='word_1_308' title='bbox 558 2357 700 2400; x_wconf 91' lang='lat' dir='ltr'><strong>tuam</strong></span> <span class='ocrx_word' id='word_1_309' title='bbox 740 2362 807 2402; x_wconf 91' lang='lat' dir='ltr'><strong>ne</strong></span> <span class='ocrx_word' id='word_1_310' title='bbox 857 2349 1115 2412; x_wconf 84' lang='lat' dir='ltr'><strong>solvatur,</strong></span> <span class='ocrx_word' id='word_1_311' title='bbox 1169 2362 1338 2416; x_wconf 86' lang='lat' dir='ltr'><strong>neque</strong></span> <span class='ocrx_word' id='word_1_312' title='bbox 1382 2348 1490 2400; x_wconf 89' lang='lat' dir='ltr'><strong>ullo</strong></span> <span class='ocrx_word' id='word_1_313' title='bbox 1520 2349 1677 2401; x_wconf 92' lang='lat' dir='ltr'><strong>modo</strong></span> <span class='ocrx_word' id='word_1_314' title='bbox 1717 2348 1861 2403; x_wconf 79' lang='lat' dir='ltr'><strong>inre-</strong></span> 
     </span>
    </p>
   </div>
   <div class='ocr_carea' id='block_1_39' title="bbox 299 2434 1850 2507">
    <p class='ocr_par' dir='ltr' id='par_1_39' title="bbox 299 2434 1850 2507">
     <span class='ocr_line' id='line_1_39' title="bbox 299 2434 1850 2507; baseline 0.001 -19"><span class='ocrx_word' id='word_1_315' title='bbox 299 2434 473 2488; x_wconf 86' lang='lat' dir='ltr'><strong>niatur</strong></span> <span class='ocrx_word' id='word_1_316' title='bbox 493 2449 522 2488; x_wconf 88' lang='lat' dir='ltr'><strong>a</strong></span> <span class='ocrx_word' id='word_1_317' title='bbox 564 2437 795 2504; x_wconf 86' lang='lat' dir='ltr'><strong>quolibet</strong></span> <span class='ocrx_word' id='word_1_318' title='bbox 822 2437 1092 2503; x_wconf 87' lang='lat' dir='ltr'><strong>pittacium</strong></span> <span class='ocrx_word' id='word_1_319' title='bbox 1129 2436 1238 2507; x_wconf 89' lang='lat'><strong>(97)</strong></span> <span class='ocrx_word' id='word_1_320' title='bbox 1272 2435 1370 2492; x_wconf 91' lang='lat' dir='ltr'><strong>boc</strong></span> <span class='ocrx_word' id='word_1_321' title='bbox 1397 2437 1698 2505; x_wconf 86' lang='lat' dir='ltr'><strong>aliquando.</strong></span> <span class='ocrx_word' id='word_1_322' title='bbox 1724 2438 1850 2492; x_wconf 85' lang='lat' dir='ltr'><strong>Ver-</strong></span> 
     </span>
    </p>
   </div>
   <div class='ocr_carea' id='block_1_40' title="bbox 295 2524 1862 2598">
    <p class='ocr_par' dir='ltr' id='par_1_40' title="bbox 295 2524 1862 2598">
     <span class='ocr_line' id='line_1_40' title="bbox 295 2524 1862 2598; baseline 0.002 -18"><span class='ocrx_word' id='word_1_323' title='bbox 295 2524 420 2580; x_wconf 88' lang='lat' dir='ltr'><strong>bum</strong></span> <span class='ocrx_word' id='word_1_324' title='bbox 450 2525 606 2595; x_wconf 80' lang='lat' dir='ltr'><strong>igitur</strong></span> <span class='ocrx_word' id='word_1_325' title='bbox 637 2526 903 2596; x_wconf 85' lang='lat' dir='ltr'><strong>accipiens</strong></span> <span class='ocrx_word' id='word_1_326' title='bbox 932 2543 962 2580; x_wconf 89' lang='lat' dir='ltr'><strong>a</strong></span> <span class='ocrx_word' id='word_1_327' title='bbox 1000 2527 1107 2582; x_wconf 88' lang='lat' dir='ltr'><strong>Deo</strong></span> <span class='ocrx_word' id='word_1_328' title='bbox 1152 2528 1476 2582; x_wconf 86' lang='lat' dir='ltr'><strong>honorabilis</strong></span> <span class='ocrx_word' id='word_1_329' title='bbox 1499 2529 1638 2598; x_wconf 91' lang='lat' dir='ltr'><strong>quod</strong></span> <span class='ocrx_word' id='word_1_330' title='bbox 1688 2527 1862 2583; x_wconf 90' lang='lat' dir='ltr'><strong>nullus</strong></span> 
     </span>
    </p>
   </div>
   <div class='ocr_carea' id='block_1_41' title="bbox 295 2615 1862 2686">
    <p class='ocr_par' dir='ltr' id='par_1_41' title="bbox 295 2615 1862 2686">
     <span class='ocr_line' id='line_1_41' title="bbox 295 2615 1862 2686; baseline 0.003 -18"><span class='ocrx_word' id='word_1_331' title='bbox 295 2615 457 2668; x_wconf 90' lang='lat' dir='ltr'><strong>homo</strong></span> <span class='ocrx_word' id='word_1_332' title='bbox 503 2615 736 2670; x_wconf 82' lang='lat' dir='ltr'><strong>solveret</strong></span> <span class='ocrx_word' id='word_1_333' title='bbox 782 2625 876 2670; x_wconf 90' lang='lat' dir='ltr'><strong>aut</strong></span> <span class='ocrx_word' id='word_1_334' title='bbox 932 2617 1132 2686; x_wconf 90' lang='lat' dir='ltr'><strong>legeret</strong></span> <span class='ocrx_word' id='word_1_335' title='bbox 1178 2617 1296 2686; x_wconf 88' lang='lat' dir='ltr'><strong>ejus</strong></span> <span class='ocrx_word' id='word_1_336' title='bbox 1327 2619 1625 2686; x_wconf 87' lang='lat' dir='ltr'><strong>pittacium,</strong></span> <span class='ocrx_word' id='word_1_337' title='bbox 1679 2618 1862 2674; x_wconf 89' lang='lat' dir='ltr'><strong>abiens</strong></span> 
     </span>
    </p>
   </div>
   <div class='ocr_carea' id='block_1_42' title="bbox 295 2705 1863 2778">
    <p class='ocr_par' dir='ltr' id='par_1_42' title="bbox 295 2705 1863 2778">
     <span class='ocr_line' id='line_1_42' title="bbox 295 2705 1863 2778; baseline 0.001 -18"><span class='ocrx_word' id='word_1_338' title='bbox 295 2705 508 2774; x_wconf 73' lang='lat' dir='ltr'><strong>scripsit</strong></span> <span class='ocrx_word' id='word_1_339' title='bbox 533 2707 744 2776; x_wconf 87' lang='lat' dir='ltr'><strong>propria</strong></span> <span class='ocrx_word' id='word_1_340' title='bbox 766 2721 922 2761; x_wconf 89' lang='lat' dir='ltr'><strong>manu</strong></span> <span class='ocrx_word' id='word_1_341' title='bbox 961 2720 1255 2776; x_wconf 84' lang='lat' dir='ltr'><strong>peccaturo,</strong></span> <span class='ocrx_word' id='word_1_342' title='bbox 1288 2717 1342 2763; x_wconf 91' lang='lat' dir='ltr'><strong>et</strong></span> <span class='ocrx_word' id='word_1_343' title='bbox 1383 2708 1590 2763; x_wconf 88' lang='lat' dir='ltr'><strong>bullans</strong></span> <span class='ocrx_word' id='word_1_344' title='bbox 1638 2709 1863 2778; x_wconf 83' lang='lat' dir='ltr'><strong>portavit</strong></span> 
     </span>
    </p>
   </div>
   <div class='ocr_carea' id='block_1_43' title="bbox 299 2796 1862 2870">
    <p class='ocr_par' dir='ltr' id='par_1_43' title="bbox 299 2796 1862 2870">
     <span class='ocr_line' id='line_1_43' title="bbox 299 2796 1862 2870; baseline 0.001 -17"><span class='ocrx_word' id='word_1_345' title='bbox 299 2796 476 2854; x_wconf 88' lang='lat' dir='ltr'><strong>beato.</strong></span> <span class='ocrx_word' id='word_1_346' title='bbox 500 2798 806 2868; x_wconf 91' lang='lat' dir='ltr'><strong>Suscipiens</strong></span> <span class='ocrx_word' id='word_1_347' title='bbox 836 2814 962 2868; x_wconf 89' lang='lat' dir='ltr'><strong>ergo</strong></span> <span class='ocrx_word' id='word_1_348' title='bbox 989 2809 1202 2855; x_wconf 91' lang='lat' dir='ltr'><strong>sanctus</strong></span> <span class='ocrx_word' id='word_1_349' title='bbox 1233 2801 1527 2870; x_wconf 75' lang='lat' dir='ltr'><strong>pittacium,</strong></span> <span class='ocrx_word' id='word_1_350' title='bbox 1563 2810 1680 2868; x_wconf 87' lang='lat' dir='ltr'><strong>post</strong></span> <span class='ocrx_word' id='word_1_351' title='bbox 1709 2801 1862 2870; x_wconf 84' lang='lat' dir='ltr'><strong>quin-</strong></span> 
     </span>
    </p>
   </div>
   <div class='ocr_carea' id='block_1_44' title="bbox 295 2871 1860 2960">
    <p class='ocr_par' dir='ltr' id='par_1_44' title="bbox 295 2871 1860 2960">
     <span class='ocr_line' id='line_1_44' title="bbox 295 2871 1860 2960; baseline 0.001 -17"><span class='ocrx_word' id='word_1_352' title='bbox 295 2904 400 2958; x_wconf 91' lang='lat' dir='ltr'><strong>que</strong></span> <span class='ocrx_word' id='word_1_353' title='bbox 425 2871 540 2944; x_wconf 78' lang='lat' dir='ltr'><strong>dies</strong></span> <span class='ocrx_word' id='word_1_354' title='bbox 566 2889 632 2944; x_wconf 90' lang='lat' dir='ltr'><strong>ad</strong></span> <span class='ocrx_word' id='word_1_355' title='bbox 667 2889 942 2944; x_wconf 90' lang='lat' dir='ltr'><strong>Dominum</strong></span> <span class='ocrx_word' id='word_1_356' title='bbox 990 2891 1258 2959; x_wconf 83' lang='lat' dir='ltr'><strong>profectus</strong></span> <span class='ocrx_word' id='word_1_357' title='bbox 1289 2899 1390 2956; x_wconf 89' lang='lat' dir='ltr'><strong>est,</strong></span> <span class='ocrx_word' id='word_1_358' title='bbox 1422 2890 1622 2946; x_wconf 82' lang='lat' dir='ltr'><strong>nemini</strong></span> <span class='ocrx_word' id='word_1_359' title='bbox 1666 2891 1860 2960; x_wconf 90' lang='lat' dir='ltr'><strong>aliquid</strong></span> 
     </span>
    </p>
   </div>
   <div class='ocr_carea' id='block_1_45' title="bbox 295 2980 1858 3051">
    <p class='ocr_par' dir='ltr' id='par_1_45' title="bbox 295 2980 1858 3051">
     <span class='ocr_line' id='line_1_45' title="bbox 295 2980 1858 3051; baseline -0.001 -15"><span class='ocrx_word' id='word_1_360' title='bbox 295 2980 364 3036; x_wconf 90' lang='lat' dir='ltr'><strong>de</strong></span> <span class='ocrx_word' id='word_1_361' title='bbox 392 2981 694 3048; x_wconf 75' lang='lat' dir='ltr'><strong>hujusmodi</strong></span> <span class='ocrx_word' id='word_1_362' title='bbox 753 2982 966 3048; x_wconf 87' lang='lat' dir='ltr'><strong>pittacio</strong></span> <span class='ocrx_word' id='word_1_363' title='bbox 1008 2991 1097 3035; x_wconf 91' lang='lat' dir='ltr'><strong>aut</strong></span> <span class='ocrx_word' id='word_1_364' title='bbox 1123 2982 1434 3051; x_wconf 87' lang='lat' dir='ltr'><strong>disponens,</strong></span> <span class='ocrx_word' id='word_1_365' title='bbox 1466 2990 1558 3035; x_wconf 89' lang='lat' dir='ltr'><strong>aut</strong></span> <span class='ocrx_word' id='word_1_366' title='bbox 1597 2981 1858 3036; x_wconf 86' lang='lat' dir='ltr'><strong>indicans.</strong></span> 
     </span>
    </p>
   </div>
   <div class='ocr_carea' id='block_1_46' title="bbox 297 3070 1861 3141">
    <p class='ocr_par' dir='ltr' id='par_1_46' title="bbox 297 3070 1861 3141">
     <span class='ocr_line' id='line_1_46' title="bbox 297 3070 1861 3141; baseline 0.004 -16"><span class='ocrx_word' id='word_1_367' title='bbox 297 3070 482 3125; x_wconf 81' lang='lat' dir='ltr'><strong>Mulier</strong></span> <span class='ocrx_word' id='word_1_368' title='bbox 511 3072 690 3141; x_wconf 88' lang='lat' dir='ltr'><strong>itaque</strong></span> <span class='ocrx_word' id='word_1_369' title='bbox 722 3072 961 3136; x_wconf 89' lang='lat' dir='ltr'><strong>fortuitu,</strong></span> <span class='ocrx_word' id='word_1_370' title='bbox 1007 3072 1114 3128; x_wconf 91' lang='lat' dir='ltr'><strong>imo</strong></span> <span class='ocrx_word' id='word_1_371' title='bbox 1155 3073 1549 3141; x_wconf 86' lang='lat' dir='ltr'><strong>dispensatione</strong></span> <span class='ocrx_word' id='word_1_372' title='bbox 1596 3070 1709 3135; x_wconf 89' lang='lat' dir='ltr'><strong>Dei,</strong></span> <span class='ocrx_word' id='word_1_373' title='bbox 1756 3086 1861 3131; x_wconf 69' lang='lat' dir='ltr'><strong>non</strong></span> 
     </span>
    </p>
   </div>
   <div class='ocr_carea' id='block_1_47' title="bbox 297 3161 1858 3231">
    <p class='ocr_par' dir='ltr' id='par_1_47' title="bbox 297 3161 1858 3231">
     <span class='ocr_line' id='line_1_47' title="bbox 297 3161 1858 3231; baseline 0 -16"><span class='ocrx_word' id='word_1_374' title='bbox 297 3162 530 3215; x_wconf 82' lang='lat' dir='ltr'><strong>existens</strong></span> <span class='ocrx_word' id='word_1_375' title='bbox 582 3161 634 3215; x_wconf 89' lang='lat' dir='ltr'><strong>in</strong></span> <span class='ocrx_word' id='word_1_376' title='bbox 666 3162 876 3216; x_wconf 87' lang='lat' dir='ltr'><strong>civitate</strong></span> <span class='ocrx_word' id='word_1_377' title='bbox 904 3162 992 3216; x_wconf 90' lang='lat' dir='ltr'><strong>die</strong></span> <span class='ocrx_word' id='word_1_378' title='bbox 1019 3161 1071 3215; x_wconf 91' lang='lat' dir='ltr'><strong>in</strong></span> <span class='ocrx_word' id='word_1_379' title='bbox 1095 3176 1198 3231; x_wconf 90' lang='lat' dir='ltr'><strong>qua</strong></span> <span class='ocrx_word' id='word_1_380' title='bbox 1225 3161 1515 3216; x_wconf 63' lang='lat' dir='ltr'><strong>translatus</strong></span> <span class='ocrx_word' id='word_1_381' title='bbox 1535 3169 1616 3215; x_wconf 90' lang='lat' dir='ltr'><strong>est</strong></span> <span class='ocrx_word' id='word_1_382' title='bbox 1637 3163 1686 3214; x_wconf 92' lang='lat' dir='ltr'><strong>in</strong></span> <span class='ocrx_word' id='word_1_383' title='bbox 1730 3175 1858 3229; x_wconf 88' lang='lat' dir='ltr'><strong>pace</strong></span> 
     </span>
    </p>
   </div>
   <div class='ocr_carea' id='block_1_48' title="bbox 1961 1982 3521 2053">
    <p class='ocr_par' dir='ltr' id='par_1_48' title="bbox 1961 1982 3521 2053">
     <span class='ocr_line' id='line_1_48' title="bbox 1961 1982 3521 2053; baseline 0.003 -18"><span class='ocrx_word' id='word_1_384' title='bbox 1961 1982 2182 2048; x_wconf 89' lang='lat' dir='ltr'><strong>minum,</strong></span> <span class='ocrx_word' id='word_1_385' title='bbox 2214 1984 2408 2038; x_wconf 86' lang='lat' dir='ltr'><strong>faciens</strong></span> <span class='ocrx_word' id='word_1_386' title='bbox 2438 1986 2760 2039; x_wconf 87' lang='lat' dir='ltr'><strong>voluntatem</strong></span> <span class='ocrx_word' id='word_1_387' title='bbox 2794 1985 3084 2039; x_wconf 88' lang='lat' dir='ltr'><strong>timentirrm</strong></span> <span class='ocrx_word' id='word_1_388' title='bbox 3127 2000 3206 2050; x_wconf 87' lang='lat' dir='ltr'><strong>se,</strong></span> <span class='ocrx_word' id='word_1_389' title='bbox 3238 1995 3287 2040; x_wconf 88' lang='lat' dir='ltr'><strong>et</strong></span> <span class='ocrx_word' id='word_1_390' title='bbox 3323 1986 3521 2053; x_wconf 78' lang='lat' dir='ltr'><strong>gloriﬁ-</strong></span> 
     </span>
    </p>
   </div>
   <div class='ocr_carea' id='block_1_49' title="bbox 1959 2075 3518 2146">
    <p class='ocr_par' dir='ltr' id='par_1_49' title="bbox 1959 2075 3518 2146">
     <span class='ocr_line' id='line_1_49' title="bbox 1959 2075 3518 2146; baseline 0.003 -18"><span class='ocrx_word' id='word_1_391' title='bbox 1959 2089 2086 2129; x_wconf 90' lang='lat' dir='ltr'><strong>cans</strong></span> <span class='ocrx_word' id='word_1_392' title='bbox 2107 2075 2462 2143; x_wconf 88' lang='lat' dir='ltr'><strong>gloriﬁcantes</strong></span> <span class='ocrx_word' id='word_1_393' title='bbox 2487 2091 2566 2138; x_wconf 90' lang='lat' dir='ltr'><strong>se,</strong></span> <span class='ocrx_word' id='word_1_394' title='bbox 2591 2085 2646 2131; x_wconf 91' lang='lat' dir='ltr'><strong>et</strong></span> <span class='ocrx_word' id='word_1_395' title='bbox 2676 2091 2767 2144; x_wconf 89' lang='lat' dir='ltr'><strong>per</strong></span> <span class='ocrx_word' id='word_1_396' title='bbox 2788 2078 3164 2130; x_wconf 89' lang='lat' dir='ltr'><strong>miraculorum</strong></span> <span class='ocrx_word' id='word_1_397' title='bbox 3184 2079 3518 2146; x_wconf 87' lang='lat' dir='ltr'><strong>operationcs</strong></span> 
     </span>
    </p>
   </div>
   <div class='ocr_carea' id='block_1_50' title="bbox 1957 2167 3517 2236">
    <p class='ocr_par' dir='ltr' id='par_1_50' title="bbox 1957 2167 3517 2236">
     <span class='ocr_line' id='line_1_50' title="bbox 1957 2167 3517 2236; baseline 0.001 -16"><span class='ocrx_word' id='word_1_398' title='bbox 1957 2167 2302 2234; x_wconf 76' lang='lat' dir='ltr'><strong>magnificans</strong></span> <span class='ocrx_word' id='word_1_399' title='bbox 2323 2169 2450 2222; x_wconf 88' lang='lat' dir='ltr'><strong>eos?</strong></span> <span class='ocrx_word' id='word_1_400' title='bbox 2476 2168 2586 2222; x_wconf 83' lang='lat' dir='ltr'><strong>Non</strong></span> <span class='ocrx_word' id='word_1_401' title='bbox 2615 2178 2787 2221; x_wconf 89' lang='lat' dir='ltr'><strong>autem</strong></span> <span class='ocrx_word' id='word_1_402' title='bbox 2819 2167 2869 2221; x_wconf 91' lang='lat' dir='ltr'><strong>in</strong></span> <span class='ocrx_word' id='word_1_403' title='bbox 2886 2167 2986 2222; x_wconf 92' lang='lat' dir='ltr'><strong>hoc</strong></span> <span class='ocrx_word' id='word_1_404' title='bbox 3014 2167 3398 2230; x_wconf 88' lang='lat' dir='ltr'><strong>locosolum,in</strong></span> <span class='ocrx_word' id='word_1_405' title='bbox 3412 2184 3517 2236; x_wconf 93' lang='lat' dir='ltr'><strong>quo</strong></span> 
     </span>
    </p>
   </div>
   <div class='ocr_carea' id='block_1_51' title="bbox 1960 2255 3519 2327">
    <p class='ocr_par' dir='ltr' id='par_1_51' title="bbox 1960 2255 3519 2327">
     <span class='ocr_line' id='line_1_51' title="bbox 1960 2255 3519 2327; baseline 0.001 -17"><span class='ocrx_word' id='word_1_406' title='bbox 1960 2259 2188 2326; x_wconf 87' lang='lat' dir='ltr'><strong>pretiosa</strong></span> <span class='ocrx_word' id='word_1_407' title='bbox 2217 2257 2467 2312; x_wconf 90' lang='lat' dir='ltr'><strong>dormitio</strong></span> <span class='ocrx_word' id='word_1_408' title='bbox 2504 2257 2622 2327; x_wconf 87' lang='lat' dir='ltr'><strong>ejus</strong></span> <span class='ocrx_word' id='word_1_409' title='bbox 2653 2257 2788 2310; x_wconf 82' lang='lat' dir='ltr'><strong>facta</strong></span> <span class='ocrx_word' id='word_1_410' title='bbox 2811 2265 2926 2318; x_wconf 89' lang='lat' dir='ltr'><strong>est,</strong></span> <span class='ocrx_word' id='word_1_411' title='bbox 2955 2257 3116 2327; x_wconf 84' lang='lat' dir='ltr'><strong>gratia</strong></span> <span class='ocrx_word' id='word_1_412' title='bbox 3145 2271 3301 2325; x_wconf 87' lang='lat' dir='ltr'><strong>quam</strong></span> <span class='ocrx_word' id='word_1_413' title='bbox 3341 2255 3519 2311; x_wconf 90' lang='lat' dir='ltr'><strong>habuit</strong></span> 
     </span>
    </p>
   </div>
   <div class='ocr_carea' id='block_1_52' title="bbox 1959 2347 3516 2417">
    <p class='ocr_par' dir='ltr' id='par_1_52' title="bbox 1959 2347 3516 2417">
     <span class='ocr_line' id='line_1_52' title="bbox 1959 2347 3516 2417; baseline 0.001 -17"><span class='ocrx_word' id='word_1_414' title='bbox 1959 2349 2097 2417; x_wconf 87' lang='lat' dir='ltr'><strong>apud</strong></span> <span class='ocrx_word' id='word_1_415' title='bbox 2117 2348 2298 2408; x_wconf 83' lang='lat' dir='ltr'><strong>Deum,</strong></span> <span class='ocrx_word' id='word_1_416' title='bbox 2315 2347 2646 2401; x_wconf 86' lang='lat' dir='ltr'><strong>manifestata</strong></span> <span class='ocrx_word' id='word_1_417' title='bbox 2661 2358 2760 2413; x_wconf 91' lang='lat' dir='ltr'><strong>est,</strong></span> <span class='ocrx_word' id='word_1_418' title='bbox 2778 2347 2867 2400; x_wconf 88' lang='lat' dir='ltr'><strong>sed</strong></span> <span class='ocrx_word' id='word_1_419' title='bbox 2884 2348 3074 2416; x_wconf 89' lang='lat' dir='ltr'><strong>ubique</strong></span> <span class='ocrx_word' id='word_1_420' title='bbox 3088 2347 3292 2417; x_wconf 87' lang='lat' dir='ltr'><strong>longius</strong></span> <span class='ocrx_word' id='word_1_421' title='bbox 3306 2348 3516 2402; x_wconf 90' lang='lat' dir='ltr'><strong>claruit.</strong></span> 
     </span>
    </p>
   </div>
   <div class='ocr_carea' id='block_1_53' title="bbox 2031 2437 3517 2505">
    <p class='ocr_par' dir='ltr' id='par_1_53' title="bbox 2031 2437 3517 2505">
     <span class='ocr_line' id='line_1_53' title="bbox 2031 2437 3517 2505; baseline 0 -13"><span class='ocrx_word' id='word_1_422' title='bbox 2031 2437 2156 2492; x_wconf 76' lang='lat' dir='ltr'><strong>CAP.</strong></span> <span class='ocrx_word' id='word_1_423' title='bbox 2199 2437 2305 2492; x_wconf 89' lang='lat' dir='ltr'><strong>Lll.</strong></span> <span class='ocrx_word' id='word_1_424' title='bbox 2338 2467 2406 2477; x_wconf 95' lang='lat'><strong><em>—</em></strong></span> <span class='ocrx_word' id='word_1_425' title='bbox 2429 2438 2620 2492; x_wconf 89' lang='lat' dir='ltr'><strong>Eadem</strong></span> <span class='ocrx_word' id='word_1_426' title='bbox 2653 2441 2791 2492; x_wconf 89' lang='lat' dir='ltr'><strong>enim</strong></span> <span class='ocrx_word' id='word_1_427' title='bbox 2823 2439 2906 2491; x_wconf 86' lang='lat' dir='ltr'><strong>die</strong></span> <span class='ocrx_word' id='word_1_428' title='bbox 2935 2437 2986 2492; x_wconf 92' lang='lat' dir='ltr'><strong>in</strong></span> <span class='ocrx_word' id='word_1_429' title='bbox 3022 2451 3123 2505; x_wconf 91' lang='lat' dir='ltr'><strong>qua</strong></span> <span class='ocrx_word' id='word_1_430' title='bbox 3153 2438 3215 2490; x_wconf 89' lang='lat' dir='ltr'><strong>ad</strong></span> <span class='ocrx_word' id='word_1_431' title='bbox 3267 2437 3427 2490; x_wconf 90' lang='lat' dir='ltr'><strong>Deum</strong></span> <span class='ocrx_word' id='word_1_432' title='bbox 3453 2454 3517 2492; x_wconf 86' lang='lat' dir='ltr'><strong>ex</strong></span> 
     </span>
    </p>
   </div>
   <div class='ocr_carea' id='block_1_54' title="bbox 1962 2529 3518 2598">
    <p class='ocr_par' dir='ltr' id='par_1_54' title="bbox 1962 2529 3518 2598">
     <span class='ocr_line' id='line_1_54' title="bbox 1962 2529 3518 2598; baseline -0.001 -16"><span class='ocrx_word' id='word_1_433' title='bbox 1962 2529 2061 2584; x_wconf 89' lang='lat' dir='ltr'><strong>hac</strong></span> <span class='ocrx_word' id='word_1_434' title='bbox 2088 2532 2192 2584; x_wconf 87' lang='lat' dir='ltr'><strong>vita</strong></span> <span class='ocrx_word' id='word_1_435' title='bbox 2222 2529 2410 2584; x_wconf 88' lang='lat' dir='ltr'><strong>beatus</strong></span> <span class='ocrx_word' id='word_1_436' title='bbox 2440 2530 2538 2584; x_wconf 89' lang='lat' dir='ltr'><strong>iste</strong></span> <span class='ocrx_word' id='word_1_437' title='bbox 2564 2529 2832 2598; x_wconf 66' lang='lat' dir='ltr'><strong>profectus</strong></span> <span class='ocrx_word' id='word_1_438' title='bbox 2861 2540 2960 2595; x_wconf 88' lang='lat' dir='ltr'><strong>est,</strong></span> <span class='ocrx_word' id='word_1_439' title='bbox 2990 2529 3200 2596; x_wconf 89' lang='lat' dir='ltr'><strong>quidam</strong></span> <span class='ocrx_word' id='word_1_440' title='bbox 3219 2543 3400 2582; x_wconf 87' lang='lat' dir='ltr'><strong>eorum</strong></span> <span class='ocrx_word' id='word_1_441' title='bbox 3429 2529 3518 2598; x_wconf 91' lang='lat' dir='ltr'><strong>qui</strong></span> 
     </span>
    </p>
   </div>
   <div class='ocr_carea' id='block_1_55' title="bbox 1945 2611 3520 2684">
    <p class='ocr_par' dir='ltr' id='par_1_55' title="bbox 1945 2611 3520 2684">
     <span class='ocr_line' id='line_1_55' title="bbox 1945 2611 3520 2684; baseline 0.001 -17"><span class='ocrx_word' id='word_1_442' title='bbox 1945 2617 2248 2684; x_wconf 65' lang='lat' dir='ltr'><strong>angelicam</strong></span> <span class='ocrx_word' id='word_1_443' title='bbox 2278 2617 2440 2671; x_wconf 90' lang='lat' dir='ltr'><strong>vitam</strong></span> <span class='ocrx_word' id='word_1_444' title='bbox 2511 2623 2566 2670; x_wconf 90' lang='lat' dir='ltr'><strong>et</strong></span> <span class='ocrx_word' id='word_1_445' title='bbox 2655 2612 2873 2671; x_wconf 91' lang='lat' dir='ltr'><strong>schema</strong></span> <span class='ocrx_word' id='word_1_446' title='bbox 2965 2611 3342 2670; x_wconf 89' lang='lat' dir='ltr'><strong>monachicum</strong></span> <span class='ocrx_word' id='word_1_447' title='bbox 3421 2616 3520 2669; x_wconf 84' lang='lat' dir='ltr'><strong>ha-</strong></span> 
     </span>
    </p>
   </div>
   <div class='ocr_carea' id='block_1_56' title="bbox 1960 2704 3516 2774">
    <p class='ocr_par' dir='ltr' id='par_1_56' title="bbox 1960 2704 3516 2774">
     <span class='ocr_line' id='line_1_56' title="bbox 1960 2704 3516 2774; baseline -0.003 -13"><span class='ocrx_word' id='word_1_448' title='bbox 1960 2706 2106 2770; x_wconf 88' lang='lat' dir='ltr'><strong>bent,</strong></span> <span class='ocrx_word' id='word_1_449' title='bbox 2139 2707 2220 2760; x_wconf 92' lang='lat' dir='ltr'><strong>vir</strong></span> <span class='ocrx_word' id='word_1_450' title='bbox 2250 2705 2573 2760; x_wconf 78' lang='lat' dir='ltr'><strong>admirabilis</strong></span> <span class='ocrx_word' id='word_1_451' title='bbox 2619 2713 2672 2759; x_wconf 93' lang='lat' dir='ltr'><strong>et</strong></span> <span class='ocrx_word' id='word_1_452' title='bbox 2703 2705 3011 2767; x_wconf 89' lang='lat' dir='ltr'><strong>industrius,</strong></span> <span class='ocrx_word' id='word_1_453' title='bbox 3035 2704 3260 2759; x_wconf 90' lang='lat' dir='ltr'><strong>Sabinus</strong></span> <span class='ocrx_word' id='word_1_454' title='bbox 3285 2706 3516 2774; x_wconf 83' lang='lat' dir='ltr'><strong>nomine,</strong></span> 
     </span>
    </p>
   </div>
   <div class='ocr_carea' id='block_1_57' title="bbox 1963 2793 3518 2864">
    <p class='ocr_par' dir='ltr' id='par_1_57' title="bbox 1963 2793 3518 2864">
     <span class='ocr_line' id='line_1_57' title="bbox 1963 2793 3518 2864; baseline -0.002 -13"><span class='ocrx_word' id='word_1_455' title='bbox 1963 2796 2299 2851; x_wconf 76' lang='lat' dir='ltr'><strong>Alexandriae</strong></span> <span class='ocrx_word' id='word_1_456' title='bbox 2328 2795 2592 2860; x_wconf 87' lang='lat' dir='ltr'><strong>habitans,</strong></span> <span class='ocrx_word' id='word_1_457' title='bbox 2631 2795 2764 2848; x_wconf 91' lang='lat' dir='ltr'><strong>vidit</strong></span> <span class='ocrx_word' id='word_1_458' title='bbox 2792 2793 2943 2864; x_wconf 86' lang='lat' dir='ltr'><strong>quasi</strong></span> <span class='ocrx_word' id='word_1_459' title='bbox 2982 2794 3034 2848; x_wconf 92' lang='lat' dir='ltr'><strong>in</strong></span> <span class='ocrx_word' id='word_1_460' title='bbox 3064 2808 3284 2848; x_wconf 67' lang='lat' dir='ltr'><strong>excessu</strong></span> <span class='ocrx_word' id='word_1_461' title='bbox 3327 2795 3518 2848; x_wconf 89' lang='lat' dir='ltr'><strong>mentis</strong></span> 
     </span>
    </p>
   </div>
   <div class='ocr_carea' id='block_1_58' title="bbox 1960 2882 3520 2953">
    <p class='ocr_par' dir='ltr' id='par_1_58' title="bbox 1960 2882 3520 2953">
     <span class='ocr_line' id='line_1_58' title="bbox 1960 2882 3520 2953; baseline -0.001 -14"><span class='ocrx_word' id='word_1_462' title='bbox 1960 2885 2148 2950; x_wconf 89' lang='lat' dir='ltr'><strong>factus,</strong></span> <span class='ocrx_word' id='word_1_463' title='bbox 2177 2885 2430 2939; x_wconf 87' lang='lat' dir='ltr'><strong>divinitus</strong></span> <span class='ocrx_word' id='word_1_464' title='bbox 2460 2883 2769 2938; x_wconf 88' lang='lat' dir='ltr'><strong>honoratum</strong></span> <span class='ocrx_word' id='word_1_465' title='bbox 2798 2883 3054 2937; x_wconf 86' lang='lat' dir='ltr'><strong>Joannem</strong></span> <span class='ocrx_word' id='word_1_466' title='bbox 3076 2882 3142 2936; x_wconf 90' lang='lat' dir='ltr'><strong>de</strong></span> <span class='ocrx_word' id='word_1_467' title='bbox 3173 2883 3384 2952; x_wconf 89' lang='lat' dir='ltr'><strong>proprio</strong></span> <span class='ocrx_word' id='word_1_468' title='bbox 3403 2885 3520 2953; x_wconf 43' lang='lat' dir='ltr'><strong>epis</strong></span> 
     </span>
    </p>
   </div>
   <div class='ocr_carea' id='block_1_59' title="bbox 1959 2974 3520 3046">
    <p class='ocr_par' dir='ltr' id='par_1_59' title="bbox 1959 2974 3520 3046">
     <span class='ocr_line' id='line_1_59' title="bbox 1959 2974 3520 3046; baseline -0.003 -14"><span class='ocrx_word' id='word_1_469' title='bbox 1959 2977 2141 3046; x_wconf 90' lang='lat' dir='ltr'><strong>scopio</strong></span> <span class='ocrx_word' id='word_1_470' title='bbox 2167 2977 2520 3046; x_wconf 77' lang='lat' dir='ltr'><strong>egredientem</strong></span> <span class='ocrx_word' id='word_1_471' title='bbox 2539 2991 2657 3029; x_wconf 92' lang='lat' dir='ltr'><strong>cum</strong></span> <span class='ocrx_word' id='word_1_472' title='bbox 2680 2977 2821 3030; x_wconf 89' lang='lat' dir='ltr'><strong>clero</strong></span> <span class='ocrx_word' id='word_1_473' title='bbox 2847 2974 2988 3028; x_wconf 92' lang='lat' dir='ltr'><strong>omni</strong></span> <span class='ocrx_word' id='word_1_474' title='bbox 3011 2989 3162 3028; x_wconf 85' lang='lat' dir='ltr'><strong>cerea</strong></span> <span class='ocrx_word' id='word_1_475' title='bbox 3204 2982 3520 3042; x_wconf 87' lang='lat' dir='ltr'><strong>portantem,</strong></span> 
     </span>
    </p>
   </div>
   <div class='ocr_carea' id='block_1_60' title="bbox 1960 3065 3520 3134">
    <p class='ocr_par' dir='ltr' id='par_1_60' title="bbox 1960 3065 3520 3134">
     <span class='ocr_line' id='line_1_60' title="bbox 1960 3065 3520 3134; baseline -0.001 -14"><span class='ocrx_word' id='word_1_476' title='bbox 1960 3075 2013 3120; x_wconf 87' lang='lat' dir='ltr'><strong>et</strong></span> <span class='ocrx_word' id='word_1_477' title='bbox 2035 3066 2098 3120; x_wconf 86' lang='lat' dir='ltr'><strong>ad</strong></span> <span class='ocrx_word' id='word_1_478' title='bbox 2140 3065 2510 3133; x_wconf 87' lang='lat' dir='ltr'><strong>imperatorem</strong></span> <span class='ocrx_word' id='word_1_479' title='bbox 2539 3073 2773 3126; x_wconf 88' lang='lat' dir='ltr'><strong>euntem,</strong></span> <span class='ocrx_word' id='word_1_480' title='bbox 2809 3073 3054 3133; x_wconf 87' lang='lat' dir='ltr'><strong>tanquam</strong></span> <span class='ocrx_word' id='word_1_481' title='bbox 3103 3067 3350 3118; x_wconf 88' lang='lat' dir='ltr'><strong>eunucho</strong></span> <span class='ocrx_word' id='word_1_482' title='bbox 3389 3081 3520 3134; x_wconf 87' lang='lat' dir='ltr'><strong>quo-</strong></span> 
     </span>
    </p>
   </div>
   <div class='ocr_carea' id='block_1_61' title="bbox 1961 3153 3523 3228">
    <p class='ocr_par' dir='ltr' id='par_1_61' title="bbox 1961 3153 3523 3228">
     <span class='ocr_line' id='line_1_61' title="bbox 1961 3153 3523 3228; baseline -0.001 -18"><span class='ocrx_word' id='word_1_483' title='bbox 1961 3155 2081 3210; x_wconf 87' lang='lat' dir='ltr'><strong>dam</strong></span> <span class='ocrx_word' id='word_1_484' title='bbox 2115 3155 2193 3228; x_wconf 92' lang='lat' dir='ltr'><strong>(ut</strong></span> <span class='ocrx_word' id='word_1_485' title='bbox 2224 3155 2337 3225; x_wconf 88' lang='lat' dir='ltr'><strong>ipse</strong></span> <span class='ocrx_word' id='word_1_486' title='bbox 2364 3155 2572 3210; x_wconf 87' lang='lat' dir='ltr'><strong>dicebat</strong></span> <span class='ocrx_word' id='word_1_487' title='bbox 2616 3154 2863 3224; x_wconf 87' lang='lat' dir='ltr'><strong>Sabinus)</strong></span> <span class='ocrx_word' id='word_1_488' title='bbox 2894 3153 3218 3209; x_wconf 89' lang='lat' dir='ltr'><strong>cubiculario</strong></span> <span class='ocrx_word' id='word_1_489' title='bbox 3260 3155 3400 3209; x_wconf 89' lang='lat' dir='ltr'><strong>lnruc</strong></span> <span class='ocrx_word' id='word_1_490' title='bbox 3431 3169 3523 3208; x_wconf 82' lang='lat' dir='ltr'><strong>vo-</strong></span> 
     </span>
    </p>
   </div>
   <div class='ocr_carea' id='block_1_62' title="bbox 295 3227 3579 3321">
    <p class='ocr_par' dir='ltr' id='par_1_62' title="bbox 295 3227 3579 3321">
     <span class='ocr_line' id='line_1_62' title="bbox 295 3227 3579 3321; baseline -0.003 -14"><span class='ocrx_word' id='word_1_491' title='bbox 295 3254 363 3308; x_wconf 91' lang='lat' dir='ltr'><strong>de</strong></span> <span class='ocrx_word' id='word_1_492' title='bbox 387 3253 584 3308; x_wconf 56' lang='lat' dir='ltr'><strong>saeculo</strong></span> <span class='ocrx_word' id='word_1_493' title='bbox 610 3253 714 3308; x_wconf 92' lang='lat' dir='ltr'><strong>isto</strong></span> <span class='ocrx_word' id='word_1_494' title='bbox 751 3253 815 3306; x_wconf 91' lang='lat' dir='ltr'><strong>ad</strong></span> <span class='ocrx_word' id='word_1_495' title='bbox 841 3253 981 3307; x_wconf 89' lang='lat' dir='ltr'><strong>aliud</strong></span> <span class='ocrx_word' id='word_1_496' title='bbox 1011 3227 1330 3321; x_wconf 75' lang='lat' dir='ltr'><strong>patriarcha,</strong></span> <span class='ocrx_word' id='word_1_497' title='bbox 1359 3253 1572 3306; x_wconf 89' lang='lat' dir='ltr'><strong>volente</strong></span> <span class='ocrx_word' id='word_1_498' title='bbox 1601 3261 1658 3308; x_wconf 86' lang='lat' dir='ltr'><strong>et</strong></span> <span class='ocrx_word' id='word_1_499' title='bbox 1679 3227 1743 3306; x_wconf 23' lang='lat' dir='ltr'><strong>inv</strong></span> <span class='ocrx_word' id='word_1_500' title='bbox 1763 3253 1863 3306; x_wconf 91' lang='lat' dir='ltr'><strong>hoc</strong></span> <span class='ocrx_word' id='word_1_501' title='bbox 1889 3227 1937 3290; x_wconf 60' lang='grc' dir='ltr'><strong>(ἶ</strong></span> <span class='ocrx_word' id='word_1_502' title='bbox 1963 3227 2136 3311; x_wconf 83' lang='lat' dir='ltr'><strong>eante,</strong></span> <span class='ocrx_word' id='word_1_503' title='bbox 2169 3256 2442 3316; x_wconf 86' lang='lat' dir='ltr'><strong>postquam</strong></span> <span class='ocrx_word' id='word_1_504' title='bbox 2470 3249 2683 3314; x_wconf 88' lang='lat' dir='ltr'><strong>januam</strong></span> <span class='ocrx_word' id='word_1_505' title='bbox 2716 3245 2968 3314; x_wconf 89' lang='lat' dir='ltr'><strong>episc0pii</strong></span> <span class='ocrx_word' id='word_1_506' title='bbox 3007 3247 3156 3312; x_wconf 87' lang='lat' dir='ltr'><strong>exiit,</strong></span> <span class='ocrx_word' id='word_1_507' title='bbox 3188 3248 3326 3315; x_wconf 91' lang='lat' dir='ltr'><strong>quod</strong></span> <span class='ocrx_word' id='word_1_508' title='bbox 3357 3247 3521 3315; x_wconf 88' lang='lat' dir='ltr'><strong>signi-</strong></span> <span class='ocrx_word' id='word_1_509' title='bbox 3571 3267 3579 3274; x_wconf 84' lang='lat'><strong><em>-</em></strong></span> 
     </span>
    </p>
   </div>
   <div class='ocr_carea' id='block_1_63' title="bbox 295 3341 1861 3412">
    <p class='ocr_par' dir='ltr' id='par_1_63' title="bbox 295 3341 1861 3412">
     <span class='ocr_line' id='line_1_63' title="bbox 295 3341 1861 3412; baseline -0.003 -15"><span class='ocrx_word' id='word_1_510' title='bbox 295 3343 658 3397; x_wconf 86' lang='lat' dir='ltr'><strong>demonstrare</strong></span> <span class='ocrx_word' id='word_1_511' title='bbox 707 3343 817 3397; x_wconf 88' lang='lat' dir='ltr'><strong>Deo</strong></span> <span class='ocrx_word' id='word_1_512' title='bbox 861 3352 1108 3412; x_wconf 82' lang='lat' dir='ltr'><strong>quantam</strong></span> <span class='ocrx_word' id='word_1_513' title='bbox 1157 3341 1294 3409; x_wconf 92' lang='lat' dir='ltr'><strong>apud</strong></span> <span class='ocrx_word' id='word_1_514' title='bbox 1324 3356 1466 3406; x_wconf 91' lang='lat' dir='ltr'><strong>eum,</strong></span> <span class='ocrx_word' id='word_1_515' title='bbox 1499 3350 1682 3410; x_wconf 88' lang='lat' dir='ltr'><strong>utpote</strong></span> <span class='ocrx_word' id='word_1_516' title='bbox 1734 3355 1861 3410; x_wconf 81' lang='lat' dir='ltr'><strong>pro-</strong></span> 
     </span>
    </p>
   </div>
   <div class='ocr_carea' id='block_1_64' title="bbox 295 3431 1860 3504">
    <p class='ocr_par' dir='ltr' id='par_1_64' title="bbox 295 3431 1860 3504">
     <span class='ocr_line' id='line_1_64' title="bbox 295 3431 1860 3504; baseline -0.002 -15"><span class='ocrx_word' id='word_1_517' title='bbox 295 3437 443 3504; x_wconf 84' lang='lat' dir='ltr'><strong>prius</strong></span> <span class='ocrx_word' id='word_1_518' title='bbox 471 3435 716 3499; x_wconf 90' lang='lat' dir='ltr'><strong>famulus,</strong></span> <span class='ocrx_word' id='word_1_519' title='bbox 760 3434 1002 3488; x_wconf 72' lang='lat' dir='ltr'><strong>ﬁduciam</strong></span> <span class='ocrx_word' id='word_1_520' title='bbox 1039 3434 1362 3503; x_wconf 85' lang='lat' dir='ltr'><strong>possidebat.</strong></span> <span class='ocrx_word' id='word_1_521' title='bbox 1401 3431 1506 3487; x_wconf 89' lang='lat' dir='ltr'><strong>Sed</strong></span> <span class='ocrx_word' id='word_1_522' title='bbox 1547 3440 1669 3501; x_wconf 90' lang='lat' dir='ltr'><strong>post</strong></span> <span class='ocrx_word' id='word_1_523' title='bbox 1704 3447 1860 3486; x_wconf 90' lang='lat' dir='ltr'><strong>unam</strong></span> 
     </span>
    </p>
   </div>
   <div class='ocr_carea' id='block_1_65' title="bbox 295 3521 1863 3594">
    <p class='ocr_par' dir='ltr' id='par_1_65' title="bbox 295 3521 1863 3594">
     <span class='ocr_line' id='line_1_65' title="bbox 295 3521 1863 3594; baseline -0.002 -14"><span class='ocrx_word' id='word_1_524' title='bbox 295 3525 434 3580; x_wconf 88' lang='lat' dir='ltr'><strong>diem</strong></span> <span class='ocrx_word' id='word_1_525' title='bbox 470 3523 856 3579; x_wconf 87' lang='lat' dir='ltr'><strong>recouditionis</strong></span> <span class='ocrx_word' id='word_1_526' title='bbox 891 3524 1106 3592; x_wconf 78' lang='lat' dir='ltr'><strong>pretiosi</strong></span> <span class='ocrx_word' id='word_1_527' title='bbox 1149 3525 1266 3591; x_wconf 87' lang='lat' dir='ltr'><strong>ejus</strong></span> <span class='ocrx_word' id='word_1_528' title='bbox 1318 3524 1505 3590; x_wconf 88' lang='lat' dir='ltr'><strong>lipsani</strong></span> <span class='ocrx_word' id='word_1_529' title='bbox 1546 3521 1661 3594; x_wconf 87' lang='lat'><strong>(98)</strong></span> <span class='ocrx_word' id='word_1_530' title='bbox 1704 3523 1863 3577; x_wconf 84' lang='lat' dir='ltr'><strong>adve-</strong></span> 
     </span>
    </p>
   </div>
   <div class='ocr_carea' id='block_1_66' title="bbox 293 3610 1863 3678">
    <p class='ocr_par' dir='ltr' id='par_1_66' title="bbox 293 3610 1863 3678">
     <span class='ocr_line' id='line_1_66' title="bbox 293 3610 1863 3678; baseline -0.001 -13"><span class='ocrx_word' id='word_1_531' title='bbox 293 3613 464 3674; x_wconf 88' lang='lat' dir='ltr'><strong>niens,</strong></span> <span class='ocrx_word' id='word_1_532' title='bbox 496 3628 616 3666; x_wconf 89' lang='lat' dir='ltr'><strong>cum</strong></span> <span class='ocrx_word' id='word_1_533' title='bbox 648 3612 1271 3666; x_wconf 88' lang='lat' dir='ltr'><strong>andissetdormitionem</strong></span> <span class='ocrx_word' id='word_1_534' title='bbox 1309 3610 1444 3678; x_wconf 89' lang='lat' dir='ltr'><strong>ejus,</strong></span> <span class='ocrx_word' id='word_1_535' title='bbox 1469 3623 1652 3664; x_wconf 87' lang='lat' dir='ltr'><strong>amens</strong></span> <span class='ocrx_word' id='word_1_536' title='bbox 1679 3617 1733 3664; x_wconf 90' lang='lat' dir='ltr'><strong>et</strong></span> <span class='ocrx_word' id='word_1_537' title='bbox 1761 3610 1863 3664; x_wconf 90' lang='lat' dir='ltr'><strong>de-</strong></span> 
     </span>
    </p>
   </div>
   <div class='ocr_carea' id='block_1_67' title="bbox 293 3697 1860 3769">
    <p class='ocr_par' dir='ltr' id='par_1_67' title="bbox 293 3697 1860 3769">
     <span class='ocr_line' id='line_1_67' title="bbox 293 3697 1860 3769; baseline -0.002 -16"><span class='ocrx_word' id='word_1_538' title='bbox 293 3701 491 3769; x_wconf 88' lang='lat' dir='ltr'><strong>sipiens</strong></span> <span class='ocrx_word' id='word_1_539' title='bbox 521 3699 900 3768; x_wconf 90' lang='lat' dir='ltr'><strong>propemodum</strong></span> <span class='ocrx_word' id='word_1_540' title='bbox 940 3698 1076 3751; x_wconf 90' lang='lat' dir='ltr'><strong>facta</strong></span> <span class='ocrx_word' id='word_1_541' title='bbox 1114 3707 1216 3764; x_wconf 90' lang='lat' dir='ltr'><strong>est,</strong></span> <span class='ocrx_word' id='word_1_542' title='bbox 1248 3697 1559 3752; x_wconf 85' lang='lat' dir='ltr'><strong>existimans</strong></span> <span class='ocrx_word' id='word_1_543' title='bbox 1588 3697 1860 3767; x_wconf 85' lang='lat' dir='ltr'><strong>pittacium</strong></span> 
     </span>
    </p>
   </div>
   <div class='ocr_carea' id='block_1_68' title="bbox 293 3789 1864 3861">
    <p class='ocr_par' dir='ltr' id='par_1_68' title="bbox 293 3789 1864 3861">
     <span class='ocr_line' id='line_1_68' title="bbox 293 3789 1864 3861; baseline -0.001 -17"><span class='ocrx_word' id='word_1_544' title='bbox 293 3791 432 3861; x_wconf 91' lang='lat' dir='ltr'><strong>quod</strong></span> <span class='ocrx_word' id='word_1_545' title='bbox 453 3789 695 3854; x_wconf 86' lang='lat' dir='ltr'><strong>dederat,</strong></span> <span class='ocrx_word' id='word_1_546' title='bbox 717 3789 770 3842; x_wconf 91' lang='lat' dir='ltr'><strong>in</strong></span> <span class='ocrx_word' id='word_1_547' title='bbox 795 3789 1067 3858; x_wconf 68' lang='lat' dir='ltr'><strong>episcojrio</strong></span> <span class='ocrx_word' id='word_1_548' title='bbox 1095 3790 1358 3854; x_wconf 89' lang='lat' dir='ltr'><strong>relictum,</strong></span> <span class='ocrx_word' id='word_1_549' title='bbox 1390 3789 1637 3843; x_wconf 88' lang='lat' dir='ltr'><strong>omnibus</strong></span> <span class='ocrx_word' id='word_1_550' title='bbox 1666 3790 1864 3842; x_wconf 90' lang='lat' dir='ltr'><strong>faceret</strong></span> 
     </span>
    </p>
   </div>
   <div class='ocr_carea' id='block_1_69' title="bbox 291 3878 1859 3951">
    <p class='ocr_par' dir='ltr' id='par_1_69' title="bbox 291 3878 1859 3951">
     <span class='ocr_line' id='line_1_69' title="bbox 291 3878 1859 3951; baseline -0.004 -13"><span class='ocrx_word' id='word_1_551' title='bbox 291 3881 500 3951; x_wconf 88' lang='lat' dir='ltr'><strong>culpam</strong></span> <span class='ocrx_word' id='word_1_552' title='bbox 531 3880 646 3950; x_wconf 89' lang='lat' dir='ltr'><strong>ejus</strong></span> <span class='ocrx_word' id='word_1_553' title='bbox 674 3879 1026 3934; x_wconf 81' lang='lat' dir='ltr'><strong>manifestam.</strong></span> <span class='ocrx_word' id='word_1_554' title='bbox 1057 3878 1177 3933; x_wconf 87' lang='lat' dir='ltr'><strong>Cito</strong></span> <span class='ocrx_word' id='word_1_555' title='bbox 1198 3893 1324 3948; x_wconf 91' lang='lat' dir='ltr'><strong>ergo</strong></span> <span class='ocrx_word' id='word_1_556' title='bbox 1352 3880 1612 3940; x_wconf 89' lang='lat' dir='ltr'><strong>resiliens.</strong></span> <span class='ocrx_word' id='word_1_557' title='bbox 1639 3888 1692 3934; x_wconf 93' lang='lat' dir='ltr'><strong>et</strong></span> <span class='ocrx_word' id='word_1_558' title='bbox 1722 3879 1859 3947; x_wconf 81' lang='lat' dir='ltr'><strong>prio-</strong></span> 
     </span>
    </p>
   </div>
   <div class='ocr_carea' id='block_1_70' title="bbox 296 3966 1862 4035">
    <p class='ocr_par' dir='ltr' id='par_1_70' title="bbox 296 3966 1862 4035">
     <span class='ocr_line' id='line_1_70' title="bbox 296 3966 1862 4035; baseline -0.003 -11"><span class='ocrx_word' id='word_1_559' title='bbox 296 3985 408 4024; x_wconf 89' lang='lat' dir='ltr'><strong>rem</strong></span> <span class='ocrx_word' id='word_1_560' title='bbox 441 3970 597 4023; x_wconf 88' lang='lat' dir='ltr'><strong>tidem</strong></span> <span class='ocrx_word' id='word_1_561' title='bbox 627 3983 774 4022; x_wconf 88' lang='lat' dir='ltr'><strong>suam</strong></span> <span class='ocrx_word' id='word_1_562' title='bbox 817 3966 1212 4020; x_wconf 88' lang='lat' dir='ltr'><strong>indubitabilem</strong></span> <span class='ocrx_word' id='word_1_563' title='bbox 1257 3981 1416 4035; x_wconf 88' lang='lat' dir='ltr'><strong>super</strong></span> <span class='ocrx_word' id='word_1_564' title='bbox 1448 3968 1680 4022; x_wconf 90' lang='lat' dir='ltr'><strong>animam</strong></span> <span class='ocrx_word' id='word_1_565' title='bbox 1714 3981 1862 4022; x_wconf 80' lang='lat' dir='ltr'><strong>resu-</strong></span> 
     </span>
    </p>
   </div>
   <div class='ocr_carea' id='block_1_71' title="bbox 223 4055 1861 4134">
    <p class='ocr_par' dir='ltr' id='par_1_71' title="bbox 223 4055 1861 4134">
     <span class='ocr_line' id='line_1_71' title="bbox 223 4055 1861 4134; baseline -0.002 -19"><span class='ocrx_word' id='word_1_566' title='bbox 223 4131 225 4134; x_wconf 8' lang='lat' dir='ltr'><strong>g</strong></span> <span class='ocrx_word' id='word_1_567' title='bbox 294 4074 466 4126; x_wconf 88' lang='lat' dir='ltr'><strong>mens,</strong></span> <span class='ocrx_word' id='word_1_568' title='bbox 491 4073 665 4113; x_wconf 88' lang='lat' dir='ltr'><strong>arcam</strong></span> <span class='ocrx_word' id='word_1_569' title='bbox 697 4073 724 4111; x_wconf 91' lang='lat' dir='ltr'><strong>a</strong></span> <span class='ocrx_word' id='word_1_570' title='bbox 758 4057 865 4112; x_wconf 93' lang='lat' dir='ltr'><strong>Deo</strong></span> <span class='ocrx_word' id='word_1_571' title='bbox 906 4055 1148 4111; x_wconf 88' lang='lat' dir='ltr'><strong>honorati</strong></span> <span class='ocrx_word' id='word_1_572' title='bbox 1190 4057 1569 4127; x_wconf 89' lang='lat' dir='ltr'><strong>apprehendit;</strong></span> <span class='ocrx_word' id='word_1_573' title='bbox 1609 4067 1683 4124; x_wconf 89' lang='lat' dir='ltr'><strong>et,</strong></span> <span class='ocrx_word' id='word_1_574' title='bbox 1724 4058 1861 4111; x_wconf 89' lang='lat' dir='ltr'><strong>sicut</strong></span> 
     </span>
    </p>
   </div>
   <div class='ocr_carea' id='block_1_72' title="bbox 295 4147 1860 4218">
    <p class='ocr_par' dir='ltr' id='par_1_72' title="bbox 295 4147 1860 4218">
     <span class='ocr_line' id='line_1_72' title="bbox 295 4147 1860 4218; baseline -0.003 -13"><span class='ocrx_word' id='word_1_575' title='bbox 295 4150 488 4205; x_wconf 87' lang='lat' dir='ltr'><strong>viventl</strong></span> <span class='ocrx_word' id='word_1_576' title='bbox 513 4151 560 4204; x_wconf 92' lang='lat' dir='ltr'><strong>ei</strong></span> <span class='ocrx_word' id='word_1_577' title='bbox 605 4151 888 4210; x_wconf 89' lang='lat' dir='ltr'><strong>veraciter,</strong></span> <span class='ocrx_word' id='word_1_578' title='bbox 927 4149 997 4202; x_wconf 89' lang='lat' dir='ltr'><strong>ita</strong></span> <span class='ocrx_word' id='word_1_579' title='bbox 1053 4149 1258 4203; x_wconf 88' lang='lat' dir='ltr'><strong>turbata</strong></span> <span class='ocrx_word' id='word_1_580' title='bbox 1291 4149 1600 4218; x_wconf 89' lang='lat' dir='ltr'><strong>perhibebat</strong></span> <span class='ocrx_word' id='word_1_581' title='bbox 1633 4165 1647 4201; x_wconf 86' lang='lat'><strong>:</strong></span> <span class='ocrx_word' id='word_1_582' title='bbox 1692 4147 1860 4201; x_wconf 78' lang='lat' dir='ltr'><strong>Homo</strong></span> 
     </span>
    </p>
   </div>
   <div class='ocr_carea' id='block_1_73' title="bbox 294 4237 1856 4308">
    <p class='ocr_par' dir='ltr' id='par_1_73' title="bbox 294 4237 1856 4308">
     <span class='ocr_line' id='line_1_73' title="bbox 294 4237 1856 4308; baseline -0.003 -12"><span class='ocrx_word' id='word_1_583' title='bbox 294 4239 412 4306; x_wconf 85' lang='lat' dir='ltr'><strong>Dei,</strong></span> <span class='ocrx_word' id='word_1_584' title='bbox 444 4239 536 4294; x_wconf 90' lang='lat' dir='ltr'><strong>tibi</strong></span> <span class='ocrx_word' id='word_1_585' title='bbox 561 4239 663 4294; x_wconf 88' lang='lat' dir='ltr'><strong>hoc</strong></span> <span class='ocrx_word' id='word_1_586' title='bbox 700 4247 972 4307; x_wconf 85' lang='lat' dir='ltr'><strong>peccatum</strong></span> <span class='ocrx_word' id='word_1_587' title='bbox 1011 4253 1116 4293; x_wconf 92' lang='lat' dir='ltr'><strong>non</strong></span> <span class='ocrx_word' id='word_1_588' title='bbox 1149 4239 1292 4308; x_wconf 91' lang='lat' dir='ltr'><strong>potui</strong></span> <span class='ocrx_word' id='word_1_589' title='bbox 1317 4253 1590 4305; x_wconf 91' lang='lat' dir='ltr'><strong>enarrare,</strong></span> <span class='ocrx_word' id='word_1_590' title='bbox 1624 4252 1688 4293; x_wconf 91' lang='lat' dir='ltr'><strong>eo</strong></span> <span class='ocrx_word' id='word_1_591' title='bbox 1717 4237 1856 4306; x_wconf 90' lang='lat' dir='ltr'><strong>quod</strong></span> 
     </span>
    </p>
   </div>
   <div class='ocr_carea' id='block_1_74' title="bbox 293 4329 1859 4398">
    <p class='ocr_par' dir='ltr' id='par_1_74' title="bbox 293 4329 1859 4398">
     <span class='ocr_line' id='line_1_74' title="bbox 293 4329 1859 4398; baseline -0.001 -14"><span class='ocrx_word' id='word_1_592' title='bbox 293 4344 453 4398; x_wconf 82' lang='lat' dir='ltr'><strong>supra</strong></span> <span class='ocrx_word' id='word_1_593' title='bbox 483 4329 696 4384; x_wconf 89' lang='lat' dir='ltr'><strong>modum</strong></span> <span class='ocrx_word' id='word_1_594' title='bbox 729 4329 985 4384; x_wconf 86' lang='lat' dir='ltr'><strong>existeret</strong></span> <span class='ocrx_word' id='word_1_595' title='bbox 1010 4343 1193 4398; x_wconf 88' lang='lat' dir='ltr'><strong>grave,</strong></span> <span class='ocrx_word' id='word_1_596' title='bbox 1225 4337 1277 4384; x_wconf 90' lang='lat' dir='ltr'><strong>et</strong></span> <span class='ocrx_word' id='word_1_597' title='bbox 1299 4343 1424 4384; x_wconf 90' lang='lat' dir='ltr'><strong>ecce</strong></span> <span class='ocrx_word' id='word_1_598' title='bbox 1452 4343 1592 4384; x_wconf 90' lang='lat' dir='ltr'><strong>nunc</strong></span> <span class='ocrx_word' id='word_1_599' title='bbox 1614 4329 1859 4384; x_wconf 89' lang='lat' dir='ltr'><strong>omnibus</strong></span> 
     </span>
    </p>
   </div>
   <div class='ocr_carea' id='block_1_75' title="bbox 276 4418 1856 4487">
    <p class='ocr_par' dir='ltr' id='par_1_75' title="bbox 276 4418 1856 4487">
     <span class='ocr_line' id='line_1_75' title="bbox 276 4418 1856 4487; baseline 0 -14"><span class='ocrx_word' id='word_1_600' title='bbox 276 4419 487 4474; x_wconf 87' lang='lat' dir='ltr'><strong>.factum</strong></span> <span class='ocrx_word' id='word_1_601' title='bbox 513 4429 595 4474; x_wconf 90' lang='lat' dir='ltr'><strong>est</strong></span> <span class='ocrx_word' id='word_1_602' title='bbox 621 4419 836 4474; x_wconf 82' lang='lat' dir='ltr'><strong>forsitan</strong></span> <span class='ocrx_word' id='word_1_603' title='bbox 867 4418 1198 4473; x_wconf 88' lang='lat' dir='ltr'><strong>manifestum</strong></span> <span class='ocrx_word' id='word_1_604' title='bbox 1241 4428 1295 4474; x_wconf 90' lang='lat' dir='ltr'><strong>et</strong></span> <span class='ocrx_word' id='word_1_605' title='bbox 1317 4419 1582 4487; x_wconf 88' lang='lat' dir='ltr'><strong>cognitum</strong></span> <span class='ocrx_word' id='word_1_606' title='bbox 1611 4437 1626 4486; x_wconf 92' lang='lat'><strong>;</strong></span> <span class='ocrx_word' id='word_1_607' title='bbox 1657 4420 1856 4473; x_wconf 90' lang='lat' dir='ltr'><strong>utinam</strong></span> 
     </span>
    </p>
   </div>
   <div class='ocr_carea' id='block_1_76' title="bbox 293 4509 1850 4565">
    <p class='ocr_par' dir='ltr' id='par_1_76' title="bbox 293 4509 1850 4565">
     <span class='ocr_line' id='line_1_76' title="bbox 293 4509 1850 4565; baseline 0 -1"><span class='ocrx_word' id='word_1_608' title='bbox 293 4525 398 4564; x_wconf 87' lang='lat' dir='ltr'><strong>non</strong></span> <span class='ocrx_word' id='word_1_609' title='bbox 429 4509 524 4564; x_wconf 88' lang='lat' dir='ltr'><strong>tibi</strong></span> <span class='ocrx_word' id='word_1_610' title='bbox 552 4525 661 4565; x_wconf 93' lang='lat' dir='ltr'><strong>rem</strong></span> <span class='ocrx_word' id='word_1_611' title='bbox 693 4525 864 4564; x_wconf 85' lang='lat' dir='ltr'><strong>meam</strong></span> <span class='ocrx_word' id='word_1_612' title='bbox 891 4509 1332 4564; x_wconf 85' lang='lat' dir='ltr'><strong>manifestassem.</strong></span> <span class='ocrx_word' id='word_1_613' title='bbox 1365 4509 1478 4564; x_wconf 82' lang='lat' dir='ltr'><strong>Heu</strong></span> <span class='ocrx_word' id='word_1_614' title='bbox 1504 4511 1517 4564; x_wconf 87' lang='lat'>!</span> <span class='ocrx_word' id='word_1_615' title='bbox 1551 4511 1654 4565; x_wconf 89' lang='lat' dir='ltr'><strong>heu</strong></span> <span class='ocrx_word' id='word_1_616' title='bbox 1685 4510 1810 4564; x_wconf 90' lang='lat' dir='ltr'><strong>mihi</strong></span> <span class='ocrx_word' id='word_1_617' title='bbox 1839 4512 1850 4564; x_wconf 87' lang='lat'><strong>!</strong></span> 
     </span>
    </p>
   </div>
   <div class='ocr_carea' id='block_1_77' title="bbox 1965 3336 3521 3406">
    <p class='ocr_par' dir='ltr' id='par_1_77' title="bbox 1965 3336 3521 3406">
     <span class='ocr_line' id='line_1_77' title="bbox 1965 3336 3521 3406; baseline 0.001 -16"><span class='ocrx_word' id='word_1_618' title='bbox 1965 3336 2084 3390; x_wconf 85' lang='lat' dir='ltr'><strong>ticat</strong></span> <span class='ocrx_word' id='word_1_619' title='bbox 2115 3338 2308 3406; x_wconf 91' lang='lat' dir='ltr'><strong>proprii</strong></span> <span class='ocrx_word' id='word_1_620' title='bbox 2335 3338 2571 3406; x_wconf 90' lang='lat' dir='ltr'><strong>corporis</strong></span> <span class='ocrx_word' id='word_1_621' title='bbox 2597 3337 3003 3406; x_wconf 81' lang='lat' dir='ltr'><strong>scparationem,</strong></span> <span class='ocrx_word' id='word_1_622' title='bbox 3036 3346 3088 3392; x_wconf 92' lang='lat' dir='ltr'><strong>et</strong></span> <span class='ocrx_word' id='word_1_623' title='bbox 3110 3352 3266 3391; x_wconf 84' lang='lat' dir='ltr'><strong>unam</strong></span> <span class='ocrx_word' id='word_1_624' title='bbox 3292 3337 3521 3405; x_wconf 89' lang='lat' dir='ltr'><strong>puellam</strong></span> 
     </span>
    </p>
   </div>
   <div class='ocr_carea' id='block_1_78' title="bbox 1965 3428 3522 3497">
    <p class='ocr_par' dir='ltr' id='par_1_78' title="bbox 1965 3428 3522 3497">
     <span class='ocr_line' id='line_1_78' title="bbox 1965 3428 3522 3497; baseline -0.001 -15"><span class='ocrx_word' id='word_1_625' title='bbox 1965 3436 2022 3483; x_wconf 93' lang='lat' dir='ltr'><strong>ut</strong></span> <span class='ocrx_word' id='word_1_626' title='bbox 2048 3429 2240 3494; x_wconf 88' lang='lat' dir='ltr'><strong>solem,</strong></span> <span class='ocrx_word' id='word_1_627' title='bbox 2268 3428 2647 3497; x_wconf 88' lang='lat' dir='ltr'><strong>suscipientem</strong></span> <span class='ocrx_word' id='word_1_628' title='bbox 2677 3443 2820 3493; x_wconf 92' lang='lat' dir='ltr'><strong>eum,</strong></span> <span class='ocrx_word' id='word_1_629' title='bbox 2851 3435 2904 3481; x_wconf 92' lang='lat' dir='ltr'><strong>et</strong></span> <span class='ocrx_word' id='word_1_630' title='bbox 2954 3442 3110 3482; x_wconf 88' lang='lat' dir='ltr'><strong>manu</strong></span> <span class='ocrx_word' id='word_1_631' title='bbox 3157 3435 3442 3490; x_wconf 79' lang='lat' dir='ltr'><strong>tenentem,</strong></span> <span class='ocrx_word' id='word_1_632' title='bbox 3470 3438 3522 3480; x_wconf 85' lang='lat' dir='ltr'><strong>et</strong></span> 
     </span>
    </p>
   </div>
   <div class='ocr_carea' id='block_1_79' title="bbox 1961 3518 3521 3588">
    <p class='ocr_par' dir='ltr' id='par_1_79' title="bbox 1961 3518 3521 3588">
     <span class='ocr_line' id='line_1_79' title="bbox 1961 3518 3521 3588; baseline -0.004 -15"><span class='ocrx_word' id='word_1_633' title='bbox 1961 3532 2121 3588; x_wconf 88' lang='lat' dir='ltr'><strong>super</strong></span> <span class='ocrx_word' id='word_1_634' title='bbox 2150 3529 2308 3588; x_wconf 88' lang='lat' dir='ltr'><strong>caput</strong></span> <span class='ocrx_word' id='word_1_635' title='bbox 2332 3533 2584 3574; x_wconf 91' lang='lat' dir='ltr'><strong>coronam</strong></span> <span class='ocrx_word' id='word_1_636' title='bbox 2615 3533 2679 3573; x_wconf 86' lang='lat' dir='ltr'><strong>ex</strong></span> <span class='ocrx_word' id='word_1_637' title='bbox 2704 3519 2836 3572; x_wconf 83' lang='lat' dir='ltr'><strong>oleae</strong></span> <span class='ocrx_word' id='word_1_638' title='bbox 2865 3519 3026 3572; x_wconf 90' lang='lat' dir='ltr'><strong>ramis</strong></span> <span class='ocrx_word' id='word_1_639' title='bbox 3050 3518 3521 3572; x_wconf 85' lang='lat' dir='ltr'><strong>circumamictam.</strong></span> 
     </span>
    </p>
   </div>
   <div class='ocr_carea' id='block_1_80' title="bbox 1963 3608 3522 3678">
    <p class='ocr_par' dir='ltr' id='par_1_80' title="bbox 1963 3608 3522 3678">
     <span class='ocr_line' id='line_1_80' title="bbox 1963 3608 3522 3678; baseline -0.003 -16"><span class='ocrx_word' id='word_1_640' title='bbox 1963 3609 2080 3663; x_wconf 85' lang='lat' dir='ltr'><strong>Mox</strong></span> <span class='ocrx_word' id='word_1_641' title='bbox 2107 3623 2234 3678; x_wconf 82' lang='lat' dir='ltr'><strong>ergo</strong></span> <span class='ocrx_word' id='word_1_642' title='bbox 2263 3610 2473 3678; x_wconf 84' lang='lat' dir='ltr'><strong>agnovit</strong></span> <span class='ocrx_word' id='word_1_643' title='bbox 2511 3618 2725 3664; x_wconf 89' lang='lat' dir='ltr'><strong>sanctus</strong></span> <span class='ocrx_word' id='word_1_644' title='bbox 2767 3608 2992 3662; x_wconf 88' lang='lat' dir='ltr'><strong>Sabirnrs</strong></span> <span class='ocrx_word' id='word_1_645' title='bbox 3022 3608 3388 3676; x_wconf 77' lang='lat' dir='ltr'><strong>migrationem</strong></span> <span class='ocrx_word' id='word_1_646' title='bbox 3432 3619 3522 3675; x_wconf 82' lang='lat' dir='ltr'><strong>pa-</strong></span> 
     </span>
    </p>
   </div>
   <div class='ocr_carea' id='block_1_81' title="bbox 1964 3696 3522 3766">
    <p class='ocr_par' dir='ltr' id='par_1_81' title="bbox 1964 3696 3522 3766">
     <span class='ocr_line' id='line_1_81' title="bbox 1964 3696 3522 3766; baseline -0.003 -13"><span class='ocrx_word' id='word_1_647' title='bbox 1964 3700 2208 3754; x_wconf 74' lang='lat' dir='ltr'><strong>triarcha:</strong></span> <span class='ocrx_word' id='word_1_648' title='bbox 2241 3701 2307 3754; x_wconf 86' lang='lat' dir='ltr'><strong>ad</strong></span> <span class='ocrx_word' id='word_1_649' title='bbox 2345 3701 2622 3754; x_wconf 90' lang='lat' dir='ltr'><strong>Dominum</strong></span> <span class='ocrx_word' id='word_1_650' title='bbox 2651 3699 2760 3766; x_wconf 89' lang='lat' dir='ltr'><strong>ipsa</strong></span> <span class='ocrx_word' id='word_1_651' title='bbox 2793 3699 2918 3752; x_wconf 88' lang='lat' dir='ltr'><strong>hora</strong></span> <span class='ocrx_word' id='word_1_652' title='bbox 2952 3698 3112 3750; x_wconf 83' lang='lat' dir='ltr'><strong>fuisse</strong></span> <span class='ocrx_word' id='word_1_653' title='bbox 3143 3697 3352 3751; x_wconf 85' lang='lat' dir='ltr'><strong>factam.</strong></span> <span class='ocrx_word' id='word_1_654' title='bbox 3385 3696 3522 3763; x_wconf 87' lang='lat' dir='ltr'><strong>Qua-</strong></span> 
     </span>
    </p>
   </div>
   <div class='ocr_carea' id='block_1_82' title="bbox 1963 3787 3522 3858">
    <p class='ocr_par' dir='ltr' id='par_1_82' title="bbox 1963 3787 3522 3858">
     <span class='ocr_line' id='line_1_82' title="bbox 1963 3787 3522 3858; baseline 0.004 -20"><span class='ocrx_word' id='word_1_655' title='bbox 1963 3799 2174 3858; x_wconf 90' lang='lat' dir='ltr'><strong>propter</strong></span> <span class='ocrx_word' id='word_1_656' title='bbox 2202 3787 2515 3843; x_wconf 89' lang='lat' dir='ltr'><strong>adnotautes</strong></span> <span class='ocrx_word' id='word_1_657' title='bbox 2563 3789 2775 3856; x_wconf 89' lang='lat' dir='ltr'><strong>quidem</strong></span> <span class='ocrx_word' id='word_1_658' title='bbox 2831 3803 3067 3842; x_wconf 85' lang='lat' dir='ltr'><strong>mensem</strong></span> <span class='ocrx_word' id='word_1_659' title='bbox 3101 3798 3154 3842; x_wconf 92' lang='lat' dir='ltr'><strong>et</strong></span> <span class='ocrx_word' id='word_1_660' title='bbox 3201 3790 3365 3855; x_wconf 88' lang='lat' dir='ltr'><strong>diem,</strong></span> <span class='ocrx_word' id='word_1_661' title='bbox 3410 3797 3522 3844; x_wconf 87' lang='lat' dir='ltr'><strong>erat</strong></span> 
     </span>
    </p>
   </div>
   <div class='ocr_carea' id='block_1_83' title="bbox 1961 3878 3521 3951">
    <p class='ocr_par' dir='ltr' id='par_1_83' title="bbox 1961 3878 3521 3951">
     <span class='ocr_line' id='line_1_83' title="bbox 1961 3878 3521 3951; baseline 0.002 -19"><span class='ocrx_word' id='word_1_662' title='bbox 1961 3881 2102 3932; x_wconf 90' lang='lat' dir='ltr'><strong>enim</strong></span> <span class='ocrx_word' id='word_1_663' title='bbox 2130 3879 2375 3943; x_wconf 90' lang='lat' dir='ltr'><strong>celebris,</strong></span> <span class='ocrx_word' id='word_1_664' title='bbox 2399 3879 2644 3933; x_wconf 90' lang='lat' dir='ltr'><strong>videlicet</strong></span> <span class='ocrx_word' id='word_1_665' title='bbox 2664 3879 2830 3933; x_wconf 89' lang='lat' dir='ltr'><strong>sancti</strong></span> <span class='ocrx_word' id='word_1_666' title='bbox 2854 3878 3100 3950; x_wconf 87' lang='lat' dir='ltr'><strong>martyris</strong></span> <span class='ocrx_word' id='word_1_667' title='bbox 3122 3881 3324 3934; x_wconf 69' lang='lat' dir='ltr'><strong>Menum</strong></span> <span class='ocrx_word' id='word_1_668' title='bbox 3349 3879 3521 3951; x_wconf 90' lang='lat' dir='ltr'><strong>(l00),</strong></span> 
     </span>
    </p>
   </div>
   <div class='ocr_carea' id='block_1_84' title="bbox 1961 3967 3522 4038">
    <p class='ocr_par' dir='ltr' id='par_1_84' title="bbox 1961 3967 3522 4038">
     <span class='ocr_line' id='line_1_84' title="bbox 1961 3967 3522 4038; baseline 0.003 -19"><span class='ocrx_word' id='word_1_669' title='bbox 1961 3967 2274 4036; x_wconf 90' lang='lat' dir='ltr'><strong>quibusdam</strong></span> <span class='ocrx_word' id='word_1_670' title='bbox 2300 3968 2628 4022; x_wconf 88' lang='lat' dir='ltr'><strong>venientibus</strong></span> <span class='ocrx_word' id='word_1_671' title='bbox 2658 3969 2723 4022; x_wconf 91' lang='lat' dir='ltr'><strong>de</strong></span> <span class='ocrx_word' id='word_1_672' title='bbox 2760 3967 2932 4037; x_wconf 82' lang='lat' dir='ltr'><strong>Cypro</strong></span> <span class='ocrx_word' id='word_1_673' title='bbox 2987 3979 3386 4038; x_wconf 77' lang='lat' dir='ltr'><strong>percuncrantes</strong></span> <span class='ocrx_word' id='word_1_674' title='bbox 3414 3970 3522 4038; x_wconf 67' lang='lat' dir='ltr'><strong>qui«</strong></span> 
     </span>
    </p>
   </div>
   <div class='ocr_carea' id='block_1_85' title="bbox 1962 4056 3520 4127">
    <p class='ocr_par' dir='ltr' id='par_1_85' title="bbox 1962 4056 3520 4127">
     <span class='ocr_line' id='line_1_85' title="bbox 1962 4056 3520 4127; baseline 0.002 -16"><span class='ocrx_word' id='word_1_675' title='bbox 1962 4056 2084 4113; x_wconf 84' lang='lat' dir='ltr'><strong>dam</strong></span> <span class='ocrx_word' id='word_1_676' title='bbox 2114 4057 2204 4126; x_wconf 90' lang='lat' dir='ltr'><strong>qui</strong></span> <span class='ocrx_word' id='word_1_677' title='bbox 2235 4056 2541 4113; x_wconf 87' lang='lat' dir='ltr'><strong>habitabant</strong></span> <span class='ocrx_word' id='word_1_678' title='bbox 2565 4058 2898 4113; x_wconf 65' lang='lat' dir='ltr'><strong>Alexandriae</strong></span> <span class='ocrx_word' id='word_1_679' title='bbox 2925 4058 2990 4112; x_wconf 85' lang='lat' dir='ltr'><strong>de</strong></span> <span class='ocrx_word' id='word_1_680' title='bbox 3016 4058 3326 4127; x_wconf 86' lang='lat' dir='ltr'><strong>migratione</strong></span> <span class='ocrx_word' id='word_1_681' title='bbox 3354 4059 3520 4114; x_wconf 88' lang='lat' dir='ltr'><strong>sancti</strong></span> 
     </span>
    </p>
   </div>
   <div class='ocr_carea' id='block_1_86' title="bbox 1963 4147 3522 4217">
    <p class='ocr_par' dir='ltr' id='par_1_86' title="bbox 1963 4147 3522 4217">
     <span class='ocr_line' id='line_1_86' title="bbox 1963 4147 3522 4217; baseline 0.002 -19"><span class='ocrx_word' id='word_1_682' title='bbox 1963 4147 2293 4215; x_wconf 61' lang='lat' dir='ltr'><strong>patriarchas,</strong></span> <span class='ocrx_word' id='word_1_683' title='bbox 2338 4158 2662 4217; x_wconf 89' lang='lat' dir='ltr'><strong>agnoverunt</strong></span> <span class='ocrx_word' id='word_1_684' title='bbox 2707 4163 2884 4202; x_wconf 89' lang='lat' dir='ltr'><strong>veram</strong></span> <span class='ocrx_word' id='word_1_685' title='bbox 2930 4147 3090 4202; x_wconf 73' lang='lat' dir='ltr'><strong>fuisse</strong></span> <span class='ocrx_word' id='word_1_686' title='bbox 3133 4147 3406 4209; x_wconf 89' lang='lat' dir='ltr'><strong>visionem,</strong></span> <span class='ocrx_word' id='word_1_687' title='bbox 3453 4161 3522 4201; x_wconf 92' lang='lat' dir='ltr'><strong>eo</strong></span> 
     </span>
    </p>
   </div>
   <div class='ocr_carea' id='block_1_87' title="bbox 1959 4237 3522 4309">
    <p class='ocr_par' dir='ltr' id='par_1_87' title="bbox 1959 4237 3522 4309">
     <span class='ocr_line' id='line_1_87' title="bbox 1959 4237 3522 4309; baseline 0.001 -18"><span class='ocrx_word' id='word_1_688' title='bbox 1959 4237 2098 4307; x_wconf 91' lang='lat' dir='ltr'><strong>quod</strong></span> <span class='ocrx_word' id='word_1_689' title='bbox 2128 4238 2311 4294; x_wconf 89' lang='lat' dir='ltr'><strong>eadem</strong></span> <span class='ocrx_word' id='word_1_690' title='bbox 2343 4239 2470 4294; x_wconf 88' lang='lat' dir='ltr'><strong>hora</strong></span> <span class='ocrx_word' id='word_1_691' title='bbox 2500 4240 2651 4295; x_wconf 91' lang='lat' dir='ltr'><strong>fleret</strong></span> <span class='ocrx_word' id='word_1_692' title='bbox 2681 4239 2733 4293; x_wconf 93' lang='lat' dir='ltr'><strong>in</strong></span> <span class='ocrx_word' id='word_1_693' title='bbox 2761 4255 2859 4309; x_wconf 91' lang='lat' dir='ltr'><strong>qua</strong></span> <span class='ocrx_word' id='word_1_694' title='bbox 2890 4240 3020 4295; x_wconf 85' lang='lat' dir='ltr'><strong>obiit</strong></span> <span class='ocrx_word' id='word_1_695' title='bbox 3045 4239 3248 4304; x_wconf 88' lang='lat' dir='ltr'><strong>beatus,</strong></span> <span class='ocrx_word' id='word_1_696' title='bbox 3278 4248 3331 4293; x_wconf 92' lang='lat' dir='ltr'><strong>et</strong></span> <span class='ocrx_word' id='word_1_697' title='bbox 3355 4239 3522 4292; x_wconf 82' lang='lat' dir='ltr'><strong>maxi—</strong></span> 
     </span>
    </p>
   </div>
   <div class='ocr_carea' id='block_1_88' title="bbox 1961 4328 3521 4398">
    <p class='ocr_par' dir='ltr' id='par_1_88' title="bbox 1961 4328 3521 4398">
     <span class='ocr_line' id='line_1_88' title="bbox 1961 4328 3521 4398; baseline 0.003 -17"><span class='ocrx_word' id='word_1_698' title='bbox 1961 4343 2047 4383; x_wconf 89' lang='lat' dir='ltr'><strong>me</strong></span> <span class='ocrx_word' id='word_1_699' title='bbox 2075 4328 2142 4384; x_wconf 92' lang='lat' dir='ltr'><strong>de</strong></span> <span class='ocrx_word' id='word_1_700' title='bbox 2165 4329 2410 4398; x_wconf 87' lang='lat' dir='ltr'><strong>exemplo</strong></span> <span class='ocrx_word' id='word_1_701' title='bbox 2440 4329 2628 4398; x_wconf 54' lang='lat' dir='ltr'><strong>puellae</strong></span> <span class='ocrx_word' id='word_1_702' title='bbox 2657 4344 2774 4398; x_wconf 63' lang='lat' dir='ltr'><strong>quae</strong></span> <span class='ocrx_word' id='word_1_703' title='bbox 2803 4344 2960 4383; x_wconf 92' lang='lat' dir='ltr'><strong>manu</strong></span> <span class='ocrx_word' id='word_1_704' title='bbox 2985 4331 3194 4384; x_wconf 87' lang='lat' dir='ltr'><strong>tenebat</strong></span> <span class='ocrx_word' id='word_1_705' title='bbox 3231 4343 3373 4382; x_wconf 90' lang='lat' dir='ltr'><strong>eum.</strong></span> <span class='ocrx_word' id='word_1_706' title='bbox 3406 4330 3521 4386; x_wconf 81' lang='lat' dir='ltr'><strong>Ac-</strong></span> 
     </span>
    </p>
   </div>
   <div class='ocr_carea' id='block_1_89' title="bbox 1958 4418 3519 4489">
    <p class='ocr_par' dir='ltr' id='par_1_89' title="bbox 1958 4418 3519 4489">
     <span class='ocr_line' id='line_1_89' title="bbox 1958 4418 3519 4489; baseline 0 -16"><span class='ocrx_word' id='word_1_707' title='bbox 1958 4428 2175 4489; x_wconf 90' lang='lat' dir='ltr'><strong>ceperat</strong></span> <span class='ocrx_word' id='word_1_708' title='bbox 2201 4421 2343 4476; x_wconf 88' lang='lat' dir='ltr'><strong>enim</strong></span> <span class='ocrx_word' id='word_1_709' title='bbox 2379 4421 2818 4489; x_wconf 89' lang='lat' dir='ltr'><strong>repromissiones</strong></span> <span class='ocrx_word' id='word_1_710' title='bbox 2847 4421 2913 4473; x_wconf 90' lang='lat' dir='ltr'><strong>ab</strong></span> <span class='ocrx_word' id='word_1_711' title='bbox 2939 4435 3000 4476; x_wconf 90' lang='lat' dir='ltr'><strong>ea</strong></span> <span class='ocrx_word' id='word_1_712' title='bbox 3033 4428 3266 4484; x_wconf 90' lang='lat' dir='ltr'><strong>sanctus,</strong></span> <span class='ocrx_word' id='word_1_713' title='bbox 3299 4418 3436 4473; x_wconf 89' lang='lat' dir='ltr'><strong>sicut</strong></span> <span class='ocrx_word' id='word_1_714' title='bbox 3467 4419 3519 4473; x_wconf 93' lang='lat' dir='ltr'><strong>in</strong></span> 
     </span>
    </p>
   </div>
   <div class='ocr_carea' id='block_1_90' title="bbox 1959 4507 3518 4579">
    <p class='ocr_par' dir='ltr' id='par_1_90' title="bbox 1959 4507 3518 4579">
     <span class='ocr_line' id='line_1_90' title="bbox 1959 4507 3518 4579; baseline 0 -16"><span class='ocrx_word' id='word_1_715' title='bbox 1959 4510 2382 4579; x_wconf 63' lang='lat' dir='ltr'><strong>praecedentibus</strong></span> <span class='ocrx_word' id='word_1_716' title='bbox 2428 4511 2605 4566; x_wconf 86' lang='lat' dir='ltr'><strong>verbis</strong></span> <span class='ocrx_word' id='word_1_717' title='bbox 2657 4508 2786 4564; x_wconf 66' lang='lat' dir='ltr'><strong>Vitae</strong></span> <span class='ocrx_word' id='word_1_718' title='bbox 2829 4510 3060 4564; x_wconf 85' lang='lat' dir='ltr'><strong>diximus</strong></span> <span class='ocrx_word' id='word_1_719' title='bbox 3108 4509 3287 4578; x_wconf 85' lang='lat' dir='ltr'><strong>(Sup.,</strong></span> <span class='ocrx_word' id='word_1_720' title='bbox 3329 4523 3374 4560; x_wconf 86' lang='lat' dir='ltr'><strong>c.</strong></span> <span class='ocrx_word' id='word_1_721' title='bbox 3418 4507 3518 4577; x_wconf 87' lang='lat'><strong>7):</strong></span> 
     </span>
    </p>
   </div>
   <div class='ocr_carea' id='block_1_91' title="bbox 294 4581 3519 4670">
    <p class='ocr_par' dir='ltr' id='par_1_91' title="bbox 294 4581 3519 4670">
     <span class='ocr_line' id='line_1_91' title="bbox 294 4581 3519 4670; baseline 0.001 -22"><span class='ocrx_word' id='word_1_722' title='bbox 294 4599 836 4667; x_wconf 74' lang='lat' dir='ltr'><strong>putansconfusioms</strong></span> <span class='ocrx_word' id='word_1_723' title='bbox 883 4598 1271 4653; x_wconf 86' lang='lat' dir='ltr'><strong>absolutionem</strong></span> <span class='ocrx_word' id='word_1_724' title='bbox 1322 4599 1580 4668; x_wconf 88' lang='lat' dir='ltr'><strong>invenire,</strong></span> <span class='ocrx_word' id='word_1_725' title='bbox 1613 4599 1854 4655; x_wconf 89' lang='lat' dir='ltr'><strong>confusio</strong></span> <span class='ocrx_word' id='word_1_726' title='bbox 1883 4581 1934 4640; x_wconf 83' lang='grc' dir='ltr'>Ῑ)</span> <span class='ocrx_word' id='word_1_727' title='bbox 1958 4599 2088 4666; x_wconf 88' lang='lat' dir='ltr'><strong>Quia</strong></span> <span class='ocrx_word' id='word_1_728' title='bbox 2118 4601 2162 4654; x_wconf 86' lang='lat' dir='ltr'><strong>si</strong></span> <span class='ocrx_word' id='word_1_729' title='bbox 2194 4615 2278 4654; x_wconf 91' lang='lat' dir='ltr'><strong>me</strong></span> <span class='ocrx_word' id='word_1_730' title='bbox 2307 4600 2543 4670; x_wconf 86' lang='lat' dir='ltr'><strong>possides</strong></span> <span class='ocrx_word' id='word_1_731' title='bbox 2572 4599 2819 4665; x_wconf 88' lang='lat' dir='ltr'><strong>amicam,</strong></span> <span class='ocrx_word' id='word_1_732' title='bbox 2859 4614 2958 4666; x_wconf 83' lang='lat' dir='ltr'><strong>ego</strong></span> <span class='ocrx_word' id='word_1_733' title='bbox 2982 4607 3032 4652; x_wconf 90' lang='lat' dir='ltr'><strong>te</strong></span> <span class='ocrx_word' id='word_1_734' title='bbox 3058 4609 3179 4653; x_wconf 90' lang='lat' dir='ltr'><strong>ante</strong></span> <span class='ocrx_word' id='word_1_735' title='bbox 3227 4596 3519 4666; x_wconf 84' lang='lat' dir='ltr'><strong>imperato-</strong></span> 
     </span>
    </p>
   </div>
   <div class='ocr_carea' id='block_1_92' title="bbox 294 4686 1852 4760">
    <p class='ocr_par' dir='ltr' id='par_1_92' title="bbox 294 4686 1852 4760">
     <span class='ocr_line' id='line_1_92' title="bbox 294 4686 1852 4760; baseline 0.004 -20"><span class='ocrx_word' id='word_1_736' title='bbox 294 4686 539 4740; x_wconf 88' lang='lat' dir='ltr'><strong>omnibus</strong></span> <span class='ocrx_word' id='word_1_737' title='bbox 563 4687 696 4740; x_wconf 88' lang='lat' dir='ltr'><strong>faeta</strong></span> <span class='ocrx_word' id='word_1_738' title='bbox 723 4703 872 4751; x_wconf 90' lang='lat' dir='ltr'><strong>sum;</strong></span> <span class='ocrx_word' id='word_1_739' title='bbox 897 4701 992 4756; x_wconf 91' lang='lat' dir='ltr'><strong>pro</strong></span> <span class='ocrx_word' id='word_1_740' title='bbox 1018 4687 1223 4744; x_wconf 89' lang='lat' dir='ltr'><strong>medela</strong></span> <span class='ocrx_word' id='word_1_741' title='bbox 1247 4688 1624 4758; x_wconf 86' lang='lat' dir='ltr'><strong>blasphemiam</strong></span> <span class='ocrx_word' id='word_1_742' title='bbox 1653 4691 1852 4760; x_wconf 90' lang='lat' dir='ltr'><strong>recepi.</strong></span> 
     </span>
    </p>
   </div>
   <div class='ocr_carea' id='block_1_93' title="bbox 293 4775 1856 4848">
    <p class='ocr_par' dir='ltr' id='par_1_93' title="bbox 293 4775 1856 4848">
     <span class='ocr_line' id='line_1_93' title="bbox 293 4775 1856 4848; baseline 0.003 -19"><span class='ocrx_word' id='word_1_743' title='bbox 293 4775 429 4843; x_wconf 85' lang='lat' dir='ltr'><strong>Quid</strong></span> <span class='ocrx_word' id='word_1_744' title='bbox 452 4776 578 4829; x_wconf 86' lang='lat' dir='ltr'><strong>mihi</strong></span> <span class='ocrx_word' id='word_1_745' title='bbox 606 4777 669 4829; x_wconf 84' lang='lat' dir='ltr'><strong>ad</strong></span> <span class='ocrx_word' id='word_1_746' title='bbox 703 4784 754 4830; x_wconf 91' lang='lat' dir='ltr'><strong>te</strong></span> <span class='ocrx_word' id='word_1_747' title='bbox 798 4791 928 4844; x_wconf 92' lang='lat' dir='ltr'><strong>opus</strong></span> <span class='ocrx_word' id='word_1_748' title='bbox 953 4784 1066 4830; x_wconf 88' lang='lat' dir='ltr'><strong>erat</strong></span> <span class='ocrx_word' id='word_1_749' title='bbox 1093 4785 1355 4832; x_wconf 89' lang='lat' dir='ltr'><strong>secretum</strong></span> <span class='ocrx_word' id='word_1_750' title='bbox 1383 4777 1574 4832; x_wconf 65' lang='lat' dir='ltr'><strong>anime</strong></span> <span class='ocrx_word' id='word_1_751' title='bbox 1610 4793 1742 4835; x_wconf 70' lang='lat' dir='ltr'><strong>meae</strong></span> <span class='ocrx_word' id='word_1_752' title='bbox 1763 4795 1856 4848; x_wconf 85' lang='lat' dir='ltr'><strong>pa-</strong></span> 
     </span>
    </p>
   </div>
   <div class='ocr_carea' id='block_1_94' title="bbox 293 4864 1853 4936">
    <p class='ocr_par' dir='ltr' id='par_1_94' title="bbox 293 4864 1853 4936">
     <span class='ocr_line' id='line_1_94' title="bbox 293 4864 1853 4936; baseline 0.004 -19"><span class='ocrx_word' id='word_1_753' title='bbox 293 4864 520 4918; x_wconf 87' lang='lat' dir='ltr'><strong>tefacere</strong></span> <span class='ocrx_word' id='word_1_754' title='bbox 540 4865 563 4917; x_wconf 69' lang='grc' dir='ltr'><strong>Ι</strong></span> <span class='ocrx_word' id='word_1_755' title='bbox 587 4864 783 4919; x_wconf 77' lang='lat' dir='ltr'><strong>Tamen</strong></span> <span class='ocrx_word' id='word_1_756' title='bbox 813 4881 916 4919; x_wconf 91' lang='lat' dir='ltr'><strong>non</strong></span> <span class='ocrx_word' id='word_1_757' title='bbox 945 4865 1183 4920; x_wconf 86' lang='lat' dir='ltr'><strong>deﬁciam</strong></span> <span class='ocrx_word' id='word_1_758' title='bbox 1213 4880 1383 4936; x_wconf 88' lang='lat' dir='ltr'><strong>neque</strong></span> <span class='ocrx_word' id='word_1_759' title='bbox 1404 4866 1660 4931; x_wconf 84' lang='lat' dir='ltr'><strong>diffidam,</strong></span> <span class='ocrx_word' id='word_1_760' title='bbox 1682 4883 1853 4935; x_wconf 88' lang='lat' dir='ltr'><strong>neque</strong></span> 
     </span>
    </p>
   </div>
   <div class='ocr_carea' id='block_1_95' title="bbox 289 4957 1854 5027">
    <p class='ocr_par' dir='ltr' id='par_1_95' title="bbox 289 4957 1854 5027">
     <span class='ocr_line' id='line_1_95' title="bbox 289 4957 1854 5027; baseline 0.001 -16"><span class='ocrx_word' id='word_1_761' title='bbox 289 4958 576 5012; x_wconf 86' lang='lat' dir='ltr'><strong>removebo</strong></span> <span class='ocrx_word' id='word_1_762' title='bbox 601 4972 627 5008; x_wconf 87' lang='lat' dir='ltr'><strong>a</strong></span> <span class='ocrx_word' id='word_1_763' title='bbox 660 4957 859 5011; x_wconf 90' lang='lat' dir='ltr'><strong>tumulo</strong></span> <span class='ocrx_word' id='word_1_764' title='bbox 886 4957 1162 5027; x_wconf 84' lang='lat' dir='ltr'><strong>lacrymas,</strong></span> <span class='ocrx_word' id='word_1_765' title='bbox 1194 4971 1360 5025; x_wconf 81' lang='lat' dir='ltr'><strong>uSque</strong></span> <span class='ocrx_word' id='word_1_766' title='bbox 1385 4961 1511 5012; x_wconf 90' lang='lat' dir='ltr'><strong>dum</strong></span> <span class='ocrx_word' id='word_1_767' title='bbox 1537 4957 1854 5014; x_wconf 83' lang='lat' dir='ltr'><strong>satisfactio-</strong></span> 
     </span>
    </p>
   </div>
   <div class='ocr_carea' id='block_1_96' title="bbox 289 5045 1852 5115">
    <p class='ocr_par' dir='ltr' id='par_1_96' title="bbox 289 5045 1852 5115">
     <span class='ocr_line' id='line_1_96' title="bbox 289 5045 1852 5115; baseline 0.001 -15"><span class='ocrx_word' id='word_1_768' title='bbox 289 5059 410 5100; x_wconf 88' lang='lat' dir='ltr'><strong>nem</strong></span> <span class='ocrx_word' id='word_1_769' title='bbox 437 5045 502 5100; x_wconf 85' lang='lat' dir='ltr'><strong>de</strong></span> <span class='ocrx_word' id='word_1_770' title='bbox 543 5046 797 5114; x_wconf 89' lang='lat' dir='ltr'><strong>petitione</strong></span> <span class='ocrx_word' id='word_1_771' title='bbox 837 5061 950 5098; x_wconf 87' lang='lat' dir='ltr'><strong>mea</strong></span> <span class='ocrx_word' id='word_1_772' title='bbox 979 5061 1254 5114; x_wconf 89' lang='lat' dir='ltr'><strong>accepero.</strong></span> <span class='ocrx_word' id='word_1_773' title='bbox 1305 5046 1484 5115; x_wconf 82' lang='lat' dir='ltr'><strong>Neque</strong></span> <span class='ocrx_word' id='word_1_774' title='bbox 1526 5047 1668 5102; x_wconf 90' lang='lat' dir='ltr'><strong>enim</strong></span> <span class='ocrx_word' id='word_1_775' title='bbox 1707 5057 1852 5102; x_wconf 83' lang='lat' dir='ltr'><strong>&#39;nror-</strong></span> 
     </span>
    </p>
   </div>
   <div class='ocr_carea' id='block_1_97' title="bbox 290 5136 1850 5206">
    <p class='ocr_par' dir='ltr' id='par_1_97' title="bbox 290 5136 1850 5206">
     <span class='ocr_line' id='line_1_97' title="bbox 290 5136 1850 5206; baseline 0.002 -16"><span class='ocrx_word' id='word_1_776' title='bbox 290 5144 410 5190; x_wconf 91' lang='lat' dir='ltr'><strong>tuus</strong></span> <span class='ocrx_word' id='word_1_777' title='bbox 437 5151 516 5202; x_wconf 91' lang='lat' dir='ltr'><strong>es,</strong></span> <span class='ocrx_word' id='word_1_778' title='bbox 566 5147 748 5191; x_wconf 91' lang='lat' dir='ltr'><strong>sancte</strong></span> <span class='ocrx_word' id='word_1_779' title='bbox 795 5136 911 5204; x_wconf 89' lang='lat' dir='ltr'><strong>Dei,</strong></span> <span class='ocrx_word' id='word_1_780' title='bbox 955 5136 1050 5190; x_wconf 90' lang='lat' dir='ltr'><strong>sed</strong></span> <span class='ocrx_word' id='word_1_781' title='bbox 1081 5138 1232 5191; x_wconf 89' lang='lat' dir='ltr'><strong>vivis.</strong></span> <span class='ocrx_word' id='word_1_782' title='bbox 1275 5136 1538 5206; x_wconf 89' lang='lat' dir='ltr'><strong>Scriptum</strong></span> <span class='ocrx_word' id='word_1_783' title='bbox 1585 5148 1667 5193; x_wconf 91' lang='lat' dir='ltr'><strong>est</strong></span> <span class='ocrx_word' id='word_1_784' title='bbox 1712 5139 1850 5194; x_wconf 88' lang='lat' dir='ltr'><strong>enim</strong></span> 
     </span>
    </p>
   </div>
   <div class='ocr_carea' id='block_1_98' title="bbox 288 5225 1851 5299">
    <p class='ocr_par' dir='ltr' id='par_1_98' title="bbox 288 5225 1851 5299">
     <span class='ocr_line' id='line_1_98' title="bbox 288 5225 1851 5299; baseline 0.004 -21"><span class='ocrx_word' id='word_1_785' title='bbox 288 5226 406 5292; x_wconf 90' lang='lat' dir='ltr'><strong>quia</strong></span> <span class='ocrx_word' id='word_1_786' title='bbox 429 5225 560 5294; x_wconf 85' lang='lat' dir='ltr'><strong>justi</strong></span> <span class='ocrx_word' id='word_1_787' title='bbox 589 5228 639 5280; x_wconf 94' lang='lat' dir='ltr'><strong>in</strong></span> <span class='ocrx_word' id='word_1_788' title='bbox 671 5233 982 5295; x_wconf 90' lang='lat' dir='ltr'><strong>perpetuum</strong></span> <span class='ocrx_word' id='word_1_789' title='bbox 1013 5227 1188 5280; x_wconf 89' lang='lat' dir='ltr'><strong>vivent</strong></span> <span class='ocrx_word' id='word_1_790' title='bbox 1235 5227 1392 5298; x_wconf 87' lang='lat' dir='ltr'><strong>(Sap.</strong></span> <span class='ocrx_word' id='word_1_791' title='bbox 1423 5228 1498 5298; x_wconf 91' lang='lat' dir='ltr'><strong>v).</strong></span> <span class='ocrx_word' id='word_1_792' title='bbox 1551 5229 1851 5299; x_wconf 89' lang='lat' dir='ltr'><strong>lterumquc</strong></span> 
     </span>
    </p>
   </div>
   <div class='ocr_carea' id='block_1_99' title="bbox 288 5315 1846 5387">
    <p class='ocr_par' dir='ltr' id='par_1_99' title="bbox 288 5315 1846 5387">
     <span class='ocr_line' id='line_1_99' title="bbox 288 5315 1846 5387; baseline 0.003 -19"><span class='ocrx_word' id='word_1_793' title='bbox 288 5315 472 5368; x_wconf 88' lang='lat' dir='ltr'><strong>eadem</strong></span> <span class='ocrx_word' id='word_1_794' title='bbox 504 5315 659 5369; x_wconf 88' lang='lat' dir='ltr'><strong>verba</strong></span> <span class='ocrx_word' id='word_1_795' title='bbox 690 5330 990 5382; x_wconf 89' lang='lat' dir='ltr'><strong>assumens,</strong></span> <span class='ocrx_word' id='word_1_796' title='bbox 1015 5317 1261 5370; x_wconf 88' lang='lat' dir='ltr'><strong>diccbat:</strong></span> <span class='ocrx_word' id='word_1_797' title='bbox 1311 5317 1470 5384; x_wconf 64' lang='lat' dir='ltr'><strong>Nihil,</strong></span> <span class='ocrx_word' id='word_1_798' title='bbox 1527 5318 1686 5374; x_wconf 90' lang='lat' dir='ltr'><strong>homo</strong></span> <span class='ocrx_word' id='word_1_799' title='bbox 1733 5319 1846 5387; x_wconf 93' lang='lat' dir='ltr'><strong>Dei,</strong></span> 
     </span>
    </p>
   </div>
   <div class='ocr_carea' id='block_1_100' title="bbox 289 5403 1846 5478">
    <p class='ocr_par' dir='ltr' id='par_1_100' title="bbox 289 5403 1846 5478">
     <span class='ocr_line' id='line_1_100' title="bbox 289 5403 1846 5478; baseline 0.005 -24"><span class='ocrx_word' id='word_1_800' title='bbox 289 5412 411 5469; x_wconf 87' lang='lat' dir='ltr'><strong>peto</strong></span> <span class='ocrx_word' id='word_1_801' title='bbox 434 5411 562 5467; x_wconf 85' lang='lat' dir='ltr'><strong>ate,</strong></span> <span class='ocrx_word' id='word_1_802' title='bbox 595 5403 692 5456; x_wconf 93' lang='lat' dir='ltr'><strong>nisi</strong></span> <span class='ocrx_word' id='word_1_803' title='bbox 723 5411 779 5456; x_wconf 89' lang='lat' dir='ltr'><strong>ut</strong></span> <span class='ocrx_word' id='word_1_804' title='bbox 831 5411 1034 5460; x_wconf 84' lang='lat' dir='ltr'><strong>certum</strong></span> <span class='ocrx_word' id='word_1_805' title='bbox 1066 5405 1233 5458; x_wconf 88' lang='lat' dir='ltr'><strong>facias</strong></span> <span class='ocrx_word' id='word_1_806' title='bbox 1261 5419 1354 5459; x_wconf 89' lang='lat' dir='ltr'><strong>cor</strong></span> <span class='ocrx_word' id='word_1_807' title='bbox 1390 5421 1563 5460; x_wconf 86' lang='lat' dir='ltr'><strong>meum</strong></span> <span class='ocrx_word' id='word_1_808' title='bbox 1596 5408 1846 5478; x_wconf 90' lang='lat' dir='ltr'><strong>quidnam</strong></span> 
     </span>
    </p>
   </div>
   <div class='ocr_carea' id='block_1_101' title="bbox 284 5491 1850 5569">
    <p class='ocr_par' dir='ltr' id='par_1_101' title="bbox 284 5491 1850 5569">
     <span class='ocr_line' id='line_1_101' title="bbox 284 5491 1850 5569; baseline 0.005 -23"><span class='ocrx_word' id='word_1_809' title='bbox 284 5491 352 5547; x_wconf 92' lang='lat' dir='ltr'><strong>de</strong></span> <span class='ocrx_word' id='word_1_810' title='bbox 373 5492 496 5546; x_wconf 88' lang='lat' dir='ltr'><strong>dato</strong></span> <span class='ocrx_word' id='word_1_811' title='bbox 529 5493 617 5547; x_wconf 89' lang='lat' dir='ltr'><strong>tibi</strong></span> <span class='ocrx_word' id='word_1_812' title='bbox 651 5493 868 5562; x_wconf 88' lang='lat' dir='ltr'><strong>pittacio</strong></span> <span class='ocrx_word' id='word_1_813' title='bbox 894 5494 1088 5548; x_wconf 87' lang='lat' dir='ltr'><strong>factum</strong></span> <span class='ocrx_word' id='word_1_814' title='bbox 1130 5497 1240 5551; x_wconf 86' lang='lat' dir='ltr'><strong>sit?</strong></span> <span class='ocrx_word' id='word_1_815' title='bbox 1278 5498 1414 5554; x_wconf 85' lang='lat' dir='ltr'><strong>Deus</strong></span> <span class='ocrx_word' id='word_1_816' title='bbox 1443 5513 1569 5568; x_wconf 89' lang='lat' dir='ltr'><strong>ergo</strong></span> <span class='ocrx_word' id='word_1_817' title='bbox 1595 5501 1684 5569; x_wconf 85' lang='lat' dir='ltr'><strong>qui</strong></span> <span class='ocrx_word' id='word_1_818' title='bbox 1717 5500 1850 5554; x_wconf 90' lang='lat' dir='ltr'><strong>dixit</strong></span> 
     </span>
    </p>
   </div>
   <div class='ocr_carea' id='block_1_102' title="bbox 286 5583 1849 5653">
    <p class='ocr_par' dir='ltr' id='par_1_102' title="bbox 286 5583 1849 5653">
     <span class='ocr_line' id='line_1_102' title="bbox 286 5583 1849 5653; baseline 0.006 -18"><span class='ocrx_word' id='word_1_819' title='bbox 286 5583 569 5653; x_wconf 79' lang='lat' dir='ltr'><strong>aliquando</strong></span> <span class='ocrx_word' id='word_1_820' title='bbox 597 5584 662 5638; x_wconf 91' lang='lat' dir='ltr'><strong>ad</strong></span> <span class='ocrx_word' id='word_1_821' title='bbox 695 5583 1047 5639; x_wconf 70' lang='lat' dir='ltr'><strong>Chananaearn</strong></span> <span class='ocrx_word' id='word_1_822' title='bbox 1075 5601 1088 5638; x_wconf 92' lang='lat'>:</span> <span class='ocrx_word' id='word_1_823' title='bbox 1122 5587 1278 5642; x_wconf 86' lang='lat' dir='ltr'><strong>Fides</strong></span> <span class='ocrx_word' id='word_1_824' title='bbox 1303 5598 1386 5643; x_wconf 91' lang='lat' dir='ltr'><strong>tua</strong></span> <span class='ocrx_word' id='word_1_825' title='bbox 1418 5599 1468 5644; x_wconf 91' lang='lat' dir='ltr'><strong>te</strong></span> <span class='ocrx_word' id='word_1_826' title='bbox 1498 5591 1693 5644; x_wconf 81' lang='lat' dir='ltr'><strong>salvam</strong></span> <span class='ocrx_word' id='word_1_827' title='bbox 1723 5592 1849 5646; x_wconf 91' lang='lat' dir='ltr'><strong>fecit</strong></span> 
     </span>
    </p>
   </div>
   <div class='ocr_carea' id='block_1_103' title="bbox 282 5673 1848 5744">
    <p class='ocr_par' dir='ltr' id='par_1_103' title="bbox 282 5673 1848 5744">
     <span class='ocr_line' id='line_1_103' title="bbox 282 5673 1848 5744; baseline 0.006 -17"><span class='ocrx_word' id='word_1_828' title='bbox 282 5673 501 5734; x_wconf 70' lang='lat' dir='ltr'><strong>(Matth.</strong></span> <span class='ocrx_word' id='word_1_829' title='bbox 534 5675 651 5742; x_wconf 92' lang='lat' dir='ltr'><strong>xv),</strong></span> <span class='ocrx_word' id='word_1_830' title='bbox 679 5674 792 5744; x_wconf 88' lang='lat' dir='ltr'><strong>ipse</strong></span> <span class='ocrx_word' id='word_1_831' title='bbox 817 5683 871 5729; x_wconf 91' lang='lat' dir='ltr'><strong>et</strong></span> <span class='ocrx_word' id='word_1_832' title='bbox 914 5675 1050 5730; x_wconf 89' lang='lat' dir='ltr'><strong>hanc</strong></span> <span class='ocrx_word' id='word_1_833' title='bbox 1075 5686 1275 5732; x_wconf 89' lang='lat' dir='ltr'><strong>certam</strong></span> <span class='ocrx_word' id='word_1_834' title='bbox 1313 5679 1458 5735; x_wconf 88' lang='lat' dir='ltr'><strong>fecit.</strong></span> <span class='ocrx_word' id='word_1_835' title='bbox 1488 5681 1676 5736; x_wconf 87' lang='lat' dir='ltr'><strong>Tribus</strong></span> <span class='ocrx_word' id='word_1_836' title='bbox 1704 5681 1848 5736; x_wconf 86' lang='lat' dir='ltr'><strong>enim</strong></span> 
     </span>
    </p>
   </div>
   <div class='ocr_carea' id='block_1_104' title="bbox 285 5765 1845 5840">
    <p class='ocr_par' dir='ltr' id='par_1_104' title="bbox 285 5765 1845 5840">
     <span class='ocr_line' id='line_1_104' title="bbox 285 5765 1845 5840; baseline -0.001 -15"><span class='ocrx_word' id='word_1_837' title='bbox 285 5767 470 5834; x_wconf 82' lang='lat' dir='ltr'><strong>diebus</strong></span> <span class='ocrx_word' id='word_1_838' title='bbox 496 5780 841 5838; x_wconf 85' lang='lat' dir='ltr'><strong>perseverans</strong></span> <span class='ocrx_word' id='word_1_839' title='bbox 866 5765 931 5823; x_wconf 89' lang='lat' dir='ltr'><strong>ad</strong></span> <span class='ocrx_word' id='word_1_840' title='bbox 979 5767 1278 5838; x_wconf 86' lang='lat' dir='ltr'><strong>sepulcrum</strong></span> <span class='ocrx_word' id='word_1_841' title='bbox 1331 5771 1522 5840; x_wconf 86' lang='lat' dir='ltr'><strong>sancti,</strong></span> <span class='ocrx_word' id='word_1_842' title='bbox 1571 5780 1624 5826; x_wconf 92' lang='lat' dir='ltr'><strong>et</strong></span> <span class='ocrx_word' id='word_1_843' title='bbox 1670 5773 1845 5827; x_wconf 83' lang='lat' dir='ltr'><strong>cibum</strong></span> 
     </span>
    </p>
   </div>
   <div class='ocr_carea' id='block_1_105' title="bbox 1956 4689 3094 4760">
    <p class='ocr_par' dir='ltr' id='par_1_105' title="bbox 1956 4689 3094 4760">
     <span class='ocr_line' id='line_1_105' title="bbox 1956 4689 3094 4760; baseline 0 -18"><span class='ocrx_word' id='word_1_844' title='bbox 1956 4704 2067 4744; x_wconf 89' lang='lat' dir='ltr'><strong>rem</strong></span> <span class='ocrx_word' id='word_1_845' title='bbox 2093 4689 2446 4756; x_wconf 88' lang='lat' dir='ltr'><strong>introducam,</strong></span> <span class='ocrx_word' id='word_1_846' title='bbox 2478 4691 2618 4760; x_wconf 92' lang='lat' dir='ltr'><strong>quod</strong></span> <span class='ocrx_word' id='word_1_847' title='bbox 2649 4699 2700 4744; x_wconf 93' lang='lat' dir='ltr'><strong>et</strong></span> <span class='ocrx_word' id='word_1_848' title='bbox 2731 4704 2911 4744; x_wconf 90' lang='lat' dir='ltr'><strong>revera</strong></span> <span class='ocrx_word' id='word_1_849' title='bbox 2951 4689 3094 4743; x_wconf 88' lang='lat' dir='ltr'><strong>fecit.</strong></span> 
     </span>
    </p>
   </div>
   <div class='ocr_carea' id='block_1_106' title="bbox 2025 4781 3516 4837">
    <p class='ocr_par' dir='ltr' id='par_1_106' title="bbox 2025 4781 3516 4837">
     <span class='ocr_line' id='line_1_106' title="bbox 2025 4781 3516 4837; baseline -0.001 -2"><span class='ocrx_word' id='word_1_850' title='bbox 2025 4783 2151 4836; x_wconf 68' lang='lat' dir='ltr'><strong>Cu.</strong></span> <span class='ocrx_word' id='word_1_851' title='bbox 2193 4781 2323 4836; x_wconf 91' lang='lat' dir='ltr'><strong>Llll.</strong></span> <span class='ocrx_word' id='word_1_852' title='bbox 2346 4811 2415 4821; x_wconf 89' lang='lat'><strong>—</strong></span> <span class='ocrx_word' id='word_1_853' title='bbox 2433 4782 2549 4837; x_wconf 82' lang='lat' dir='ltr'><strong>Non</strong></span> <span class='ocrx_word' id='word_1_854' title='bbox 2578 4791 2749 4836; x_wconf 87' lang='lat' dir='ltr'><strong>autem</strong></span> <span class='ocrx_word' id='word_1_855' title='bbox 2771 4795 2832 4834; x_wconf 89' lang='lat' dir='ltr'><strong>ex</strong></span> <span class='ocrx_word' id='word_1_856' title='bbox 2859 4782 2955 4836; x_wconf 88' lang='lat' dir='ltr'><strong>hoc</strong></span> <span class='ocrx_word' id='word_1_857' title='bbox 2988 4789 3185 4834; x_wconf 84' lang='lat' dir='ltr'><strong>tantum</strong></span> <span class='ocrx_word' id='word_1_858' title='bbox 3216 4793 3400 4834; x_wconf 81' lang='lat' dir='ltr'><strong>omnes</strong></span> <span class='ocrx_word' id='word_1_859' title='bbox 3426 4793 3516 4833; x_wconf 82' lang='lat' dir='ltr'><strong>sa-</strong></span> 
     </span>
    </p>
   </div>
   <div class='ocr_carea' id='block_1_107' title="bbox 1957 4871 3518 4943">
    <p class='ocr_par' dir='ltr' id='par_1_107' title="bbox 1957 4871 3518 4943">
     <span class='ocr_line' id='line_1_107' title="bbox 1957 4871 3518 4943; baseline 0.001 -17"><span class='ocrx_word' id='word_1_860' title='bbox 1957 4871 2306 4926; x_wconf 84' lang='lat' dir='ltr'><strong>tisfactionem</strong></span> <span class='ocrx_word' id='word_1_861' title='bbox 2334 4880 2672 4941; x_wconf 85' lang='lat' dir='ltr'><strong>acceperunt,</strong></span> <span class='ocrx_word' id='word_1_862' title='bbox 2699 4871 2836 4941; x_wconf 91' lang='lat' dir='ltr'><strong>quod</strong></span> <span class='ocrx_word' id='word_1_863' title='bbox 2865 4873 3202 4943; x_wconf 84' lang='lat' dir='ltr'><strong>eleemosyna</strong></span> <span class='ocrx_word' id='word_1_864' title='bbox 3232 4881 3285 4928; x_wconf 90' lang='lat' dir='ltr'><strong>et</strong></span> <span class='ocrx_word' id='word_1_865' title='bbox 3311 4875 3518 4928; x_wconf 75' lang='lat' dir='ltr'><strong>miscri-</strong></span> 
     </span>
    </p>
   </div>
   <div class='ocr_carea' id='block_1_108' title="bbox 1953 4961 3514 5032">
    <p class='ocr_par' dir='ltr' id='par_1_108' title="bbox 1953 4961 3514 5032">
     <span class='ocr_line' id='line_1_108' title="bbox 1953 4961 3514 5032; baseline 0.001 -16"><span class='ocrx_word' id='word_1_866' title='bbox 1953 4961 2133 5016; x_wconf 88' lang='lat' dir='ltr'><strong>c0rdia</strong></span> <span class='ocrx_word' id='word_1_867' title='bbox 2163 4975 2317 5027; x_wconf 84' lang='lat' dir='ltr'><strong>quam</strong></span> <span class='ocrx_word' id='word_1_868' title='bbox 2366 4962 2546 5016; x_wconf 87' lang='lat' dir='ltr'><strong>habuit</strong></span> <span class='ocrx_word' id='word_1_869' title='bbox 2575 4961 2715 5016; x_wconf 90' lang='lat' dir='ltr'><strong>circa</strong></span> <span class='ocrx_word' id='word_1_870' title='bbox 2741 4973 2976 5032; x_wconf 84' lang='lat' dir='ltr'><strong>egentes,</strong></span> <span class='ocrx_word' id='word_1_871' title='bbox 3015 4979 3136 5018; x_wconf 90' lang='lat' dir='ltr'><strong>cum</strong></span> <span class='ocrx_word' id='word_1_872' title='bbox 3163 4964 3214 5017; x_wconf 90' lang='lat' dir='ltr'><strong>in</strong></span> <span class='ocrx_word' id='word_1_873' title='bbox 3259 4965 3514 5018; x_wconf 64' lang='lat' dir='ltr'><strong>caelorum</strong></span> 
     </span>
    </p>
   </div>
   <div class='ocr_carea' id='block_1_109' title="bbox 1955 5053 3518 5123">
    <p class='ocr_par' dir='ltr' id='par_1_109' title="bbox 1955 5053 3518 5123">
     <span class='ocr_line' id='line_1_109' title="bbox 1955 5053 3518 5123; baseline 0.003 -17"><span class='ocrx_word' id='word_1_874' title='bbox 1955 5067 2173 5121; x_wconf 82' lang='lat' dir='ltr'><strong>regnum</strong></span> <span class='ocrx_word' id='word_1_875' title='bbox 2195 5053 2550 5118; x_wconf 91' lang='lat' dir='ltr'><strong>deduxerunt;</strong></span> <span class='ocrx_word' id='word_1_876' title='bbox 2578 5053 2672 5107; x_wconf 89' lang='lat' dir='ltr'><strong>sed</strong></span> <span class='ocrx_word' id='word_1_877' title='bbox 2695 5054 2812 5122; x_wconf 90' lang='lat' dir='ltr'><strong>quia</strong></span> <span class='ocrx_word' id='word_1_878' title='bbox 2835 5055 2968 5108; x_wconf 91' lang='lat' dir='ltr'><strong>alius</strong></span> <span class='ocrx_word' id='word_1_879' title='bbox 2987 5069 3170 5108; x_wconf 92' lang='lat' dir='ltr'><strong>eorum</strong></span> <span class='ocrx_word' id='word_1_880' title='bbox 3199 5055 3284 5123; x_wconf 87' lang='lat' dir='ltr'><strong>qui</strong></span> <span class='ocrx_word' id='word_1_881' title='bbox 3313 5055 3518 5111; x_wconf 81' lang='lat' dir='ltr'><strong>habita-</strong></span> 
     </span>
    </p>
   </div>
   <div class='ocr_carea' id='block_1_110' title="bbox 1956 5143 3514 5214">
    <p class='ocr_par' dir='ltr' id='par_1_110' title="bbox 1956 5143 3514 5214">
     <span class='ocr_line' id='line_1_110' title="bbox 1956 5143 3514 5214; baseline 0.003 -18"><span class='ocrx_word' id='word_1_882' title='bbox 1956 5143 2043 5196; x_wconf 93' lang='lat' dir='ltr'><strong>bat</strong></span> <span class='ocrx_word' id='word_1_883' title='bbox 2068 5143 2332 5199; x_wconf 87' lang='lat' dir='ltr'><strong>civitatem</strong></span> <span class='ocrx_word' id='word_1_884' title='bbox 2365 5145 2759 5209; x_wconf 86' lang='lat' dir='ltr'><strong>Alexandriam,</strong></span> <span class='ocrx_word' id='word_1_885' title='bbox 2795 5145 2985 5200; x_wconf 91' lang='lat' dir='ltr'><strong>timens</strong></span> <span class='ocrx_word' id='word_1_886' title='bbox 3017 5145 3202 5212; x_wconf 90' lang='lat' dir='ltr'><strong>Deum,</strong></span> <span class='ocrx_word' id='word_1_887' title='bbox 3230 5147 3360 5200; x_wconf 90' lang='lat' dir='ltr'><strong>vidit</strong></span> <span class='ocrx_word' id='word_1_888' title='bbox 3404 5149 3514 5214; x_wconf 88' lang='lat' dir='ltr'><strong>ipsa</strong></span> 
     </span>
    </p>
   </div>
   <div class='ocr_carea' id='block_1_111' title="bbox 1952 5234 3514 5304">
    <p class='ocr_par' dir='ltr' id='par_1_111' title="bbox 1952 5234 3514 5304">
     <span class='ocr_line' id='line_1_111' title="bbox 1952 5234 3514 5304; baseline 0.004 -20"><span class='ocrx_word' id='word_1_889' title='bbox 1952 5243 2107 5286; x_wconf 87' lang='lat' dir='ltr'><strong>nocte</strong></span> <span class='ocrx_word' id='word_1_890' title='bbox 2148 5234 2199 5287; x_wconf 90' lang='lat' dir='ltr'><strong>in</strong></span> <span class='ocrx_word' id='word_1_891' title='bbox 2225 5249 2327 5302; x_wconf 87' lang='lat' dir='ltr'><strong>qua</strong></span> <span class='ocrx_word' id='word_1_892' title='bbox 2350 5241 2405 5288; x_wconf 90' lang='lat' dir='ltr'><strong>et</strong></span> <span class='ocrx_word' id='word_1_893' title='bbox 2431 5243 2642 5288; x_wconf 87' lang='lat' dir='ltr'><strong>sanctus</strong></span> <span class='ocrx_word' id='word_1_894' title='bbox 2672 5234 2922 5302; x_wconf 86' lang='lat' dir='ltr'><strong>Sabinus,</strong></span> <span class='ocrx_word' id='word_1_895' title='bbox 2949 5250 3134 5289; x_wconf 91' lang='lat' dir='ltr'><strong>omnes</strong></span> <span class='ocrx_word' id='word_1_896' title='bbox 3163 5250 3416 5304; x_wconf 87' lang='lat' dir='ltr'><strong>pauperes</strong></span> <span class='ocrx_word' id='word_1_897' title='bbox 3458 5245 3514 5290; x_wconf 89' lang='lat' dir='ltr'><strong>et</strong></span> 
     </span>
    </p>
   </div>
   <div class='ocr_carea' id='block_1_112' title="bbox 1953 5322 3511 5393">
    <p class='ocr_par' dir='ltr' id='par_1_112' title="bbox 1953 5322 3511 5393">
     <span class='ocr_line' id='line_1_112' title="bbox 1953 5322 3511 5393; baseline 0.003 -19"><span class='ocrx_word' id='word_1_898' title='bbox 1953 5322 2219 5390; x_wconf 89' lang='lat' dir='ltr'><strong>orphanos</strong></span> <span class='ocrx_word' id='word_1_899' title='bbox 2237 5329 2396 5392; x_wconf 87' lang='lat' dir='ltr'><strong>atque</strong></span> <span class='ocrx_word' id='word_1_900' title='bbox 2415 5323 2620 5390; x_wconf 89' lang='lat' dir='ltr'><strong>viduas,</strong></span> <span class='ocrx_word' id='word_1_901' title='bbox 2663 5325 2794 5378; x_wconf 70' lang='lat' dir='ltr'><strong>olea:</strong></span> <span class='ocrx_word' id='word_1_902' title='bbox 2833 5338 3008 5378; x_wconf 90' lang='lat' dir='ltr'><strong>ramos</strong></span> <span class='ocrx_word' id='word_1_903' title='bbox 3032 5323 3345 5393; x_wconf 88' lang='lat' dir='ltr'><strong>bajulantes,</strong></span> <span class='ocrx_word' id='word_1_904' title='bbox 3376 5333 3429 5379; x_wconf 87' lang='lat' dir='ltr'><strong>et</strong></span> <span class='ocrx_word' id='word_1_905' title='bbox 3459 5325 3511 5380; x_wconf 91' lang='lat' dir='ltr'><strong>in</strong></span> 
     </span>
    </p>
   </div>
   <div class='ocr_carea' id='block_1_113' title="bbox 1954 5413 3516 5485">
    <p class='ocr_par' dir='ltr' id='par_1_113' title="bbox 1954 5413 3516 5485">
     <span class='ocr_line' id='line_1_113' title="bbox 1954 5413 3516 5485; baseline 0.003 -20"><span class='ocrx_word' id='word_1_906' title='bbox 1954 5413 2267 5481; x_wconf 67' lang='lat' dir='ltr'><strong>patriarchae</strong></span> <span class='ocrx_word' id='word_1_907' title='bbox 2291 5415 2544 5485; x_wconf 92' lang='lat' dir='ltr'><strong>obsequio</strong></span> <span class='ocrx_word' id='word_1_908' title='bbox 2572 5424 2780 5480; x_wconf 88' lang='lat' dir='ltr'><strong>euntes,</strong></span> <span class='ocrx_word' id='word_1_909' title='bbox 2818 5425 2871 5469; x_wconf 91' lang='lat' dir='ltr'><strong>et</strong></span> <span class='ocrx_word' id='word_1_910' title='bbox 2898 5414 2962 5468; x_wconf 90' lang='lat' dir='ltr'><strong>ad</strong></span> <span class='ocrx_word' id='word_1_911' title='bbox 2984 5415 3262 5469; x_wconf 72' lang='lat' dir='ltr'><strong>ecclesiam</strong></span> <span class='ocrx_word' id='word_1_912' title='bbox 3293 5431 3516 5484; x_wconf 80' lang='lat' dir='ltr'><strong>pergen-</strong></span> 
     </span>
    </p>
   </div>
   <div class='ocr_carea' id='block_1_114' title="bbox 1947 5504 3510 5571">
    <p class='ocr_par' dir='ltr' id='par_1_114' title="bbox 1947 5504 3510 5571">
     <span class='ocr_line' id='line_1_114' title="bbox 1947 5504 3510 5571; baseline 0.003 -15"><span class='ocrx_word' id='word_1_913' title='bbox 1947 5512 2046 5557; x_wconf 86' lang='lat' dir='ltr'><strong>tes.</strong></span> <span class='ocrx_word' id='word_1_914' title='bbox 2080 5504 2193 5558; x_wconf 86' lang='lat' dir='ltr'><strong>Non</strong></span> <span class='ocrx_word' id='word_1_915' title='bbox 2222 5504 2392 5558; x_wconf 86' lang='lat' dir='ltr'><strong>solum</strong></span> <span class='ocrx_word' id='word_1_916' title='bbox 2419 5505 2545 5571; x_wconf 92' lang='lat' dir='ltr'><strong>duo,</strong></span> <span class='ocrx_word' id='word_1_917' title='bbox 2576 5515 2664 5558; x_wconf 91' lang='lat' dir='ltr'><strong>aut</strong></span> <span class='ocrx_word' id='word_1_918' title='bbox 2690 5505 2895 5567; x_wconf 88' lang='lat' dir='ltr'><strong>decem,</strong></span> <span class='ocrx_word' id='word_1_919' title='bbox 2941 5513 3268 5559; x_wconf 82' lang='lat' dir='ltr'><strong>aut-centum</strong></span> <span class='ocrx_word' id='word_1_920' title='bbox 3299 5505 3510 5560; x_wconf 79' lang='lat' dir='ltr'><strong>satisfa-</strong></span> 
     </span>
    </p>
   </div>
   <div class='ocr_carea' id='block_1_115' title="bbox 1944 5595 3514 5666">
    <p class='ocr_par' dir='ltr' id='par_1_115' title="bbox 1944 5595 3514 5666">
     <span class='ocr_line' id='line_1_115' title="bbox 1944 5595 3514 5666; baseline 0.001 -18"><span class='ocrx_word' id='word_1_921' title='bbox 1944 5595 2148 5649; x_wconf 90' lang='lat' dir='ltr'><strong>ctiones</strong></span> <span class='ocrx_word' id='word_1_922' title='bbox 2172 5605 2313 5662; x_wconf 89' lang='lat' dir='ltr'><strong>sunt,</strong></span> <span class='ocrx_word' id='word_1_923' title='bbox 2347 5611 2440 5664; x_wconf 92' lang='lat' dir='ltr'><strong>per</strong></span> <span class='ocrx_word' id='word_1_924' title='bbox 2481 5612 2612 5666; x_wconf 87' lang='lat' dir='ltr'><strong>quas</strong></span> <span class='ocrx_word' id='word_1_925' title='bbox 2636 5595 2833 5651; x_wconf 85' lang='lat' dir='ltr'><strong>sciums</strong></span> <span class='ocrx_word' id='word_1_926' title='bbox 2860 5595 3004 5649; x_wconf 88' lang='lat' dir='ltr'><strong>clare</strong></span> <span class='ocrx_word' id='word_1_927' title='bbox 3031 5596 3274 5665; x_wconf 89' lang='lat' dir='ltr'><strong>quoniam</strong></span> <span class='ocrx_word' id='word_1_928' title='bbox 3297 5605 3514 5652; x_wconf 82' lang='lat' dir='ltr'><strong>sancto-</strong></span> 
     </span>
    </p>
   </div>
   <div class='ocr_carea' id='block_1_116' title="bbox 1943 5687 3516 5754">
    <p class='ocr_par' dir='ltr' id='par_1_116' title="bbox 1943 5687 3516 5754">
     <span class='ocr_line' id='line_1_116' title="bbox 1943 5687 3516 5754; baseline 0.003 -14"><span class='ocrx_word' id='word_1_929' title='bbox 1943 5700 2061 5740; x_wconf 89' lang='lat' dir='ltr'><strong>rum</strong></span> <span class='ocrx_word' id='word_1_930' title='bbox 2091 5700 2366 5740; x_wconf 88' lang='lat' dir='ltr'><strong>numerum</strong></span> <span class='ocrx_word' id='word_1_931' title='bbox 2405 5687 2600 5740; x_wconf 89' lang='lat' dir='ltr'><strong>meruit</strong></span> <span class='ocrx_word' id='word_1_932' title='bbox 2638 5688 2994 5744; x_wconf 89' lang='lat' dir='ltr'><strong>memorabilis</strong></span> <span class='ocrx_word' id='word_1_933' title='bbox 3020 5687 3139 5754; x_wconf 88' lang='lat' dir='ltr'><strong>hic;</strong></span> <span class='ocrx_word' id='word_1_934' title='bbox 3169 5687 3261 5744; x_wconf 86' lang='lat' dir='ltr'><strong>sed</strong></span> <span class='ocrx_word' id='word_1_935' title='bbox 3287 5701 3413 5744; x_wconf 88' lang='lat' dir='ltr'><strong>ecce</strong></span> <span class='ocrx_word' id='word_1_936' title='bbox 3459 5694 3516 5744; x_wconf 79' lang='lat' dir='ltr'><strong>et</strong></span> 
     </span>
    </p>
   </div>
   <div class='ocr_carea' id='block_1_117' title="bbox 1945 5774 3071 5846">
    <p class='ocr_par' dir='ltr' id='par_1_117' title="bbox 1945 5774 3071 5846">
     <span class='ocr_line' id='line_1_117' title="bbox 1945 5774 3071 5846; baseline 0.002 -17"><span class='ocrx_word' id='word_1_937' title='bbox 1945 5774 2079 5843; x_wconf 74' lang='lat' dir='ltr'><strong>aliae,</strong></span> <span class='ocrx_word' id='word_1_938' title='bbox 2113 5789 2242 5844; x_wconf 88' lang='lat' dir='ltr'><strong>quas</strong></span> <span class='ocrx_word' id='word_1_939' title='bbox 2269 5775 2598 5846; x_wconf 82' lang='lat' dir='ltr'><strong>subsequens</strong></span> <span class='ocrx_word' id='word_1_940' title='bbox 2627 5776 2795 5832; x_wconf 84' lang='lat' dir='ltr'><strong>forma</strong></span> <span class='ocrx_word' id='word_1_941' title='bbox 2824 5777 3071 5834; x_wconf 85' lang='lat' dir='ltr'><strong>ostendit.</strong></span> 
     </span>
    </p>
   </div>
  </div>
