3956 6220
508 382 644 440 ιυδο

1566 389 1842 449 LEONTII
1884 392 2345 453 NEAPOLITANI
2388 399 2697 457 EI’lSCOPl

583 503 712 557 C‘P'
751 501 1263 601 ιιγςέηῖηξηθδξθ
1278 508 1418 562 enim
1435 505 2082 601 ἓηυξνξπθθτίηᾲβθδυηυμ
2106 509 2156 567 Α
2182 527 2375 581 bonum
2408 529 2497 596 qui
2529 536 2644 596 post
2674 527 2833 582 futuri
2863 538 2984 583 unt
3025 527 3296 584 hominum
3322 549 3336 585 ι
3367 541 3610 601 quatenus
3632 552 3702 593 se-

516 603 623 647 tum
654 595 906 662 temporis
931 595 1262 650 dormitionis
1287 598 1454 651 sancti
1484 597 1773 664 celebrata,
1799 597 1850 651 in
1881 601 2076 666 templo

511 683 756 750 superius
785 683 1058 737 memorati
1095 687 1259 739 sancti
1293 684 1555 754 Tychonis
1578 686 1949 756 (Snp.,c.49),
1985 687 2075 740 ubi

513 773 798 838 pretiosum
822 773 1080 841 lipsanum
1115 774 1400 830 beatissimi
1424 775 1736 844 patriarcha:
1757 775 1969 830 Joannis
1991 791 2077 830 re-

519 863 746 931 positum
777 873 858 918 est
889 879 904 916 :
934 873 1050 918 erat
1077 871 1248 918 autem
1279 879 1396 933 qua:
1421 863 1689 918 colebatur
1713 877 1859 918 sacra
1885 863 2076 933 vigilite

513 952 794 1021 hymnodia
841 967 1030 1006 annum
1069 953 1449 1007 recordationis
1489 951 1658 1006 sancti
1707 952 2073 1008 miraculorum

516 1041 733 1096 factoris
763 1041 1048 1112 Tychonis.
1082 1041 1128 1094 Is
1159 1043 1246 1111 qui
1282 1053 1362 1095 est
1399 1043 1768 1096 miraculorum
1801 1041 2071 1104 Dominus,

511 1128 692 1182 vol'etts
715 1129 996 1185 oStendere
1016 1131 1262 1184 omnibus
1288 1129 1425 1197 quali
1458 1131 1658 1184 honore
1687 1145 1898 1184 servum
1919 1145 2072 1184 suum

509 1229 749 1272 sanctum
781 1219 1036 1274 Joannem
1067 1219 1280 1287 dignum
1310 1218 1513 1284 fecerit,
1546 1219 1823 1287 placuitde
1846 1221 2074 1274 honora-

510 1310 601 1364 bili
630 1311 744 1379 ejus
768 1311 972 1377 lipsano
1002 1312 1251 1379 unguenti
1283 1311 1569 1366 saniferam
1592 1313 1906 1365 suavitatem
1934 1325 2077 1366 ema-

512 1416 662 1467 nare,
689 1417 790 1469 qua
829 1401 1065 1456 universi
1095 1401 1147 1454 in
1178 1402 1356 1455 lzetitia
1385 1402 1500 1455 freti
1529 1401 1750 1470 gloriam
1784 1402 2078 1456 retulerunt

510 1489 655 1543 Patri
684 1501 736 1544 et
763 1491 894 1554 Filio
934 1503 986 1545 et
1033 1492 1247 1559 Spiritui
1292 1499 1513 1558 sancto;
1543 1507 1670 1548 vero
1722 1493 1928 1547 scilicet
1969 1492 2076 1548 Deo

513 1589 720 1648 nostro,
749 1581 835 1648 qui
867 1582 1108 1650 preprios
1133 1591 1344 1638 sanctos
1371 1583 1539 1651 gloria
1563 1583 1821 1652 gloriﬁcat
1849 1583 2074 1638 infinita.

587 1673 716 1728 Car.
757 1672 866 1727 LV.
895 1701 965 1714 —
1000 1672 1068 1726 Et
1095 1675 1291 1740 nullus,
1319 1689 1350 1727 ο
1379 1674 1533 1728 amici
1565 1673 1782 1743 Christi,
1821 1675 1946 1727 tanti
1973 1675 2075 1728 nti-

517 1763 679 1817 raculi
711 1765 1010 1818 incredulus
1041 1766 1128 1818 sit.
1175 1765 1379 1820 Etenim
1415 1781 1580 1835 usque
1607 1780 1745 1820 nunc
1775 1765 1985 1820 videtur
2022 1767 2074 1820 in

510 1855 678 1907 amica
718 1853 918 1910 Christi
961 1857 1252 1926 Cyprorum
1284 1859 1473 1924 insula,
1518 1857 1570 1912 in
1615 1859 1837 1912 diversis
1880 1859 2076 1914 sanctis
2105 1867 2153 1928 Β

509 1943 669 1998 talem
695 1944 788 2000 Dei
813 1947 1032 2015 gratiam
1055 1955 1389 2015 operantem,
1411 1956 1466 2003 et
1488 1957 1733 2016 tanquam
1756 1964 1821 2002 ex
1843 1947 2075 2004 fontibus

509 2044 897 2104 unguentorum
926 2039 1236 2095 suavitatem
1267 2041 1332 2096 de
1360 2040 1601 2109 pretiosis
1629 2055 1811 2095 eorum
1857 2040 2074 2108 lipsauis

512 2125 879 2194 proﬂuentem,
911 2128 975 2184 ad
1003 2130 1222 2198 gloriam
1249 2130 1484 2196 ejusdem
1511 2131 1786 2198 bonitatis,
1807 2138 1860 2184 et
1887 2132 1950 2185 ad
1977 2130 2076 2186 ho-

509 2233 692 2274 norem
724 2231 1024 2276 sanctorum
1053 2221 1190 2292 ejus,
1231 2233 1390 2292 atque
1438 2223 1761 2279 alacritatem
1805 2231 1857 2278 et
1894 2221 2065 2278 zelum

2177 618 2408 674 cundum
2444 618 2789 672 imitationem
2817 634 2998 673 eorum
3041 631 3433 689 conversantes,
3461 625 3642 680 eisdem
3665 638 3705 683 et

2178 711 2595 766 nos-honoribus
2623 713 2764 780 digni
2793 710 3090 767 efﬁciamur
3117 729 3144 766 a
3162 714 3305 781 justo
3331 717 3618 772 mercedum
3640 735 3707 773 re.

2177 801 2431 855 tributore
2462 801 2587 854 Deo.
2618 799 2915 855 Efﬁciamur
2944 803 3118 871 igitur,
3149 803 3497 867 dilectissimi,
3539 815 3585 859 et
3627 823 3707 862 nos

2177 904 2633 950 consummatores
2664 895 3086 961 prmscriptarum
3118 894 3486 948 rectitudinum
3517 897 3711 952 sanctis-

2176 987 2294 1041 simi
2337 986 2494 1054 hujus
2540 985 2714 1042 Patris
2757 986 2920 1040 nostri
2949 985 3199 1051 Joannis;
3249 994 3305 1040 et
3356 988 3505 1055 quasi
3553 987 3710 1044 incola:

2177 1079 2466 1133 existentes
2492 1086 2544 1131 et
2571 1076 2833 1146 peregrini
2867 1077 2916 1130 in
2960 1076 3062 1131 vita
3111 1077 3231 1140 ista,
3263 1075 3316 1129 in
3345 1088 3591 1131 aeternum
3616 1078 3709 1133 the-

2177 1165 2505 1220 saurizemus
2548 1165 2798 1230 futurum,
2839 1179 2933 1233 per
2973 1165 3169 1233 largam
3216 1179 3334 1234 quae
3389 1165 3710 1235 indigentibus

2177 1256 2422 1309 tribuitur
2449 1254 2787 1310 donationem
2815 1253 2868 1326 (Ι
2892 1255 3010 1308 Cor.
3036 1255 3128 1324 ix).
3175 1255 3406 1321 Etenim,
3453 1256 3710 1309 secundum

2174 1347 2424 1400 divinitus
2456 1345 2764 1410 inspiratum
2784 1345 3114 1412 Apostolutu,
3139 1345 3224 1412 qui
3246 1345 3478 1400 seminat
3505 1347 3554 1399 in
3577 1347 3712 1401 bene-

2175 1439 2516 1500 dictionibus,
2566 1439 2632 1492 de
2670 1437 3120 1492 bcuedict'onibus
3145 1448 3199 1492 et
3229 1447 3393 1493 metet
3431 1439 3484 1511 (1
3509 1439 3616 1494 Cor.
3637 1440 3708 1509 tt);

2175 1539 2228 1582 et
2258 1545 2350 1594 pro
2378 1529 2808 1598 corruptibilibus
2855 1529 3290 1596 incorruptibilia,
3334 1545 3435 1598 pro
3481 1542 3710 1598 tempora-

2176 1619 2312 1674 libus
2343 1628 2559 1684 aeterna,
2584 1635 2701 1688 qua:
2729 1620 2910 1674 oculus
2933 1634 3036 1672 non
3061 1619 3210 1683 vidit,
3239 1635 3336 1674 nec
3361 1621 3504 1674 auris
3523 1620 3715 1679 audivit.

2177 1720 2233 1763 et
2265 1712 2313 1762 in
2346 1724 2439 1763 cor
2470 1709 2698 1763 hominis
2737 1724 2841 1762 non
2881 1709 3229 1763 ascenderunt.
3269 1725 3390 1778 qua:
3437 1710 3710 1778 praeparavit

2181 1797 2318 1852 Deus
2340 1797 2671 1866 diligentibus
2695 1809 2751 1851 se
2775 1814 2788 1848 :
2813 1812 2928 1866 quae
2955 1811 3138 1850 omnes
3159 1812 3256 1851 nos
3286 1799 3617 1866 impetremus
3635 1812 3708 1866 per

2178 1891 2398 1960 gratiam
2428 1900 2475 1943 et
2505 1887 2918 1944 misericordiam
2948 1887 3069 1942 Jesu
3092 1887 3288 1943 Christi
3319 1889 3524 1942 Domini
3552 1890 3707 1952 nostri,

2172 1996 2291 2034 cum
2324 1994 2430 2048 quo
2455 1989 2533 2032 est
2581 1979 2719 2033 Patri
2751 1994 2853 2031 una
2881 1993 2998 2032 cum
3027 1986 3212 2032 sancto
3238 1979 3442 2044 Spiritu
3480 1979 3630 2048 gloria
3663 1987 3706 2033 et

2175 2070 2343 2125 honor
2370 2079 2420 2124 et
2453 2070 2752 2137 imperium,
2783 2085 2919 2124 nunc
2947 2078 3001 2124 et
3028 2083 3236 2138 semper
3266 2070 3319 2124 in
3345 2073 3539 2126 saecula
3563 2085 3704 2125 saecuo

2181 2161 2373 2216 lorum.
2414 2160 2603 2214 Amen.

1764 2326 2128 2406 noswsvnt
2164 2351 2479 2408 NOTATIO.

578 2460 656 2533 (Ι)
693 2460 1415 2534 Joannem]Martyrologium
1437 2455 1752 2534 Romanum,
1785 2463 1854 2518 23
1875 2463 2070 2534 Janua-

507 2531 595 2586 rii
625 2531 653 2604 i_
700 2549 721 2585 ι
750 2531 1087 2604 Alexandriae
1125 2531 1305 2604 sancti
1359 2533 1579 2604 Joannis
1618 2533 2066 2604 Eleemosynarii,

507 2601 744 2667 ejusdem
776 2601 919 2655 urbis
945 2603 1196 2670 episcopi,
1229 2602 1585 2656 misericordia
1614 2603 1664 2656 in
1695 2601 1948 2669 pauperes
1978 2618 2067 2657 ce-

509 2671 796 2740 leberrimi.
825 2689 846 2722 ι
895 2670 1244 2740 Menologium
1290 2671 1550 2736 Graecum,
1592 2672 1658 2725 12
1706 2672 2063 2727 Novembris:

511 2759 531 2790 ι
580 2739 1023 2810 Commemoratio
1068 2739 1125 2794 S.
1180 2741 1238 2794 P.
1288 2741 1347 2794 Ν.
1397 2740 1614 2796 Joannis
1662 2740 2065 2810 archiepiscopi

507 2809 1244 2881 Alexandrini,_cOgttomento
1267 2809 1583 2881 Eleentonis.
1612 2809 1704 2881 llic
1731 2809 2065 2881 fuitCyprius

507 2892 720 2947 genere,
748 2877 1022 2949 Epiphanii
1046 2879 1183 2932 illius
1208 2879 1436 2947 regionis
1460 2881 1607 2933 ducis
1631 2880 1764 2934 (ilius
1790 2896 1802 2931 :
1830 2877 2060 2949 quicum

507 2964 718 3001 omnem
742 2948 1066 3015 diligentiam
1093 2957 1250 3013 atque
1277 2964 1492 3018 operam
1513 2950 1579 3004 ad
1601 2951 1808 3002 virtutis
1832 2948 2064 3015 studium

507 3029 558 3074 et
586 3018 677 3072 Dei
704 3018 922 3086 gratiam
943 3018 1321 3073 conciliandam
1348 3020 1678 3083 contulisset,
1709 3029 1920 3087 propter
1945 3022 2066 3074 vitte

508 3088 860 3154 splendorem,
887 3087 1127 3158 Heraclio
1148 3089 1524 3158 impapeteute,
1557 3088 1722 3142 factus
1750 3097 1832 3142 est
1858 3089 2066 3144 archie-

513 3160 758 3226 piscOpus
786 3157 1188 3226 Alexandrinus.
1212 3157 1389 3226 Itaque
1415 3166 1471 3211 ut
1502 3159 1712 3210 lucerna
1744 3159 1793 3210 in
1825 3161 2068 3212 candela-

511 3225 607 3278 bro
630 3225 795 3294 posita
816 3225 1006 3286 eluxit,
1026 3227 1306 3294 multisque
1330 3229 1482 3284 annis
1509 3229 1560 3280 in
1576 3228 1871 3281 sacerdotio
1899 3237 2068 3282 trans-

2171 2469 2481 2542 γνωρίζεται.
2501 2461 2721 2534 ’Ἤκμαζε
2741 2461 2795 2518 δὶ
2819 2466 2948 2520 κατὰ
2960 2466 3078 2526 τοὺς
3093 2465 3312 2588 ᾇρόνους
3339 2470 3614 2542 Μαυριιίου
3633 2473 3704 2524 τοί

2172 2535 2440 2588 Βασιλέως.
2478 2552 2495 2584 t
2521 2533 2613 2588 Hic
2658 2535 2745 2588 aui
2791 2534 2958 2588 lectus
2994 2545 3076 2588 est
3147 2544 3283 2588 ater.
3312 2536 3368 2588 in
3399 2553 3500 2588 una
3529 2538 3700 2588 urbium

2171 2533 2440 2604 βαέιλέως.
2478 2552 2495 2584 t
2521 2533 2613 2588 Hic
2658 2535 2745 2600 qui
2791 2534 2958 2588 lectus
2994 2545 3076 2589 est
3093 2533 3283 2596 Pater,
3312 2536 3368 2588 in
3399 2533 3500 2589 un'a
3529 2538 3700 2592 urbium

2170 2605 2350 2672 Cypri,
2381 2605 2576 2675 decore
2607 2604 2966 2657 sacratissimo
2979 2605 3201 2675 claruit.
3236 2605 3300 2657 Et
3328 2607 3493 2660 multa
3530 2621 3704 2675 praco-

2170 2677 2279 2738 nia,
2310 2683 2366 2727 et
2394 2673 2610 2728 festivos
2638 2687 2914 2744 sermones
2944 2672 3372 2744 ejushabemus,
3400 2672 3703 2744 cum'qnibut

2172 2752 2254 2798 est
2277 2743 2438 2811 etiam
2459 2757 2635 2796 sermo
2664 2741 2780 2811 ejus
2803 2743 2854 2796 in
2879 2741 3427 2804 Tra'tisflaurationem
3451 2741 3704 2800 Salv'atoris

2171 2813 2358 2866 nostri.
2411 2810 2737 2878 Conscripsit
2783 2819 2959 2865 autem
2990 2821 3044 2867 et
3089 2812 3257 2866 Vitam
3299 2815 3472 2868 saneti
3521 2815 3704 2869 Joannis

2171 2881 2555 2949 archiepiscopi
2583 2881 2936 2951 Alexandriae,
2960 2893 3314 2951 cognomento
3325 2883 3642 2947 .Eleemonis,
3662 2882 3703 2936 id

2173 2950 2659 3022 est,_Misericordis
2677 2968 2691 3016 ;
2708 2950 2846 3022 quin
2873 2961 2927 3022 e_t
2955 2950 3121 3022 sancti
3153 2951 3423 3008 Simeonis
3451 2952 3701 3022 Simplicis,

2172 3028 2226 3075 et
2253 3019 2353 3072 alia
2385 3021 2644 3087 quredam.
2691 3021 2860 3088 Atque
2891 3020 2943 3073 in
2974 3021 3218 3074 omnibus
3248 3019 3580 3077 sermonibus
3615 3022 3702 3076 suis

2172 3089 2500 3144 orthodoxus
2528 3090 2785 3143 cernitur.
2814 3090 3014 3143 Floruit
3037 3098 3211 3144 autem
3244 3095 3567 3158 temporibus
3586 3091 3703 3144 Mau-

2173 3159 2278 3212 ritii
2307 3160 2664 3226 imperatoris.
2695 3161 3048 3229 rAnaStasius
3076 3160 3539 3229 Bibliothecarius,
3566 3162 3610 3214 in
3630 3174 3702 3213 sua

2174 3229 2419 3283 versione
2445 3243 2520 3282 vn
2551 3228 2761 3298 synodi,
2793 3239 2909 3296 post
2947 3229 3251 3283 Simeonem
3281 3229 3437 3284 addit
3462 3246 3572 3284 eum
3598 3230 3702 3284 scri-

511 3289 662 3358 actis,
696 3293 860 3366 multa
912 3295 1147 3349 efficiens
1179 3289 1448 3359 miracula,
1500 3297 1707 3366 abunde
1751 3297 2067 3364 pauperibus
2095 3289 2141 3353 C
2171 3300 2360 3364 psisse,
2417 3316 2436 3348 ‹
2462 3289 2895 3366 turbationesque
2938 3311 3150 3366 propter
3188 3299 3464 3354 Christum
3506 3301 3701 3353 circaea

513 3374 566 3434 et
593 3362 772 3432 egenis
803 3364 920 3416 vitae
946 3368 1243 3418 necessaria
1273 3366 1631 3434 suppeditans.
1658 3362 1806 3419 Unde
1830 3362 2069 3420 Eleemo—

513 3431 597 3502 nis
628 3443 1042 3502 cognomentum
1088 3436 1305 3502 accepit,
1347 3431 1611 3497 omnibus,
1658 3444 1710 3487 et
1755 3433 1881 3501 ipsis
1911 3435 2068 3490 etiam

513 3500 812 3556 inﬁdelibus
871 3500 1504 3571 venerabilis‘migravit
1565 3504 1628 3556 ad
1687 3500 1987 3558 Dominum.
2045 3523 2065 3558 ι

758 3571 944 3626 eodem
987 3573 1075 3627 die
1124 3572 1458 3641 reperiuntur
1481 3572 1534 3627 in
1565 3573 1800 3641 Menaeis,
1835 3576 2070 3644 pauculis

514 3655 540 3693 tt
617 3656 669 3692 ιι
709 3683 719 3693 .

512 3651 719 3694 ισαιιιε.

583 3709 734 3775 Quod
779 3709 1034 3765 Baronius
1077 3710 1142 3765 ad
1195 3711 1390 3765 dictum
1418 3709 1487 3766 25
1514 3709 1748 3765 Januarii
1792 3712 1932 3766 diem
1971 3713 2066 3778 ait,

513 3778 728 3849 Graecos
754 3779 909 3832 etiam
938 3781 1124 3836 eodem
1159 3782 1245 3834 die
1283 3782 1352 3836 de
1392 3795 1457 3835 eo
1494 3796 1669 3849 agere,
1711 3781 1832 3835 licet
1881 3783 2071 3836 natalis

514 3848 625 3904 dies
653 3848 774 3903 sit?)
802 3849 1092 3914 Februarii,
1125 3850 1303 3905 nescio
1333 3850 1470 3905 unde
1500 3848 1758 3904 hauserit.
1791 3852 1906 3906 Jatn
1938 3854 2073 3906 vidi-

517 3932 633 3994 mus
660 3932 730 3994 ex
751 3917 960 3994 Menaeis
990 3929 1043 3994 et
1071 3921 1386 3994 Menologio,
1421 3920 1484 3994 12
1511 3919 1823 3994 Novembris
1866 3937 2073 3994 memo-

517 3986 648 4057 riam
681 3985 795 4055 ejus
822 3989 960 4057 apud
990 3988 1202 4044 Graecos
1282 3983 1598 4046 'celebrari.
1668 3987 1737 4042 Et
1805 3983 1942 4039 infra
2014 3983 2069 4039 in

517 4055 655 4120 Vita,
681 4071 796 4125 rap.
821 4055 909 4124 52,
937 4057 1128 4112 dicitur
1151 4057 1380 4112 Joannes
1404 4059 1598 4111 obitsse
1623 4061 1709 4109 die
1731 4065 1900 4110 sanctt
1929 4059 2073 4112 Men-

517 4140 619 4197 uze,
649 4124 1099 4197 Mennamautem
1147 4129 1633 4197 Megalomartyrem
1681 4126 1846 4181 habes
1880 4127 1935 4197 in
1966 4128 2076 4182 Me-

519 4196 648 4248 naeis
669 4203 721 4249 et
744 4196 1056 4264 Menologio,
1084 4197 1140 4250 ll
1174 4195 1501 4261 Novembris,
1524 4196 1710 4251 eodem
1731 4211 1850 4250 cum
1871 4195 2075 4251 Joanne

521 4278 724 4328 mense,
756 4265 839 4318 die
870 4267 953 4318 vix
984 4265 1277 4319 tliﬂ'erente.

589 4333 748 4403 Addit
793 4334 987 4388 ibidem
1018 4336 1273 4390 Baronius
1305 4352 1318 4387 :
1349 4334 1480 4388 Puto
1509 4333 1664 4403 hanc,
1695 4333 1883 4403 inquit,
1909 4334 2074 4402 ipsam

517 4399 610 4470 (23
637 4401 779 4463 Jan.)
809 4418 930 4458 esse
954 4404 1092 4458 diem
1124 4406 1468 4458 ordinationis
1495 4402 1630 4472 ejus,
1663 4399 1819 4471 quain
1849 4417 1902 4458 et
1930 4399 2080 4458 nata-

519 4473 622 4524 lem
663 4473 768 4528 dici
816 4476 1157 4529 consuevisse
1181 4482 1235 4529 et
1271 4474 1579 4528 solemniter
1605 4475 1763 4527 etiam
1793 4475 2075 4538 celebrari,

525 4556 682 4614 supra
711 4542 958 4614 diximus,
988 4544 1112 4598 dum
1136 4547 1338 4614 egimus
1360 4545 1426 4599 de
1447 4543 1696 4614 cathedra
1723 4544 1886 4614 sancti
1914 4543 2074 4614 Petri.

522 4611 890 4704 InrAnna’libus
914 4611 1413 4704 tatulen,“t(mtolvttt,
1440 4611 1939 4704 antto‘ChristiGQJ,
1971 4613 2075 4694 Bo-
2107 4644 2156 4704 υ

523 4680 696 4733 nifaeii
727 4682 760 4733 V
812 4697 957 4748 papa:
1005 4681 1061 4746 5,
1107 4684 1330 4737 Heraclii
1381 4685 1507 4749 imp.
1543 4683 1628 4747 ﬂ,
1662 4682 1733 4735 ait
1761 4683 1899 4736 diem
1930 4683 2081 4737 anni-

523 4751 808 4818 versariam
837 4766 935 4818 qua
967 4753 1117 4817 obiit,
1141 4768 1258 4808 esse
1279 4752 1350 4806 25
1377 4752 1631 4806 Januarii.

594 4816 674 4891 (3)
712 4816 980 4891 Leontio.]_
1012 4816 1333 4890 Slgebettus,
1367 4825 1604 4891 catalogo
1632 4819 1795 4874 illust.
1829 4820 2080 4875 Ecclesite

525 4886 742 4956 Script.,
773 4903 892 4954 cap.
919 4886 982 4941 57
1013 4908 1028 4944 :
1058 4886 1095 4940 «⁷
1110 4886 1360 4944 Leontius
1388 4886 1636 4958 Neapolis
1662 4891 1972 4958 Cypriorum
1996 4893 2078 4944 in-

525 4959 653 5011 sulae
683 4959 979 5026 episcopus,
1035 4961 1243 5026 scrip-it
1273 4960 1442 5014 Vitam
1485 4961 1702 5015 Joannis
1740 4960 2080 5014 Alexandrini

527 5027 779 5096 episcopi,
809 5031 896 5094 qui
925 5028 994 5098 ob
1019 5029 1259 5082 exiuuam
1291 5031 1343 5081 in
1374 5045 1632 5098 pauperes
1664 5031 2081 5083 misericordiam

528 5098 888 5167 agnominatur
910 5097 1390 5167 Eleemosynarius.
1430 5117 1448 5150 ι
1481 5097 1822 5163 Trithemius,
1845 5101 2080 5167 eatalogo

528 5164 690 5218 illust.
721 5167 965 5238 Ecclesia:
985 5164 1332 5238 Scriptorum,
1366 5167 1432 5238 de
1450 5183 1514 5220 eo
1536 5171 1691 5221 etiam
1721 5169 1848 5238 agit,
1879 5179 1932 5222 et
1954 5164 2102 5220 nihil

531 5245 722 5305 praeter
748 5236 884 5305 hanc
907 5239 1064 5289 vitam
1095 5250 1156 5290 ex
1187 5237 1302 5305 ejus
1328 5237 1534 5304 scriptis
1561 5239 1706 5290 citat.

601 5303 756 5392 Pldra
780 5304 980 5358 Leontii
1028 5321 1187 5392 opera
1205 5303 1502 5392 "enumerat
1531 5309 1776 5392 Iseptima
1813 5307 2085 5392 generalis

530 5375 914 5466 synodushact.
929 5388 997 5461 tv.
1015 5375 1176 5433 Οὗτος
1197 5375 1222 5428 ὁ
1243 5378 1571 5466 ἀνεγνωρεὶς
1590 5379 1853 5466 ποξτὴρέκέγ
1873 5383 2085 5466 μιᾲιτῶν

531 5442 718 5520 πόλεων
746 5445 942 5516 Κύπρον
959 5445 1271 5520 ξςρρτςρεπῶς
1293 5442 1544 5520 διέτρξψγ
1577 5452 1658 5501 καὶ
1686 5442 1850 5520 «sine
1867 5442 2088 5518 ἔγδξώμεα

533 5514 614 5587 uti
641 5513 1017 5587 πανηγνρικοὺξ
1049 5513 1224 5580 los/oue
1249 5513 1411 5569 αὐτοῦ’
1434 5513 1647 5586 ἔχομεν’
1683 5516 1785 5586 μεθ
1815 5517 1878 5570 ὧν
1900 5513 1985 5587 iis;
2011 5522 2082 5576 εἰς

534 5586 620 5659 tua
640 5585 1132 5659 ξςταμόρφωᾳινςοῆ
1149 5592 1370 5658 Σωτῆρος
1391 5585 1547 5656 ἡμῶνέ
1561 5587 1919 5659 *συνεγράψατρ
1935 5585 2085 5659 δὲκαὶ

537 5651 621 5730 τὸτί
637 5651 745 5730 gica
763 5651 850 5730 rei)
867 5651 1012 5730 ἁγίοτέ
1027 5651 1676 5730 Ἰωάννου-ἆρχιξίπςσκόπου
1701 5651 2083 5730 Ἇλεξανδρε-ίας,

540 5717 948 5795 τοῨῖΕλεῄμονοξν
979 5719 1052 5775 ἔτι
1071 5729 1166 5795 μήν
1187 5717 1375 5780 missi;
1403 5725 1544 5780 ὁσίου
1575 5735 1771 5795 Συμεῶν
1791 5717 1880 5780 τόῡ
1909 5717 2082 5795 indui},

539 5790 619 5842 xei
647 5790 794 5860 ἕτερά
829 5806 955 5848 nvo:
987 5790 1132 5848 καὶῖν
1161 5801 1291 5851 πᾶσι
1337 5805 1440 5856 τοῖς
1467 5795 1626 5866 λόγοις
1641 5790 1798 5850 ἀὐτοῦ
1830 5793 2086 5863 ὀρθόδοξος

2171 3373 2406 3434 tempora
2431 3369 2480 3420 in
2504 3367 2727 3422 ecclesia
2751 3365 2979 3432 factas,»
3009 3369 3148 3434 quod
3171 3367 3254 3420 hic
3281 3368 3436 3422 deest
3455 3369 3503 3421 in
3527 3367 3700 3422 Graeco.

2169 3433 2347 3499 Quare
2377 3436 2456 3489 vel
2489 3437 2602 3503 ipse
2632 3435 2916 3502 perfectius
2957 3433 3197 3490 Graecum
3230 3440 3505 3503 exemplar
3547 3444 3700 3490 nactus

2171 3503 2288 3569 fuit,
2308 3508 2384 3559 vel
2410 3515 2552 3559 certe
2567 3513 2656 3559 τοῦ
2679 3505 2852 3568 Σαλοῦ,
2886 3506 3024 3572 quod
3046 3507 3320 3574 epitheton
3345 3520 3433 3562 est
3451 3507 3698 3569 Simeonis,

2170 3589 2274 3642 quo
2303 3575 2520 3642 simplex
2545 3583 2601 3628 et
2628 3579 2819 3628 stultus
2845 3574 2992 3644 Syris
3018 3577 3348 3645 designatur,
3398 3579 3509 3645 ipse
3555 3585 3697 3628 meta-

2171 3645 2436 3712 phrastice
2483 3645 2728 3712 explicat.
2777 3645 2854 3698 Ex
2892 3645 3074 3698 Graeci:
3105 3653 3195 3700 τοῦ
3223 3645 3401 3706 σάλος.
3432 3645 3553 3699 Nam
3579 3647 3700 3703 σάλος

2171 3712 2365 3766 Crtecis
2386 3715 2618 3782 jactatio,
2652 3715 2887 3766 turbatio.
2919 3715 3092 3778 Quare
3122 3714 3254 3768 forte
3287 3716 3419 3768 nihil
3443 3716 3583 3770 deest
3606 3725 3697 3768 tex-

2174 3785 2243 3835 tui
2286 3783 2500 3853 Grteco,
2569 3783 2662 3837 sed
2709 3785 3017 3838 Anastasius
3069 3785 3244 3851 lapsus
3285 3787 3446 3840 fuerit
3489 3785 3696 3853 ambiguo

2171 3852 2407 3905 vocabuli
2438 3855 2593 3906 σαὶοῦ
2619 3864 2674 3906 et
2694 3854 2875 3908 σάλου.

2241 3924 2368 3986 Qua:
2398 3937 2481 3974 res
2510 3923 2754 3988 Baronio,
2786 3933 2914 3976 tom.
2942 3919 3078 3988 Vlll,
3113 3937 3253 3978 anno
3293 3921 3489 3979 Christi
3517 3921 3628 3988 594,
3660 3927 3700 3973 et

2170 4003 2308 4044 επιηο
2330 3991 2432 4044 620
2459 3991 2666 4045 labendi
2695 3991 3022 4044 occisionem
3053 3992 3357 4060 praebuerit,
3393 4001 3447 4047 ut
3467 3992 3700 4046 existima-

2172 4069 2242 4130 rit
2271 4061 2547 4113 Leontium
2581 4063 2720 4115 hunc
2764 4061 3034 4113 historiam
3071 4063 3149 4113 sui
3183 4065 3439 4130 temporis
3466 4062 3700 4130 scripsisse

2173 4129 2512 4200 incipientem
2541 4145 2570 4182 a
2598 4131 2842 4184 Mauritio
2889 4143 3105 4184 narrare
3146 4145 3238 4184 eas
3267 4129 3389 4200 quae
3431 4129 3700 4185 fuerunt'in

2175 4199 2411 4252 Ecclesia
2465 4201 2905 4266 perturbationes.
2962 4200 3159 4253 Eadem
3213 4199 3375 4254 habet
3423 4200 3699 4253 Possevinus

2173 4282 2354 4322 nOSIer
2395 4269 2444 4320 itt
2478 4272 2739 4336 Apparatu
2771 4267 2952 4322 Sacro.
2981 4268 3158 4334 Quare
3185 4269 3316 4324 liber
3347 4269 3434 4323 ille
3463 4269 3587 4322 forte
3615 4281 3696 4319 non

2173 4337 2395 4401 excidit,
2439 4350 2544 4407 nec
2590 4337 2782 4390 alicubi
2823 4338 3101 4398 delitescit.
3132 4354 3250 4406 quia
3291 4353 3550 4407 nunquam
3592 4338 3699 4388 torta

2173 4409 2400 4480 scriptus
2423 4405 2544 4480 fuit.
2592 4407 2700 4480 Nec
2739 4415 2889 4480 recte
2917 4411 3090 4480 priore
3117 4408 3235 4480 loco
3263 4405 3699 4480 apud‘Barouitun,

2173 4484 2229 4530 et
2256 4476 2392 4543 apud
2421 4475 2763 4531 Possevinum
2791 4476 2980 4530 dicitur
3009 4477 3256 4532 Lemnius
3279 4475 3591 4532 Constantia:
3611 4475 3700 4542 epi-

2174 4560 2388 4609 scouus,
2441 4547 2546 4599 imo
2602 4546 2844 4612 Neapolis
2893 4545 3010 4600 fuit.
3118 4596 3122 4600 .

2239 4614 2410 4667 Habes
2451 4615 2500 4665 in
2548 4609 2735 4681 eadem
2774 4614 2994 4681 synodo,
3041 4611 3248 4681 actione
3294 4609 3693 4681 callem,_ri_tatos

2167 4682 2364 4752 aliquot
2409 4683 2569 4735 libros
2612 4677 2817 4733 Leontii
2841 4689 3022 4733 contra
3047 4679 3260 4752 Judaeos
3285 4693 3377 4752 pro
3398 4677 3694 4752 Christiani:

2168 4744 2286 4807 mi.
2340 4752 2600 4821 apologia,
2646 4764 2711 4802 ex
2760 4753 2948 4816 quibus
2983 4748 3161 4821 etiam
3214 4749 3459 4821 quaedam
3509 4744 3694 4797 adducit

2170 4815 2398 4879 Joannes
2430 4815 2787 4874 D.iinascettus
2811 4827 2947 4872 orat.
2975 4820 2995 4871 l
3031 4828 3086 4871 et
3114 4817 3169 4879 5,
3196 4819 3262 4869 de
3281 4815 3496 4881 ltnagin.

2241 4893 2493 4945 Baronius
2520 4931 2534 4954 ,
2610 4889 2879 4941 notatione
2930 4888 2995 4939 ad
3033 4881 3694 4957 iMartyrologiuthRomI-

2169 4978 2292 5017 nunt
2331 4959 2401 5011 25
2443 4950 2691 5021 Januarii,
2722 4958 2986 5012 existimat
3014 4950 3276 5022 duplicem
3309 4950 3509 5007 Leontii
3535 4950 3696 5024 editio-

2170 5047 2291 5086 nem
2337 5041 2390 5082 et
2434 5027 2826 5083 translationem
2869 5040 2988 5080 esse
3038 5026 3176 5078 inter
3219 5038 3280 5078 se
3320 5025 3697 5093 diversatugutl

2171 5084 2393 5170 quarum
2419 5099 2583 5170 altera
2613 5097 2786 5170 aliqua
2810 5097 3212 5170 habenturqute
3243 5095 3292 5145 in
3325 5084 3694 5170 alteradeﬁi'QS

2171 5153 2378 5222 rantur.
2431 5168 2524 5220 Est
2547 5153 2757 5232 quidem
2790 5165 2981 5233 duplex
3011 5153 3192 5224 edit-i0,
3225 5170 3279 5215 et
3300 5157 3565 5214 translatio
3588 5153 3694 5204 Viue

2171 5239 2390 5294 Joannis
2407 5236 2850 5312 _El_eem_osynarii,
2881 5235 2971 5286 sed
3001 5234 3214 5312 diverso
3243 5238 3458 5312 auctore
3465 5236 3693 5312 :unauatl:

2173 5319 2373 5362 ctoretn
2405 5307 2562 5378 habet
2587 5294 2884 5378 Leontium,
2911 5317 3032 5378 qna;
3053 5303 3307 5378 hactenus
3332 5299 3506 5378 existit
3526 5297 3572 5347 in

2175 5377 2410 5441 Patrum,
2442 5385 2494 5429 et
2520 5375 2740 5428 habetur
2771 5368 2986 5427 tome—ll
3014 5368 3310 5441 Lipomani.
3355 5368 3698 5441 Alteraaueto-

2177 5463 2288 5501 rem
2317 5435 2476 5499 habet
2500 5444 2926 5512 Metaphrastem,
2954 5435 3111 5512 (lu-Ilii
3139 5439 3300 5494 habes
3325 5435 3462 5508 apul
3481 5435 3699 5502 Lipoutac

2177 5532 2322 5573 sum.
2357 5527 2496 5570 torno
2530 5514 2565 5566 ν
2595 5509 2653 5567 et
2667 5515 2897 5570 Surium.
2933 5518 3076 5564 tomo
3098 5509 3136 5553 Ι.

2235 5670 2312 5740 (δ)
2351 5648 3041 5740 Anastasio-1-“Sueba”?
3071 5637 3691 5740 t.£“P_-.__.‘.9f_‘.‘...‘.‘.{lf;

2169 5712 2883 5803 "jubeitte’tjico'lao
2911 5738 3078 5803 papa,
3110 5712 3692 5803 transtulitinnliatiﬂun:

2667 5780 3102 5865 Cleemos'yn'at‘ii,
3153 5788 3400 5857 scriptam
3454 5780 3625 5838 Grece
3667 5783 3693 5824 ³

3606 421 3713 478 1380
