3956 6220
302 264 439 333 Ῑίὶῦθ
1366 310 1378 317 -
1472 269 1643 328 VITA
1700 271 1760 327 S.
1809 267 1894 327 SY

1999 267 2185 330 {ONLS
2230 269 2421 330 SAL].
3414 271 3548 333 16ῖο

311 456 1364 489 μετ’-..Μ

1368 455 3526 488 ww

1257 627 1894 743 EJUSDEM
2014 629 2373 744 LEON
2397 631 2594 744 ΤΙΙ

1371 864 1733 912 τηλικουτοε
1779 866 2067 912 οπιιοιιυ
2077 866 2123 912 Μ
2179 866 2465 914 Ειηεοορι

778 1025 1064 1118 VITA
1133 1024 1227 1113 S.
1307 1019 1916 1112 SYMEONIS
1983 1023 2235 1112 SALI
2313 1022 3161 1122 CONFESSORIS.

306 1216 416 1290 (E1
447 1221 624 1277 codice
658 1216 940 1285 Vaticano,
977 1217 1186 1288 signato
1217 1231 1362 1270 num.
1400 1213 1524 1280 819,
1569 1213 1771 1269 collata
1798 1229 1916 1266 cum
1945 1229 2030 1280 ea,
2082 1231 2202 1284 qum
2241 1227 2319 1271 est
2377 1219 2517 1289 apud
2576 1220 2816 1292 Surium,
2874 1233 2911 1279 t.
2971 1225 3061 1292 lll,
3123 1243 3175 1298 p.
3221 1228 3275 1282 l.
3330 1227 3555 1286 Edidere

1283 1310 1548 1369 BOLLAND.
1562 1352 1577 1379 ,
1610 1313 1730 1366 Act.
1757 1307 1896 1363 Sanc

1999 1307 2129 1364 Iulii
2155 1321 2195 1366 ι.
2223 1310 2264 1377 l,
2298 1328 2352 1384 p.
2389 1315 2545 1384 156.)
3388 1381 3404 1442 )

1533 1619 1904 1676 PROLOGUS
1934 1621 2024 1677 AU
2037 1620 2308 1679 CTORIS.

1903 1762 1967 1776 _

275 1846 280 1850 ’
370 1862 438 1910 α’.
470 1855 535 1908 Οί
568 1853 627 1907 τδ
648 1848 1024 1907 διδασκαλικὸν
1072 1849 1210 1920 πρὸς
1241 1849 1503 1921 ἀλλήλους
1545 1848 1865 1910 σπεύδοντες
1896 1898 1899 1908 ,

2036 1849 2089 1904 1.
2131 1849 2233 1916 Qui
2301 1850 2538 1907 docendi
2597 1855 2922 1910 auctoritate
2963 1856 3106 1926 apud
3168 1859 3303 1914 alios
3364 1861 3549 1920 valere

303 1945 656 2019 μεταδιώκειν
685 1944 924 2015 ἀξίωμα.
945 1940 1256 2013 ὀφείλουσιν
1281 1942 1346 1995 ὲκ
1382 1941 1476 1995 τοῦ
1511 1941 1720 1995 ἑαυτῶν
1754 1939 1868 2010 βίου

1999 1941 2234 2010 .tudent,
2286 1958 2318 1998 e
2382 1945 2603 2014 propria
2661 1961 2760 2002 sua
2826 1947 2939 2003 vita
2992 1949 3196 2005 debent
3263 1954 3557 2011 ostendere

297 2039 396 2107 τὴν
420 2036 624 2108 ἑτέρων
646 2034 994 2090 διδασκαλίαν
1020 2033 1413 2099 ὑποδεικνύειν,
1436 2033 1578 2088 κατά
1604 2033 1701 2104 τὴν
1721 2033 1872 2088 θείαν

301 2130 484 2199 φωνὴν
523 2128 620 2199 τὴν
673 2127 977 2197 λέγουσαν·
1020 2145 1040 2179 t
1097 2125 1284 2190 Οὕτως
1321 2126 1593 2197 λαμψάτω
1646 2125 1706 2178 τὸ
1756 2125 1873 2194 φῶς

300 2223 454 2292 ὑμῶν
503 2221 812 2292 ἔμπροσθεν
850 2221 959 2272 τῶν
993 2220 1318 2291 ἀνθρώπων,
1355 2220 1506 2282 ὅπως
1540 2219 1690 2272 ἴδωσι
1722 2216 1874 2288 ὑμῶν

296 2315 367 2369 τά
399 2313 539 2369 καλά
562 2315 717 2383 ἔργα,
749 2313 844 2367 καὶ
875 2312 1172 2380 δοξάσωσιν
1197 2313 1287 2366 τὸν
1323 2311 1544 2383 Πατέρα
1571 2310 1748 2381 ὑμῶν,
1784 2310 1876 2364 τὸν

299 2407 359 2460 έν
385 2409 498 2470 τοῖς
547 2407 814 2472 οὐρανοῖς.
873 2423 891 2457 ι
925 2407 1140 2476 Μήπως
1203 2405 1424 2475 ἑτέρους
1477 2403 1748 2457 νουθετεῖν
1783 2403 1877 2457 καὶ

303 2495 668 2566 καταρτίζειν,
713 2495 811 2550 καὶ
854 2495 1068 2565 ὁδηγεῖν
1096 2493 1440 2559 σπεύδοντες,
1477 2494 1608 2565 πρὶν
1651 2493 1878 2556 ἑαυτοὺς

1974 2033 2300 2103 doctrinam,
2331 2051 2492 2106 quam
2523 2039 2659 2095 alios
2713 2040 2963 2106 doceant,
2991 2042 3144 2113 juxta
3174 2041 3370 2100 divinae
3407 2049 3560 2106 vocis

1977 2126 2258 2181 oraculum
2289 2144 2307 2183 :
2344 2149 2363 2182 ι
2402 2131 2494 2188 Sic
2535 2131 2714 2187 luceat
2752 2133 2843 2188 lux
2887 2143 3065 2190 vestra
3101 2152 3282 2194 coram
3317 2141 3559 2197 homini-

1979 2217 2102 2283 bus,
2146 2227 2208 2273 ut
2255 2219 2478 2276 videant
2515 2238 2678 2292 opera
2709 2233 2891 2278 vestra
2943 2225 3109 2293 bona,
3150 2238 3206 2284 et
3256 2230 3562 2302 gloriﬁcent

1980 2307 2196 2364 Patrem
2226 2320 2491 2377 vestrum,
2518 2313 2612 2382 qui
2646 2314 2700 2367 in
2727 2315 2878 2369 etelis
2917 2325 3001 2370 est
3028 2315 3068 2371 ¹.
3113 2335 3132 2368 ι
3171 2317 3251 2374 Ne
3271 2320 3397 2375 dum
3425 2322 3562 2378 alios

1980 2400 2132 2469 prius
2163 2416 2408 2469 monere,
2460 2402 2749 2470 instruere,
2796 2412 2851 2459 et
2903 2405 2958 2458 in
3007 2407 3150 2460 viam
3189 2409 3394 2465 ducere
3440 2418 3562 2466 stu-

1981 2489 2132 2555 dent,
2164 2507 2326 2561 quam
2357 2493 2457 2562 ipsi
2490 2509 2549 2548 se
2574 2493 2882 2560 docuerint,
2909 2506 2962 2551 et
2996 2502 3423 2569 expurgaverint
3464 2516 3564 2572 per

299 2586 606 2652 διδάξωσιν,
640 2587 736 2641 καὶ
771 2585 1155 2657 ὲκκαθάρωσιν
1181 2587 1267 2639 διὰ
1286 2585 1389 2656 τῆς
1422 2583 1527 2638 τῶν
1549 2585 1708 2638 θείων
1729 2585 1881 2637 ὲντοι

1999 2581 2292 2636 iivinorum
2319 2583 2696 2639 mandatorum
2738 2587 3201 2654 observationem,
3247 2601 3374 2647 ante
3411 2593 3556 2648 obli-

307 2679 722 2750 λῶνὲργασίας,
775 2677 1010 2732 λάθωσιν
1062 2677 1168 2748 πρὸ
1212 2677 1417 2732 τούτων
1446 2679 1644 2731 οἰκεῖον
1685 2676 1878 2745 νεκρὸν

1999 2673 2263 2730 viscantur
2295 2677 2576 2745 proprium
2602 2687 2877 2733 mortuum
2905 2678 3057 2745 ﬁere,
3091 2697 3252 2752 quam
3285 2684 3354 2740 de
3384 2685 3566 2741 alieno

306 2772 562 2836 κλαῦσαι,
607 2770 738 2842 περὶ
788 2771 877 2824 τὸν
907 2769 1000 2824 τοῦ
1065 2771 1254 2840 ἑτέρου
1311 2768 1724 2840 ἀσχοληθέντες,
1782 2767 1878 2822 καὶ

1999 2767 2254 2834 .aborent,
2290 2774 2346 2822 et
2372 2768 2428 2822 in
2461 2768 2566 2824 illis
2596 2769 2906 2840 impleatur,
2955 2787 3144 2830 verum
3181 2775 3306 2841 hoc,
3344 2785 3400 2832 et
3431 2776 3567 2848 ipsis

309 2862 571 2934 πληρωθῇ
601 2861 691 2914 ἐπ’
732 2860 913 2924 αὐτοῖς
939 2860 1002 2913 τὸ
1021 2859 1274 2928 ἀψευδὲς,
1309 2859 1403 2912 καὶ
1444 2857 1681 2930 ἁρμόζον
1701 2857 1884 2920 αὐτοῖς

1999 2872 2288 2928 :ongruum
2315 2858 2615 2928 eloquium,
2641 2861 2785 2930 quod
2819 2862 2953 2917 dicit
2984 2881 2998 2919 :
3027 2884 3045 2916 1
3075 2865 3178 2930 Qui
3215 2882 3324 2922 non
3375 2867 3568 2924 fecerit

309 2954 508 3023 λόγιον,
535 2955 596 3006 τὸ
617 2952 852 3022 φάσκον·
890 2969 910 3004 ι
949 2946 1135 3012 ὐστις
1167 2950 1241 3018 μὴ
1284 2950 1486 3020 ποιήσῃ
1527 2950 1624 3002 καὶ
1675 2946 1884 3018 διδάξῃ.

1999 2952 2042 3000 3t
2070 2947 2335 3012 docuerit,
2372 2948 2462 3003 hic
2491 2948 2749 3004 minimus
2775 2952 3058 3006 vocabitur
3096 2953 3152 3007 in
3198 2971 3366 3026 regno
3404 2957 3571 3012 caelo-

310 3040 464 3108 οὗτος
494 3044 776 3114 ἐλάχιστος
799 3041 1130 3113 κληθήσεται
1179 3041 1238 3093 ὲν
1262 3042 1329 3111 τῇ
1379 3038 1626 3110 βασιλείᾳ
1659 3038 1766 3092 τῶν
1791 3038 1879 3091 οὐ·

1999 3053 2110 3092 rum
2137 3039 2180 3092 '.
2219 3057 2238 3091 ι
2261 3039 2329 3094 Et
2359 3039 2593 3107 iterum;
2627 3059 2647 3093 ι
2674 3041 2984 3113 Hypocrita,
3015 3045 3153 3114 ejice
3184 3047 3420 3116 primum
3457 3056 3570 3103 tra-

315 3135 513 3208 ρανῶν.
554 3153 573 3187 ι
607 3135 717 3188 Καὶ
745 3134 906 3187 πάλιν
927 3149 942 3164 ·
984 3151 1003 3185 ι
1057 3131 1380 3202 ’Υποκριτά,
1415 3129 1642 3184 ἔκϐαλλε
1670 3129 1886 3199 πρῶτον

1999 3127 2113 3182 bem
2155 3141 2224 3182 ex
2249 3128 2408 3183 oculo
2445 3137 2562 3196 tuo,
2601 3140 2656 3186 et
2698 3139 2828 3187 tunc
2872 3133 3128 3204 inspicies
3158 3137 3202 3200 ³,
3240 3154 3259 3187 ι
3291 3145 3398 3191 etc.
3445 3137 3572 3193 ideo

310 3194 410 3300 τὴν
435 3227 592 3282 δοκὸν
609 3227 673 3281 ὲκ
701 3227 795 3280 τοῦ
825 3223 1104 3296 ὀφθαλμοῦ
1131 3194 1247 3287 σου,
1270 3194 1374 3276 καὶ-
1392 3223 1512 3277 τότε
1542 3194 1884 3292 ὲμδλέιιιειςῃ

1999 3219 2212 3289 sapiens
2257 3235 2475 3290 quoque
2527 3194 2760 3278 Actuum
2813 3194 3200 3295 apostolorum.
3235 3228 3472 3297 scriptor
3505 3229 3574 3282 de

313 3321 408 3374 καὶ
437 3321 505 3374 τὰ
528 3319 674 3391 ἑξῆς.
707 3319 798 3372 Διὸ
830 3319 925 3372 καὶ
961 3319 988 3370 ὁ
1013 3317 1121 3371 τῶν
1147 3315 1405 3387 Πράξεων
1435 3315 1544 3368 τῶν
1581 3313 1892 3368 ἀποστόλων

1999 3325 2195 3382 magno
2221 3327 2288 3367 ac
2307 3327 2502 3369 verace
2547 3315 2658 3370 Deo
2685 3325 2875 3372 nostro
2905 3325 2960 3373 et
3000 3320 3260 3390 magistro
3289 3320 3370 3376 sic
3396 3321 3576 3391 loqui-

316 3410 479 3481 σοφὸς
509 3411 857 3481 συγγραφεὺς
886 3408 1014 3478 περὶ
1058 3405 1154 3460 τοῦ
1205 3405 1444 3477 μεγάλου
1497 3405 1593 3457 κα)⁸
1635 3402 1892 3472 ἀληθινοῦ

1999 3411 2124 3458 tur:
2165 3423 2185 3456 ι
2222 3404 2558 3477 ρυεειοωρίι
2587 3407 2746 3465 Jesus
2791 3409 2974 3466 facere
3009 3421 3064 3466 et
3093 3411 3291 3467 docere
3317 3413 3360 3466 ⁸.
3399 3433 3418 3466 ι
3455 3411 3570 3468 Hoc

315 3500 472 3571 ἡμῶν
495 3499 630 3553 Θεοῦ
662 3499 759 3554 καὶ
784 3498 1106 3552 διδασκάλου
1140 3497 1314 3560 οὕτως
1339 3495 1504 3566 φησίν
1523 3511 1538 3528 ο
1561 3489 1664 3547 Ὠν
1691 3493 1895 3564 ἤρξατο

1999 3495 2145 3549 enim
2193 3505 2248 3552 et
2284 3494 2504 3562 Paulus,
2545 3514 2802 3571 magnum
2851 3500 3110 3558 Ecclesiae
3135 3518 3253 3569 vas,
3297 3499 3574 3558 Romanos

315 3591 346 3643 ὁ
382 3593 590 3660 Ἰησοῦς
616 3593 788 3644 ποιεῖν
822 3607 881 3642 τε
919 3591 1014 3642 καὶ
1066 3589 1360 3642 διδάσκειν.
1391 3605 1410 3638 ι
1445 3584 1616 3638 Τοῦτο
1657 3584 1767 3656 γὰρ
1800 3584 1898 3638 καὶ

1999 3585 2309 3657 increpans,
2354 3591 2592 3661 scripsit,
2653 3592 2734 3648 sic
2776 3593 3009 3648 dicens:
3045 3613 3065 3645 ι
3102 3593 3218 3655 Tu,
3267 3594 3358 3663 qui
3407 3595 3573 3648 alium

321 3680 532 3743 Παῦλος
562 3679 623 3732 τὸ
652 3679 795 3749 μέγα
827 3677 1018 3742 σκεῦος
1049 3679 1147 3748 τῆς
1177 3677 1531 3748 Ἐκκλησίας,
1562 3676 1895 3746 ἐπιπλῆττον

1999 3675 2182 3742 doces,
2212 3685 2267 3732 te
2303 3678 2479 3747 ipsum
2517 3695 2624 3734 non
2667 3681 2872 3735 doces?
2904 3699 2923 3731 ι
2960 3689 3066 3736 etc.
3088 3680 3355 3746 Quoniam
3387 3697 3517 3752 ergo
3545 3699 3577 3737 e

317 3775 430 3835 τοῖς
466 3770 781 3841 Ῥωμαίοις,
804 3770 1044 3841 ἔγραφεν
1063 3768 1236 3831 οὕτως
1262 3769 1437 3837 λέγων
1465 3786 1475 3798 ·
1513 3786 1532 3819 ι
1578 3764 1712 3822 Εῐτα
1759 3770 1787 3822 ὁ
1814 3767 1897 3822 δι·-

321 3865 536 3919 δάσκων
567 3863 776 3934 ἕτερον,
801 3861 1026 3917 σεαυτὸν
1059 3861 1121 3914 οὑ
1151 3860 1456 3927 διδάσκεις;
1490 3879 1508 3912 ι
1537 3861 1631 3914 καὶ
1659 3861 1729 3914 τὰ
1750 3859 1897 3930 ἑξῆς.

336 3957 488 4010 Ἐπεὶ
515 3951 608 4010 οῦν
633 3955 694 4020 ἐξ
721 3955 922 4009 οἰκείου
959 3955 1075 4024 βίου
1107 3953 1482 4018 διδασκαλίας,
1519 3951 1613 4006 καὶ
1657 3953 1754 4023 τῆς
1777 3952 1896 4006 κατ’

326 4048 526 4120 ἀρετὴν
559 4047 821 4118 ἐργασίας
843 4047 1026 4100 εἰκόνα
1051 4047 1146 4100 καὶ
1183 4045 1354 4099 τύπον
1387 4044 1674 4116 προθεῖναι
1700 4044 1899 4098 ἀδυνα-

325 4139 546 4210 τοῦμεν,
571 4137 640 4190 τὰ
660 4136 809 4206 πάθη
839 4136 938 4205 τῆς
967 4134 1241 4206 ἁμαρτίας
1272 4136 1330 4188 ὲν
1371 4135 1582 4197 ἑαυτοῖς
1623 4132 1899 4203 πανταχοῦ

325 4231 736 4301 περιφέροντες.
772 4227 906 4299 φέρε
941 4228 1043 4280 κᾶν
1091 4229 1156 4278 ὲκ
1214 4226 1312 4297 τῆς
1363 4225 1565 4294 ἑτέρων
1618 4225 1901 4296 ἐργασίας,

327 4319 550 4374 καὶτῶν
571 4317 749 4380 ἄλλοις
774 4315 1117 4387 πονηθέντων
1153 4314 1393 4388 ἱδρώτων
1418 4315 1624 4386 τροφὴν
1652 4315 1780 4387 ῦμῖν
1805 4316 1904 4386 σή·-

332 4429 496 4482 μερον
531 4410 608 4482 μὴ
644 4410 1048 4481 ἀπολλυμένην,
1099 4409 1216 4464 ἀλλ’
1264 4409 1565 4480 ὁδηγοῦσαν
1592 4410 1730 4481 πρὸς
1758 4407 1904 4479 ζωὴν

327 4503 542 4559 αἰώνιον
567 4503 668 4566 τὰς
706 4502 979 4574 ἡμετέρας
1003 4501 1202 4572 ψυχὰς,
1240 4501 1686 4572 ἀνακαλύψομεν.

1997 3767 2108 3821 vita
2135 3776 2342 3835 nostra,
2369 3768 2630 3823 doctrinae
2658 3777 2712 3824 et
2741 3770 3097 3839 operationis,
3117 3787 3240 3841 quae
3267 3773 3574 3826 secundum

1998 3857 2257 3913 virtutem
2303 3865 2408 3925 est,
2450 3859 2737 3930 imaginem
2778 3869 2834 3914 ct
2867 3859 3092 3932 ﬁguram
3133 3877 3440 3932 proponere
3465 3875 3574 3916 non

1999 3963 2310 4019 possumus,
2334 3949 2541 4019 peccati
2573 3948 2891 4005 affectiones
2920 3951 3125 4020 ubique
3175 3951 3230 4004 in
3274 3951 3432 4006 nobis
3468 3951 3580 4005 cir-

1999 4040 2400 4108 cumferentes;
2434 4057 2554 4111 age,
2589 4041 2675 4096 vel
2700 4057 2764 4096 ex
2790 4041 3020 4096 aliorum
3052 4042 3394 4111 operatione,
3433 4049 3490 4096 et
3513 4056 3578 4095 ex

2001 4132 2314 4195 sudoribus,
2339 4133 2431 4204 qui
2467 4134 2536 4188 ab
2573 4134 2695 4188 aliis
2742 4133 3000 4188 exantlati
3047 4141 3194 4198 sunt,
3229 4133 3572 4198 alimentum,

2002 4223 2149 4294 quod
2183 4225 2337 4280 vobis
2384 4225 2543 4280 hodie
2586 4241 2695 4280 non
2746 4233 2955 4296 pereat,
2997 4225 3092 4281 sed
3124 4227 3334 4281 animas
3364 4234 3582 4280 nostras

2005 4315 2238 4370 adducat
2266 4316 2321 4371 in
2346 4315 2507 4370 vitam
2537 4325 2823 4383 aeternam,
2845 4317 3230 4372 revelabimus.

401 4593 465 4666 β’.
498 4551 696 4664 -Αρτές
712 4551 988 4665 "Lit—ﬁ;
1013 4551 1296 4663 ἷιρΐέἕμέ
1314 4551 1626 4664 Eatur—gf?
1646 4551 1814 4661 λόγος
1845 4591 1899 4646 δὲ

2076 4586 2131 4641 9.
2171 4583 2303 4640 Nam
2332 4583 2488 4654 panis
2515 4583 2735 4655 quidem
2783 4583 3074 4639 conﬁrmat
3116 4597 3335 4651 corpus,
3366 4580 3584 4636 divinus

329 4685 463 4740 Θεοῦ
502 4687 602 4758 τὴν
646 4685 823 4757 ψυχὴν
854 4687 991 4756 πρὸς
1029 4685 1229 4757 ἀρετὴν
1282 4685 1587 4748 σπουδαίως
1618 4685 1902 4755 διεγείρει,

331 4781 425 4834 καὶ
457 4777 694 4850 μάλιστα
741 4777 849 4832 τῶν
896 4777 1282 4849 ῥᾳθυμοτέρων
1339 4777 1471 4849 περὶ
1519 4776 1618 4847 τὴν
1643 4774 1908 4846 ἐργασίαν

294 4871 440 4925 ’τῶν
495 4869 655 4924 θείων
709 4869 1184 4940 παραγγελμάτων
1240 4869 1459 4938 ἀμελῶς
1511 4868 1906 4937 διακειμένωνο

302 4982 305 4983 ⁷
334 4965 445 5028 τοῖς
485 4963 583 5033 μὲν
614 4961 722 5033 γὰρ
751 4960 1060 5025 σπουδαίοις
1102 4961 1197 5015 καὶ
1230 4964 1296 5032 τῇ
1337 4960 1546 5032 διανοίᾳ
1591 4960 1727 5030 πρὸς
1777 4958 1909 5012 Θεὸν
1931 4982 1968 5038 ..ι⁴

339 5056 734 5128 ἀνακειμένοις,
763 5053 924 5125 ἱκανὴ
949 5057 1044 5108 καὶ
1071 5057 1105 5124 ἠ
1153 5055 1459 5126 συνείδησις
1495 5052 1634 5124 πρὸς
1655 5052 1913 5105 διδασκα-
1957 5058 1962 5063 ’

337 5149 458 5212 λίας
481 5147 760 5212 ὑπόθεσιν,
779 5146 961 5200 πάντα
980 5149 1048 5200 τὰ
1085 5145 1268 5216 ἀγαθά
1303 5143 1767 5216 συμϐουλεύουσα,
1818 5143 1913 5197 καὶ

341 5241 556 5295 πάντων
582 5239 690 5294 τῶν
717 5238 970 5310 πονηρῶν
992 5239 1430 5311 ἀποστρέφουσα.
1456 5238 1582 5301 Τοῖς
1601 5236 1658 5290 δὲ
1687 5235 1767 5290 ἔτι
1787 5235 1914 5290 τού-

339 5346 450 5385 των
481 5331 885 5402 ταπεινοτέροις
923 5330 1082 5402 χρεία
1110 5332 1258 5385 ὲστὶν
1285 5330 1382 5400 τῆς
1417 5327 1512 5382 τοῦ
1546 5327 1793 5398 γραπτοῦ
1824 5329 1913 5381 νό-

345 5438 449 5493 μου
483 5421 857 5493 παραγγελίας
886 5421 980 5474 καὶ
1003 5422 1332 5486 ὑποθέσεως.
1358 5420 1421 5474 Εἰ
1451 5420 1510 5474 δέ
1529 5437 1614 5482 τις
1645 5419 1735 5474 τδν
1761 5418 1913 5492 πρῶ-

343 5529 438 5570 τον
472 5515 566 5568 καὶ
590 5513 681 5568 τδν
709 5511 961 5584 δεύτερον
980 5514 1181 5584 τρόπον
1207 5514 1306 5586 τῆς
1340 5513 1475 5583 πρὸς
1495 5512 1705 5584 ἀρετὴν
1719 5510 1913 5583 φερού-

2009 4687 2191 4734 autem
2227 4692 2407 4733 sermo
2438 4677 2674 4731 animam
2709 4674 2912 4729 excitat
2933 4674 2999 4728 ad
3031 4673 3306 4739 virtutem,
3350 4673 3586 4727 maxime

2008 4787 2220 4835 eorum,
2277 4769 2371 4840 qui
2427 4767 2848 4839 negligentiores
2887 4774 3034 4829 sunt,
3081 4773 3136 4819 et
3183 4764 3236 4818 in
3277 4763 3585 4819 divinorum

2009 4867 2389 4922 mandatorum
2451 4861 2854 4916 exsecutionem
2922 4858 3163 4928 segniter
3238 4855 3586 4911 incumbunt.

2010 4959 2144 5014 Nam
2171 4954 2519 5027 diligentibus
2547 4962 2602 5008 et
2631 4951 2956 5023 cogitatione
3014 4951 3125 5004 Deo
3164 4947 3585 5011 inhaarentibus,

2009 5050 2209 5107 sullicit
2238 5045 2590 5112 conscientia,
2625 5043 2692 5098 ad
2735 5043 2996 5099 doctrinae
3035 5041 3448 5095 fundamentum
3496 5037 3584 5106 ja-

2009 5141 2284 5204 ciendum,
2329 5152 2449 5208 quae
2481 5134 2660 5191 omnia
2691 5134 2834 5188 bona
2875 5131 3152 5194 conciliat,
3202 5138 3257 5183 et
3285 5125 3484 5181 avertit
3513 5125 3582 5180 ab

2009 5234 2264 5290 omnibus
2293 5230 2468 5285 malis.
2525 5227 2633 5282 Sed
2677 5226 2776 5291 illi,
2826 5223 2917 5293 qui
2982 5222 3132 5276 hisce
3171 5219 3393 5273 viliores
3433 5223 3582 5277 sunt.

2013 5327 2258 5395 indigent
2286 5323 2420 5394 legis
2463 5320 2677 5389 scriptae
2719 5315 3107 5379 declaratione,
3141 5319 3194 5366 et
3237 5316 3581 5379 argumento.

2017 5418 2073 5473 Si
2097 5432 2227 5474 vero
2255 5413 2448 5484 aliquis
2479 5411 2713 5482 primum
2743 5416 2798 5464 et
2842 5403 3144 5461 secundum
3188 5399 3414 5456 modum
3459 5397 3582 5456 via'.

2019 5525 2140 5580 quae
2161 5508 2308 5564 ducit
2336 5506 2401 5561 ad
2427 5505 2704 5570 virtutem,
2747 5495 3010 5570 rcpulerit
3028 5537 3042 5563 ,
3077 5507 3302 5550 necesse
3323 5499 3407 5548 est
3440 5491 3586 5545 hunc

425 5692 443 5723 ⁸
470 5689 662 5749 Matth.
705 5707 758 5760 v,
812 5691 898 5748 16.
978 5693 998 5724 '
1036 5689 1168 5748 ibid.
1193 5691 1278 5749 t9.
1353 5692 1373 5725 ³
1412 5691 1599 5748 Matth.
1632 5707 1727 5755 vn,
1762 5689 1813 5748 ‘5.
1860 5689 1878 5721 ⁵
1920 5687 2034 5741 Act.
2069 5703 2104 5752 ι,
2133 5685 2178 5738 l-
