4024 6232
467 235 595 298 1571

1490 238 1799 299 LEONTII
1843 238 2352 299 NEAPOLITANI
2384 239 2720 302 EPISCOPI

3594 203 3731 313 1672

459 361 527 399 (nt
557 345 737 400 studio
786 344 950 400 etiam
981 345 1209 400 aliorum
1241 355 1296 400 et
1337 361 1490 413 cura,
1523 363 1646 417 quae
1676 363 1772 419 per
1797 348 2030 403 auditun

2153 366 2253 419 σης
2296 349 2417 404 ὁδοῦ
2465 351 2866 422 διακρούσεται,
2906 351 3118 426 ἀνάγκη
3166 355 3354 409 τοῦτον
3403 356 3502 410 κᾶν
3536 358 3599 411 ἐκ
3627 359 3730 426 τῆς

460 445 516 490 et
544 437 910 491 narrationem
945 436 1011 491 ad
1053 437 1230 508 ipsum
1261 438 1566 505 devenerit,
1611 440 1796 496 divino
1828 440 2045 495 deside-

460 527 542 581 rio
576 527 820 593 excitari,
871 542 1124 583 somnum
1166 530 1360 584 animae
1403 546 1434 585 a
1477 546 1536 584 se
1591 531 1710 600 ipso
1751 540 2043 598 excutere,

458 631 687 690 angusta
719 620 950 690 tritaque
977 623 1062 678 via
1109 623 1383 690 incedere,
1414 634 1471 679 et
1503 624 1670 680 vitam
1701 635 1962 680 aeternam
1988 625 2044 680 in

458 722 734 781 posterum
769 713 1059 782 auspicari.
1109 715 1326 770 Etenim
1374 731 1545 786 penes
1595 731 1696 771 nos
1737 725 1840 782 est,
1879 725 1935 771 et
1989 717 2045 771 in

456 811 645 858 nostra
719 805 956 873 positum
1023 815 1316 876 potestate,
1381 807 1655 863 desiderio
1713 807 2040 874 futurorum,

456 896 768 963 praesentia,
829 905 1084 966 tanquam
1136 898 1604 967 pertranseuntia,
1652 909 2041 966 contemnere;

455 997 552 1040 aut
603 997 795 1042 contra
861 989 1139 1043 desiderio
1193 998 1250 1044 et
1303 990 1605 1059 cupiditate
1657 994 2040 1060 prtesentium,

455 1078 621 1132 bonis
674 1096 957 1150 nunquam
1017 1081 1376 1136 terminandis
1420 1082 1690 1138 frustrari.
1742 1083 1808 1137 Et
1851 1100 2042 1140 verum

454 1185 574 1226 esse
611 1171 682 1236 id,
725 1172 871 1242 quod
901 1173 1107 1227 dictum
1163 1183 1269 1237 est,
1316 1175 1655 1229 convincunt
1690 1191 1792 1230 nos
1821 1176 2042 1245 quidem

453 1275 647 1314 omnes
676 1261 948 1326 homines,
981 1263 1125 1331 quia
1152 1263 1352 1318 saeculo
1380 1273 1530 1329 sunt,
1565 1265 1656 1334 qui
1693 1265 1802 1320 Deo
1824 1267 2043 1336 placere

453 1353 808 1416 studuerunt,
853 1353 1069 1408 tametsi
1121 1353 1364 1422 ejusdem
1423 1355 1710 1410 nobiscum
1755 1366 2042 1413 consortes

457 1453 646 1498 essent
665 1453 913 1511 naturae;
946 1445 1180 1500 maxime
1201 1460 1330 1500 vero
1355 1446 1449 1514 qui
1473 1446 1527 1499 in
1550 1455 1710 1502 aetate
1734 1458 1920 1502 nostra
1940 1448 2038 1521 (l),

453 1533 744 1588 luminaria
776 1543 1164 1604 apparuerunt.
1203 1534 1448 1600 Quorum
1492 1551 1635 1590 unus
1681 1537 1773 1592 hic
1817 1538 2040 1608 sapien-

454 1625 696 1680 tissimus
722 1627 954 1696 Symeon
982 1626 1190 1680 exstitit
1225 1627 1322 1696 (Ξ),
1348 1627 1644 1682 multorum
1695 1643 1806 1698 prae
1853 1631 2041 1684 multis

451 1717 840 1772 venerabilior.
889 1716 967 1771 Eo
996 1716 1142 1786 quod
1182 1716 1251 1771 ad
1294 1727 1505 1773 tantum
1548 1719 1804 1789 puritatis
1839 1730 1895 1775 et
1930 1721 2035 1775 im-

450 1807 827 1878 passibilitatis
860 1808 1134 1879 fastigium
1180 1809 1521 1875 conscendit,
1554 1817 1614 1864 ut
1649 1825 1749 1880 per
1785 1825 1870 1875 ea,
1915 1827 2036 1881 quae

455 1899 511 1952 in
551 1899 638 1953 via
671 1899 888 1954 virtutis
911 1901 1169 1954 videntur
1193 1900 1392 1955 atl‘erre
1422 1901 1719 1971 piaculum,
1749 1903 2032 1969 damnum,

448 2005 516 2045 ac
544 1991 995 2060 impedimentum
1033 1992 1160 2057 illis,
1213 1995 1306 2062 qui
1336 1993 1517 2062 pravis
1563 1993 1950 2050 affectionibus
1981 2005 2037 2050 et

449 2082 598 2135 carni
663 2081 1001 2137 astrictiores
1062 2091 1213 2147 sunt,
1255 2098 1354 2152 per
1407 2098 1491 2149 ea,
1525 2085 1772 2154 inquam,
1815 2085 2038 2156 purissi-

447 2185 571 2225 mus
599 2171 672 2224 illi
705 2171 948 2238 Simeon,
1015 2171 1158 2227 sicut
1188 2174 1500 2244 margarita,
1533 2175 1815 2245 impollute
1850 2187 2034 2233 trans--

447 2263 592 2318 ierit.
639 2263 858 2334 Loquor
902 2281 1036 2322 sane
1076 2267 1144 2322 de
1189 2267 1619 2326 commoratione
1657 2271 1778 2340 ejus
1809 2270 1864 2325 in
1895 2271 2034 2326 civi-

447 2366 579 2419 tate,
628 2357 921 2412 mulierum
968 2359 1351 2426 conversione,
1399 2370 1455 2416 et
1499 2362 1707 2432 reliqua
1753 2363 1878 2419 vitae
1910 2367 2034 2434 ejus

447 2443 639 2498 fraude
663 2461 677 2508 ;
705 2444 970 2500 festinans
997 2462 1124 2502 vere
1144 2449 1457 2514 ostendere,
1478 2450 1954 2522 desidiosioribus,
1978 2464 2035 2510 et

447 2534 823 2604 impotentiam
870 2538 1223 2593 causantibus
1286 2541 1354 2595 ad
1405 2541 1573 2596 vitam
1639 2559 1764 2598 cum
1830 2545 2033 2600 virtute

449 2628 881 2697 transigendam,
919 2630 1151 2698 praeberi
1183 2646 1211 2684 a
1243 2632 1356 2687 Deo
1385 2633 1547 2699 vires,
1583 2635 1799 2690 sincere
1825 2651 1890 2690 ex
1920 2644 2031 2692 tota

445 2718 628 2771 anima
672 2718 774 2788 ipsi
823 2719 1300 2790 ministrantibus,
1375 2735 1568 2780 contra
1632 2727 1855 2796 spiritus
1919 2743 2031 2781 ma-

446 2810 604 2867 litim.

516 2992 569 3045 5.
612 2990 762 3063 BOgo
789 3002 972 3048 autem
1005 3009 1221 3060 omnes,
1268 2996 1361 3066 qui
1401 2997 1469 3054 de
1509 2998 1768 3069 angelicae
1801 3015 2032 3058 conver-

443 3082 674 3136 sationis
698 3084 838 3152 ejus,
867 3102 988 3154 quae
1019 3102 1132 3156 pra:
1171 3089 1425 3143 manibus
1455 3099 1558 3157 est,
1582 3092 1899 3149 narratione
1929 3109 2030 3149 au-

443 3170 602 3223 dient
631 3172 719 3225 vel
764 3173 972 3242 legunt,
998 3184 1059 3229 ut
1098 3191 1222 3230 cum
1256 3177 1452 3232 timore
1497 3178 1712 3234 Domini
1750 3183 2033 3238 attendant

447 3260 534 3326 iis,
567 3275 688 3330 quae
710 3263 993 3329 dicuntur,
1025 3275 1081 3320 et
1099 3282 1314 3334 verace,
1342 3285 1464 3338 quae
1487 3269 1825 3327 Christianos
1849 3273 2028 3338 decet,

443 3361 609 3420 atque
642 3352 973 3408 inconcussa
1019 3355 1145 3412 ﬁde.
1190 3357 1455 3413 Novimus
1485 3360 1632 3413 enim
1673 3359 1940 3428 futurum,
1973 3372 2032 3419 ut

447 3442 536 3506 iis,
561 3441 651 3510 qui
680 3444 918 3498 amentia
952 3451 1010 3498 et
1037 3455 1357 3517 contemptu
1385 3449 1655 3516 laborant,
1686 3451 2028 3508 incredibilia

441 3531 726 3587 videamur
756 3534 962 3601 dicere,
993 3544 1048 3589 et
1072 3537 1187 3591 risu
1229 3538 1410 3609 digna.
1441 3538 1498 3594 Si
1529 3555 1662 3596 vero
1703 3542 2032 3600 audiverunt

442 3621 718 3676 dicentem
749 3640 763 3676 :
810 3642 828 3674 ι
870 3624 973 3690 Qui
1010 3627 1127 3682 vult
1163 3630 1382 3698 sapiens
1426 3645 1549 3686 esse
1591 3631 1648 3685 in
1677 3632 1782 3688 hoc
1807 3635 2025 3701 sarculo,

440 3714 641 3767 stultus
688 3714 802 3779 ﬁat,
859 3725 918 3770 ut
958 3718 1031 3772 sit
1077 3719 1298 3788 sapiens
1330 3721 1370 3775 ⁷.
1415 3739 1434 3773 ι
1463 3721 1528 3776 Ει
1572 3721 1805 3778 iterum:
1845 3743 1864 3777 ι
1919 3725 2028 3781 Nos

439 3805 589 3859 stulti
666 3815 892 3876 propter
945 3808 1225 3864 Christum
1258 3811 1302 3865 ⁸.
1355 3826 1374 3863 ι
1427 3811 1494 3867 Et
1553 3814 1800 3869 iterum:
1835 3835 1854 3868 ι
1889 3815 2026 3883 Quia

437 3897 585 3966 quod
619 3897 844 3951 stultum
878 3909 963 3952 est
996 3900 1114 3966 Dei,
1147 3903 1446 3972 sapientius
1469 3914 1551 3960 est
1587 3907 1902 3965 hominibus
1930 3911 1973 3976 ⁸;
2001 3930 2019 3962 ι

439 4002 550 4041 non
579 3988 743 4042 rebus
764 3989 833 4043 ab
861 3989 955 4044 illo
980 4006 1110 4046 vero
1144 3994 1320 4063 pugile
1363 3996 1556 4065 gestis,
1602 4008 1861 4069 tanquam
1888 4003 2022 4057 ridi-

437 4079 592 4140 culis,
617 4079 938 4146 attendant;
966 4082 1060 4137 sed
1094 4084 1275 4152 potius
1297 4095 1353 4141 et
1379 4087 1499 4155 plus
1539 4090 1824 4156 mirentur,
1860 4109 2024 4162 quam

437 4185 552 4235 eos,
589 4172 680 4239 qui
726 4172 784 4226 in
827 4182 1150 4228 caeterarum
1197 4177 1462 4232 virtutum
1508 4182 1781 4238 curriculo
1821 4186 2021 4241 versati

2147 442 2254 495 ’τῶν
2284 444 2459 497 ἄλλων
2513 445 2747 511 σπουδῆς
2805 445 2900 498 καὶ
2955 447 3233 515 φροντίδος
3261 489 3276 513 ,
3340 448 3437 512 τῆς
3483 467 3540 501 τε
3603 449 3729 503 κατ’

2146 535 2458 605 ὀφθαλμοὺς
2511 535 2698 601 αὑτοῦ,
2729 537 2830 606 τῆς
2887 555 2946 590 τε
2973 536 3039 591 δι’
3067 538 3239 606 ἀκοῆς
3297 538 3389 592 καὶ
3419 539 3731 610 διηγήσεως

2149 625 2285 695 πρὸς
2308 625 2470 680 αὐτὸν
2499 627 2872 697 καταντώσης,
2903 627 3051 700 πόθῳ
3079 627 3206 698 θείῳ
3235 627 3604 696 διεγερθῆναι,
3635 627 3730 682 καὶ

2145 717 2237 780 τον
2270 717 2364 784 τῆς
2386 717 2567 787 ψυχῆς
2607 717 2778 771 ὕπνον
2805 719 2862 784 ἐξ
2909 718 3104 771 ἐαυτοῦ
3146 717 3592 783 ἀποτινάξασθαι,
3630 715 3728 770 καὶ

2145 803 2244 874 τὴν
2273 805 2464 874 στενὴν
2488 823 2582 858 κα.
2627 806 3000 877 τεθλιμμένην
3046 807 3259 860 ὁδεῦσαι
3292 807 3429 870 ὁδὸν,
3483 808 3575 860 καὶ
3622 801 3726 876 τῆς

2145 895 2365 948 αἰωνίου
2392 896 2574 951 λοιπὸν
2594 897 2946 969 ἀπάρξασθαι
2978 898 3143 967 ζωῆς.
3183 898 3296 950 Καὶ
3329 899 3438 969 γὰρ
3468 898 3552 966 ἐφ’
3592 899 3725 968 ἡμῖν

2147 986 2316 1050 ἐστιν,
2349 986 2437 1038 καὶ
2466 988 2524 1040 ἐν
2556 990 2622 1059 τῇ
2653 989 2902 1059 ἡμετέρᾳ
2928 987 3145 1058 ἐξουσίᾳ
3185 990 3363 1041 κεῖται
3389 1028 3402 1053 ,
3444 987 3522 1056 τῷ
3573 986 3726 1057 πόθῳ

2145 1079 2252 1131 τῶν
2309 1079 2630 1147 μελλόντων,
2683 1080 2790 1133 τῶν
2849 1081 3130 1150 παρόντων
3167 1079 3242 1142 ὡς
3295 1077 3725 1151 παρερχομένων

2146 1171 2579 1242 καταφρονῆσαι,
2602 1172 2634 1243 ἢ
2673 1172 2834 1226 πάλιν
2860 1172 3010 1240 πόθῳ
3037 1173 3132 1226 καὶ
3164 1171 3434 1243 ἐπιθυμίᾳ
3455 1165 3562 1224 τῶν
3590 1189 3728 1244 παρα

2144 1266 2335 1330 όντων,
2363 1264 2471 1317 τῶν
2502 1265 2821 1335 ἀπεράντων
2861 1263 3080 1332 ἀγαθῶν
3131 1265 3428 1334 ἀποτυχεῖν
3451 1279 3462 1291 ⁸
3517 1264 3612 1317 καὶ
3639 1265 3724 1317 ὅτι

2144 1359 2340 1430 ἀληθὲς
2361 1359 2421 1412 τὸ
2450 1359 2779 1429 λεγόμενον,
2814 1359 3127 1428 ἐλέγχουσιν
3155 1359 3334 1429 ἡμᾶς,
3375 1358 3577 1421 πάντες
3623 1357 3724 1427 μέν

2142 1453 2192 1505 οἱ
2221 1451 2314 1503 ἀπ’
2344 1451 2538 1515 αἰῶνος
2568 1451 2866 1522 ἄνθρωποι,
2896 1454 2943 1505 οί
2982 1451 3059 1522 τῷ
3096 1450 3216 1520 Θεῷ
3258 1449 3725 1521 εὐαρεστήσαντες

2143 1543 2240 1612 τῆς
2264 1543 2540 1613 ἡμετέρας
2570 1543 2664 1596 καὶ
2696 1543 2850 1596 αὐτοὶ
2897 1542 3112 1612 φύσεως
3156 1542 3514 1612 ὑπάρχοντες,
3560 1539 3721 1610 μάλι-

2147 1653 2243 1688 στα
2265 1636 2320 1688 δὲ
2341 1637 2388 1688 οἱ
2415 1636 2472 1688 ἐν
2509 1639 2574 1706 τῇ
2599 1637 2846 1709 ἡμετέρᾳ
2881 1636 3040 1706 γενεᾷ
3071 1637 3356 1705 φωστῆρες
3378 1633 3718 1702 ἀναδειχθέν-

2140 1748 2229 1793 τες
2248 1745 2260 1757 '
2293 1711 2476 1793 ὧνέίς
2501 1729 2597 1783 καὶ
2617 1721 2772 1792 οὗτος
2800 1731 2828 1782 6
2862 1729 3140 1798 πάνσοφος
3180 1725 3408 1798 Συμεὼν
3451 1726 3724 1795 καθέστη-

2141 1839 2256 1884 κεν,
2290 1821 2383 1873 κα).
2419 1819 2555 1873 πολύ
2585 1837 2650 1889 γε
2700 1820 2808 1873 τῶν
2858 1819 3069 1874 πολλῶν
3112 1811 3554 1890 αίδεσιμώτερος,
3585 1818 3720 1872 διότι

2138 1913 2220 1974 είς
2261 1911 2514 1964 τοσοῦτον
2568 1910 2960 1982 καθαρότητος,
3023 1911 3116 1964 καὶ
3145 1910 3414 1975 ἀπαθείας
3459 1909 3593 1979 ὕψος
3627 1910 3721 1963 ἀν-

2137 2004 2395 2074 έδραμεν,
2431 2003 2570 2057 ὥστε
2600 2004 2690 2058 διὰ
2729 2003 2838 2057 τῶν
2885 2003 3190 2058 δοκούντων
3224 2006 3338 2067 τοῖς
3375 2002 3721 2074 ἐμπαθεστέ-

2138 2112 2254 2165 ροις
2298 2096 2392 2148 καὶ
2421 2095 2896 2166 σαρκωδεστέροις
2951 2095 3225 2166 μολυσμὸν
3252 2095 3345 2149 καὶ
3393 2095 3598 2166 βλάϐην
3625 2095 3722 2149 καὶ

2137 2179 2390 2247 ἐμπόδιον
2419 2180 2514 2232 τοῦ
2543 2181 2678 2252 πρὸς
2704 2183 2906 2253 ἀρετὴν
2940 2183 3056 2253 βίου
3096 2183 3280 2246 αὐτοῖς
3307 2185 3576 2254 ἐμποιεῖν,
3629 2183 3719 2237 διὰ

2135 2269 2340 2324 τούτων
2374 2266 2529 2336 οὗτος
2564 2274 2592 2326 6
2644 2272 3070 2345 καθαρώτατος,
3124 2273 3312 2345 ὥσπερ
3363 2272 3718 2344 μαργαρίτης

2134 2361 2220 2414 διὰ
2247 2361 2513 2434 βορϐόρου
2544 2364 2858 2435 ἀμολύντως
2897 2363 3174 2419 διώδευσε.
3202 2366 3362 2434 Λέγω
3408 2365 3496 2419 διὰ
3518 2365 3619 2434 τῆς
3655 2366 3714 2420 ἐν

2135 2453 2289 2506 πόλει.
2309 2455 2614 2526 διατριϐῆς,
2643 2459 2739 2510 καὶ
2775 2458 2873 2527 τῆς
2899 2457 3008 2512 τῶν
3044 2458 3319 2526 γυναικῶν
3345 2457 3714 2528 ἀναστροφῆς,

2136 2546 2348 2615 καὶτῆς
2376 2545 2564 2617 λοιπῆς
2591 2548 2707 2619 βίου
2742 2549 2981 2619 ἀπάτης,
3019 2550 3190 2618 δεῖξαι
3229 2552 3470 2612 σπεύσας
3497 2550 3716 2619 ἀληθῶς

2131 2638 2245 2701 τοῖς
2275 2635 2671 2709 ῥᾳθυμοτέρως
2727 2640 2822 2693 καὶ
2869 2640 3362 2712 προφασιζομένοις
3409 2639 3715 2711 ἀδυναμίαν

2133 2727 2268 2798 πρὸς
2309 2729 2401 2782 τὸν
2434 2730 2553 2784 κατ’
2588 2730 2791 2802 ἀρετὴν
2817 2731 2950 2802 βίον,
2994 2736 3092 2804 τὴν
3127 2734 3190 2785 ἐκ
3224 2732 3361 2785 Θεοῦ
3398 2733 3713 2804 παρεχομέ-

2134 2835 2232 2889 νην
2269 2818 2496 2891 δύναμιν
2526 2823 2639 2884 τοῖς
2694 2821 2934 2894 γνησίως
2958 2823 3022 2875 ἐκ
3072 2823 3253 2893 ψυχῆς
3295 2824 3513 2894 ἀπάσης
3563 2821 3714 2894 αὐτῷ

2057 2934 2102 2996 C
2134 2907 2542 2981 λειτουργοῦσιν
2570 2953 2586 2977 ,
2613 2915 2754 2965 κατά
2777 2912 2886 2966 τῶν
2912 2912 3237 2985 πνευμάτων
3265 2914 3364 2984 τῆς
3397 2915 3681 2986 πονηρίας.

2205 3007 2272 3068 γ’.
2311 3003 2459 3055 Λίτῶ
2492 3003 2547 3056 δὲ
2569 3004 2798 3067 πάντας,
2847 3003 2975 3066 τοὺς
3026 3004 3125 3073 τῆς
3179 3004 3549 3075 προκειμένης
3581 3006 3712 3077 ἡμῖν

2131 3091 2263 3160 περὶ
2315 3092 2416 3161 τῆς
2465 3093 2765 3165 ἀγγελικῆς
2820 3093 2988 3148 αὑτοῦ
3063 3095 3340 3160 πολιτείας
3406 3097 3714 3169 διηγήσεως

2077 3242 2079 3246 η
2131 3182 2515 3252 ἀκροωμένους
2554 3184 2587 3255 ἢ
2615 3187 3062 3256 ἐντυγχάνοντας,
3097 3189 3234 3258 μετὰ
3277 3189 3446 3258 φόϐου
3473 3192 3570 3246 τοῦ
3602 3195 3714 3247 Κυ-

2134 3273 2250 3343 ρίου
2274 3277 2386 3336 τοῖς
2416 3274 2727 3344 λεγομένοις
2761 3279 3074 3350 προσέχειν,
3105 3282 3198 3336 καὶ¹
3241 3282 3343 3352 τῆς
3392 3279 3711 3357 πρεπούσης

2131 3361 2391 3433 ἀληθινῆς
2424 3365 2770 3434 Χριστιανοῖς
2803 3368 3038 3433 πίστεως
3067 3371 3447 3428 ἀδιαστάκτου.
3474 3374 3712 3444 Οῖδαμεν

2129 3456 2239 3524 γὰρ
2265 3456 2347 3508 ὅτι
2365 3459 2477 3520 τοῖς
2506 3459 2925 3531 άφρονεστέροις
2945 3465 3040 3516 καὶ
3072 3469 3509 3538 καταφρονηταῖς
3527 3509 3543 3534 ,
3577 3469 3709 3523 ἄπισ-

2133 3563 2230 3600 στα
2253 3546 2477 3618 δόξομεν
2499 3551 2592 3603 καὶ
2611 3551 2809 3621 λέγειν,
2834 3555 2927 3608 καὶ
2959 3557 3184 3624 γελοίων
3208 3557 3351 3622 ἄξια.
3379 3561 3441 3612 Εἰ
3471 3560 3528 3614 δέ
3551 3561 3709 3632 ῆκου-

2132 3655 2229 3692 σαν
2257 3639 2352 3694 τοῦ
2409 3643 2687 3707 εἰπόντος’
2747 3664 2766 3696 ι
2826 3647 2882 3699 ’0
2939 3647 3108 3703 θέλων
3163 3651 3324 3720 σοφὸς
3363 3647 3504 3707 εἶναι
3545 3654 3603 3706 ἐν
3630 3654 3707 3724 τῷ

2128 3731 2285 3785 αἰῶνι
2322 3732 2516 3805 τούτῳ,
2551 3735 2735 3806 μωρὸς
2763 3737 3034 3806 γενέσθω,
3078 3741 3164 3795 ἵνα
3208 3743 3433 3813 γένηται
3463 3745 3643 3815 σοφός.
3678 3765 3697 3798 ι

2128 3824 2238 3876 Καὶ
2271 3825 2433 3880 πάλιν
2457 3843 2472 3855 ·
2510 3847 2528 3879 t
2578 3829 2770 3900 Ἡμεῖς
2803 3833 2976 3901 μωροὶ
3004 3832 3090 3888 διὰ
3123 3836 3377 3905 Χριστόν.
3415 3857 3434 3890 ι
3471 3838 3579 3892 Καὶ
3602 3837 3708 3892 πά-

2128 3915 2212 3968 λιν
2233 3933 2245 3947 ·
2291 3935 2309 3967 t
2355 3919 2475 3970 ’Ὁτι
2505 3918 2565 3972 τὸ
2593 3921 2774 3990 μωρὸν
2807 3921 2900 3975 τοῦ
2932 3921 3068 3976 Θεοῦ
3134 3923 3440 3993 σοφώτερον
3476 3926 3583 3980 τῶν
3611 3928 3706 3981 ἀν-

2128 4008 2360 4081 θρώπων
2391 4013 2558 4079 ἐστὶν,
2603 4014 2702 4066 οὐκ
2745 4015 2810 4068 ἂν
2847 4018 2960 4079 τοῖς
2987 4017 3092 4069 ύπδ
3142 4016 3333 4072 τούτου
3381 4018 3478 4073 τοῦ
3534 4019 3704 4083 ὅντως

2125 4101 2360 4171 ἀθλητοῦ
2408 4105 2854 4174 κατεργασθείσιν
2903 4109 2977 4173 ὡς
3043 4109 3270 4177 γελοίοις
3325 4113 3632 4183 προσεῖχον.
3678 4132 3697 4166 ι

2138 4193 2278 4245 Ἀλλ’
2301 4193 2332 4265 ἢ
2364 4195 2564 4264 μᾶλλον
2598 4197 2692 4250 καὶ
2722 4198 2881 4251 πλέον
2904 4200 3010 4253 τῶν
3035 4201 3132 4264 τὰς
3159 4201 3350 4265 λοιπὰς
3375 4201 3475 4272 τῆς
3501 4205 3702 4274 ἀρετῆς

438 4272 589 4317 sunt.
624 4263 734 4318 Nec
788 4264 1070 4320 enimvero
1116 4267 1295 4323 adhuc
1335 4271 1726 4328 inexercitatus
1754 4275 2021 4334 exsistens

2130 4263 2400 4348 πολιτείας
2434 4287 2799 4356 μετελθόντων
2853 4291 3179 4362 ἐθαύμαζον.
3254 4263 3388 4347 Οὐδὲ
3422 4263 3698 4364 γάριάγύξ

433 4363 490 4408 et
519 4355 753 4424 praefecti
779 4357 1013 4427 indigus,
1049 4358 1099 4412 in
1133 4361 1395 4414 mundum
1422 4363 1602 4430 venit;
1641 4367 1736 4420 sed
1759 4370 2020 4434 quemad-

435 4443 656 4497 modum
714 4446 769 4498 in
823 4445 1036 4499 bellicis
1084 4447 1368 4502 ordinibus
1422 4450 1535 4502 fieri
1581 4451 1848 4518 videmus,
1889 4456 2016 4511 dum

436 4531 726 4588 universus
765 4536 1040 4590 exercitus
1067 4537 1230 4590 simul
1259 4539 1443 4605 stetit;
1476 4541 1601 4596 alibi
1639 4545 1892 4614 pr0prize,
1919 4562 2016 4602 seu

436 4625 616 4691 potius
645 4625 733 4678 Dei
773 4627 983 4693 virtuti,
1003 4638 1058 4682 et
1078 4629 1284 4685 bellicis
1314 4632 1498 4699 armis,
1527 4649 1647 4703 quae
1674 4636 1728 4689 in
1762 4649 2018 4710 promptu

434 4720 583 4776 sunt,
615 4721 669 4765 et
700 4713 929 4770 diversa:
977 4717 1031 4771 in
1061 4719 1275 4775 bellicis
1306 4721 1490 4787 rebus,
1529 4737 1594 4778 ac
1630 4725 1908 4782 diuturna:
1928 4745 2022 4784 ex-

431 4801 714 4870 perientiae
751 4806 1054 4872 confidunt,
1085 4809 1138 4864 hi
1166 4810 1252 4864 vel
1289 4811 1388 4866 soli
1429 4813 1496 4867 ad
1543 4814 1814 4885 singulare
1840 4829 2021 4875 certa-

429 4905 555 4944 men
587 4906 619 4946 e
642 4893 994 4950 multitudine
1017 4908 1206 4955 contra
1238 4902 1580 4960 adversarios
1615 4908 1892 4968 exsiliunt.
1928 4909 2018 4968 Sic

429 4990 484 5036 et
505 4981 593 5036 ille
621 4983 768 5052 fecit,
799 4987 1018 5056 quando
1044 4988 1183 5044 belle
1220 5001 1275 5046 et
1310 4993 1548 5064 legitime
1580 4999 1870 5067 pulchrum
1893 5018 2013 5057 cer-

429 5079 609 5129 tamen
649 5079 911 5145 certavit;
961 5081 1183 5149 quando
1231 5083 1436 5140 virtute
1480 5088 1707 5156 spiritus
1753 5100 2010 5162 tanquam

429 5165 651 5225 thorace
681 5169 930 5225 indutum
968 5187 1027 5228 se
1068 5172 1238 5240 vidit;
1271 5178 1490 5245 quando
1525 5180 1780 5236 virtutem
1803 5184 1872 5238 ab
1895 5185 2012 5256 ipso

423 5257 636 5328 accepit
690 5260 934 5317 calcandi
991 5279 1154 5334 supra
1207 5274 1491 5337 serpentes
1543 5281 1598 5326 et
1644 5276 1999 5345 scorpiones;

2129 4392 2362 4446 μναστος
2395 4378 2473 4431 ἔτι
2507 4377 2602 4444 ὢν,
2635 4381 2730 4434 τοῦ
2763 4382 3178 4448 ἐπιστατοῦντος
3199 4385 3450 4454 δεόμενος
3485 4385 3581 4438 ἐπὶ
3605 4387 3698 4439 τὺν

2125 4465 2327 4535 κόσμον
2361 4465 2666 4539 ἐχώρησεν·
2705 4469 2820 4523 ἀλλ’
2863 4471 3056 4543 ὥσπερ
3099 4474 3196 4527 ἐπὶ
3241 4474 3347 4526 τῶν
3385 4473 3698 4544 πολεμικῶν

2126 4559 2477 4628 παρατάξεων
2510 4560 2724 4630 ὁρῶμεν
2748 4562 3051 4631 γινόμενον,
3085 4563 3162 4618 ὅτ’
3198 4565 3264 4618 ἂν
3305 4567 3451 4629 ἅπας
3474 4567 3503 4618 6
3529 4585 3698 4638 στρα-

2122 4647 2213 4708 τῖς
2245 4647 2588 4717 ὁμοθυμαδὸν
2615 4648 2866 4720 ἔστηκεν,
2901 4652 3098 4717 οῐτινες
3128 4657 3193 4726 τῇ
3232 4654 3327 4707 τοῦ
3363 4655 3497 4708 Θεοῦ
3533 4657 3695 4711 δυνά-

2119 4753 2233 4806 μει,
2290 4739 2384 4791 καὶ
2441 4742 2554 4801 τοῖς
2609 4743 2977 4812 ἐπικειμένοις
3051 4747 3233 4810 αύτιῖς
3288 4751 3696 4818 στρατιωτικοῖς

2115 4829 2320 4894 ὅπλοις,
2368 4831 2464 4885 καὶ
2513 4835 2578 4904 τῇ
2609 4833 2852 4906 διαφόρῳ
2901 4837 3170 4910 πολεμικῇ
3224 4842 3320 4893 καὶ
3355 4841 3694 4915 πολυχρονίῳ

2115 4919 2376 4991 ἐμπειρίᾳ
2408 4924 2871 4996 καταθαρῤοῦσιν,
2920 4923 3184 4983 οὗτοικαὶ
3218 4930 3373 5000 μόνοι
3418 4935 3497 4996 εἰς
3539 4951 3695 5002 μονο-

2122 5011 2323 5082 μαχίαν
2354 5015 2416 5066 ἐκ
2453 5015 2545 5068 τοῦ
2573 5016 2806 5087 πλήθους
2835 5020 2975 5074 κατὰ
3007 5023 3116 5076 τῶν
3167 5023 3476 5079 ἀντιπάλων
3516 5028 3689 5098 ἐκπη-
3735 5007 3756 5016 ’

2119 5100 2310 5155 δῶσιν·
2357 5103 2498 5158 οὔτω
2529 5108 2621 5160 καὶ
2656 5108 2818 5172 αὐτὸς
2848 5115 3010 5176 ποιεῖ,
3038 5113 3116 5166 ὅτ’
3160 5114 3227 5168 ἂν
3265 5116 3446 5181 καλῶς
3484 5119 3579 5172 καὶ
3606 5135 3698 5172 νο·-

2125 5192 2307 5264 μίμως
2331 5195 2420 5249 τὸν
2450 5198 2609 5251 καλὸν
2643 5200 2829 5268 ἀγῶνα
2853 5203 3208 5259 ἐπύκτευσεν.
3259 5208 3375 5262 ’οτ’
3407 5210 3473 5263 ἂν
3502 5213 3569 5281 τῇ
3597 5210 3694 5265 τοῦ

2112 5283 2422 5355 πνεύματος
2459 5286 2684 5357 δυνάμει
2719 5291 2909 5345 ἐαυτὸν
2937 5292 3416 5369 τεθωρακισμένον
3448 5300 3580 5367 ῖδεν,
3614 5300 3695 5354 ὅτ’

496 5381 518 5413 ⁸
545 5388 704 5444 Rom.
738 5406 800 5457 ιι,
834 5392 925 5448 21.
1000 5395 1022 5426 ⁵
1051 5393 1072 5450 Ι
1105 5395 1234 5453 Cor.
1265 5415 1347 5467 Ill,
1382 5401 1469 5457 l8.
1546 5402 1611 5456 Ἰ
1646 5403 1773 5461 Cor.
1818 5424 1891 5477 tv,
1929 5411 2014 5466 10.

2142 5413 2156 5466 Ι
2196 5415 2321 5472 Cor.
2357 5435 2394 5485 ι,
2418 5420 2508 5474 25'.
2587 5423 2607 5453 ⁹
2640 5423 2796 5480 Cant.
2824 5441 2895 5492 tv,
2939 5427 2990 5482 7.

1983 5502 2214 5565 NOTA‘J.

610 5572 871 5656 {mortuus
903 5578 1089 5656 itaque
1111 5593 1300 5656 san_cto
1325 5585 1580 5656 Symeoni
1613 5606 1848 5648 corevus.

493 5641 568 5703 (‘2)
611 5642 691 5693 Ab
727 5644 953 5714 Evagrio
987 5641 1075 5703 Ιῖὶ».
1105 5669 1155 5707 tv
1183 5654 1319 5709 Eccl.
1363 5641 1752 5728 ἱίιειξοιψξήέῗ)
1771 5641 1865 5728 ξῖῑ
1900 5664 1992 5718 Ni-

2061 5663 2064 5666 .
2631 5610 2774 5703 Egcl.
2812 5615 3010 5676 "istm:
3063 5620 3320 5678 scribitur
3370 5625 3690 5703 Συμεών-ης,

2103 5684 2158 5727 et
2189 5675 2378 5731 Latine
2405 5681 2651 5736 redditur
2675 5683 2978 5755 ngcom's.
