3956 6220
272 286 414 354 1673

1546 286 1720 347 VITA
1754 289 1814 348 S.
1856 289 2253 352 SYMEONIS.

3397 294 3538 361 16⁵14

275 406 343 459 ἂν
379 402 479 474 τὴν
507 399 737 471 δύναμιν
772 400 893 453 κατ’
927 399 1131 466 αὐτοῦ,
1183 400 1276 453 καὶ
1307 400 1401 455 τοῦ
1439 404 1630 454 πατεῖν
1665 402 1852 456 ἐπάνω

1968 404 2174 474 mando
2202 402 2385 459 carnis
2415 393 2902 459 inﬂammationem
2933 419 3058 462 rore
3080 404 3322 478 Spiritus
3357 413 3537 468 sancti

260 496 457 561 ὄφεων,
489 490 582 544 καὶ
602 490 906 560 σκορπίων,
931 490 1172 561 εἴληφεν,
1196 490 1274 544 ὅτ’
1297 490 1364 544 ἂν
1386 491 1484 563 τήν
1505 493 1606 563 τῆς
1630 495 1835 563 σαρκὸς

1951 494 2246 559 exstinxit;
2304 494 2524 565 quando
2554 493 2841 551 universas
2872 495 3001 551 vitae
3041 496 3207 568 hujus
3239 499 3464 557 delicias
3485 512 3537 557 et

263 582 534 653 πύρωσιν,
575 584 639 652 τῇ
676 583 769 635 τοῦ
803 581 961 650 ἁγίου
1010 581 1330 653 Πνεύματος
1378 583 1554 655 δρόσῳ
1596 585 1852 639 κατέσϐε-

1968 583 2202 654 gloriam,
2227 584 2375 640 sicut
2394 600 2676 654 araneam,
2706 587 3056 657 contempsit.

265 692 379 740 σεν,
405 674 482 727 ὅτ’
521 674 587 728 ἂν
617 674 837 744 ἁπάσης
869 674 975 743 τῆς
1002 674 1098 726 τοῦ
1130 673 1248 744 βίου
1282 674 1448 727 αὑτοῦ
1488 676 1698 745 τρυφῆς
1755 677 1850 730 καὶ

255 766 439 837 δόξης,
472 765 547 829 ὡς
568 765 837 836 ἀράχνης,
867 764 1238 819 κατέπτυσεν.

226 874 232 908 ξ
329 857 391 912 δ’.
429 858 536 910 Καὶ
564 857 618 910 τί
642 857 723 909 δεῖ
769 857 935 909 πλέον
967 855 1184 925 λέγειν;
1227 857 1305 910 ὅτ’
1350 856 1419 910 ἂν
1448 856 1546 928 τήν
1575 857 1851 912 ἀπάθειαν

259 948 340 1012 ὡς
371 949 587 1020 ἱμάτιον
616 948 819 1003 ἔσωθεν
859 950 952 1002 καὶ
1000 948 1199 1014 ἔξωθεν
1238 950 1330 1004 διὰ
1347 951 1851 1024 ταπεινοφροσύνης

262 1040 402 1112 πρὸς
457 1041 653 1094 ἑαυτὸν
700 1042 1077 1105 ἐπεσπάσατο,
1117 1040 1213 1095 καὶ
1256 1042 1359 1113 τῆς
1408 1043 1682 1107 υἱοθεσίας
1722 1061 1854 1098 κατ-

259 1131 495 1203 ηξιώθη,
522 1132 664 1186 κατὰ
696 1133 794 1204 τὴν
840 1132 1046 1203 φωνὴν,
1095 1130 1194 1203 τήν
1244 1134 1302 1186 ὲν
1333 1133 1412 1203 τῷ
1444 1134 1690 1205 ’ᾼσματι
1742 1133 1852 1188 τῶν

271 1221 556 1292 ᾀσμάτων,
583 1224 712 1293 περὶ
737 1224 837 1291 τῆς
862 1221 1112 1291 καθαρᾶς
1133 1222 1230 1275 καὶ
1262 1221 1507 1285 ἀπαθοῦς
1554 1222 1730 1294 ψυχῆς
1771 1224 1847 1277 εἰ-

265 1313 511 1382 ρημένην
535 1327 549 1342 ·
588 1331 607 1364 ι
646 1313 769 1365 Ὂτι
806 1311 902 1382 ὅλη
961 1311 1126 1381 καλὴ,
1170 1312 1338 1382 φησὶν
1374 1314 1403 1366 ό
1451 1312 1688 1383 Χριστὸς
1716 1312 1853 1383 πρὸς

267 1403 362 1474 τὴν
385 1403 589 1475 ψυχὴν,
626 1403 725 1475 ὅλη
756 1402 898 1474 καλὴ
927 1404 961 1474 ἡ
1004 1402 1236 1472 πλησίον
1281 1421 1407 1474 μου,
1445 1405 1540 1456 καὶ
1571 1403 1763 1474 μῶμος
1793 1405 1853 1457 ὲν

262 1495 399 1567 αὐτῇ
427 1496 529 1549 οὐκ
574 1495 742 1549 ἔστιν.
778 1514 796 1547 ι
854 1496 987 1548 Τότε
1024 1496 1118 1548 καὶ
1165 1495 1332 1559 αὐτὸς
1363 1495 1458 1549 ἐπὶ
1487 1496 1580 1547 τὸν
1605 1495 1814 1565 κόσμον
1835 1536 1849 1560 ,

261 1586 451 1660 ὥσπερ
477 1590 557 1652 εἰς
589 1587 948 1658 μονομαχίαν,
973 1588 1038 1641 ὲκ
1067 1587 1167 1657 τῆς
1200 1588 1413 1658 ὲρήμου
1449 1587 1593 1640 κατὰ
1615 1590 1711 1641 τοῦ
1733 1588 1853 1641 δια-

262 1679 422 1733 ϐόλου
475 1679 759 1744 θεόλεκτος
822 1678 1184 1750 ἐξεπήδησενο
1234 1679 1295 1732 ού
1337 1679 1547 1733 δίκαιον
1576 1679 1683 1748 γὰρ
1719 1677 1854 1751 ᾤετο

2018 853 2073 927 fl.
2118 855 2184 909 Et
2213 856 2347 925 quid
2383 857 2564 913 verbis
2589 862 2729 931 Opus
2765 860 2884 915 est?
2916 862 3139 939 quando
3165 861 3540 932 impatibilita—

1958 954 2083 1011 tem,
2119 954 2377 1017 tanquam
2426 949 2813 1006 vestimentum
2846 952 2990 1008 intra
3018 963 3076 1008 et
3110 962 3264 1009 extra
3297 969 3398 1024 per
3437 956 3542 1011 hu-

1955 1037 2242 1094 militatem
2265 1041 2333 1095 ad
2364 1055 2424 1096 se
2456 1043 2704 1108 attraxit,
2731 1053 2788 1098 et
2810 1045 2906 1099 ﬁlii
2945 1046 3187 1115 adoptivi
3219 1048 3540 1119 dignitatem

1958 1132 2044 1179 est
2070 1136 2418 1195 consecutus,
2443 1128 2598 1198 juxta
2622 1145 2836 1195 vocem,
2869 1147 2990 1200 quae
3013 1133 3085 1187 in
3116 1133 3342 1190 Cantieo
3362 1136 3542 1192 canti-

1955 1230 2166 1282 corum,
2213 1217 2279 1271 de
2328 1234 2464 1287 pura
2523 1230 2580 1275 et
2625 1221 2891 1290 passionis
2934 1232 3160 1292 experte
3202 1225 3407 1294 anima,
3458 1238 3545 1283 est

1955 1301 2138 1357 dicta:
2178 1322 2197 1355 ι
2229 1303 2365 1370 Quia
2413 1308 2826 1383 tota‘pulchra.
2873 1308 3007 1364 dicit
3047 1309 3394 1368 Christus~ad
3423 1314 3544 1369 ani-

1955 1409 2122 1461 mam,
2157 1405 2268 1451 tota
2300 1396 2550 1467 pulchra,
2576 1414 2696 1468 quae
2724 1400 2857 1454 mihi
2882 1401 3189 1472 propinqua
3216 1413 3319 1469 est,
3356 1414 3413 1461 et
3432 1421 3548 1461 ma-

1956 1485 2077 1538 cula
2108 1500 2218 1540 non
2247 1496 2331 1542 est
2366 1486 2421 1541 in
2464 1503 2528 1543 ea
2557 1489 2598 1543 ⁸.
2632 1506 2652 1539 ι
2693 1478 2979 1545 Tuneille
3020 1477 3376 1549 in'mundum
3426 1505 3547 1551 tan-

1956 1591 2119 1647 quam
2151 1577 2208 1631 in
2247 1577 2521 1649 singulare
2565 1588 2848 1657 certamen
2897 1596 2965 1636 ex
3010 1583 3308 1641 solitudine
3351 1599 3544 1645 contra

1957 1668 2235 1724 diabolum
2265 1685 2296 1724 a
2328 1669 2440 1725 Deo
2483 1671 2690 1727 electus
2719 1658 2945 1729 exsiliit.
2974 1672 3093 1730 Non
3137 1679 3283 1733 enim
3319 1683 3549 1750 putabat

258 1772 356 1824 τὸν
381 1771 522 1824 οὕτω
559 1772 709 1843 παρὰ
737 1770 872 1824 Θεοῦ
908 1770 1212 1842 τιμηθέντα
1258 1772 1354 1824 καὶ
1400 1770 1682 1840 ὑψωθέντα
1704 1813 1720 1837 ,
1757 1772 1856 1842 τῆς

1968 1774 2179 1829 aquom
2204 1775 2344 1825 esse,
2384 1768 2463 1829 ut,
2487 1762 2578 1832 qui
2611 1763 2685 1818 ita
2712 1779 2742 1817 a
2778 1763 2889 1820 Deo
2912 1765 3212 1824 honoratus
3240 1780 3295 1825 et
3335 1774 3546 1829 exalta-

264 1863 381 1918 τῶν
410 1861 701 1934 ὁμοφύλων
741 1863 1158 1934 καταφρονῆσαι
1189 1862 1467 1932 σωτηρίας
1487 1902 1502 1927 ,
1539 1861 1675 1917 ἀλλὰ
1722 1881 1857 1934 μνη-

189 1991 193 1997 -
262 1955 544 2026 μονεύσας
568 1955 661 2009 τοῦ
693 1957 958 2020 εἰπόντος·
984 1974 1003 2008 ι
1025 1955 1365 2025 Ἀγαπήσεις
1389 1954 1481 2007 τὸν
1506 1953 1736 2023 πλησίον
1760 1971 1853 2007 σου

258 2045 334 2110 ὡς
370 2045 588 2108 ἑαυτὸν,
618 2064 634 2096 ι
665 2044 724 2110 ὃς
759 2046 853 2099 καὶ
887 2044 1105 2116 μορφὴν
1137 2044 1329 2099 δούλου
1351 2043 1673 2099 ἐνδύσασθαι
1693 2045 1856 2115 ἀτρέ-

263 2155 440 2200 πτως,
468 2136 559 2190 διὸ.
585 2136 686 2208 τὴν
709 2136 804 2191 τοῦ
837 2136 1025 2190 δούλου
1062 2135 1360 2206 σωτηρίαν,
1392 2136 1492 2189 οὐκ
1521 2135 1853 2206 ἀπηξίωσεν,

265 2231 518 2299 μιμεῖται
551 2229 645 2282 καί
681 2229 846 2292 αὐτος
893 2228 985 2280 τὸν
1036 2228 1314 2297 Δεσπότην
1369 2227 1461 2281 τὸν
1507 2228 1857 2298 οἰκεῖον,τὴν

262 2319 479 2374 οἰκείαν
508 2319 727 2391 άληθῶς
747 2320 927 2391 ψυχὴν
956 2321 1054 2374 καὶ¹
1083 2320 1246 2390 σῶμα
1286 2318 1420 2386 θεὶς,
1456 2319 1543 2372 ἵνα
1578 2325 1732 2385 τινὰς
1757 2320 1857 2374 σώ-

263 2427 369 2467 σει.
412 2409 734 2479 Ἀναγκαῖον
755 2409 847 2463 καὶ
882 2410 990 2481 πρὸ
1016 2409 1236 2463 πάντων
1262 2408 1352 2462 τὸν
1378 2409 1581 2479 τρόπον
1620 2409 1722 2479 τῆς
1776 2410 1857 2471 εἰς

259 2501 353 2555 τὸν
380 2502 589 2572 κόσμον
618 2503 682 2554 ὲκ
706 2503 806 2571 τῆς
839 2502 1048 2574 ἐρήμου
1102 2498 1267 2554 αὐτοῦ
1299 2500 1565 2563 ἐλεύσεως
1614 2500 1743 2571 ὑμῖν
1781 2501 1859 2554 δι-

260 2592 580 2663 ηγήσασθαι
598 2611 611 2623 ·
660 2589 761 2645 εἶθ’
783 2580 956 2655 οὕτως
985 2593 1054 2645 τά
1078 2588 1357 2662 παράδοξα
1380 2591 1546 2645 αὐτοῦ
1580 2592 1676 2644 καὶ
1702 2591 1858 2655 ,ἀξιο-

259 2671 562 2755 θαύμαστα
588 2682 911 2754 πράγματα.

1958 1858 2045 1904 tus
2071 1859 2237 1914 esset,
2265 1853 2496 1921 proximi
2528 1855 2829 1927 negligeret
2877 1857 3146 1925 salutem;
3186 1863 3285 1916 sed
3335 1880 3547 1921 memor

1958 1940 2104 1996 illius
2131 1942 2224 2012 qui
2255 1943 2391 1997 dixit
2434 1963 2450 1998 :
2500 1964 2520 1997 ‹
2559 1945 2759 2018 Diliges
2798 1949 3107 2018 proximum
3141 1961 3295 2009 tuum
3323 1957 3466 2012 sicut
3495 1966 3549 2013 te

1959 2031 2138 2103 ipsum
2171 2034 2244 2100 ¹⁰;
2279 2053 2297 2084 ι
2349 2036 2441 2104 qui
2477 2045 2534 2091 et
2565 2036 2796 2094 formam
2838 2041 2980 2096 servi
3030 2038 3260 2099 induere
3295 2045 3549 2104 immuta-

1958 2124 2160 2190 bilitcr,
2191 2134 2414 2196 propter
2449 2129 2593 2184 servi
2630 2129 2885 2197 salutem,
2919 2147 3030 2187 non
3061 2145 3147 2191 est
3179 2136 3546 2209 dedignatus;

1966 2212 2084 2283 ipse
2109 2213 2274 2268 etiam
2305 2213 2550 2272 imitatur
2570 2218 2863 2275 Dominum
2895 2237 3080 2290 suum,
3110 2228 3388 2298 prepriam
3418 2245 3550 2288 vere

1963 2305 2201 2360 animam
2248 2316 2305 2361 et
2348 2322 2548 2378 corpus
2588 2325 2833 2381 ponens,
2876 2325 2937 2370 ut
2987 2315 3217 2375 haberet
3258 2336 3397 2391 quos
3442 2326 3551 2379 sal—

1964 2409 2138 2454 varet.
2158 2396 2541 2456 Necessarium
2569 2419 2702 2458 vero
2731 2413 2834 2471 est,
2871 2417 2998 2463 ante
3023 2410 3205 2466 omnia
3240 2414 3396 2467 vobis
3423 2430 3552 2469 nar-

1966 2505 2088 2546 rare
2118 2507 2227 2563 quo
2257 2500 2416 2564 pacto
2450 2508 2482 2548 e
2527 2495 2826 2552 solitudine
2848 2499 2903 2553 in
2926 2502 3207 2570 publicum
3238 2506 3502 2573 prodierit
3529 2525 3543 2560 :

1967 2591 2156 2652 postea
2181 2583 2248 2637 de
2276 2585 2441 2641 rebus
2476 2586 2545 2641 ab
2570 2587 2689 2658 ipso
2726 2591 2915 2660 gestis,
2966 2609 3089 2663 quae
3117 2596 3431 2665 opinionem
3459 2615 3554 2655 su-

1966 2683 2180 2742 perant,
2212 2685 2268 2730 et
2304 2677 2669 2734 admiratione
2697 2681 2875 2751 dignae
2908 2694 3058 2752 sunt,
3099 2685 3388 2744 habiturus
3424 2703 3488 2745 su
3511 2704 3547 2745 λ

1963 2781 2293 2823 sermonem.

1626 2902 1854 2960 CAPUT
1894 2903 2186 2963 PRIMUM.

820 3040 1090 3111 Symeonis
1128 3050 1175 3095 et
1199 3040 1422 3095 Joannis
1451 3041 1806 3111 peregrinatio
1836 3044 1908 3096 ad
1943 3044 2057 3099 loca
2090 3059 2302 3111 sancta,
2333 3051 2537 3104 occasio
2571 3050 2801 3105 melioris
2830 3053 2969 3109 vila'.

323 3137 411 3211 ε”.’
449 3154 539 3208 Ἐν
585 3155 698 3217 τοίς
747 3153 960 3224 χρόνοις
1008 3155 1107 3224 τῆς
1136 3152 1413 3224 βασιλείας
1436 3152 1530 3206 τοῦ
1562 3154 1619 3205 ὲν
1672 3154 1852 3218 ἁγίοις

2026 3160 2080 3213 5.
2120 3159 2241 3225 Quo
2266 3170 2512 3232 tempore
2549 3163 2811 3233 regnabat
2839 3174 3063 3219 sanctus
3097 3167 3173 3238 (5)
3204 3167 3550 3228 Justinianus

266 3246 661 3302 ’1ουστινιανοῦ
721 3245 817 3299 τοῦ
875 3245 1179 3318 βασιλέως,
1233 3245 1689 3316 παραγινομένων
1744 3245 1853 3300 τῶν

262 3337 656 3410 φιλοχρίστων,
694 3337 789 3390 καὶ
827 3338 956 3401 τοὺς
991 3335 1182 3406 ἁγίους
1226 3336 1322 3389 τοῦ
1370 3337 1607 3408 Χριστοῦ
1659 3336 1856 3400 τόπους

261 3431 742 3503 προθυμουμένων
775 3431 1124 3502 προσκυνεῖν,
1175 3428 1303 3492 τοὺς
1337 3429 1394 3481 ὲν
1425 3430 1492 3497 τῇ
1525 3428 1659 3498 ἁγίᾳ
1702 3428 1856 3517 πόλει

261 3524 411 3576 κατὰ
449 3521 761 3592 συνήθειαν,
794 3522 852 3573 ἐν
877 3524 941 3592 τῇ
966 3519 1174 3589 ὑψώσει
1227 3519 1323 3573 τοῦ
1372 3519 1559 3587 τιμίου
1594 3520 1688 3571 καὶ
1718 3517 1856 3582 ζωο-

262 3612 426 3665 ποιοῦ
470 3612 706 3682 σταυροῦ
740 3608 1134 3682 (γινώσκουσιν
1156 3608 1213 3663 δὲ
1237 3610 1440 3668 πάντες
1467 3610 1516 3661 οἰ
1546 3610 1725 3662 ἐκεῖσε
1756 3625 1860 3661 πα.

266 3702 603 3773 ραγενέσθαι
632 3702 887 3765 εἰωθότες
914 3703 972 3755 ὲν
995 3703 1173 3775 ταύτῃ
1196 3704 1262 3773 τῇ
1298 3703 1433 3772 άγίᾳ
1463 3701 1559 3753 mi.
1580 3703 1861 3781 πανυμνή-

261 3816 343 3869 τῳ
371 3801 561 3871 ἑορτῇ,
593 3799 676 3852 ὅτι
714 3797 900 3869 σχεδὸν
924 3797 989 3850 ὲκ
1016 3797 1198 3868 πάσης
1227 3797 1327 3867 τῆς
1365 3795 1694 3867 οἰκουμένης
1733 3813 1860 3848 συν-

261 3891 526 3961 τρέχουσι
549 3889 659 3944 τῶν
695 3887 842 3942 λαῶν
873 3889 940 3942 τὰ
993 3887 1330 3959 φιλόσταυρα
1376 3888 1471 3941 καὶ
1513 3887 1859 3958 Χριστοφόρα

263 3980 479 4054 πλήθη)
503 3998 518 4012 ’
555 3984 613 4036 ἐν
635 3983 702 4053 τῇ
736 3981 874 4051 αῦτῇ
915 3980 1147 4050 ἀοιδίμῳ
1184 3981 1347 4050 ἑορτῇ
1405 3979 1604 4050 συνέϐη
1637 4019 1651 4046 ,
1709 3979 1860 4041 τινὰς

263 4072 363 4126 δύο
385 4075 711 4147 νεωτέρους,
753 4074 862 4128 ἀπὸ
901 4073 1100 4143 Συρίας
1153 4072 1333 4138 ὄντας,
1364 4075 1645 4142 συντυχεῖν
1696 4071 1861 4145 ἀλλή-

263 4162 382 4226 λοις
406 4165 534 4219 κατ’
564 4166 888 4235 οἰκονομίαν
926 4162 1087 4218 Θεοῦ.
1116 4164 1329 4232 Ὄνομα
1362 4160 1441 4232 τῷ
1474 4162 1554 4215 ἑνὶ
1583 4162 1859 4232 Ἰωάννης,

265 4238 364 4308 καὶ
423 4257 598 4327 ὄνομα
632 4256 710 4328 τῷ
766 4257 938 4328 ἑτέρῳ
987 4255 1232 4327 Συμεών.
1306 4256 1393 4318 Ὧς
1448 4249 1541 4308 οὖν
1579 4253 1861 4325 διέτριψαν

263 4346 455 4399 ἐκεῖσε
485 4348 699 4421 ἡμέρας
730 4346 941 4415 ὀλίγας,
972 4345 1068 4401 καὶ
1105 4347 1205 4416 τῆς
1244 4346 1409 4414 ἁγίας
1447 4345 1540 4399 τοῦ
1570 4343 1708 4399 Θεοῦ
1739 4344 1862 4416 ἑορ-

261 4436 369 4505 τῆς
396 4440 804 4511 τελειωθείσης,
846 4437 1109 4508 ἀνεχώρει
1153 4437 1339 4491 λοιπὸν
1384 4437 1616 4501 ἕκαστος
1649 4437 1730 4499 εἰς
1761 4436 1861 4506 τήν

1963 3248 2280 3318 imperator,
2322 3250 2669 3307 Christicolis
2727 3255 3223 3326 convenientibus,
3255 3267 3311 3313 et
3364 3271 3551 3317 sancta

1963 3335 2167 3392 Christi
2236 3338 2356 3394 loca
2406 3340 2635 3394 adorare
2709 3339 3192 3409 desiderantibus,
3252 3360 3374 3414 quae
3423 3358 3552 3403 simt

1965 3426 2022 3481 in
2064 3436 2252 3482 sancta
2293 3428 2535 3494 civitate,
2593 3429 2900 3485 secundum
2958 3435 3450 3501 consuetudinem,
3493 3438 3547 3492 in

1965 3515 2295 3571 exaltatione
2351 3517 2607 3588 pretiosae
2654 3534 2720 3574 ac
2767 3518 2998 3576 viviﬁcae
3054 3522 3132 3592 (ί)
3161 3524 3342 3579 crucis
3387 3528 3552 3596 (nos-

1964 3617 2098 3663 cunt
2125 3618 2305 3664 autem
2333 3625 2525 3665 omnes
2557 3611 2651 3679 qui
2677 3612 2975 3666 convenire
3008 3614 3078 3668 ibi
3118 3615 3297 3671 solent
3346 3617 3402 3672 in
3444 3619 3551 3676 hoc

1966 3706 2159 3754 sancto
2189 3708 2245 3753 et
2281 3698 2643 3755 celeberrimo
2672 3699 2838 3765 festo,
2867 3703 3015 3771 quod
3045 3703 3161 3760 fere
3198 3720 3265 3761 ex
3293 3709 3551 3766 universo

1970 3801 2238 3845 terrarum
2263 3791 2396 3846 orbe
2427 3800 2763 3847 concurrant
2803 3795 3135 3863 populorum
3182 3800 3378 3865 turbae,
3421 3804 3549 3872 qui-

1968 3882 2071 3936 bus
2095 3898 2227 3937 crux
2275 3892 2330 3938 et
2369 3882 2623 3939 Christus
2658 3883 2716 3939 in
2756 3884 3036 3940 amoribus
3082 3888 3217 3957 est);
3251 3890 3308 3944 in
3355 3896 3548 3949 eodem

1970 3972 2074 4028 hoc
2102 3974 2301 4030 celebri
2333 3974 2472 4031 festo
2509 3975 2739 4047 contigit
2779 3976 2921 4031 duos
2955 3978 3222 4047 quosdam
3271 3981 3548 4051 juniores,

1969 4080 2000 4118 e
2031 4064 2185 4136 Syria
2228 4066 2305 4137 (5)
2363 4066 2648 4135 oriundos,
2697 4068 2804 4124 sibi
2850 4077 3046 4125 mutuo
3093 4085 3403 4139 occurrere,
3442 4075 3551 4130 Deo

1969 4158 2051 4213 sic
2077 4160 2425 4230 disponente.
2457 4159 2666 4216 Nomen
2701 4161 2796 4215 uni
2820 4169 2940 4217 erat
2968 4162 3227 4228 Joannes,
3256 4175 3312 4221 et
3344 4182 3547 4223 nomen

1969 4250 2126 4306 alteri
2167 4238 2423 4321 Sytneon.
2465 4249 2829 4320 Consumptis
2879 4251 3082 4307 ibidem
3123 4256 3310 4324 paucis
3331 4258 3548 4320 diebus,

1970 4353 2025 4398 et
2054 4350 2245 4397 sancto
2273 4342 2368 4397 Dei
2399 4342 2539 4397 festo
2573 4340 2750 4407 ﬁnito,
2798 4345 3027 4399 recessit
3067 4344 3331 4417 deinceps
3376 4365 3551 4404 unus-

1970 4436 2202 4506 quisque
2242 4434 2308 4488 ad
2367 4433 2642 4505 propriam
2696 4435 2994 4491 civitatem.
3025 4440 3067 4491 Δ
3119 4453 3227 4507 quo
3284 4448 3548 4511 tempore,

268 4526 411 4581 ἰδίαν
445 4532 607 4584 πόλιν
633 4547 648 4562 θ
720 4531 843 4584 ἐπεὶ
867 4572 881 4595 ,
915 4530 1034 4582 κατ’
1066 4528 1317 4581 εὐδοκίαν
1363 4526 1458 4581 τοῦ
1485 4525 1859 4598 φιλανθρώποι

1973 4531 2124 4598 juxta
2171 4526 2389 4597 benigni
2438 4524 2533 4578 Dei
2583 4525 3011 4597 beneplacitum,
3045 4529 3156 4585 duo
3201 4532 3256 4585 hi
3306 4532 3555 4602 juniores

264 4617 432 4688 Θεοῦ,
465 4623 626 4699 ἔσχον
655 4623 707 4676 οἰ
733 4621 828 4675 δύο
855 4616 1000 4675 οὗτοι
1030 4618 1289 4691 νεώτεροι
1315 4619 1414 4691 τὴν
1438 4620 1727 4690 συντυχίαν
1774 4618 1871 4673 καὶ

261 4709 367 4782 τὴν
390 4715 619 4788 ἀγάπην
652 4716 768 4785 μετ’
800 4713 1069 4783 ἀλλήλων,
1102 4714 1205 4766 οὐκ
1235 4712 1318 4766 ἔτι
1357 4711 1741 4783 ἐχωρίσθησαν
1771 4710 1867 4764 ἀπ’

341 4889 363 4920 ⁵⁵
404 4891 568 4949 Cant.
610 4909 682 4957 tv,
714 4893 768 4947 7.
841 4891 883 4921 ¹⁰
921 4888 1111 4943 Matth.
1155 4905 1264 4953 xix,
1294 4887 1380 4942 19.

1966 4628 2253 4690 coeperunt
2278 4616 2792 4688 agerel‘amiliariter
2814 4630 2869 4674 et
2890 4620 3119 4690 diligere
3158 4624 3302 4679 inter
3341 4641 3423 4694 se,
3442 4643 3554 4681 non

1967 4708 2200 4777 amplius
2226 4722 2254 4760 a
2286 4722 2345 4760 se
2377 4716 2568 4760 mutuo
2597 4709 2835 4776 separati
2868 4720 3015 4764 sunt.
3061 4712 3209 4780 Ideo,
3246 4715 3556 4773 dum'redi-

1809 5000 2041 5059 NOTAE.

344 5097 427 5168 ('5)
466 5104 640 5161 Multo
674 5103 836 5158 latius
867 5101 997 5158 olim
1049 5100 1224 5155 sancti
1269 5113 1472 5168 nomen
1512 5114 1674 5168 quam
1713 5098 1876 5153 hodie

268 5171 488 5237 patuit,
519 5184 657 5232 teste
684 5173 907 5229 Velsero
940 5173 993 5225 in
1023 5170 1236 5226 Comm.
1281 5169 1348 5223 ad
1386 5167 1652 5224 Convers.
1671 5177 1875 5224 sancta:

271 5233 422 5316 atra;
445 5233 737 5316 {episcopi
763 5246 925 5316 vulgo
951 5241 1145 5316 sancti,
1175 5239 1526 5316 sanctissimi,
1570 5239 1872 5295 beatissimi

274 5302 608 5384 ξῖίίξεὺοῃῑύιο
643 5354 657 5368 .
682 5302 702 5370 ἶ
723 5355 736 5369 .
761 5302 977 5384 Reliqui
1008 5302 1174 5367 etiam
1216 5309 1536 5384 Christiani,
1569 5320 1873 5384 certepro-

276 5367 598 5454 Potae-vitae,
633 5367 831 5448 sancti,
854 5367 1169 5454 quanquam
1201 5367 1872 5454 adhuc_tnortales._Con-

275 5445 562 5523 stantinus
586 5445 923 5519 orationem,
970 5445 1133 5523 quam
1162 5453 1231 5506 ad
1271 5450 1638 5523 Christianam
1670 5449 1872 5523 Eccle-

281 5518 422 5591 i'i‘m
454 5523 699 5591 Scripsit,
736 5525 803 5579 ad
838 5518 1151 5579 sanctorum
1177 5529 1380 5576 cretum
1428 5520 1743 5591 inscripsit:
1786 5520 1870 5573 Ita

279 5573 598 5660 ξέεηςείὶαἷ
609 5573 1410 5648 iii’cznaéa'nna'tdnam
1444 5573 1874 5646 bédn'wiuiezms

277 5648 705 5725 Hirﬁlugiensis.

356 5719 432 5793 (4)
473 5719 702 5788 Ostendi
747 5732 952 5802 populo
1000 5733 1172 5794 Crux,
1207 5741 1264 5786 et
1312 5731 1546 5801 proferri
1594 5731 1872 5787 adoranda

567 5825 840 5889 Pa-rnot.
883 5825 999 5887 Gs.
1044 5824 1247 5884 XCIII.

1978 5096 2209 5162 solebat,
2241 5110 2353 5149 non
2398 5093 2586 5165 solum
2630 5092 2684 5165 in
2736 5094 2988 5165 contigua
3041 5097 3262 5154 Pascha:
3310 5099 3419 5165 die,
3462 5105 3559 5159 sed

1976 5168 2142 5238 etiam
2173 5167 2241 5238 in_
2266 5163 2446 5238 media
2468 5164 2803 5238 jejunio_rum
2837 5163 3198 5238 hebdomade,
3245 5184 3369 5238 qua:
3399 5163 3560 5228 nobis

1977 5248 2062 5291 est
2092 5234 2535 5306 Quadragesimm
2568 5233 2749 5295 tertia,
2785 5245 2950 5303 prout
2988 5233 3191 5292 dicitur
3221 5233 3290 5295 ad
3320 5239 3465 5295 diem
3497 5258 3560 5298 ιιι

1978 5307 2159 5397 “ait.
2183 5304 3560 5397 1‘96"}..‘Iibiifffli'l‘..mE'JE‘l.m¥!°'°.c°f'9"55“

1975 5377 2275 5448 populi,in
2310 5374 2448 5448 festo
2464 5372 2838 5448 Exaltationis
2876 5385 3079 5448 sancta“:
3111 5372 3301 5436 Crucis
3348 5382 3415 5436 Η
3458 5383 3561 5437 Se-

1978 5442 2266 5522 ptembris,
2298 5444 2372 5498 uti
2397 5443 2673 5514 colligitur
2701 5442 2885 5522 e_Vita
2905 5445 2963 5502 S.
2996 5447 3181 5522 Mariae
3201 5451 3558 5522 Egyptians,
3650 5498 3653 5513 ι

1980 5515 2043 5573 ea
2068 5516 2689 5591 occasioneeonversae,
2722 5515 2790 5569 de
2816 5532 2924 5591 qua
2962 5519 3109 5591 dicit
3136 5515 3360 5591 April'i's'.

2053 5588 2131 5656 (5)
2171 5586 2287 5641 Orti
2309 5586 2513 5640 Edessa
2544 5584 2950 5661 Mesopotamia
2977 5589 3129 5661 urbe,
3149 5584 3271 5661 qua:
3293 5610 3322 5646 a
3342 5592 3560 5649 Justino

1981 5660 2312 5732 imperatore
2356 5665 2707 5732 restaurata,
2745 5656 3107 5732 Just_i_nopo_l_is
3145 5656 3362 5732 quoque
3414 5665 3561 5719 dicta

1980 5725 2103 5797 fuit,
2135 5737 2359 5784 auctore
2386 5725 2616 5796 Evagrio
2654 5725 2748 5781 lib.
2765 5741 2818 5782 tv
2846 5725 2993 5783 Eccl.
3018 5725 3239 5801 Ηὶσιοίςη
3273 5725 3399 5805 cap.
3433 5735 3488 5790 8.

3126 5822 3200 5883 53
