3956 6220
317 300 451 369 167Ἷ
1577 293 1751 354 VITA
1778 292 1839 350 S.
1872 291 1897 349 ε

2004 287 2265 349 [ΕΟΝΙΞ.
3412 274 3546 340 1678

312 415 392 487 τῷ
414 415 532 482 ίδίῳ
552 412 699 481 τόπῳ
735 407 1197 481 μνημονεύσομεν.
1230 396 1399 466 Οῦτος
1422 396 1515 456 οῦν
1542 400 1571 452 6
1592 376 1879 471 εἰρημέύος

2004 409 2082 449 ιιιο
2120 395 2239 450 loco
2280 391 2414 464 (ιο).
2448 391 2594 448 Idem
2626 390 2807 461 itaque
2843 389 3156 461 praedictus,
3184 386 3288 441 Dei
3337 401 3587 487 ιιιιιαηεντΧ

313 478 565 576 θεοφιλὴς
589 478 863 573 Ἰωάννης,
898 503 927 553 6
953 499 1207 568 ἐνάρετος
1241 497 1508 554 διάκονος.
1556 491 1715 554 αὐτὸς
1744 490 1877 559 ἡμῖν

2004 485 2256 540 rtvirtute
2303 484 2502 554 insigni
2545 483 2781 538 Joannes
2825 481 3123 544 diaconus,
3155 493 3376 534 omnem
3409 493 3553 548 pene
3579 478 3631 541 ὐ

312 596 404 649 τὸν
434 595 649 650 ἅπαντα
678 592 790 661 βίον
814 590 997 661 σχεδὸν
1023 588 1118 642 τοῦ
1140 587 1418 655 πανσόφου
1440 583 1757 653 διηγήσατο,
1786 581 1878 633 τὸν

315 687 519 756 Κύριον
543 683 981 755 προϐαλλόμενος
1007 679 1116 733 τῶν
1138 676 1446 746 λεγομένων
1496 674 1769 743 μάρτυρα,
1802 669 1879 731 ὡς

311 779 395 832 ὅτι
417 777 568 831 οὐδὲν
594 775 737 829 κατὰ
760 773 1080 845 προσθήκην
1120 766 1398 839 ἐπέγραψε
1434 765 1514 833 τῷ
1558 762 1877 832 διηγήματι,

314 864 452 917 άλλά
477 863 677 933 μᾶλλον
725 861 915 914 καὶτὰ
956 860 1187 913 πλεῖστα
1215 858 1278 908 ὲκ
1322 852 1417 906 τοῦ
1449 852 1644 922 χρόνον
1685 848 1881 903 ἐπελά-

315 954 459 1007 θετο.

387 1045 453 1108 ζ’.
484 1045 913 1114 Κατερχομένων
949 1042 1042 1096 οὖν
1068 1040 1268 1102 αὐτῶν,
1298 1039 1466 1108 φημὶ,
1512 1034 1609 1106 τὴν
1640 1034 1757 1088 ὁδὸν
1785 1034 1883 1104 τὴν

314 1132 528 1203 ἀληθῶς
553 1135 632 1196 εἰς
662 1133 760 1202 τὴν
799 1131 944 1202 ζωὴν
1001 1132 1200 1194 αὐτοὺς
1242 1129 1610 1200 ὁδηγήσασαν,
1657 1121 1726 1198 ἦν
1758 1125 1885 1177 ἰδεῖν

314 1225 513 1288 αὐτοὺς
540 1224 984 1293 ἀγαλλιωμένους
1009 1223 1103 1277 καὶ
1129 1221 1442 1294 τρέχοντας,
1466 1220 1541 1282 ὡς
1563 1218 1770 1290 Πέτρον
1792 1217 1888 1270 καὶ

329 1316 579 1385 Ἰωάννην
604 1316 698 1368 ἐπὶ
733 1317 825 1367 τὸν
864 1313 1125 1379 ξωοποιὺν
1174 1312 1270 1366 τοῦ
1313 1311 1520 1382 Κυρίου
1571 1308 1762 1378 τάφον,
1793 1307 1889 1360 καὶ

318 1407 665 1478 ἀλλήλουςτῇ
697 1404 977 1477 προθυμίᾳ
1027 1403 1388 1472 διεγείροντας
1414 1442 1431 1464 ,
1463 1399 1557 1452 καὶ
1611 1398 1888 1468 προθυμο-

318 1497 626 1559 ποιοῦντας.
671 1496 729 1548 '0
771 1496 870 1565 μὲν
901 1494 1009 1563 γὰρ
1036 1491 1292 1559 Ἰωάννης
1323 1487 1592 1557 ἐφοϐεῖτο,
1628 1485 1826 1554 μήπως
1853 1485 1887 1553 ἡ

321 1586 631 1657 συμπάθεια
657 1588 754 1653 τῆς
801 1584 1005 1654 μητρὸς
1059 1580 1305 1650 άνακόψῃ
1331 1578 1421 1631 τὸν
1456 1575 1701 1647 Συμεών.
1751 1575 1808 1628 '0
1835 1574 1893 1627 δὲ

320 1678 482 1745 πάλιν
510 1676 772 1740 ἐδίσταζε,
796 1675 871 1745 μὴ
892 1677 925 1743 ὴ
948 1672 1293 1744 προοπάθεια
1305 1669 1401 1739 τῆς
1418 1668 1686 1737 νεογάμου
1705 1682 1894 1735 γυναι-

1985 576 2153 629 vitam
2210 574 2604 645 sapientissimi
2681 573 2970 644 Symeonis
3032 570 3190 626 nobis
3262 566 3552 639 exposuit;

1986 670 2155 723 Deum
2208 675 2438 724 testatus
2492 668 2574 723 de-
2624 666 2692 721 iis
2727 669 2867 735 'quze
2934 663 3179 728 dicebat,
3235 670 3558 729 tantumque

1985 763 2194 825 abesse,
2253 768 2315 814 ut
2362 760 2566 829 aliquid
2607 757 2854 813 addendo
2897 753 3222 819 narrationi,
3269 753 3558 808 veritatem

1986 853 2228 922 ejusdem
2273 853 2718 913 contaminasset,
2770 847 2905 919 quin
2956 847 3138 917 potius
3182 847 3352 901 multa
3401 844 3560 913 lapsu

1989 941 2252 1010 temporis
2281 948 2427 994 esset
2454 939 2675 994 oblitus.

2062 1036 2113 1088 7.
2159 1035 2292 1087 Dum
2324 1032 2508 1102 itaque
2542 1032 2625 1102 (ut
2656 1026 2924 1098 dicebam)
2956 1027 3097 1082 viam
3126 1023 3559 1095 ingrederentur,

1990 1141 2112 1197 quae
2139 1139 2268 1180 vere
2293 1123 2529 1178 ducebat
2573 1115 2668 1177 eos
2719 1120 2787 1174 ad
2833 1119 3020 1183 vitam,
3055 1117 3239 1172 videre
3269 1116 3418 1184 ipsos
3444 1122 3565 1167 erat

1992 1218 2328 1273 exsultantes
2372 1224 2430 1270 et
2479 1220 2765 1269 currentes
2795 1210 2928 1282 (non
2973 1223 3131 1263 secus
3167 1222 3231 1261 ac
3255 1206 3471 1260 Petrum
3507 1214 3566 1259 et

1992 1310 2258 1366 Joannem
2288 1308 2355 1363 ad
2382 1307 2655 1363 viviﬁcum
2681 1303 2893 1359 Domini
2923 1299 3348 1372 sepulcrum),et
3371 1306 3565 1353 mutuo

1994 1402 2130 1457 alter
2148 1401 2376 1456 alterum
2405 1395 2676 1452 desiderio
2698 1403 2752 1449 et
2773 1393 3052 1448 alacritate
3076 1390 3403 1458 excitabant.
3431 1387 3567 1442 Nam

1994 1494 2234 1549 Joannes
2277 1491 2557 1545 metuebat
2605 1502 2678 1542 ne
2721 1486 2948 1541 affectus
2998 1484 3188 1538 matris
3237 1483 3568 1553 Symeonem

1999 1582 2319 1639 retardaret.
2391 1580 2490 1634 llic
2563 1592 2780 1633 rursum
2830 1574 3071 1629 haerebat
3115 1573 3335 1635 dubius,
3384 1586 3570 1627 annon

1998 1675 2290 1747 prepensio
2318 1688 2474 1728 novae
2518 1679 2723 1740 nuptae,
2766 1669 3170 1747 sicut‘magnes
3203 1664 3358 1734 lapis,
3389 1664 3456 1717 ad
3508 1678 3569 1717 se

321 1743 437 1829 κὸς,
459 1764 647 1836 ὥσπερ
673 1743 946 1835 μαγνῆτις
995 1743 1162 1824 λίθος,
1189 1758 1326 1827 πρὸς
1361 1754 1557 1826 ἑαυτὴν
1590 1751 1893 1823 ἐπιστρέψῃ

2004 1743 2355 1822 convertisset
2380 1762 2668 1818 Joannem.
2697 1757 2766 1814 Et
2788 1758 2858 1840 [in
2896 1743 3174 1827 posterum
3222 1768 3287 1808 ex
3315 1752 3406 1807 illo
3432 1761 3571 1806 tem-

321 1857 413 1908 τὸν
440 1854 716 1925 Ἰωάννην.
739 1853 849 1906 Καὶ
890 1849 1075 1904 λοιπὸν
1106 1852 1171 1903 ἐκ
1199 1846 1388 1901 τούτου
1418 1845 1607 1914 ἕτερος
1641 1842 1775 1914 πρὸς
1801 1841 1894 1894 τὸν

321 1945 510 2017 ἕτερον
534 1944 933 2014 νουθετητικοῖς
976 1942 1071 1996 καὶ
1115 1939 1546 2010 παρακλητικοίς
1600 1935 1895 2004 ἐκέχρηντο

322 2036 536 2106 λόγοις·
569 2036 662 2090 καὶ⁸
697 2036 726 2089 6
756 2034 854 2107 μὲν
888 2033 1093 2101 ἔλεγεν·
1128 2032 1308 2100 Μηδὲν
1331 2028 1674 2108 ρᾳθυμήσῃς,
1702 2024 1896 2093 άδελιρὲ

325 2127 569 2197 Συμεών.
608 2123 929 2195 Ἐλπίζομεν
964 2123 1074 2196 γὰρ
1098 2122 1179 2183 είς
1203 2121 1293 2174 τὸν
1317 2119 1476 2184 Θεὸν,
1503 2118 1587 2171 ὅτι
1616 2120 1683 2189 τῇ
1725 2133 1897 2189 σημε-

326 2217 446 2284 ρινῇ
475 2214 657 2285 ἡμέρᾳ
684 2213 1120 2284 ἁνεγεννήθημεν
1141 2227 1153 2240 ·
1185 2209 1240 2265 τί
1269 2210 1379 2282 γάρ
1409 2211 1559 2281 ἡμᾶς
1594 2209 1663 2262 τά
1691 2209 1894 2280 μάταια

324 2306 509 2358 ἐκεῖνα
541 2304 634 2358 τοῦ
673 2304 789 2374 βίου
828 2306 1151 2376 πράγματα,
1176 2304 1327 2357 καὶὸ
1346 2302 1576 2365 πλοῦτος
1614 2301 1895 2371 ὠφελῆσαι

326 2399 386 2450 ἐν
414 2397 598 2468 ἡμέρᾳ
626 2397 859 2467 κρίσεως
911 2396 1161 2449 ἐδύναντο
1187 2437 1202 2460 ,
1242 2396 1380 2479 axis
1419 2394 1618 2466 μᾶλλον
1644 2393 1740 2447 καὶ
1772 2392 1897 2463 βλά-

328 2486 429 2556 ψαι
454 2504 469 2553 ;
505 2487 626 2539 οὐδὲ
654 2489 687 2558 ὴ
717 2488 903 2558 νεότης
925 2488 1109 2555 πάλιν,
1141 2488 1238 2542 καὶ
1262 2488 1322 2541 τὸ
1349 2486 1568 2553 κάλλος,
1590 2485 1653 2539 τὸ
1678 2484 1899 2557 προκεί-

331 2595 493 2648 μενον
529 2579 607 2650 τῷ
641 2578 850 2650 σώματι
874 2580 1053 2650 ἡμῶν,
1087 2583 1166 2644 εἰς
1188 2581 1341 2643 τέλος
1376 2580 1690 2651 ἀμάραντον
1708 2577 1898 2648 διαμέ-

330 2688 433 2725 νει.
475 2669 615 2723 Ἀλλ’
642 2670 674 2740 ἢ
713 2671 818 2724 ὑπὸ
846 2672 938 2725 τοῦ
972 2674 1173 2742 γήρους
1199 2671 1278 2742 τῷ
1306 2671 1505 2743 καιρῷ,
1536 2669 1569 2741 ἣ
1600 2670 1707 2723 ὑπὸ
1736 2668 1901 2721 θανά-

331 2778 425 2816 του
472 2760 568 2815 τοῦ
616 2763 948 2834 προσκαίρου
997 2762 1324 2816 ἀπόλλυταιο
1354 2761 1448 2815 καὶ
1479 2761 1555 2824 ὡς
1603 2758 1775 2812 ταῦτα
1807 2758 1902 2811 καὶ⁹

331 2854 514 2926 πολλῷ
565 2854 788 2907 πλείονα
835 2854 1020 2922 ἔλεγεν
1050 2853 1187 2926 πρὸς
1243 2852 1508 2923 Συμεῶνα
1549 2854 1578 2906 6
1628 2850 1900 2920 Ἰωάννης,

333 2945 494 2999 πάλιν
523 2944 923 3013 άντεφθέγγετο
951 2946 1179 3009 ἐκεῖνος,
1214 2946 1312 2997 καὶ
1339 2944 1408 2998 τά
1438 2945 1600 3014 ὅμοια
1633 2941 1902 2995 ἐδυσώπει

1996 1873 2149 1928 pore,
2181 1855 2487 1911 monitoriis
2515 1862 2570 1908 et
2595 1849 2979 1907 consolatoriis
3013 1848 3155 1902 inter
3185 1860 3243 1901 se
3274 1844 3572 1900 utebantur

1997 1948 2358 2005 sermonibus.
2393 1945 2458 2001 Et
2486 1942 2845 2022 hic.quidem
2883 1940 3058 1997 dixit:
3095 1938 3420 2007 Neutiquam
3452 1943 3571 1990 tor-

1996 2056 2146 2111 pcas,
2172 2037 2340 2093 frater
2366 2037 2635 2108 Symeon;
2668 2047 2955 2104 speramus
2979 2031 3125 2086 enim
3161 2032 3215 2084 in
3238 2029 3428 2095 Deum,
3467 2027 3570 2083 ho-

1997 2131 2186 2188 dierna
2217 2128 2304 2184 die
2341 2141 2443 2181 nos
2471 2140 2595 2181 esse
2640 2114 3011 2197 regeneratus.
3046 2122 3187 2190 Quid
3226 2121 3373 2175 enim
3411 2113 3573 2174 nobis

1999 2224 2178 2279 stultae
2233 2221 2335 2275 illae
2396 2218 2521 2274 vitae
2575 2232 2663 2273 res
2701 2226 2757 2273 et
2812 2215 3016 2272 divitia:
3083 2215 3341 2285 prodesse
3387 2213 3443 2293 in
3484 2213 3575 2267 die

1996 2313 2190 2384 judicii
2209 2311 2455 2383 possint;
2478 2312 2590 2364 imo
2615 2308 2800 2379 potius
2824 2308 2955 2379 quid
2979 2307 3189 2378 possint
3215 2304 3319 2360 nisi
3351 2304 3577 2360 nocere?

2001 2403 2112 2460 Nec
2169 2418 2387 2458 rursum
2433 2401 2847 2472 juventus,nec
2874 2398 3246 2476 pulchritudo,
3295 2397 3573 2452 inhaerens

2001 2503 2188 2550 nostro
2215 2492 2451 2563 corpori,
2487 2489 2954 2545 immarcescibilis
2992 2496 3275 2559 permanet
3315 2502 3487 2556 usque
3517 2486 3574 2540 in

2003 2587 2194 2653 ﬁnem;
2227 2584 2324 2640 sed
2344 2584 2429 2640 vel
2458 2591 2703 2653 tempore
2724 2596 2820 2653 per
2849 2588 3186 2636 senectutem
3216 2579 3303 2633 vel
3342 2589 3574 2633 mortem

2005 2677 2441 2747 intempestivam
2462 2673 2624 2744 perit.
2660 2672 2726 2727 Et
2772 2661 2900 2727 du'm
2942 2669 3058 2726 haec
3101 2678 3156 2724 et
3203 2669 3374 2723 multo
3421 2668 3576 2737 plura

2005 2767 2230 2823 dixisset
2254 2767 2321 2821 ad
2353 2765 2678 2836 Symeonem
2707 2762 2975 2827 Joannes;
3004 2761 3201 2815 iterum
3232 2760 3321 2814 hic
3348 2774 3577 2828 respon-
3648 2755 3653 2759 ’

2005 2858 2105 2922 dit,
2133 2866 2189 2913 et
2225 2857 2421 2911 similia
2451 2856 2763 2918 verebatur,
2794 2864 2850 2909 et
2878 2854 3094 2909 dicebat
3134 2871 3148 2908 :
3189 2855 3297 2924 Ego
3329 2854 3573 2923 quidem,

2005 2948 2243 3003 Joannes
2269 2947 2455 3011 frater,
2478 2961 2658 3015 neque
2691 2954 2923 3015 patrem,
2952 2959 3131 3014 neque
3153 2944 3369 3005 fratres,
3399 2958 3578 3012 neque

333 3036 430 3089 καὶ
456 3034 665 3102 ἔλεγεν·
704 3034 846 3102 Ἐγὼ
879 3036 996 3104 μὲν,
1021 3034 1217 3102 ἀδελφέ
1247 3033 1489 3104 Ἰωάννη,
1522 3030 1647 3086 οὕτε
1693 3034 1897 3102 πατέρα

2004 3049 2220 3089 sorores
2251 3034 2444 3101 habeo,
2489 3042 2687 3104 praeter
2737 3033 2997 3088 humilem
3040 3048 3203 3087 anum
3242 3032 3411 3100 illam,
3457 3052 3579 3105 quae

334 3123 459 3178 οὔτε
508 3123 791 3193 ἀδελφοὺς,
845 3122 969 3177 οὔτε
1002 3123 1234 3192 ἀδελφάς
1288 3124 1586 3193 κέκτημαι,
1616 3122 1665 3175 εί
1706 3122 1781 3193 μὴ
1806 3123 1903 3190 τὴν

335 3214 597 3286 ταπεινὴν
637 3213 833 3286 γραίαν
876 3214 1112 3285 ἐκείνην,
1157 3214 1257 3285 τὴν
1304 3214 1405 3283 ἐμὲ
1455 3213 1812 3283 γεννήσασαν·
1842 3212 1902 3263 ού

335 3302 589 3357 τοσοῦτον
615 3304 672 3357 δέ
717 3304 879 3357 πόνον
928 3302 1378 3375 ὀργίζομαι,περ“ι
1403 3302 1618 3366 ἐαυτοῦ,
1652 3302 1775 3356 ὅσον
1809 3319 1902 3355 σου

336 3393 435 3465 τὴν
470 3394 701 3462 καρδίαν
735 3393 1029 3466 φοϐοῦμαι,
1054 3395 1255 3465 μήπως
1286 3394 1348 3448 τὸ
1373 3395 1600 3466 κράσμα
1635 3392 1903 3467 [βράσμα]

336 3485 437 3554 τῆς
481 3487 750 3555 νεογάμου
788 3488 1045 3554 γυναικὸς
1099 3488 1394 3560 ἀποσπάσῃ
1454 3505 1512 3540 σε
1545 3489 1611 3539 ἐκ
1652 3489 1752 3557 τῆς
1783 3486 1903 3539 ὁδοῦ
1936 3491 1948 3503 ’

336 3571 541 3644 ταύτης
569 3574 669 3642 τῆς
691 3575 919 3643 ἀγαθῆς.
971 3575 1058 3637 Ὠς
1085 3575 1181 3629 οὖν
1213 3573 1383 3629 ταῦτα
1409 3577 1504 3628 καὶ
1535 3574 1758 3628 πλείονα
1778 3572 1902 3627 τού·-

335 3680 445 3717 των
488 3662 625 3733 πρὸς
656 3661 917 3732 ἀλλήλους
967 3664 1511 3733 ἁντεφιλολογοῦντο,
1566 3664 1906 3718 καταντῶσιν

224 3758 225 3761 “
337 3754 418 3815 είς
449 3753 808 3823 μοναστήριον
826 3753 886 3806 τὸ
915 3753 1252 3824 καλούμενον
1273 3755 1366 3808 τοῦ
1401 3754 1544 3807 ἁὸϐἄ
1576 3755 1903 3827 Γερασίμου.

336 3841 516 3899 Ἦσαν
540 3845 649 3917 γὰρ
682 3846 777 3899 καὶ
810 3845 968 3899 τοῦτο
993 3845 1315 3916 εὐξάμενοιο
1354 3846 1435 3900 δτι
1480 3846 1650 3918 Κύριε
1682 3849 1710 3901 6
1752 3847 1903 3910 Θεὸς,

337 3938 396 3990 ἐν
424 3936 521 4008 οἴῳ
545 3937 789 4002 κελεύεις
809 3939 956 4009 ἡμᾶς
978 3937 1355 4005 ἀποτάξασθαι
1401 3939 1747 4009 μοναστηρίῳ
1769 3977 1785 4002 ,
1818 3937 1907 3989 εὖ·

338 4045 528 4100 ροιμεν
574 4030 675 4101 τὴν
724 4030 893 4103 θύραν
925 4031 1213 4101 ἀνοιιιιτήν⁶
1238 4031 1374 4100 ὅπερ
1401 4029 1495 4083 καὶ⁵
1526 4030 1767 4098 γέγονεν.
1800 4026 1908 4082 Ἦν

337 4115 430 4174 οὖν
452 4122 511 4174 ἐν
539 4121 717 4191 τούτῳ
740 4122 817 4192 τῷ
839 4121 1184 4192 μοναστηρίῳ
1206 4122 1345 4190 ἀνὴρ
1369 4120 1668 4191 θαυμάσιος
1687 4120 1907 4191 ὀνόματι

338 4209 543 4274 Νίκων,
589 4209 875 4281 ἄνθρωπος
934 4210 1153 4281 άληθῶς
1187 4210 1328 4264 κατὰ
1365 4209 1463 4281 τὴν
1512 4211 1904 4282 προσηγορίαν,

337 4301 435 4353 καὶ
466 4302 564 4373 τὴν
593 4301 868 4355 πολιτείαν
919 4302 1282 4371 κτησάμενος.
1320 4302 1503 4356 Νικῶν
1546 4301 1656 4373 γὰρ
1691 4303 1906 4375 ὑπῆρχε

2006 3138 2093 3176 me
2120 3122 2325 3205 genuit.
2354 3118 2464 3176 Nec
2490 3121 2558 3176 de
2597 3122 2697 3177 hae
2735 3136 2794 3177 re
2829 3120 3020 3177 laboro
3046 3131 3283 3187 tantum,
3310 3125 3578 3191 quantum
3683 3152 3694 3163 -

2007 3211 2170 3265 timeo
2199 3226 2270 3266 ne
2290 3226 2385 3267 cor
2416 3221 2569 3267 tuum
2596 3228 2751 3267 nova:
2786 3220 2968 3282 nupta:
2996 3211 3328 3265 desiderium
3364 3212 3580 3265 abstra-

2008 3303 2101 3365 hat
2121 3321 2151 3359 a
2172 3305 2311 3360 bona
2337 3306 2440 3360 hac
2469 3305 2573 3360 via.
2602 3304 2726 3359 llaec
2748 3304 2916 3374 igitur
2944 3291 3105 3372 atqu'e
3141 3302 3224 3356 his
3254 3302 3403 3372 plura
3438 3301 3580 3356 inter

2008 3411 2067 3451 se
2095 3397 2268 3451 amice
2294 3397 2659 3462 conferentes,
2700 3397 3028 3466 perveniunt
3063 3394 3129 3449 ad
3149 3387 3578 3455 monasterium.

1968 3487 2151 3555 -quod
2195 3496 2422 3541 vocatur
2483 3488 2695 3542 abbatis
2742 3485 3032 3541 Gerasimi.
3088 3483 3220 3537 Nam
3273 3485 3376 3537 hoc
3414 3485 3620 3537 etiam‘

2007 3587 2297 3630 oraverant
2330 3595 2343 3629 :
2385 3576 2609 3631 Domine
2650 3576 2810 3638 Deus,
2854 3577 2908 3627 in
2937 3588 3046 3643 quo
3072 3572 3233 3642 jubes
3268 3588 3367 3628 nos
3392 3589 3580 3628 mona-
3654 3637 3668 3649 θ

2008 3667 2175 3719 sterio
2195 3667 2470 3728 collocari,
2505 3666 2848 3719 inveniamus
2874 3665 3098 3732 januam
3126 3673 3368 3733 apertam
3390 3669 3582 3734 ;-quod
3654 3698 3659 3733 ;

2008 3766 2063 3809 et
2093 3754 2292 3810 factum
2326 3754 2444 3809 fuit.
2481 3755 2610 3810 Erat
2654 3756 2839 3824 itaque
2889 3756 2941 3808 in
2990 3755 3093 3810 hoc
3134 3759 3463 3813 monasterio
3500 3760 3584 3814 vir
3654 3744 3669 3837 ξ
3715 3823 3723 3830 _

2008 3845 2288 3911 mirabilis,
2326 3845 2549 3903 nomine
2593 3846 2787 3913 Nicon,
2824 3846 2991 3903 homo
3044 3849 3132 3903 cui
3183 3864 3314 3905 vere
3341 3866 3581 3922 congrua
3641 3840 3671 3902 Δ

2008 3935 2413 4007 cognominatio
2458 3937 2568 4009 (ll)
2618 3938 3018 3995 conversationi
3063 3948 3181 3995 erat
3210 3941 3401 3997 indita.
3446 3942 3582 3997 Nam

1976 4028 2264 4100 .vincebat
2295 4045 2512 4084 omnem
2545 4030 2868 4085 diabolieam
2906 4030 3195 4102 legionem,
3225 4033 3500 4089 miraculis
3526 4045 3585 4090 et

2008 4121 2177 4193 signis
2201 4122 2516 4194 cffulgebat,
2549 4133 2605 4178 et
2632 4123 2933 4193 prophetiae
2956 4124 3218 4196 dignitate
3257 4135 3375 4180 erat
3415 4142 3444 4179 a
3474 4126 3583 4182 Deo

2010 4212 2328 4278 honoratus,
2355 4213 2446 4280 qui
2474 4215 2635 4268 etiam
2684 4214 2871 4268 beatos
2897 4214 3063 4269 hosce
3101 4214 3265 4270 affore
3297 4217 3583 4286 praenovit.

2009 4302 2317 4365 Dixitenim
2343 4306 2543 4361 vidisse
2572 4321 2630 4361 se
2662 4306 2716 4360 in
2749 4307 2959 4362 somnis
2982 4307 3069 4361 illa
3087 4308 3197 4372 die,
3216 4324 3319 4378 qua
3345 4310 3581 4365 advene-

338 4395 521 4446 πᾶσαν
547 4393 867 4465 δαιμονικὴν
900 4394 1227 4465 παράταξιν,
1262 4393 1505 4463 θαύμασι
1536 4395 1630 4447 καὶ
1660 4395 1897 4465 σημείοις

2013 4408 2165 4462 runt,
2195 4397 2453 4467 aliquem,
2481 4399 2570 4468 qui
2598 4398 2815 4453 dicebat
2848 4398 2949 4469 ipsi
2983 4417 2996 4453 :
3034 4400 3207 4473 Surge
3237 4412 3291 4456 et
3328 4403 3476 4472 aperi
3500 4404 3583 4472 ja-

338 4484 737 4554 καταλάμπων,
763 4487 857 4537 καὶ
880 4486 1215 4556 προφητείας
1241 4485 1510 4555 ἀξιώματι
1533 4486 1637 4539 ὑπὸ
1658 4485 1792 4539 Θεοῦ
1813 4504 1903 4538 τε-

335 4573 658 4643 τιμημένος
678 4575 737 4637 ὃς
760 4577 853 4628 καὶ
875 4578 1125 4646 προέγνω
1143 4576 1240 4646 τὴν
1261 4576 1466 4630 τούτων
1493 4576 1600 4630 τῶν
1622 4578 1906 4647 μακαρίων

2009 4504 2173 4541 nnam
2202 4489 2460 4553 mandrae,
2494 4503 2552 4544 ut
2580 4491 2951 4562 ingrediantur
2973 4506 3102 4546 oves
3136 4508 3304 4559 meae;
3331 4493 3475 4564 quod
3530 4502 3586 4548 et

2012 4579 2163 4635 fecit.
3464 4592 3467 4595 ‘

339 4664 660 4734 παρουσίαν·
692 4669 826 4736 φησὶ
853 4668 962 4737 γὰρ
990 4670 1294 4740 ἑωρακέναι
1323 4670 1483 4722 αὐτὸν
1511 4668 1652 4723 κατὰ
1676 4671 1801 4734 τοὺς
1841 4671 2039 4736 ὕπνους
2072 4676 2139 4744 τῇ
2172 4675 2379 4745 ἡμέρα,
2412 4677 2468 4726 ἐν
2572 4678 2959 4748 παρεγένοντο,
2993 4678 3112 4731 τινὰ
3142 4652 3370 4749 λέγοντα
3398 4681 3576 4752 αὐτῷ’

349 4754 583 4809 Ἀνάστα
612 4759 705 4810 καὶ
729 4757 938 4824 ἄνοιξον
966 4760 1065 4831 τὴν
1099 4759 1270 4831 θύραν
1298 4761 1395 4831 τῆς
1434 4762 1669 4831 ποίμνης
1708 4760 1798 4814 ἵνα
1827 4764 2113 4818 εἰσέλθωσι
2137 4766 2204 4818 τὰ
2234 4764 2483 4836 πρόϐατά
2509 4785 2610 4836 μου
2635 4783 2650 4797 °
2695 4770 2833 4840 ὅπερ
2872 4773 2967 4824 καὶ
2995 4772 3273 4843 ἐποίησεν.
3374 4762 3382 4770 ’

405 4903 485 4967 η’.
530 4898 616 4962 Ὠς
636 4893 730 4952 οῦν
762 4899 1197 4969 παραγενόμενοι
1234 4893 1394 4970 εὖρον
1413 4901 1511 4971 τὴν
1549 4900 1721 4970 θύραν
1744 4903 1908 4974 ἀνεῳ-

337 4985 569 5056 γμένην,
601 4985 799 5040 καὶτὸν
823 4986 996 5039 άὸὅᾶν
1024 4986 1407 5057 καθεζόμενον,
1434 4990 1528 5045 καὶ
1545 4993 1908 5061 περιμένοντα

337 5078 536 5142 αὐτούς
554 5094 568 5109 ο
588 5074 739 5132 εἶπεν
755 5081 783 5132 6
800 5078 1053 5150 Ἰωάννης
1075 5080 1152 5150 τῷ
1176 5080 1399 5150 Συμεὼν
1413 5097 1427 5111 ·
1455 5082 1635 5136 Καλὸν
1657 5086 1852 5153 σημεῖο

338 5167 555 5234 ἁδελφέ,
592 5169 703 5223 ἰδοὺ
743 5171 776 5240 ἡ
813 5168 953 5239 θύρα
990 5171 1239 5241 ἀνοικτὴ,
1284 5173 1378 5225 καὶ
1406 5172 1434 5223 6
1463 5172 1740 5244 ὁστιάριος
1772 5167 1907 5227 καθέ

338 5259 540 5327 ἡμενος
562 5275 577 5289 ο
617 5262 693 5321 ὡς
717 5257 810 5314 οὖν
838 5261 1197 5331 ἐπλησίασαν,
1228 5263 1378 5332 λέγει
1407 5265 1591 5329 αὐτοῖς
1613 5268 1641 5320 6
1677 5265 1910 5336 ἡγούμε-

337 5361 457 5409 νος*
489 5347 682 5411 Καλῶς
710 5344 875 5418 ἦλθον
911 5349 978 5402 τὰ
1025 5351 1275 5421 πρόϐατα
1317 5352 1408 5404 τοῦ
1455 5354 1710 5424 Χριστοῦ.
1744 5354 1903 5418 Λέγει

2084 4906 2139 4960 8.
2161 4906 2447 4976 Postquam
2470 4924 2599 4980 ergo
2625 4911 2996 4979 advenissent,
3013 4914 3346 4969 invenerunt
3358 4917 3579 4986 januam

2013 5009 2276 5065 apertam,
2307 5009 2360 5053 et
2388 4999 2638 5055 abbatem
2672 5003 2975 5066 sedentem,
3016 5014 3072 5060 et
3109 5007 3254 5076 ipsos
3290 5018 3585 5077 expectan-

2015 5096 2144 5142 tem.
2196 5084 2357 5144 ’Dixit
2411 5089 2650 5146 Joannes
2710 5091 2966 5162 Symeoni
3013 5112 3027 5149 :
3083 5097 3293 5151 Bonum
3342 5098 3580 5169 signum,

2012 5177 2200 5244 frater,
2224 5195 2352 5236 ecce
2374 5181 2541 5251 janua
2569 5192 2782 5254 aperta,
2805 5196 2860 5239 et
2896 5187 3150 5242 ostiarius
3191 5189 3407 5247 sedens.
3444 5191 3582 5249 Dum

2015 5269 2178 5338 igitur
2200 5273 2751 5343 appropinquassent,
2770 5277 2903 5332 dicit
2925 5277 3059 5347 ipsis
3081 5279 3418 5350 hegumenus
3430 5281 3580 5354 (l2):

2016 5363 2165 5416 nene
2186 5373 2461 5418 venerunt
2485 5379 2616 5419 oves
2638 5363 2864 5421 Christi.
2900 5366 3043 5424 Dicit
3068 5370 3252 5425 statim
3282 5369 3533 5443 Symeonl
3564 5391 3579 5430 :

1735 5499 1751 5515 °
1833 5485 2061 5546 ΝΟΤᾸΞ.

412 5568 523 5643 (l0)
562 5569 754 5640 Capite
785 5574 1016 5643 septimo
1037 5577 1300 5635 invenies.

409 5641 522 5732 Ω
563 5642 1051 5732 ᾼΠνξςιιονικᾴῳι,
1103 5648 1251 5700 vinco
1275 5688 1290 5711 ,
1347 5648 1507 5732 cujus
1557 5652 1903 5732 participium
1943 5666 2027 5709 est
2050 5660 2473 5732 vtxtbvminrens,
2498 5674 2589 5721 aut
2625 5666 2809 5723 uictor.

408 5708 523 5781 (ιε)
577 5708 926 5783 Ἠγούμενος,
945 5716 1132 5782 abbas,
1164 5708 1494 5774 monasterio
1518 5708 1841 5793 praefectus:
