3956 6220
500 342 634 407 16ἷ9
1506 349 1816 408 LEONTII
1855 350 2361 422 NEAPOLITANI
2404 350 2745 411 EPISCOPI
2984 416 2997 430 ,
3610 346 3753 412 16m

494 460 637 511 liene
673 455 889 521 venisti,
923 453 1084 520 Sale;
1130 470 1257 510 vere
1287 455 1474 510 decem
1514 457 1625 528 (l5)
1659 468 1747 512 tua
1773 459 1840 512 ab
1871 461 2056 513 abbate

2191 455 2258 512 ιῦν
2284 459 2486 522 εὐθέως
2513 459 2590 531 τῷ
2623 460 2845 529 Συμεών
2867 475 2879 490 ·
2909 458 3098 523 Καλῶς
3122 453 3302 531 ἦλθες,
3328 461 3488 527 Σαλὲ,
3521 461 3753 531 άληθῶς

489 553 717 606 .loanne.
768 551 963 606 Decem
1000 551 1143 605 enim
1193 559 1245 606 te
1294 562 1537 607 manent.
1606 552 1827 607 Dicebat
1882 543 2051 607 autem

2190 552 2293 604 ἐκα
2320 568 2378 603 σε
2411 551 2517 605 ἀπὸ
2543 550 2636 604 τοῦ
2668 552 2811 605 ἀῆὅᾶ
2841 551 3112 605 Ἰωάννου.
3137 551 3218 604 Τὰ
3246 553 3350 621 γὰρ
3380 552 3517 606 δέκα
3555 570 3621 604 σε
3652 569 3752 605 πε-

490 654 713 714 propter
754 642 1145 712 perfectionem
1196 644 1319 717 vita:
1364 658 1485 697 cum
1545 644 1744 698 virtute
1782 644 2052 716 degendm.

2188 643 2496 713 ιιμένουσιν.
2517 644 2740 711 Ἔλεγεν
2756 643 2811 696 δὲ
2832 643 2920 697 διά
2943 643 3040 713 τὴν
3065 645 3373 715 τελειότητα
3393 645 3519 698 κατ’
3533 647 3750 717 ἀρετὴν

487 735 779 803 Postquam
812 734 993 803 itaque
1034 734 1152 788 illos
1202 736 1507 803 excepisset
1569 744 1825 803 tanquam
1868 751 1897 788 a
1954 732 2049 788 Dec

2191 732 2301 787 too.
2326 733 2625 803 Δεξάμενος
2646 732 2740 787 οὖν
2762 734 2958 797 αὐτοὺς
2982 734 3056 796 ὡς
3078 735 3476 803 θεοπέμπτους,
3501 737 3753 790 ἀνέπαυ-

487 828 703 893 missos,
734 827 1012 897 quiescere
1061 826 1207 881 fecit.
1252 826 1317 881 Et
1349 827 1436 881 die
1465 838 1682 896 postera
1714 827 1879 896 coepit
1928 826 2049 896 ipsis

2187 840 2244 879 rs.
2277 824 2386 877 Καὶ
2412 827 2474 895 τῇ
2493 823 2617 893 ἑξῆς
2641 824 2840 895 ἤρξατο
2864 826 3046 888 αὐτοῖς
3076 824 3277 892 λέγειν,
3301 828 3408 895 πρὸ
3438 828 3532 879 τοῦ
3561 830 3749 880 εἰπεῖν

486 920 687 982 dicere,
721 918 1038 988 priusquam
1083 918 1133 973 ei
1173 919 1549 988 loquerentur,
1604 919 1794 987 utique
1844 918 1899 972 iu
1957 919 2048 972 Do-

2188 914 2328 985 μύτῷ,
2352 912 2428 976 ὡς
2453 914 2546 967 ἐπὶ
2580 914 2783 984 Κυρίου
2805 929 2818 944 ·
2853 916 3025 986 Καλὴ.
3057 916 3218 987 καλὴ,
3254 918 3347 968 καὶ
3374 916 3503 980 ἀξία
3531 920 3568 988 ἡ
3604 919 3750 988 πρὸς

484 1011 659 1064 mino:
688 1012 852 1077 Bona,
878 1012 1018 1065 bona
1039 1020 1095 1064 et
1121 1010 1281 1081 digna
1312 1019 1490 1064 vestra
1516 1010 1570 1063 in
1607 1009 1774 1064 Deum
1812 1010 2046 1065 dilectio.

2185 1002 2289 1054 θεὸν
2308 1003 2493 1074 ἀγάπη
2521 1003 2694 1073 ὐμῶν,
2732 1003 2893 1072 μόνον
2928 1005 3023 1057 ἐὰν
3063 1004 3137 1076 μὴ
3169 1006 3273 1056 ὑπὸ
3323 1005 3416 1057 τοῦ
3452 1006 3747 1060 ἀντιδίκου

485 1105 539 1158 Si
573 1104 732 1158 modo
769 1118 874 1158 non
914 1102 1240 1172 permittatis
1280 1116 1399 1154 eam
1450 1101 1719 1173 exstingui
1759 1103 1827 1156 ab
1856 1117 1887 1156 ο
1912 1106 2047 1176 iver-

2181 1094 2256 1165 ςῆς
2288 1099 2559 1164 σωτηρίας
2593 1096 2756 1165 ἡμῶν
2805 1096 3011 1167 ταύτην
3061 1096 3373 1168 χαυνώσητε
3405 1098 3743 1167 σϐεσθῆναι.

482 1196 627 1251 sario
658 1195 848 1249 salutis
896 1202 1113 1248 vestrae.
1156 1193 1337 1246 Bonus
1385 1208 1578 1247 cursus
1622 1202 1838 1259 vester;
1865 1182 2044 1247 verum

2188 1188 2335 1253 ἰαλὸς
2354 1190 2381 1242 ὁ
2406 1188 2602 1262 δρόμος
2634 1191 2809 1261 ὑμῶν,
2839 1191 2972 1244 ἀλλὰ
3014 1192 3088 1262 μὴ
3129 1190 3396 1261 ἐνδώσητε
3439 1195 3750 1262 τρέχοντες

482 1305 551 1341 ne
582 1286 799 1341 deficite
845 1294 1149 1345 currentes,
1196 1285 1370 1339 donec
1424 1284 1779 1338 coronemini.
1842 1282 2044 1338 Bonum

2183 1282 2310 1350 ὶχρις
2361 1276 2421 1333 οὐ
2476 1280 2876 1350 στεφανωθῆτε.
2930 1280 3087 1350 Καλὴ
3150 1282 3183 1350 η
3234 1280 3496 1350 πρξθεσις
3553 1282 3745 1350 ὑμῶν,

474 1379 822 1449 propositum
862 1385 1141 1442 vestrum;
1181 1391 1367 1431 vermn
1412 1390 1483 1429 ne
1513 1375 1822 1439 dormitate,
1857 1383 1915 1428 ut
1942 1390 2036 1428 non

2188 1372 2289 1427 λλά
2340 1374 2414 1445 μὴ
2446 1373 2743 1444 νυστάξητε
2770 1414 2783 1437 ,
2822 1374 2911 1426 ἵνα
2951 1372 3027 1442 μὴ
3056 1371 3281 1442 χλιανθῇ
3323 1372 3383 1423 τὸ
3442 1374 3748 1440 περικαῖον

481 1479 722 1540 tepescat
768 1469 927 1539 ignis,
963 1468 1053 1537 qui
1104 1467 1266 1522 corda
1315 1476 1493 1522 vestra
1549 1465 1711 1545 hodie
1758 1466 2043 1521 comburit.

2191 1464 2305 1536 μῶν
2336 1466 2432 1529 τὰς
2465 1465 2690 1535 καρδίας
2711 1467 2951 1535 σήμερον
2986 1463 3118 1533 πῦρ.
3156 1462 3351 1525 Καλῶς
3375 1462 3446 1515 τὰ
3497 1463 3745 1533 μένοντα

480 1564 624 1617 Bene
658 1562 747 1615 illa
797 1576 916 1630 qua:
964 1567 1205 1625 manent,
1248 1559 1620 1629 praeposuistis
1663 1559 1731 1612 iis
1780 1573 1901 1627 qua:
1951 1572 2042 1626 pe-

2183 1558 2553 1628 τροετιμήσατε
2586 1557 2692 1610 τῶν
2717 1556 3126 1626 ἀπολλυμένων.
3173 1555 3345 1608 Καλώ⁷
3378 1556 3480 1625 μὲν
3507 1557 3563 1608 o!
3596 1558 3745 1611 κατὰ

480 1663 658 1708 reuut.
704 1651 834 1705 Boni
868 1651 1089 1721 quidem
1136 1650 1299 1705 vestri
1338 1650 1640 1705 secundum
1689 1664 1907 1704 carnem
1950 1664 2042 1719 pa-

2178 1650 2330 1720 ’άρκα
2365 1648 2517 1719 ὑμῶν
2547 1649 2746 1716 γονεῖς,
2784 1647 2876 1700 καὶ
2900 1647 3062 1701 καλὸν
3086 1648 3144 1700 τὸ
3172 1647 3382 1711 τούτοις
3412 1648 3740 1701 δουλεῦσαισ

477 1752 680 1806 rentes,
715 1750 769 1795 et
807 1742 1010 1795 bonum
1044 1739 1148 1793 illis
1194 1741 1402 1795 servire
1436 1758 1451 1794 :
1499 1751 1553 1795 at
1598 1741 1716 1795 sine
1761 1756 2039 1810 compara-

2180 1742 2367 1794 :a’t).).tov
2396 1741 2450 1794 δὲ
2483 1739 2817 1802 ἁνεικάστως
2845 1740 2921 1811 τῷ
2965 1739 3273 1810 ἐπουρανίῳ
3317 1740 3501 1806 Πατρὶ
3533 1741 3742 1811 εὐαρε-

477 1835 621 1889 tione
654 1834 846 1888 melius
877 1842 957 1886 est
988 1831 1130 1885 Patri
1179 1832 1382 1887 caelesti
1427 1832 1721 1902 placuisse.
1768 1833 1897 1887 Boni
1936 1833 2039 1887 fra-

2180 1834 2343 1905 τῆσαι
2362 1850 2374 1861 ·
2398 1832 2553 1885 καλοὶ
2576 1833 2623 1885 οἱ
2659 1800 2878 1901 ὰδελςροὶ
2893 1800 2944 1884 οἱ
2975 1800 3294 1901 σωματικά,
3335 1800 3456 1884 (in;
3484 1831 3537 1882 οἱ

458 1939 586 1983 ‘tres
626 1941 904 1997 corpore:
964 1934 1018 1979 at
1065 1924 1261 1979 fratres
1308 1925 1506 1994 Spiritu
1564 1924 2020 1980 eonducibiliores

2181 1925 2394 1990 ιατικοὶ,
2428 1925 2861 1997 συμφορώτεροι.
2898 1925 3065 1978 Καλοὶ
3092 1924 3142 1978 οἱ
3175 1922 3340 1992 φίλοι,
3382 1924 3438 1974 οἱ
3477 1923 3574 1975 διὰ
3603 1925 3743 1994 Χρι-

470 2022 607 2075 Βυιιί
672 2019 827 2073 amici
878 2027 1101 2088 propter
1154 2015 1455 2080 Christum,
1515 2032 1653 2087 quos
1719 2017 1937 2072 habetis
1992 2017 2032 2071 ir

2182 2021 2295 2085 τὸν,
2344 2020 2438 2085 οὓς
2493 2020 2641 2091 ἔχετε
2687 2020 2744 2073 ὲν
2797 2018 2873 2090 τῷ
2903 2017 3124 2089 κόσμῳ·
3162 2017 3298 2069 ἀλλὰ
3347 2015 3577 2070 κάλλιον
3609 2017 3744 2078 τοὺς

474 2111 677 2166 mundo
716 2128 730 2164 :
766 2092 964 2164 verum
995 2107 1191 2163 melius
1239 2118 1462 2161 sanctos
1500 2108 1700 2162 habere
1744 2108 1951 2162 amicos
1993 2116 2036 2162 et

2188 2114 2334 2183 γίους
2357 2114 2500 2184 ἔχειν
2537 2113 2723 2182 φίλους
2782 2113 2874 2165 καὶ
2907 2111 3153 2181 εὐμενεῖς
3197 2109 3336 2180 πρὸς
3380 2110 3475 2163 τὸν
3524 2110 3743 2161 Δεσπό-

468 2204 737 2274 henignos
764 2201 907 2271 apud
946 2197 1256 2253 Dominum.
1304 2196 1435 2251 Boni
1483 2197 1741 2267 praesides
1786 2212 1921 2267 quos
1950 2198 2030 2251 ha-

2183 2225 2267 2278 ην.
2299 2206 2469 2259 Καλοὶ
2496 2207 2545 2257 oi
2580 2204 2901 2275 προστάται,
2925 2201 3019 2266 οὓς
3049 2201 3196 2272 ἔχετε
3234 2201 3291 2252 ὲν
3322 2201 3559 2269 ,ἀνάγκῃ
3598 2199 3745 2268 πρὸς

470 2292 619 2347 hetis
651 2292 704 2344 in
750 2289 1076 2344 necessitate
1121 2297 1310 2341 contra
1350 2301 1446 2341 eos
1498 2286 1587 2356 qui
1637 2286 1842 2341 habent
1889 2296 2032 2357 pote-

2180 2300 2269 2362 οὺς
2303 2299 2565 2359 δυνάστας
2587 2314 2599 2327 ’
2631 2297 2743 2350 ἀλλ’
2796 2298 2897 2349 οὐκ
2943 2296 3082 2348 εἰσὶν
3131 2292 3328 2356 οὕτως,
3358 2292 3436 2356 ὡς
3470 2292 3537 2343 τὸ
3589 2292 3742 2360 ἔχειν

470 2395 664 2440 statem
709 2401 723 2438 :
760 2398 945 2437 verum
984 2396 1092 2435 non
1125 2389 1252 2436 sunt
1301 2380 1456 2447 tanti,
1493 2381 1682 2451 quanti
1727 2390 1811 2436 est
1844 2380 2032 2435 habere

2179 2389 2269 2453 οὺς
2299 2389 2487 2458 ἁγίους
2512 2388 2774 2458 ἀγγέλους
2812 2388 2954 2458 ὑπὲρ
2985 2386 3142 2458 ἡμῶν
3168 2385 3517 2447 ἱκετεύοντας
3540 2401 3557 2415 ⁸
3592 2386 3741 2452 καλὴ

464 2483 691 2532 sanctos
734 2474 955 2545 angelos
994 2489 1094 2544 pro
1148 2473 1309 2528 nobis
1359 2473 1746 2543 supplicantes.
1807 2471 1955 2527 Bona
1991 2487 2021 2527 e

2185 2478 2241 2531 αὶ
2278 2477 2539 2548 ἐπαινετὴ
2563 2479 2596 2548 ἡ
2619 2476 3053 2547 τῶν-χρημάτων
3082 2474 3160 2546 τῷ
3187 2474 3513 2541 εὐποροῦντι
3571 2476 3743 2543 μετά-

467 2567 752 2623 laudabilis
800 2565 952 2621 diviti
992 2565 1306 2619 distributio
1351 2564 1731 2635 pecuniarum,
1776 2573 1831 2619 et
1868 2556 2029 2634 pietas

2178 2588 2319 2635 οσις,
2373 2569 2468 2624 καὶ
2497 2573 2532 2641 ἠ
2572 2570 2650 2633 είς
2721 2571 2849 2632 τοὺς
2908 2568 3155 2638 πτωχοὺς
3206 2566 3460 2620 εὐσέϐεια
3507 2568 3611 2619 καὶ
3643 2568 3740 2618 εὐ-

464 2659 519 2712 ὶη
555 2673 820 2730 pauperes
856 2664 911 2711 et
965 2655 1362 2710 beneﬁcentia:
1397 2654 1493 2710 sed
1542 2655 1861 2727 neutiquam
1904 2653 2026 2709 Deus

2181 2664 2329 2717 :miat'
2376 2663 2491 2715 ἀλλ’
2543 2661 2697 2716 οὐδὲν
2746 2661 2889 2716 οὕτω
2946 2661 3098 2731 ζητεῖ
3147 2662 3175 2713 ὁ
3218 2659 3352 2722 Θεὸς
3381 2658 3521 2728 παρ’
3575 2657 3743 2729 ἡμῶν

358 2799 369 2810 ,
464 2756 575 2802 tam
615 2746 807 2817 quaerit
854 2747 1013 2801 aliam
1059 2761 1091 2799 a
1120 2745 1282 2801 nobis
1324 2745 1679 2811 oblationem,
1712 2761 1874 2815 quam

2180 2756 2483 2830 προσφορὰν,
2543 2754 2617 2819 ὡς
2674 2754 2735 2807 τὸ
2775 2753 3136 2826 προσενέγκαι
3175 2750 3322 2821 αὐτῷ
3369 2749 3472 2813 τὰς
3517 2750 3742 2802 ἑαυτῶν

464 2854 676 2894 marum
726 2845 1053 2893 nostrarum.
1095 2836 1279 2891 Dulcis
1319 2836 1537 2906 quidem
1592 2837 1719 2891 vitae
1773 2836 2026 2891 bonorurr

2173 2848 2339 2919 ρυχάς·
2360 2847 2587 2915 γλυκεῖα
2613 2846 2712 2917 μὲν
2803 2845 2910 2898 τῶν
2938 2844 3030 2898 τοῦ
3056 2843 3170 2914 βίου
3196 2842 3378 2897 καλῶν
3396 2842 3735 2903 ἀπάὶαυσις·

464 2932 692 2987 fruitio:
743 2943 931 2984 verum
982 2927 1184 2998 aequari
1236 2942 1346 2982 non
1400 2936 1583 2997 potest
1625 2926 1835 2981 deliciis
1882 2942 2026 2996 para-

2174 2939 2259 2991 .λλ’
2303 2939 2403 2991 οὐκ
2457 2938 2604 3008 ἔστιν
2680 2938 2770 3006 ἴση
2817 2937 2916 3006 τῆς
2970 2936 3181 3006 τρυφῆς
3227 2933 3321 2987 τοῦ
3364 2933 3736 3003 παραδείσου.

461 3022 585 3076 disi.
606 3021 867 3076 Jucumlze
885 3019 1103 3089 quidem
1131 3017 1351 3078 divitiae.
1368 3026 1418 3071 ct
1448 3017 1836 3072 desiderabiles
1857 3017 2023 3072 multis

2176 3029 2387 3100 “ερπνὸς
2415 3030 2513 3099 μὲν
2538 3030 2565 3080 ὀ
2594 3027 2819 3090 πλοῦτος
2853 3029 2946 3081 καὶ
2984 3025 3323 3095 ὲπιθυμητὸς
3355 3027 3471 3086 τοῖς
3512 3024 3738 3085 πολλοῖς

459 3110 812 3169 hominibus;
844 3121 1033 3164 verum
1066 3124 1176 3162 non
1203 3116 1332 3162 sunt
1357 3108 1593 3177 aequales
1629 3107 1715 3173 iis,
1745 3123 1880 3177 quas
1907 3123 2021 3162 ocu-

2176 3125 2251 3178 ῶν
2277 3122 2610 3193 ἀνθρώπων
2644 3121 2758 3175 ἀλλ’
2788 3121 2887 3174 οὐκ
2926 3121 3073 3174 ἐστιν
3127 3119 3237 3182 ἴσος
3269 3110 3345 3171 ὧν
3377 3121 3408 3171 ὁ
3445 3116 3736 3187 ὀφθαλμὸς

456 3200 551 3256 'lus
575 3217 683 3254 non
725 3200 880 3263 vidit,
927 3215 1028 3254 nec
1057 3200 1207 3253 auris
1237 3198 1465 3265 audivit,
1515 3215 1615 3254 nec
1652 3200 1709 3254 in
1741 3215 1836 3254 cor
1862 3199 2018 3253 homi

2174 3219 2239 3270 ὐκ
2265 3212 2543 3279 εἷδεν,-καὶ
2568 3212 2660 3276 οὓς
2681 3214 2781 3266 οὐκ
2819 3213 3068 3283 ἤκουσεν,
3100 3210 3194 3264 καὶ
3219 3209 3313 3262 ἐπὶ
3351 3208 3591 3277 καρδίαν
3637 3211 3736 3262 ἁν-

464 3292 552 3348 nis
575 3291 944 3345 ascenderunt
977 3292 1042 3343 η.
1439 3360 1444 3365 ἡ

1439 3360 1444 3365 .
2143 3304 2362 3374 θρώπου
2393 3306 2492 3357 οὐκ
2524 3302 2711 3374 ἀνέϐη.

523 3382 586 3438 9.
632 3381 977 3438 Delectabilis
1042 3380 1389 3452 pulchritudo
1432 3382 1735 3451 iuventutis
1785 3400 1799 3436 :
1851 3395 2037 3437 verum

2211 3398 2276 3453 θ’.
2311 3398 2557 3467 Τερπνὸν
2585 3397 2646 3450 τὸ
2667 3383 2862 3458 κάλλος
2883 3395 2982 3463 τῆς
3004 3394 3253 3464 νεότητος
3270 3408 3286 3424 ·
3319 3391 3434 3446 ἀλλ’
3465 3392 3626 3444 οὒδὲν
3646 3394 3725 3453 ὡς

462 3472 602 3528 nihil
655 3473 832 3529 simile
892 3485 975 3530 est
1047 3472 1441 3542 pulchritudini
1492 3472 1736 3535 Christi,
1806 3473 2024 3527 caelesti:

2166 3490 2201 3542 ;ὸ
2215 3491 2306 3542 τοῦ
2322 3487 2643 3560 ἐπουρανίου
2661 3486 2894 3557 νυμφίου
2909 3487 2952 3538 Χ
2963 3484 3166 3555 ριστοῦ·
3188 3484 3353 3554 φησὶν
3365 3483 3479 3555 γάρ
3491 3486 3522 3536 ὁ
3538 3485 3728 3537 Δαυῒδ·

462 3563 668 3633 sponsi.
694 3562 835 3618 Dicit
876 3565 1023 3620 enim
1062 3562 1225 3618 David
1265 3580 1277 3615 :
1310 3581 1330 3614 ι
1367 3561 1658 3633 Speciosus
1710 3562 1881 3618 forma
1929 3581 2024 3634 pra

2188 3583 2400 3652 Ὠραῖος
2442 3580 2628 3633 κάλλει
2668 3580 2815 3649 παρὰ
2858 3577 2982 3640 τοὺς
3021 3578 3168 3642 υἱοὺς
3217 3576 3726 3648 τῶνάνθρώπων.»

464 3654 588 3710 filiis
620 3655 983 3709 hominum".
1017 3673 1034 3705 ›
1075 3653 1324 3725 Magnum
1360 3654 1593 3708 militare
1625 3660 1843 3709 terreno
1878 3655 1987 3726 regi
2023 3675 2026 3708 :

2168 3675 2296 3741 ίΙέγα
2350 3673 2412 3726 τὸ
2458 3670 2848 3745 στρατεύεσθαι
2894 3670 2975 3741 τῷ
3022 3670 3248 3740 ὲπιγείῳ
3284 3667 3537 3738 βασιλεῖ’
3589 3669 3730 3723 ἀλλὰ

459 3761 653 3801 verum
688 3746 811 3800 talis
845 3745 1030 3799 militia
1061 3746 1126 3800 ad
1160 3753 1372 3816 tempus
1402 3754 1505 3811 est,
1544 3753 1598 3800 et
1624 3746 1943 3816 periculosa.

2142 3765 2477 3834 πρόσκαιρος
2499 3765 2531 3834 ἡ
2554 3761 2779 3834 τοιαύτη
2813 3762 3091 3834 στρατεία,
3122 3762 3218 3815 καὶ
3243 3760 3615 3826 ἐπικίνδυνος.

536 3834 692 3891 llisce
724 3846 778 3890 et
806 3836 1002 3891 talibus
1059 3852 1288 3892 mouens
1335 3838 1454 3892 illos
1508 3846 1768 3901 sanctus,
1824 3854 2039 3893 cessare

2213 3855 2436 3920 Τούτοις
2488 3855 2582 3909 καὶ
2631 3858 2775 3917 τοῖςσ
2802 3854 3063 3919 τοιούτοις
3113 3854 3377 3909 νουθετῶν
3435 3854 3645 3919 αὐτοὺς
3698 3857 3727 3907 ὀ

460 3927 530 3981 ab
563 3927 930 3982 admonitione
964 3929 1182 3983 nolebat
1203 3970 1215 3993 ,
1247 3938 1503 3999 spectans
1533 3946 1601 3985 ex
1637 3928 1811 3984 oculis
1846 3946 2017 3984 eorun

2163 3950 2307 4011 ἱσιος,
2338 3946 2651 4001 παύσασθαι
2683 3946 2783 4016 τῆς
2828 3945 3110 4011 νουθεσίας
3141 3947 3243 4000 οὐκ
3273 3946 3556 4010 ἐϐούλετο,
3588 3947 3725 4000 θεω-

461 4018 639 4073 fontes
666 4020 1023 4090 lacrymarum
1052 4019 1354 4077 elilucutes.
1388 4022 1464 4076 Ac
1494 4023 1660 4076 veluti
1698 4021 1741 4075 si
1792 4023 2017 4076 divinuu

2164 4041 2251 4093 νῶν
2275 4043 2337 4093 ἐκ
2360 4041 2467 4112 τίῖζθ
2492 4039 2785 4110 ὀφθαλμῶν
2815 4039 2995 4093 αὐτῶν
3027 4043 3211 4109 πηγὰς
3246 4039 3500 4112 δακρύων
3528 4040 3726 4109 ἐκχεο-

462 4123 769 4162 sermonem
805 4106 1002 4180 [prius]
1037 4124 1144 4162 non
1188 4109 1544 4174 audivissent,
1578 4112 1649 4165 ita
1680 4112 2024 4167 atteudehaul

2427 4095 2456 4115 .
2535 4095 2547 4110 .
2669 4095 2681 4110 .
3092 4095 3133 4109 ..
3191 4095 3207 4102 -
3351 4095 3364 4112 .
3603 4095 3634 4109 λ

2164 4130 2339 4193 ιέναςο
2365 4129 2439 4191 ὡς
2471 4130 2636 4199 μήπω
2672 4128 2781 4198 γὰρ
2801 4126 3133 4191 ἀκούσαντες
3159 4125 3318 4193 λόγου
3344 4125 3517 4187 θείου,
3552 4126 3726 4187 ὅντως

457 4198 527 4249 iis
557 4212 678 4267 qua:
733 4196 897 4269 [tum]
935 4198 1275 4254 dicebautur.
1327 4199 1528 4254 lterum
1567 4218 1694 4272 ergo
1737 4219 2019 4258 conversu:

2174 4220 2250 4279 οἷς
2283 4196 2597 4286 λεγομένοις
2638 4196 2947 4288 προσεῖχον.
2972 4210 3140 4271 Πάλιν
3173 4216 3267 4270 οὖν
3294 4216 3568 4286 στραφεὶς
3587 4216 3730 4286 πρὸς

458 4288 526 4341 ad
578 4286 924 4360 Symeonem,‘
959 4290 1091 4344 dicit
1122 4308 1136 4349 :
1174 4290 1252 4345 Ne
1281 4299 1333 4345 te
1355 4288 1574 4358 amicta,
1601 4310 1781 4364 neque
1805 4295 2020 4366 Iaerym:

2173 4308 2230 4359 ὸν
2272 4306 2515 4377 Συμεὼν,
2572 4286 2752 4376 λέγει’
2916 4307 3100 4361 θ).ίὸου
3125 4350 3137 4372 ,
3183 4307 3316 4379 μηδὲ
3357 4306 3568 4377 δάκρυε
3626 4308 3727 4377 τὴν

458 4380 712 4434 canitiem
764 4380 998 4435 dominae
1044 4388 1163 4437 tme'
1196 4385 1407 4439 matris.
1464 4384 1596 4439 Nam
1656 4389 1826 4442 multo
1869 4391 2020 4460 magis

2168 4399 2230 4453 το)
2248 4400 2332 4450 εὰν
2353 4398 2452 4467 τῆς
2483 4398 2677 4469 κυρίας
2704 4416 2799 4452 σου
2826 4400 3032 4470 μητρός
3056 4416 3070 4430 ’
3104 4398 3324 4467 καὶγὰρ
3344 4398 3529 4467 πολλῷ
3560 4399 3730 4452 πλέον

461 4469 604 4524 illam
654 4471 922 4526 consolari
984 4481 1159 4541 potest
1210 4474 1374 4540 Deus,
1433 4492 1531 4546 per
1590 4480 1887 4532 certamina
1944 4491 2023 4533 tua

2170 4489 2231 4540 οὗ
2268 4488 2558 4558 προσώπω
2600 4506 2692 4542 σου
2725 4489 2947 4543 δύναται
2994 4488 3511 4560 ,παραμυθήσασθαι
3552 4490 3728 4559 αὐτὴν

456 4571 736 4645 exoratus,
770 4578 932 4633 quant
980 4572 1109 4620 tuus
1159 4577 1505 4634 conspectus.
1562 4568 1776 4623 Etenim
1809 4571 1855 4624 si
1895 4586 2017 4640 aput

2190 4579 2340 4642 Θεὸς,
2374 4579 2793 4649 δυσωπούμενος
2821 4581 2927 4635 ὑπὸ
2956 4580 3062 4634 τῶν
3099 4580 3207 4634 σῶν
3239 4579 3490 4649 ἀγώνων.
3520 4582 3589 4635 Εἰ
3612 4582 3728 4653 γὰρ

462 4651 606 4704 illam
665 4669 836 4722 usque
868 4654 935 4709 ad
985 4666 1213 4712 mortem
1245 4658 1365 4728 ejus
1408 4674 1811 4730 perseverares,
1856 4662 1953 4716 inci
1982 4679 2024 4714 r-

2164 4671 2230 4722 ιαί
2254 4669 2429 4740 ταύτῃ
2457 4669 2585 4741 ἄχρι
2604 4671 2704 4739 τῆς
2736 4671 2996 4740 τελευτῆς
3025 4670 3197 4740 αὐτῆς
3227 4651 3726 4743 προσεκαρτέρεις.

464 4752 576 4796 tum
603 4744 900 4805 enimvero.
932 4764 1000 4801 an
1053 4758 1107 4802 tu
1140 4757 1266 4803 ante
1307 4750 1453 4804 illam
1502 4766 1532 4805 e
1572 4752 1686 4806 vita
1722 4768 1831 4806 non
1881 4769 2026 4807 exce-

2164 4760 2267 4812 9.7a
2302 4759 2519 4831 ἄδηλον,
2557 4764 2605 4814 εί
2638 4763 2701 4814 σὺ
2740 4763 2844 4833 πρὸ
2875 4763 3047 4833 αὐτῆς
3099 4763 3187 4815 τὸν
3228 4762 3344 4832 βίον
3386 4762 3726 4833 ὐπεξέρχου,

460 4834 639 4896 deres,
663 4834 957 4891 destitutus
989 4840 1313 4905 virtutibus;
1346 4852 1401 4897 et
1431 4844 1744 4911 excederes,
1781 4864 1886 4899 non
1944 4848 2022 4901 ha

2169 4868 2341 4921 ρημος
2364 4851 2472 4905 τῶν
2503 4852 2713 4922 ἀρετῶν
2742 4853 3026 4925 ὑπάρχων,
3053 4855 3146 4907 καὶ
3178 4854 3430 4925 ἀπήρχου
3469 4856 3550 4924 μὴ
3583 4856 3731 4926 ἔχων

462 4923 597 4976 hens
623 4926 716 4995 qui
776 4935 828 4981 te
872 4943 902 4982 a
946 4928 1144 4984 futuris
1194 4935 1351 4988 malis
1397 4936 1566 5004 possit
1617 4936 1866 4991 liberare.
1914 4936 2024 4992 Non

2173 4943 2228 4994 ὸν
2254 4941 2555 5013 δυνάμενον
2589 4961 2649 4997 σε
2687 4943 2798 4996 τῶν
2835 4945 3139 5014 μελλόντων
3185 4946 3370 4999 κακῶν
3423 4945 3731 5013 ῥύσασθαι.

464 5017 608 5067 enim
657 5017 880 5084 matris,
924 5033 1035 5073 non
1079 5022 1263 5088 .patris
1320 5024 1575 5087 dilectio,
1636 5042 1743 5080 non
1805 5028 2026 5082 fratrum

2171 5031 2275 5084 ιύδὲ
2310 5031 2416 5101 γὰρ
2451 5034 2683 5103 μητρὸς,
2734 5036 2796 5087 οὐ
2854 5035 3058 5106 πατρὸς
3091 5036 3305 5106 ἀγάπη,
3340 5036 3442 5091 οὐκ
3469 5038 3733 5107 ἀδελφῶν

468 5104 775 5167 turha,non
820 5108 1041 5174 divitize,
1081 5125 1187 5163 non
1233 5111 1421 5180 gloria,
1452 5130 1562 5169 non
1594 5116 1876 5187 coniugale
1913 5117 2030 5171 viu-

2168 5122 2362 5193 πλῆθος,
2393 5125 2453 5176 οὐ
2476 5123 2742 5189 πλοῦτος,
2798 5125 2859 5178 οὐ
2891 5125 3051 5191 δόξα,
3084 5127 3144 5179 οὐ
3178 5126 3440 5195 γυναικὸς
3494 5126 3730 5198 δεσμὸς,

464 5193 667 5256 culum,
706 5212 811 5249 non
855 5199 1085 5253 filiorum
1116 5200 1366 5267 affectus,
1391 5204 1630 5272 judicent
1654 5208 1870 5276 placare
1910 5225 2026 5278 pos-

2170 5214 2197 5265 ὐ
2235 5213 2441 5269 τέκνων
2460 5216 2725 5271 εὐπάθεια
2750 5218 2841 5271 τὸν
2868 5219 3062 5290 κριτὴν
3103 5219 3328 5273 δύναται
3369 5219 3730 5291 δυσωπῆσαι,

466 5291 589 5334 sunt
616 5301 628 5344 ;
675 5284 768 5336 sed
807 5285 914 5339 vita
954 5287 1135 5340 virtuti
1168 5304 1428 5363 consona,
1460 5300 1516 5346 et
1544 5297 1783 5365 suseepti
1810 5308 2028 5367 prepter

2179 5305 2317 5375 λλ³ή
2360 5307 2614 5376 ἐνάρετος
2665 5284 2934 5373 πολιτεία,
2983 5284 3079 5364 καὶ
3116 5311 3165 5363 οἱ
3211 5309 3358 5364 κατὰ
3405 5310 3548 5365 Θεὸν

471 5371 636 5426 Deum
666 5373 876 5430 labores
917 5393 981 5430 ac
1036 5379 1316 5434 molestiae.
1347 5381 1546 5439 lterum
1598 5402 1728 5459 ergo
1771 5390 1835 5444 ad
1867 5388 2032 5445 Joan-

2179 5397 2234 5448 αὶ
2259 5371 2511 5466 κάματοι.
2534 5371 2703 5453 Πάλιν
2727 5396 2820 5455 οὖν
2847 5371 2981 5472 πρὸς
3011 5403 3103 5457 τὸν
3128 5403 3388 5475 Ἰωάννην
3415 5404 3551 5475 ἔφη·
3574 5406 3736 5479 Μήτς

538 5547 577 5579 ¹¹
616 5548 783 5603 lCor.
816 5568 873 5615 ιι,
907 5552 959 5605 9.
985 5554 1027 5585 ¹²
1062 5553 1257 5612 Psalm.
1298 5518 1527 5629 XLIV,'5.

1979 5636 2203 5694 NOT/E.

542 5724 654 5798 U3)
695 5728 826 5784 Dum
858 5734 956 5804 ipsi
975 5749 1174 5797 sortem
1200 5744 1481 5813 ducerent,
1506 5758 1652 5804 sorte
1678 5752 1805 5808 vicit
1828 5754 2020 5811 decem
2046 5755 2279 5827 Symeon
2311 5776 2339 5814 a
2374 5760 2610 5827 Joanne,
2646 5764 2724 5819 uti
2761 5764 2968 5821 dictum
2997 5781 3175 5837 supra.
3234 5819 3245 5828 ,
