3956 6220
269 445 400 513 1681

1531 459 1702 518 νιΤΑ
1741 460 1802 520 S.
1830 459 2126 519 SYMEON
2134 459 2225 519 1:3.

3383 454 3521 520 1682

268 564 371 627 σοὶ,
405 563 615 625 τέκνον,
646 565 675 615 ό
719 562 912 633 ἐχθρὸς
967 563 1074 616 τῶν
1102 563 1293 633 ψυχῶν
1343 565 1499 636 ἡμῶν
1555 566 1831 640 ὑπυόάλῃο

1940 582 2063 622 nem
2101 569 2237 622 dixit
2270 586 2282 620 :
2321 565 2505 635 Neque
2560 565 2676 629 tibi,
2721 565 2816 629 illi,
2863 565 3171 621 animarum
3206 576 3513 623 nostrarum

266 654 363 717 Τίς
387 654 495 724 ἄρα
517 654 642 717 τοὺς
674 654 840 723 ὲμοίις
892 656 1069 723 γονεῖς
1120 656 1554 728 γηροόοσκήσεις
1606 660 1689 722 τίς
1739 658 1837 730 τὴν

267 745 405 813 ἐμὴν
440 743 668 814 σύμϐιον
695 743 1186 814 παραμυθήσεται;
1232 749 1317 811 τίς
1371 749 1441 802 τὰ
1491 750 1719 804 ἐκείνων
1745 750 1838 805 δά-

266 851 410 905 κρυα
436 834 812 902 καταπαύσας
839 834 903 888 Et
935 835 1033 906 μὲν
1052 837 1162 909 γάρ
1188 839 1324 909 πρὸς
1353 837 1538 910 ἕτερον
1569 839 1699 893 Θεὸν
1717 840 1838 894 τού-

265 944 392 989 τους
420 926 864 995 ἐγκατελείψατε,
884 929 976 982 καὶ
1008 928 1142 998 πρὸς
1170 929 1358 1001 ἓτερον
1374 930 1645 986 δουλεύειν
1670 933 1840 1003 ἀπήρ-

266 1015 448 1084 χεσθε,
477 1016 655 1080 καλῶς
685 1015 752 1070 ἂν
783 1018 1145 1089 ὲμεριμνᾶτε,
1196 1023 1243 1072 εἰ
1297 1020 1405 1090 ἄρα
1437 1021 1708 1092 φροντίζει
1740 1022 1837 1075 αύ-

265 1104 373 1157 τῶν
401 1105 497 1159 καὶ
525 1106 951 1177 παραμυθεῖται,
980 1108 1013 1178 ἢ
1044 1108 1126 1163 οὔ.
1158 1110 1271 1163 Νῦν
1297 1111 1353 1163 δὲ
1389 1112 1527 1181 πρὸς
1560 1111 1746 1173 αὐτὸν,
1793 1106 1839 1181 ᾧ

264 1194 485 1258 τούτους
519 1195 940 1265 ἐγκατελείψατε
970 1198 1428 1267 προσδραμόντες,
1469 1199 1562 1252 καὶ
1614 1200 1838 1264 ἑαυτοὺς

265 1285 691 1356 ἀφιερώσαντες,
722 1289 945 1362 θαρρεῖν
977 1290 1104 1362 χρὴ,
1157 1291 1377 1344 κάκεῖνο
1407 1290 1464 1343 δὲ
1495 1291 1831 1359 λογίζεσθαι·

263 1378 347 1430 ὅτι
371 1376 421 1429 εί
445 1378 503 1430 ὲν
534 1367 614 1449 τῷ
643 1376 833 1448 κόσμῳ
857 1378 1034 1448 τούτῳ
1062 1378 1230 1432 ὄντων
1259 1378 1438 1449 ἡμῶν,
1471 1380 1565 1433 καὶ
1614 1381 1691 1453 τῷ
1740 1381 1839 1452 βίῳ

266 1467 647 1535 δουλευόντων,
677 1471 897 1524 πάντων
930 1470 1191 1543 πρόνοιαν
1224 1473 1460 1526 ἐποιεῖτο
1503 1476 1535 1544 ἡ
1582 1473 1675 1528 τοῦ
1702 1474 1838 1528 Θεοῦ

267 1558 560 1629 ἀγαθότης,
610 1560 760 1631 πόσῳ
789 1577 854 1630 γε
912 1561 1112 1631 μᾶλλον
1164 1562 1226 1615 ού
1267 1565 1542 1634 φροντίσει
1590 1565 1684 1618 νῦν
1732 1567 1838 1619 τῶν

267 1648 550 1719 ἡμετέρων
577 1650 738 1703 οἴκων
766 1690 779 1711 ,
828 1651 917 1705 ὅτε
975 1651 1246 1705 δουλεύειν
1288 1653 1440 1724 αὐτῷ
1498 1655 1597 1710 καὶ
1643 1657 1839 1727 εὐαρε-

270 1741 414 1790 στεῖν
445 1739 594 1810 αὐτῷ
621 1739 894 1809 ὀλοψύχως
920 1740 1274 1810 είσήλθομεν;

344 1848 361 1880 ι
395 1827 443 1881 ι’.
463 1830 673 1893 Τοίνυν,
698 1825 745 1883 ὦ
763 1831 948 1891 τέκνα,
975 1832 1403 1901 μνημονεύοντες
1428 1835 1519 1886 τοῦ
1542 1835 1745 1904 Κυρίου
1760 1834 1835 1887 εί-

265 2023 366 2079 ttat
395 2009 631 2080 πρῶτον,
654 2012 747 2065 καὶ
771 2011 938 2081 θάψαι
968 2012 1059 2064 τὸν
1091 2015 1306 2083 πατέρα
1342 2030 1444 2081 μου
1466 2027 1479 2044 ο
1519 2013 1692 2083 ’Δφες
1712 2013 1838 2077 τοὺς

222 2166 227 2171 ο
268 2102 499 2171 νεκροὺς
530 2101 698 2171 θάψαι
727 2104 852 2167 τοὺς
885 2103 1093 2155 ἑαυτῶν
1136 2104 1361 2173 νεκρούς
1388 2121 1400 2134 ’
1436 2105 1837 2176 ἀμεταστρόφῳ

268 2191 461 2263 γνώμῃ
480 2192 576 2245 καὶ
606 2193 1002 2264 ἀμεταμελήτῳ
1031 2194 1230 2264 καρδία
1252 2195 1631 2264 καταδρέιμετε
1663 2195 1839 2247 ὀπίσω

269 2282 454 2349 αὑτοῦ.
486 2283 556 2336 Τί
606 2284 714 2353 γὰρ
761 2284 906 2355 ἄρα;
946 2287 994 2336 εἰ
1035 2285 1126 2339 καὶ
1175 2289 1202 2338 ό
1252 2286 1495 2355 ἐπίγειος
1545 2280 1700 2351 οὗτος
1743 2288 1837 2341 καὶ

269 2374 507 2444 φθαρτὸς
539 2376 790 2444 βασιλεὺς
840 2377 1214 2447 προετρέψατο
1241 2377 1407 2447 ὑμᾶς,
1447 2378 1618 2443 ζῶσαι
1653 2378 1839 2449 βουλό-

272 2483 452 2535 μενος,
485 2470 564 2530 εἰς
606 2469 948 2541 πατρικίους,
983 2470 1015 2540 ἢ
1048 2470 1534 2542 κου6ικουλαρίους
1576 2473 1670 2525 τοῦ
1716 2474 1837 2526 επι-

268 2557 415 2624 γείου
442 2558 607 2612 αὑτοῦ
661 2559 948 2624 παλατίου,
1001 2561 1097 2613 τοῦ
1149 2562 1582 2632 παρερχομένου,
1643 2566 1736 2617 καὶ
1763 2565 1839 2628 ὼς

269 2649 427 2711 σκιᾶς
457 2649 551 2725 καὶ
577 2649 852 2712 ἐνυπνίου,
882 2651 1302 2722 ἁφανιζομένου,
1337 2652 1549 2723 ἄρχειν,
1598 2656 1660 2707 οὐ
1707 2673 1833 2707 κατ-

268 2741 602 2809 εφρονήσατε
639 2742 707 2794 ἂν
732 2742 987 2795 ἁπάντων
1019 2742 1127 2797 τῶν
1161 2743 1514 2815 ὑπαρχόντων
1560 2745 1709 2815 ὑμῖν,
1746 2747 1840 2799 καὶ

178 2858 181 2859 ν
270 2829 570 2894 σπουδαίως
603 2830 697 2884 καὶ
718 2831 1127 2901 ἀνεμποδίστως
1153 2832 1286 2903 πρὸς
1308 2832 1468 2885 αὑτὸν
1486 2833 1837 2903 κατελαμϐά-

267 2937 408 2986 νετε,
435 2922 543 2976 τῶν
576 2924 706 2993 παρ’
739 2922 902 2977 αὐτοῦ
937 2926 1132 2994 τιμῶν,
1170 2929 1262 2978 καὶ
1305 2926 1404 2994 τῆς
1443 2927 1610 2979 αὑτοῦ
1664 2927 1839 2996 ὅψεως

269 3014 361 3063 καὶ
394 3013 704 3083 παρρησίας
737 3013 1030 3068 ἀπολαύειν
1061 3015 1478 3086 ἐπιθυμοῦντες,
1525 3020 1618 3070 καὶ
1662 3021 1838 3074 πάντα

267 3105 451 3172 πόνον,
487 3107 580 3160 καὶ
611 3106 799 3171 κόπον,
840 3108 932 3159 καὶ
972 3105 1203 3160 θάνατον
1252 3106 1577 3176 προείλασθε
1631 3101 1838 3179 ὑπομέ-

264 3213 396 3261 νειν,
438 3195 601 3264 μόνον
657 3197 742 3249 ἵνα
770 3197 869 3267 τὴν
907 3196 1119 3268 ἡμέραν
1148 3196 1360 3266 ἐκείνην
1390 3197 1514 3249 tam
1546 3198 1831 3269 ἀξιωθῆτε.

262 3280 378 3361 ὲνῇ
414 3286 649 3356 μέλλειὸ
680 3285 929 3356 βασιλεὺς
952 3288 1044 3339 ἐπὶ
1077 3288 1256 3357 πάσης
1284 3290 1383 3358 τῆς
1418 3288 1723 3359 συγκλήτου
1752 3290 1837 3343 δέ·

262 3376 475 3445 χεσθαι,
527 3378 619 3429 καὶ
677 3376 1015 3447 στρατεύειν,
1075 3379 1170 3431 κοιλ⁵
1220 3378 1623 3450 φιλοτιμεῖσθαι
1656 3381 1831 3451 ύμᾶς;

263 3468 384 3522 Τῶν
404 3469 461 3522 δὲ
490 3471 778 3539 φησάντων
806 3468 976 3534 οὔτως
1000 3470 1163 3541 ἔχειν,
1183 3466 1337 3525 εἶπεν
1361 3473 1390 3525 ό
1414 3472 1586 3542 μέγας
1612 3473 1798 3526 Νίκων
1816 3490 1830 3504 ·

262 3559 451 3631 Πολλῷ
485 3560 683 3630 μᾶλλον
710 3556 823 3626 οὖν,
877 3561 1062 3625 τέκνα,
1119 3561 1255 3631 μετά
1305 3561 1548 3627 πλείονος
1579 3563 1833 3634 σπουδῆς,

262 3651 359 3703 καὶ
402 3649 751 3714 κατανύξεως
801 3650 879 3721 τῷ
918 3650 1184 3722 ἀφθάρτῳ
1220 3653 1315 3706 καὶ
1369 3654 1573 3723 αἰωνίῳ
1625 3652 1836 3725 βασιλεῖ

261 3741 370 3794 τῶν
395 3740 790 3811 βασιλευόντων
811 3741 1167 3812 κατατρέχειν
1187 3743 1284 3795 καὶ
1313 3743 1833 3817 ἀκολουθεῖνήμεῖς,

262 3834 311 3886 ot
340 3832 683 3902 εὐγνώμονες
709 3829 886 3884 δοῦλοι
911 3821 1201 3901 ὀφείλομεν
1221 3871 1235 3895 ,
1279 3833 1709 3903 μνημονεύοντες
1737 3836 1835 3903 τῆς

194 3928 209 3945 ‘
261 3923 505 3993 ἀγάπης,
531 3917 599 3993 ἦς
628 3919 931 3985 ἐνεδείξατο
983 3922 1062 3984 είς
1086 3922 1237 3992 ἡμᾶς
1277 3924 1305 3976 ό
1341 3922 1496 3987 Θεὸς,
1551 3923 1693 3978 ὥστε
1744 3925 1837 3978 τὸν

265 4012 588 4089 Υίὺναὺτοῦ
641 4013 734 4067 τὸν
793 4014 1054 4084 μονογενῆ
1103 4015 1205 4068 ούκ
1248 4014 1505 4085 ἐφείσατο
1559 4015 1628 4070 δι’
1662 4019 1832 4088 ἡμᾶς,

263 4102 378 4158 ἀλλ’
414 4103 555 4171 ὑπὲρ
596 4102 756 4175 ὴμῶν
811 4104 1031 4158 πάντων
1065 4105 1383 4176 παρέδωκεν
1414 4108 1617 4178 αὐτόν;
1668 4110 1833 4163 ’Ὥστε

262 4189 357 4250 οὖν
384 4197 433 4250 εί
464 4197 557 4250 καὶ
585 4198 652 4250 τὰ
683 4198 891 4251 ἑαυτῶν
915 4196 1121 4266 αἵματα
1157 4199 1297 4270 ὑπὲρ
1321 4198 1487 4252 αὐτοῦ
1515 4200 1831 4272 ὲξεχέαμεν,

262 4287 312 4339 οί
331 4286 410 4359 τῷ
433 4287 626 4357 αἵματι
648 4287 812 4342 αὑτοῦ
839 4290 941 4360 τῆς
975 4291 1183 4363 φθορᾶς
1227 4292 1322 4345 καὶ
1350 4291 1444 4344 τοῦ
1489 4292 1719 4347 θανάτου
1744 4292 1837 4345 λυ-

262 4377 581 4449 τρωθὲντες,
614 4381 710 4434 καὶ
756 4381 837 4445 εἰς
881 4384 1013 4436 υἱῶν
1052 4384 1292 4452 γνησίων
1314 4381 1468 4448 τάξιν
1496 4384 1835 4455 εἰσποιηθέν-

262 4484 375 4532 τες,
412 4469 531 4524 ούδὲ
564 4469 738 4536 οὓτως
790 4472 1046 4539 ἁντάξιόν
1074 4493 1127 4528 τι
1156 4473 1618 4546 προσηνέγκαμεν
1649 4477 1829 4551 αὐτῷ·

1940 660 2113 715 hostis
2165 647 2418 729 subjiciat
2451 677 2462 711 :
2495 657 2756 724 Quisnam
2811 668 3098 729 parentum
3141 674 3389 714 meorum
3430 676 3516 717 sc-

1939 758 2213 806 nectutcm
2260 751 2484 820 pascet?
2511 748 2646 815 Quis
2683 750 2811 805 vita:
2843 760 3150 805 consortem
3206 751 3515 806 consolabi-

1940 843 2065 898 tur?
2093 842 2227 908 Quis
2262 843 2477 897 illorum
2518 843 2781 918 lacrymas
2811 842 3011 896 sistet?
3037 841 3171 897 Nam
3208 843 3254 898 si
3285 843 3404 897 illos
3436 843 3515 898 al-

1940 934 2112 990 terius
2170 933 2265 989 Dei
2319 949 2465 990 cura:
2520 933 2910 1002 rcliquissetis,
2965 942 3019 987 et
3092 928 3382 989 venissetis
3446 935 3513 988 ad

1938 1023 2284 1079 serviendum
2340 1023 2528 1088 alteri;
2579 1033 2726 1078 recte
2764 1023 2980 1078 solliciti
3030 1024 3244 1089 essetis,
3281 1040 3348 1078 an
3391 1026 3515 1094 quis

1939 1128 2127 1168 eorum
2181 1130 2363 1169 curam
2413 1123 2581 1184 gerat,
2638 1123 2693 1168 et
2739 1116 3074 1181 consoletur,
3134 1132 3337 1170 annon.
3394 1116 3512 1170 .lam

1940 1219 2071 1261 vero
2105 1215 2392 1276 postquam
2443 1206 2759 1262 accurristis
2807 1208 2876 1261 ad
2920 1207 3069 1261 illum
3122 1209 3209 1263 cui
3257 1224 3353 1264 eos
3384 1210 3509 1263 reli-

1938 1292 2153 1361 quistis,
2181 1302 2351 1348 etvos
2379 1293 2524 1362 ipsos
2550 1295 2937 1359 consecrastis,
2968 1305 3185 1366 Oportet
3214 1298 3510 1356 conlidere.

1939 1392 2101 1452 atque
2153 1382 2286 1439 illud
2329 1384 2676 1439 considerare
2703 1398 2719 1439 :
2751 1386 2894 1455 quod
2941 1387 3020 1451 si,
3059 1387 3188 1441 dum
3238 1403 3426 1440 sumus
3460 1389 3513 1439 in

1939 1460 2044 1531 hoc
2099 1475 2323 1539 mundo,
2381 1484 2437 1530 et
2492 1476 2984 1541 vitae.servimus,
3046 1479 3289 1533 omnium
3348 1480 3551 1548 gessit.

1939 1582 2127 1623 curam
2169 1565 2262 1620 Dei
2320 1567 2571 1632 bonitas;
2624 1578 2827 1637 quanto
2878 1571 3046 1638 magis
3104 1572 3320 1625 curabit
3366 1586 3516 1625 nunc

1939 1655 2129 1709 domos
2158 1664 2391 1721 nostras,
2436 1656 2675 1724 quando,
2716 1655 2971 1709 servituri
3004 1657 3129 1727 ipsi,
3163 1667 3217 1711 ct
3261 1658 3510 1727 placituri

1939 1758 2002 1798 ex
2035 1751 2143 1797 tota
2175 1744 2353 1796 anima
2389 1741 2704 1797 exivimus?

2012 1839 2097 1893 10.
2159 1836 2347 1909 lgitur,
2395 1837 2507 1899 ﬁlii,
2562 1851 2831 1889 memores
2908 1834 3118 1889 Domini
3165 1834 3396 1889 dicentis
3447 1836 3512 1888 ad
3600 1884 3608 1894 ,

271 1919 464 1982 πόντος
490 1919 624 1989 πρὸς
665 1920 756 1972 τὸν
792 1921 1013 1974 εἰπόντα
1035 1936 1046 1946 '
1087 1921 1408 1993 Ἐπίτρεψόν
1439 1939 1552 1991 μοι,
1575 1922 1835 1996 ὑποστρέ-

1942 1946 2068 1985 eum
2092 1972 2106 1994 ,
2148 1928 2239 1999 qui
2298 1928 2479 1983 aiebat

2532 1946 2545 1980 :
2601 1948 2618 1978 ι
2656 1925 2918 1981 Permitte.
2973 1926 3107 1985 mihi.
3150 1925 3355 1995 :‘cvcrti
3400 1926 3515 1995 pri-

1941 2036 2089 2076 mum
2135 2028 2190 2074 et
2226 2019 2453 2088 sepelire
2488 2028 2694 2088 patrem
2730 2031 2908 2070 meum
2937 2029 2951 2068 2
2983 2016 3112 2070 Sine
3156 2025 3399 2070 mortuos
3431 2032 3514 2069 sc-

1938 2112 2105 2182 pelire
2161 2119 2406 2165 mortuos
2459 2096 2591 2165 suos
2633 2110 2694 2174 ⁸³,
2740 2125 2757 2159 ι
2812 2116 3050 2163 mentem
3085 2127 3097 2138 ’
3129 2107 3335 2162 induite
3394 2123 3545 2176 quze

1939 2204 2134 2258 mutari
2166 2203 2308 2256 haud
2339 2201 2526 2271 possit,
2560 2216 2661 2255 nec
2692 2215 2786 2254 vos
2822 2199 3083 2270 poeniteat
3113 2195 3337 2254 currere
3369 2203 3510 2267 pone

1938 2295 2136 2366 ipsum.
2165 2291 2307 2358 Quid
2347 2291 2538 2345 enim?
2575 2288 2631 2344 Si
2679 2291 2800 2359 quis
2832 2299 3085 2345 terrenus
3126 2285 3219 2343 rei:
3263 2298 3319 2344 et
3351 2289 3516 2343 obno-

1937 2385 2058 2439 xius
2084 2383 2442 2454 corruptioni,
2475 2384 2675 2438 acciret
2701 2398 2817 2460 vos,
2866 2397 3000 2436 zona
3040 2376 3270 2437 induere
3303 2382 3510 2445 volens,

1939 2485 1997 2530 ut
2059 2474 2114 2530 in
2177 2475 2525 2545 patriciorum
2617 2483 2672 2527 et
2733 2473 3199 2527 cubiculariorum
3265 2471 3512 2525 ordinem

1938 2567 2180 2637 ascripti,
2211 2574 2432 2621 terreno
2462 2566 2661 2636 palatio
2680 2565 2821 2635 ejus,
2852 2565 2997 2634 quod
3033 2563 3295 2634 praeterit,
3318 2572 3375 2616 et
3404 2570 3517 2615 tan-

1936 2674 2100 2728 quam
2149 2658 2340 2713 umbra
2389 2667 2444 2711 et
2496 2657 2767 2712 somnium
2816 2656 3128 2717 evanescit,
3174 2654 3512 2724 przecssetis;

1938 2765 2119 2804 nonne
2140 2749 2565 2804 contemneretis
2596 2762 2786 2802 omnes
2827 2746 3115 2803 facultates
3164 2755 3394 2810 vestras,
3434 2744 3517 2798 dio

1937 2840 2272 2910 ligenterque
2315 2838 2435 2893 sine
2482 2838 2872 2908 impedimento
2924 2837 2992 2890 ad
3051 2836 3227 2905 ipsum
3286 2833 3516 2889 accede-

1937 2933 2085 2998 retis,
2147 2929 2468 2995 honoribus,
2526 2930 2617 3000 qui
2652 2930 2719 2985 ab
2780 2930 2897 2999 ipso
2941 2938 3088 2993 sunt,
3113 2941 3170 2982 et
3219 2934 3531 2996 conspectu

1938 3024 2077 3093 ejus,
2113 3031 2167 3076 et
2187 3022 2548 3077 collocutione
2582 3022 2683 3075 l'rui
2709 3019 3120 3075 desiderantes?
3148 3034 3333 3072 nonne
3360 3017 3524 3084 lab0-_

1938 3128 2051 3166 rem
2078 3127 2319 3176 omnem,
2347 3119 2404 3165 et
2433 3110 2758 3176 molestiam,
2786 3118 2841 3164 et
2868 3117 3099 3164 mortem
3131 3106 3516 3179 pru'eligerclis

1936 3204 2230 3266 sustinere,
2253 3203 2376 3259 ideo
2406 3203 2601 3265 solum,
2626 3211 2687 3257 ut
2710 3201 2859 3273 digni
2887 3201 3081 3256 essetis
3115 3198 3335 3254 videndi
3369 3197 3514 3252 diem

1935 3297 2111 3360 illum,
2139 3312 2247 3367 quo
2277 3295 2519 3351 futurum
2550 3304 2716 3359 esset,
2742 3303 2802 3349 ut
2831 3309 2921 3348 rex
2954 3308 3080 3347 cum
3121 3291 3271 3345 ornni
3293 3304 3393 3344 suo
3425 3304 3514 3344 se-

1937 3397 2069 3443 natu
2097 3402 2194 3443 vos
2217 3387 2499 3457 exciperet
2521 3393 2577 3441 et
2603 3384 2758 3458 [quo]
2792 3400 2889 3440 vos
2917 3382 3310 3445 militaretiset
3339 3381 3515 3435 hono-

1937 3480 2091 3535 ribus
2122 3476 2515 3533 alliceremini?
2560 3475 2696 3531 Cum
2739 3483 2923 3530 autem
2975 3473 3051 3527 illi
3106 3471 3357 3526 dicerent
3438 3469 3510 3522 ita

1936 3587 2088 3636 esse,
2131 3570 2269 3625 dixit
2312 3585 2544 3642 magnus
2591 3567 2762 3623 Nicon
2794 3585 2807 3620 :
2841 3566 3059 3632 Quanto
3107 3564 3290 3630 itaque
3319 3560 3513 3629 magis,

1938 3664 2053 3730 lilii,
2090 3678 2214 3723 cum
2245 3664 2449 3733 majore
2475 3660 2755 3732 diligentia
2775 3668 2830 3713 et
2849 3654 3272 3725 compunctione
3297 3652 3364 3706 ad
3395 3667 3513 3705 cor-

1938 3754 2204 3823 ruptionis
2247 3760 2548 3820 expertem,
2611 3758 2669 3803 et
2724 3747 3118 3816 sempiternum
3164 3742 3513 3814 regnantium

1935 3859 2116 3914 regem
2139 3856 2425 3897 accurrere
2458 3847 2515 3894 et
2534 3837 2686 3908 sequi
2718 3852 2838 3899 nos,
2873 3835 2918 3891 si
2950 3835 3201 3888 volumus
3223 3849 3344 3889 esse
3380 3833 3512 3903 grati

1935 3937 2102 4002 servi,
2137 3934 2426 3996 debemus,
2457 3932 2511 3986 in
2543 3932 2863 3987 memoriam
2900 3938 3219 3983 revocantes
3261 3927 3512 3982 dilectio-

1934 4044 2082 4095 nem,
2110 4042 2272 4098 quam
2296 4026 2536 4081 ostendit
2568 4024 2713 4078 Deus
2769 4038 2894 4092 erga
2944 4036 3067 4088 nos,
3112 4028 3171 4076 ut
3225 4020 3360 4074 Filio
3413 4034 3515 4073 suo

1936 4119 2217 4190 unigenito
2257 4134 2369 4172 non
2418 4115 2730 4189 pepercerit
2785 4121 2972 4167 nostra
3030 4128 3216 4176 causa,
3269 4111 3366 4166 sed
3415 4127 3514 4181 pro

1935 4207 2095 4263 nobis
2145 4207 2402 4262 omnibus
2441 4204 2728 4261 tradiderit
2777 4203 2928 4257 illum
2958 4201 3043 4255 “‘2
3074 4201 3258 4270 Itaque
3294 4201 3508 4255 tametsi

1935 4297 2251 4369 sanguinem
2282 4297 2513 4367 quisque
2546 4305 2790 4349 nostrum
2813 4308 2913 4364 pro
2936 4293 3054 4361 ipso
3084 4291 3514 4351 ell'undercmus,

1934 4389 2027 4459 qui
2067 4389 2187 4457 ejus
2233 4386 2501 4457 sanguine
2544 4385 2612 4439 ab
2659 4384 2884 4440 interitu
2914 4390 2971 4437 et
3012 4391 3185 4438 morte
3214 4396 3404 4434 sumus
3433 4396 3517 4432 rc-

1935 4480 2163 4550 dempti,
2199 4488 2257 4534 et
2297 4479 2351 4533 in
2400 4478 2761 4547 genuinorum
2800 4475 3035 4530 ﬁliorum
3068 4474 3315 4528 ordinem
3343 4471 3515 4525 ascri.»

262 4559 326 4648 ού
352 4559 460 4632 γὰρ
493 4563 677 4633 ὅμοιόν
711 4566 859 4619 ἐστιν
881 4566 1180 4648 ἐκχυθῆναι
1223 4564 1361 4638 αἷμα
1394 4567 1703 4638 βασιλικὸν,
1739 4570 1835 4624 καὶ

1940 4569 2037 4641 pti,
2070 4569 2206 4622 nihil
2247 4569 2384 4623 adeo
2418 4575 2501 4622 sat
2530 4566 2752 4636 dignum
2787 4564 2887 4634 ipsi
2924 4563 3343 4619 reddiderimus.
3376 4563 3530 4615 Nam

262 4645 402 4721 αίμα
424 4651 687 4721 δουλικὸν,
718 4645 961 4727 ἀδελφοί.

1943 4659 2260 4730 sanguinem
2284 4658 2423 4729 regis
2446 4656 2678 4713 eli‘usum
2705 4671 2848 4721 esse,
2867 4654 3082 4720 fratres,
3112 4663 3167 4711 et
3194 4653 3535 4726 sanguinem.

1945 4754 2105 4820 servi,
2141 4752 2369 4807 nimium
2402 4759 2663 4820 quantum
2692 4748 2890 4805 dill‘ert.

1720 4886 1948 4944 CAPUT
1992 4890 2052 4946 ll.

1440 4986 1551 5049 Vita
1595 5001 1914 5067 monastica,
1963 5003 2342 5071 apparitiones.

335 5109 419 5157 ια’.
449 5103 631 5159 Ταῦτα
656 5106 712 5160 δὲ
740 5104 916 5162 πάντα
960 5108 1054 5163 καὶ
1098 5109 1266 5167 πλείω
1307 5110 1511 5165 τούτων
1553 5113 1838 5170 ὑπετίθετο

261 5195 775 5268 αὐτοῖςόθεοιρόρος
817 5201 1086 5269 προγνοὺς
1134 5202 1232 5255 καὶ
1285 5203 1721 5276 πληροφορηθεὶς
1772 5210 1835 5261 ὲκ

262 5285 354 5338 τοῦ
382 5286 517 5338 Θεοῦ
544 5289 635 5342 τὸν
661 5289 1020 5360 προκείμενον
1041 5291 1223 5354 αὐτοῖς
1244 5291 1430 5360 ἀγῶνα
1476 5296 1569 5347 καὶ
1612 5294 1830 5366 δρόμον,

261 5373 406 5445 λέγω
431 5377 497 5446 δὴ
521 5379 611 5431 τὸν
637 5380 904 5451 ὲρημικδν
927 5382 1023 5435 καὶ
1052 5383 1237 5437 ἄοικον
1270 5384 1548 5448 παντελῶς
1575 5388 1669 5441 καὶ
1701 5390 1833 5442 ἀνα-

263 5468 567 5537 χωρητικὺν
603 5468 736 5538 βίον.
761 5471 836 5523 υύ
876 5470 936 5524 τὸ
971 5471 1132 5542 τυχὸν
1156 5473 1263 5543 γὰρ
1288 5474 1553 5546 ὑπάρχειν
1586 5478 1833 5549 ὑπελάμ-

262 5558 424 5612 ϐανεν
452 5559 629 5625 τοῦτο,
678 5561 788 5615 οὐδ’
822 5561 898 5627 ὡς
928 5563 1117 5634 ἔτυχεν
1165 5568 1277 5631 τοῖς
1302 5567 1512 5631 πολλοῖς
1538 5571 1835 5642 κατορθού-

264 5668 429 5721 μενον
481 5654 574 5706 κα“ι
613 5655 917 5725 ἀμέμπτως
948 5658 1365 5730 ὲπιτελούμενον
1414 5662 1649 5731 μάλιστα
1686 5666 1828 5737 ὀρῶν

337 5837 377 5867 ³³
413 5835 605 5890 Matth.
651 5854 768 5906 vm,
800 5839 990 5903 21,22
1064 5840 1105 5871 ¹⁵
1142 5839 1297 5897 Joan.
1335 5858 1412 5909 ιιι,
1457 5843 1536 5900 16.

2015 5122 2098 5175 ll.
2153 5119 2280 5175 Hazc
2325 5118 2527 5182 omnia,
2580 5128 2743 5187 atque
2796 5106 3153 5183 hiscc‘plura'
3195 5110 3518 5180 suggerebat
3566 5108 3569 5111 ’

1941 5211 2073 5280 ipsis
2106 5210 2189 5265 vir
2220 5209 2411 5275 deiter,
2444 5209 2702 5279 praescius
2747 5207 2933 5261 divino
2985 5201 3195 5259 monitu
3235 5209 3290 5254 ct
3318 5199 3518 5254 certior

1939 5301 2342 5356 factusinstare
2370 5300 2475 5355 illis
2515 5306 2791 5354 certamen
2841 5307 2897 5352 et
2938 5310 3185 5355 cursum,
3221 5291 3515 5347 solitariam

1890 5420 1895 5426 ε
1940 5392 2209 5456 videlicet,
2240 5392 2402 5448 domo
2431 5392 2649 5461 penitus
2677 5398 2975 5453 carentem,
3003 5397 3057 5441 et
3077 5383 3515 5461 anachoreticam

1942 5484 2128 5538 vitam.
2155 5454 2276 5537 Non
2309 5454 2453 5537 enim
2491 5480 2778 5552 reputabat
2808 5479 2913 5533 hoc
2943 5479 3067 5532 vitae
3097 5491 3269 5547 genus
3301 5454 3382 5529 ιον
3409 5484 3509 5533 ter,

1941 5590 2045 5629 nec
2088 5573 2364 5628 communi
2406 5572 2697 5627 multorum
2742 5587 2893 5625 more
2925 5566 3361 5640 amplcctcndnm
3392 5579 3514 5620 esse

1938 5676 1992 5721 et
2043 5665 2469 5735 perliciendum;
2518 5664 2752 5720 maxime
2795 5662 3011 5733 quando
3057 5659 3269 5715 videbat
3317 5655 3517 5713 tenella
