4024 6232
439 451 582 518 1683

1468 454 1782 515 LEONTII
1824 447 2337 513 NEAPOLITANI
2380 448 2720 513 EPISCOPl

2178 320 2232 335 ...-

3067 401 3191 412 ν-κε

3583 427 3727 497 1684

432 576 692 633 corpora,
719 571 774 618 et
800 563 1145 620 vestimentis
1192 563 1447 619 mollibus
1489 564 1700 629 induta,
1734 573 1789 618 et
1820 563 2019 632 juven-

2128 559 2354 632 σώματα
2384 561 2588 624 ἁπαλὰ,
2629 560 2725 613 καὶ
2754 556 2994 628 ἱματίοις
3026 550 3294 626 μαλακοῖς
3331 545 3718 621 ἠμφιεσμένα.

435 661 612 708 tutem
647 655 699 708 in
741 653 952 710 deliciis
977 656 1297 725 enutritam,
1337 666 1394 711 et
1436 656 1586 712 omni
1616 655 1942 711 relaxationi
1971 663 2026 709 et

435 741 744 813 deceptioni
764 743 1080 799 obnoxiam.
1114 743 1271 800 Unde
1310 745 1531 816 sapiens
1560 746 1808 801 medicus
1832 754 1888 800 et
1911 758 2025 798 ma-

434 833 606 904 gister
637 834 822 889 divina
848 836 1095 900 notione,
1123 853 1245 907 quae
1278 837 1328 892 ei
1352 838 1551 901 inerat,
1585 847 1643 893 et
1663 837 2020 907 experientia,

431 925 554 980 illos
575 926 840 997 exemplis
864 927 1178 997 liujusmodi
1204 940 1260 983 et
1279 929 1503 985 monitis
1534 930 1796 995 munitos,
1826 929 2021 983 iterum

433 1015 625 1070 ambos
647 1017 938 1086 compellat
969 1036 982 1070 :
1019 1019 1102 1073 An
1143 1019 1338 1089 capitis
1364 1021 1527 1075 vestri
1576 1036 1784 1076 comam
1810 1021 2024 1075 tonderi

434 1107 618 1171 vultis,
651 1123 714 1163 ac
754 1109 807 1163 in
845 1110 985 1166 laico
1021 1111 1133 1184 (l4)
1168 1111 1382 1177 habitu,
1417 1128 1526 1182 quo
1551 1112 1726 1168 induti
1755 1112 1889 1167 estis
1920 1112 2022 1167 bo-

435 1198 548 1265 die,
576 1200 976 1272 aliquantisper
1009 1204 1406 1272 perseverare?
1431 1202 1596 1270 Quasi
1631 1219 1742 1258 uno
1767 1204 2019 1264 consilio,

435 1306 534 1348 seu
560 1295 743 1364 potius
771 1312 885 1349 uno
915 1296 1122 1366 Spiritu
1154 1306 1345 1351 sancto
1367 1296 1495 1361 acti,
1518 1297 1679 1351 ambo
1703 1297 2023 1351 acciderunt

432 1383 502 1436 ad
529 1384 697 1453 pedes
735 1384 1060 1456 hegumeni,
1120 1396 1374 1456 rogantes
1427 1386 1629 1456 ipsum,
1684 1397 1745 1442 ut
1800 1399 2025 1447 mox,et

427 1474 557 1530 sine
596 1477 1088 1545 procrastinatione
1136 1492 1232 1532 eos
1287 1478 1553 1533 tonderet.
1606 1477 1675 1532 Et
1731 1478 1867 1534 dixit
1924 1480 2024 1551 Sy-

434 1583 630 1630 meou,
674 1568 777 1623 nisi
824 1567 929 1622 hoc
980 1569 1182 1624 faceret
1233 1569 1404 1624 multa
1461 1586 1586 1625 cum
1644 1570 2019 1637 festinatione,

432 1659 617 1715 Statim
634 1659 796 1728 ipsos
822 1659 1162 1715 discessuros
1193 1660 1261 1716 ad
1284 1661 1429 1717 aliud
1452 1663 1866 1718 monasterium.
1884 1665 2021 1719 Nam

400 1753 660 1822 simplex
713 1762 833 1808 erat
868 1762 924 1808 et
970 1754 1275 1821 innocuus;
1315 1754 1556 1811 Joannes
1589 1765 1774 1812 autem
1816 1759 2024 1828 majore

429 1844 720 1914 sapientia,
761 1853 815 1899 et
843 1860 1027 1902 rerum
1061 1847 1257 1901 notitia
1303 1848 1619 1918 praestabat.
1661 1849 1774 1904 Nec
1814 1866 1966 1905 mora
2004 1868 2019 1905 :

429 1944 656 1991 sanctus
691 1935 863 1993 Nicon
888 1951 1335 2006 unumquemque
1365 1952 1556 1992 eorum
1606 1953 1854 1994 seorsum
1892 1955 2019 2009 pre-

430 2029 647 2096 hendit,
676 2030 980 2100 periculum
1013 2029 1203 2084 volens
1234 2029 1437 2094 facere,
1484 2046 1648 2100 quam
1679 2031 1886 2086 fervida
1929 2048 2019 2087 re-

431 2119 578 2185 rum,
628 2136 660 2175 e
701 2123 927 2176 materia
969 2131 1375 2188 concretarum,
1424 2123 1739 2178 secessione
1783 2123 1894 2194 (15)
1951 2124 2019 2179 ad

428 2213 603 2269 Deum
656 2215 1005 2271 accederent.
1041 2216 1109 2270 Et
1142 2215 1390 2285 quredam
1438 2214 1541 2284 ipsi
1580 2214 1741 2279 dixit,
1786 2222 2020 2271 conatus

377 2349 380 2351 Α
427 2323 638 2363 moram
694 2308 941 2378 injicere,
988 2324 1059 2362 ne
1107 2308 1197 2362 illa
1225 2307 1314 2362 die
1359 2307 1698 2373 tonderetur,
1740 2309 1833 2363 sed
1870 2298 2020 2364 nullo

428 2418 613 2475 opera:
635 2401 839 2468 fructu,
869 2419 1047 2474 neque
1076 2403 1340 2459 alterutro
1377 2418 1570 2458 eorum
1611 2404 2016 2459 consentiente.

430 2494 535 2552 Ivit
562 2495 744 2566 itaque
772 2496 839 2552 ad
864 2496 1120 2561 alterum,
1156 2505 1212 2550 et
1233 2497 1368 2551 dixit
1401 2513 1414 2549 :
1451 2493 1595 2551 Ecce
1634 2496 1882 2567 persuasi
1906 2495 2021 2551 fra-

429 2585 503 2642 tri
532 2595 627 2643 tuo
650 2596 711 2643 ut
734 2587 927 2652 laicus,
957 2587 1134 2658 qualis
1155 2595 1261 2655 est,
1287 2598 1508 2642 maneat
1546 2588 1615 2642 ad
1641 2604 1813 2643 unum
1847 2603 2021 2659 usque

429 2694 664 2736 annum.
719 2678 914 2735 Statim
971 2681 1156 2752 itaque
1206 2681 1281 2736 illi
1333 2682 1618 2752 respondit
1666 2684 1735 2746 is,
1781 2682 1868 2739 cui
1914 2682 2021 2737 hoc

431 2774 648 2831 dixerat
677 2788 691 2826 :
728 2772 784 2827 Si
815 2773 931 2828 vult
961 2773 1049 2828 ille
1088 2788 1331 2839 manere,
1360 2783 1617 2839 maneat;
1649 2788 1795 2836 vere,
1837 2773 2017 2840 Pater,

431 2864 540 2922 hoc
563 2881 665 2938 ego
693 2882 802 2922 non
833 2866 1099 2925 sustineo.
1129 2866 1306 2935 Atque
1331 2866 1437 2920 hoc
1457 2866 1593 2921 dixit
1621 2865 1725 2935 ipsi
1754 2865 2020 2936 Symeon,

330 3022 342 3034 .
430 2958 653 3028 quando
704 2972 959 3015 seorsum
1007 2972 1134 3014 cum
1193 2971 1261 3011 eo
1292 2954 1523 3011 locutus
1573 2956 1727 3011 fuit:
1778 2955 2018 3023 Festina,

429 3047 616 3116 Pater,
646 3066 743 3120 per
773 3050 1063 3106 Dominum
1100 3048 1268 3122 [oro].
1314 3050 1518 3105 ctenim
1563 3049 1794 3104 multum
1838 3048 2024 3105 tremit

432 3154 618 3198 meum
648 3155 742 3194 cor
766 3147 993 3208 propter
1034 3138 1307 3196 Joannem
1347 3138 1594 3201 fratrem,
1628 3153 1722 3200 ne,
1761 3137 2020 3211 quoniam

2128 656 2223 707 xui
2249 654 2479 724 νεότητα
2529 653 2639 707 ἀπὸ
2693 647 2973 721 τρυφηλοῢ
3031 646 3148 716 βίου
3193 637 3716 712 ἀνατεθραμμένην,

2128 745 2223 796 xui
2260 746 2319 797 ἐν
2347 743 2529 796 ἀνέσει
2556 742 2832 816 πάσῃκαὶ
2866 739 3054 811 ἀπάτῃ
3083 731 3521 802 συνειθισμένην.
3551 728 3717 780 Ὅθεν

2128 838 2156 889 6
2181 837 2343 907 σοφὸς
2369 836 2551 907 ἰατρὸς
2586 835 2680 888 xui
2701 832 3018 891 διδάσκαλος
3056 831 3121 899 τῇ
3166 825 3363 895 ὲνούσῃ
3402 820 3551 891 αὐτῷ
3594 819 3716 887 θείᾳ

2125 930 2327 995 γνώσει
2350 928 2446 979 xui
2467 925 2657 996 πείρᾳ,
2685 923 2910 987 τούτους
2940 924 3054 984 τοῖς
3083 916 3347 978 τοιούτοις
3377 910 3716 978 ὑποδείγμα-

2130 1033 2215 1071 σιν
2235 1018 2329 1072 xui
2358 1017 2821 1088 παραγγέλμασιν
2848 1012 3104 1074 ὁπλίσας,
3130 1007 3281 1076 λέγει
3324 1005 3486 1059 πάλιν
3530 1003 3715 1070 ἀμφο-

2126 1110 2307 1180 τέροις
2332 1127 2345 1140 ·
2380 1107 2645 1161 Βούλεσθε
2674 1107 2776 1178 τὴν
2799 1106 2980 1174 κόμην
3002 1102 3101 1173 τῆς
3125 1099 3370 1169 κεφαλῆς
3397 1095 3554 1165 ὑμῶν
3578 1094 3715 1147 ἁπο-
3790 1095 3797 1099 ’
3878 1138 3885 1147 .

2128 1200 2439 1270 κείρασθαι,
2483 1200 2516 1270 ἢ
2559 1199 2699 1261 τέως
2747 1196 2947 1267 μικρὸν
2998 1194 3193 1266 χρόνον
3248 1186 3584 1258 ἐνδιατρίψαι
3634 1183 3716 1253 τῷ

2125 1291 2462 1360 ἐπικειμένῳ
2491 1290 2616 1359 ὑμῖν
2644 1289 2888 1358 σήμερον
2916 1284 3010 1338 τοῦ
3037 1282 3230 1336 λα’ίκού
3265 1281 3505 1350 σχήματι
3528 1292 3542 1341 ;
3573 1276 3715 1327 ’Ὥσ-

2128 1376 2232 1453 περ
2260 1382 2316 1436 δὲ
2335 1384 2400 1435 ἐκ
2440 1382 2571 1452 μιᾶς
2599 1379 2869 1449 σκέψεως,
2903 1376 3102 1448 μᾶλλον
3127 1375 3184 1428 δὲ
3208 1372 3271 1438 ἐξ
3308 1370 3426 1435 ἐνὸς
3456 1367 3717 1437 Πνεύμα-

2123 1492 2216 1537 τος
2245 1475 2424 1542 ἁγίου,
2476 1472 2678 1526 ἔπεσαν
2726 1469 3030 1541 ἀμφότεροι
3076 1465 3182 1519 ὑπὸ
3235 1465 3364 1527 τοὺς
3396 1461 3566 1524 πόδας
3611 1456 3710 1511 τοῦ

2125 1566 2455 1637 ἡγουμένου,
2490 1563 2770 1625 αἰτοῦντες
2791 1561 2974 1623 αὐτὸν,
3013 1558 3215 1620 εὐθέως
3258 1555 3355 1610 xui
3403 1549 3713 1621 ἀνυπερθέ-

2123 1677 2232 1723 τως
2255 1657 2550 1727 κουρεῦσαι
2581 1655 2780 1718 αὐτούς
2802 1673 2816 1685 ·
2842 1654 2939 1707 xui
2971 1652 3155 1719 ἔλεγεν
3194 1651 3223 1702 6
3265 1643 3513 1718 Συμεὼν,
3544 1644 3626 1696 ὅτι
3661 1641 3714 1693 εί

2127 1749 2204 1822 μὴ
2236 1749 2394 1803 τοῦτο
2440 1748 2656 1819 ποιήσει
2703 1747 2792 1801 διὰ
2839 1743 3036 1799 πολλοῦ
3080 1741 3175 1796 τοῦ
3219 1741 3440 1809 τάχους,
3506 1734 3713 1795 εὐθέως

2123 1840 2463 1910 ἀπέρχεσθαι
2493 1838 2695 1902 αὐτοὺς
2729 1839 2809 1900 εἰς
2842 1836 3029 1907 ἕτερον
3062 1834 3423 1904 μοναστήριον
3443 1844 3458 1858 ·
3500 1827 3710 1886 ἄκακος

2125 1932 2234 2003 γὰρ
2263 1932 2358 1986 xui
2392 1930 2667 2000 ἀπόνηρος
2710 1929 2958 1998 ὑπῆρχεν
2978 1942 2991 1957 ·
3019 1928 3048 1979 6
3086 1924 3142 1978 δὲ
3178 1923 3434 1989 Ἰωάννης
3465 1915 3711 1986 σοφώτε-

2128 2042 2240 2097 ρος,
2297 2026 2392 2078 xui
2440 2022 2644 2091 γνῶσιν
2683 2020 2906 2075 πλείονα
2957 2016 3324 2086 κεκτημένος.
3347 2010 3580 2065 Ἔλαϐεν
3616 2005 3712 2061 οὖν

2127 2118 2330 2182 εὐθέως
2360 2117 2458 2171 ἕνα
2479 2117 2708 2171 ἕκαστον
2733 2114 2913 2169 αὐτῶν
2938 2111 3061 2166 κατ’
3088 2111 3224 2164 ἰδίαν
3254 2108 3284 2160 6
3320 2107 3466 2167 ὅσιος
3500 2103 3709 2165 Νίκων,

2124 2190 2441 2281 δοκιμᾶσειν
2461 2207 2783 2278 βουλόμενος
2807 2202 3133 2276 ἀμφοτέρων
3149 2202 3246 2270 τὴν
3274 2197 3484 2268 θερμὴν
3505 2196 3715 2247 ἀποτα-

2123 2302 2249 2372 γὴν,
2280 2302 2382 2373 τὴν
2410 2299 2547 2372 πρὸς
2575 2299 2669 2353 τὸν
2704 2296 2859 2359 Θεὸν,
2886 2296 2983 2351 xui
3010 2292 3198 2360 ἔλεγεν
3226 2290 3378 2361 αὐτῴ
3403 2304 3546 2351 τινα,
3573 2286 3712 2337 ἁνα-

2123 2395 2347 2448 κόπτειν
2367 2394 2529 2446 αὐτὸν
2557 2388 2926 2462 πειρώμενος,
2968 2385 3065 2439 τοῦ
3107 2384 3183 2455 μὴ
3216 2382 3455 2451 καρῆναι
3483 2379 3541 2429 ὲν
3569 2376 3708 2445 αὐτῇ

2122 2490 2190 2558 τῇ
2226 2487 2435 2559 ἡμέρᾳ.
2479 2477 2594 2538 ὀὐδ’
2615 2483 2753 2546 ὅλως
2781 2480 2840 2533 δὲ
2869 2479 2930 2534 τὸ
2959 2478 3179 2532 σύνολον
3197 2493 3212 2506 ο
3243 2474 3365 2528 ούδέ
3401 2472 3589 2542 ἐτέρου
3614 2471 3713 2525 αύ-

2122 2575 2232 2630 τῶν
2263 2573 2616 2645 συνθεμένου.
2647 2573 2890 2644 Ἥρχετο
2909 2568 3048 2640 πρὸς
3073 2566 3164 2619 τὸν
3193 2566 3415 2636 ἕτερον,
3448 2562 3542 2615 καὶ
3593 2560 3711 2613 ἐλε-

2124 2666 2398 2739 γενηαύτῷ
2418 2683 2433 2698 ο
2475 2664 2608 2718 Ἰδοὺ
2636 2663 2730 2716 τὸν
2752 2660 2980 2730 ἀδελφόν
3016 2676 3109 2712 σου
3136 2656 3331 2710 ἔπεισα
3366 2657 3546 2725 μεῖναι
3570 2654 3711 2715 τὲως

2122 2760 2218 2812 ἕνα
2254 2756 2523 2817 ἐνιαυτὸν,
2563 2754 2640 2817 ὡς
2672 2752 2823 2806 ἔστιν
2849 2750 3058 2814 λαῖκός.
3084 2748 3302 2811 Εὐθέως
3337 2745 3432 2799 οὖν
3471 2742 3710 2814 ἀπεκρί-

2123 2867 2253 2906 νατο
2284 2848 2454 2920 αὐτῷ,
2481 2848 2616 2918 πρὸς
2642 2846 2700 2900 ὃν
2734 2844 2894 2898 τοῦτο
2921 2844 3104 2911 ἔλεγεν
3129 2856 3143 2869 θ
3186 2840 3313 2893 Ἐὰν
3336 2839 3480 2892 θέλει
3504 2837 3711 2899 ἐκεῖνος

2126 2944 2328 3013 μεῖναι,
2373 2917 2555 3011 μείνῃ,
2616 2937 2810 3001 ὅντως,
2865 2936 3071 3005 Πάτερ,
3111 2932 3222 3002 ἐγὼ
3273 2931 3375 2984 οὐκ
3415 2928 3708 2998 ἀνέχομαι.
3755 2917 3762 2924 ’

2124 3033 2239 3089 Kui
2260 3033 2422 3087 τοῦτο
2442 3032 2499 3085 δὲ
2529 3026 2685 3084 εἶπεν
2709 3028 2859 3099 αύτῷ
2896 3030 2924 3081 ὀ
2958 3023 3210 3095 Συμεὼν,
3267 3023 3359 3076 ὅτε
3412 3019 3535 3074 κατ’
3570 3016 3712 3071 ἰδίαν

2123 3124 2385 3194 ἐλάλησεν
2416 3122 2606 3194 αύτῷ·
2663 3120 2928 3183 Σπεῦσον,
2975 3117 3183 3186 Πάτερ,
3227 3114 3316 3168 διὰ
3344 3112 3438 3166 τὸν
3476 3109 3709 3180 Κύριον·

434 3230 505 3286 ab
539 3244 685 3288 anno
724 3245 951 3287 uxorem
996 3229 1152 3284 duxit
1188 3229 1529 3299 prazdivitem
1586 3238 1643 3286 et
1701 3228 2019 3290 formosam,

2128 3216 2221 3268 xui
2240 3214 2351 3285 γὰρ
2388 3211 2525 3266 πολύ
2566 3228 2669 3282 μου
2697 3210 2896 3281 τρέμει
2935 3211 2969 3280 ἡ
3006 3206 3205 3278 καρδία
3246 3204 3337 3258 διὰ
3360 3203 3452 3257 τὸν
3482 3199 3713 3271 ἀδελφὸν

432 3335 633 3377 rursus
657 3321 899 3389 rapiatur
927 3320 1097 3391 ipsius
1119 3321 1414 3388 desiderio,
1443 3330 1496 3379 et
1525 3321 1594 3379 ab
1628 3335 1812 3377 amore
1839 3320 2024 3375 divino

434 3412 682 3472 deﬁciat.

506 3595 595 3650 ιε.
637 3592 880 3649 Joannes
913 3594 1112 3649 iterum
1137 3594 1368 3650 seorsim
1412 3594 1583 3649 multa
1614 3609 1739 3649 cum
1766 3609 1929 3666 prece
1969 3603 2025 3649 et

431 3687 689 3759 lacrymis
714 3688 928 3761 (utpote
947 3687 1041 3757 qui
1093 3702 1157 3742 ea
1201 3686 1374 3742 multo
1411 3686 1658 3743 vivacius
1691 3702 1802 3757 prae
1847 3686 2024 3742 oculis

348 3773 352 3778 ’
433 3781 691 3846 habebat,
729 3795 889 3851 quam
914 3778 1085 3835 frater
1114 3778 1378 3851 Symeon)
1410 3778 1592 3835 eidem
1623 3778 1740 3834 viro
1765 3785 2023 3849 spectatae

435 3870 653 3929 virtutis
683 3870 814 3925 illud
839 3870 974 3926 dixit
1007 3887 1021 3924 :
1061 3868 1141 3930 Ne
1163 3870 1439 3941 permitte,
1487 3867 1672 3933 Pater,
1704 3877 1764 3923 ut
1795 3867 2020 3922 fratrem

366 4014 371 4019 ι
431 3978 618 4018 meum
663 3964 911 4025 amittam
958 3971 1182 4033 propter
1227 3973 1301 4018 te.
1351 3959 1567 4016 Etenim
1617 3961 1732 4017 sola
1781 3960 1886 4031 ipsi
1939 3971 2024 4016 est

337 4076 342 4081 ·
430 4066 630 4121 mater,
664 4056 759 4109 sed
801 4063 908 4109 tam
943 4055 1190 4124 impense
1216 4054 1475 4111 amabant
1521 4054 1665 4108 inter
1704 4068 1785 4118 se,
1817 4061 1878 4108 ut
1910 4068 2022 4107 non

427 4156 621 4216 posset
649 4147 786 4202 duas
825 4147 989 4201 horas
1019 4147 1138 4201 sine
1167 4146 1286 4216 ipsa
1337 4146 1639 4215 transigere
1666 4161 1680 4211 ;
1724 4145 1821 4200 sed
1851 4159 2025 4214 usque

434 4238 598 4295 hodie
627 4238 932 4293 dormirent
975 4237 1158 4301 simul,
1191 4246 1247 4291 et
1287 4245 1460 4292 mater
1488 4237 1627 4306 ejus,
1660 4245 1715 4291 et
1757 4235 1907 4306 ipse;
1932 4249 2026 4289 ne-

430 4345 540 4401 que
572 4337 742 4384 noctu
776 4329 1021 4399 separari
1054 4336 1299 4399 possent.
1351 4325 1410 4383 ld
1457 4327 1604 4397 quod
1649 4327 1884 4381 maxime
1936 4341 2024 4381 me

430 4423 547 4482 urit
569 4432 626 4478 et
654 4422 859 4488 exedit,
911 4422 1088 4477 donec
1118 4420 1295 4490 ipsum
1329 4429 1546 4475 tonsum
1568 4418 1872 4487 videro,'et
1899 4426 2023 4472 tan-

431 4517 557 4571 dem
582 4515 651 4570 de
678 4530 745 4570 eo
767 4528 879 4569 non
908 4511 1144 4583 amplius
1170 4512 1433 4567 laborem.
1468 4510 1657 4569 Audiit
1682 4510 1767 4565 vir
1792 4525 2024 4582 magnus

432 4608 659 4663 alterius
697 4606 763 4661 de
796 4605 971 4660 altero
1006 4618 1220 4668 curam,
1257 4611 1311 4658 et
1351 4610 1534 4658 certus
1563 4602 1855 4674 quod-non
1888 4617 2024 4657 con-

432 4697 627 4754 fundat
657 4698 818 4763 Deus,
842 4711 1022 4767 neque
1051 4696 1319 4767 despiciat
1346 4710 1462 4758 eos,
1486 4694 1579 4765 qui
1607 4709 1671 4748 ex
1707 4702 1821 4751 toto
1857 4695 2025 4749 corde

430 4796 490 4845 et
513 4788 618 4844 llde
645 4804 751 4844 nou
783 4789 1066 4845 haesitante
1097 4789 1166 4843 ad
1191 4788 1367 4858 ipsum
1402 4785 1750 4856 confugiunt,
1784 4785 2024 4841 adducto

296 4912 396 4990 «Ὢ
434 4881 645 4947 forﬁce,
678 4889 733 4936 et
762 4894 851 4944 eo,
890 4894 1000 4949 quo
1040 4896 1136 4951 par
1169 4888 1274 4945 est,
1304 4878 1519 4943 ordine,
1558 4877 1717 4933 altari
1746 4879 2023 4948 superim-

538 4975 573 4990 ..
822 4972 1053 4990 .-.__...
1536 4983 1719 4990 “mm
1755 4968 1998 4990 “una---

433 4975 635 5046 posito,
676 4973 799 5029 illos
820 4972 1058 5027 totondit
1080 4971 1214 5042 (l6),
1246 4980 1303 5026 et
1329 4968 1508 5025 exutis
1531 4983 1722 5024 eorum
1755 4968 2023 5032 vestibus,

432 5063 614 5122 induit
640 5078 737 5120 eos
787 5064 909 5121 aliis
951 5062 1017 5119 ad
1057 5061 1593 5118 commiserationem
1636 5060 1880 5131 quidem,
1929 5062 2024 5115 sed

433 5158 597 5214 simul
642 5159 710 5217 ad
755 5155 1178 5217 sanctimoniam
1222 5153 1671 5211 accommodatis.
1711 5151 2024 5224 Compatic-

2140 3306 2415 3377 Ἰωάννην,
2447 3306 2530 3359 ὅτι
2570 3303 2664 3359 ἀπ’
2704 3304 2859 3368 ἔτους
2887 3301 3118 3373 ἐζεύχθη
3155 3298 3378 3370 γυναικὶ
3432 3296 3574 3350 πάνυ
3617 3292 3710 3346 εὐ-

2127 3401 2280 3473 πὸρῳ
2316 3398 2411 3453 xui
2442 3398 2643 3470 ὡραία,
2682 3397 2757 3469 μὴ
2791 3396 2955 3451 πάλιν
2983 3398 3012 3450 6
3042 3394 3179 3467 πρὸς
3212 3393 3384 3460 αὐτὴν
3414 3390 3580 3451 πόθος
3611 3388 3711 3456 ἁρ-

2126 3494 2292 3548 πάσει
2311 3493 2497 3558 αὑτὸν,
2529 3493 2627 3546 xui
2658 3490 2903 3560 ἐκλείψει
2936 3489 3003 3542 ἐκ
3021 3487 3117 3541 τοῦ
3146 3486 3283 3557 πρὸς
3310 3482 3445 3537 Θεὸν
3478 3480 3670 3534 πόθου.

2202 3586 2288 3655 ιβ’.
2317 3586 2488 3641 Πάλιν
2530 3584 2589 3638 δέ
2644 3584 2673 3637 6
2724 3580 2983 3653 Ἰωάννης
3031 3578 3191 3633 τοῦτο
3224 3574 3365 3632 κατὰ
3412 3573 3584 3644 μόνας
3628 3569 3712 3644 τῷ

2124 3679 2274 3749 αύτῷ
2298 3678 2537 3749 ἐναρέτῳ
2567 3675 2721 3747 ἀνδρὶ
2743 3671 2900 3728 εἶπεν
2951 3673 3096 3744 μετά
3129 3669 3337 3739 πολλῆς
3367 3667 3579 3729 ἱκεσίας
3612 3664 3711 3717 xui

2123 3773 2372 3843 δακρύων
2397 3787 2410 3802 ·
2434 3770 2528 3823 xui
2568 3767 2678 3839 γὰρ
2712 3766 2982 3833 ἐκέκτητο
3015 3763 3158 3817 αὐτὰ
3200 3760 3307 3832 πρὸ
3348 3757 3456 3811 τῶν
3502 3752 3711 3824 ὀφθαλ-

2128 3863 2245 3936 μῶν
2291 3859 2454 3917 αὐτοῦ
2513 3857 2758 3930 φυσικῶς
2791 3856 2962 3910 πλείω
3017 3851 3113 3908 τοῦ
3159 3848 3394 3921 ἀδελφοῦ
3444 3843 3709 3916 Συμεὼν·

2126 3957 2310 4027 Πάτερ
2351 3954 2428 4025 μὴ
2474 3951 2728 4006 ἀπολέσω
2768 3950 2860 4003 τὸν
2892 3946 3120 4016 ἀδελφόν
3188 3959 3292 4015 μου
3342 3940 3428 3994 διὰ
3469 3939 3565 3992 σοῦ
3614 3937 3712 3993 xui

2123 4047 2235 4121 γὰρ
2265 4046 2482 4119 μητέρα
2510 4044 2750 4114 κέκτητο
2782 4041 2966 4113 μόνον,
3000 4039 3096 4093 xui
3127 4034 3375 4098 τοιοῦτος
3416 4027 3487 4104 ἦν
3516 4033 3544 4084 6
3576 4030 3711 4082 ἐκα-

2123 4142 2282 4212 τέρου
2310 4138 2497 4203 πόθος,
2535 4135 2676 4190 ὥστε
2719 4134 2798 4207 μὴ
2846 4131 3111 4187 δύνασθαι
3134 4128 3296 4183 αὐτὸν
3343 4124 3568 4195 ποιῆσαι
3615 4121 3713 4175 δύο

2123 4230 2272 4301 ὥρας
2321 4227 2521 4294 ἔξωθεν
2569 4225 2763 4297 αὐτῆς,
2799 4223 2915 4278 ἀλλ’
2962 4223 3069 4286 ἕως
3108 4221 3352 4291 σήμερον
3408 4213 3712 4284 ἐκοιμῶντο

2125 4322 2453 4396 ἀμφότεροι,
2479 4319 2516 4390 ἦ
2535 4335 2595 4372 τε
2630 4319 2812 4390 μήτηρ
2830 4314 2994 4370 αὑτοῦ
3022 4312 3118 4369 xui
3138 4311 3323 4376 αύτδς,
3350 4308 3487 4380 μήτε
3515 4304 3713 4396 νυκτδς

2125 4394 2456 4488 χωρίζεσθαι
2488 4412 2782 4490 δυνάμενοι
2802 4424 2816 4439 ⁸
2842 4409 2984 4479 ὅπερ
3018 4404 3258 4478 μάλιστα
3291 4400 3435 4456 καίει
3456 4399 3551 4454 xui
3570 4394 3714 4469 τρώ-

2125 4525 2214 4577 γει
2250 4524 2317 4578 με
2343 4507 2503 4578 ἄχρις
2531 4506 2599 4559 ἂν
2628 4501 2994 4573 κουρευθέντα
3020 4496 3184 4552 αὑτὸν
3213 4495 3333 4560 ῐδω,
3361 4492 3458 4547 xui
3486 4489 3710 4578 τελείως

2057 4601 2099 4656 D
2127 4575 2566 4670 ἀπομεριμνήσω
2593 4595 2727 4667 περὶ
2749 4591 2938 4649 αὐτοῦ.
2964 4590 3077 4657 Τῆς
3106 4587 3238 4658 παρ’
3267 4582 3596 4657 ἀμφοτέρων
3616 4575 3712 4636 οὖν

2132 4689 2273 4759 ὑπὲρ
2301 4687 2403 4757 τῆς
2432 4687 2511 4750 είς
2538 4684 2807 4755 ἀλλήλους
2835 4679 3119 4751 φροντίδος
3145 4677 3380 4751 ἠκουσεν
3422 4674 3451 4726 6
3501 4670 3709 4742 μέγας,

2132 4784 2227 4838 καὶ
2254 4777 2717 4853 πληροφορηθεὶς,
2766 4775 2843 4839 ὡς
2875 4773 2937 4827 ού
2970 4768 3326 4840 καταισχύνει
3356 4768 3385 4819 6
3406 4764 3561 4827 Θεὸς,
3589 4761 3712 4853 οὐδε

2134 4852 2478 4946 παραϐλέπει
2535 4871 2663 4933 τοὺς
2711 4867 2991 4937 όλοψύχως
3049 4863 3146 4917 xui
3183 4859 3525 4919 ἀδιστάκτως
3561 4852 3715 4924 αὐτῷ

2133 4962 2610 5037 προσδραμόντας,
2634 4959 2862 5029 ἀγαγὼν
2888 4958 2953 5010 τὸ
2979 4954 3225 5026 ψαλίδιον
3247 4992 3263 5017 ,
3306 4949 3401 5004 xui
3440 4948 3580 5020 μετά
3612 4948 3714 5017 τῆς

2133 5053 2525 5130 προσηκούσης
2548 5052 2778 5118 τάξεως,
2807 5046 3068 5111 τεθεικὼς
3097 5047 3192 5099 ἐπὶ
3215 5043 3311 5097 τοῦ
3335 5042 3491 5112 ἁγίου
3526 5038 3719 5093 θυσια-

2134 5147 2381 5218 στηρίου,
2415 5146 2744 5217 ἐκούρευσεν
2781 5140 3003 5204 αὐτοὺς,
3043 5137 3138 5191 xui
3164 5133 3398 5193 ἐκδύσας
3430 5132 3502 5185 τὰ
3522 5132 3717 5201 ἱμάτια

1960 5263 2192 5321 NOTAE.

510 5365 622 5438 (ιι)
652 5364 848 5438 Laicus
878 5372 986 5428 est,
1036 5365 1128 5435 qui
1157 5364 1293 5438 _vitze
1341 5361 1688 5438 institutione
1741 5376 1770 5414 a
1806 5358 2027 5438 populo

434 5429 546 5560 ἲοὲ
571 5429 655 5490 est
696 5437 988 5559 dislcretus,
1017 5429 1171 5506 quasi
1201 5433 1474 5504 popularis
1517 5448 1615 5488 seu
1655 5429 1951 5497 swcularis,
1993 5444 2024 5483 a

470 5525 505 5560 α
536 5523 584 5560 ς.
622 5522 765 5560 noou
793 5522 874 5560 us.

470 5522 584 5570 αος,
622 5522 874 5570 ρορυιυε.

510 5522 901 5641 οἶὲ)Ρ‹ὀιί)ἒίιυι-ῗο
945 5576 1090 5632 circa
1143 5590 1335 5631 vocem
1386 5572 1659 5654 diuo-ruﬁ}.
1696 5587 1763 5627 ex
1818 5571 2024 5625 Isidoro

510 5577 711 5699 iusiota
771 5646 865 5699 lib.
914 5664 952 5699 I.
1000 5646 1163 5699 epist.
1216 5648 1241 5699 l
1298 5646 1367 5699 ad
1413 5642 1593 5699 Nilum
1633 5643 1965 5697 monachum
2007 5658 2022 5696 :

436 5642 711 5716 Pelusiota
761 5646 865 5716 lib.
914 5664 952 5708 I,
1000 5646 1163 5716 epist.
1216 5648 1241 5701 1
1298 5646 1367 5700 ad
1413 5642 1593 5716 Nilum
1628 5642 1965 5716 monachum
2007 5658 2022 5696 :

444 5736 464 5767 ι
508 5713 698 5786 Sancti
723 5715 844 5786 viri,
873 5713 1188 5786 monasticae
1210 5715 1587 5786 philosotibia:
1636 5713 1937 5786 principes__
1967 5720 2026 5764 et

439 5782 806 5850 antesignani.
850 5799 915 5837 ex
962 5781 1243 5837 aerumnis
1264 5794 1321 5839 et
1360 5782 1778 5844 certaminibus,
1826 5781 2028 5849 quibus

444 5850 722 5925 perfuncti
776 5861 925 5925 sunt,
969 5854 1232 5906 vocabula
1285 5867 1504 5925 quoque
1559 5854 1719 5904 rebus
1749 5865 2026 5925 _congrua,

444 5918 709 5980 inonendi
759 5921 931 5973 nostri
978 5928 1140 5988 atque
1192 5918 1477 5974 erudiendi
1532 5933 1694 5975 causa
1747 5918 2026 5989 imposue-

2134 5368 2261 5413 runt
2295 5377 2306 5412 :
2337 5375 2461 5415 cum
2490 5356 2777 5426 ἀποταγὴν
2804 5350 3170 5426 secessionem
3205 5362 3234 5401 a
3267 5345 3455 5426 rebus,
3494 5358 3562 5397 ex
3601 5357 3722 5426 ma:-

2132 5431 2266 5484 teria
2328 5413 2601 5485 concretis
2635 5466 2652 5491 ,
2684 5413 2763 5480 'e't
2810 5421 3091 5491 ὑποταγὴν
3167 5414 3595 5488 prepensionem
3649 5413 3718 5465 atl

2129 5499 2493 5554 obcdiendum
2525 5501 2931 5567 nuncuparunt.
2974 5509 2993 5542 ι
3063 5561 3074 5567 _
3170 5558 3202 5567 _
3281 5556 3320 5567 η
3387 5555 3398 5567 ,
3458 5555 3504 5567 η

2202 5570 2312 5639 (16)
2350 5568 2519 5639 Breve
2568 5576 2653 5639 est
2691 5553 2821 5620 illud
2868 5561 3110 5639 auctoris
3161 5558 3238 5639 _De
3274 5555 3417 5610 Eccl.
3450 5553 3720 5636 ζιὶενατεζι.

2131 5626 2252 5711 cap.
2280 5624 2352 5695 ἐς
2397 5660 2416 5690 ι
2449 5636 2722 5711 Sacerdos
2758 5632 3093 5711 monachum
3133 5626 3515 5711 sigqo‘crticis
3534 5624 3717 5711 cori-si:

2132 5695 2328 5784 quens,
2362 5709 2556 5784 tondet
2590 5707 2644 5784 in
2671 5701 3121 5784 noruine‘l’atri‘s,
3145 5695 3209 5754 et
3232 5698 3372 5784 Filii,
3399 5695 3722 5784 ctASpiAritus

2132 5773 2328 5847 sancti,
2377 5776 2746 5847 detractisque
2798 5773 3173 5835 vestimentis,
3226 5773 3378 5840 nigra
3440 5773 3591 5821 veste
3635 5778 3726 5816 ιιι-

2133 5852 2273 5909 duit.
2319 5870 2336 5901 ι
