3956 6220
233 397 379 477 1635

1414 368 1421 372 ’
1496 410 1670 473 vm
1714 411 1773 471 s.
1810 410 2206 475 SYMEONIS.

3353 406 3491 475 1686

241 525 443 587 αὐτῶν,
478 523 723 583 ἐνέδυσεν
764 522 983 589 αὐτοὺς,
1035 519 1231 590 οίκτρά
1273 519 1394 590 μὲν,
1446 518 1593 590 ὅμως
1650 518 1838 586 ἅγια,

1939 528 2068 573 natur
2115 519 2249 588 ipsis
2280 518 2362 573 vir
2413 518 2632 590 sapiens
2674 529 2731 575 et
2769 515 3249 575 commiseratione
3294 520 3494 590 plenus

244 612 408 668 ἐλεῶν
434 613 633 676 αὐτοὺς
660 610 689 665 ὁ
727 611 891 682 σοφὸς
931 609 1026 664 καὶ⁸
1064 608 1539 680 συμπαθέστατος,
1579 607 1668 661 διὰ
1716 608 1817 678 τὴν

244 705 339 759 τοῦ
379 705 629 775 σώματος
658 704 838 757 αὐτῶν
867 703 1252 776 ἀπαλότητα,
1302 701 1397 754 acati.
1446 699 1817 754 ἀσυνείθιστον

247 794 655 849 κακοπάθειαν.
674 793 1105 864 Κουρευομένων
1126 792 1184 846 δὲ
1214 791 1414 856 αὐτῶν,
1449 793 1477 845 ό
1511 791 1610 862 μὲν
1639 792 1819 844 Ἰωάν-

247 904 342 957 νης
371 885 586 940 ἔκλαιεν
627 885 770 939 πάνυ
789 901 803 915 ο
836 887 863 938 ό
885 885 941 939 δέ
966 883 1191 954 Συμεὼν
1215 883 1434 936 ἔνευσεν
1463 882 1654 936 τοῦτον
1681 882 1820 934 παύ-

249 976 468 1039 σασθαι,
505 975 579 1046 μὴ
608 975 743 1031 νοῶν
774 976 913 1039 ὅλως
947 975 1008 1028 τὸ
1033 975 1123 1028 διὰ
1151 975 1204 1028 τί
1252 974 1432 1028 κλαίει
1452 990 1468 1006 ο
1506 974 1679 1026 ἐδόκει
1713 974 1822 1043 γὰρ

246 1065 331 1118 ὅτι
359 1066 466 1119 ἀπὸ
486 1067 803 1141 λύπης-τῶν
834 1068 1038 1137 γονέων
1081 1069 1268 1134 αὐτοῦ,
1323 1069 1415 1121 καὶ
1464 1067 1565 1136 τῆς
1601 1067 1822 1137 ἀγάπης

246 1154 351 1224 τῆς
377 1160 635 1224 γυναικὸς
672 1159 838 1214 αὑτοῦ
868 1159 1070 1214 κλαίει.
1103 1161 1258 1214 Μετά
1295 1155 1388 1213 οὖν
1432 1158 1495 1213 τὺ
1522 1158 1822 1230 κουρευθῆ-

248 1263 339 1298 ναι
365 1248 582 1316 αὐτοὺς,
623 1251 718 1304 καὶ
741 1250 838 1321 τὴν
864 1251 1027 1319 ἁγίαν
1067 1250 1287 1315 σύναξιν
1322 1250 1654 1307 ἐπιτελέσαι.
1692 1250 1824 1304 ἐκα-

252 1335 439 1401 θέζετο
495 1338 656 1393 πάλιν
703 1343 733 1395 ό
765 1340 1088 1412 ἡγούμενος,
1122 1341 1211 1396 διά
1261 1340 1445 1410 πάσης
1496 1339 1683 1409 σχεδὸν
1727 1341 1825 1408 τῆς

253 1428 468 1499 ἡμέρας
488 1431 757 1486 νουθετῶν
786 1432 1006 1492 αὐτούς.
1043 1433 1199 1505 "nam
1225 1434 1334 1500 γὰρ
1360 1434 1442 1486 ὅτι
1469 1433 1531 1485 ού
1563 1432 1828 1503 πολυχρο-

253 1518 437 1573 νοῦσιν
471 1521 604 1590 πρὸς
631 1522 813 1588 αὑτὸν,
836 1522 934 1576 τοῦ
963 1522 1099 1576 Θεοῦ
1132 1524 1228 1577 καὶ
1256 1523 1415 1576 τοῦτο
1438 1524 1829 1595 οἰκονομήσαν-

250 1628 365 1674 τος.
401 1613 481 1683 Τῇ
506 1608 602 1667 οὖν
623 1614 887 1686 ἐπαύριον
921 1615 1195 1679 ἐϐούλετο,
1222 1615 1392 1687 οὔσης
1424 1616 1588 1684 ἁγίας
1613 1618 1826 1687 Κυρια-

254 1705 380 1772 κῆς,
405 1703 586 1758 δοῦναι
616 1706 802 1770 αὐτοῖς
823 1707 919 1761 καὶ
948 1706 1009 1760 τὸ
1038 1708 1193 1775 ἅγιον
1220 1707 1427 1776 σχῆμα.
1462 1707 1548 1770 Ὧς
1572 1703 1667 1761 οὖν
1681 1724 1829 1770 τινες

252 1794 363 1847 τῶν
388 1794 633 1865 ἀδελφῶν
666 1796 856 1866 ἔλεγον
889 1799 1074 1867 αὐτοῖς
1093 1815 1108 1829 ο
1136 1799 1416 1870 Μακάριοι
1444 1800 1590 1860 ἐστε,
1624 1799 1706 1852 ὅτι
1734 1797 1830 1851 αὖ·

259 1899 375 1953 ριον
414 1855 802 1953 ἀναγεννᾶσθέ,
842 1889 936 1940 καὶ
969 1855 1187 1956 γίνεσθε
1209 1855 1442 1958 καθαροὶ
1467 1888 1539 1951 ὼς
1567 1855 1827 1957 ἐγεννήθ-
1860 1855 1902 1913 Β

254 1991 354 2048 ητε
395 1976 504 2029 ἀπὸ
537 1976 721 2047 πάσης
753 1979 1065 2047 ἁμαρτίας,
1107 1979 1182 2042 ὡς
1207 1978 1297 2032 ἵνα
1347 1980 1487 2049 αὐτῇ
1537 1982 1603 2048 τῇ
1645 1978 1831 2050 ἡμέρᾳ

256 2065 645 2137 ἐϐαπτίσθητε,
677 2068 1094 2140 ἐθαμϐήθησαν,
1125 2069 1219 2122 καὶ
1259 2069 1494 2140 ἔδραμον
1525 2068 1830 2139 ἀμφότεροι

258 2159 393 2227 πρὸς
421 2159 513 2212 τὸν
543 2160 686 2214 θεῖον
719 2161 942 2215 Νίκωνα
962 2202 976 2226 ,
1016 2161 1114 2231 ὀψὲ
1142 2162 1221 2233 τῷ
1253 2161 1540 2232 Σαϐϐάτῳ,
1583 2160 1680 2214 καὶ
1716 2160 1830 2222 τοῖς

258 2250 416 2304 ποσὶν
457 2251 622 2305 αὐτοῦ
663 2253 1038 2323 προσέπιπτον
1093 2252 1346 2320 λέγοντες
1373 2268 1387 2282 ο
1424 2249 1676 2321 Δεόμεθά
1712 2266 1828 2312 σου,

257 2340 463 2410 Πάτερ,
494 2341 569 2413 μὴ
624 2342 893 2416 βαπτίσῃς
942 2344 1109 2414 ἡμᾶς’
1149 2343 1469 2413 Χριστιανοὶ
1504 2340 1615 2412 γάρ
1665 2343 1833 2411 ἐσμεν

256 2433 354 2485 καὶ
409 2430 753 2499 Χριστιανῶν
810 2434 1038 2502 γονέων.
1085 2433 1146 2487 '0
1183 2433 1242 2488 δὲ
1296 2433 1370 2504 μὴ
1419 2433 1583 2501 γνοὺς
1611 2432 1665 2485 τί
1692 2427 1834 2500 ἦσαν

256 2524 555 2592 ἀκηκοότες
585 2524 692 2577 ὑπὸ
727 2525 838 2578 τῶν
879 2525 975 2578 τοῦ
1008 2525 1279 2579 κοινοϐίου
1320 2526 1599 2596 Πατέρων,
1647 2523 1833 2593 ἔλεγεν

258 2612 395 2682 πρὸς
425 2614 651 2677 αὺτούςσ
676 2615 770 2678 Τίς
798 2614 1133 2684 γὰρ,τέκνα,
1164 2616 1308 2669 θέλει
1347 2615 1611 2685 βαπτίσαι
1646 2616 1831 2685 ὑμᾶςς

258 2706 319 2756 Οί
355 2704 412 2756 δὲ
439 2701 610 2758 εἷπον·
640 2706 702 2759 Ol
732 2705 911 2776 κύριοι
943 2708 992 2759 οἱ
1021 2706 1282 2760 δεσπόται
1313 2704 1496 2776 ήμῶν,
1522 2707 1572 2760 oi
1600 2704 1697 2759 τοῦ
1735 2722 1834 2776 μο-

259 2796 552 2866 ναστηρίου
584 2798 846 2868 Πατέρες,
864 2797 1115 2866 λέγουσιν
1142 2800 1293 2869 ἡμῖν,
1318 2799 1401 2851 ὅτι
1421 2796 1622 2868 Δῦριον
1644 2796 1837 2861 ἐξαναο

259 2884 611 2949 ϐαπτίζεσθε.
645 2886 781 2939 Τότε
813 2887 1046 2958 συνῆκεν
1075 2890 1104 2940 ὁ
1126 2887 1449 2959 ἡγούμενος,
1476 2889 1558 2943 ὃτι
1587 2889 1716 2958 περὶ
1743 2888 1835 2941 τοῦ

262 2975 418 3041 ἀγίου
458 2978 738 3047 σχήματος
790 2973 944 3031 εἷπον
974 2979 1181 3044 αὐτοῖς,
1218 2979 1315 3032 καὶ
1366 2978 1517 3047 λέγει
1557 2978 1692 3050 πρὸς
1737 2978 1837 3031 αύ-

260 3067 387 3124 τούς
413 3083 429 3097 ·
481 3067 676 3132 Καλῶς
704 3065 878 3134 εἶπον,
908 3063 954 3123 ὧ
994 3069 1183 3123 τέκναο
1216 3071 1311 3123 καὶ
1354 3070 1463 3140 γὰρ
1503 3069 1598 3123 τοῦ
1630 3070 1836 3140 Κυρίου

1919 621 2140 678 propter
2174 617 2417 665 teneram
2446 610 2694 680 corporis
2730 609 3202 672 constitutionem,
3237 619 3294 665 et
3320 611 3462 665 mole‘

1918 702 2103 763 stiam,
2133 702 2220 755 cui
2252 716 2363 756 non
2391 708 2766 755 assueverant.
2796 701 3086 769 Postquam
3118 698 3260 754 tonsi
3286 707 3492 762 essent,

1917 790 2157 846 Joannes
2186 792 2614 847 ubertimflerit.
2633 791 2740 847 Sed
2768 789 3002 860 Sylncon
3028 790 3290 845 innuebat
3319 798 3378 844 ut
3399 791 3495 844 de-

1920 881 2158 947 sisteret,
2204 881 2430 936 omnino
2491 880 2715 950 ignarus
2761 897 2860 936 cur
2910 878 3084 934 ﬂeret.
3142 878 3493 933 Existimabat

1920 972 2066 1025 enim
2091 971 2267 1040 ipsum
2296 969 2427 1025 ﬂere
2466 986 2577 1039 prae
2603 969 2790 1023 dolore
2822 984 2949 1039 erga.
2972 976 3227 1038 parentes
3262 983 3411 1031 suos,
3441 976 3498 1020 et

1922 1063 2209 1117 dilectione
2236 1061 2483 1134 conjugis
2510 1076 2643 1116 sua).
2681 1059 2927 1116 Tonsura
2968 1069 3023 1117 et
3045 1063 3230 1132 synaxi
3279 1059 3498 1115 absolu-

1925 1155 2014 1218 tis,
2053 1154 2236 1207 denuo
2266 1153 2516 1208 consedit
2571 1154 2932 1224 hegumenus,
2986 1168 3084 1222 per
3137 1162 3305 1208 totam
3358 1168 3499 1221 pene

1924 1244 2069 1299 diem
2096 1243 2241 1313 ipsos
2269 1243 2591 1298 admonens.
2621 1241 2844 1298 Sciebat
2881 1242 3028 1296 enim
3060 1256 3154 1296 eos
3192 1256 3301 1295 non
3338 1242 3499 1312 longo

1926 1344 2171 1406 tempore
2214 1335 2357 1405 apud
2386 1348 2471 1389 'se
2507 1343 2963 1398 commoraturos,
3010 1333 3115 1387 hoc
3158 1348 3377 1401 quoque
3426 1333 3498 1387 ita

1925 1425 2277 1494 dispensante
2307 1424 2437 1478 Deo.
2468 1421 2691 1477 Postera
2722 1438 2851 1492 ergo
2879 1422 2988 1486 die,
3020 1437 3142 1490 quae
3162 1429 3281 1474 erat
3311 1428 3499 1474 sancta

1876 1570 1884 1579 ,
1928 1516 2225 1583 Dominica,
2278 1517 2410 1571 dare
2466 1515 2595 1585 ipsis
2654 1514 2870 1569 volebat
2931 1524 3181 1568 sanctum
3231 1512 3498 1566 habitum.

1929 1610 2067 1664 Dum
2083 1607 2332 1664 nonnulli
2378 1606 2606 1662 fratrum
2651 1605 2788 1676 ipsis
2824 1604 3117 1660 dicebant:
3163 1603 3307 1658 Beati
3345 1604 3501 1669 estis,

1928 1703 2055 1773 quia
2080 1718 2200 1757 eras
2234 1698 2690 1772 regenerabimini
2717 1707 2773 1753 et
2804 1696 3201 1752 mundabimini
3242 1696 3310 1749 ab
3354 1694 3503 1749 omni

1929 1801 2173 1862 peccato,
2209 1801 2268 1846 ut
2295 1789 2541 1844 mundati
2579 1788 2761 1843 fuistis
2796 1786 2988 1843 eadem
3031 1785 3145 1851 die,
3184 1801 3289 1855 qua
3324 1783 3504 1839 fuistis

1931 1881 2186 1951 baptizati
2233 1899 2246 1934 :
2301 1879 2504 1936 turbati
2566 1887 2796 1947 uterque
2846 1878 2916 1933 ad
2945 1876 3193 1931 divinum
3242 1873 3503 1928 Niconeut

1930 1981 2316 2040 cucurrerunt,
2349 1987 2578 2043 vespere
2606 1970 2850 2035 Sabbati,
2881 1978 2936 2025 et
2956 1969 3184 2039 pedibus
3213 1968 3331 2037 ejus
3359 1966 3530 2047 acuis

1929 2065 2149 2130 derunt,
2177 2065 2426 2119 dicentes
2455 2081 2468 2116 :
2504 2063 2779 2135 Rogamus
2803 2072 2875 2127 te,
2904 2061 3085 2123 Pater.
3119 2076 3187 2114 ne
3208 2074 3308 2113 nos
3330 2059 3507 2126 hami;

1930 2171 2053 2221 zes;
2106 2170 2231 2209 nam
2291 2153 2587 2209 Christiani
2636 2167 2851 2216 sumus,
2913 2159 2971 2205 et
3024 2146 3351 2204 Christianis
3401 2147 3503 2199 orti

1928 2247 2266 2316 parentibus.
2296 2246 2389 2301 llle
2420 2246 2640 2316 ignarus
2665 2244 2925 2314 quidnam
2965 2240 3304 2296 audivissent
3342 2253 3372 2292 c
3404 2236 3509 2290 Pa-

1933 2339 2106 2394 tribus
2132 2339 2389 2402 cinnobii,
2423 2338 2557 2393 dixit
2586 2337 2656 2392 ad
2684 2337 2834 2407 ipsos
2867 2354 2881 2391 :
2917 2333 3180 2400 Quisnam
3227 2329 3505 2399 baptizare

1934 2446 2029 2486 vos
2078 2431 2214 2495 vult,
2271 2428 2406 2485 ﬁlii?
2451 2427 2756 2483 Dixerunt:
2801 2425 3017 2480 Domini
3053 2422 3264 2478 aetheri
3308 2420 3507 2483 nostri,

1932 2521 2252 2578 monasterii
2272 2519 2485 2588 Patres,
2511 2520 2702 2575 dicunt
2735 2519 2895 2574 nobis
2923 2535 2937 2572 :
2971 2516 3104 2572 Cras
3147 2512 3538 2584 rebaptizabi.-~

1933 2613 2086 2668 mini.
2120 2613 2276 2671 Tunc
2303 2611 2572 2667 intellexit
2619 2612 2961 2681 hegumenus
2995 2606 3140 2678 quod
3170 2604 3305 2676 ipsis
3334 2604 3508 2659 dixis-

1933 2716 2058 2763 sent
2103 2707 2173 2762 de
2216 2713 2409 2760 sancto
2464 2703 2678 2759 habitu.
2722 2704 2789 2758 Et
2827 2701 2966 2757 dixit
3015 2699 3083 2755 ad
3139 2699 3302 2753 illos:
3345 2696 3515 2750 Recte

1933 2798 2213 2862 dixerunt,
2258 2797 2389 2862 filii;
2435 2812 2553 2852 cras
2581 2796 2730 2851 enim
2782 2804 2972 2850 sancto
3028 2801 3085 2847 et
3127 2790 3375 2862 angelico
3402 2788 3524 2857 (17}

1935 2888 2146 2955 habitu,
2172 2889 2216 2944 si
2258 2887 2367 2943 Deo
2398 2889 2574 2943 visum
2605 2886 2789 2950 fuerit,
2824 2886 3053 2942 induere
3094 2898 3195 2938 vos
3237 2882 3513 2937 volumus.

1937 2980 2039 3036 Ubi
2085 2981 2306 3036 innocui
2339 2981 2492 3051 pueri
2542 2979 2745 3035 Christi
2772 2978 3180 3039 intellexerunt,
3210 2974 3346 3028 nihil
3372 2973 3424 3026 in
3459 2988 3519 3025 se

1938 3071 2258 3133 desiderari.
2296 3080 2356 3126 ut
2391 3072 2753 3126 monasticum
2785 3069 3173 3124 vestimentum
3205 3066 3517 3121 induerent,

263 3155 631 3222 εὐδοκοῦντος,
665 3158 855 3230 αύριον
895 3159 1124 3230 θέλομεν
1161 3159 1380 3214 ἐνδῦσαι
1415 3161 1562 3231 ὑμᾶς
1592 3161 1654 3212 τὸ
1682 3159 1837 3228 ἅγιον

1939 3163 2129 3217 dicunt
2153 3162 2335 3217 abbati
2376 3179 2391 3214 :
2425 3161 2531 3217 Sed
2554 3161 2697 3218 enim
2725 3174 2958 3230 quanam
2981 3159 3085 3213 alia
3106 3174 3165 3212 re
3184 3156 3517 3226 indigemus,

266 3250 358 3299 καὶ
384 3250 675 3317 ἀγγελικὸν
704 3254 910 3323 σχῆμα.
960 3252 1046 3315 Ὧς
1070 3254 1302 3322 ἐνόησαν
1343 3253 1394 3306 οί
1440 3252 1710 3322 ἀπόνηροι
1742 3251 1834 3303 τοῦ

1944 3253 2123 3317 Pater,
2160 3260 2217 3317 ut
2262 3253 2552 3308 induamur
2585 3252 2832 3321 angelico
2873 3251 2989 3318 illo,
3031 3264 3192 3320 quem
3224 3247 3383 3313 dicis,
3423 3244 3523 3299 ita-

266 3338 506 3410 Χριστοῦ
536 3342 745 3409 παῖδες,
794 3343 967 3414 μηδὲν
990 3343 1190 3407 αὐτοὺς
1232 3342 1502 3396 ἐλλείπειν
1539 3341 1633 3396 τοῦ
1682 3342 1834 3396 ἐνδύ-

1949 3343 2092 3398 bitu.

269 3448 442 3502 ματος
479 3434 573 3487 τοῢ
602 3435 920 3506 μοναχικοῦ,
966 3435 1221 3505 λέγουσιν
1267 3434 1347 3507 τῷ
1385 3433 1568 3504 ἀϐϐᾷο
1610 3432 1676 3486 Τί
1710 3432 1850 3502 γὰρ,
1891 3434 2092 3506 Πάτερ,
2133 3435 2262 3492 ἄλλο
2309 3436 2362 3490 τί
2414 3453 2543 3491 ποτε
2571 3434 2864 3508 χρῄζομεν,
2903 3433 2992 3488 ἵνα
3047 3431 3396 3502 ἐνδυσώμεθα
3463 3427 3524 3480 τὸ

267 3526 564 3592 ἀγγελικον
597 3529 796 3589 ἐκεῖνο,
820 3526 849 3579 ὃ
878 3527 1078 3594 λέγεις,
1110 3525 1333 3596 σχῆμα;

340 3643 431 3705 ιγ’.
460 3630 570 3688 Ἦν
590 3635 648 3688 δέ
681 3635 852 3705 μέγας
889 3629 1043 3699 οὗτος
1079 3639 1148 3706 τῇ
1194 3635 1541 3707 προλαϐούση
1562 3635 1838 3706 ἐϐδομάδι,

271 3731 333 3781 ἐν
428 3728 524 3780 καὶ
550 3727 795 3798 ὑπῆρχεν
826 3727 921 3780 τοῦ
945 3727 1127 3797 τιμίου
1153 3728 1390 3799 σταυροῦ
1419 3728 1453 3798 ἡ
1484 3726 1717 3796 ὖψωσις,
1753 3727 1840 3779 δε-

270 3820 460 3883 δωκώς
487 3836 593 3872 τινι
626 3818 736 3872 τῶν
775 3818 1020 3888 ἀδελφῶν
1056 3818 1307 3889 νεωτέρῳ
1345 3820 1531 3890 σχῆμα
1562 3818 1623 3872 τὸ
1660 3817 1841 3885 ἅγιον,

221 3987 226 3992 ν
273 3914 368 3966 καὶ
387 3913 487 3966 ούκ
513 3907 582 3982 ἧν
607 3911 791 3983 ἀκμὴν
816 3909 1113 3986 πληρώσας
1144 3909 1244 3975 τὰς
1289 3910 1430 3965 ἐπτά
1458 3911 1696 3981 ἡμέρας,
1730 3910 1847 3963 ἀλλ’

273 4005 358 4059 ἔτι
386 4005 576 4075 ἐφόρει
605 4004 806 4069 πάντα,
832 4003 909 4067 ὠς
929 4003 1076 4057 ἐστιν
1098 4004 1132 4074 ἡ
1159 4002 1520 4066 κατάστασις,
1547 3999 1607 4054 ὃν
1630 4001 1849 4070 ἐπέτρε-

273 4101 377 4168 ψεν
425 4098 455 4151 ὁ
489 4096 663 4168 μέγας
718 4097 921 4160 εὐθέως
975 4097 1055 4160 είς
1106 4094 1269 4166 μέσον
1318 4092 1568 4165 ἀχθῆναι.
1624 4092 1714 4156 Ὠς
1742 4091 1836 4146 οῦν

274 4185 429 4261 ἦλθε,
452 4186 752 4259 θεωροῦσιν
778 4187 940 4242 αὐτὸν
955 4186 1278 4257 ἀμφότεροι,
1298 4186 1392 4238 καὶ
1420 4184 1623 4237 ἔπεσαν
1642 4182 1847 4246 εὐθέως

277 4281 359 4342 είς
382 4279 510 4342 τοὺς
535 4276 701 4341 πόδας
737 4276 832 4330 τοῦ
861 4275 1027 4341 ἀϐϐᾶ,
1062 4275 1159 4329 καὶ
1201 4270 1354 4327 εἶπον
1396 4272 1578 4344 αὐτῷ·
1605 4271 1849 4341 Δεόμεθά

279 4383 398 4431 σου,
422 4366 520 4419 ἐὰν
551 4364 726 4428 οὕτως
754 4364 903 4435 ἡμᾶς
934 4363 1151 4434 μέλλεις
1195 4362 1421 4427 ἐνδύειν,
1452 4363 1548 4415 καὶ
1592 4359 1850 4432 τοιαύτης

277 4458 574 4530 τιμῆςακαὶ
601 4457 760 4527 δόξης
788 4454 995 4521 ἀξιοῦν,
1038 4453 1135 4525 ἀφ’
1180 4454 1423 4524 ἑσπέρας
1472 4453 1722 4524 ποίησον,
1773 4452 1849 4522 μή

280 4566 397 4612 run;
425 4546 703 4617 ἄνθρωποι
728 4546 900 4610 ὄντες,
925 4544 1018 4599 διά
1043 4543 1145 4613 τῆς
1180 4543 1377 4608 νυκτὸς
1417 4542 1600 4614 φθάσῃ
1626 4543 1763 4612 ἡμῖν
1790 4540 1853 4593 τὸ

279 4639 640 4711 ἀνθρώπινον,
673 4638 772 4692 καὶ
795 4636 1129 4706 ἀπέλθωμεν
1151 4635 1254 4705 τῆς
1287 4633 1544 4704 τοιαύτης
1573 4634 1734 4704 δόξης
1755 4632 1854 4687 καὶ

281 4732 477 4802 χαρᾶς,
511 4730 607 4783 καὶ
639 4727 735 4782 τοῦ
771 4725 1016 4780 τοιούτου
1048 4726 1265 4797 όψικίου
1294 4728 1391 4780 καὶ
1422 4726 1690 4796 στεφάνου
1715 4725 1854 4776 ἀπο-

281 4797 556 4893 τυχόντες.
576 4818 665 4883 Ὣς
699 4816 792 4873 οὖν
831 4818 1064 4885 ἤκουσεν
1091 4817 1270 4871 αὐτῶν
1310 4820 1339 4871 ὁ
1367 4815 1673 4887 ἡγούμενος
1707 4815 1865 4885 είρη-.
1885 4797 1933 4855 Ῑ)

285 4915 458 4968 κότων
483 4912 589 4967 τῶν
612 4908 859 4964 τοιούτου
887 4908 1105 4979 ὀψικίου
1129 4909 1226 4963 καὶ
1248 4908 1517 4978 στεφάνου
1539 4904 1858 4976 ἀποτυγχά-

285 5022 420 5068 νειν,
445 5003 665 5072 ἐνόησεν
683 5000 953 5054 ὀπτασίαν
974 4999 1176 5061 αὐτοὺς
1201 4999 1281 5061 είς
1305 4999 1396 5051 τὸν
1412 4997 1475 5051 τὸ
1495 4996 1651 5065 ἀγιον
1672 4996 1860 5066 σχῆμα

288 5095 556 5166 φοροῦντα
587 5090 913 5164 ἑωρακέναι,
935 5091 1029 5145 καὶ
1051 5088 1386 5159 ἐπέστρεψεν
1418 5086 1673 5141 ὑπελθεῖν
1695 5086 1860 5140 αὐτὸν

293 5188 350 5238 ἐν
375 5186 452 5256 τῷ
486 5185 600 5254 ίδίῳ
632 5186 802 5256 τόπῳ,
831 5185 966 5238 ὅπου
1000 5178 1069 5254 ἦν
1106 5182 1165 5249 ἐξ
1193 5173 1255 5234 οὗ
1285 5179 1575 5235 ἐνεδύσατο
1602 5179 1664 5232 τὸ
1703 5178 1859 5247 ἅγιον

293 5278 498 5346 σγῆμα.
528 5276 730 5329 Τούτου
764 5270 858 5328 οὖν
886 5274 1236 5338 ἀπελθόντος,
1270 5270 1624 5341 ἐλυπήθησαν
1657 5270 1862 5340 σφόδρα

291 5369 344 5421 ot
373 5365 560 5428 παῖδες
587 5365 682 5419 τοῦ
718 5365 985 5435 Χριστοῦ,
1010 5365 1106 5418 καὶ
1131 5363 1384 5431 λέγουσιν
1423 5361 1503 5432 τῷ
1539 5359 1859 5430 ἡγουμένῳ·

292 5459 395 5515 Διά
436 5457 527 5512 τὸν
569 5456 806 5527 Κύριον,
842 5456 1049 5527 Πάτερ,
1081 5455 1309 5521 ἀνάστα,
1353 5452 1577 5524 ποίησον
1616 5451 1763 5522 ἡμᾶς
1789 5450 1864 5514 ὡς

2020 3638 2106 3691 15.
2145 3636 2424 3691 Praeterita
2458 3645 2640 3689 autem
2686 3630 3049 3693 hebdomade,
3095 3643 3204 3698 qua
3244 3626 3525 3681 colebatur

1949 3726 2205 3782 exultatio
2228 3724 2477 3794 pretiosae
2518 3722 2721 3788 crucis,
2767 3720 2851 3775 vir
2896 3721 3001 3775 iste
3058 3733 3289 3789 magnus
3319 3717 3523 3789 juniori

1949 3817 2163 3871 cuidam
2189 3814 2417 3869 fratrum
2467 3820 2713 3867 sanetum
2745 3811 2971 3866 dederat
3003 3810 3273 3872 habitum,
3303 3817 3360 3863 et
3411 3817 3524 3862 tum

1953 3906 2212 3977 temporis
2236 3905 2468 3960 necdum
2499 3904 2814 3975 expleverat
2846 3912 3058 3973 septem
3088 3903 3227 3967 dies,
3252 3902 3344 3957 sed
3380 3903 3527 3955 fere-

1952 3997 2046 4053 bat
2072 3997 2250 4052 adhuc
2296 3995 2500 4059 omnia,
2526 4010 2647 4065 quae
2687 3995 3004 4049 constitutio
3043 3993 3314 4064 exigebat.
3350 3992 3526 4058 Quem

1951 4089 2031 4144 vir
2060 4103 2286 4159 magnus
2313 4087 2370 4140 in
2395 4085 2633 4140 medium
2665 4084 2886 4153 produci
2912 4084 3180 4154 permisit.
3256 4082 3359 4136 Ubi
3397 4099 3529 4150 ergo

1952 4180 2120 4246 venit,
2177 4178 2615 4249 contemplantur
2654 4177 2806 4231 illum
2849 4176 3031 4241 ambo,
3093 4185 3150 4231 et
3211 4174 3530 4230 acciderunt

1952 4274 2097 4328 illico
2116 4272 2185 4327 ad
2216 4270 2385 4341 pedes
2424 4269 2654 4334 abbatis,
2693 4278 2749 4322 et
2795 4268 3055 4323 dixerunt
3101 4267 3248 4337 ipsi:
3293 4265 3545 4321 Oramus.

1954 4373 2030 4427 te,
2063 4361 2110 4416 si
2137 4361 2322 4416 animo
2353 4359 2524 4415 ﬁxum
2548 4359 2702 4414 sedet
2734 4357 2814 4413 sic
2835 4373 2937 4413 nos
2962 4356 3186 4422 vestire,
3223 4367 3280 4411 et
3312 4356 3404 4410 tali
3435 4357 3533 4410 ho-

1955 4469 2091 4508 nore
2119 4462 2170 4508 et
2202 4451 2370 4523 gloria
2399 4451 2628 4521 dignari,
2661 4451 2730 4506 ab
2760 4451 2866 4505 hoc
2892 4465 3119 4520 vespere
3161 4449 3215 4503 id
3261 4448 3426 4519 agito,
3463 4464 3533 4504 ne

1957 4543 2116 4608 forte,
2164 4542 2423 4613 quoniam
2482 4541 2733 4596 homines
2781 4556 3002 4606 sumus,
3043 4540 3269 4594 humani
3329 4539 3559 4611 aliquid’

1959 4648 2059 4704 per
2099 4640 2313 4688 nectent
2374 4631 2533 4686 nobis
2580 4631 2882 4702 contingat,
2938 4638 2995 4686 et
3047 4631 3534 4708 discedamustali

1959 4726 2129 4797 gloria
2157 4734 2213 4779 et
2249 4725 2467 4795 gaudio,
2508 4739 2728 4779 necnon
2777 4723 2872 4778 tali
2912 4723 3190 4794 obsequio
3235 4731 3541 4779 et‘corona

1960 4816 2226 4872 frustrati.
2266 4816 2556 4885 Postquam
2590 4830 2721 4886 ergo
2766 4831 2861 4871 eos
2903 4814 3145 4871 audisset
3188 4798 3535 4887 hegumenus

1961 4909 2250 4965 dixisse-de
2285 4909 2377 4963 tali
2407 4908 2655 4977 obsequii
2682 4917 2738 4963 et
2763 4923 2979 4964 corona:
3004 4909 3332 4980 privatione,
3363 4907 3530 4961 intel-

1963 4999 2096 5053 lexit
2125 4999 2341 5054 vidisse»
2380 5013 2483 5053 eos
2515 4997 2913 5068 apparitionem
2945 4999 3000 5052 in
3051 5013 3137 5063 eo,
3182 4996 3277 5068 qui
3328 4996 3535 5051 ferebat

1964 5094 2212 5140 sanctum
2246 5086 2516 5149 habitum,
2566 5094 2621 5139 et
2669 5087 2915 5156 permisit
2963 5103 3088 5141 eum
3132 5087 3213 5142 ire
3244 5086 3313 5142 ad
3357 5086 3534 5139 locum

1915 5200 1929 5215 ο
1964 5189 2146 5240 suum,
2184 5175 2273 5230 ubi
2316 5183 2531 5241 erat,_a.
2556 5191 2666 5243 quo
2713 5185 2956 5246 tempore
2994 5175 3245 5230 induerat
3286 5182 3536 5251 sanctum

1966 5264 2232 5320 habitum.
2279 5264 2568 5335 Postquam
2617 5265 2708 5320 ille
2758 5266 2988 5331 abit-rat,
3035 5266 3192 5321 valde
3244 5248 3540 5321 doluerunt
3610 5248 3626 5304 Τ

1967 5354 2170 5411 Christi
2198 5355 2369 5425 pueri,
2400 5364 2457 5411 et
2487 5356 2676 5410 dicunt
2707 5356 3016 5426 hegumeno
3046 5372 3061 5410 :
3092 5355 3323 5427 Propter
3351 5354 3534 5409 Domi-

1970 5463 2121 5512 num,
2172 5447 2350 5513 Pater,
2407 5462 2654 5519 assurge.
2701 5457 2759 5503 et
2780 5448 2873 5505 fac
2907 5464 3006 5503 nos
3039 5448 3190 5513 tales,
3233 5446 3410 5516 qualis
3455 5456 3539 5503 est

1796 5627 2021 5685 NOTAE.

369 5734 479 5805 (l7)
515 5733 721 5805 Duplex
758 5730 901 5805 apud
950 5729 1167 5784 Οτιοοοε
1202 5736 1286 5783 est
1325 5726 1656 5805 monasticus
1696 5726 1851 5805 habi-

301 5796 407 5866 tus.
438 5796 638 5876 parvus
667 5796 953 5865 nimirum,
1006 5807 1061 5855 et
1106 5813 1352 5864 magnus,
1407 5796 1521 5851 sive
1564 5796 1855 5859 angelicus.

1959 5724 2126 5791 Cujus
2163 5732 2502 5792 apparatum,
2549 5732 2604 5778 et
2644 5741 2766 5793 quae
2805 5727 2911 5779 huc
2942 5734 3206 5793 spectant,
3250 5725 3337 5779 dat
3369 5725 3541 5788 (inim

1971 5812 2086 5868 Ws.
2132 5797 2246 5854 490.
2276 5802 2330 5847 ει
2357 5793 2622 5854 “ubertas
2654 5796 3030 5849 observatione
3066 5794 3240 5853 ιρι-εἰει,

3584 5543 3647 5557 κη.
