4024 6232
426 427 564 493 1687

1448 434 1757 493 LEONTII
1799 431 2306 492 NEAPOLITANI
2348 431 2681 493 EPISCOPI

3557 428 3700 493 1638

418 536 545 596 ille;
591 552 753 592 nemo
804 539 950 592 enim
1008 539 1062 592 in
1118 538 1239 594 toto
1284 540 1614 594 monasterio
1690 550 1773 594 est
1818 540 2002 601 homo,

2111 539 2339 600 ἐκεῖνον,
2372 538 2453 591 ὅτι
2500 539 2580 601 εἰς
2606 540 2676 591 τὺ·
2701 537 3065 608 μοναστήριόν
3123 553 3218 590 σου
3242 536 3364 590 ὅλον
3404 535 3697 607 ἅνθρωπος

419 641 583 695 quem
617 643 725 682 non
758 638 977 682 anteeat
1012 628 1241 685 honore.
1288 628 1427 683 Dicit
1467 630 1549 683 eis
1592 630 1762 685 abbas
1793 652 1803 684 :
1844 629 2003 695 Quali

422 717 673 772 hunore?
701 716 859 772 Tunc
891 718 1188 773 dixerunt:
1224 718 1328 773 Per
1356 735 1505 781 eum,
1551 719 1730 782 Pater,
1770 719 1864 789 qui
1908 736 2011 775 nos

421 810 678 881 dignatur
706 809 811 864 hoc
841 809 1031 864 habitu
1062 818 1119 864 et
1150 812 1374 870 honore.
1414 810 1558 864 beati
1585 826 1775 865 sumus
1797 819 1850 865 et
1885 826 2006 872 nos,

423 899 468 954 si
500 913 532 951 a
565 898 657 952 tali
695 899 1091 954 monachorum
1147 896 1519 963 multitudine,
1572 913 1761 953 cereos
1789 907 2009 969 gestan-

425 990 581 1053 tium,
633 987 901 1043 fuerimus
945 990 1150 1059 stipati,
1202 997 1257 1043 et
1300 990 1460 1043 talem
1505 1004 1785 1051 coronam,
1828 988 2009 1057 splen-

422 1078 548 1132 dide
581 1079 878 1144 lucentem,
909 1080 1307 1150 gcstaverimus
1347 1080 1403 1132 in
1445 1088 1635 1134 nostro
1669 1079 1872 1148 capite.
1901 1077 2008 1130 Pu-

426 1171 611 1225 tabant
642 1171 792 1225 enim
820 1170 1191 1241 hegumenum
1230 1171 1393 1225 etiam
1415 1170 1614 1225 vidisse
1643 1184 1730 1235 ea,
1753 1184 1873 1239 quae
1905 1168 2007 1238 ipsi

425 1267 851 1326 conspexerant.
878 1259 995 1313 Hoc
1021 1260 1262 1328 cognito,
1291 1275 1401 1313 non
1439 1260 1579 1314 dixit
1609 1260 1742 1328 ipsis
1769 1274 1829 1314 sc
1868 1258 2008 1312 nihil

424 1348 650 1415 vidisse,
675 1350 771 1405 sed
801 1350 992 1413 tacuit,
1024 1358 1079 1405 et
1103 1350 1505 1419 simplicitatem
1540 1364 1793 1421 magnam
1819 1366 1882 1404 ac
1905 1366 2007 1420 pu-

431 1437 652 1493 ritatem
673 1439 973 1510 obstupuit,
1001 1441 1344 1509 potissimum
1376 1439 1685 1506 Sy’meonis.

502 1618 589 1673 M.
615 1617 727 1673 Hoc
748 1627 928 1672 autem
962 1618 1351 1688 gratiosissimo
1372 1619 1452 1674 eis
1477 1619 1610 1674 dixit
1645 1620 1728 1674 vir
1748 1621 2003 1691 magn’us:

428 1709 525 1763 Die
554 1708 794 1763 crastina
828 1723 926 1763 vos
964 1724 1183 1779 quoque
1227 1721 1420 1765 sancto
1460 1711 1651 1766 habitu
1691 1711 2007 1776 induemus,

424 1802 707 1868 aspirante
754 1798 992 1871 Spiritus
1046 1803 1219 1857 sancti
1284 1802 1476 1873 gratia.
1532 1802 1652 1869 Quo
1705 1813 2006 1874 assumpto,

2110 631 2166 680 ἐν
2189 630 2253 698 τῇ
2284 628 2510 701 τοιαύτῃ
2532 630 2664 698 τιμῇ
2703 629 2801 680 οὐκ
2834 627 3005 688 ἔστιν,
3048 627 3122 690 ὡς
3148 629 3377 690 ἐκεῖνος.
3406 627 3574 695 Λέγει
3593 627 3697 680 αὐ-

2108 719 2218 779 τοῖς
2242 718 2270 769 ὁ
2296 716 2468 779 ἁϐϐἄς
2484 732 2498 747 '
2535 716 2670 787 Ποία
2694 719 2825 787 τιμῇ
2848 734 2863 781 ;
2888 716 3021 769 Τότε
3049 711 3223 769 εἷπονο
3254 715 3349 770 Μὰ
3367 715 3459 768 τὸν
3476 715 3699 782 ἀξιοῦν-

2108 825 2173 860 τα
2198 808 2365 877 ἡμᾶς,
2397 808 2609 878 Πάτερ,
2630 808 2724 860 τοῦ
2757 801 3035 878 σχήματος
3061 806 3227 860 αὑτοῦ
3249 808 3343 860 καὶ
3365 806 3464 876 τῆς
3496 809 3692 876 τιμῆς,

2114 898 2380 967 μακάριοί
2409 898 2578 966 ἐσμεν
2621 898 2716 952 καὶ
2750 899 2931 967 ἡμεῖς,
2959 898 3054 950 ἐὰν
3100 897 3205 951 ὑπὸ
3240 896 3499 950 τοσούτου
3547 898 3694 968 πλή⁴

2109 986 2236 1050 θουε
2268 986 2518 1055 μοναχῶν
2557 986 2695 1055 μετὰ
2727 986 2936 1057 κηρίων
2974 986 3364 1056 ὀψικευὸμεθα,
3398 986 3491 1039 καὶ
3518 986 3699 1038 τοιοῦο

2107 1094 2198 1129 τον
2253 1078 2517 1144 στέφανον
2550 1076 2803 1147 λαμπρὸν
2833 1077 3120 1147 λάμποντα
3146 1077 3241 1129 ἐπὶ
3268 1077 3368 1145 τῆς
3412 1076 3695 1147 ἡμετέρας

2109 1166 2356 1236 κεφαλῆς
2384 1167 2713 1238 φορέσομεν.
2740 1166 3026 1237 Ἐνόμιζον
3064 1167 3174 1239 γὰρ
3203 1168 3302 1221 καὶ
3325 1168 3419 1221 τὸν
3450 1168 3697 1238 ἡγούμε-

2108 1274 2198 1311 νον
2238 1256 2456 1326 βλέπειν
2480 1257 2550 1310 τὰ
2577 1256 2668 1310 ὑπ’
2692 1257 2875 1310 αὐτῶν
2893 1256 3169 1327 ὁρώμενα.
3194 1257 3294 1310 Διά
3318 1256 3477 1310 τοῦτο
3502 1259 3696 1325 γνοὺς,

2108 1350 2229 1403 οὐδὲ
2257 1344 2409 1404 εἷπεν
2441 1352 2649 1413 αὐτοῖς,
2684 1350 2767 1405 ὅτι
2805 1350 2968 1413 αὐτὸς
2992 1350 3146 1403 οὐδὲν
3173 1345 3333 1413 εἶδεν,
3377 1349 3494 1404 ἀλλ’
3532 1348 3695 1403 ἐσιώ-

2111 1457 2305 1509 πησεν,
2333 1442 2429 1494 καὶ
2462 1440 2785 1512 κατεπλάγη
2817 1439 2918 1511 τὴν
2962 1440 3163 1511 πολλὴν
3183 1441 3554 1512 ἀκεραιότητα
3594 1441 3695 1494 καὶ

2110 1533 2478 1602 καθαρότητα,
2514 1533 2751 1603 μάλιστα
2776 1532 2831 1586 δὲ
2862 1532 2955 1585 τοῦ
2988 1531 3238 1602 Συμεών.
3655 1584 3658 1586 ν

2182 1622 2263 1675 ιδ’.
2296 1623 2468 1676 Τοῦτο
2492 1623 2550 1676 δέ
2572 1626 2950 1694 χαριεστάτως
2978 1622 3165 1692 ἔλεγεν
3205 1622 3388 1687 αὐτοῖς
3429 1628 3459 1680 6
3493 1624 3692 1693 μέγας,

2109 1715 2191 1767 ὅτι
2221 1712 2421 1784 Λῦριον
2456 1714 2714 1783 ἐνδύομεν
2744 1716 2839 1767 καὶ
2892 1715 3036 1783 ὑμᾶς
3068 1714 3154 1768 διὰ
3202 1714 3304 1783 τῆς
3336 1714 3560 1784 χάριτος
3592 1714 3693 1767 τοῦ

2108 1806 2266 1872 ἁγίου
2319 1805 2654 1875 Πνεύματος.
2710 1804 2866 1859 Μετὰ
2903 1800 2999 1858 οὖν
3055 1804 3118 1858 τὸ
3150 1804 3340 1857 λαϐεῖν
3387 1804 3587 1867 αὐτοὺς
3629 1805 3695 1858 τὸ

425 1898 590 1958 prout
623 1888 912 1945 aﬂirmavit
947 1891 1353 1946 sanctissimus
1397 1891 1685 1955 diaconus,
1741 1891 2006 1946 innocuus

2111 1896 2265 1964 ἅγιον
2290 1896 2497 1965 σχῆμα,
2539 1896 2614 1959 ὠς
2639 1895 3011 1949 διεϐεϐαιοῦτο
3036 1898 3065 1950 6
3091 1895 3395 1959 ὁσιώτατος
3419 1896 3693 1964 διάκονος,

426 1978 662 2050 Symeon
693 1981 1048 2044 asseveravit,
1076 1989 1297 2036 mutuos
1325 1996 1386 2036 se
1419 1981 1625 2038 vidisse
1659 1982 1846 2038 vultus
1877 1992 2012 2037 tem-

429 2084 561 2140 pore
587 2069 789 2137 noctis,
827 2072 970 2126 sicut
1004 2071 1059 2125 in
1088 2072 1211 2137 ,die,
1246 2069 1304 2126 e’t
1344 2072 1551 2126 similes
1589 2072 1688 2137 illi,
1740 2072 1831 2141 qui
1885 2080 2011 2126 ante

429 2172 787 2232 apparuerat,
836 2164 1067 2218 alterum
1112 2165 1169 2218 in
1218 2163 1444 2218 alterius
1500 2164 1680 2233 capite
1728 2178 2005 2218 coronam.

428 2253 604 2311 Tanto
642 2264 843 2321 autem,
871 2256 1072 2322 aiebat,
1105 2266 1293 2311 nostra
1324 2271 1479 2312 mens
1508 2256 1700 2311 aﬂ‘ecta
1729 2264 1847 2309 erat
1878 2270 2010 2324 gau-

427 2344 540 2408 dio,
571 2355 631 2401 ut
659 2361 763 2401 nec
783 2345 965 2402 cibum
997 2362 1100 2402 nec
1124 2355 1311 2417 potum
1345 2356 1565 2419 gustare
1592 2348 1807 2403 liberet.
1834 2346 2008 2400 Exac-

239 2432 387 2495 N
432 2436 499 2492 tis
520 2436 703 2508 itaque
723 2438 792 2492 ab
813 2446 1092 2508 assumpto
1121 2446 1310 2494 sancto
1340 2440 1529 2494 habitu
1556 2439 1769 2495 duobus
1791 2439 2006 2503 diebus,

426 2528 869 2598 contemplantur
921 2529 1095 2594 illum,
1131 2530 1225 2599 qui
1270 2538 1397 2584 ante
1443 2539 1653 2601 septem
1716 2531 1835 2584 dies
1881 2543 2007 2583 eum

425 2630 816 2690 assumpscrat,
865 2635 1025 2689 quem
1050 2620 1214 2675 etiam
1252 2632 1574 2676 coronatum
1606 2631 1663 2676 et
1692 2621 2008 2675 comitatum

425 2723 828 2784 conspexerant
868 2714 1103 2786 (ferebat
1148 2716 1239 2771 hic
1268 2715 1495 2769 mantile
1531 2724 1587 2770 et
1618 2714 2004 2781 ministrabat;

425 2806 524 2861 sed
562 2821 673 2861 non
713 2805 949 2876 amplius
983 2805 1244 2875 deinceps
1274 2821 1530 2862 coronam
1582 2805 1745 2875 capiti
1786 2806 2011 2875 imposi-

428 2904 564 2962 tam,
592 2911 695 2951 ncc
717 2910 936 2951 rursum
964 2898 1267 2952 monachos
1306 2912 1430 2952 cum
1477 2897 1652 2952 cereis
1683 2897 2009 2952 comitantes

429 2970 715 3052 habebat),
751 2991 808 3039 et
836 2985 1014 3039 mirati
1048 2994 1195 3040 sunt.
1234 2986 1481 3057 Dicitque
1504 2986 1736 3057 Symeon
1768 2985 2002 3041 Joanni:

422 3075 621 3138 Crede,
658 3074 847 3140 frater,
882 3077 1101 3131 tametsi
1143 3077 1306 3132 etiam
1334 3092 1435 3133 nos
1458 3087 1668 3148 septem
1696 3077 1863 3133 hosce
1891 3077 2008 3133 dies

423 3165 856 3236 impleverimus,
884 3184 996 3222 non
1038 3168 1220 3223 adhuc
1245 3170 1572 3240 elegantiam
1619 3169 1765 3223 illam
1801 3178 1858 3223 et
1883 3183 2007 3238 gra-

426 3255 560 3310 tiam
593 3271 785 3311 sumus
824 3256 1081 3312 habituri.
1129 3258 1194 3313 Et
1236 3258 1368 3314 dicit
1406 3257 1645 3313 Joannes
1678 3276 1692 3311 :
1740 3257 1881 3322 Quid
1928 3256 2010 3311 vis

424 3352 495 3399 ut
520 3344 636 3409 ﬁat,
673 3344 879 3399 frater?
905 3345 1002 3399 Cui
1030 3345 1119 3400 ille
1151 3345 1345 3400 iterum
1374 3363 1387 3399 :
1430 3346 1486 3401 Si
1517 3362 1605 3402 me
1632 3346 1810 3411 audis,
1841 3355 1900 3401 ut
1924 3360 2015 3401 res

427 3434 721 3491 mulares
744 3451 881 3505 quas
907 3436 1253 3506 reliquimus,
1286 3447 1343 3492 et
1370 3439 1554 3494 valere
1577 3434 1861 3508 iussimus,
1888 3452 2014 3509 per-

429 3526 568 3583 fecte
589 3534 702 3583 toto
726 3528 895 3582 animi
924 3528 1053 3583 nisu
1082 3529 1263 3584 valere
1296 3529 1609 3599 iubeamus.
1638 3530 1813 3585 Aliam
1855 3546 2015 3586 nam-

427 3634 535 3687 que
557 3619 724 3674 vitam
762 3629 818 3675 et
858 3635 946 3675 res
977 3635 1149 3676 novas
1179 3622 1524 3692 contemplor
1557 3623 1612 3677 in
1650 3622 1755 3678 hoc
1796 3622 2006 3679 habitu.

427 3709 508 3766 Ex
564 3725 675 3780 quo
718 3710 866 3765 enim
916 3712 1111 3767 eodem
1155 3727 1257 3767 nos
1297 3712 1476 3767 induit
1520 3712 1618 3769 Dei
1651 3729 1864 3779 servus,
1911 3713 2011 3770 ﬂa-

428 3810 587 3872 grant
610 3817 729 3857 mea
755 3804 1075 3873 praecordia,
1107 3805 1297 3860 nescio
1321 3805 1488 3871 unde,
1530 3816 1587 3863 et
1612 3807 2011 3876 quaeritanima

429 3905 551 3946 mea
607 3907 718 3947 non
778 3893 965 3949 videre
1015 3910 1364 3966 quemquam,
1411 3911 1594 3966 neque
1637 3898 1859 3968 alloqui,
1908 3914 2012 3955 nec

429 3983 636 4038 audire.
692 3984 835 4041 Dicit
886 3986 938 4040 ei
983 3984 1277 4042 Joannes:
1331 3986 1397 4042 Et
1443 3988 1574 4056 quid
1621 3991 2008 4058 comedemus,

427 4067 638 4127 frater?
681 4071 782 4128 Cui
813 4073 1092 4145 Symeon:
1144 4074 1230 4128 An
1280 4075 1596 4143 comedunt,
1649 4078 1743 4146 qui
1792 4095 2012 4146 pascen-

429 4172 506 4219 m
550 4163 661 4234 (18)
695 4174 980 4233 vocantur,
1008 4165 1077 4221 de
1120 4164 1321 4235 quibus
1366 4166 1484 4220 heri
1528 4167 1785 4225 dominus
1837 4168 2009 4225 Nicon

426 4267 737 4309 sermonem
772 4271 992 4326 quoque
1024 4256 1092 4311 ad
1123 4271 1225 4311 nos
1255 4255 1487 4312 habuit?
1514 4257 1648 4312 Nam
1673 4260 1853 4314 forsan
1891 4260 2009 4331 ipse

426 4342 594 4398 etiam
622 4343 834 4411 volens,
880 4354 941 4399 ut
980 4361 1082 4401 nos
1129 4346 1444 4416 hujusmodi
1495 4347 1663 4403 vitam
1707 4350 2007 4419 amplecta-

425 4446 570 4498 mur,
600 4436 856 4505 exposuit
887 4435 1048 4490 nobis
1074 4452 1238 4506 quam
1278 4437 1404 4491 vitae
1439 4438 1710 4494 rationem
1757 4448 2004 4508 teneant,

2111 1986 2471 2057 διισχυρίζετο
2521 1989 2550 2039 6
2588 1986 2824 2058 ἀψευδὴς
2871 1988 3119 2059 Συμεὼν,
3158 1989 3240 2042 ὅτι
3285 1989 3366 2041 Τὰ
3423 1990 3694 2060 πρόσωπα

2111 2079 2355 2150 ἀλλήλων
2389 2079 2734 2150 ἐθεωροῦμεν
2783 2082 2851 2149 τῇ
2912 2079 3070 2133 νυκτὶ
3122 2080 3198 2143 ὡς
3253 2082 3311 2133 ἐν
3346 2081 3555 2152 ἡμέρᾳ,
3597 2084 3696 2135 καὶ⁵

2110 2165 2315 2235 ὁμοίως
2343 2164 2436 2218 τοῦ
2466 2165 2734 2237 πρότερον
2763 2166 2855 2220 ὑπ’
2877 2166 3061 2220 αὐτῶν
3084 2167 3398 2232 θεαθέντος,
3428 2172 3696 2239 στέφανον

2110 2254 2203 2307 ἐπὶ
2233 2256 2332 2324 τῆς
2363 2255 2458 2308 τοῦ
2499 2255 2690 2322 ἐτέρου
2723 2255 2964 2326 κεφαλῆς
2999 2259 3027 2310 6
3077 2256 3281 2327 ἕτερος.
3337 2259 3427 2312 Ἐν
3464 2259 3694 2330 τοιαύτῃ

2109 2347 2166 2401 δὲ
2200 2349 2347 2419 χαρᾷ
2374 2344 2463 2420 ἦν,
2500 2348 2674 2419 φημὶ,
2711 2351 2743 2418 ἡ
2776 2349 2921 2421 ψυχὴ
2971 2350 3148 2421 ἡμῶν,
3178 2350 3320 2404 ὥστε
3353 2352 3490 2422 μηδὲ
3520 2352 3697 2406 θέλειν

2111 2437 2257 2506 ἡμᾶς
2307 2435 2546 2509 εὐχερῶς
2601 2440 2809 2508 τροφῆς
2868 2437 3311 2509 μεταλαμϐάνειν
3368 2439 3402 2509 ἢ
3458 2439 3688 2504 πόσεως.

2109 2527 2267 2581 Μετὰ
2296 2524 2389 2581 οὖν
2442 2527 2535 2581 δύο
2574 2528 2786 2600 ἡμέρας
2838 2527 2933 2581 τοῦ
2976 2527 3166 2582 λαϐεῖν
3201 2529 3398 2592 αὐτοὺς
3439 2532 3504 2582 τὸ
3534 2528 3698 2596 ἆγιον

2109 2616 2336 2690 ἔνδυμα,
2367 2618 2669 2689 θεωροῦσιν
2699 2619 2791 2672 τὸν
2817 2619 2924 2688 πρὸ
2957 2619 3101 2673 ἑπτὰ
3145 2620 3371 2690 ἡμερῶν
3408 2620 3568 2673 τοῦτο
3594 2621 3694 2674 λα-

2109 2709 2298 2775 ϐόντα,
2333 2710 2417 2773 είς
2474 2710 2536 2762 ὃν
2583 2710 2675 2762 τὸν
2726 2710 2990 2780 στέφανον
3040 2712 3136 2763 καὶ
3177 2712 3306 2774 τοὺς
3334 2711 3695 2780 ὀψικεύοντας

2107 2798 2426 2865 ἐθεάσαντο,
2463 2800 2561 2853 καὶ
2593 2797 2781 2869 ἐφόρει
2818 2800 3180 2869 σακκομάχιν,
3233 2800 3326 2852 καὶ
3375 2800 3549 2853 ἐποίει
3571 2800 3695 2853 δια-

2107 2893 2315 2956 κονίαν,
2347 2891 2447 2946 καὶ
2469 2892 2660 2947 λοιπὸν
2687 2892 2790 2946 οὐκ
2819 2889 2900 2944 ἔτι
2929 2889 3054 2945 οὔτε
3088 2891 3180 2945 τὸν
3231 2892 3496 2961 στέφανον
3541 2893 3695 2964 αὐτῷ

2110 2983 2510 3053 περικείμενον,
2529 2982 2653 3036 οὔτε
2676 2981 2837 3037 πάλιν
2856 2982 2984 3045 τοὺς
3008 2982 3146 3053 μετὰ
3172 2982 3381 3053 κηρίων
3397 2982 3689 3053 ὀψικεύονο

2107 3090 2207 3137 τας
2265 3074 2534 3144 μοναχοὺς
2589 3072 2879 3143 ἐκέκτητο,
2916 3073 3010 3126 καὶ
3040 3071 3380 3143 ἐθαύμασαν.
3410 3074 3519 3127 Kal
3543 3074 3693 3143 λέγει

2106 3166 2136 3219 ὁ
2169 3164 2393 3235 Συμεὼν
2427 3164 2506 3235 τῷ
2532 3164 2791 3237 Ἰωάννῃ·
2829 3165 3147 3228 Πίστευσον,
3181 3165 3407 3234 ἀδελφὲ,
3453 3167 3551 3219 ἐὰν
3586 3168 3682 3219 καὶ

2113 3256 2276 3325 ἡμεῖς
2310 3255 2691 3326 πληρώσωμεν
2721 3256 2822 3318 τὰς
2845 3254 3016 3320 αὐτὰς
3039 3256 3257 3328 ἡμέρας
3289 3258 3447 3321 ἑπτὰ,
3476 3259 3578 3311 οὐκ
3608 3257 3692 3312 ἔτι

2114 3345 2311 3415 ἕξομεν
2352 3345 2452 3414 τὴν
2484 3345 2823 3410 εὐπρέπειαν
2852 3345 3060 3414 ταύτην
3093 3347 3188 3400 καὶ
3235 3347 3333 3417 τὴν
3360 3348 3544 3419 χάριν.
3579 3349 3691 3401 Kal

2113 3433 2264 3502 λέγει
2298 3435 2326 3486 6
2348 3433 2625 3505 Ἰωάννης·
2651 3434 2764 3487 Kal
2786 3434 2838 3487 τί
2866 3434 3043 3499 θέλεις
3072 3435 3162 3489 ἵνα
3181 3438 3428 3506 γένηται,
3454 3438 3649 3507 ἀδελφέ
3673 3454 3689 3502 ;

2112 3525 2278 3594 Λέγει
2311 3524 2459 3595 αὐτῷ
2497 3524 2663 3579 πάλιν
2689 3539 2702 3553 '
2744 3524 2871 3580 Ἐὰν
2916 3525 3160 3598 ἀκούσῃς
3215 3545 3341 3598 μου,
3366 3528 3454 3582 ἵνα
3497 3528 3691 3602 ὥσπερ

2122 3615 2592 3687 ἐγκατελείψαμεν
2641 3616 2737 3668 καὶ
2779 3616 3176 3688 ἁπεταξάμεθα
3230 3618 3339 3672 τῶν
3385 3619 3687 3690 κοσμικῶν,

2111 3707 2511 3778 άποταξώμεθα
2535 3706 2760 3772 τελείως
2791 3708 2901 3762 ἀπὸ
2927 3709 3111 3780 πάσης
3140 3711 3330 3780 πνοῆς.
3360 3710 3552 3765 Ἀλλον
3580 3710 3688 3780 γὰρ

2114 3797 2239 3871 βίον.
2261 3800 2357 3852 καὶ
2388 3798 2518 3866 ξένα
2543 3800 2847 3871 πράγματα
2879 3799 3070 3884 θεωρῶ
3093 3800 3153 3855 ἐν
3179 3800 3258 3871 τῷ
3288 3804 3526 3872 σχήματι
3564 3801 3690 3855 τοὺ-

2110 3908 2208 3961 τῳ.
2238 3891 2356 3960 Ἀφ’
2382 3885 2447 3962 ἧς
2480 3892 2589 3961 γάρ
2638 3891 2769 3945 αὐτὸ
2805 3893 2833 3946 ὀ
2860 3890 3047 3957 δοῦλος
3094 3893 3191 3947 τοῦ
3251 3892 3388 3947 Θεοῦ
3440 3894 3691 3948 ἐνέδυσεν

2110 3985 2281 4054 ἡμᾶς,
2314 3983 2565 4037 καίονται
2590 3982 2659 4036 τὰ
2689 3983 2892 4040 ἔσωθέν
2925 4001 3049 4054 μου,
3080 3985 3180 4038 οὐκ
3225 3981 3342 4038 οἴδα
3375 3984 3560 4048 πόθεν,
3596 3985 3691 4039 καὶ

2109 4073 2267 4143 ζητεῖ
2299 4072 2500 4145 ἡψυχή
2545 4090 2647 4143 μου
2672 4073 2749 4144 μὴ
2780 4072 3059 4145 θεωρῆσαί
3090 4091 3234 4137 τινα,
3268 4076 3410 4145 μήτε
3431 4074 3688 4145 λαλῆσαι,

2109 4164 2407 4235 ἢάκοῦσαι
2445 4181 2609 4228 τινος.
2664 4164 2827 4233 Λέγει
2872 4165 3021 4235 αὑτῷ
3074 4167 3103 4218 6
3148 4164 3440 4236 Ἰωάννης’
3486 4166 3595 4220 Kal.
3636 4164 3691 4217 τί

2108 4253 2419 4327 τρώγομεν,
2449 4255 2687 4323 ἁδελφέ;
2718 4255 2881 4324 Λέγει
2909 4254 3059 4324 αὑτῷ
3087 4256 3313 4326 Συμεών
3337 4273 3351 4286 ο
3391 4257 3458 4309 Εἴ
3474 4274 3526 4310 τι
3550 4255 3692 4326 τρώ-

2108 4361 2299 4414 γουσιν
2331 4348 2381 4399 oi
2407 4345 2700 4409 ἀκούοντες
2723 4345 2967 4410 βοσκοί,
2995 4364 3063 4399 πε
3073 4348 3126 4417 pl
3146 4341 3221 4401 ὧν
3252 4349 3345 4401 καὶ
3379 4347 3505 4418 χθὲς
3533 4344 3690 4401 εἶπεν

2108 4438 2240 4507 ἡμῖν
2267 4437 2296 4490 ὅ
2326 4436 2513 4508 κύριος
2554 4435 2774 4502 Νίκωνς
2818 4438 2971 4508 Τάχα
3015 4439 3125 4507 γὰρ
3172 4440 3267 4492 καὶ
3296 4438 3460 4500 αὐτὸς
3496 4438 3684 4504 θέλων,

424 4527 699 4596 quomodo
760 4528 1037 4585 dormiant
1066 4529 1199 4601 (l9),
1240 4539 1297 4586 et
1351 4529 1614 4601 quidquid
1640 4531 1709 4586 ad
1733 4531 1854 4587 illos
1884 4548 2006 4603 per-

2111 4526 2199 4582 ῐνα
2221 4526 2463 4582 τοιοῦτον
2497 4527 2611 4599 βίον
2636 4527 2934 4601 διάξωμεν,
2956 4529 3256 4601 διηγήσατο
3294 4531 3430 4601 ἡμῖν
3459 4529 3521 4583 τὺ
3571 4530 3690 4593 πῶς

428 4615 586 4671 tinet.
614 4617 821 4673 Deinde
845 4619 976 4675 dicit
998 4619 1239 4676 Joannes
1264 4639 1278 4675 :
1308 4620 1376 4674 Et
1399 4621 1708 4690 quomodo?
1730 4620 1868 4688 Quia
1902 4638 2002 4679 ne-

427 4718 536 4773 que
566 4714 809 4774 cantum,
839 4724 1018 4781 neque
1037 4725 1228 4766 eorum
1260 4710 1571 4766 institutum
1597 4711 1872 4767 novimus.

498 4880 589 4939 15.
628 4879 784 4937 Tunc
812 4880 955 4937 Deus
986 4884 1198 4952 aperuit
1237 4899 1328 4940 cor
1358 4883 1570 4941 abbatis
1612 4883 1723 4955 (20)
1778 4883 2004 4957 Symeo-

2110 4618 2298 4684 ζῶσιν,
2330 4619 2427 4672 καὶ
2464 4620 2584 4684 πῶς
2617 4620 2944 4691 κοιμῶνται,
3002 4621 3096 4674 καὶ
3127 4620 3305 4676 πάντα
3334 4619 3403 4673 τὰ
3442 4620 3563 4674 κατ’
3588 4620 3689 4673 αὐ·-

2106 4709 2256 4773 τούς.
2310 4706 2442 4763 Εἶτά
2486 4701 2651 4782 φησιν
2682 4714 2712 4766 6
2744 4712 2997 4784 Ἰωάννης
3019 4730 3033 4745 ο
3065 4714 3177 4767 Kal
3205 4711 3357 4778 πῶς;
3393 4714 3515 4767 Ὀτι
3563 4707 3689 4767 οὕτε

2107 4800 2295 4870 ψᾶλαι,
2327 4801 2453 4855 οὔτε
2478 4802 2578 4873 τὴν
2610 4803 2946 4859 κατάστασιν
2971 4804 3380 4877 παρελάϐομεν.

2181 4889 2264 4948 ιε’.
2294 4891 2430 4946 Τότε
2460 4891 2697 4965 ἀνέῳξεν
2727 4896 2756 4947 6
2782 4894 2917 4959 Θεὸς
2968 4896 3067 4965 τὴν
3115 4895 3344 4966 καρδίαν
3393 4895 3489 4949 τοῦ
3541 4894 3686 4949 ἀϐϐᾶ

1942 5043 2170 5101 ΝΟΤᾸΞ.

496 5127 983 5219 αθλίιαυορρειιθιὶ
1007 5135 1257 5219 monachi
1276 5138 1505 5219 quidam
1530 5138 1825 5219 Baltestinze
1844 5138 1999 5219 βοταο

366 5262 383 5276 _
423 5203 670 5281 νοῖάγοι,
696 5203 827 5281 quia
858 5212 998 5281 teste
1019 5203 1249 5281 Evagrio
1276 5203 1375 5261 lib.
1394 5224 1409 5281 ι
1431 5207 1574 5261 Eccl.
1596 5209 1732 5263 Hist.
1757 5203 1874 5279 cap.
1896 5210 1996 5264 21:

432 5286 453 5348 ι
487 5269 652 5325 Cibos
696 5269 1284 5348 quidemhominibus
1324 5277 1557 5332 usitatos
1610 5269 1995 5348 aspernantur,

427 5347 628 5425 terram
657 5350 858 5425 autem
916 5345 1308 5425 depascuutur,
1361 5348 1506 5402 unde
1556 5356 1612 5403 et
1650 5345 1999 5425 pabulatores

424 5412 1240 5490 cognominantisuntitantum
1283 5426 1591 5490 carpentes,
1627 5412 1893 5490 quantum
1932 5420 1999 5473 ad

294 5544 305 5548 _
348 5554 375 5556 _
423 5480 589 5556 vitam
648 5480 873 5556 τειιίῐίςξιζ
907 5502 927 5535 ι
990 5481 1148 5556 Sive,
1206 5480 1396 5556 prout'
1432 5480 1597 5542 tradit
1646 5480 2001 5542 'Sozomenus

348 5543 919 5692 W35:
961 5573 979 5604 ι
1020 5543 1224 5625 Neqne'
1245 5556 1522 5612 domicilia
1568 5558 1791 5623 habent,
1825 5572 2004 5626 neque

421 5634 564 5692 pane
628 5663 641 5684 ,
800 5637 868 5675 ue
909 5624 1197 5680 obsonium
1230 5626 1545 5692 comedunt,
1591 5642 1771 5692 neque
1812 5628 2004 5683 vinum

465 5624 868 5701 ﬁnemque
909 5624 1197 5701 obsonium
1230 5626 1545 5701 comedunt,
1591 5642 1771 5697 neque
1812 5624 2004 5701 vinum

465 5690 638 5776 ibulnt.
668 5693 728 5776 in
760 5690 1036 5776 mentibus
1064 5706 1248 5776 autem
1274 5690 1552 5776 degentes,
1585 5690 1802 5776 semper
1833 5698 2001 5776 Deum

382 5758 736 5835 'gelebrant,
802 5761 1054 5835 precibus
1110 5772 1179 5835 et_
1213 5758 1428 5835 hymnis
1486 5758 1785 5819 secundum
1839 5767 2001 5820 ritum

428 5827 680 5883 Ecclesiae
700 5836 973 5883 vamntes.
993 5829 1219 5894 Quando
1236 5827 1368 5891 vero
1393 5835 1646 5889 vescendi
1670 5843 1883 5907 tempus
1908 5838 2002 5890 ad-

2104 5140 2277 5203 venit,
2307 5142 2679 5210 pabulantium
2710 5142 2765 5197 in
2791 5158 3019 5213 morem,
3037 5142 3265 5213 quilibet
3293 5142 3427 5197 falce
3447 5152 3683 5213 arrepta,

2105 5223 2474 5283 permontem
2506 5222 2785 5283 vagantes,
2829 5212 3013 5283 herbis
3040 5212 3357 5283 pascuntur.
3383 5230 3402 5262 ι

2176 5279 2287 5352 (l9)
2323 5282 2399 5334 Ita
2439 5279 2775 5352 ecgraphum
2826 5279 3117 5347 nostrum;
3169 5296 3279 5335 non
3323 5281 3622 5351 κομῶνται,
3651 5297 3682 5337 a

2105 5350 2320 5418 κομάω,
2343 5351 2485 5419 quod
2514 5350 2617 5406 est
2636 5367 2842 5406 comam
2865 5353 3061 5417 muria,
3097 5352 3259 5407 sicuti
3289 5352 3560 5421 expressit
3590 5351 3685 5406 ln-

2107 5428 2321 5488 terpres
2350 5421 2494 5488 apud
2525 5421 2767 5475 Surium.

2178 5487 2291 5558 (20)
2324 5487 2504 5544 Abbas
2542 5506 2652 5563 non
2686 5499 2897 5563 tantum
2931 5491 3277 5563 [tegumentum
3301 5531 3314 5554 ,
3352 5506 3448 5563 seu
3487 5492 3683 5563 μητίε-

2112 5568 2246 5613 ctum
2280 5560 2587 5631 monasterii
2624 5561 2962 5631 designabat,
2991 5560 3086 5615 Sed
3121 5561 3193 5615 ita
3216 5560 3684 5631 compellabantur

2113 5628 2366 5699 monachi
2383 5629 2580 5698 passim
2598 5628 2811 5693 omnes,
2838 5634 3142 5699 pmsertim
3173 5628 3678 5685 senio'veneraudi.

2111 5697 2167 5750 Id
2198 5698 2342 5766 quod
2371 5697 2539 5753 Semel
2564 5700 2653 5755 hic
2694 5697 2963 5754 indicasse
2991 5701 3061 5755 sit
3087 5700 3220 5755 satis
3251 5699 3307 5754 in
3339 5708 3681 5756 antecessum

2108 5766 2269 5821 etiam
2293 5780 2394 5839 pro
2428 5767 2561 5824 locis
2587 5769 2966 5840 sequentibus.
