3956 6220
315 440 452 506 1689
1578 449 1758 510 νΙΤΑ
1798 450 1858 510 S.
1884 455 1892 507 ε

1997 451 2282 514 νΙΕΟΝΙΒ.
2991 488 2996 499 ο
3414 452 3551 516 1690

310 548 560 622 Συμεὼν,
589 551 684 604 καὶ
713 545 869 605 εἶπεν
888 569 901 582 ·
948 553 1006 606 '0
1051 553 1232 618 σώσας
1278 557 1406 618 τοὺς
1436 557 1545 620 πρὸ
1590 556 1687 610 τοῦ
1713 557 1875 611 Δαυῒδ

1998 561 2086 622 iis,
2109 563 2201 631 qui
2231 561 2368 617 dixit
2395 579 2410 616 :
2443 558 2546 626 Qui
2577 559 2817 617 servavit
2845 575 2961 625 eos,
3010 562 3102 631 qui
3138 573 3264 616 ante
3291 561 3549 617 Davidem

312 643 790 715 εὐαρεστήσαντας
831 643 999 714 αὐτῷ.
1061 645 1224 709 σώζει
1275 648 1371 700 καὶ
1412 649 1581 718 ήμᾶς.
1613 648 1676 702 Εἰ
1704 648 1761 701 δὲ
1785 648 1879 701 καὶ

1997 650 2308 717 placuerunt
2351 648 2489 713 Deo;
2529 664 2629 703 nos
2666 665 2885 720 quoque
2915 653 3193 714 servabit;
3235 662 3311 717 et,
3346 653 3389 707 si
3429 652 3551 722 qui-
3599 668 3608 678 '

312 733 452 800 ἄξιοι
482 734 790 805 γενώμεθα,
824 735 1067 791 διδάσκει
1099 738 1196 791 καὶ
1223 740 1394 807 ἡμᾶς,
1419 738 1494 801 ὡς
1512 739 1762 806 ἐδίδαξεν
1792 739 1882 792 τὸν

1997 739 2105 794 lem
2142 739 2332 794 [lamus
2373 739 2549 809 digni,
2585 754 2687 795 nos
2721 741 2850 795 item
2890 741 3127 802 docebit.
3165 752 3324 810 prout
3355 741 3555 796 docuit
3592 722 3597 726 ⁸

311 823 498 892 Δαυῗδ,
529 825 607 887 rb;
636 822 706 896 ἦν
730 828 810 890 εἰς
836 826 907 880 τὰ
932 830 1179 898 πρόὸατα
1227 832 1306 893 είς
1363 833 1464 899 τὴν
1520 831 1748 901 ἔρημον,
1806 832 1880 903 μὴ

1997 831 2262 895 Davidem,
2301 830 2517 899 quando
2543 830 2597 884 in
2628 830 2925 886 solitudine
2952 832 3210 901 pascebat
3235 847 3386 887 oves.
3410 827 3549 894 Noli,

314 917 545 988 θελήσῃς
576 918 848 988 ἀνακόψαι
876 918 972 989 τὴν
1000 921 1317 991 προθυμίαν
1345 937 1468 991 μου,
1494 921 1883 989 ἀδελφέ.Ἀλλά

1997 923 2172 986 frater,
2197 922 2530 977 desiderium
2560 936 2741 976 meum
2766 922 3065 977 retardare.
3100 921 3255 987 Quod
3272 930 3553 990 superest,

312 1009 521 1076 λοιπὸν,
547 1012 630 1064 ὃτι
662 1012 743 1073 είς
780 1011 936 1065 τοῦτο
968 1013 1028 1065 τὸ
1050 1014 1283 1082 πρᾶγμα
1324 1012 1606 1082 ἐδώκαμεν
1637 1014 1882 1079 ἑαυτοὺς,

1997 1028 2054 1068 ne
2085 1028 2221 1076 rem,
2268 1028 2376 1082 quo
2432 1013 2675 1067 animum
2725 1014 3054 1083 appulimus,
3098 1013 3385 1067 reddamus
3433 1013 3556 1065 irri-

317 1099 395 1170 μὴ
423 1100 777 1171 ἀφανίσωμεν
803 1101 955 1154 αὐτό.
987 1102 1119 1154 Τότε
1154 1105 1182 1154 6
1203 1101 1361 1171 κῦρις
1413 1102 1666 1170 Ἰωάννης
1705 1098 1882 1157 εἶπεν·

1997 1114 2116 1160 tam.
2157 1105 2296 1159 Tum
2329 1104 2582 1160 dominus
2628 1103 2867 1175 Joannes
2911 1105 3087 1160 dixit:
3136 1103 3441 1170 Faciemus,
3478 1104 3556 1157 uti

327 1191 416 1254 Ὦς
445 1191 639 1257 Θέλεις,
667 1194 1134 1274 ποιήσομενηΠῶς
1149 1193 1206 1246 δὲ
1235 1194 1329 1246 καὶ
1357 1193 1722 1264 ἐξερχόμεθας
1747 1196 1827 1248 ὄτι
1851 1196 1885 1264 ή

1997 1197 2086 1251 vis.
2121 1198 2193 1252 At
2227 1197 2501 1267 quomodo
2533 1196 2844 1252 exibimus?
2895 1197 3028 1250 Nam
3074 1206 3239 1251 noctu
3289 1196 3560 1250 clauditur

314 1281 458 1351 θύρα
489 1281 731 1335 κλείεται
758 1286 824 1352 τῇ
853 1282 1036 1336 νυκτίο
1094 1283 1262 1351 Λέγει
1319 1282 1471 1352 αύτῷ
1525 1282 1782 1353 Συμεώνο
1829 1284 1887 1337 '0

1997 1289 2208 1343 ostium.
2248 1288 2382 1342 Dicit
2408 1289 2458 1342 ei
2491 1287 2728 1359 Symeon
2766 1304 2779 1339 :
2816 1286 2919 1353 Qui
2959 1288 3087 1342 illud
3135 1288 3295 1341 nobis
3346 1288 3562 1356 aperuit

314 1371 531 1437 ἀνοίξας
563 1374 694 1443 ήμῖν
715 1375 781 1443 τῇ
817 1373 1024 1443 ἡμέρᾳ,
1047 1374 1210 1438 αὐτὸς
1238 1374 1444 1441 ἀνοίγει
1473 1375 1568 1428 καὶ
1602 1378 1669 1445 τῇ
1706 1377 1882 1428 νυκτί.

1997 1378 2249 1444 interdiu,
2300 1379 2441 1433 idem
2479 1379 2568 1433 ille
2598 1392 2765 1434 noctu
2815 1380 3042 1448 aperiet.
3093 1378 3344 1433 Stabilito
3401 1378 3563 1448 igitur

325 1462 414 1524 Ὧς
436 1459 530 1515 οὖν
558 1464 794 1533 ἔστησαν
822 1465 919 1533 τὴν
937 1463 1150 1534 βουλὴν,
1181 1466 1342 1527 εὐθὺς
1359 1461 1463 1535 τῆς
1489 1469 1685 1530 νυκτὸς
1717 1485 1887 1521 κατα-

1997 1470 2236 1531 consilio,
2271 1469 2475 1532 statim,
2505 1470 2593 1523 ubi
2623 1469 2842 1523 advenit
2874 1483 3000 1531 nox,
3047 1469 3385 1538 hegnmenus
3422 1467 3566 1520 videt

314 1551 623 1621 λαϐούσης,
660 1552 857 1623 θεωρεῖ
909 1555 938 1606 ὁ
987 1555 1290 1624 ἡγούμενός
1337 1571 1462 1607 τινα
1509 1555 1632 1608 καθ’
1687 1554 1887 1619 ὕπνους

1997 1564 2225 1632 aliquem
2258 1563 2311 1615 in
2344 1562 2568 1627 somnis,
2611 1562 2947 1631 aperientem
2983 1562 3184 1613 ostium
3225 1558 3563 1623 monasterii,
3595 1599 3599 1605 .

316 1639 600 1706 ἀνοίγοντα
629 1640 728 1709 τὴν
751 1640 923 1710 θύραν
945 1640 1038 1695 τοῦ
1064 1656 1305 1710 μοναστη
1315 1644 1456 1713 ρίου,
1495 1646 1591 1696 καὶ
1617 1644 1844 1713 λέγοντα
1872 1662 1886 1676 ·

1997 1663 2048 1709 et
2075 1654 2346 1709 dicentem
2377 1670 2390 1706 :
2419 1652 2589 1714 Exite,
2616 1667 2745 1707 oves
2777 1650 2979 1706 Christi
2995 1651 3240 1721 signatae,
3265 1650 3331 1703 ad
3368 1664 3567 1719 pascua

327 1727 602 1795 Ἐξέλθετε
622 1773 637 1797 ,
669 1730 918 1801 πρόϐατα
948 1733 1364 1802 ἐσφραγισμένοι
1386 1734 1481 1787 τού
1508 1734 1770 1805 Χριστοῦ,
1810 1738 1890 1799 εἰς

1997 1753 2192 1798 vestra.
2223 1743 2267 1796 A
2298 1757 2489 1796 somno
2541 1744 2825 1807 excitatus,
2858 1741 3039 1796 statim
3070 1739 3137 1793 ad
3180 1738 3402 1806 januam
3445 1753 3568 1806 per-

315 1819 417 1888 τὴν
443 1820 641 1890 βοσκὴν
674 1821 847 1890 ὑμῶν.
894 1822 1002 1875 Καὶ
1037 1822 1403 1887 διυπνισθεὶς,
1442 1824 1647 1889 εὐθέως
1690 1828 1890 1895 κατέρ-

1997 1833 2163 1895 venit,
2195 1844 2358 1901 quam
2391 1813 2480 1885 ubi
2514 1832 2832 1885 invenisset.
2876 1839 3140 1900 apertam,
3191 1837 3342 1882 ratus
3375 1828 3569 1881 exinde

318 1928 473 1980 χεται
494 1912 573 1975 εἰς
603 1912 695 1964 τὸν
722 1912 965 1979 πυλῶνα,
994 1914 1088 1965 καὶ
1112 1909 1272 1984 εὗρον
1299 1915 1464 1969 αὐτὸν
1497 1916 1767 1981 ἀνοικτδν,
1793 1919 1887 1970 καὶ

1997 1940 2263 1995 egressos,
2303 1924 2551 1979 consedit
2577 1933 2824 1987 mrestus,
2867 1936 3200 1993 gemensque
3241 1929 3298 1974 et
3339 1920 3566 1974 dicens:

316 2003 544 2070 νομίσας
572 2004 654 2057 ὅτι
681 2003 902 2074 ἐξῆλθεν
936 2005 1167 2068 ἐκεῖθεν,
1184 2004 1475 2071 ἐκαθέζετο
1498 2010 1747 2076 στυγνὸς,
1766 2026 1887 2062 στε-

1997 2018 2111 2072 Non
2150 2033 2300 2072 eram
2340 2018 2538 2087 dignus
2589 2028 2690 2087 ego
2736 2024 3009 2085 peccator,
3056 2014 3270 2067 Patrum
3325 2027 3572 2065 meorum

315 2089 494 2152 νάζων
520 2092 616 2143 καὶ
644 2090 818 2160 λέγων
841 2132 855 2157 ,
905 2092 986 2146 ὃτι
1019 2092 1136 2146 Ούκ
1159 2093 1404 2165 ἠξιώθην
1435 2096 1546 2165 ἐγὼ
1571 2099 1600 2150 6
1630 2099 1887 2169 ἀμαρτω-

1997 2125 2182 2179 preces
2211 2108 2480 2177 accipere.
2526 2107 2607 2161 illi
2638 2122 2767 2161 sane
2792 2112 2951 2160 erant
2982 2104 3171 2159 Patres
3208 2103 3337 2166 mei,
3376 2112 3429 2157 et
3474 2103 3571 2157 do-

315 2180 407 2272 λος
435 2181 618 2235 λαϐεῖν
665 2181 766 2254 τὴν
814 2184 980 2255 εὐχὴν
1028 2186 1138 2239 τῶν
1182 2188 1440 2259 Πατέρων
1489 2206 1613 2260 μου.
1645 2189 1891 2261 ’Δληθῶς

1997 2204 2159 2268 mini,
2193 2217 2256 2257 ac
2287 2199 2530 2272 magiStri
2564 2199 2730 2254 :ideo
2771 2213 3019 2267 scopum,
3054 2212 3216 2266 quem
3271 2196 3372 2249 sibi
3433 2192 3572 2264 prae-

313 2270 460 2330 οὖτοί
516 2292 615 2345 μου
658 2276 924 2347 Πατέρες,
974 2279 1067 2331 καὶ
1107 2279 1386 2341 δεσπόται,
1437 2284 1533 2335 καὶ
1580 2281 1887 2337 διδάσκαλοι

1997 2295 2251 2359 ﬁxerunt,
2287 2270 2399 2347 non
2427 2307 2547 2346 sum
2587 2298 2896 2344 assecutus.
2935 2288 3130 2356 Papae!
3158 2301 3321 2355 quam
3354 2286 3575 2355 pretiosi

311 2366 632 2435 ἐτύγχανον,
655 2371 750 2423 καὶ
773 2368 865 2421 διά
886 2367 1046 2422 τοῦτο
1067 2370 1166 2440 τῆς
1186 2371 1318 2441 παρ’
1337 2372 1515 2427 αὐτῶν
1536 2373 1888 2445 παραθέσεως

1997 2386 2217 2455 lapides,
2270 2393 2329 2438 ut
2372 2383 2617 2453 loquitur
2657 2381 2939 2450 Scriptura
3000 2380 3066 2443 ’⁵,
3122 2379 3354 2432 latentes
3414 2392 3576 2446 supra

311 2455 611 2526 ήστόχησα.
645 2457 858 2513 Βαὸαίῐ
916 2461 1035 2523 πῶς
1080 2461 1218 2515 λίθοι
1277 2463 1472 2534 τίμιοι,
1529 2464 1605 2528 ὥς
1661 2467 1889 2537 φησινή

1997 2488 2191 2532 lenam
2222 2477 2549 2539 volvuntur;
2586 2472 2678 2542 qui
2712 2487 2742 2525 a
2791 2470 2979 2524 multis
3026 2469 3245 2538 quidem
3303 2467 3574 2527 videntur,

311 2548 526 2650 Γραφη,
555 2549 841 2621 λεληθότες
870 2554 963 2606 ἐπὶ
993 2554 1096 2623 τῆς
1142 2556 1247 2626 γῆς
1283 2556 1582 2622 κυλίονται,
1629 2558 1736 2612 ὑπὸ
1766 2558 1891 2612 πολ-

1997 2569 2086 2624 sed
2128 2584 2159 2622 a
2206 2568 2399 2638 paucis
2442 2562 2958 2635 apprehenduntur.
3012 2561 3147 2615 Dum
3194 2561 3311 2615 hare
3353 2566 3578 2612 mmstus

313 2636 546 2730 Miv
574 2642 913 2730 φαινόμενοι,
946 2643 1051 2696 ύπὺ
1081 2644 1284 2713 ὀλίγων
1312 2646 1371 2699 δὲ
1396 2646 1892 2718 καταλαμϐανόμε-

1997 2675 2176 2716 secum
2201 2636 2459 2730 agitabat,
2483 2672 2612 2712 ecce
2651 2656 2771 2725 puri
2801 2655 2988 2725 sponsi
3021 2652 3224 2706 Christi
3264 2651 3491 2705 veniunt
3521 2659 3580 2703 ut

314 2728 435 2821 voti
467 2727 554 2790 Ὠς
581 2728 756 2785 ταῦτα
780 2727 875 2785 οὖν
903 2733 983 2794 είς
1012 2734 1206 2787 ἑαυτὸν
1234 2734 1519 2805 ἀδημονῶν
1541 2734 1888 2805 διελογίζετο,

1997 2727 2368 2821 egrediantur,
2411 2755 2539 2802 ante
2576 2761 2715 2816 quos
2739 2743 3222 2812 contemplabatur
3252 2740 3581 2809 purissimus

318 2816 429 2911 ίδου
528 2822 750 2911 νυμφίιπ
773 2824 821 2876 οἱ
845 2823 1078 2894 καθαροὶ
1105 2825 1199 2879 τοῦ
1228 2826 1465 2896 Χριστοῦ
1486 2828 1770 2899 ἐρχόμενοι
1796 2830 1890 2883 ἐπὶ

1998 2841 2336 2911 liegumenus
2388 2838 2559 2893 Nicon
2608 2836 2894 2892 eunuchos
2936 2834 3168 2903 aliquot,
3207 2847 3437 2902 quorum
3492 2830 3581 2883 alii
3646 2868 3649 2869 ν

312 2906 383 2960 τὸ.
410 2907 665 2976 ἐξελθεῖν,
701 2905 776 2966 ὧν
806 2911 1120 2983 ἔμπροσθεν
1162 2914 1391 2987 ἐθεώρει
1431 2918 1462 2970 ὀ
1500 2917 1889 2990 καθαρώτατος

313 2999 617 3071 ἡγούμενος
653 3004 838 3076 Νίκων
887 3007 1041 3069 τινὰς
1074 3007 1365 3078 εὐνούχους
1396 3008 1885 3083 λαμπαδηφόρους,

310 3095 440 3161 τοὺς
465 3096 524 3151 δέ
550 3098 808 3172 σκῆπτρα
840 3102 902 3155 ἐν
928 3105 994 3173 τῇ
1028 3104 1127 3173 μιᾷ
1148 3104 1296 3175 χειρὶ
1315 3104 1672 3175 κατέχοντας.

1995 2930 2244 2987 ferebant
2272 2930 2570 3000 lampades,
2596 2928 2686 2983 alii
2719 2934 2933 2997 sceptra
2956 2940 3122 2980 manu
3150 2922 3436 2978 tenebant.

1774 3234 2007 3305 CAPUT
2050 3249 2106 3307 v.

1256 3362 1497 3419 Secessus
1534 3366 1591 3418 in
1621 3366 1997 3433 solitudinem,
2027 3365 2246 3422 Satanas
2275 3367 2621 3420 machinatio.

388 3485 483 3545 ις’.
520 3479 609 3543 Ὠς
631 3474 725 3532 οὖν
759 3448 981 3543 τούτους
1013 3480 1299 3545 ἐθεάσατο,
1344 3481 1652 3551 περιχαρὴς
1687 3480 1892 3553 σφόδρα

2069 3481 2157 3535 16.
2203 3480 2309 3536 Eos
2345 3480 2508 3552 igitur
2552 3478 2922 3548 conspicatus,
2960 3474 3131 3529 solide
3178 3472 3398 3542 gavisus
3452 3469 3582 3532 fuit;

315 3571 550 3640 ἐγένετο,
583 3572 719 3624 διότι
744 3574 843 3625 οὐκ
870 3573 1142 3642 ἀπέτυχεν
1161 3575 1260 3643 τῆς
1288 3574 1454 3627 αὑτοῦ
1480 3573 1774 3643 ἐπιθυμίας
1795 3589 1810 3606 ⁶
1835 3575 1894 3627 ὃν

318 3661 649 3730 θεασάμενοι
686 3662 739 3713 οἱ
783 3663 1065 3734 μακάριοι,
1103 3661 1486 3732 ἠϐουλήθησαν
1528 3661 1893 3732 ὑποστρέψαι,

321 3757 398 3829 μὴ
426 3757 721 3826 νοήσαντες
767 3756 851 3808 ὃτι
905 3757 933 3807 6
974 3756 1279 3826 ἡγούμενός
1314 3755 1770 3826 ἐστιν.Ἔδραμεν
1803 3751 1896 3808 οὖν

316 3849 345 3900 6
369 3850 516 3909 ὅσιος
552 3847 740 3900 Νίκων
767 3847 863 3899 καὶ
902 3845 1347 3916 προσεκαλέσατο
1376 3847 1576 3910 αὐτοὺς
1607 3847 1744 3916 πρὸς
1770 3847 1896 3898 ἐαυ-

314 3940 432 3995 τόν.
470 3940 560 4000 Ὠς
600 3936 693 3994 οὖν
736 3938 982 4008 ἔγνωσαν
1013 3940 1094 3993 ὅτι
1124 3941 1154 3991 6
1180 3939 1484 4009 ήγούμενὸς
1528 3942 1697 4005 ἐστιν,
1742 3955 1898 4009 περι-

316 4034 505 4102 χαρεῖς
530 4032 624 4086 καὶ
651 4031 807 4085 αὐτοὶ
826 4032 1101 4101 ἐγένοντο,
1141 4032 1376 4102 μάλιστα
1401 4028 1778 4103 θεωρήσαντες
1801 4030 1896 4083 καὶ

313 4124 407 4178 τὸν
439 4124 661 4178 πυλῶνα
695 4125 940 4178 ἀνοικτόν
969 4140 984 4156 ο
1017 4123 1248 4194 ἐνόησαν
1282 4122 1391 4194 γὰρ
1417 4123 1500 4176 ὅτι
1528 4125 1557 4176 6
1586 4122 1717 4187 Θεὸς
1745 4121 1895 4191 αύτῷ

315 4216 478 4271 πάλιν
502 4216 596 4270 καὶ
626 4214 783 4270 τοῦτο
809 4215 1182 4286 ἀπεκάλυψεν.
1239 4215 1542 4284 Ἢθέλησαν
1568 4209 1662 4267 οὖν
1713 4213 1895 4284 βαλεῖν

318 4306 627 4377 μετάνοιαν,
654 4307 753 4360 καὶ
772 4304 1101 4359 διεκώλυσεν
1131 4305 1330 4369 αὐτοὺς
1357 4303 1553 4373 λέγων,
1587 4300 1753 4375 μηδὲν
1785 4320 1895 4357 τοι-

312 4395 472 4450 οῦτον
498 4398 684 4462 αὐτοῖς
710 4396 911 4462 ἐξεῖναι
931 4397 1277 4469 ποιῆσαι,διὰ
1304 4397 1402 4466 τὴν
1427 4395 1592 4467 τιμὴν
1618 4394 1713 4449 τοῦ
1734 4411 1892 4466 περι-

311 4489 563 4552 τεθέντος
592 4490 773 4551 αὐτοῖς
815 4487 1110 4558 ἀγγελικοῦ
1150 4486 1450 4557 σχήματος.
1496 4487 1762 4555 Λέγουσιν
1798 4482 1892 4539 οὖν

313 4581 464 4653 αὐτῷ
484 4581 705 4644 εὐθέως·
723 4579 1171 4652 Εὐχαριστοῦμέν
1192 4596 1296 4647 σοι,
1323 4581 1524 4651 Πάτερ,
1541 4579 1639 4633 καὶ
1653 4578 1704 4631 τί
1722 4594 1891 4649 προσ-

313 4670 441 4738 ἀξαι
469 4672 548 4744 τῷ
575 4671 693 4743 Θεῷ
731 4673 829 4726 καὶ
856 4674 923 4744 τῇ
961 4674 1028 4744 σῇ
1052 4672 1211 4743 τιμίᾳ
1241 4671 1480 4741 κεφαλῇ,
1518 4671 1619 4724 οὐκ
1646 4670 1888 4740 οἴδαμεν.

314 4763 413 4826 Τίς
464 4765 613 4833 ἡμᾶς
672 4762 932 4818 τοιούτων
994 4763 1215 4835 δωρεῷν
1270 4762 1567 4833 ἀξιωθῆναι
1620 4760 1888 4832 ήλπιζενς

1998 3575 2122 3643 quia
2168 3589 2285 3643 non
2332 3582 2453 3627 erat
2487 3571 2784 3625 frustratus
2814 3583 2914 3621 suo
2945 3563 3240 3619 desiderio.
3289 3560 3583 3643 Postquam

1999 3642 2145 3716 liune
2183 3642 2448 3714 vidissent
2482 3658 2646 3719 beati,
2693 3656 2988 3710 voluerunt
3023 3649 3226 3711 redire,
3268 3642 3395 3699 non"
3430 3644 3582 3713 cogi-

1999 3758 2177 3804 tantes
2234 3748 2380 3816 quod
2448 3746 2788 3817 hegumenus
2843 3747 3009 3794 esset.
3080 3735 3337 3789 Cucurrit
3397 3733 3583 3801 itaque

1998 3847 2221 3894 sanctus
2251 3836 2446 3900 Nicon,
2470 3844 2526 3889 et
2566 3831 2850 3888 advocavit
2877 3842 2973 3884 eos
2995 3826 3061 3882 ad
3095 3841 3173 3882 se.
3207 3823 3310 3881 Ubi
3345 3822 3581 3893 primum

1997 3931 2080 3985 eis
2123 3930 2467 3999 hegumenus
2520 3922 2786 3988 innotuit,
2838 3918 2939 3991 ipsi
2990 3919 3155 3973 etiam
3217 3915 3371 3971 valde
3415 3912 3581 3985 gavisi
3658 3927 3672 3942 ο

1997 4027 2148 4085 sunt,
2197 4018 2435 4074 maxime
2486 4016 2709 4087 quando
2752 4013 3013 4068 videbant
3052 4010 3253 4066 ostium
3306 4016 3580 4077 apertum.

1999 4105 2212 4161 Etenim
2268 4105 2441 4161 Deum
2489 4105 2596 4160 hoc
2639 4102 2717 4157 illi
2763 4116 2984 4157 rursum
3034 4098 3341 4161 revelasse,
3375 4094 3582 4166 cogita-

1997 4197 2148 4252 bant.
2180 4196 2410 4267 Jamque
2438 4196 2698 4252 volebant
2729 4193 3109 4265 paenitentiam
3141 4188 3350 4263 (El-22)
3378 4186 3581 4271 facere,

1997 4297 2054 4343 at
2092 4287 2263 4343 vetuit
2310 4287 2414 4341 illis
2446 4285 2637 4341 dicens
2693 4283 2830 4338 nihil
2863 4283 2971 4338 tale
3024 4283 3107 4337 eis
3157 4279 3333 4349 licere
3359 4277 3580 4344 facere;

1999 4386 2222 4447 propter
2252 4376 2558 4448 angelicum
2588 4374 2858 4438 habitum,
2888 4388 2999 4442 quo
3039 4380 3199 4425 erant
3229 4367 3425 4423 induti.
3462 4366 3582 4420 Mox

1998 4468 2073 4522 illi
2107 4466 2299 4522 dicunt
2325 4483 2339 4520 :
2365 4465 2557 4522 Grates
2588 4465 2684 4521 tibi
2709 4466 2943 4536 agimus,
2968 4478 3001 4516 o
3023 4462 3201 4525 Pater,
3234 4467 3289 4514 et
3317 4457 3583 4529 quidnam

1997 4558 2111 4613 Deo
2168 4572 2233 4612 ac
2300 4555 2618 4611 venerando
2674 4554 2839 4625 capiti
2883 4562 2978 4609 tuo
3034 4552 3208 4608 simus
3257 4547 3586 4619 repensuri,

1996 4650 2337 4720 ignoramus.
2370 4647 2507 4715 Quis
2539 4661 2643 4702 nos
2695 4642 3010 4716 huiusmodi
3039 4641 3199 4698 donis
3231 4637 3588 4697 cumulandos

1999 4741 2319 4812 sperasset?
2348 4740 2537 4806 Qualis
2583 4753 2677 4793 rex
2722 4752 2824 4793 nos
2869 4736 2959 4791 tali
2994 4735 3265 4821 dignitate
3308 4734 3586 4788 honorare

314 4856 468 4916 ποῖος
486 4828 754 4923 βασιλεὺς
782 4851 1010 4922 τοιούτῳ
1034 4828 1307 4922 ἀξιώματι
1334 4828 1485 4921 ήμᾶς
1504 4828 1733 4921 τιμῆσαι
1763 4847 1892 4916 ἡδύ-

1999 4834 2221 4906 posset?
2255 4833 2456 4899 Quales
2497 4830 2701 4887 terreni
2751 4830 2997 4884 thesauri
3045 4829 3180 4883 adeo
3210 4828 3441 4896 repente
3485 4838 3587 4877 nos

316 4960 484 5011 νατο;
521 4947 661 4997 ποῖοι
689 4943 924 5010 ἐπίγειοι
951 4942 1219 5013 θησαυροὶ
1253 4943 1426 5005 οὕτως
1446 4940 1708 5010 ἐξαίφνης
1733 4938 1897 4993 πλου-

313 5034 479 5104 τῆσαι
540 5036 686 5106 ἡμᾶς
740 5034 994 5100 ἐποίουν;
1034 5033 1206 5088 ποίων
1264 5033 1510 5104 λουτρῶν
1572 5030 1895 5096 ἀπολούσεις

311 5127 482 5190 οὕτως
513 5127 670 5199 ήμῶν
702 5129 802 5197 τὴν
829 5125 1007 5197 ψυχὴν
1028 5125 1387 5196 ἐκαθάριζονς
1423 5127 1568 5178 ποῖοι
1602 5125 1779 5191 γονεῖς
1805 5118 1896 5174 oi'i-

310 5231 421 5278 τως
459 5216 744 5286 ἀγαπῆσαι
785 5217 878 5270 καὶ
907 5215 1079 5270 σῶσαι
1104 5216 1385 5279 ἐδύναντο;
1418 5217 1546 5268 ποῖα
1575 5212 1724 5281 ξένια
1745 5211 1894 5283 δῶρα

312 5304 415 5378 τὴν
442 5307 552 5359 τῶν
586 5307 869 5378 ἁμαρτιῶν
921 5307 1079 5377 ήμῶν
1130 5309 1322 5376 ἄφεσιν
1375 5307 1657 5377 συντόμως
1716 5305 1893 5369 οὕτως

311 5395 534 5466 ἐνέγκαι
562 5398 694 5468 ήμῖν
718 5397 921 5467 ἴσχυον,
943 5397 1018 5463 ὡς
1054 5398 1142 5463 σὺ,
1173 5397 1327 5468 τίμιε
1357 5396 1517 5470 ήμῶν
1554 5397 1759 5468 Πάτερ,
1792 5394 1888 5450 καὶ

385 5525 432 5559 ⁸⁸
460 5526 688 5587 Zachar.
740 5546 816 5599 Ix,
849 5530 939 5585 16.

384 5717 598 5789 (ει-εξ)
623 5716 896 5789 interpres
925 5717 1066 5787 apud
1095 5715 1314 5789 Surium
1348 5715 1472 5789 legit
1499 5715 1684 5789 καλεῖν
1715 5715 1883 5785 μετά-

312 5785 483 5849 νοιαν.
532 5785 587 5843 et
625 5785 802 5842 reddit
859 5785 1045 5842 vocare
1101 5785 1477 5857 paenitentiam.
1543 5785 1678 5857 Nota
1758 5801 1883 5857 curn

2001 4924 2200 4980 divites
2230 4921 2561 4979 redderent?
2598 4921 2854 4988 Qualium
2890 4921 3234 4974 lavacrorum
3279 4931 3411 4970 usus
3448 4917 3588 4968 adeo
3645 4940 3650 4947 -

2001 5019 2239 5073 animam
2280 5025 2521 5072 nostram
2570 5014 2895 5069 mundaret?
2944 5012 3147 5078 Quales
3197 5014 3458 5079 parentes
3507 5006 3584 5061 ita

2001 5112 2224 5182 diligere
2254 5116 2479 5180 possent
2518 5123 2592 5176 .ac
2631 5106 2886 5162 servare?
2916 5103 3106 5169 Qualia
3139 5100 3298 5155 xenia
3335 5099 3586 5166 donaque

2002 5202 2377 5258 remissionem
2423 5209 2771 5270 peccatorum
2822 5207 3138 5251 nostrorum
3192 5203 3300 5273 tam
3344 5190 3587 5246 breviter

2000 5294 2158 5350 nobis
2190 5292 2420 5359 all‘erre,
2455 5293 2599 5346 sicut
2641 5300 2699 5345 tu
2745 5289 2900 5354 facis,
2934 5286 3248 5344 venerande
3297 5287 3457 5341 Pater
3486 5299 3586 5339 no-

1996 5388 2145 5448 ster?
2174 5386 2257 5441 Tu
2297 5383 2703 5457 progenitorum
2737 5381 2983 5437 omnium
3023 5396 3089 5435 ac
3119 5387 3411 5450 parentum
3462 5375 3585 5431 loco

1838 5620 2082 5677 ΝΟΤᾹΞ.

1992 5725 2159 5779 gnare
2192 5708 2424 5771 corporis
2456 5715 2504 5779 et
2536 5706 2744 5779 capitis
2768 5703 3158 5779 inclinationes,
3192 5696 3479 5755 monachis
3514 5714 3581 5779 ac

1994 5768 2386 5851 pteniteutibus
2420 5768 2667 5851 usitatas.
2706 5776 2771 5830 Et
2814 5775 3046 5829 fortasse
3076 5772 3178 5827 hoc
3210 5787 3374 5827 sensu
3414 5768 3582 5841 μετά-

311 5847 516 5931 Cangio
553 5873 739 5914 vocem
782 5859 1060 5929 μετάνοια,
1101 5847 1305 5929 praeter
1352 5856 1711 5925 pwnitentiam
1743 5855 1888 5909 desi-

1997 5847 2112 5907 νοια
2144 5850 2231 5905 hic
2260 5847 2546 5919 accipitur.
