4024 6232
411 399 538 467 1691

1420 412 1732 475 LEONTII
1766 412 2274 477 NEAPOLITANI
2315 412 2649 473 EPISCOPI

3521 411 3656 481 169%

406 515 589 583 nobis,
625 524 747 586 post
775 516 1051 572 Christum
1072 558 1088 585 ,
1129 530 1285 591 pater
1309 533 1364 579 et
1392 533 1569 581 mater
1592 544 1671 583 es.
1708 527 1790 582 Tu
1814 526 1980 581 domi-

2090 523 2210 576 ἀντί
2244 524 2464 577 πάντων
2492 526 2602 577 τῶν
2640 524 2919 595 προγόνων
2962 524 3120 596 ἡμῶν
3174 524 3271 577 καϊ
3321 524 3519 590 γονέων
3540 563 3557 588 ,
3590 523 3654 577 σὺ

408 622 532 671 nus,
569 613 629 660 tu
673 606 989 671 instructor,
1023 618 1083 663 tu
1123 614 1503 681 manuductor,
1535 626 1592 671 tu
1628 619 1726 673 via:
1767 620 1894 697 dux,
1922 627 1978 674 et

404 697 508 751 alia
533 687 891 770 quaecunque,
916 701 1116 770 quibus
1140 704 1443 762 referendis
1472 709 1655 780 lingua
1687 727 1795 766 non
1832 713 1980 767 sufﬁ-

405 788 502 841 cit.
530 788 636 845 Per
681 800 734 844 te
771 793 1223 860 pretiosissimam
1273 801 1622 870 margaritam
1666 803 1844 872 adepti
1888 820 1981 859 su-

406 893 550 941 mus,
602 891 659 935 et
704 898 834 937 vere
890 885 1234 954 baptismatis
1279 889 1560 957 virtutem,
1605 893 1762 963 cujus
1805 897 1980 951 sancti

406 971 567 1026 nobis
592 975 882 1042 praenuntii
915 976 1103 1034 Patres
1130 979 1302 1045 fuere,
1330 985 1540 1053 experti
1573 1000 1781 1041 sumus.
1814 986 1979 1042 Novi-

404 1078 530 1116 IIIUS
558 1080 683 1120 vere
726 1077 1075 1136 ρθοοειονιιω
1103 1080 1416 1127 nostrorum
1458 1076 1887 1132 combustioncm
1913 1094 1977 1133 ex

405 1150 553 1221 igne,
581 1154 674 1222 qui
701 1156 864 1211 corda
890 1167 1082 1214 nostra
1118 1161 1427 1227 comburit;
1455 1164 1542 1218 cui
1576 1165 1854 1222 tolerando
1875 1167 1981 1221 im-

404 1255 566 1309 pares
595 1256 807 1308 sumus,
829 1246 967 1302 adeo
996 1248 1300 1316 praecordia
1325 1260 1513 1306 nostra
1537 1251 1860 1309 inﬂammat.

478 1413 568 1466 17.
604 1414 998 1475 Beatitudinem
1030 1431 1206 1489 tuam,
1249 1440 1283 1479 ο
1306 1424 1489 1492 Pater,
1521 1428 1892 1497 obsecramus,
1924 1443 1983 1488 ut

406 1501 656 1572 impense
683 1523 785 1577 pro
811 1510 969 1565 nobis
998 1527 1142 1578 ores,
1172 1524 1227 1568 et
1254 1530 1443 1570 servos
1472 1525 1594 1573 tuos
1625 1521 1776 1575 abire
1808 1522 1977 1588 sinas,

407 1600 467 1645 ut
500 1592 714 1648 sincere
743 1605 797 1650 et
824 1598 982 1652 enixe
1011 1597 1121 1654 Deo
1167 1602 1493 1671 serviamus,
1534 1608 1623 1661 cui
1648 1622 1747 1663 nos
1789 1625 1983 1665 conse-

406 1682 698 1739 cravimus.
729 1685 859 1742 Sine
889 1697 941 1743 te
968 1692 1204 1759 exorari,
1239 1702 1298 1748 ut
1340 1711 1616 1767 nunquam
1643 1700 1982 1758 obliviscaris

406 1775 680 1832 inutilium
732 1779 966 1838 filiorum
1016 1793 1257 1854 tuorum,
1292 1803 1361 1843 eo
1407 1801 1673 1862 tempore,
1719 1812 1828 1865 quo
1861 1813 1981 1852 ma-

404 1882 508 1921 nus
545 1878 663 1924 tuas
692 1873 1032 1930 venerabiles
1054 1878 1326 1934 extendis.
1344 1879 1479 1946 lmo,
1504 1883 1633 1950 imo,
1662 1887 1745 1939 vir
1768 1900 1976 1956 sancte,
2014 1866 2054 1920 Β

405 1957 524 2013 sine
564 1967 615 2014 te
649 1964 860 2017 exorari
886 1964 955 2019 ab
984 1965 1306 2038 alienigenis
1338 1989 1352 2025 :
1384 1973 1634 2030 orbitatis
1671 1992 1862 2032 eorum
1891 1996 1982 2034 re-

350 2118 359 2125 ι
406 2050 717 2108 miniscere.
762 2055 971 2112 Deinde
1011 2074 1189 2128 genua
1237 2065 1411 2118 sancti
1440 2066 1680 2123 hominis
1723 2072 1978 2141 amplexi,

404 2154 622 2196 rursum
670 2144 974 2205 dicebant:
1016 2148 1199 2217 Pater,
1250 2163 1372 2209 esto
1427 2172 1637 2213 memor
1692 2161 1979 2220 humilium

405 2239 621 2287 tuarum
651 2237 856 2298 ovium.
885 2256 1019 2309 quas
1052 2240 1283 2299 Christo
1307 2246 1622 2306 holocausta
1667 2253 1978 2312 immolasti.

404 2322 712 2382 Recordare
765 2341 1112 2388 externarum
1169 2336 1519 2407 plantarum,
1571 2358 1708 2412 quas
1751 2347 1982 2414 pulchro

404 2418 642 2483 paradisi
689 2420 847 2478 horto
896 2424 1141 2481 inserere
1196 2429 1473 2486 studuisti.
1531 2433 1611 2489 Ne
1659 2437 1983 2497 obliviscere

404 2511 779 2576 operariorum
808 2514 1087 2583 inertium,
1118 2534 1257 2587 quos
1277 2523 1568 2579 undecima
1597 2527 1819 2583 circiter
1849 2531 1982 2586 hora

404 2600 464 2654 in
512 2601 668 2657 vinea
727 2604 929 2662 Christi
986 2612 1242 2668 mercede
1296 2616 1634 2673 conduxisti.
1684 2620 1983 2677 Mirabatur

403 2701 584 2746 autem
646 2703 702 2750 et
756 2699 1177 2769 ohstupcscebat
1230 2721 1455 2776 praeses,
1496 2711 1716 2778 quando
1764 2713 1984 2770 videbat

400 2794 521 2843 eos,
553 2782 643 2850 qui
665 2795 792 2839 ante
824 2787 1053 2844 biduum
1095 2792 1317 2851 fuerant
1347 2798 1530 2855 idiotte
1558 2817 1623 2857 ac
1657 2805 1840 2869 rudes,
1874 2817 1979 2862 tam

402 2871 584 2926 subito
608 2876 847 2933 evasisse
878 2880 1173 2950 sapientes,
1224 2901 1291 2940 ex
1341 2903 1408 2943 eo
1467 2893 1613 2961 quod
1654 2898 1982 2966 assumpsis-

401 2969 526 3015 sent
559 2964 802 3020 divinum
836 2968 1103 3028 habitum.
1139 2973 1274 3030 Dum
1311 2993 1441 3049 ergo
1466 2992 1695 3054 uterque
1733 2964 1865 3043 satis
1888 2988 1982 3043 diu

397 3049 659 3117 ﬂevisset,
685 3072 826 3126 genu
853 3060 1129 3117 inclinavit
1156 3076 1380 3125 sanctus
1410 3049 1692 3140 Nicon,_et
1720 3079 1983 3137 collocato

2077 616 2110 685 ἡ
2119 615 2254 684 μῶν,
2275 614 2416 684 μετά
2435 615 2693 686 Χριστὸν,
2708 615 2888 688 πατὴρ
2914 616 3009 670 καὶ
3041 617 3252 687 μήτηρς
3270 617 3342 669 Σὺ
3358 616 3656 700 Δεσπότης,

2081 707 2146 760 σὺ
2179 706 2576 778 συγκροτητὴς,
2617 708 2682 762 σὺ
2705 708 3068 779 χειραγωγὸς,
3101 708 3166 761 σὺ
3188 709 3402 778 ὁδηγὸς,
3435 708 3533 762 καὶ
3558 711 3657 763 ὅσα

2078 796 2303 866 γλῶσσα
2341 799 2521 850 εἰπεῖν
2541 799 2642 850 οὐκ
2675 797 2870 866 ἰσχύει.
2900 797 3001 849 Διά
3031 796 3124 849 σοῦ
3162 796 3257 850 τὸν
3291 797 3658 867 πολυτίμητον

2082 886 2434 956 μαργαρίτην
2472 888 2849 959 ἐκτησάμεθα,
2881 888 3159 957 ἐμάθομεν
3187 886 3404 958 ἀληθῶς
3439 888 3539 957 τὴν
3564 887 3658 941 δύο

2078 995 2242 1048 ναμιν
2262 978 2356 1032 τοῦ
2386 979 2781 1051 βαπτίσματος,
2818 974 2990 1051 οὗπερ
3015 982 3153 1051 ἡμῖν
3175 981 3225 1034 οἰ
3250 981 3390 1034 ὅσιοι
3418 981 3658 1051 Ιίατέρες

2079 1070 2397 1138 προέλεγον.
2426 1072 2716 1139 Ἐγνωμεν
2738 1071 2907 1134 ὅντως
2927 1071 3026 1141 τὴν
3047 1071 3157 1124 τῶν
3178 1070 3462 1141 ἡμετέρων
3479 1072 3661 1140 ἀμαρ-

2079 1160 2209 1212 τιῶν
2230 1160 2570 1231 κατάκαυσιν
2600 1162 2665 1214 ὲκ
2691 1161 2788 1214 τοῦ
2808 1161 3189 1232 περικαίοντος
3211 1163 3243 1231 ἡ
3252 1161 3369 1230 μῶν
3393 1162 3489 1224 τὰς
3517 1176 3660 1230 καρ-

2078 1249 2197 1313 δίας
2228 1251 2424 1322 πυρὸς,
2455 1253 2594 1324 ὅπερ
2634 1254 2829 1323 καὶμὴ
2867 1254 3122 1323 φέροντες
3143 1293 3160 1320 ,
3194 1251 3370 1315 οὕτως
3399 1254 3465 1306 τὰ
3501 1252 3660 1322 ἡμῶν

2081 1340 2231 1402 ὲντὸς
2262 1342 2632 1411 περιφλέγων.

2153 1430 2238 1494 ιζ’.
2275 1432 2546 1503 Αίτοῦμεν
2594 1434 2758 1504 εὐχὴν
2805 1435 3028 1503 ποιῆσαι
3063 1435 3300 1499 ἐκτενῶς
3348 1435 3448 1505 τὴν
3476 1452 3661 1504 μακα-

2082 1523 2310 1592 ριότητα
2330 1542 2447 1587 σου,
2482 1526 2685 1596 Πάτερ,
2715 1527 2806 1580 καί
2830 1529 3098 1582 ἀπολῦσαι
3124 1532 3251 1593 τοὺς
3282 1531 3408 1593 σοὺς
3438 1531 3665 1595 δούλους

2082 1613 2163 1673 εἰς
2194 1611 2255 1664 τὸ
2280 1613 2520 1682 γνησίως
2543 1616 2640 1668 καὶ
2675 1616 2957 1687 όλοψύχως
3000 1617 3287 1672 δουλεῦσαι
3335 1613 3380 1687 ᾧ
3422 1622 3658 1690 ἀφιερώ-

2085 1718 2258 1772 σαμεν
2288 1705 2515 1769 ἑαυτοὺς
2546 1707 2686 1776 Θεῷ,
2716 1707 3140 1777 δυσωπούμενος
3179 1709 3447 1779 μηδέποτε
3485 1709 3671 1780 λήθην

2083 1793 2307 1863 ποιῆσαι
2353 1796 2588 1866 ἀχρείων
2647 1814 2742 1849 σου
2799 1800 3026 1862 παίδων,
3072 1801 3129 1852 ὲν
3161 1801 3339 1873 καιρῷ
3383 1802 3661 1864 ἐκτάσεως

2082 1881 2281 1952 χειρῶν
2314 1899 2407 1936 σου
2432 1884 2649 1954 τιμίων.
2675 1884 2804 1950 Ναὶ,
2835 1888 2945 1950 ναὶ,
2971 1888 3393 1960 δυσωπούμενος
3418 1891 3524 1945 ὑπὸ
3549 1892 3669 1946 τῶν

2083 1973 2271 2039 ξένων,
2306 1974 2446 2038 ὃσιε,
2467 1976 2659 2045 μνείαν
2680 1978 2836 2031 ποιοῦ
2862 1979 2961 2048 τῆς
2988 1980 3169 2032 αὐτῶν
3198 1981 3518 2051 ὁρφανείας.
3545 1984 3659 2036 Καὶ

2084 2063 2463 2133 ἐπιλαϐόμενοι
2496 2066 2605 2120 τῶν
2634 2068 2875 2136 γονάτων
2918 2070 3011 2123 τοῦ
3042 2071 3213 2137 ὁσίου,
3240 2072 3402 2127 πάλιν
3436 2073 3655 2142 ἔλεγον·

2083 2153 2393 2224 Μνήσθητι,
2427 2157 2631 2228 Πάτερ,
2659 2159 2768 2212 τῶν
2798 2160 2908 2213 σῶν
2938 2162 3210 2216 ταπεινῶν
3238 2165 3550 2232 προϐάτων,
3581 2160 3662 2219 ὧν

2082 2248 2463 2314 ὁλοκαύτωσας
2479 2252 2558 2324 τῷ
2585 2253 2825 2323 Χριστῷ.
2850 2256 2970 2323 Mm
2981 2255 3242 2324 μόνευσον
3259 2257 3430 2322 ξένων
3450 2257 3656 2324 φυτῶν,

2081 2337 2117 2391 ἂ
2141 2340 2199 2392 ἐν
2219 2339 2297 2410 τῷ
2318 2340 2467 2413 καλῷ
2494 2345 2657 2414 κήπῳ
2678 2344 2772 2397 τοῦ
2801 2346 3134 2417 παραδείσου
3166 2348 3431 2417 φυτεῦσαι
3459 2350 3657 2413 ἐσπευ-

2086 2450 2203 2495 σας.
2239 2434 2331 2506 Μὴ
2384 2435 2620 2509 ὲπιλάθῃ
2671 2437 2918 2508 όκνηρῶν
2963 2439 3232 2510 ἐργατῶν,
3271 2440 3367 2505 οὓς
3400 2442 3530 2513 περὶ
3556 2443 3660 2514 τὴν

2083 2524 2372 2596 ἑνδεκάτην
2404 2528 2486 2590 εἰς
2510 2527 2605 2581 τὸν
2627 2528 2929 2598 ἀμπελῶνα
2957 2530 3033 2601 τῷ
3062 2532 3284 2603 Χριστῷ
3313 2533 3655 2603 ὲμίσθωσας.

2096 2611 2436 2684 Ἐθαύμαζεν
2467 2615 2524 2669 δὲ
2553 2618 2647 2671 καὶ
2697 2618 3060 2689 ἐξεπλήττετο
3102 2621 3131 2673 6
3177 2622 3403 2692 ποιμὴν,
3436 2623 3660 2694 Θεωρῶν

2081 2702 2208 2764 τοὺς
2237 2702 2343 2773 πρὸ
2369 2704 2462 2758 δύο
2491 2707 2713 2777 ἡμερῶν
2738 2707 2975 2773 ἰδιώτας,
3009 2708 3181 2774 οὕτως
3203 2710 3466 2782 ἐξαίφνης
3500 2729 3657 2781 σοφι-

2084 2793 2310 2857 σθέντας
2335 2795 2424 2849 διὰ
2461 2798 2564 2867 τῆς
2588 2799 2885 2871 περιϐολῆς
2910 2802 3004 2857 τοῦ
3036 2802 3183 2857 θείου
3220 2806 3518 2876 σχήματος.
3570 2807 3659 2870 Ὠς

2082 2883 2355 2940 ἔκλαυσαν
2389 2884 2484 2942 οὖν
2518 2891 2821 2963 ἀμφότεροι
2870 2896 2963 2947 ὲπί
3012 2895 3203 2967 ἱκανὴν
3235 2895 3405 2968 ὥραν,
3468 2899 3660 2961 κλίνας

2081 2976 2211 3044 γόνυ
2242 2977 2271 3030 6
2293 2977 2438 3042 ὅσιος
2470 2979 2676 3046 Νίκων,
2723 2983 2819 3036 καὶ
2852 2985 3057 3054 στήσας
3083 2985 3307 3056 Συμεὼν
3353 2988 3417 3040 ὲκ
3441 2986 3658 3052 δεξιῶν.

2082 3069 2177 3122 καὶ
2199 3068 2457 3141 Ἰωάννην
2486 3073 2545 3138 ἐξ
2574 3073 2875 3143 εὐωνύμων
2902 3075 3103 3147 ἀνέστη
3126 3116 3138 3138 ,
3172 3078 3266 3130 καὶ
3290 3079 3537 3141 ἐκτείνας
3559 3081 3660 3142 τὰς

399 3142 671 3212 Symenne
734 3164 764 3203 a
792 3151 997 3208 dextris
1037 3164 1093 3210 et
1123 3156 1337 3216 Joanne
1365 3178 1395 3218 a
1422 3165 1682 3232 sinistris,
1715 3174 1974 3236 surrexit,

2083 3164 2272 3233 χεῖρας
2299 3165 2378 3227 εἰς
2400 3163 2490 3217 τὸν
2513 3142 2766 3234 οὐρανὸν,
2795 3160 2971 3221 εἶπενσ
3017 3167 3074 3220 ’0
3091 3142 3235 3232 ’Θεὸς
3272 3171 3301 3222 6
3323 3169 3533 3232 δίκαιος
3562 3172 3661 3223 καὶ

399 3239 456 3284 et
483 3235 756 3299 protensis
787 3238 841 3291 in
878 3243 1076 3297 coelum
1124 3249 1398 3315 manibus,
1444 3254 1581 3309 dixit
1615 3274 1628 3309 :
1662 3257 1804 3314 Deus
1835 3262 1980 3330 juste

2083 3253 2315 3319 αἰνετὸς,
2346 3255 2375 3307 6
2403 3253 2535 3318 Θεὸς
2569 3257 2598 3307 6
2624 3255 2797 3324 μέγας
2829 3256 2924 3309 καὶ
2963 3256 3204 3327 ἰσχυρὸς,
3234 3261 3262 3312 6
3297 3259 3431 3324 Θεὸς
3463 3263 3491 3313 6
3519 3278 3658 3330 προ-

398 3326 455 3371 et
502 3317 809 3389 laudabilis,
855 3324 998 3382 Deus
1042 3346 1235 3403 magne
1273 3347 1328 3391 et
1358 3338 1533 3405 fortis,
1586 3343 1746 3411 Deus,
1786 3317 1877 3416 qui
1921 3363 1981 3403 es

394 3420 526 3463 ante
555 3413 776 3479 saecula,
802 3419 996 3473 exaudi
1028 3419 1202 3476 virum
1231 3439 1574 3495 pcccatorem
1599 3433 1650 3487 in
1682 3436 1783 3491 hac
1804 3413 1976 3493 hora:

394 3507 594 3562 exaudi
617 3524 728 3577 me,
756 3511 921 3578 Deus,
952 3517 1145 3572 exaudi
1171 3534 1257 3574 me
1293 3521 1345 3575 in
1371 3521 1708 3582 fortitudine.
1742 3528 1981 3585 Estoim-

394 3617 626 3669 memor,
658 3613 904 3677 tempore
935 3607 1059 3675 hoc,
1085 3625 1194 3679 quo
1223 3627 1417 3682 preces
1443 3614 1633 3682 fundo,
1655 3622 1977 3689 praevarica—

394 3694 603 3748 tionum
635 3711 809 3751 amca
838 3698 1051 3755 vilitate
1104 3718 1277 3772 usque
1303 3713 1358 3759 et
1386 3722 1556 3777 usque
1590 3712 1974 3779 profecturum.

396 3783 608 3838 Exaudi
648 3802 760 3854 me,
789 3788 1037 3854 Domine,
1082 3794 1280 3850 exaudi
1320 3811 1409 3852 me
1448 3796 1503 3852 in
1547 3799 1671 3871 igne
1692 3797 1974 3870 orationis,

280 3909 291 3921 .
392 3875 534 3931 sicut
585 3877 712 3932 olim
765 3888 918 3934 tuum
976 3885 1348 3954 prophetam;
1398 3898 1454 3944 et
1493 3892 1614 3962 ejus
1661 3894 1975 3952 interventu

391 3965 651 4021 combure
690 3983 840 4024 meas
868 3970 1211 4043 iniquitates,
1252 3989 1309 4033 et
1338 3990 1561 4048 peccata
1601 3999 1861 4057 expurga.
1898 3988 1978 4042 lta

391 4056 506 4118 fiat,
539 4072 573 4110 o
604 4056 746 4114 Deus
769 4069 1083 4118 sanctarum
1119 4066 1421 4125 virtutum!
1455 4071 1530 4126 ita
1568 4072 1680 4139 fiat,
1716 4090 1750 4128 ο
1792 4056 1976 4133 rerum

392 4146 835 4218 incorporearum
866 4158 1120 4212 creator!
1160 4158 1236 4213 ita
1259 4160 1392 4217 ﬁatl
1425 4163 1518 4234 qui
1547 4165 1766 4222 dixisti:
1800 4170 1978 4234 Petite

390 4246 449 4292 et
465 4240 767 4310 accipietis.
793 4240 872 4300 Ne
909 4247 1230 4305 abominare
1257 4266 1366 4317 me,
1409 4254 1504 4322 qui
1534 4269 1656 4310 sum
1689 4256 1846 4314 labiis
1874 4261 1977 4315 im-

390 4330 564 4399 puris,
596 4334 731 4388 etin
786 4338 1027 4407 peccatis
1078 4340 1278 4397 haereo.
1324 4342 1534 4400 Exaudi
1581 4363 1692 4415 me,
1722 4351 1813 4420 qui
1846 4368 1976 4421 pro-

389 4420 590 4478 misisti
646 4433 699 4480 te
727 4429 1111 4486 exauditurum
1146 4448 1263 4497 eos,
1289 4435 1382 4505 qui
1415 4435 1676 4493 invocant
1700 4449 1761 4503 te,
1781 4440 1836 4496 in
1884 4459 1977 4498 ve-

2082 3344 2338 3408 αιώνιος,
2398 3345 2718 3399 εἰσάκουσον
2770 3347 3103 3418 ἀμαρτωλοῦ
3164 3349 3355 3421 ἀνδρὸς
3411 3353 3477 3422 τῇ
3541 3351 3665 3422 ὥρᾳ.

2081 3436 2277 3508 ταύτῃ.
2310 3436 2646 3492 Ἐπάκουσόν
2706 3456 2832 3509 μου,
2858 3441 2887 3492 6
2919 3439 3070 3507 Θεὸς,
3102 3440 3404 3495 ὲπάκουσόν
3451 3460 3554 3513 μου
3602 3447 3661 3497 ὲν

2084 3529 2252 3598 ἰσχύϊ.
2281 3529 2373 3601 Μὴ
2409 3529 2802 3600 μνημόνευσον,
2841 3532 2899 3584 ἐν
2931 3531 3105 3602 ταύτῃ
3138 3549 3238 3602 μου
3268 3535 3334 3603 τῇ
3356 3538 3657 3603 προσευχῇ,

2079 3620 2188 3673 τῶν
2219 3620 2307 3673 ἀεὶ
2340 3621 2434 3674 καὶ
2460 3624 2541 3683 εἰς
2571 3621 2658 3675 ἀεὶ
2694 3622 2992 3693 παρακοῶν
3036 3623 3135 3692 τῆς
3179 3624 3320 3694 ἐμῆς
3365 3623 3661 3689 ὲξουθενώ-

2082 3726 2238 3774 σεως.
2278 3710 2620 3765 Ἐπάκουσόν
2670 3728 2797 3783 μου,
2850 3713 3048 3783 Κύριε,
3109 3715 3418 3769 ὲπάκουσόν
3468 3732 3571 3784 μου
3603 3718 3663 3769 ὲν

2081 3800 2215 3872 πυρί⁵
2244 3802 2577 3872 προσευχῆς,
2604 3801 2680 3866 ὣς
2708 3819 2841 3857 ποτε
2864 3804 2960 3858 τοῦ
2992 3803 3089 3858 σοῦ
3118 3806 3423 3876 προφήτου,
3457 3806 3552 3858 καὶ
3572 3805 3663 3859 διά

2076 3891 2186 3945 τῶν
2214 3891 2380 3945 αὐτοῦ
2415 3892 2746 3962 πρεσϐειῶν,
2775 3895 2875 3958 τὰς
2906 3898 3141 3964 ἀνομίας
3171 3913 3274 3966 μου
3300 3898 3659 3966 κατάφλεξον,

2077 3983 2300 4048 καὶτὰς
2353 3984 2628 4054 ἁμαρτίας
2679 4002 2780 4056 μου
2817 3987 3136 4058 καθάρισον.
3168 3989 3299 4053 Ναὶ,
3328 3992 3357 4043 6
3383 3989 3514 4052 Θεὸς
3550 3990 3664 4043 τῶν

2076 4073 2249 4142 ἁγίων
2269 4074 2551 4146 δυνάμεων
2567 4092 2582 4106 ·
2614 4077 2704 4131 ναί
2727 4079 2756 4130 6
2779 4077 2892 4131 τῶν
2922 4079 3235 4148 ἀσωμάτων
3261 4082 3518 4152 ποιητής’
3550 4083 3660 4147 ναὶ,

2076 4167 2106 4218 6
2138 4163 2310 4218 εἰπών
2335 4180 2349 4196 ⁸
2381 4166 2615 4229 Αἰτεῖτε,
2645 4166 2740 4220 καὶ
2767 4165 3007 4237 λήψεσθε
3026 4184 3040 4198 ο
3077 4170 3151 4239 μή
3200 4185 3268 4240 με
3311 4169 3536 4240 βδελύξῃ
3567 4171 3665 4224 τὸν

2077 4254 2365 4326 ἀκάθαρτα
2398 4256 2550 4328 χείλη
2584 4257 3074 4329 περιϐεϐλημένον,
3109 4260 3204 4313 καὶ
3249 4261 3310 4311 ἐν
3359 4261 3660 4330 ἁμαρτίαις

2080 4345 2459 4416 συνεχόμενον.
2525 4346 2870 4401 Ἑπάκουσόν
2927 4365 3064 4419 μου,
3117 4351 3147 4403 6
3192 4349 3664 4421 ἐπαγγειλάμενος

2077 4438 2370 4493 ἐπακούειν
2429 4439 2537 4493 τῶν
2592 4441 2652 4493 ὲν
2680 4439 2911 4512 ἀληθείᾳ
2948 4440 3397 4513 ἐπικαλουμένων
3446 4459 3527 4506 σε,
3566 4444 3663 4497 καὶ

391 4510 590 4575 ritate;
633 4515 806 4589 dirige
851 4535 1072 4588 gressus
1118 4537 1404 4580 servorum
1435 4534 1676 4594 tuorum,
1715 4539 1771 4584 et
1808 4533 1974 4601 pedes

2081 4525 2408 4581 κατεύθυνον
2426 4527 2495 4580 τά
2522 4527 2842 4600 διαϐήματα
2872 4527 2981 4583 τῶν
3014 4528 3221 4607 δούλων
3253 4547 3375 4598 σου,
3405 4533 3501 4584 καὶ
3532 4532 3659 4596 τοὺς

389 4616 580 4657 eorum
619 4604 677 4659 in
717 4608 860 4662 viam
896 4610 1067 4680 pacis.
1110 4610 1437 4684 Compatare
1466 4615 1722 4673 innocuis
1764 4621 1969 4689 pueris,

2081 4617 2244 4681 πόδας
2271 4617 2455 4672 αὐτῶν
2483 4619 2563 4682 εἰς
2586 4618 2703 4672 ὁδὸν
2727 4620 2973 4691 εἰρήνης.
3023 4605 3390 4693 Συμπάθησον
3429 4622 3664 4686 ἀκάκοις

392 4690 447 4743 in
483 4700 716 4750 externa
739 4706 881 4753 terra
907 4700 1324 4770 exsistentibus,
1348 4705 1441 4774 qui
1481 4706 1665 4762 dixisti
1693 4724 1707 4760 :
1740 4708 1974 4766 «‘Estote

394 4780 673 4813 chnnlh.-.
706 4786 840 4813 αξη...
868 4792 1124 4813 --1---Διμ
1164 4795 1207 4813 ιι
1325 4795 1417 4813 ru.
1551 4798 1563 4810 ο
1644 4799 1657 4813 .
1694 4809 1707 4813 ,
1778 4801 1789 4812 .
1863 4810 1871 4813 .
1922 4811 1929 4813 ξ

2081 4710 2269 4762 παισὶν
2289 4708 2384 4762 ἐπὶ
2415 4706 2572 4781 ξένης
2592 4704 2766 4774 οὖσιν,
2809 4713 2837 4764 6
2869 4690 3041 4766 εἰπών
3061 4727 3076 4742 ·
3108 4690 3130 4765 ι
3158 4690 3384 4766 Γίνεσθε
3413 4712 3665 4813 ἀκέραιοι

392 4780 676 4852 simplices
705 4786 1131 4848 sicutcolumbae
1164 4795 1227 4848 ⁸⁸.
1269 4813 1289 4846 ι
1322 4795 1566 4853 Clamavi
1590 4799 1658 4855 ad
1692 4809 1745 4855 te
1776 4801 1831 4855 in
1858 4810 1972 4858 toto

392 4875 556 4906 θην-,ια
603 4891 760 4906 manu
797 4877 937 4906 Ιὶη..-
995 4881 1134 4906 n----
1208 4900 1340 4906 -_-__
1366 4888 1397 4906 ιε
1438 4904 1480 4906 κη
1584 4905 1591 4906 ,
1861 4892 1873 4905 ο

2081 4796 2151 4860 ὡς
2172 4798 2230 4850 αἰ
2268 4780 2619 4869 περιστεραί.
2658 4816 2678 4849 ι
2731 4798 3045 4871 Ἐκὲκραξά
3094 4816 3178 4855 σοι
3211 4802 3271 4855 ὲν
3316 4801 3414 4906 ὅλῃ
3440 4780 3664 4906 ,καρδίᾳ

390 4875 557 4930 corde
602 4891 762 4944 meo;
797 4877 959 4946 Deus,
992 4881 1157 4949 Deus,
1201 4888 1401 4942 exaudi
1435 4904 1544 4957 me,
1576 4905 1702 4960 spes
1727 4892 1970 4949 omnium

2081 4905 2205 4961 μου.
2253 4888 2313 4941 '0
2337 4888 2491 4952 Θεὸς,
2515 4891 2545 4943 6
2582 4888 2739 4953 Θεὸς,
2773 4889 3079 4944 ἐπάκουσόν
3116 4908 3253 4961 μου,
3273 4892 3308 4962 ἡ
3332 4891 3493 4956 ἐλπὶς
3520 4891 3662 4949 πάνγ

392 4965 581 5022 finium
624 4978 803 5038 terrae,
848 4980 906 5027 et
940 4988 1156 5043 eorum,
1185 4978 1279 5047 qui
1314 4988 1442 5036 sunt
1481 4984 1675 5052 procul
1722 4984 1778 5038 in
1826 4993 1970 5041 terra

2081 4997 2177 5038 των
2200 4979 2310 5033 τῶν
2344 4980 2595 5053 περάτων
2631 4981 2734 5051 τῆς
2785 4981 2909 5051 γῆς,
2949 4982 3044 5036 καί
3077 4983 3185 5036 τῶν
3229 4983 3325 5036 ἐπὶ
3363 4983 3520 5052 ξένης
3552 4998 3661 5051 μασι

390 5056 675 5116 aliena‘".

462 5151 529 5181 ΔΩ
594 5151 810 5181 lum".--
862 5158 1083 5181 -_:_:.__-
1142 5176 1317 5181 ,μμμ
1390 5164 1451 5181 ον
1622 5168 1634 5181 .
1833 5171 1854 5181 -
1921 5173 1932 5181 .

2081 5073 2230 5145 κράν.
2503 5098 2505 5101 ·
2997 5165 3010 5181 ‘
3100 5165 3127 5181 Δ
3147 5165 3158 5181 Ι
3469 5163 3485 5181 ⁹

377 5191 381 5196 .
462 5151 550 5204 18.
594 5151 814 5225 lncrepa
861 5158 1086 5229 spiritus
1135 5176 1331 5219 omnes
1390 5164 1701 5225 immundos
1743 5184 1774 5224 a
1829 5171 1973 5228 facie

2143 5161 2233 5236 ιη’.
2271 5165 2630 5237 Ἐπιτίμησον
2653 5168 2825 5222 πᾶσιν
2852 5169 2966 5230 τοῖς
2986 5165 3321 5234 ἀκαθάρτοις
3352 5163 3663 5273 πν-εύμαςσιν

392 5260 688 5313 puerorum
712 5256 931 5305 tuorum
968 5268 984 5305 :
1021 5254 1377 5324 apprehende
1399 5272 1550 5312 arma
1576 5269 1631 5315 et
1652 5271 1891 5328 scutum,
1920 5273 1976 5320 et

2081 5255 2182 5309 ἀπὸ
2210 5254 2509 5327 προσώπου
2558 5257 2670 5312 τῶν
2722 5258 2935 5313 παίδων
2971 5274 3090 5311 σου.
3145 5254 3441 5309 Ἐπιλαϐοὒ
3490 5253 3661 5309 ὅπλου

388 5353 622 5409 exsurge
656 5339 708 5394 in
739 5342 1074 5412 adiutorium
1098 5362 1290 5402 eorum
1317 5364 1331 5401 :
1365 5351 1588 5408 elfunde
1620 5353 1885 5409 frameam
1916 5366 1971 5413 et

392 5424 658 5480 conclude
682 5427 944 5486 adversus
969 5447 1086 5499 eos,
1117 5434 1210 5504 qui
1240 5447 1646 5507 persequuntur
1671 5440 1826 5495 illos:
1859 5443 1969 5510 dic,

394 5528 428 5566 o
471 5512 717 5584 Domine,
758 5518 956 5576 animae
990 5538 1220 5577 eorum:
1255 5525 1413 5581 Salus
1437 5521 1527 5582 tua
1554 5544 1655 5601 ego
1688 5546 1829 5587 sum.
1865 5533 1971 5589 Re-

394 5602 552 5658 cedat
584 5621 612 5658 a
654 5618 836 5664 mente
874 5627 1063 5667 eorum
1094 5615 1320 5684 spiritus
1364 5618 1589 5684 timoris,
1630 5623 1849 5691 acediar,
1879 5642 1971 5680 su-

474 5776 518 5807 “
545 5775 739 5830 llatth.
775 5797 828 5846 κ,
868 5784 949 5837 16.
1029 5789 1091 5819 η’
1130 5789 1267 5843 Psal.
1309 5807 1450 5859 xxiv,
1483 5794 1535 5849 G.

2079 5353 2171 5407 καὶ
2198 5351 2416 5424 θυρεοῦ.
2467 5353 2564 5406 καὶ
2588 5352 2856 5423 ἀνάστηθι
2892 5354 2974 5416 είς
3004 5351 3104 5422 τὴν
3149 5348 3435 5449 βοηθειαν.
3457 5346 3661 5449 αὐτῶν.

2083 5447 2313 5518 Ἔκχεον
2349 5445 2626 5518 ῥομφαίαν
2676 5447 2771 5500 καὶ
2815 5443 3137 5513 σύγκλεισον
3192 5439 3504 5506 ἐξεναντίας
3552 5439 3669 5493 τῶν,

2079 5536 2527 5591 καταδιωκόντων
2551 5537 2771 5600 αὐτούς.
2814 5535 2969 5600 Εἰπὲ,
3002 5529 3046 5587 ὧ
3080 5532 3273 5601 Κύριε,
3305 5533 3373 5602 τῇ
3396 5530 3542 5600 ψυχῇ
3566 5528 3667 5582 αὖ-

2080 5629 2189 5683 τῶν
2210 5645 2221 5656 ·
2256 5628 2509 5699 Σωτηρία
2542 5627 2638 5682 σού
2669 5630 2784 5699 εἰμι
2824 5627 2952 5696 ἐγώ.
3000 5620 3523 5695 ’Υπανσχωρησάτω
3556 5621 3668 5679 ἀπὸ

3582 5737 3690 5802 ...έ-
