3956 6220
319 431 456 497 1693

1662 358 1726 405 ί..

1522 403 1775 515 Win
1798 448 1857 509 s.
1887 449 2277 514 S‘YMEONIS.
2309 468 2311 470 ·

3416 471 3552 529 1694

312 541 411 609 τῆς
439 536 620 592 αὐτῶν
641 537 900 605 διανοίας,
923 539 1139 609 πνεῦμα
1166 541 1387 606 δειλίας,
1427 546 1675 615 ἀκηδίας,
1710 552 1874 622 ὑπερ-

2000 557 2194 625 ιετὺίεε,
2238 572 2293 616 et
2338 567 2515 619 omnis
2562 567 2797 632 malitiae,
2833 576 2889 622 et
2931 569 3309 639 exstinguatur
3350 571 3406 625 in
3439 573 3541 629 illis

318 629 570 700 ηφανίας,
599 629 694 682 καὶ
714 630 891 700 πάσης
927 631 1147 694 κακίας,
1181 634 1276 686 καὶ
1314 637 1747 709 κατασθεσθήτω
1777 643 1879 694 αὐ-

312 720 421 774 τῶν
452 722 601 773 πᾶσα
627 721 869 790 πύρωσις
905 723 996 775 καὶ
1021 722 1234 792 κίνησις
1272 726 1336 777 ὲκ
1380 726 1694 798 διαδολικῆς
1724 733 1879 799 ἐνερ-

311 814 468 880 γείας
492 802 881 885 συνισταμένη.
904 816 1232 887 Φωτισθήτω
1265 818 1442 871 αὐτῶν
1474 824 1535 873 τὸ
1563 821 1740 892 σῶμα,
1787 826 1881 877 καὶ

312 902 480 972 ψυχὴ,
512 902 608 955 καὶ
635 902 697 954 τὸ
726 903 944 974 πνεῦμα
972 904 1050 973 τῷ
1073 906 1210 972 φωτὶ
1236 906 1336 975 τῆς
1362 905 1616 973 γνώσεώς
1644 927 1760 974 σου,
1794 912 1881 964 ἵνα

317 994 751 1065 καταντήσαντες
778 994 856 1057 είς
873 994 975 1064 τὴν
995 995 1222 1065 ἑνότητα
1257 997 1358 1065 τῆς
1388 998 1640 1063 πίστεως,
1671 1001 1882 1071 καὶτῆς

316 1084 665 1154 ἑπιγνώσεως
722 1086 821 1155 τῆς
848 1086 1010 1154 ἁγίας
1039 1087 1133 1139 καὶ
1193 1090 1576 1158 προσκυνητής
1632 1091 1878 1159 Τριάδος,

317 1180 398 1241 είς
427 1177 594 1246 ἄνδρα
619 1178 841 1241 τέλειον,
882 1178 962 1240 είς
998 1178 1195 1247 μέτρον
1221 1174 1462 1248 ἡλικίας,
1498 1180 1793 1244 δοξάσωσίν
1821 1198 1881 1233 σε

318 1268 400 1330 εἰς
431 1266 602 1321 αἰῶνα
627 1268 840 1330 αἰῶνος,
863 1269 958 1321 καὶ
986 1268 1422 1338 εὐαρεστήσωσίν
1453 1286 1534 1323 σοι
1559 1270 1638 1341 τῷ
1670 1273 1880 1342 Κυρίῳ,

318 1361 401 1413 ὅτι
428 1358 705 1427 πάνδημον
735 1358 795 1412 τὸ
817 1358 1182 1429 φυλακτήριον
1202 1358 1376 1428 ὄνομά
1400 1376 1516 1419 σου.
1547 1362 1640 1413 τοῦ
1676 1363 1883 1433 Πατῴς

321 1452 416 1503 καὶ
444 1449 537 1502 τοῦ
569 1449 720 1512 Υίοῦ,
760 1446 851 1502 καὶ
885 1448 977 1502 τοῦ
1012 1450 1168 1517 ἁγίου
1199 1448 1534 1518 Πνεύματος.
1565 1452 1758 1522 Ἀμήν.
1785 1454 1884 1516 Δὸς

320 1542 377 1594 δὲ
405 1542 587 1605 αὐτοῖς
620 1542 716 1595 σὺν
743 1544 879 1595 πᾶσι
901 1544 1014 1603 τοῖς
1036 1541 1280 1610 ἀγαθοῖς,
1315 1535 1361 1594 ὦ
1395 1540 1590 1613 Κύριε,
1631 1545 1726 1597 καὶ
1759 1546 1885 1607 τοὺς

320 1631 511 1697 λόγους
557 1630 777 1702 ταύτης,
811 1648 912 1703 μου
964 1631 1064 1701 τῆς
1102 1633 1327 1703 οἰκτρᾶς
1380 1635 1478 1687 καὶ
1526 1635 1752 1699 ἀναξίας
1789 1653 1884 1689 σου

324 1723 537 1787 ἱκεσίας
566 1727 624 1777 ὲν
653 1724 851 1795 καρδίᾳ
870 1723 958 1778 διὰ
979 1724 1178 1788 παντὸς
1210 1724 1355 1794 ἔχειν
1392 1725 1529 1794 πρὸς
1577 1727 1886 1794 δοξολογίαν

323 1814 419 1866 καὶ
450 1812 617 1883 ὕμνον
649 1812 747 1883 τῆς
771 1812 868 1883 σῆς
896 1813 1282 1882 χρηστότητος.
1315 1814 1482 1868 Πάλιν
1514 1815 1570 1867 δὲ
1614 1815 1749 1885 πρὸς
1789 1816 1887 1870 αὐ-

1980 648 2158 700 omnis
2181 648 2395 706 ﬂamma
2424 664 2587 723 atque
2625 658 2811 722 motio,
2844 674 2964 727 qua:
3004 660 3203 714 diaboli
3232 663 3551 729 operatione

1978 739 2241 809 exsurgit.
2273 740 2483 812 Corpus
2512 761 2701 800 eorum
2724 756 2779 801 et
2803 749 2983 802 anima
3013 760 3068 804 et
3095 751 3336 820 spiritus,
3369 754 3553 822 cegni—

1981 827 2146 881 tionis
2200 838 2307 885 tua;
2352 834 2519 888 radiis
2570 835 2932 901 illustrentur,
2982 847 3042 893 ut
3092 853 3450 897 occurrentes
3496 844 3551 898 in

1981 915 2246 971 unitatem
2274 918 2423 984 ﬁdei,
2472 931 2527 976 et
2570 926 2898 994 agnitionem
2932 940 3135 985 Sancta:
3168 941 3224 985 et
3265 935 3554 989 adoranda:

1981 1003 2281 1075 Trinitatis,
2312 1009 2369 1063 in
2392 1011 2565 1067 virum
2600 1016 2921 1083 perfectum,
2942 1019 2997 1072 in
3019 1035 3333 1076 mensuram
3381 1025 3556 1079 aetatis

1980 1098 2283 1165 gloriﬁcent
2314 1110 2368 1156 te
2396 1103 2449 1156 in
2474 1107 2732 1160 saeculum
2756 1110 2960 1172 saeculi,
2993 1112 3307 1182 placitoque
3347 1131 3406 1169 se
3440 1125 3554 1177 tuo.

1980 1187 2071 1254 qui
2101 1189 2360 1245 Dominus
2400 1207 2479 1259 es,
2514 1197 2876 1253 conforment.
2919 1201 3051 1254 Nam
3096 1206 3408 1272 prazsidium
3434 1223 3554 1261 om-

1980 1278 2132 1330 nium
2163 1280 2488 1348 populorum
2509 1293 2594 1338 est
2622 1301 2822 1341 nomen
2854 1298 3026 1351 tuum.
3056 1291 3228 1347 Patris
3259 1305 3314 1350 et
3343 1295 3463 1350 Filii
3501 1307 3556 1351 et

1983 1363 2219 1438 Spiritus
2246 1372 2443 1424 sancti.
2479 1375 2677 1427 Amen.
2722 1375 2796 1429 Da
2836 1376 2960 1439 illis,
2999 1377 3248 1447 Domine,
3281 1399 3406 1436 cum
3435 1401 3555 1439 om-

1981 1456 2133 1509 nium
2180 1457 2447 1513 bonorum
2492 1464 2731 1528 cumulo,
2777 1475 2836 1518 ut
2874 1466 3034 1536 liuius
3059 1484 3193 1523 meae
3233 1473 3559 1528 miserabilis

1982 1555 2037 1599 et
2062 1546 2299 1618 indigna:
2343 1551 2613 1606 orationis
2675 1570 2959 1611 sermones
3004 1561 3219 1614 assidue
3259 1563 3406 1617 cordi
3460 1580 3560 1619 suo

1982 1633 2308 1706 insculpant,
2354 1639 2423 1694 ad
2481 1642 2703 1710 gloriam
2760 1654 2815 1697 et
2862 1646 3078 1700 laudem
3128 1648 3386 1705 bonitatis
3432 1661 3557 1707 tute.

1984 1724 2185 1780 lterum
2211 1729 2397 1783 multis
2433 1744 2557 1786 cum
2602 1733 2875 1805 lacrymis
2900 1736 2967 1790 ad
2997 1737 3145 1805 ipsos
3173 1738 3311 1793 dixit
3338 1757 3350 1792 :
3396 1740 3558 1807 Deus,

1984 1831 2147 1884 quem
2177 1819 2438 1889 elegistis,
2472 1821 2603 1876 boni
2636 1823 2755 1886 ﬁlii,
2808 1834 2863 1880 et
2908 1827 2974 1881 ad
3017 1843 3178 1896 quem
3224 1832 3559 1897 accurristis,

321 1904 448 1967 τοὺς
489 1904 628 1975 μετά
650 1904 858 1958 πολλῶν
879 1904 1130 1975 δακρύων
1166 1905 1374 1974 ἔλεγενο
1414 1906 1472 1958 Ὀ
1504 1907 1658 1971 Θεὸς,
1684 1907 1742 1960 ὃν
1794 1908 1884 1972 ὲξ-

2000 1906 2130 1961 Deus
2163 1907 2280 1976 ipse
2324 1911 2538 1966 emittet
2583 1915 2839 1984 angelum
2868 1932 3026 1970 suum
3070 1927 3197 1973 ante
3244 1920 3435 1974 faciem
3463 1904 3562 1976 ve-

323 1995 601 2060 ελέξασθε,
651 1995 814 2049 τέκνα
844 1995 1004 2059 καλὰ,
1046 1995 1141 2048 καλ⁵
1200 1989 1246 2063 ᾧ
1276 1996 1671 2068 κατεδράμετε,
1727 2000 1892 2063 αὐτὸς

323 2088 672 2156 ἑξαποστελεί
697 2086 787 2140 τὸν
809 2086 1037 2155 ἄγγελον
1056 2086 1218 2140 αὐτοῦ
1251 2087 1358 2157 πρὸ
1391 2087 1684 2157 προσώπου
1709 2091 1738 2142 ὑ
1746 2090 1884 2160 μῶν,

322 2183 420 2234 καὶ
450 2178 848 2233 κατασκευάσει
885 2177 983 2247 τὴν
1036 2177 1153 2230 ὁδὸν
1187 2176 1353 2231 αὐτοῦ
1414 2177 1725 2250 ἔμπροσθεν
1780 2180 1891 2235 τῶν

323 2270 499 2323 ποδῶν
527 2269 698 2339 ὑμῶν.
743 2269 800 2322 ’0
823 2268 1073 2336 ἄγγελος,
1108 2268 1184 2330 ῶς
1206 2285 1372 2337 φησιν
1402 2271 1428 2321 ὁ
1462 2269 1634 2337 μέγας
1668 2270 1888 2336 Ἰακὼϐ,

322 2364 351 2415 6
380 2360 639 2431 ρυόμενός
672 2376 738 2428 με
761 2359 869 2412 ἀπὸ
904 2360 1124 2411 πάντων
1156 2359 1267 2411 τῶν
1303 2359 1560 2411 ἐναντίων
1583 2360 1888 2429 δυνάμεων,

323 2453 486 2515 αὐτὸς
525 2448 926 2522 προπορεύεται
969 2448 1078 2502 τῶν
1102 2449 1307 2520 τρίϐων
1340 2449 1516 2518 ὑμῶν.
1560 2450 1618 2503 Ὀ
1649 2453 1892 2523 ῥυσάμε-

326 2560 414 2605 νος
442 2544 531 2595 τὸν
560 2540 753 2595 ἑαυτοῦ
778 2540 1064 2610 προφήτην
1088 2541 1153 2593 ὲκ
1201 2540 1465 2610 στὸματος
1510 2540 1758 2607 λεόντων,
1794 2544 1893 2597 αὒ-

326 2634 415 2695 τὸς
440 2629 659 2704 ῥύσεται
710 2632 802 2686 καὶ⁵
831 2632 974 2701 ὑμᾶς
1004 2631 1113 2683 ἀπὸ
1139 2631 1248 2684 τῶν
1298 2632 1500 2702 χειρῶν
1533 2633 1628 2686 τοῦ
1659 2635 1890 2699 λέοντος.

1991 2007 2180 2064 stram,
2198 2008 2251 2054 et
2278 2004 2606 2071 praeparabit
2630 2006 2770 2060 viam
2802 2022 2953 2061 suam
2980 2022 3108 2064 ante
3138 2013 3303 2080 pedes
3330 2023 3559 2067 vestros.

1990 2090 2250 2160 Angelus,
2287 2094 2402 2162 qui,
2428 2095 2572 2150 sicut
2603 2097 2740 2152 dicit
2766 2115 2996 2169 magnus
3021 2101 3207 2164 Jacob,
3248 2103 3439 2158 liberat
3477 2120 3565 2159 me

1992 2181 2064 2234 ab
2095 2183 2351 2238 omnibus
2398 2187 2686 2242 contrariis
2725 2191 3105 2258 potestatibus,
3160 2193 3252 2247 ille
3295 2195 3567 2263 pnecedet

1993 2281 2119 2325 ante
2160 2271 2277 2344 vias
2317 2283 2544 2329 vestras.
2587 2275 2689 2341 Qui
2739 2278 3062 2347 prophetam
3111 2296 3268 2334 suum
3312 2281 3567 2336 liberavit

1993 2362 2060 2415 ab
2084 2377 2179 2416 ore
2200 2364 2439 2429 leonum,
2474 2366 2563 2419 ille
2593 2383 2689 2421 vos
2712 2383 2926 2439 quoque
2965 2371 3220 2426 liberabit
3254 2389 3284 2426 a
3315 2373 3568 2427 manibus

1993 2450 2184 2505 leonis.
2215 2449 2319 2517 Qui
2351 2454 2513 2525 elegit
2543 2473 2638 2511 vos
2669 2458 2833 2520 Deus,
2887 2460 2976 2514 ille
3025 2461 3348 2515 sacriﬁcium
3381 2476 3562 2515 meum

1993 2543 2063 2597 ab
2090 2543 2381 2613 ignominia
2411 2547 2730 2604 vindicabit.
2773 2550 2896 2605 Haec
2933 2559 2987 2605 et
3023 2552 3178 2621 plura
3208 2562 3484 2620 precatus,
3515 2560 3573 2604 et

1993 2634 2130 2689 colla
2170 2650 2359 2690 eorum
2416 2639 2636 2694 strinxit
2688 2641 2772 2694 vir
2802 2642 2997 2706 deifer,
3045 2653 3100 2698 et
3150 2645 3336 2697 dixit:
3377 2643 3567 2705 Serva,

336 2722 396 2776 Ὀ
426 2722 782 2791 ἐκλεξάμενος
809 2721 952 2789 ὑμᾶς
980 2720 1133 2784 Θεὸς,
1161 2721 1320 2784 αὐτὸς
1345 2722 1776 2793 ἀκαταίσχυντον
1794 2725 1893 2796 τὴν

2000 2724 2163 2789 Deus,
2205 2742 2363 2782 serva
2407 2743 2521 2791 eos,
2561 2732 2653 2800 qui
2713 2742 2825 2787 toto
2870 2736 3043 2788 corde
3091 2734 3324 2805 diligunt
3369 2749 3569 2789 nomen

327 2812 515 2866 θυσίαν
540 2828 640 2882 μου
662 2810 905 2879 φυλάξει.
953 2810 1040 2872 Ὠς
1069 2809 1126 2862 δὲ
1147 2807 1322 2862 ταῦτα
1350 2812 1442 2862 καὶ
1471 2811 1653 2864 πλεῖον
1687 2811 1892 2866 τούτων

2000 2825 2171 2878 tuum,
2190 2831 2367 2886 neque
2402 2819 2548 2874 enim
2581 2821 2803 2891 iniquus
2831 2837 2913 2888 es,
2942 2822 3188 2889 Domine,
3217 2832 3275 2877 nt
3300 2824 3439 2888 illos,
3470 2824 3563 2892 qui

327 2905 513 2966 αὐτοῖς
568 2902 863 2973 ἐπηύξατο,
911 2902 1006 2956 καὶ
1058 2900 1370 2971 συνεπλάκη
1411 2903 1438 2954 ό
1471 2900 1730 2971 θεοφόρος
1780 2905 1893 2967 τοῖς

2000 2910 2190 2964 stultas
2233 2911 2394 2982 hujus
2441 2915 2565 2970 vita:
2613 2932 2700 2970 res
2752 2917 3112 2986 reliquerunt,
3166 2928 3485 2973 contemnas
3518 2928 3571 2971 et

326 2996 621 3066 τραχήλοις
658 2994 837 3048 αὐτῶν
867 2992 963 3046 καὶ
991 2991 1209 3058 ἔλεγεν*
1237 2991 1439 3054 Σῶσον,
1475 2994 1504 3045 6
1543 2993 1696 3056 Θεὸς,
1726 2994 1900 3049 σῶσον
2005 2999 2245 3055 deseras.

328 3087 455 3150 τοὺς
480 3089 537 3139 ὲν
568 3087 663 3157 ὅλῃ
696 3085 892 3156 καρδίᾳ
926 3085 1312 3154 ἀγαπήσαντας
1358 3083 1420 3135 τὸ
1451 3083 1622 3153 ὄνομά
1672 3101 1788 3137 σου·
1830 3085 1892 3138 οὐ
1931 3087 2040 3158 γὰρ
2082 3089 2265 3156 ἄδικος
2308 3087 2379 3163 εἴ,
2410 3093 2605 3166 Κύριε,
2632 3096 2760 3160 τοὺς
2801 3098 3236 3170 καταλείψαντας
3262 3087 3330 3153 τά
3372 3099 3571 3169 μάταια

330 3183 426 3238 τοῦ
457 3181 574 3253 βίου
601 3180 922 3253 πράγματα,
941 3179 1204 3251 περιιδεῖν
1225 3179 1320 3235 καὶ
1353 3179 1759 3248 ἰγκαταλεῐψαι.

402 3330 489 3383 ιϐ’.
510 3324 643 3383 Εἶτα
670 3328 830 3381 πάλιν
858 3327 996 3396 πρὸς
1045 3325 1241 3390 αὐτούς
1260 3344 1272 3356 ι
1311 3326 1571 3391 Βλέπετε,
1593 3326 1782 3390 τέκνα,
1818 3329 1897 3391 εἰς

2077 3331 2159 3385 l9.
2203 3331 2393 3387 Postea
2426 3347 2642 3388 rursum
2670 3333 2737 3388 ad
2765 3333 2885 3387 illos
2916 3346 3225 3387 sermonem
3258 3330 3529 3385 convertit
3561 3348 3574 3382 :

335 3419 571 3490 πόλεμον
619 3418 846 3482 ἑαυτοὺς
901 3416 1197 3485 ἐξεδώκατε
1244 3416 1474 3487 φοϐερὸν
1528 3418 1621 3471 καὶ
1652 3416 1899 3473 ἀθέατον.

347 3511 510 3565 Ἀλλά
542 3511 616 3582 μὴ
648 3510 920 3581 φοϐηθῆτε
942 3528 956 3543 ο
995 3530 1012 3563 ι
1046 3511 1279 3574 Δυνατὸς
1298 3511 1407 3581 γάρ
1434 3512 1580 3563 ἐστιν
1610 3512 1637 3563 6
1665 3510 1818 3573 Θεὸς,
1848 3511 1907 3575 ὃς

335 3603 436 3657 οὐκ
464 3603 612 3656 ἐάσει
645 3603 787 3670 ὑμᾶς
818 3603 1201 3672 πειρασθῆναι,
1245 3601 1384 3670 ὑπὲρ
1418 3601 1446 3653 ὃ
1506 3600 1735 3653 δύνασθε
1794 3602 1908 3653 ύπ-

337 3697 598 3763 ενεγκεῖν.
624 3713 645 3758 ρ
695 3693 1080 3762 Ἀγωνίσασθε,
1102 3695 1286 3755 τέκνα,
1313 3695 1388 3764 μὴ
1411 3692 1708 3764 ήττηθῆναι
1738 3693 1905 3763 αὐτῷ,

339 3786 475 3842 ἀλλά
501 3787 661 3855 στῆτε
694 3788 922 3853 γεναῖοι,
946 3784 1163 3855 ἔχοντες
1190 3784 1253 3837 τὸ
1280 3784 1444 3838 ὅπλον
1470 3784 1562 3862 τού
1596 3785 1752 3852 ἁγίου
1780 3785 1910 3855 σχή-

344 3895 512 3948 ματος
563 3878 686 3931 κατ’
739 3875 943 3939 αὐτοῦ,
1002 3872 1414 3946 μνημονεύσατε
1474 3873 1567 3926 τοῦ
1625 3873 1906 3936 εἰπόντος’

350 3989 370 4021 ι
403 3969 594 4031 Οὐδεὶς
624 3966 900 4020 ὲπιόαλὼν
928 3965 1027 4037 τὴν
1046 3968 1206 4035 χεῖρα
1229 3964 1397 4018 αὑτοῦ
1426 3964 1513 4017 ἐπ’
1548 3964 1799 4036 ἄροτρον,
1819 3964 1912 4017 καί¹

347 4061 611 4133 στραφεὶς
641 4060 722 4122 είς
749 4059 814 4112 τὰ
839 4057 1041 4120 ὀπίσω,
1066 4054 1287 4119 εὔθετός
1317 4057 1467 4108 ἐστιν
1510 4056 1589 4118 είς
1634 4054 1733 4120 τὴν
1764 4054 1914 4125 βασι·-

344 4150 495 4203 λείαν
525 4147 635 4202 τῶν
672 4145 937 4216 οὐρανῶν.
973 4164 992 4198 ι
1031 4145 1143 4198 Καὶ
1171 4143 1332 4199 πάλιν
1354 4144 1482 4213 περὶ
1505 4144 1603 4214 τῆς
1643 4143 1740 4196 τοῦ
1770 4142 1911 4214 πύρ-

345 4256 444 4308 γου
489 4236 811 4306 οἰκοδομῆς·
863 4236 955 4307 Μή
997 4233 1321 4306 ἀρξαμένων
1379 4233 1534 4303 ὑμῶν
1572 4232 1674 4303 τῆς
1704 4232 1914 4295 τελείας

294 4402 297 4403 ν
345 4331 488 4394 ὀδοῦ,
514 4330 612 4399 τῆς
657 4327 800 4382 κατά
832 4326 966 4380 Θεὸν
1011 4323 1289 4388 πολιτείας
1330 4324 1779 4395 ἁποχαυνωθῆτε,
1821 4325 1917 4376 καὶ

283 4814 305 4866 ὲ

281 4867 307 5008 l

349 4420 611 4493 πληρωθῇ
638 4419 722 4488 ἐφ’
745 4418 991 4489 ὑμῖν,ὃτι
1027 4415 1300 4486 Ἤρξαντο
1320 4414 1803 4485 οίκοδομῆσαι,καὶ
1817 4414 1916 4466 οὐκ

348 4507 494 4583 εἶχον
539 4510 766 4581 δύναμιν
795 4508 888 4562 καὶ
915 4505 1224 4579 προθυμίαν
1266 4505 1402 4576 πρὸς
1451 4506 1543 4558 τὸν
1573 4504 1918 4574 ἀπαρτισμὸν

349 4603 445 4657 τοῦ
470 4601 738 4671 θεμελίου.
774 4595 1192 4667 ’Δσφαλίσασθε,
1224 4596 1390 4650 τέκνα
1413 4614 1427 4628 ο
1467 4596 1663 4666 μικρὸς
1698 4595 1728 4647 6
1756 4593 1916 4647 πόλε-

2005 3418 2306 3485 Attendite,
2330 3421 2448 3487 ﬁlii,
2473 3422 2700 3476 terribili
2731 3436 2828 3476 vos
2852 3429 2906 3475 et
2925 3420 3140 3475 occulto
3161 3419 3304 3473 bello
3331 3417 3576 3481 dedistis,

2007 3510 2103 3565 sed
2154 3520 2361 3565 metum
2409 3511 2595 3581 pellite
2629 3531 2643 3564 :
2678 3530 2697 3563 ι
2733 3510 2934 3565 Potens
2984 3508 3133 3590 enim
3159 3506 3245 3572 est
3293 3503 3458 3567 Deus,
3487 3504 3577 3571 qui

2007 3619 2122 3658 non
2155 3603 2397 3673 patietur
2429 3618 2526 3658 vos
2555 3602 2753 3657 tentari
2782 3615 2946 3669 supra
2977 3598 3032 3664 id
3049 3597 3192 3667 quod
3215 3593 3445 3664 potestis
3461 3606 3572 3645 sus-

2011 3691 2186 3746 tinere
2220 3692 2284 3745 ⁸⁷.
2340 3708 2358 3741 ι
2391 3690 2631 3753 Certate,
2667 3688 2793 3750 ﬁlii,
2832 3696 2893 3741 ut
2934 3700 3042 3739 non
3089 3680 3444 3752 superemini.
3476 3680 3581 3735 Sed

2012 3787 2153 3834 state
2187 3779 2371 3833 animo
2415 3786 2619 3843 erecto,
2671 3783 3013 3845 opponentes
3045 3771 3268 3826 inimico
3300 3769 3579 3824 sacri-lia-

2010 3870 2157 3925 bitus
2175 3880 2527 3924 armaturam.
2541 3867 2604 3922 In
2627 3866 2944 3922 memoriam
2965 3872 3213 3919 revocate
3235 3862 3401 3918 verba
3418 3861 3583 3921 illius,

2011 3960 2104 4029 qui
2124 3959 2297 4015 dicit:
2326 3977 2345 4011 ‹
2365 3959 2537 4015 Nemo
2559 3960 2782 4012 mittens
2800 3971 3022 4010 manum
3050 3970 3201 4010 suam
3231 3954 3298 4008 ad
3324 3962 3584 4015 aratrum,

2013 4057 2069 4104 et
2089 4040 2386 4106 conversus
2412 4061 2580 4115 retro,
2625 4057 2785 4118 aptus
2830 4057 2914 4102 est
2951 4063 3120 4118 regno
3167 4046 3431 4102 caelorum
3466 4043 3526 4096 ³⁸.
3563 4061 3582 4092 ι

2014 4140 2083 4196 Et
2111 4155 2324 4194 rursum
2369 4140 2438 4195 de
2473 4132 2833 4194 aediﬁcatione
2877 4136 3044 4191 turris
3076 4152 3092 4190 :
3125 4150 3195 4189 ne
3235 4134 3379 4189 viam
3407 4130 3579 4202 perfe-

2015 4242 2159 4288 ctam
2192 4231 2619 4302 incipientes,in
2668 4229 2761 4284 Dei
2794 4228 3059 4298 obsequio
3101 4226 3318 4282 desides
3363 4224 3500 4290 sitis,
3537 4231 3586 4277 et

2019 4325 2071 4378 in
2119 4324 2275 4379 vobis
2328 4323 2640 4392 impleatur,
2686 4320 2815 4390 quia
2858 4327 3144 4389 coeperunt
3191 4316 3482 4383 mdiﬁcare,
3537 4324 3593 4369 et

2019 4430 2130 4470 non
2164 4422 2249 4468 sat
2284 4413 2593 4468 habuerunt
2631 4410 2825 4465 virium
2868 4418 2924 4464 et
2960 4409 3128 4464 animi
3177 4407 3245 4462 ad
3290 4421 3428 4476 opus
3456 4420 3588 4459 con-

2022 4504 2512 4569 summandumf".
2547 4502 2698 4558 State
2747 4501 2946 4567 securi,
2980 4516 3013 4555 ο
3052 4499 3146 4553 ﬁlii
3185 4516 3199 4551 :
3235 4510 3464 4568 parvum
3509 4505 3587 4550 est

2022 4594 2245 4660 bellum,
2287 4592 2382 4647 sed
2413 4606 2607 4663 magna
2654 4604 2889 4654 corona;
2921 4583 3234 4656 temporalis
3280 4583 3450 4648 labor,
3497 4580 3591 4634 sed

357 4712 475 4766 μος,
506 4693 642 4747 ἀλλά
680 4692 854 4762 μέγας
883 4692 913 4744 6
945 4690 1209 4757 στέφανος
1232 4704 1247 4719 ο
1283 4689 1619 4758 πρόσκαιρος
1656 4687 1685 4739 6
1738 4687 1898 4750 πόνος

2023 4695 2225 4740 αξιοι-[ια
2262 4682 2498 4752 requies.
2535 4681 2723 4750 itaque
2759 4694 2883 4733 cum
2924 4688 3138 4745 tempus
3165 4674 3506 4747 procederet,
3539 4681 3589 4725 el

354 4787 469 4841 ἀλλ’
501 4784 696 4840 αίωνία
722 4786 756 4855 ἡ
804 4785 1132 4844 ἀνάπαυσις.
1191 4779 1305 4848 Τῆς
1334 4778 1484 4849 ὥρας
1517 4775 1610 4832 οὖν
1641 4778 1921 4849 προκοψά.

356 4898 476 4950 σης,
494 4880 585 4934 καλ⁵
613 4879 715 4949 ήδη
743 4875 928 4929 λοιπὸν
957 4873 1053 4928 τοῦ
1086 4872 1244 4938 ξύλου
1265 4874 1577 4941 κρούοντος,
1599 4871 1674 4934 ὡς
1696 4869 1921 4938 ἔμελλον

353 4970 448 5027 τοῦ
476 4967 719 5029 πυλῶνος
742 4965 1079 5038 ἐξέρχεσθαι,
1106 4964 1298 5017 ἔλασεν
1325 4965 1354 5016 6
1389 4961 1612 5032 Συμεὼν
1641 4960 1731 5014 τὸν
1759 4960 1923 5031 ήγού-

360 5080 519 5135 μενον
547 5062 666 5116 κατ’
691 5060 848 5122 ἰδίαν,
879 5059 972 5111 καὶ
1004 5053 1156 5110 εἶπεν
1178 5053 1359 5126 αὐτῷ’
1393 5054 1494 5107 Διά
1522 5052 1614 5106 τὸν
1640 5052 1790 5116 Θεὸν,
1815 5053 1926 5108 Πά-

357 5173 476 5225 τερ,
507 5150 680 5219 εὖξαι,
710 5152 799 5204 ἵνα
828 5152 856 5204 ὁ
881 5149 1013 5212 Θεὸς
1046 5146 1376 5218 διασκεδάσῃ
1426 5146 1525 5210 τὴν
1565 5147 1786 5215 μνήμην
1829 5144 1928 5212 τῆς

360 5246 616 5313 γυναικὸς
647 5242 743 5297 τοῦ
771 5240 1003 5311 ἀδελφοῦ
1031 5257 1132 5310 μου
1161 5239 1434 5303 Ἰωάννου,
1464 5238 1536 5308 μή
1573 5255 1689 5299 πως
1732 5239 1798 5290 ἐκ
1834 5235 1928 5290 τοῦ

362 5332 599 5404 πονηροῦ
650 5333 810 5386 ἐάσαι
861 5347 950 5401 με,
1004 5330 1100 5383 καὶ
1150 5329 1438 5398 ἀπόλωμαι
1485 5326 1591 5380 ὑπὸ
1617 5327 1717 5396 τῆς
1747 5326 1926 5398 λύπης

442 5509 487 5543 ³⁷
514 5509 537 5565 ι
568 5508 694 5566 Cor.
728 5524 784 5575 ι,
811 5506 896 5562 l3.
976 5505 1020 5538 ¹⁸
1049 5505 1180 5563 Luc.
1210 5522 1284 5567 Ix,
1315 5505 1403 5559 69..
1482 5503 1549 5537 ¹¹¹⁶
1586 5501 1722 5557 Luc.
1764 5519 1873 5567 xiv,
1896 5504 1984 5559 50.

2020 4777 2132 4846 jam
2159 4773 2419 4844 deinceps
2464 4773 2665 4844 lignum
2706 4770 2945 4841 pulsaret
2983 4769 3132 4839 (25);
3158 4778 3213 4823 et
3252 4767 3328 4829 illi
3366 4782 3397 4821 e
3426 4766 3592 4836 janua

2023 4864 2516 4934 essentegressuri,
2549 4862 2853 4933 hegumeno
2892 4860 3119 4915 seorsim
3155 4859 3429 4928 prehenso
3458 4855 3593 4910 dixit

2025 4961 2294 5033 Symeon:
2325 4958 2553 5027 Propter
2583 4956 2775 5021 Deum,
2819 4955 2892 5009 mi
2920 4954 3098 5017 Pater,
3125 4968 3240 5017 ora,
3267 4960 3326 5005 ut
3359 4950 3499 5004 Deus
3530 4963 3592 5002 ex

2026 5051 2209 5105 animo
2236 5048 2422 5103 fratris
2464 5047 2570 5100 mei
2596 5045 2822 5100 Joannis
2854 5044 3032 5098 deleat
3059 5040 3373 5096 memoriam
3401 5038 3598 5106 conju-

2026 5141 2108 5212 gis
2135 5155 2269 5206 sute,
2293 5154 2364 5194 ne
2388 5138 2624 5209 maligno
2655 5136 3002 5191 machinantc
3028 5132 3219 5201 spiritu
3251 5146 3337 5185 me
3356 5130 3594 5190 deserat,

2026 5240 2083 5287 et
2109 5247 2209 5302 ego
2238 5231 2503 5286 inteream
2537 5245 2652 5299 prae
2678 5229 2885 5293 dolore,
2921 5227 2991 5281 ob
3019 5226 3139 5293 ejus
3161 5224 3387 5279 exitium
3417 5232 3593 5281 etre-

2031 5336 2266 5379 cessum.
2309 5320 2436 5388 Ora,
2469 5322 2714 5385 obsecro,
2752 5328 2972 5390 propter
3018 5304 3328 5379 Dominum,
3358 5322 3417 5367 ut
3457 5313 3596 5365 Deus

1856 5619 2082 5676 NOTAE.

440 5740 550 5814 (26')
584 5740 865 5814 Quomodo
898 5744 1055 5814 lignis
1092 5760 1191 5814 pro
1227 5759 1334 5800 aere
1358 5743 1647 5813 ,Campano
1703 5749 1925 5796 utantur
1979 5741 2228 5797 monachi
2253 5738 2580 5802 Orientales,
2606 5718 2837 5803 explicat
2862 5730 3072 5786 libellus
3105 5719 3413 5794 Hieronymi
3440 5711 3594 5783 Μειιίί

370 5810 455 5866 ηε
477 5812 857 5879 τὲηιὶηηαὸμίίδ.
