4024 6232
372 417 513 487 1695

1401 424 1712 495 LEONTU
1753 417 2226 482 ΝΕΛΡΟΜΤΑΝ
2240 418 2262 476 ι
2299 415 2640 477 EPISCOPI

3480 402 3627 469 1696

366 531 535 587 etiam
590 544 847 603 parentes
893 533 1013 603 ejus
1070 531 1408 598 consoletur,
1462 547 1532 587 ne
1578 532 1647 587 de
1721 533 1813 585 illo
1862 532 1942 583 la-

2057 526 2234 589 ιύτοῦ,
2267 528 2362 579 καὶ
2392 527 2491 592 τῆς
2524 523 2798 586 ἀπωλείας
2837 520 2932 573 καὶ
2971 518 3067 573 τοῦ
3102 514 3404 591 χωρισμοῦ.
3432 512 3623 582 Εῦξαι,

370 622 589 679 borent.

444 800 533 855 20.
573 800 645 856 At
672 816 802 856 vero
846 814 1033 864 senex,
1082 799 1309 854 miratus
1335 799 1638 854 fraternum
1669 799 1948 862 allectum,

374 890 509 945 nihil
544 891 595 946 ei
641 891 947 961 respondit.
994 889 1204 944 Rursus
1244 890 1506 944 Niconem
1546 891 1740 945 eodem
1792 890 1951 944 modo

375 978 667 1048 prehendit
695 978 864 1032 abbas
892 978 1133 1033 Joannes
1159 987 1215 1032 et
1240 978 1468 1032 seorsim
1509 994 1567 1032 se
1603 979 1836 1040 vocavit,
1874 977 1953 1032 sic

380 1069 652 1137 loquens:
702 1068 932 1139 Propter
969 1069 1140 1123 Deum
1190 1078 1243 1124 te
1290 1070 1557 1134 obtestor,
1612 1069 1849 1133 oPater,
1882 1084 1952 1123 nc

381 1156 564 1211 fratris
586 1158 688 1212 mei
719 1172 908 1212 curam
937 1157 1186 1228 depone;
1214 1158 1307 1211 sed
1346 1172 1461 1222 ora,
1509 1174 1581 1211 ne
1630 1159 1816 1211 matris
1842 1173 1954 1211 suae

381 1248 629 1302 dolorem
656 1246 968 1312 miseratus,
998 1263 1086 1302 me
1119 1248 1306 1319 fugiat,
1342 1258 1398 1302 et
1428 1248 1477 1302 in
1521 1258 1676 1317 portu
1706 1248 1954 1303 inveniar

381 1337 702 1408 naufragus.
734 1339 861 1393 limo
884 1338 973 1394 ubi
1006 1340 1150 1395 dicta
1174 1358 1188 1404 ;
1216 1340 1286 1394 ob
1315 1340 1578 1394 alternam
1608 1340 1781 1394 mutui
1803 1355 1955 1394 amo-

381 1428 458 1481 ris
516 1428 953 1483 vicissitudinem
1013 1428 1427 1498 obstupefactus
1490 1428 1664 1484 Nicon
1732 1432 1952 1485 tandem

381 1516 615 1586 subjecit
645 1535 659 1570 :
691 1517 788 1581 Ite,
821 1516 940 1583 filii,
979 1517 1246 1570 annuntio
1269 1517 1415 1571 enim
1461 1517 1617 1571 vobis
1674 1517 1950 1582 eumdem,

382 1609 474 1676 qui
512 1608 728 1677 aperuit
765 1607 918 1662 vobis
951 1606 1062 1673 hic,
1089 1607 1372 1676 aperuisse
1395 1606 1507 1676 jam
1538 1622 1686 1661 nunc
1718 1622 1803 1673 ea,
1831 1622 1955 1676 qua:

383 1706 513 1751 sunt
570 1697 699 1753 illic.
751 1697 821 1752 Et
865 1708 1153 1768 postquam
1201 1698 1409 1753 frontes
1461 1712 1672 1764 eorum,
1710 1707 1952 1768 pectora,

382 1794 663 1855 totumque
704 1802 904 1858 corpus
954 1774 1243 1859 signasses,
1290 1788 1411 1843 illos
1459 1788 1681 1843 dimisit.
1731 1788 1953 1845 Dimissi

380 1876 562 1946 itaque
601 1885 658 1932 et
695 1879 918 1949 egressi,
949 1879 1081 1934 illud
1126 1890 1494 1949 usurparunt:
1525 1881 1567 1933 Ο
1613 1878 1757 1934 Deus
1793 1880 1956 1950 hujus

381 1968 561 2037 magni
588 1968 729 2023 servi
755 1969 853 2035 tui,
883 1970 1203 2041 alienigenis
1237 1970 1395 2025 nobis
1429 1978 1484 2025 et
1533 1971 1735 2025 auxilio
1761 1987 1955 2027 caren-

385 2061 530 2113 tibus
558 2069 676 2115 esto
722 2062 824 2116 via:
851 2062 990 2127 dux;
1016 2064 1219 2116 etenim
1250 2077 1430 2132 neque
1463 2062 1602 2127 loca,
1641 2078 1822 2133 neque
1867 2080 1955 2117 re-

381 2150 600 2221 gionem
645 2153 920 2207 novimus.
967 2151 1169 2207 Verum
1214 2154 1538 2209 accedentes
1571 2155 1636 2209 ad
1671 2164 1723 2210 te
1748 2194 1763 2217 ,
1796 2155 1954 2209 morti

380 2250 436 2297 et
464 2241 772 2298 solitudinis
803 2243 1029 2314 hujusce
1049 2244 1238 2315 pelago
1262 2260 1364 2300 nos
1386 2246 1778 2301 commisimus.
1802 2246 1957 2300 Tunc

378 2327 721 2387 Joannesita
758 2326 1084 2411 Symeoném
1114 2334 1442 2404 compellat:
1482 2335 1623 2401 Quid
1657 2336 1818 2390 modo
1850 2338 1958 2391 est?

380 2418 655 2482 Quorsum
683 2422 994 2478 tendimus?
1029 2423 1127 2478 Cui
1168 2424 1257 2478 ille
1289 2440 1302 2476 :
1340 2423 1636 2495 Pergamus
1665 2425 1733 2480 ad
1765 2426 1956 2481 dexte-

381 2524 540 2564 ram:
601 2511 862 2582 quidquid
905 2514 1051 2569 enim
1100 2514 1384 2571 dextetum
1435 2524 1541 2582 est,
1592 2516 1794 2571 bonum
1847 2527 1951 2571 est.

202 2628 339 2719 Ὢ
377 2599 606 2671 Jamque
630 2612 837 2658 tantum
864 2605 967 2659 via:
995 2615 1151 2661 erant
1179 2608 1412 2671 emensi,
1449 2617 1507 2661 ut
1533 2608 1601 2661 ad
1632 2624 1782 2662 mare
1809 2610 1955 2663 Mor-

385 2702 537 2719 ιιιεα...
566 2695 673 2719 ΙᾍΙΧ
705 2697 952 2719 -..ι-2----Α
986 2713 1176 2719 ____._-_-
1206 2698 1423 2719 AI____!-_4_.
1493 2699 1572 2719 ---Ξ
1616 2715 1728 2719 Διά-
1748 2716 1801 2719 -_.
1865 2703 1881 2719 Δ

385 2702 539 2748 tuum
565 2695 675 2766 (24)
705 2697 956 2753 venirent
986 2713 1179 2754 versus
1206 2698 1450 2766 ﬂuvium,
1487 2699 1576 2753 cui
1609 2715 1810 2756 nomen
1852 2703 1954 2754 Ar-

387 2785 668 2873 ιιριμβὸ).

583 2878 695 2935 Deo
738 2890 921 2936 autem
963 2882 1335 2951 dispensante,
1376 2894 1433 2939 et
1481 2901 1761 2955 nunquam
1800 2886 1957 2942 dese-

381 2978 538 3025 rente
569 2970 706 3036 illos,
739 2972 831 3041 qui
863 2980 977 3028 toto
1004 2974 1187 3029 animo
1218 2974 1273 3028 in
1297 2989 1423 3029 eum
1454 2976 1759 3042 confidunt,
1795 2976 1955 3031 inve-

381 3074 585 3119 nerunt
611 3065 788 3121 locum
836 3068 1019 3136 (quem
1075 3082 1243 3123 senex
1267 3068 1487 3137 quidam
1525 3067 1680 3139 prius
1706 3070 1954 3124 incolue-

382 3166 487 3222 rat,
513 3156 607 3211 sed
632 3159 722 3226 qui
753 3158 865 3227 jam
884 3160 1073 3229 paucis
1096 3169 1223 3214 ante
1249 3160 1441 3216 diebus
1461 3170 1691 3216 mortem
1722 3162 1953 3229 obierat)

384 3248 441 3299 in
494 3263 604 3316 quo
658 3249 866 3303 modica
923 3261 1040 3305 erat
1090 3253 1355 3322 supellex,
1400 3268 1631 3307 necnon.
1663 3254 1847 3309 herst
1887 3256 1957 3308 ad

384 3339 715 3393 vescendum
755 3349 917 3410 grata:
944 3350 1001 3396 et
1036 3342 1299 3409 delicatas,
1342 3345 1540 3412 quibus
1574 3344 1739 3399 ctiam
1790 3346 1957 3400 vitam

383 3428 594 3483 aluerat
631 3446 799 3484 senex
833 3430 946 3494 ille,
974 3433 1066 3501 qui
1115 3433 1188 3488 ibi
1226 3434 1463 3503 jacebal.
1502 3435 1702 3489 Locum
1735 3430 1958 3505 ςοηέρὶ-

382 3518 512 3579 cati,
540 3533 650 3573 non
675 3534 834 3574 secus
860 3530 986 3576 sunt
1015 3522 1204 3594 gavisi,
1265 3540 1425 3593 quam
1455 3524 1498 3578 si
1531 3526 1847 3580 thesaurum
1878 3527 1959 3580 in-

381 3610 683 3665 venissent.
718 3611 886 3682 lgitur
919 3612 1017 3678 viri
1042 3612 1138 3678 illi,
1166 3614 1315 3668 omni
1339 3614 1613 3684 prmconio
1640 3615 1957 3672 celebrandi

384 3711 531 3769 (eum
562 3703 763 3773 quippe
791 3712 1064 3759 noverunt
1088 3703 1258 3759 fuisse
1285 3713 1648 3774 praeparatum
1674 3705 1959 3773 divinitus,

383 3800 440 3844 et
468 3790 731 3860 oblatum)
763 3793 875 3849 Deo
902 3803 958 3849 et
1000 3809 1204 3866 magno
1258 3794 1334 3849 illi
1396 3796 1513 3852 seni
1558 3797 1759 3866 gratias
1800 3813 1960 3869 agere

384 3895 692 3954 coeperunt.
718 3886 1012 3942 Enimvero
1030 3925 1046 3952 ,
1075 3887 1295 3943 aiebant
1321 3900 1336 3941 :
1367 3886 1640 3944 Orationis
1668 3889 1788 3961 ejus
1817 3906 1958 3960 prae-

384 3974 525 4029 sidio
549 3975 778 4031 feliciter
801 3976 959 4032 nobis
985 3976 1363 4033 successithoc
1384 3977 1506 4033 iter.
1533 3977 1725 4034 Paucis
1756 3978 1960 4036 ibidem

383 4067 589 4120 exactis
616 4067 829 4127 diebus.
861 4082 1145 4123 servorum
1187 4067 1391 4123 Christi
1422 4067 1682 4124 virtutem
1717 4085 1828 4124 non
1876 4070 1959 4126 fe-

384 4170 511 4210 rens
543 4157 845 4211 auimarum
896 4169 1204 4212 nostrarum
1253 4158 1428 4214 hostis
1473 4159 1746 4224 diabolus,
1780 4160 1960 4232 impu-

384 4262 550 4319 gnare
578 4265 672 4305 eos
714 4250 902 4320 cmpit,
935 4247 1198 4305 Joannem
1228 4250 1450 4320 quidem
1492 4252 1699 4318 uxoris,
1735 4251 1961 4324 Symeo-

383 4360 507 4400 nem
538 4355 720 4399 autem
761 4360 957 4415 magno
1001 4360 1129 4415 erga
1186 4352 1416 4398 matrem
1469 4344 1690 4400 aﬂ‘ectu.
1727 4345 1959 4412 Quando

382 4435 564 4503 itaque
600 4450 740 4489 unus
770 4449 836 4488 ex
878 4433 984 4487 illis
1006 4433 1264 4487 amictum
1292 4449 1351 4487 se
1382 4432 1535 4499 vidit,
1584 4434 1763 4490 statim
1798 4437 1956 4491 alteri

2050 616 2241 681 δέομαι
2290 612 2381 666 διὰ
2410 614 2498 665 τὸν
2530 611 2752 682 Κύριον,
2798 608 2886 661 ἵνα
2936 607 3402 679 παραμυθήσηται
3429 607 3458 658 6
3490 603 3627 668 Θεὸς

2052 707 2148 759 καὶ
2168 706 2294 768 τοὺς
2324 706 2506 771 γονεῖς
2544 702 2731 765 αὐτοῦ,
2762 702 2853 754 ἵνα
2892 699 2966 770 μὴ
2999 699 3337 770 μεριμνῶσιν
3365 698 3547 751 αὐτόν.

2120 804 2191 850 κ’.
2226 795 2621 865 Θαυμάσαντος
2647 794 2704 847 δὲ
2732 792 2827 846 τοῦ
2861 792 3114 861 γέροντος
3139 791 3240 859 τὴν
3267 788 3520 857 στοργὴν,
3556 790 3627 857 ἢν

2054 887 2166 954 ἔχει
2202 885 2335 954 πρὸς
2366 884 2458 936 τὸν
2486 882 2733 950 ἀδελφὸν,
2763 881 2913 934 οὐδὲν
2945 877 3224 949 ἀπεκρίθη
3255 877 3426 946 αὐτῷ.
3457 876 3626 929 Πάλιν

2052 978 2110 1030 δὲ
2136 977 2225 1029 τὸν
2251 975 2413 1029 αὐτὸν
2438 974 2642 1043 τρόπον
2669 974 2858 1025 ἕλαόεν
2885 970 3045 1024 αὐτὸν
3068 971 3162 1023 καὶ
3195 971 3224 1022 6
3252 970 3423 1030 acea,-
3443 968 3627 1021 Ἰωάν-

2054 1084 2171 1136 νης,
2202 1066 2298 1119 καὶ
2331 1065 2631 1135 παρεκάλει
2661 1065 2781 1117 κατ’
2816 1062 2973 1115 ἰδίαν·
2999 1062 3098 1115 Διά
3123 1060 3216 1113 τὸν
3236 1060 3387 1120 Θεὸν,
3423 1060 3624 1128 Πάτερ,

2057 1156 2130 1224 μὴ
2156 1153 2434 1223 ἀμελήσῃς
2467 1152 2562 1205 τοῦ
2588 1151 2841 1220 ἀδελφοῦ,
2871 1151 3183 1219 εὐχόμενος,
3227 1148 3313 1200 ῖνα
3357 1150 3431 1217 μὴ
3479 1146 3628 1216 φύγῃ

2056 1263 2123 1314 με
2154 1245 2244 1297 διά
2262 1245 2359 1315 τὴν
2388 1244 2600 1314 μητέρα
2630 1241 2816 1306 αὐτοῦ,
2846 1241 3148 1311 συμπαθῶν
3169 1240 3332 1309 αὐτῇ,
3355 1239 3451 1292 καὶ
3471 1240 3630 1308 εὐρε-
3711 1239 3732 1256 ⁸

2055 1335 2132 1389 θῶ
2162 1336 2220 1387 ὲν
2245 1334 2321 1403 τῷ
2344 1333 2521 1402 λιμένι
2555 1333 2842 1403 ὑπομένων
2870 1332 2933 1385 τὸ
2967 1332 3247 1398 ναυάγιον.
3300 1329 3387 1392 Ὠς
3426 1325 3519 1382 οὖν
3548 1328 3627 1380 εῖ-

2058 1442 2238 1496 ρηται,
2270 1425 2644 1492 καταπλαγεὶς
2674 1425 2771 1494 τὴν
2804 1425 3134 1493 ἀμφοτέρων
3180 1423 3312 1491 πρὸς
3365 1421 3630 1490 ἀλλήλους

2054 1517 2297 1587 ἀγάπην,
2346 1514 2564 1579 τελείως
2609 1515 2755 1583 λέγει
2811 1516 3026 1577 αὐτςῖς’
3066 1512 3392 1583 Πορεύεσθε,
3420 1512 3628 1564 τέκνα*

2054 1607 2480 1676 εὐαγγελίζομαι
2534 1608 2642 1676 γάρ
2688 1607 2837 1675 ὑμῖν,
2876 1607 2958 1658 ὅτι
2994 1606 3022 1657 6
3069 1604 3284 1667 ἀνοίξας
3335 1603 3463 1673 ύμῖν
3502 1596 3630 1665 ὧδε,

2054 1700 2409 1770 προσήνοιξεν
2432 1700 2561 1769 ὑμῖν
2595 1698 2689 1751 καὶ
2717 1698 2786 1751 τά
2814 1699 2949 1751 ἐκεῖ.
2978 1696 3087 1750 Καὶ
3120 1695 3428 1766 σφραγίσας
3449 1693 3633 1747 αὐτῶν

2053 1792 2121 1844 τὰ
2154 1792 2382 1862 μέτωπα
2403 1792 2499 1844 καὶ
2528 1792 2600 1844 τὰ
2626 1791 2799 1860 στήθη
2841 1790 2937 1843 καὶ
2966 1789 3086 1842 ὅλον
3116 1788 3179 1841 τὸ
3210 1787 3392 1858 σῶμα,
3426 1785 3631 1840 ἀπέλυ-

2058 1899 2149 1935 σεν
2184 1881 2402 1946 αὐτούς.
2444 1882 2535 1945 Ὠς
2560 1879 2656 1934 οῦν
2696 1880 3069 1951 ἀπελύθησαν,
3093 1878 3190 1931 καὶ
3212 1877 3457 1948 ἐξῆλθον,
3477 1876 3636 1930 τοῦτο

2057 1972 2243 2041 ελεγον
2259 1991 2273 2005 ε
2316 1973 2376 2027 '0
2404 1975 2539 2037 Θεὸς
2562 1971 2661 2026 τοῦ
2690 1971 2880 2026 δούλου
2904 1989 2999 2025 σου
3025 1970 3119 2023 τοῦ
3155 1970 3414 2041 μεγάλου,
3436 1970 3635 2040 ὁδηγη-

2060 2082 2156 2117 σον
2198 2066 2346 2135 ἡμᾶς
2393 2065 2520 2127 τοὺς
2560 2064 2748 2130 ξένους
2797 2063 2890 2116 καὶ
2934 2061 3360 2133 ἀπεριστάτους,
3399 2061 3483 2113 ὅτι
3511 2058 3632 2113 οὐτε

2055 2157 2182 2218 τοὺς
2216 2156 2411 2219 τόπους
2441 2196 2457 2217 ,
2514 2155 2638 2210 οὐτε
2686 2156 2788 2224 τὴν
2837 2155 3023 2225 χώραν
3074 2154 3448 2224 ἐπιστάμεθα.
3470 2152 3634 2206 Ἀλλά

2056 2246 2193 2318 πρὸς
2224 2246 2282 2299 σὲ
2315 2248 2628 2317 ἐρχόμενοι,
2661 2246 3062 2318 παρεδώκαμεν
3094 2245 3322 2307 ἑαυτοὺς
3363 2245 3443 2307 είς
3471 2245 3635 2297 θάνα-

2053 2353 2166 2397 τον,
2203 2337 2283 2398 εἰς
2311 2337 2371 2389 τὸ
2398 2336 2632 2404 πέλαγος
2653 2337 2752 2406 τῆς
2777 2336 2986 2406 ἐρήμου
3016 2335 3248 2403 ταύτης.
3291 2335 3454 2402 Λέγει
3486 2330 3578 2390 οὖν
3606 2338 3635 2389 6

2069 2425 2320 2495 Ἰωάννης
2340 2425 2417 2495 τῷ
2441 2427 2512 2478 Συ
2523 2426 2668 2495 μεών
2691 2442 2705 2456 ο
2732 2427 2798 2479 Τί
2821 2428 2969 2479 ἐστιν
2992 2426 3151 2497 apvt;
3176 2426 3287 2479 Ποῦ
3313 2427 3631 2496 ὐπάγομεν;

2069 2517 2368 2587 Ἀπεκρίθη
2399 2517 2551 2588 αὐτῷ
2585 2519 2815 2582 ἐκεῖνος,
2861 2516 3115 2587 βάλωμεν
3141 2514 3311 2579 δεξιὰ,
3335 2517 3417 2569 ὅτι
3447 2516 3543 2569 ὅλα
3564 2515 3636 2568 τὰ

2054 2610 2225 2673 δεξιά,
2281 2610 2423 2663 καλά
2473 2611 2633 2663 εἰσιν.
2671 2609 2780 2662 Καὶ
2834 2609 3118 2679 ἐρχόμενοι
3153 2608 3503 2678 κατήντησαν
3540 2608 3636 2659 ἐπὶ

2054 2699 2153 2771 τὴν
2181 2700 2400 2772 Νεκράν
2434 2701 2730 2764 θάλασσαν,
2764 2699 2838 2762 ὡς
2869 2698 2964 2752 ἐπὶ
2991 2698 3080 2751 τὸν
3110 2697 3407 2767 λεγόμενον
3447 2698 3634 2767 ’Δρνο-

2057 2794 2174 2847 νάν.

2128 2892 2236 2939 κα’.
2270 2885 2378 2939 Τοῦ
2412 2885 2548 2940 Θεοῦ
2597 2886 2656 2939 δὲ
2698 2886 3179 2957 οἱκονομήσαντος,
3222 2885 3318 2938 καὶ
3367 2883 3636 2955 μηδέποτε

2055 2977 2183 3039 τοὺς
2216 2977 2294 3039 είς
2313 2977 2473 3029 αὐτὸν
2495 2976 2851 3037 πιστεύοντας
2902 2974 3182 3044 όλοψύχως
3222 2973 3637 3042 ὲγκαταλιμπάο

2057 3084 2260 3130 νοντος,
2289 3058 2447 3136 εὗρον
2465 3066 2652 3129 τόπον,
2669 3064 2799 3119 ἔνθα
2820 3064 2954 3135 ᾤκει
2978 3082 3065 3127 τις
3092 3064 3290 3133 γέρων,
3311 3063 3638 3133 πρὸ,ὀλίγων

2057 3157 2281 3231 ἡμερῶν
2312 3157 2664 3229 τελευτήσας,
2701 3159 2759 3211 ὲν
2795 3151 2840 3225 ᾧ
2867 3158 3112 3229 ὑπῆρχον
3143 3158 3236 3210 καὶ
3255 3158 3427 3227 μικρὰ
3443 3156 3636 3223 σκεύη,

2061 3252 2155 3305 καὶ
2185 3250 2405 3320 βοτάναι
2431 3249 2703 3321 τρυφεραὶ
2747 3250 2828 3313 είς
2872 3251 2933 3302 τὸ
2977 3248 3179 3302 ἐσθίειν
3214 3250 3430 3312 αὐτοὺς,
3463 3247 3519 3311 ἐξ
3561 3240 3637 3299 ὧν

2059 3341 2247 3409 ἤσθιεν
2280 3343 2307 3394 ὁ
2344 3341 2542 3410 γέρων,
2585 3344 2614 3393 6
2640 3342 2817 3393 ἐκεῖσε
2842 3340 3121 3410 κείμενος.
3162 3340 3386 3403 Ἰδόντες
3423 3335 3517 3391 οὖν
3547 3339 3639 3391 τὸν

2058 3433 2220 3485 τόπον
2249 3434 2296 3484 οἱ
2328 3432 2579 3501 ἀοίδιμοι,
2631 3431 3040 3502 εὐφράνθησαν,
3081 3431 3157 3494 ὥς
3189 3448 3308 3484 τινα
3362 3429 3638 3499 θησαυρὸν

2060 3518 2238 3591 εὖρον.
2274 3524 2559 3592 Ἐγνωσαν
2593 3522 2702 3592 γὰρ
2750 3525 2832 3576 ὅτι
2867 3522 2975 3576 ὑπὸ
3009 3522 3146 3576 Θεοῦ
3189 3520 3515 3593 ὴτοιμάσθη,
3545 3523 3641 3573 καὶ

2062 3614 2317 3684 ἐπέμφθη
2353 3614 2557 3678 αὐτοῖς,
2589 3615 2682 3667 καὶ
2728 3614 2963 3685 ἤρξαντο
3003 3614 3351 3687 εὐχαριστεῖν
3389 3611 3466 3683 τῷ
3496 3606 3637 3680 Θεῷ,

2061 3708 2157 3759 καὶ
2191 3705 2271 3777 τῷ
2301 3705 2521 3777 μεγάλῳ
2552 3706 3023 3775 γέροντι.Ἐλεγον
3053 3705 3161 3775 γάρ
3182 3720 3195 3735 ·
3220 3704 3539 3768 Πίστευσον,
3570 3701 3639 3754 δι’

2061 3798 2233 3868 εὐχῶν
2270 3796 2437 3850 αὐτοῦ
2485 3795 2953 3868 κατευοδώθημεν.
2998 3797 3084 3861 Ὠς
3131 3792 3226 3850 οῦν
3276 3795 3498 3865 ἔμειναν
3528 3793 3642 3846 ὀλί-

2061 3904 2164 3953 γας
2191 3888 2423 3958 ἡμέρας,
2445 3886 2520 3958 μὴ
2550 3885 2730 3956 φέρων
2758 3887 2859 3956 τὴν
2880 3887 3082 3958 ἀρετὴν
3112 3884 3223 3940 τῶν
3245 3883 3485 3956 Χριστοῦ
3513 3884 3639 3937 δού-

2060 3981 2167 4034 λων
2194 3982 2223 4033 ό
2249 3979 2447 4050 ὲχθρδς
2485 3978 2596 4032 τῶν
2614 3977 2803 4049 ψυχῶν
2831 3980 2989 4049 ἡμῶν
3014 3977 3283 4043 διάϐολος,
3316 3976 3516 4049 ἤρξατο
3541 3993 3640 4029 πο-

2059 4073 2245 4143 λεμεῖν
2272 4071 2493 4135 αὐτοὺς,
2520 4071 2611 4123 τὸν
2642 4073 2741 4140 μὲν
2782 4070 3038 4140 Ἰωάννην
3082 4072 3162 4133 εἰς
3191 4068 3290 4138 τὴν
3315 4066 3511 4120 ἑαυτοῦ
3548 4084 3643 4136 γυ-

2061 4165 2242 4224 ναῖκα,
2274 4162 2367 4215 τὸν
2391 4161 2448 4214 δὲ
2482 4160 2707 4232 Συμεὼν
2730 4162 2810 4224 εἰς
2833 4160 2931 4230 τὴν
2964 4160 3185 4230 ἀγάπην
3201 4160 3298 4230 τὴν
3320 4159 3519 4231 πολλὴν
3541 4159 3641 4228 τῆς

2061 4254 2255 4309 ἑαυτοῦ
2288 4255 2510 4325 μητρός.
2545 4255 2673 4306 Ὅτε
2702 4250 2795 4308 οὖν
2837 4253 3064 4307 ἔὸλεπεν
3114 4253 3308 4306 ἑαυτὸν
3334 4247 3417 4317 εἷς
3443 4253 3500 4318 ἐξ
3534 4253 3636 4305 αὐ-

2060 4345 2167 4400 τῶν
2194 4346 2529 4413 θλιϐόμενον,
2566 4345 2768 4407 εὐθέως
2798 4343 2984 4412 ἔλεγεν
3012 4343 3090 4414 τῷ
3135 4344 3307 4415 ἑτέρῳ
3326 4361 3340 4375 ’
3382 4344 3635 4409 Ἀνάστα,

2061 4437 2277 4507 ἀδελφὲ,
2311 4435 2616 4508 εὐξώμεθα.
2660 4436 2771 4489 Καὶ
2803 4435 3033 4506 ηὐχοντο
3084 4435 3183 4507 τὴν
3214 4437 3382 4507 εὐχὴν
3418 4434 3512 4489 τοῦ
3546 4453 3642 4505 με-

381 4526 519 4580 dixit
547 4542 559 4578 :
589 4525 780 4597 Surge,
813 4524 998 4590 frater,
1030 4540 1271 4580 oremus.
1306 4524 1373 4579 Et
1396 4527 1953 4595 usurparuntoratio-

2057 4528 2225 4597 γάλου
2257 4526 2511 4601 γέροντος
2532 4542 2545 4557 ο
2580 4525 2786 4597 ηὔξατο
2812 4528 2943 4595 γὰρ.
2972 4525 3055 4577 ὅτι
3080 4526 3179 4589 Δὸς
3202 4527 3407 4591 αὐτοῖς,
3442 4524 3639 4596 Κύριε,

382 4632 508 4669 nem
532 4616 707 4686 magni
740 4615 905 4671 senis.
936 4615 1198 4671 Oraverat
1217 4613 1403 4669 enim:
1435 4613 1510 4668 Da
1540 4614 1667 4678 illis,
1696 4614 1950 4681 Domine,

387 4705 725 4762 utorationis
765 4706 929 4776 hujus
958 4721 1241 4763 sermones
1278 4704 1428 4760 cordi
1481 4719 1582 4760 suo
1612 4703 1950 4776 insculpant.

2060 4621 2186 4683 τοὺς
2207 4618 2399 4687 λόγους
2446 4619 2545 4688 τῆς
2590 4618 2757 4688 εὐχῆς
2783 4617 2990 4688 ταύτης
3020 4619 3076 4670 ἐν
3097 4620 3163 4687 τῇ
3212 4619 3410 4689 καρδίᾳ
3435 4616 3638 4670 αὐτῶν.

2063 4709 2174 4766 Καὶ
2195 4708 2399 4772 εὐθέως
2425 4709 2476 4761 οἱ
2497 4707 2592 4761 δύο
2621 4708 2951 4780 εὑρέθησαν,
2981 4706 3343 4777 γινώσκοντες
3373 4708 3544 4778 αὐτὴν
3574 4709 3641 4759 ἐκ

1882 4863 2113 4927 NOTE.

456 4954 568 5021 (Ἡ)
618 4954 815 5025 Ingens
857 4953 1006 5007 lacus
1039 4951 1341 5025 Palestina:
1386 4953 1469 5025 ad,
1509 4954 1825 5015 meridiem.
1886 4963 1944 5009 et

384 5024 566 5081 Terra:
599 5023 804 5079 sancta:
850 5039 1041 5078 versus
1093 5023 1393 5088 Orientem,
1427 5024 1693 5079 llebraica
1733 5025 1942 5094 phrasi,

384 5112 532 5150 mare
565 5095 765 5157 dictus,
799 5094 958 5163 quale
986 5104 1213 5151 vocatur
1243 5095 1421 5149 omnis
1451 5094 1723 5166 copiosior
1776 5110 1945 5166 aqua-

384 5182 503 5219 rum
533 5165 800 5219 collectio.
833 5167 1106 5218 Mortuum
1145 5173 1510 5233 nuncupatur,
1559 5165 1701 5233 quod
1736 5165 1945 5218 nullum

383 5237 566 5306 gignat
610 5234 836 5303 piscem,
893 5236 1170 5306 nullumve
1216 5234 1360 5289 aliud
1412 5234 1614 5288 animal
1659 5235 1945 5306 producat,

384 5304 479 5361 sed
527 5304 678 5359 lacus
716 5319 939 5374 prorsus
989 5306 1059 5360 sit
1107 5305 1495 5368 bituminosus,
1549 5305 1834 5374 pestilens,
1897 5313 1954 5358 et

386 5374 692 5440 horribilis,
720 5375 863 5429 unde
886 5381 943 5428 et
970 5374 1290 5442 Asphattiles
1321 5374 1628 5443 appellatur
1662 5389 1693 5427 a
1721 5374 1955 5443 scripto-

387 5445 540 5498 ribus
566 5443 770 5500 Graecis
797 5458 860 5497 ac
890 5444 1118 5499 Latinis.
1145 5443 1306 5499 Plura
1342 5442 1496 5499 dabit
1535 5442 1955 5499 Cotovicus’lti-

389 5515 587 5584 aerarii
616 5514 1087 5584 Ilierrosolymilani
1119 5515 1214 5568 lib.
1248 5530 1306 5573 ιι,
1338 5529 1461 5582 cap.
1500 5513 1586 5567 l7.

460 5581 572 5653 (‘25)
608 5581 930 5653 Designatur
960 5585 1047 5639 hic
1075 5581 1537 5653 torrensiAriion,
1559 5581 1610 5635 ni
1638 5582 1831 5653 fallor,
1891 5583 1959 5638 de

388 5651 793 5720 qquosephus
826 5655 916 5707 lib.
958 5671 1008 5706 tv
1037 5653 1212 5717 .lntiq.
1275 5652 1485 5707 Judaic.
1515 5651 1698 5720 Θαρῆν
1733 5652 1826 5703 ἐπὶ
1867 5669 1964 5705 πο-

2049 4962 2189 5013 τῖτιν
2218 4960 2417 5030 λίμνην
2449 4958 2745 5030 Ῠὲκδίδωσι,
2790 4957 3001 5030 ὁρίζων.
3014 4957 3110 5026 τήν
3134 4973 3193 5008 τε
3220 4955 3503 5030 Μωαίξῖτιν
3542 4959 3637 5030 καὶ

2063 5023 2344 5100 Ἀμορῖτιν
2363 5023 2381 5059 ⁵
2406 5029 2476 5097 γῆ
2498 5030 2543 5081 δ’
2564 5028 2724 5100 αὕτη,
2754 5023 3103 5100 καρποφόρος
3127 5028 3251 5100 *καὶ
3302 5023 3510 5100 πλῆθος
3540 5025 3636 5075 άν-

2055 5093 2291 5167 θρῶπων
2316 5093 2429 5152 ἴσον
2457 5093 2568 5159 τοῖς
2595 5093 2725 5168 παρ’
2745 5093 2931 5168 αὐτοῖς
2948 5093 3174 5168 ἀγαθοῖς
3205 5094 3364 5168 ἱκανὴ
3391 5093 3634 5168 τρέφειν.

2058 5161 2301 5221 Pervenit
2336 5170 2406 5221 ad
2449 5161 2704 5237 ﬂuvium,
2747 5166 2837 5235 qui
2888 5161 3195 5218 nominatur
3223 5161 3435 5237 Arnen.
3464 5161 3516 5216 Is
3563 5172 3636 5215 est

2055 5238 2267 5293 Arabia:
2301 5234 2561 5291 montibus
2597 5234 2808 5290 exortus
2828 5275 2842 5298 ,
2875 5239 3139 5288 desertum
3191 5234 3417 5287 medium
3458 5247 3636 5300 perer—

2055 5325 2200 5371 rans,
2258 5309 2317 5361 in
2370 5305 2717 5373 Asphaltitem
2760 5305 2937 5358 lacum
2994 5304 3206 5372 inﬂuit,
3254 5302 3525 5373 Μοαίήιιιε⁸
3566 5301 3636 5353 ab

2055 5370 2372 5431 .tlinorrhwis
2396 5370 2799 5437 disterminans;
2844 5383 3022 5443 estque
3050 5370 3159 5426 haec
3187 5372 3328 5442 regio
3354 5370 3635 5443 frugifera,

2057 5456 2106 5519 et
2143 5448 2365 5519 fructus,
2386 5456 2657 5519 ‘quantunt
2688 5453 2763 5499 est
2794 5438 2946 5504 satis,
2982 5443 3169 5519 incolis
3207 5438 3531 5519 suppeditat.
3557 5438 3638 5493 Ita

2058 5510 2360 5587 Iosephus.
2386 5510 2555 5587 Porro
2602 5515 2659 5587 in
2697 5520 3023 5587 msanostro
3052 5512 3263 5587 adjecta
3298 5510 3508 5587 modica
3545 5524 3643 5587 pa:

2064 5578 2262 5658 ragoge
2304 5586 2564 5659 scribitur
2611 5583 2890 5653 Ἀρνονᾶν.
2917 5578 3301 5659 _\'ocab‘_ulum
3331 5580 3516 5659 isthoe
3554 5578 3642 5657 vel

2065 5651 2173 5712 no'n
2199 5651 2425 5712 invenit
2454 5654 2509 5707 in
2543 5668 2644 5708 suo
2673 5651 3009 5723 apographo,
3056 5651 3524 5723 velprzetermisit
3556 5651 3643 5701 in~

389 5719 565 5787 ταμὸν
602 5720 825 5797 Ἀρείων,
850 5724 991 5797 ὃς-ὲκ
1016 5722 1124 5797 τῷν
1150 5724 1250 5797 τῆς
1289 5722 1583 5797 ’ᾼρραόίας
1615 5721 1954 5797 ὀρῶνΑόρμῴ

2069 5735 2275 5797 terprcs
2311 5725 2454 5796 apud
2482 5719 2806 5779 Surium'ad'
2821 5719 2966 5778 diem
3004 5723 3024 5777 l
3059 5720 3209 5776 Julii.

401 5784 584 5857 μενος.
623 5784 715 5838 καὶ
744 5786 830 5837 διά
861 5791 1037 5855 πάσης
1072 5784 1278 5857 Epist-9')
1320 5784 1478 5857 ρἔν,
1516 5791 1592 5850 εἰς
1624 5784 1969 5858 τ’ὴνἌσξαλ-
