3956 6220
344 338 481 402 169⁵1

1608 336 1784 402 ΥΙΤΑ
1818 340 1878 396 S.
1919 337 2313 398 SYMEONIS.

3450 338 3591 405 J698

348 448 601 519 στήθους,
639 447 732 502 καὶ
768 447 940 516 αὐτὴν
956 445 1186 517 ηὔχοντο
1201 445 1427 501 πάντοτε
1452 450 1528 510 είς
1550 447 1778 502 ἕκαστον
1802 467 1919 501 πει-

2032 449 2088 502 Et
2142 460 2373 505 eventus
2418 450 2564 506 illico
2598 452 2782 507 docuit
2835 453 3023 507 ambos
3066 453 3206 508 hanc
3250 454 3501 510 calluisse
3527 472 3595 511 ex

349 539 578 608 ρασμὸν,
603 539 695 591 καὶ
719 540 797 602 είς
813 538 1046 592 ἕκαστον
1068 538 1279 608 αἴτημα
1300 538 1479 592 αὐτῶν
1502 538 1638 610 πρὸς
1652 539 1914 595 τὶνΘεόν.

350 632 536 684 Ἔστιν
561 632 672 703 γὰρ
708 631 797 685 ὅτε
838 631 1044 702 ἐπύρου
1084 632 1283 694 αὐτοὺς
1315 632 1343 684 6
1387 631 1633 695 διάϐολος
1656 670 1671 696 ,
1698 632 1774 698 ὡς
1828 634 1915 699 ἐξ-

347 726 533 792 ηγεῖτο
553 722 856 794 ὁδθεοφὸρος
868 722 1055 787 Σαλὺς,
1071 721 1145 785 ὼς
1160 722 1256 776 ἐὰν
1280 723 1417 792 κρέα
1432 722 1524 776 καὶ
1543 716 1686 777 οἵνον
1706 725 1914 793 ἤσθιον.

348 813 442 863 καὶ
480 812 641 864 πάλιν
682 812 981 865 ὑπέϐαλλεν
1020 811 1205 874 αὐτοῖς
1260 810 1411 881 παρά
1460 810 1559 875 τὰς
1599 812 1773 881 ἀρχὰς
1809 812 1918 864 δει-

349 901 488 965 λίαν,
546 903 637 955 καὶ
694 902 921 973 ἀκηδίαν
954 902 1092 973 πρὸς
1127 901 1227 966 τὴν
1261 900 1517 972 ἄσκησιν,
1557 902 1701 956 ὥστε
1730 902 1918 971 διαφό-

353 1011 458 1063 ρως
483 994 766 1065 ἐπιζητεῖν
798 994 996 1056 αὐτοὺς
1027 994 1389 1064 ὑποστρέφειν
1432 994 1513 1056 είς
1558 993 1617 1047 τὸ
1645 995 1919 1063 μοναστή-

340 1103 466 1155 ,ριον
500 1087 608 1139 ἀπὸ
629 1086 730 1154 τῆς
756 1087 990 1156 ἐρήμου,
1022 1085 1185 1139 πάλιν
1234 1084 1291 1138 δὲ
1347 1085 1488 1139 κατὰ
1538 1086 1665 1148 τοὺς
1718 1083 1919 1148 ὕπνους

336 1175 595 1244 θεωρεῖν.
623 1176 810 1228 Ἔστιν
853 1175 909 1229 δὲ
959 1176 1046 1228 ὅτε
1104 1175 1198 1228 καὶ
1244 1175 1302 1227 ἐν
1333 1172 1606 1245 φαντασίᾳ
1640 1175 1770 1237 τοὺς
1796 1176 1921 1226 ἐαυ-

347 1266 453 1318 τῶν
488 1265 670 1329 ἰδίους,
701 1266 826 1329 τοὺς
854 1266 952 1334 μὲν
978 1265 1292 1328 κλαίοντας,
1316 1265 1443 1326 τοὺς
1465 1265 1521 1318 δέ
1543 1262 1922 1334 εὐωχηθέντας

350 1358 762 1429 παρεσκεύαζεν
789 1361 817 1411 ὁ
842 1357 1193 1430 πολύμορφος
1239 1357 1382 1425 ὄφις,
1418 1358 1508 1411 καὶ
1538 1356 1708 1410 πολλά
1733 1354 1919 1427 ἕτερα,

346 1449 381 1501 ἀ
404 1450 523 1502 οὐδὲ
555 1448 928 1521 ἐξηγήσασθαι
958 1450 1200 1516 δυνατὸν,
1229 1451 1276 1502 εἰ
1307 1450 1382 1521 μὴ
1415 1448 1621 1502 τούτων
1663 1446 1772 1501 τῶν
1808 1464 1924 1501 πει-

351 1541 578 1610 ρασμῶν
599 1542 656 1593 ὲν
693 1541 859 1611 πείρᾳ
891 1541 1100 1610 γίνεταί
1131 1558 1236 1603 τις.
1291 1539 1431 1593 Ἀλλ’
1458 1539 1624 1611 ἡνίκα
1651 1539 1697 1592 δ’
1719 1539 1785 1592 ἂν
1820 1541 1921 1608 ἐμ-

349 1631 645 1699 νημόνευον
672 1631 781 1684 τῶν
806 1633 1110 1701 στεφάνων,
1137 1630 1232 1694 οὒς
1269 1633 1350 1695 είς
1379 1631 1639 1701 ἀλλήλους
1674 1630 1924 1685 ἐθεάσαν-

346 1735 425 1783 το,
458 1720 554 1773 καὶ
586 1720 687 1791 τῆς
713 1721 1083 1784 διδασκαλίας,
1113 1721 1209 1774 καὶ
1240 1721 1348 1775 τῶν
1389 1721 1643 1792 δακρύων
1691 1720 1788 1774 τοῦ
1831 1721 1924 1790 γέ·-

2017 552 2262 611 prompta
2298 543 2574 598 memoria.
2610 545 2677 598 Et
2708 559 2827 598 eam
2864 543 3213 610 adhibebant,
3239 546 3455 615 quoties
3478 555 3598 601 ten-

2018 631 2149 686 tatio
2191 631 2499 703 ingruebat,
2534 642 2627 686 aut
2664 632 2862 702 aliquid
2914 647 2944 685 a
2984 631 3095 686 Deo
3130 632 3596 705 petebantaQua-

2015 721 2141 775 dam
2163 723 2282 777 vice
2312 722 2719 793 instigabateos
2741 723 3009 789 diabolus,
3040 724 3114 778 uti
3142 724 3400 778 narrabat
3423 723 3599 780 deifer

2019 814 2199 877 Salus,
2232 816 2299 869 ad
2327 830 2487 869 usum
2525 816 2707 870 carnis
2739 812 2958 882 etvini;
2987 825 3041 870 ct
3084 816 3136 870 in
3161 815 3436 886 principio
3469 832 3597 887 sug-

2016 906 2238 975 gerebat
2282 904 2555 971 timorem,
2611 916 2667 961 et
2723 916 2996 976 torporem
3045 907 3101 961 in
3145 909 3255 962 vita
3308 907 3594 963 ascetica:

2017 996 2153 1051 adeo
2183 1004 2241 1050 ut
2274 997 2439 1051 variis
2491 997 2669 1052 modis
2715 1007 3013 1054 conaretur
3061 1013 3158 1053 eos
3210 1012 3279 1053 ex
3313 1014 3499 1054 eremo
3540 999 3597 1053 in

2018 1086 2410 1140 monasterium
2459 1101 2742 1143 revocare.
2787 1086 2944 1143 Nunc
2984 1089 3186 1143 iterum
3218 1089 3465 1159 quaedam
3510 1103 3600 1143 re-

2019 1177 2385 1246 praesentabat
2422 1178 2478 1232 in
2521 1193 2752 1244 somno,
2800 1193 2949 1234 nunc
2996 1180 3293 1235 amicorum
3341 1177 3598 1249 aliquos:

2022 1267 2122 1322 bos
2166 1268 2383 1337 quidem
2435 1267 2650 1335 ﬂentes,
2710 1272 2877 1326 hosce
2930 1271 3091 1342 genio
3144 1270 3490 1342 indulgentes
3544 1270 3600 1324 in

2022 1358 2257 1429 imagine
2299 1373 2563 1429 corporea
2605 1360 2930 1415 eﬂ‘ormabat
2974 1361 3280 1431 versipellis
3305 1375 3368 1414 ac
3397 1370 3605 1414 tortuo~

2021 1462 2115 1502 sus
2139 1448 2381 1513 coluber,
2422 1458 2481 1505 et
2507 1449 2740 1519 plurima
2783 1452 2908 1516 alia,
2940 1467 3063 1521 quae
3106 1466 3397 1506 recensere
3441 1467 3605 1506 nemo

2020 1537 2182 1602 valet,
2216 1546 2415 1609 praeter
2456 1553 2603 1605 eum,
2654 1540 2745 1610 qui
2784 1540 2920 1595 tales
2963 1542 3299 1597 tentationes
3341 1551 3605 1612 expertus

2025 1627 2206 1683 fuerit.
2234 1630 2343 1685 Sed
2368 1631 2588 1701 quando
2609 1631 3037 1687 recordabantur
3066 1648 3417 1698 coronarum,
3458 1649 3597 1704 quas

2023 1720 2160 1774 alter
2182 1719 2239 1774 in
2265 1721 2436 1776 altero
2485 1723 2835 1793 contemplati
2879 1722 3122 1790 fuerant,
3165 1725 3605 1781 institutionum-

349 1826 551 1879 ροντος.
596 1810 786 1882 ὥσπερ
847 1810 1010 1881 ἐλαίῳ
1056 1812 1197 1882 ἁγίῳ
1227 1811 1639 1883 κατεπραύνετο
1673 1811 1854 1865 αὐτῶν
1890 1813 1919 1882 ή

2032 1825 2129 1881 que
2162 1818 2218 1865 et
2241 1810 2599 1883 lacrymarum
2631 1813 2812 1878 senis;
2852 1827 2947 1868 cor
2973 1813 3192 1869 illorum
3226 1814 3381 1884 quasi
3414 1812 3606 1869 saucio

337 1902 565 1981 καρδία,
589 1902 683 1957 καὶ
708 1903 1097 1975 παρεκαλεῖτα

2025 1901 2261 1972 quodam
2289 1902 2411 1957 oleo
2442 1903 2746 1959 delibutum
2765 1905 3133 1962 recreabatur.

1788 2032 2021 2092 CAPUT
2071 2033 2163 2106 VL

332 2140 337 2146 ⁴
419 2154 820 2226 Apparitiones,
863 2158 1161 2219 orationes,
1197 2171 1432 2228 egressus
1469 2157 1743 2230 Symeoms
1776 2171 1839 2210 ex
1871 2171 2043 2238 eremo
2076 2156 2130 2208 in
2158 2154 2427 2225 publicum
2455 2173 2564 2225 pro:
2593 2158 2703 2211 zelo
2736 2174 3074 2226 animarum,
3104 2159 3379 2214 occultata:
3423 2161 3537 2230 ejus

1838 2235 2091 2279 actiones.

331 2325 334 2329 ’
417 2339 521 2409 κβ¹.
549 2339 833 2408 Ἐφαίνετο
873 2339 930 2394 δὲ
966 2340 1163 2404 αὐτοῖς·
1192 2341 1312 2395 κατ’
1352 2341 1486 2411 δναρ
1541 2339 1638 2395 καὶ
1668 2340 1698 2393 6
1731 2339 1923 2412 κύριος

348 2430 553 2496 Νίκων,
587 2431 675 2484 ὁτὲ
709 2431 810 2502 μὲν
844 2431 1113 2485 νουθετῶν
1145 2433 1364 2496 αὐτοῖς,
1402 2431 1492 2486 ὁτὲ
1526 2432 1585 2511 δέ
1620 2430 1922 2503 προσευχό-

352 2544 510 2597 μενος
543 2528 682 2599 ὑπὲρ
715 2527 916 2592 αὐτῶν,
944 2526 1061 2581 ἐστι
1091 2526 1147 2579 δὲ
1176 2528 1265 2580 ὅτε
1312 2527 1410 2579 καὶ
1436 2525 1685 2596 ψαλμοὺς
1725 2524 1923 2586 αὐτοὺς

346 2619 635 2673 διδάσκων·
670 2619 765 2672 καὶ
787 2616 1138 2683 ἐξυπνίζοντο
1166 2615 1619 2688 ἀποστηθίζοντες
1647 2615 1747 2668 ὅσα
1781 2615 1923 2669 κατὰ

349 2710 477 2774 τοὺς
508 2708 710 2773 ὕπνους
743 2709 940 2771 αὐτοὺς
973 2708 1274 2773 ἐδίδασκεν,
1310 2709 1403 2761 καὶ
1435 2703 1581 2778 εἶχον
1635 2707 1808 2778 χαρὰν
1828 2705 1923 2757 ἐπὶ

350 2800 509 2854 τοῦτο
536 2801 803 2872 μεγάλην.
860 2799 1192 2868 Ἐγίνωσκον
1241 2797 1350 2870 γάρ
1377 2800 1462 2852 ,ὅτι
1494 2800 1648 2852 πονεῖ
1694 2800 1722 2850 6
1748 2797 1929 2867 γέρων

348 2892 416 2946 δι’
445 2892 664 2957 αὐτοὺς,
692 2892 790 2944 καὶ
818 2888 1295 2961 ἐπληροφοροῦντο
1328 2888 1385 2956 ἐξ
1423 2888 1604 2943 αὐτῶν
1640 2886 1745 2942 τῶν
1784 2905 1928 2959 πρα-

351 2983 596 3052 γμάτων.
629 2983 740 3036 Kal
762 2983 869 3054 γὰρ
896 2982 1004 3054 πρὸ
1033 2982 1213 3053 πάσης
1238 2982 1509 3049 αἰτήσεως
1527 2981 1591 3034 ἐκ
1614 2978 1747 3034 Θεοῦ
1772 2980 1928 3033 τοῦτο

352 3075 458 3145 πρὸ
496 3074 715 3127 πάντων
744 3072 1130 3142 αἰτησαμένων
1165 3071 1514 3141 ἀμφοτέρων,
1548 3070 1644 3125 τοῦ
1689 3070 1788 3142 μὲν
1824 3072 1927 3123 Συ-

354 3165 520 3234 μεὼν,
554 3164 994 3235 ἵναππαρακληθῇ
1040 3166 1074 3235 ἡ
1120 3164 1319 3233 καρδία
1344 3163 1447 3233 τῆς
1495 3163 1703 3234 μητρὸς
1735 3162 1922 3226 αὐτοῦ,

351 3258 444 3310 καὶ
463 3257 854 3329 πληροφορηθῇ
882 3274 895 3287 ·
920 3256 1014 3310 τοῦ
1039 3257 1095 3310 δὲ
1125 3255 1397 3319 Ἰωάννου,
1433 3256 1521 3308 ἵνα
1549 3255 1924 3327 προσλάϐηται

2097 2337 2192 2392 22.
2246 2335 2301 2392 In
2355 2353 2549 2395 somno
2590 2339 2752 2394 etiam
2792 2340 3042 2410 apparuit
3081 2339 3185 2396 illis
3212 2340 3471 2397 dominus
3507 2339 3605 2396 Ni-

2027 2440 2169 2488 con;
2224 2442 2371 2481 nunc
2416 2442 2511 2482 eos
2559 2429 2856 2493 instruens,
2905 2444 3051 2483 nunc
3092 2444 3191 2498 pro
3241 2430 3374 2499 ipsis
3420 2446 3602 2487 orans.

2028 2513 2333 2584 Aliquando
2382 2516 2545 2570 etiam
2590 2532 2686 2572 eos
2727 2517 2954 2582 docebat
3008 2518 3278 2587 psalmos;
3330 2526 3386 2574 et
3410 2535 3609 2590 exper-

2028 2605 2159 2659 recti
2213 2605 2474 2660 memoria
2514 2608 2794 2672 tenebant,
2832 2607 3094 2677 quidquid
3147 2608 3202 2662 in
3251 2624 3444 2664 somno
3486 2610 3607 2666 illos

2027 2695 2306 2753 docuerat.
2340 2697 2399 2752 Id
2429 2698 2574 2768 quod
2602 2713 2798 2768 magno
2832 2700 2912 2754 eis
2951 2700 3149 2770 gaudio
3193 2699 3318 2756 fuit.
3351 2700 3611 2757 Sciebant

2033 2788 2184 2843 enim
2233 2803 2422 2843 senem
2476 2789 2720 2860 ipsorum
2772 2805 2936 2845 causa
2983 2791 3254 2854 laborare.
3298 2793 3366 2848 de
3403 2808 3512 2863 quo
3543 2807 3610 2846 ex

2031 2880 2197 2935 rebus
2231 2881 2367 2951 ipsis
2392 2881 2594 2936 ﬁebant
2618 2880 2903 2936 certiores.
2930 2880 3013 2936 Et
3037 2897 3169 2937 vero
3208 2898 3333 2937 cum
3356 2899 3469 2953 pra:
3490 2899 3611 2938 om-

2029 2973 2192 3028 nibus
2231 2982 2443 3043 peteret
2473 2983 2704 3044 uterque
2745 2990 2775 3028 a
2820 2973 2950 3037 Deo,
2983 2973 3217 3046 Symeon
3266 2975 3505 3044 quidem,
3554 2984 3611 3028 ut

2027 3079 2125 3120 cor
2177 3064 2370 3120 matris
2416 3066 2610 3120 solatio
2676 3075 3017 3119 recrearetur
3055 3074 3112 3119 et
3158 3065 3608 3131 confirmaretur;

2028 3154 2267 3212 Joannes
2294 3165 2500 3223 autem,
2531 3166 2592 3211 ut
2619 3155 2760 3211 Deus
2785 3157 3070 3228 coniugem
3101 3171 3251 3211 suam
3283 3156 3610 3236 susciperet,

2030 3257 2085 3302 et
2116 3248 2357 3303 dolorem
2399 3263 2430 3303 e
2476 3250 2818 3318 separatione
2855 3249 2974 3319 ejus
3018 3257 3197 3303 ortum
3229 3262 3296 3303 ex
3315 3250 3497 3302 animo
3528 3249 3615 3303 fuo
3717 3281 3727 3289 -

350 3349 379 3400 6
404 3349 533 3412 Θεδς
561 3348 660 3420 τὴν
687 3347 852 3401 αὑτοῦ
885 3346 1134 3418 σύμϐιον,
1168 3348 1305 3416 πρὸς
1339 3347 1397 3400 τὸ
1443 3347 1788 3417 ἀποκοπῆναι
1826 3348 1925 3417 τὴν

2032 3344 2215 3407 garet;
2247 3346 2538 3407 utrumque
2560 3337 2831 3393 exaudivit
2869 3340 3032 3403 Deus,
3064 3338 3155 3408 qui
3181 3338 3335 3402 dixit,
3356 3354 3413 3394 sc
3436 3339 3611 3395 factu-

353 3440 537 3508 σχέσιν
565 3438 743 3510 αὐτῆς
769 3440 877 3493 ἀπὸ
921 3440 1019 3510 τῆς
1069 3442 1273 3502 ἐννοίας
1309 3439 1495 3504 αὐτοῦ,
1548 3441 1868 3508 είσήκουσεν
1900 3439 1930 3491 6

350 3533 484 3595 Θεὸς
516 3532 863 3603 ἀμφοτέρων,
909 3532 938 3583 6
966 3531 1138 3585 εἰπὼν
1186 3530 1400 3600 θέλημα
1435 3529 1544 3582 τῶν
1578 3528 1927 3598 φοϐουμένων

351 3624 512 3676 αὐτὸν
546 3623 786 3692 ποιῆσαι.
821 3624 939 3676 Καὶ
955 3622 1048 3675 δύο
1077 3621 1213 3674 ἐτῶν
1246 3619 1657 3691 παρελθόντων,
1693 3618 1928 3688 ἐπληρο-

353 3714 564 3786 φορήθη
591 3715 620 3766 6
675 3714 836 3784 κῦρις
878 3712 1107 3784 Συμεὼν
1144 3713 1210 3766 ἐκ
1241 3710 1399 3778 Θεοῦ,
1434 3711 1517 3764 ὅτι
1544 3710 1749 3773 ἄλυπός
1784 3712 1930 3791 ἐστιν

352 3808 385 3877 ἡ
415 3808 599 3877 μήτηρ
625 3804 790 3860 αὐτοῦ
842 3806 970 3876 περὶ
1004 3803 1192 3868 αὐτοῦ,
1244 3801 1338 3856 καὶ
1380 3803 1462 3855 ὅτι
1510 3802 1760 3869 φαίνεται
1794 3800 1929 3870 αὐτῇ

352 3899 494 3949 κατᾶ
509 3896 702 3960 νύκτα,
727 3894 822 3948 καὶ
852 3892 1255 3965 παραμυθεῖται
1276 3890 1466 3956 αὐτὴν,
1491 3892 1585 3943 καὶ
1617 3888 1765 3959 λέγει
1793 3890 1929 3960 αὐτῇ

351 3990 417 4059 τῇ
450 3986 636 4058 Σύρων
689 3985 988 4056 διαλέκτῳ·
1030 3983 1296 4054 Λαδέχρε,
1351 3981 1533 4052 λιχέμ,
1564 3982 1594 4034 ὃ
1634 3982 1802 4047 ἐστιν,
1838 3979 1930 4044 Μὴ

353 4080 545 4145 λυποῦ,
585 4078 781 4150 μῆτερ’
834 4079 926 4130 καὶ
978 4075 1088 4146 γὰρ
1114 4073 1298 4137 καλῶς
1345 4075 1512 4143 ἐσμεν
1551 4070 1728 4140 κάγὼ,
1780 4071 1874 4124 καὶ
1901 4071 1930 4122 6

354 4170 510 4241 κῦρις
543 4169 822 4236 Ἰωάννης,
856 4167 952 4220 καὶ
983 4164 1323 4232 ὑγιαίνομεν,
1364 4162 1461 4215 καὶ
1489 4159 1932 4231 ἐστρατεύθημεν

353 4264 431 4327 εἰς
481 4263 543 4315 τὸ
569 4260 827 4314 παλάτιον
854 4256 949 4312 τοῦ
1002 4256 1304 4327 βασιλέως,
1348 4253 1443 4308 καὶ
1481 4253 1590 4307 ἰδοὺ
1633 4252 1932 4325 στεφάνους

353 4353 651 4425 φοροῦμεν,
691 4350 783 4415 οὒς
809 4350 1068 4419 ἀνέδησεν
1087 4349 1234 4419 ἡμᾶς
1261 4348 1291 4401 6
1322 4345 1596 4418 βασιλεὺς,
1619 4344 1713 4399 καὶ
1741 4342 1934 4406 στολὰς

353 4447 672 4516 εὐπρεπεῖς.
710 4442 875 4496 Ἀλλὰ
900 4439 1301 4513 παραμύθησαι
1344 4438 1438 4492 καὶ
1470 4437 1597 4500 τοὺς
1636 4438 1813 4505 γονεῖς
1837 4434 1932 4488 τοῦ

353 4532 583 4604 ἀδελφοῦ
608 4533 878 4595 Ἰωάννου,
899 4531 982 4583 ὅτι
1006 4528 1123 4600 μετ’
1148 4526 1285 4597 ἐμοῦ
1313 4526 1460 4578 ἐστιν
1482 4522 1926 4594 ἐστρατευμένος.

366 4626 526 4680 ’Λλλά
559 4626 725 4697 μηδὲν
763 4621 1064 4693 λυπηθῆτε.
1118 4620 1228 4674 Kal
1270 4622 1299 4673 6
1353 4617 1527 4682 ἀϐϐᾶς
1585 4617 1642 4670 δὲ
1676 4615 1932 4684 Ἰωάννης

2035 3443 2155 3482 rum
2207 3430 2547 3485 voluntatem
2603 3430 2914 3485 timentium
2977 3446 3058 3486 se.
3114 3429 3181 3485 Et
3236 3430 3348 3499 jam
3399 3432 3614 3486 duobus

2034 3518 2238 3572 exactis
2284 3519 2462 3585 annis,
2505 3520 2760 3575 dominus
2805 3519 3041 3590 Symeon
3074 3521 3274 3575 certior
3312 3536 3341 3574 a
3392 3521 3501 3575 Deo
3531 3531 3613 3576 est

2034 3606 2230 3673 factus,
2270 3610 2630 3679 quod_mater
2680 3626 2779 3666 sua
2831 3626 2994 3665 causa
3032 3625 3142 3663 non
3171 3611 3419 3676 doleret;
3464 3612 3612 3680 quod
3668 3627 3674 3634 ·

2033 3707 2200 3752 noctu
2222 3699 2273 3752 ei
2297 3706 2607 3769 appareret,
2644 3709 2699 3754 et
2727 3700 2903 3768 ipsam
2934 3700 3331 3779 consolaretur,
3366 3712 3420 3755 et
3451 3702 3617 3757 dicc-

2033 3796 2116 3843 ret
2148 3787 2368 3859 Syriaco
2394 3802 2648 3844 sermone
2675 3808 2688 3842 :
2734 3782 3036 3851 Ladecbre,
3064 3788 3310 3846 Lichem.
3343 3791 3456 3848 lloc
3478 3801 3563 3848 est
3595 3813 3609 3850 :

2031 3876 2279 3950 Neluge,
2313 3887 2520 3946 mater;
2568 3880 2777 3939 etenim
2823 3880 2964 3937 belle
3006 3864 3377 3938 'habemus-et
3414 3899 3514 3955 ego
3558 3895 3615 3940 ct

2032 3969 2201 4025 frater
2221 3971 2478 4037 Joannes,
2511 3980 2568 4027 et
2595 3972 2858 4038 valemus,
2890 3983 2946 4028 et
2979 3974 3188 4028 militiae
3228 3970 3427 4029 nomen
3457 3976 3614 4030 dedi-
3644 4041 3651 4047 ,

2034 4077 2157 4117 mus
2189 4064 2244 4118 in
2287 4064 2490 4134 palatio
2532 4065 2698 4136 regis,
2748 4072 2804 4120 et
2851 4080 3000 4126 ecce,
3032 4080 3263 4120 coronas
3294 4075 3569 4136 gestamus
3595 4109 3621 4134 ,_

2033 4151 2233 4220 quibus
2255 4145 2356 4206 'rex
2387 4167 2488 4207 nos
2522 4152 2722 4215 induit,
2764 4160 2821 4208 et
2865 4160 3042 4209 vestes
3069 4153 3362 4224 elegantes.
3398 4156 3469 4209 At
3512 4171 3613 4225 pa-

2033 4251 2216 4321 rentes
2259 4242 2371 4315 (26)
2404 4259 2620 4314 quoque
2655 4246 2941 4301 consolare
2983 4244 3168 4301 fratris
3200 4244 3448 4313 Joannis,
3485 4249 3614 4317 quia

2035 4348 2249 4390 illecum
2303 4351 2412 4390 una
2457 4336 2672 4390 militat.
2722 4335 3053 4407 Neutiquam
3111 4352 3242 4408 ergo
3294 4337 3492 4408 lugete.
3533 4325 3616 4393 Et

2031 4419 2274 4477 Joannes
2308 4437 2527 4494 quoque
2562 4417 2847 4492 conspexit
2878 4424 3137 4494 aliquem,
3161 4423 3408 4491 candidis
3445 4424 3615 4479 vesti-

2038 4513 2141 4567 bus
2180 4513 2451 4575 indutum,
2480 4513 2574 4582 qui
2615 4511 2871 4585 dicebat:
2910 4514 3052 4570 Ecce
3100 4524 3310 4585 patrem
3338 4525 3488 4570 tuum
3515 4515 3615 4570 do-

2036 4604 2150 4659 lore
2180 4604 2447 4670 liberavi;
2491 4605 2780 4676 conjugem
2803 4620 2935 4662 vero
2964 4615 3112 4661 tuam
3168 4621 3199 4661 e
3239 4606 3383 4662 .vivis
3425 4606 3611 4662 tollam

354 4715 495 4772 εἷδεν
525 4719 607 4771 ὅτι
641 4716 792 4784 λέγει
822 4712 971 4783 αὑτῴ
1001 4728 1085 4776 τις
1114 4708 1521 4780 λευχειμονῶνο
1544 4705 1678 4758 Ἰδοὺ
1708 4705 1799 4757 τὸν
1834 4704 1930 4775 μὲν
1965 4705 2008 4759 ῐ)
2039 4697 2376 4769 propediem.

355 4812 568 4880 πατέρα
602 4826 695 4861 σου
727 4807 933 4863 ἄλυπον
963 4803 1218 4874 ἐποίησα,
1263 4802 1361 4874 τὴν
1390 4800 1448 4854 δὲ
1482 4797 1713 4869 γυναῖκά
1742 4813 1834 4850 σου
1876 4798 1934 4850 ἐν

353 4904 577 4967 ταύταις
606 4898 1121 4972 προσλαμϐάνομαι.

423 5003 530 5065 κγ’.
575 4991 947 5064 Ἐξηγήσαντο
965 4987 1059 5043 οὖν
1085 4986 1335 5056 ἀλλήλοις
1363 4984 1397 5039 ἃ
1424 4982 1734 5054 ἐθεώρησαν
1758 4981 1935 5052 ἀμφό-

353 5105 527 5160 τεροι,
557 5085 655 5140 καὶ
671 5085 970 5155 ἐχάρησαν,
1000 5080 1095 5134 καὶ
1134 5076 1412 5149 εὐφράνθη
1442 5074 1622 5129 αὐτῶν
1654 5076 1688 5144 ἡ
1717 5073 1933 5143 καρδία.

355 5181 468 5232 Καὶ
500 5179 636 5241 τέως
666 5177 732 5229 ὲκ
757 5173 851 5227 τοῦ
875 5169 1139 5241 λογισμοῦ
1168 5167 1277 5223 τῶν
1300 5168 1505 5235 γονέων
1526 5166 1708 5219 αὐτῶν
1734 5165 1936 5228 εύθέως

355 5269 639 5337 ἐκούφισεν
673 5267 870 5328 αὐτοὺς
901 5265 928 5316 6
959 5263 1113 5325 Θεὸς.
1148 5260 1259 5315 Kal
1296 5259 1489 5313 λοιπὸν
1524 5260 1583 5312 ἐν
1611 5257 1796 5337 ἀνέσει
1827 5257 1931 5309 ὑπο

357 5362 525 5432 ἦρχον
553 5359 686 5430 μηδὲ
714 5359 850 5419 ὅλως
874 5354 1202 5425 λυπούμενοι
1238 5352 1368 5422 περὶ
1406 5350 1609 5417 αὐτῶν.
1633 5336 1772 5402 ’Ᾱλλ’
1795 5349 1930 5402 ἀπόο

358 5472 462 5516 νως
497 5453 593 5508 καὶ
628 5452 836 5513 ἀόκνως
861 5448 953 5500 τὸν
1001 5448 1100 5516 τῆς
1148 5445 1432 5515 ἀσκήσεως
1470 5441 1567 5494 καὶ
1600 5440 1826 5511 ἡσυχίας
1855 5440 1933 5494 δι-

2106 4991 2197 5045 25.
2240 4989 2441 5058 Igitur,
2483 5004 2605 5060 qua:
2656 4988 2889 5059 quisque
2944 4983 3346 5054 contemplatus
3414 4982 3610 5047 fuerat,

2036 5081 2174 5135 alter
2214 5080 2368 5136 alteri
2416 5079 2711 5146 narrabat;
2743 5087 2801 5135 et
2832 5076 3163 5149 gaudebant,
3208 5084 3266 5130 et
3291 5088 3389 5129 cor
3417 5090 3609 5129 eorum

2038 5171 2403 5226 exhilaratum
2432 5178 2536 5225 est.
2567 5168 2634 5223 Et
2664 5178 2793 5224 tunc
2813 5177 3102 5238 parentum
3133 5180 3263 5221 cura
3302 5163 3486 5219 statim
3531 5164 3611 5219 le-

2040 5259 2189 5315 vavit
2230 5260 2349 5314 illos
2384 5257 2569 5327 Deus;
2613 5268 2684 5314 et.
2716 5258 3070 5328 imposterum
3114 5270 3236 5310 eam
3286 5253 3612 5318 omiserunt,

2042 5352 2178 5405 nihil
2203 5366 2428 5420 prorsus
2451 5350 2520 5404 de
2547 5350 2679 5420 ipsis
2700 5349 2951 5404 dolentes
2976 5366 2990 5415 ;
3024 5347 3121 5401 sed
3146 5346 3264 5401 sine
3290 5345 3536 5399 molestia
3559 5354 3614 5398 et

2042 5443 2293 5514 segnitia,
2330 5442 2743 5499 exercitationis
2792 5448 2847 5496 et
2888 5440 3092 5496 silentii
3136 5451 3358 5493 cursum
3393 5450 3618 5507 perage-

1873 5556 2101 5614 ΝΟΤᾸΕ.

428 5667 539 5735 (26)
571 5664 847 5735 lnterpres
886 5658 1029 5730 apud
1067 5654 1445 5736 §ut'iu_ntlegit
1470 5653 1522 5706 in
1551 5649 1932 5736 numerosiu-

358 5724 532 5811 gulari
584 5724 887 5808 parcatem,
922 5724 1315 5785 'coul‘ortniter
1354 5724 1421 5777 ad
1459 5738 1543 5781 ea.
1600 5735 1722 5791 quae
1761 5734 1927 5788 supra

2043 5664 2166 5717 cap.
2191 5650 2251 5721 Vl,
2292 5649 2386 5704 ubi
2427 5645 2957 5721 narratur_Joannes
2986 5643 3171 5721 fuisse
3194 5642 3467 5721 ἀμήτωρ..
3501 5625 3612 5721 l‘iisi

2040 5716 2136 5788 per
2155 5720 2215 5773 τὸ
2253 5728 2532 5790 parentes,
2562 5717 2652 5773 hic
2682 5717 2922 5772 fortasse
2954 5716 3335 5785 signiﬁcentur
3360 5716 3546 5767 amici.
