4024 6232
404 290 539 354 1699

1416 283 1727 345 LEONTII
1771 280 2273 343 NEAPOLlTAN'i
2318 283 2655 343 EPISCOPI

3520 285 3655 351 1700

400 398 531 453 bant
550 397 843 467 continuo,
865 395 1058 450 diebus
1080 408 1146 449 ac
1172 395 1454 450 noctibus:
1477 410 1575 450 seu
1597 396 1778 463 potius
1798 401 1970 446 tenta-

2076 392 2291 444 ετέλουν
2316 394 2513 463 δρόμον
2543 395 2629 447 διὰ
2660 394 2876 458 παντὸς,
2908 393 3119 464 ἡμέρας
3142 394 3235 448 καὶ
3264 396 3476 459 νυκτὸς,
3503 399 3553 450 εἰ
3582 399 3658 469 μὴ

403 480 763 558 tioneui.qu:e
792 502 899 540 non
931 487 1287 551 distrahebat,
1311 497 1367 541 et
1389 486 1834 550 sollicitudinem,
1855 500 1977 554 ane

401 579 624 647 minime
657 577 1006 641 sollicitabat,
1042 576 1273 633 assiduae
1325 577 1627 645 orationis;
1663 576 1788 647 quia
1822 576 1980 644 impi-

401 667 481 739 gri
536 666 769 736 cperarii
831 673 940 719 tam
995 666 1382 736 compendiose
1456 668 1847 737 proﬁciebant,
1918 674 1980 720 ut

400 754 596 824 exiguo
624 763 866 820 tempore
916 754 1165 808 honorati
1194 753 1400 808 fuerint
1426 754 1626 809 divinis
1651 755 1974 820 visionibus,

398 853 455 898 et
497 843 775 896 miraculis
808 843 1138 898 confirmati.
1170 844 1306 898 Nam
1343 860 1514 915 parvo
1557 854 1678 914 post
1707 853 1974 915 tempore,

399 935 529 989 dum
579 943 806 1004 uterque
839 934 1054 989 silentio
1082 945 1320 1001 vacaret,
1370 936 1528 1005 quasi
1560 936 1627 991 ad
1670 936 1864 1006 lapidis
1894 939 1981 1006 ja-

399 1033 546 1077 ctum
580 1038 611 1076 a
638 1037 697 1077 se
726 1033 914 1077 mutuo
938 1021 1285 1097 [distabant].
1332 1025 1439 1080 Sed
1481 1027 1625 1080 enim
1673 1027 1777 1080 hoc
1813 1026 1975 1081 etiam

400 1112 502 1167 sibi
546 1114 1034 1183 przescripserant;
1093 1116 1197 1170 hoc
1250 1127 1335 1170 est
1401 1117 1625 1171 seorsim
1695 1118 1973 1184 secedere,

398 1205 618 1273 quando
671 1205 809 1259 alter
863 1206 1174 1275 singulatim
1218 1207 1287 1260 ab
1316 1207 1487 1262 altero
1535 1208 1747 1262 volebat
1778 1224 1974 1274 orare;

338 1356 341 1371 ἶ
398 1305 479 1358 ιιι,
526 1297 571 1350 si
616 1295 921 1349 inciderent
962 1297 1062 1364 ipsi
1110 1297 1486 1367 cOgitationes,
1528 1307 1620 1352 aut
1647 1300 1974 1370 negligentia

397 1386 709 1454 obreperet,
759 1387 827 1440 ad
880 1385 1109 1441 alterum
1159 1388 1462 1454 accederet,
1520 1398 1575 1443 et
1613 1391 1774 1445 ambo
1814 1393 1977 1445 simul

337 1465 346 1523 ἶ
401 1477 573 1528 Deum
601 1477 935 1541 invocarent,
978 1486 1036 1530 ut
1068 1492 1097 1530 a
1127 1479 1428 1533 tentatione
1460 1480 1846 1537 liberarentur.
1880 1483 1977 1538 Die

332 1549 344 1573 ³
399 1568 635 1637 quodam
665 1581 787 1619 cum
836 1565 1066 1636 Symeon
1114 1568 1234 1622 loco
1279 1570 1384 1623 sibi
1437 1579 1698 1627 consueto
1738 1574 1972 1638 sederet,

398 1656 550 1711 videt
574 1670 632 1710 se
660 1657 713 1708 in
739 1658 932 1711 ecstasi
954 1659 1121 1712 veluti
1143 1660 1336 1714 adesse
1366 1663 1508 1730 apud
1532 1672 1761 1717 matrem
1791 1680 1967 1731 suam,

2078 483 2169 536 τὸν
2198 485 2607 551 ἀπερίσπαστον
2669 487 3015 554 πειρασμὸν,
3057 487 3153 538 καὶ
3204 486 3303 557 τὴν
3356 489 3660 556 ἀμέριμνον

2082 571 2374 641 μέριμναν,
2406 572 2550 640 λέγω
2587 573 2652 643 δὴ
2691 575 2791 643 τῆς
2841 573 3186 628 ἀδιαλείπτου
3219 579 3551 647 προσευχῆς,
3583 576 3656 630 δι’

2076 655 2145 732 ἧς
2170 660 2264 713 καὶ
2292 660 2377 713 διὰ
2410 663 2699 731 συντομίας
2730 661 3045 731 προέκοψαν
3081 666 3130 717 oi
3169 664 3354 718 ἀοκνοι
3400 666 3656 735 ἐργάται,

2078 751 2220 805 ὥστε
2243 751 2359 824 [δι’]
2386 754 2440 805 ἐν
2474 738 2675 822 ὀλίγοις
2695 755 2906 825 χρόνοις
2940 755 3234 825 ἀξιωθῆναι
3260 758 3458 821 αὐτοὺς
3498 757 3659 813 θείων

2078 843 2341 913 ὁράσεων,
2375 843 2469 896 καὶ
2507 845 2890 915 πληροφοριῶν
2937 848 3033 898 καὶ
3080 846 3395 914 θαυμάτων.
3442 846 3658 916 Μικροῦ

2076 938 2186 1007 γάρ
2214 936 2409 1007 χρόνου
2433 936 2825 1005 παρελθόντος,
2875 939 2969 992 καὶ
2996 939 3321 1008 ἀμφοτέρων
3356 938 3661 1009 ἡσυχαζόν-

2077 1045 2209 1088 των,
2242 1027 2319 1090 ὡς
2360 1026 2469 1080 ἀπὸ
2508 1027 2660 1079 λίθου
2682 1026 2844 1097 βολῆς
2882 1027 3153 1098 ἀλλήλων.
3194 1023 3377 1081 Ἦσαν
3421 1030 3531 1097 γάρ
3560 1028 3659 1081 καὶ⁸

2077 1120 2233 1172 τοῦτο
2261 1119 2472 1179 ἑαυτοῖς
2498 1116 2961 1182 διατυπώσαντες,
3005 1118 3151 1171 τοῦτ’
3190 1118 3304 1171 ἐστι
3336 1119 3399 1173 τὸ
3441 1121 3659 1189 ἀναχω-

2081 1213 2194 1282 ρεῖν
2226 1207 2346 1262 κατ’
2375 1207 2530 1271 ίδίαν,
2557 1208 2643 1260 ὅτε
2676 1206 2924 1277 βούλεται
2953 1211 2981 1262 6
3008 1208 3197 1272 καθεὶς
3219 1208 3278 1277 ἐξ
3306 1208 3483 1262 αὐτῶν
3516 1209 3659 1263 κατὰ

2081 1305 2246 1374 μόνας
2276 1302 2561 1370 εὔξασθαι.
2612 1302 2804 1355 Ἦνίκα
2830 1302 2887 1355 δέ
2928 1302 3157 1357 ἔλθωσιν
3213 1303 3365 1374 αὺτῷ
3402 1304 3659 1374 λογισμοὶ

2076 1394 2111 1465 ἢ
2140 1394 2360 1464 ἀκηδία,
2386 1392 2641 1464 ἔρχεσθαι
2663 1394 2827 1447 αὑτὸν
2852 1395 2990 1463 πρὸς
3014 1395 3106 1448 τὸν
3128 1395 3315 1466 ἕτερον
3345 1396 3439 1449 καὶ
3460 1394 3658 1459 κοινῶς

2075 1486 2167 1538 τὸν
2210 1485 2343 1538 Θεὸν
2398 1485 2744 1554 παρακαλεῖν
2782 1483 2874 1537 τοῦ
2907 1484 3290 1555 ἀπαλλαγῆναι
3314 1485 3410 1538 τοῦ
3457 1501 3653 1555 πειρα-

2078 1573 2241 1644 σμοῦ.
2281 1573 2371 1627 Ἐν
2404 1574 2503 1645 μιᾷ
2523 1569 2617 1627 οὖν
2646 1573 2754 1627 τῶν
2786 1574 3011 1646 ἡμερῶν
3034 1574 3344 1645 καθήμενος
3370 1576 3399 1626 6
3425 1572 3658 1644 Συμεὼν

2078 1668 2134 1719 ἐν
2162 1665 2240 1735 τῷ
2262 1664 2555 1735 είθισμένῳ
2586 1663 2736 1733 αὐτῷ
2758 1665 2928 1735 τόπῳ,
2950 1664 3147 1734 θεωρεῖ
3169 1664 3357 1718 ἐαυτὸν
3377 1666 3436 1718 ἐν
3457 1665 3656 1720 ἐκστά-

397 1754 749 1817 aegrotantem
771 1746 991 1801 Edessa:
1023 1749 1119 1818 (ibi
1150 1750 1294 1804 enim
1324 1723 1485 1822 erat),
1521 1762 1578 1807 et
1610 1754 1746 1810 dicit
1777 1758 1829 1811 ei
1865 1723 1969 1810 lin:-

2075 1772 2178 1818 σει,
2193 1723 2382 1825 ὧσπερ
2394 1723 2649 1825 παρέῖναι
2665 1723 2797 1823 πρὸς
2814 1723 3121 1822 τὴνέαυτὸῦ
3160 1754 3368 1824 μητέρα
3382 1752 3657 1831 dolisve?»-

401 1848 503 1905 gua
538 1834 753 1904 Syriaca
787 1852 799 1888 :
833 1835 938 1901 Qui
975 1837 1143 1902 vales,
1176 1840 1391 1893 mater?
1423 1841 1635 1897 Etcum
1674 1845 1764 1900 illa
1816 1847 1967 1901 dice-

400 1936 518 1980 ret:
554 1925 742 1991 Recte,
774 1928 871 1992 fili,
901 1928 989 1983 ille
1021 1944 1240 1985 rursum
1268 1946 1284 1986 :
1324 1931 1486 2000 Vade,
1521 1936 1619 2001 ait,
1662 1936 1732 1990 ad
1765 1952 1969 2008 regem,

398 2030 467 2069 ne
489 2027 669 2071 metue
703 2033 716 2069 :
751 2033 877 2072 nam
917 2020 1098 2090 rogavi
1130 2020 1301 2089 illum,
1335 2031 1390 2077 et
1420 2024 1621 2080 bonum
1664 2026 1761 2082 tibi
1792 2027 1970 2084 locum

397 2110 740 2179 praeparavit,
766 2120 842 2177 et,
878 2110 969 2165 ubi
998 2112 1246 2178 voluerit,
1272 2123 1326 2168 te
1352 2129 1549 2185 sequar
1573 2116 1718 2172 illuc.

2073 1863 2171 1900 σαν
2190 1844 2449 1916 ἐνἘδέσῃ
2468 1844 2700 1914 (ἐκεῖθεν
2720 1846 2828 1913 γὰρ
2851 1838 2962 1915 ἦν),
2987 1843 3083 1896 καὶ
3101 1843 3250 1913 λέγει
3272 1845 3408 1915 αὐτῇ
3428 1847 3493 1915 τῇ
3508 1843 3658 1915 Σύρᾳ

2073 1937 2254 2005 φωνῇ·
2294 1932 2417 1995 Πῶς
2445 1931 2611 2002 ἔχεις.
2649 1932 2856 2002 μῆτερ;
2890 1931 3001 2001 Τῆς
3029 1931 3085 1984 δὲ
3115 1930 3395 2002 εἰπούσης,
3438 1932 3656 1999 Καλῶς,

2072 2024 2282 2090 τέκνον,
2315 2021 2464 2088 λέγει
2488 2022 2626 2091 αὐτῇ
2666 2020 2854 2074 πάλινο
2877 2020 3098 2089 ’Ὕπαγε
3128 2022 3262 2091 πρὸς
3281 2024 3373 2074 τὸν
3409 2022 3655 2092 βασιλέα,

2080 2116 2155 2188 μὴ
2203 2112 2468 2181 φοϐηθῇς,
2502 2111 2585 2171 ὅτι
2611 2108 2963 2180 παρεκάλεσα
3000 2109 3186 2174 αὑτὸν,
3239 2110 3335 2163 καὶ
3361 2110 3657 2181 ήτοίμασέν

2077 2224 2159 2260 σοι
2195 2202 2361 2256 καλὸν
2390 2201 2576 2267 τόπον,
2598 2201 2693 2253 καὶ
2723 2199 2811 2251 ὅτε
2837 2198 3109 2268 βούλεται,
3146 2198 3333 2266 φθάνω
3363 2217 3422 2253 σε
3451 2202 3585 2256 ἐκεῖ.

464 2288 557 2342 24.
596 2286 676 2342 Ad
704 2303 763 2343 se
790 2304 1063 2356 reversus,
1114 2290 1382 2348 intellexit
1426 2308 1489 2349 ea
1522 2298 1639 2367 ipsa
1676 2300 1811 2356 hora
1855 2318 1970 2358 ma-

2154 2298 2251 2352 κδ’.
2284 2296 2378 2359 El;
2405 2294 2595 2348 ἐαυτὸν
2627 2293 2683 2346 δὲ
2714 2292 2906 2370 ἐλθῲν,
2941 2294 3080 2361 ἔγνω
3113 2296 3179 2365 τῇ
3227 2295 3365 2365 αὐτῇ
3408 2295 3526 2367 ὥρᾳ
3569 2312 3660 2350 τε.

396 2390 536 2432 trem
586 2393 617 2432 e
665 2379 802 2433 vivis
840 2383 1165 2447 excessisse,
1208 2392 1263 2438 et
1314 2386 1587 2442 curriculo
1633 2404 1865 2448 currens
1901 2396 1970 2450 ad

2074 2390 2330 2458 λευτῆσαι
2353 2386 2452 2456 τὴν
2479 2385 2692 2456 μητέρα
2714 2384 2900 2451 αὐτοῦ,
2933 2386 3027 2438 καὶ
3056 2385 3300 2456 δρομέως
3321 2386 3491 2439 ἐλθὼν
3517 2389 3657 2457 πρὸς

395 2471 617 2525 fratrem
646 2470 937 2536 Joannem,
962 2473 1098 2528 dixit
1130 2489 1142 2525 :
1179 2473 1375 2547 Surge,
1408 2477 1651 2545 domine,
1670 2483 1970 2541 arabimus.

2071 2480 2161 2533 τὸν
2192 2476 2419 2546 ἀδελφὸν
2448 2475 2726 2546 Ἰωάννην,
2757 2475 2905 2543 λέγει
2938 2475 3087 2545 αὐτῷ
3111 2492 3125 2506 ο
3173 2476 3407 2530 Ἀνάστα
3432 2517 3447 2541 ,
3504 2477 3655 2550 κῦρι,

396 2563 643 2633 Cumque
682 2564 771 2618 ille
799 2565 1113 2619 turbaretur
1152 2564 1522 2635 (existimabat
1561 2572 1708 2625 enim
1737 2573 1970 2643 aliquam

2072 2573 2370 2642 ποιήσομεν
2397 2569 2584 2638 εὐχήν.
2615 2568 2722 2620 Τοῦ
2768 2568 2825 2620 δὲ
2866 2567 3230 2638 ταραχθέντος
3297 2569 3494 2639 (ἐδόκει
3544 2570 3656 2641 γάρ

395 2656 752 2709 tentationem
799 2656 1061 2710 accidisse
1095 2654 1345 2727 Symeoni
1369 2659 1412 2729 ),
1449 2660 1582 2715 dicit
1610 2662 1660 2716 ei
1694 2661 1928 2735 Symeon
1957 2684 1970 2721 :

2073 2659 2377 2732 πειρασμόν
2416 2676 2537 2711 τινα
2565 2659 2838 2728 συμϐῆναι
2887 2658 2966 2728 τῷ
2992 2657 3264 2726 Συμεὼν),
3309 2659 3459 2727 λέγει
3505 2660 3655 2730 αὐτῷ

393 2743 515 2799 Noli
570 2746 798 2809 turbari,
852 2747 1055 2813 frater;
1111 2749 1245 2802 nihil
1285 2750 1432 2804 enim
1486 2752 1612 2805 mali
1649 2753 1842 2819 habeo,
1882 2774 1970 2827 per

2073 2750 2325 2821 Συμεών·
2356 2749 2537 2820 Μηδὲν
2565 2750 2866 2820 ταραχθῇς,
2899 2749 3117 2818 ἀδελφέ’
3163 2750 3285 2803 οὖδέ
3316 2750 3425 2820 γὰρ
3465 2751 3573 2820 ἔχω
3598 2751 3658 2805 τι

394 2833 589 2887 Deum.
629 2833 728 2888 Cui
780 2834 1065 2889 Joannes:
1105 2834 1171 2890 Et
1218 2853 1339 2907 quae
1382 2854 1547 2894 causa
1591 2841 1715 2895 talis
1758 2858 1970 2910 cursus,

2081 2859 2211 2896 ποτε
2245 2841 2417 2895 κακὸν
2456 2840 2545 2893 διὰ
2590 2840 2683 2893 τοῦ
2722 2840 2880 2895 Θεοῦ.
2913 2841 3082 2894 Πάλιν
3131 2837 3223 2895 οὖν
3262 2842 3411 2908 λέγει
3439 2840 3586 2911 αύτῷ
3627 2845 3658 2896 6

394 2921 557 2977 Pater
587 2922 860 2993 Symeon?
891 2923 1047 2993 (Nam
1092 2925 1340 2994 impense
1377 2930 1760 2997 venerabatur,
1793 2943 1848 2987 et
1879 2949 1970 2988 co-

2094 2924 2347 3001 Ἰωάννης
2368 2944 2383 2959 ·
2421 2929 2528 2981 Kal.
2550 2927 2635 2989 τίς
2663 2929 2695 2997 ὴ
2721 2927 2867 2979 αἰτία
2900 2927 2994 2980 τοῦ
3016 2927 3274 2979 τοσούτου
3305 2943 3399 2978 σου
3431 2927 3657 2996 δρόμου,

396 3015 541 3073 lebat
571 3019 657 3072 ille
685 3016 1036 3089 Symeonem,
1058 3019 1201 3074 sicut
1230 3019 1464 3092 Symeon
1498 3023 1970 3097 Joannem.)Tunc

2080 3022 2261 3093 Πάτερ
2289 3018 2546 3090 Συμεὼν;
2578 3019 2725 3071 Ιῐάνυ
2749 3019 2859 3090 γὰρ
2886 3019 3049 3088 ἐτίμα
3076 3019 3170 3071 καὶ
3213 3016 3433 3070 ἐσέϐετο
3471 3018 3657 3085 αὐτὸν,

396 3107 570 3161 oculis
612 3106 741 3161 ﬂetu
779 3109 1036 3177 perfusis,
1066 3117 1121 3163 et
1154 3125 1485 3180 gemmarum
1533 3115 1704 3170 instar
1730 3118 1977 3188 lacrymis

400 3199 457 3251 in
480 3208 672 3268 pectus
697 3199 817 3267 ejus
839 3200 1130 3274 decurrere
1159 3201 1566 3272 incipientibus,
1585 3207 1718 3261 dicit
1738 3206 1971 3264 Joanni:

397 3285 516 3341 Jam
550 3287 747 3341 bonam
782 3303 958 3342 meam
984 3297 1038 3342 et
1066 3290 1411 3347 benedictam
1437 3304 1666 3351 matrem
1712 3297 1976 3354 Dominus

395 3378 465 3431 ad
498 3392 557 3431 se
590 3387 766 3431 vocat.
798 3375 865 3431 Et
888 3378 1228 3459 narrabatei
1269 3382 1562 3447 visionem,
1595 3400 1661 3439 ac
1700 3384 1855 3440 flexis
1882 3403 1975 3459 ge-

393 3469 560 3524 nibus
589 3468 815 3524 orabant
842 3487 856 3522 :
897 3458 1328 3541 audiebaturque
1364 3471 1601 3544 Symeon
1632 3476 1797 3530 Deum
1826 3494 1972 3533 COlll-

392 3562 600 3633 pellare
626 3576 751 3616 vere
793 3562 1199 3618 miserabilibus
1240 3575 1293 3619 et
1329 3566 1666 3635 supplicibus
1708 3572 1974 3626 sermoni-

392 3656 495 3709 bus
520 3653 666 3721 (nam
688 3654 1172 3708 commovebantur
1193 3663 1248 3710 et
1278 3657 1745 3714 conturbabantur
1765 3661 1971 3717 viscera

390 3745 531 3814 ejus,
566 3743 764 3798 affectu
817 3745 1054 3800 naturali
1099 3756 1371 3802 commota
1400 3755 1439 3819 ),
1471 3757 1527 3803 et
1577 3751 1845 3806 clamabat
1879 3770 1891 3806 :
1926 3753 1971 3809 0

395 3833 557 3893 Deus.
594 3833 685 3903 qui
724 3833 1050 3888 sacrificium
1113 3835 1346 3890 Abrahae
1388 3837 1717 3906 suscepisti;
1760 3841 1852 3908 qui
1902 3840 1969 3895 ad

387 3919 597 3991 Jepbta:
631 3923 909 3977 victimam
937 3922 1226 3993 respexisli
1251 3941 1266 3990 ;
1293 3927 1385 3995 qui
1419 3926 1563 3980 dona
1596 3927 1779 3982 Abelis
1810 3945 1969 3984 aver-

388 4023 538 4067 satus
570 4029 682 4069 non
713 4013 902 4080 fuisti;
931 4014 1023 4083 qui
1052 4030 1149 4084 per
1183 4016 1494 4071 Samuelem
1518 4033 1749 4087 puerum
1792 4030 1966 4087 tuum,

385 4101 599 4155 Annam
621 4101 1017 4172 prophetissam
1050 4118 1170 4158 esse
1193 4106 1486 4160 ostendisti
1512 4123 1527 4172 ;
1559 4116 1616 4161 tu
1666 4108 1832 4175 idem,
1868 4111 1969 4164 Do-

384 4193 553 4256 mine,
588 4193 663 4246 mi
699 4192 946 4260 Domine,
979 4202 1202 4264 propter
1248 4210 1335 4250 nte
1384 4211 1601 4251 servum
1649 4205 1823 4265 tuum,
1851 4216 1969 4255 sus-

2077 3114 2264 3184 ὥσπερ
2283 3115 2554 3173 κάκεῖνος.
2575 3111 2618 3162 Τ
2622 3111 2710 3162 ότε
2730 3109 3135 3179 περιχυθέντων
3152 3108 3316 3162 αὑτοῦ
3337 3108 3444 3162 τῶν
3458 3108 3659 3178 ὀφθαλ-

2081 3204 2196 3272 μῶν
2218 3202 2326 3255 ἀπὸ
2355 3202 2464 3253 τῶν
2493 3200 2765 3270 δακρύων,
2796 3200 2891 3252 καὶ
2935 3200 3263 3269 ἀρξαμένων
3292 3200 3658 3271 κατέρχεσθαι

2077 3293 2264 3364 ὥσπερ
2291 3290 2646 3361 μαργαριτῶν
2680 3292 2772 3342 ἐπὶ
2802 3290 2861 3342 τὸ
2894 3290 3088 3358 στῆθος
3115 3289 3303 3357 αὐτοῦ,
3324 3291 3470 3356 λέγει
3494 3291 3658 3354 αὐτὸς

2075 3380 2151 3451 τῷ
2180 3382 2427 3450 ἰωάννῃο
2460 3382 2620 3448 Ἀρτι
2660 3379 2758 3440 τὴν
2797 3377 2968 3449 καλήν
2998 3396 3099 3449 μου
3137 3370 3350 3448 μητέρα
3375 3379 3471 3432 καὶ
3500 3379 3656 3432 εὐλο-

2074 3472 2323 3540 γημένην
2348 3474 2376 3523 ὁ
2407 3471 2610 3542 Κύριος
2652 3470 3156 3541 προσλαμϐάνεται.
3194 3470 3301 3522 Καὶ
3346 3469 3659 3539 ἐξηγήσατο

2072 3562 2224 3633 αὐτῷ
2248 3562 2344 3632 τὴν
2367 3561 2657 3625 ὀπτασίαν,
2683 3561 2779 3613 καὶ
2805 3560 3106 3613 κλινάντων
3129 3560 3308 3613 αὐτῶν
3335 3560 3405 3613 τὰ
3432 3561 3655 3628 γόνατα,

2074 3653 2324 3725 ηὔχοντο.
2359 3654 2467 3705 Καὶ
2498 3647 2566 3724 ἦν
2592 3651 2823 3705 ἀκοῦσαι
2855 3651 2949 3704 τοῦ
2985 3651 3213 3722 Συμεὼν
3236 3651 3488 3719 λέγοντος
3516 3652 3657 3721 πρὸς

2073 3747 2173 3798 τὸν.
2213 3744 2348 3797 Θεὸν
2386 3743 2651 3807 ἐλεεινοὺς
2701 3743 2869 3807 ὅντως
2916 3745 3011 3797 καὶ
3059 3745 3507 3813 παρακλητικοὺς
3563 3743 3654 3794 λό-

2071 3850 2223 3905 γους·
2246 3836 2675 3904 συνεστρέφοντο
2694 3835 2802 3904 γὰρ
2821 3834 2916 3888 καὶ
2933 3834 3347 3905 διεταράσσοντο
3362 3835 3428 3887 τὰ
3448 3833 3658 3899 σπλάγ-

2071 3945 2174 3999 χνα
2201 3925 2367 3980 αὐτοῦ
2406 3927 2514 3980 ὑπὸ
2541 3926 2639 3995 τῆς
2666 3926 2882 3993 φύσεως
2916 3925 3233 3992 κινούμενα,
3263 3927 3357 3979 καὶ
3390 3925 3547 3979 ἐϐόα·
3594 3925 3653 3977 ’0

2070 4025 2223 4086 Θεὸς,
2251 4023 2279 4075 6
2300 4023 2400 4092 τὴν
2420 4022 2611 4074 θυσίαν
2639 4022 2733 4074 τοῦ
2752 4022 3004 4091 ’Λϐραὰμ
3031 4022 3346 4092 δεξάμενος,
3373 4024 3400 4074 6
3424 4024 3524 4093 τὴν
3544 4024 3656 4075 ὁλο-

2069 4113 2341 4167 καύτωσιν
2373 4111 2582 4181 Ἰεφθάε
2638 4114 2962 4181 ἐπιϐλέψας,
2996 4116 3024 4165 6
3056 4118 3124 4167 τὰ
3163 4114 3313 4184 δῶρα
3354 4115 3449 4167 τοῦ
3486 4116 3653 4167 Ἀϐελ

2072 4202 2148 4272 μὴ
2176 4198 2570 4272 βδελυξάμενος
2592 4241 2606 4264 ,
2641 4205 2670 4255 6
2703 4202 2789 4255 διὰ
2843 4205 2933 4254 τὸν
2960 4203 3215 4273 Σαμουὴλ
3241 4205 3331 4256 τὸν
3367 4203 3527 4258 παῖδά
3558 4220 3651 4256 σου

382 4282 506 4351 cipe
535 4282 785 4351 spiritum
808 4283 966 4337 bonae
984 4285 1173 4339 matris
1201 4300 1358 4339 meae.
1394 4285 1687 4355 Memento,
1714 4287 1961 4354 Domine,

2071 4292 2166 4361 τὴν
2193 4292 2395 4345 Ἅνναν
2424 4291 2729 4362 προφήτιδα
2767 4291 3073 4356 ἀναδείξας,
3105 4292 3289 4355 αὐτὸς,
3324 4293 3495 4362 Κύριέ
3525 4310 3651 4361 μου,

385 4370 629 4426 laborum
656 4387 720 4427 ac
750 4373 1129 4428 molestiarum
1174 4375 1313 4444 ejus,
1341 4392 1463 4445 quae
1489 4392 1608 4432 mea
1631 4394 1794 4434 causa
1841 4397 1967 4450 per-

382 4463 527 4519 tulit.
569 4463 864 4531 Memento,
902 4464 1153 4529 D’omine,
1205 4467 1571 4538 lacrymarum
1612 4469 1754 4538 ejus,
1785 4482 1841 4525 et
1874 4489 1966 4542 ge-

381 4555 636 4620 mituum,
668 4570 789 4624 qua:
814 4556 1014 4624 emisit,
1042 4558 1260 4627 quando
1300 4560 1488 4613 relicta
1520 4560 1607 4614 illa
1650 4564 1869 4634 confugi
1899 4567 1966 4619 ad

382 4652 457 4699 te.
479 4643 771 4713 Memento,
818 4647 1070 4714 Domine,
1102 4650 1357 4713 uberum,
1387 4651 1591 4720 quibus
1621 4669 1709 4707 me
1743 4654 1965 4710 lactavit

380 4732 566 4800 vilem,
601 4742 662 4788 ut
700 4737 960 4802 gauderet
994 4739 1283 4806 juventute
1331 4756 1487 4803 mea,
1538 4749 1595 4795 et
1636 4744 1820 4812 gavisa
1849 4759 1963 4801 non

378 4821 504 4879 fuit.
538 4821 617 4877 Ne
646 4823 991 4891 obliviscere,
1022 4831 1171 4896 quod
1196 4844 1269 4884 ne
1295 4829 1381 4883 vel
1404 4832 1472 4885 ad
1498 4831 1689 4886 horam
1720 4836 1962 4902 separari

377 4929 409 4968 a
428 4929 518 4969 me
546 4915 809 4985 potuerit,
834 4924 891 4970 et
918 4927 1166 4986 separata
1189 4917 1356 4973 fuerit
1379 4935 1408 4973 a
1428 4935 1515 4975 me
1547 4929 1662 4977 toto
1693 4930 1958 4992 tempore.

377 5007 706 5073 Recordare,
743 5008 991 5075 Domine,
1022 5009 1113 5079 qui
1162 5012 1347 5066 omnia
1384 5013 1517 5077 scis,
1547 5015 1714 5083 quod,
1742 5016 1963 5083 quando

376 5100 432 5153 in
476 5114 564 5154 me
605 5101 880 5156 oblectare
909 5116 971 5156 se
1025 5102 1261 5167 volebat,
1299 5112 1429 5159 tunc
1454 5119 1543 5159 me
1585 5106 1637 5159 ei
1670 5107 1957 5161 subtraxe-

375 5189 479 5243 rim
512 5189 625 5259 (27)
651 5202 876 5261 prOpter
904 5207 1106 5246 nomen
1137 5201 1310 5247 tuum.
1337 5192 1416 5247 Ne
1441 5194 1787 5258 obliviscere,
1808 5197 1956 5266 juste

376 5279 542 5342 Deus,
573 5280 980 5336 dilacerationis
1010 5282 1281 5338 viscerum
1321 5284 1460 5354 ejus,
1490 5300 1653 5355 quam
1692 5288 1957 5342 sustinuit

376 5370 470 5427 illo
501 5370 611 5438 die,
647 5388 753 5442 quo
780 5374 848 5428 ad
875 5382 930 5428 te
964 5373 1211 5443 confugi.

2069 4383 2265 4453 Κύριε,
2301 4381 2369 4435 δι’
2405 4382 2507 4452 ἐμὲ
2546 4383 2638 4434 τὸν
2679 4382 2863 4435 δοῦλόν
2895 4400 2986 4435 σου
3018 4381 3308 4453 πρόσδεξαι
3339 4384 3439 4454 τὴν
3475 4384 3653 4453 ψυχὴν

2064 4475 2164 4544 τῆς
2191 4475 2361 4543 καλῆς
2396 4490 2499 4543 μου
2519 4473 2746 4544 μητρός.
2783 4472 3093 4543 Μνήσθητι,
3122 4474 3313 4544 Κύριε,
3346 4476 3531 4527 κόπων
3557 4478 3624 4529 αὑ

2061 4536 2163 4633 ιέἧς
2190 4564 2284 4617 καὶ
2310 4536 2419 4617 ἐῶν
2446 4536 2773 4633 μάθοιεν
2801 4536 3013 4633 εἰςἰμέ
3031 4536 3339 4616 ἐκοπίασεν·
3359 4565 3647 4635 μνήσθητι,

2062 4654 2256 4723 Κύριε,
2288 4652 2402 4704 τῶν
2433 4653 2707 4723 δακρύων,
2744 4653 2915 4722 αὐτῆς
2941 4654 3032 4704 καὶ
3062 4652 3170 4705 τῶν
3199 4654 3540 4724 στεναγμῶν,
3578 4651 3654 4708 ὠν

2061 4742 2294 4812 ἐξέχεεν,
2308 4744 2398 4796 ὅτε
2419 4744 2554 4813 πρὸς
2573 4743 2630 4795 σὲ
2650 4744 2707 4808 ἐξ
2722 4742 2892 4811 αὐτῆς
2908 4742 3440 4813 ἐφυγον.Μνήσθητι,
3456 4745 3652 4815 Κύριε.

2058 4835 2167 4886 τῶν
2190 4834 2398 4904 μαζῶν,
2414 4829 2489 4887 ὧν
2517 4833 2783 4903 ἐθήλασεν
2802 4836 2901 4906 ἐμὲ
2918 4837 3007 4890 τὸν
3024 4839 3299 4906 ταπεινὸν,
3320 4840 3407 4892 ἴνα
3418 4840 3652 4893 ἀπολαύο

2060 4943 2129 4996 σῃ
2142 4927 2241 4996 τῆς
2262 4926 2404 4997 ἐμῆς
2416 4927 2689 4997 νεότητος,
2707 4929 2800 4981 καὶ
2812 4930 2913 4982 οὐκ
2933 4930 3263 4988 ἀπέλαυσεν.
3283 4932 3374 5003 Μὴ
3392 4933 3648 5004 ἐπιλάϐῃ,

2060 5019 2330 5082 Δέσποτα,
2350 5020 2433 5072 ὅτι
2454 5020 2576 5072 οὐδὲ
2598 5020 2732 5089 πρὸς
2752 5019 2901 5088 ὥραν
2923 5024 3259 5093 χωρισθῆναι
3284 5043 3387 5095 μου
3405 5024 3649 5088 ἐδύνατο,

2063 5109 2159 5160 καὶ
2182 5109 2458 5179 ἐχωρίσθη
2480 5127 2582 5180 μου
2610 5111 2731 5163 ὅλον
2755 5112 2846 5164 τὸν
2872 5112 3085 5182 χρόνον.
3116 5116 3526 5187 Μνημόνευσον,
3552 5116 3650 5168 Δέ-

2064 5216 2257 5266 σποτα,
2277 5204 2304 5256 ὀ
2323 5203 2499 5257 πάντα
2514 5204 2896 5275 ἐπιστάμενος,
2912 5207 3017 5270 ὅτι,
3041 5209 3129 5261 ὅτε
3147 5208 3398 5263 ἐϐούλετο
3413 5212 3648 5281 χαρῆναι

2061 5293 2141 5354 εἰς
2156 5292 2400 5361 ἐμὲ,τότε
2419 5294 2557 5365 αὐτῇ
2571 5294 2762 5347 ἑαυτὸν
2777 5295 2865 5349 διὰ
2879 5296 2937 5349 τὸ
2954 5295 3125 5367 ὀνομά
3139 5314 3233 5350 σου
3251 5301 3538 5369 ἑστέρησα.
3556 5299 3649 5369 Μὴ

2063 5380 2320 5453 ἑπιλάθῃ,
2348 5382 2543 5449 δίκαιε,
2576 5383 2688 5437 τῶν
2720 5385 3156 5458 διασπαραγμῶν
3185 5389 3291 5441 τῶν
3320 5389 3646 5458 σπλάγχνων

2059 5474 2253 5544 αὐτῆς,
2281 5468 2356 5528 ὧν
2386 5475 2510 5545 ἔσχε
2542 5479 2608 5547 τῇ
2640 5478 2843 5549 ἡμέρᾳ,
2872 5479 2959 5531 ὅτε
2994 5479 3130 5552 πρὸς
3156 5480 3215 5533 σὲ
3241 5481 3566 5550 κατέφυγον.

1903 5564 2135 5621 NOTAE.

446 5644 564 5711 (Ἥ)
599 5640 763 5703 «quta
808 5665 1126 5708 communes
1181 5655 1363 5723 probae
1403 5665 1688 5727 syntaxeos
1726 5566 1970 5729 leges}?

2071 5567 2135 5620 Ε.

2071 5660 2220 5713 idum
2255 5668 2371 5714 erat
2400 5677 2414 5713 :
2447 5661 2567 5714 τότε
2619 5661 2792 5734 αὐτὴν
2847 5646 3091 5734 ἐμαυτού
3117 5665 3200 5720 διὰ
3240 5667 3299 5720 τὸ
3334 5666 3505 5738 δνομά
3542 5684 3640 5721 σου
