4024 6232
371 347 522 417 ιτοι

453 471 552 516 κε’.
589 460 904 525 Γινώσκεις,
961 461 1130 533 Κύριε
1154 503 1167 524 ,

364 555 526 610 κατὰ
558 556 738 606 πᾶσαν
774 551 944 604 νύκτα
979 554 1397 622 μνημονεύουσα
1422 553 1520 623 τῆς
1538 553 1677 622 ἐμῆς
1694 550 1965 620 νεότητος,

364 647 534 711 ιξδτε
603 645 773 715 αὐτὴν
824 643 1206 710 ἐγκατέλιπον.
1255 645 1326 696 Σὺ
1361 641 1529 706 οἶδας,
1573 642 1843 705 Δέσποτα,
1871 640 1970 692 πό-

365 755 484 801 σας
523 738 724 798 νύκτας
771 736 1030 805 ἐποίησεν
1078 736 1304 798 ἄϋπνος,
1370 733 1610 805 ζητοῦσα
1644 734 1705 786 τὸ
1745 749 1968 799 συγκοι-

371 832 640 902 μώμενον
665 831 802 900 αὐτῇ
835 829 1126 898 πρόϐατον.
1170 829 1262 900 Μὴ
1304 827 1558 899 ὲπιλάθῃ,
1589 825 1961 897 φιλάνθρωπε,

369 919 498 985 οἷος
522 923 680 984 πόνος
713 922 878 990 αὐτῆς
928 923 1171 991 περιεῖχε
1215 921 1313 988 τὴν
1356 919 1604 990 καρδίαν,
1645 919 1732 970 ὅτε
1763 917 1832 969 τὰ
1858 916 1968 986 ἐμὲ

374 1017 582 1087 ἱμάτια
616 1013 894 1084 θεωροῦσα
924 1014 1210 1084 ἐστήσατο,
1245 1011 1332 1065 διὰ
1385 1011 1446 1064 τὸ
1484 1011 1682 1080 μηκέτι
1711 1006 1846 1062 εἶναι
1875 1006 1966 1060 τὸν

375 1106 735 1178 μαργαρίτην
791 1106 957 1175 αὐτῆς
990 1106 1079 1158 τὸν
1125 1103 1297 1156 ταῦτα
1329 1103 1701 1172 ὲνδυνόμενον.
1735 1103 1965 1173 Μνημδ-

368 1215 598 1263 νευσον,
631 1198 897 1262 Δέσποτα,
931 1196 1012 1250 ὃτι
1055 1197 1154 1265 τὴν
1178 1194 1239 1259 ἐξ
1286 1194 1421 1264 ἐμοῦ
1470 1193 1842 1264 παραμυθίαν,
1872 1195 1966 1248 καὶ

372 1290 692 1362 χαρὰν,καὶ
725 1288 1043 1356 ἁγαλλίασιν
1070 1287 1342 1358 ἐστέρησα
1363 1286 1534 1357 αὐτὴν
1571 1286 1705 1354 (28),
1762 1286 1848 1339 ἵνα
1883 1302 1966 1339 σοι

372 1381 464 1449 τῷ
488 1383 506 1431 ὲ
520 1378 606 1449 μῷ
628 1378 722 1431 καὶ
740 1377 908 1447 αὐτῆς
937 1377 1056 1446 θεῷ
1072 1377 1163 1430 καὶ
1180 1377 1422 1448 Δεσπὸτῃ
1451 1377 1559 1430 τῶν
1575 1377 1826 1431 ἀπάντων
1847 1377 1966 1430 δου-

372 1471 583 1524 λεύσω.
617 1472 716 1533 Δὸς
770 1470 906 1540 αὐτῇ
955 1469 1221 1536 ἀγγέλους
1259 1468 1628 1532 διασῴζοντας
1665 1468 1836 1537 αὐτῆς
1866 1469 1965 1536 τὴν

371 1561 560 1632 ψυχήν
597 1565 658 1613 ἐκ
704 1561 813 1614 τῶν
871 1561 1199 1631 πνευμάτων
1255 1561 1351 1613 καὶ⁵
1400 1560 1606 1630 θηρίων
1657 1560 1752 1613 τοῦ
1805 1561 1966 1631 ἀέρος

375 1656 577 1706 τούτου
611 1653 720 1704 τῶν
754 1652 1006 1724 πονηρῶν
1034 1653 1130 1707 καὶ
1173 1653 1577 1722 ἀνελεημόνων,
1621 1654 1730 1705 τῶν
1751 1654 1966 1722 ἐπιχει-

383 1744 627 1814 ρούντων
656 1745 943 1796 καταπιεῖν
974 1743 1182 1806 πάντας
1222 1745 1350 1806 τοὺς
1375 1743 1443 1796 δι’
1475 1743 1658 1797 αὐτῶν
1687 1759 1965 1812 παρερχο-

383 1836 600 1904 μένους.
624 1834 1040 1900 Ἐξαπὸστειλον
1063 1835 1223 1905 αὐτῇ,
1248 1835 1444 1905 Κύριε,
1489 1835 1661 1904 Κύριε
1679 1874 1693 1899 ,
1724 1834 1970 1903 φύλακας

384 1927 643 1996 ἰσχυρούς
660 1926 1030 1994 ἐπιτιμῶντας
1061 1927 1219 1998 πάσῃ
1240 1926 1536 1996 ἀκαθάρτῳ
1561 1925 1809 1996 δυνάμει.
1838 1927 1972 1978 Συν-

383 2021 597 2089 αντήσῃ
636 2018 772 2089 αὐτῇ
797 2018 890 2072 καὶ
920 2018 1144 2082 ἀλύπως
1175 2020 1269 2072 καὶ
1306 2019 1707 2082 ἀϐασανίστως.
1755 2018 1816 2071 Ὀ
1839 2019 1971 2079 Θεός

390 2123 520 2175 μου,
537 2105 790 2159 κέλευσον
807 2105 1234 2177 διαχωρισθῆναι
1259 2107 1431 2178 αὐτῆς
1459 2108 1558 2178 τὴν
1587 2107 1765 2179 ψυχὴν
1787 2110 1850 2160 ἐκ
1876 2108 1968 2160 τοῦ

389 2200 661 2269 σώματος,
693 2201 784 2254 καὶ
807 2185 861 2253 si
894 2218 943 2254 τι
969 2201 1043 2264 ὡς
1069 2201 1206 2273 γυνὴ
1231 2202 1287 2254 ὲν
1309 2201 1528 2273 ἔργῳ,ἦ
1554 2203 1698 2272 λόγῳ
1719 2203 1972 2272 ἥμαρτεν

385 2292 446 2340 ὲν
475 2290 607 2358 τῷδε
647 2290 722 2359 τῷ
757 2291 876 2359 βίῳ,
909 2292 1264 2362 συγχώρησον
1313 2295 1378 2362 τῇ
1421 2292 1568 2363 ψυχῇ
1613 2293 1802 2362 αὐτῆς,
1828 2292 1968 2363 ὑπὲρ

383 2381 488 2448 τῆς
543 2380 752 2444 θυσίας,
803 2377 870 2452 ἧς
930 2383 1241 2452 ἐγέννησεν,
1279 2383 1372 2436 καὶ
1429 2384 1804 2454 προσήνεγκέν
1853 2401 1970 2448 σοι,

387 2475 654 2535 Δέσποτα,
681 2475 778 2545 ἐμὲ
805 2476 893 2527 τὸν
949 2475 1167 2539 ἀνάξιον
1206 2475 1394 2528 δοῦλόν
1435 2493 1551 2542 σου,
1597 2479 1707 2542 ναὶ,
1743 2476 1916 2547 Κύριε
1945 2479 1972 2530 6

387 2564 523 2625 Θεὸς
556 2582 678 2633 μου,
729 2566 757 2617 6
810 2566 1014 2628 δίκαιος
1059 2565 1250 2636 κριτὴς
1297 2568 1390 2619 καὶ
1447 2567 1848 2640 φιλάνθρωπος.
1883 2569 1972 2639 Μὴ

388 2657 708 2728 εἰσενέγκῃς
753 2656 923 2728 αὐτὴν
971 2656 1079 2710 ἀπὸ
1137 2656 1372 2726 θλίψεως
1401 2659 1482 2722 εἰς
1507 2659 1708 2729 θλίψιν,
1739 2662 1832 2713 καὶ
1865 2662 1973 2713 ἀπὸ

389 2747 582 2819 ὀδύνης
613 2752 694 2812 εις
722 2748 936 2820 ὀδύνην,
970 2749 1080 2803 ἀπὸ
1116 2749 1444 2820 στεναγμῶν
1499 2752 1578 2814 εἰς
1609 2754 1970 2822 στεναγμοὺς,

390 2840 506 2892 ἀλλ’
533 2842 656 2894 ἀντὶ
684 2841 882 2907 λύπης,
939 2836 1004 2914 ἦς
1042 2840 1288 2913 ἐλυπήθη
1318 2842 1404 2896 διὰ
1444 2843 1536 2897 τὸν
1575 2845 1839 2914 μονογενῆ
1874 2846 1972 2898 αύ-

390 2933 513 3001 τῆς,
571 2935 651 2996 εἰς
703 2935 900 3005 χαρὰν,
957 2934 1078 2987 ἀντὶ
1127 2934 1376 3005 δακρύων
1407 2935 1486 2996 εἰς
1530 2935 1973 3004 ἀγαλλίασιντὴν

391 3023 804 3092 ἡτοιμασμένην
837 3025 946 3086 τοῖς
973 3023 1148 3090 ἁγίοις
1198 3039 1312 3086 σου,
1344 3023 1373 3074 6
1419 3022 1574 3088 Θεὸς,
1605 3025 1634 3076 6
1681 3023 1810 3086 Θεὸς
1845 3041 1967 3094 μου,

391 3115 474 3176 εἰς
494 3113 618 3174 τοὺς
651 3113 872 3176 αἰῶνας.
910 3113 1101 3182 Ἄρην.

465 3209 580 3267 κςν.
610 3203 731 3256 Τῶν
762 3202 938 3256 αὐτῶν
967 3205 1029 3256 ὲκ
1051 3204 1149 3273 τῆς
1182 3205 1344 3275 εύχῆς
1374 3203 1512 3275 (29),
1536 3203 1742 3275 ἤρξατο
1766 3207 1793 3258 6
1819 3205 1971 3258 ἀδελ-

394 3296 494 3364 φὸς
535 3295 786 3367 Ἰωάννης
812 3296 1255 3366 παραμυθεῖσθαι
1280 3297 1442 3350 αύτδν
1466 3299 1559 3350 καὶ
1578 3298 1757 3366 λέγειν
1779 3317 1791 3330 ’
1819 3298 1975 3362 Ἰδοὺ,

393 3388 589 3459 ἀδελφὲ
620 3389 868 3460 Συμεὼν,
899 3390 1349 3464 ἐπληροφόρησέν
1384 3409 1443 3445 σε
1485 3396 1512 3446 6
1547 3393 1699 3454 Θεὸς,
1738 3395 1833 3447 καὶ
1861 3396 1976 3446 εἰσ-

397 3479 632 3548 ήκουσεν
671 3479 770 3546 τῆς
805 3480 970 3548 εὐχῆς
1023 3497 1142 3544 σου,
1188 3481 1280 3533 καὶ
1335 3481 1702 3551 προσελάϐετο
1743 3481 1842 3551 τὴν
1877 3484 1978 3552 σὴν

398 3570 629 3636 μητέρα.
675 3568 817 3619 Ἀλλ’
843 3571 968 3636 ἄρτι
995 3571 1366 3640 συγκοπξασόν
1404 3589 1516 3641 μοι,
1567 3574 1657 3623 καὶ
1691 3571 1977 3640 εύξὼμεθα

393 3658 479 3710 διὰ
499 3658 590 3708 τὸν
620 3657 822 3726 Κύριον
848 3660 896 3709 οε
926 3659 1247 3730 ἀμφότεροι,
1301 3661 1388 3712 ἴνα
1443 3662 1647 3731 ποιήσῃ
1687 3663 1714 3713 6
1761 3660 1892 3723 Θεὸς
1914 3664 2004 3720 τὸ,

395 3748 742 3812 ἕλεσςαύτοῦ,
803 3749 894 3801 καὶ
943 3751 1082 3818 μετὰ
1123 3749 1225 3818 τῆς
1270 3749 1411 3803 κατά
1443 3751 1794 3821 συγχώρησιν
1837 3752 1974 3804 Θεοῦ

394 3839 789 3909 ὀνομασθείσης
845 3840 1106 3907 γυναικύς
1162 3856 1285 3909 μου,
1320 3840 1406 3892 ἵνα
1436 3841 1533 3893 καὶ
1575 3841 1744 3911 αὐτὴν
1783 3842 1922 3913 φέρῃ
1947 3844 1975 3896 6

397 3933 528 3994 Θεὸς
558 3934 635 3994 εἱς
660 3932 916 4000 λογισμὸν
941 3929 1031 3982 τοῦ
1077 3929 1373 4000 μοναχικοῦ
1393 3933 1694 4001 σχήματος,
1717 3932 1750 4002 ἢ
1771 3935 1975 4005 ποιήσῃ

395 4027 457 4078 τὸ
511 4025 659 4087 έλεος
703 4023 889 4088 αὑτοῦ,
931 4024 1024 4076 καὶ
1067 4021 1205 4094 λάϐῃ
1242 4024 1435 4094 αὐτήν.
1496 4023 1607 4078 Καὶ
1644 4023 1718 4087 ὡς
1742 4023 1974 4094 ηῦξαντο

397 4117 491 4168 ἐπὶ
530 4116 709 4183 ὀλίγον
767 4115 980 4184 χρόνον,
1043 4115 1098 4166 ἐν
1159 4115 1258 4185 μιᾷ
1300 4115 1457 4167 νυκτὶ
1489 4114 1685 4185 θεωρεῖ
1720 4118 1748 4169 6
1800 4117 1974 4180 ἀϐὅᾶς

409 4207 661 4277 Ἰωάννης
721 4205 818 4273 τήν
879 4204 1092 4274 μητέρα
1132 4202 1226 4254 τοῦ
1275 4202 1499 4272 Συμεὼν
1540 4203 1820 4267 ἐλθοῦσαν,
1880 4207 1975 4258 καὶ

397 4302 757 4370 κρατήσασαν
795 4297 895 4366 τῆς
957 4296 1139 4366 χειρὸς
1201 4295 1303 4364 τῆς
1346 4296 1605 4363 γυναικὸς
1645 4297 1834 4363 αὐτοῦ,
1880 4299 1974 4350 καὶ

1684 347 1859 410 ΥΙΤΑ
1889 351 1948 407 S.
1987 349 2390 414 SYMEONIS.

1213 464 1385 530 πῦσην
1430 462 1497 514 ἀῦ
1509 461 1667 513 πνξαν
1696 462 1962 527 ἐκτήσατο

2134 459 2223 512 25.
2268 459 2437 523 Nosti,
2497 459 2744 529 Domine,
2796 472 3060 535 quantum
3109 464 3347 536 vigilarit
3389 469 3644 522 noctibus

3509 355 3645 418 170?.

2069 549 2314 618 singulis,
2350 553 2405 604 in
2434 555 2753 608 memoriam
2788 556 3416 625 revocansjuventutem
3445 573 3642 618 meam.

2067 656 2132 695 ex
2166 659 2272 712 quo
2306 643 2474 712 ipsam
2505 645 2792 715 dereliqui.
2813 645 2983 709 Nosti,
3014 648 3262 713 Domine,
3290 658 3422 719 quot
3455 661 3644 705 noctes

2069 732 2284 788 duxerit
2312 735 2608 800 insomnes,
2638 753 2891 806 quaerens
2927 755 3107 803 ovem,
3142 757 3263 809 quae
3295 757 3477 797 secum
3512 745 3644 796 dor-

2069 824 2296 878 miebat.
2350 825 2430 880 Ne
2482 827 2823 894 obliviscere,
2879 831 3114 902 benigne
3180 832 3343 897 Deus,
3406 845 3644 903 quantus

2067 915 2222 968 dolor
2249 930 2345 970 cor
2389 917 2506 986 ejus
2558 922 2868 992 pupugerit,
2895 925 3111 991 quando
3138 923 3191 977 in
3221 924 3455 978 vestium
3498 941 3644 978 mea-

2068 1022 2187 1060 rum
2250 1009 2708 1078 contemplatione
2755 1012 2930 1066 deﬁxa
2979 1014 3157 1079 haesit,
3211 1014 3338 1084 quia
3392 1016 3643 1084 nuspiam

2065 1112 2185 1157 erat
2205 1105 2497 1174 margarita
2523 1106 2663 1175 ejus,
2693 1107 2844 1161 hisce
2869 1108 3021 1162 indui
3043 1116 3324 1163 consueta.
3349 1108 3640 1173 Memento,

2070 1193 2316 1257 Domine,
2367 1194 2514 1264 quod
2557 1197 2728 1266 ipsam
2772 1198 2989 1266 solatio,
3043 1201 3260 1270 gaudio,
3299 1211 3354 1255 et
3402 1203 3644 1256 exsulta-

2063 1284 2231 1346 tione,
2264 1300 2385 1354 quae
2442 1302 2508 1340 ex
2565 1302 2654 1341 me
2702 1290 2974 1357 sperabat,
3019 1291 3364 1359 privaverim,
3410 1302 3472 1346 ut
3522 1293 3642 1351 tibi.

2065 1384 2118 1428 et
2155 1390 2297 1439 meo,
2335 1385 2392 1429 et
2420 1376 2593 1446 ipsius
2625 1378 2736 1432 Deo
2763 1395 2828 1434 ac
2855 1380 3087 1436 Domino
3116 1383 3490 1438 universorum
3518 1400 3658 1438 scr--

2065 1465 2258 1520 virem.
2283 1465 2357 1520 Da
2390 1468 2437 1522 ei
2462 1469 2706 1538 angelos,
2736 1471 2829 1540 qui
2874 1473 3113 1528 animam
3166 1475 3340 1544 ipsius
3364 1488 3583 1530 servent
3617 1494 3646 1531 a

2066 1559 2346 1627 spiritibus
2395 1570 2451 1615 et
2502 1561 2634 1616 feris
2682 1563 2936 1635 malignis
2971 1568 3134 1621 aeriae
3186 1569 3353 1637 hujus
3389 1571 3647 1640 regionis,

2065 1668 2185 1722 qurc
2216 1654 2335 1708 sine
2358 1655 2734 1712 misericordia
2763 1669 3036 1714 conantur
3068 1660 3335 1717 devorare
3361 1671 3653 1720 transeun-

1998 1753 2039 1808 ιι
2071 1750 2172 1794 tes.
2211 1742 2456 1806 Domine,
2488 1744 2740 1811 Domine,
2771 1749 2960 1802 emitte
3007 1750 3263 1804 custodes
3311 1751 3502 1814 fortes,
3555 1755 3646 1820 qui

2073 1830 2359 1900 increpent
2398 1849 2614 1889 omnem
2666 1837 2932 1908 impuram
2970 1847 3321 1908 potestatem,
3376 1859 3500 1912 qua:
3555 1860 3650 1898 oc-

2071 1930 2258 1976 currat
2297 1924 2344 1977 ei
2378 1924 2497 1979 sine
2542 1926 2730 1981 dolore
2757 1937 2812 1982 et
2851 1937 3146 1986 tormento.
3197 1929 3243 1988 0
3275 1933 3419 1989 Deus
3452 1938 3644 1989 meust

2070 2012 2208 2068 Jube
2243 2017 2480 2085 separari
2507 2019 2742 2072 animam
2772 2019 2945 2088 ipsius
2964 2037 2995 2074 a
3021 2037 3270 2092 corpore,
3297 2026 3416 2079 etsi
3445 2026 3649 2095 aliquid

2075 2114 2328 2176 tanquam
2365 2107 2565 2162 femina
2598 2109 2652 2163 in
2688 2126 2854 2181 opere
2897 2116 2980 2168 vel
3018 2130 3275 2170 sermone
3319 2118 3564 2186 peccavit
3593 2119 3648 2171 in

2075 2195 2175 2249 hac
2199 2197 2329 2260 vita,
2361 2199 2607 2252 condona
2641 2201 2836 2256 animae
2859 2202 2999 2272 ejus,
3031 2213 3255 2284 propter
3282 2205 3606 2259 sacriﬁcium
3633 2225 3648 2260 :

2074 2288 2216 2356 quod
2255 2288 2463 2358 genuit,
2496 2298 2550 2344 et
2584 2290 2703 2356 tibi,
2739 2292 2983 2359 Domine,
3012 2293 3232 2361 obtulit,
3260 2311 3346 2349 me
3367 2295 3649 2366 indignum

2075 2393 2290 2432 servum
2318 2388 2492 2447 tuum,
2528 2383 2718 2451 utique
2740 2421 2756 2446 ,
2785 2381 3013 2439 Domine
3060 2384 3204 2439 Deus
3239 2400 3414 2449 meus.
3443 2386 3536 2455 qui
3561 2386 3653 2456 ju-

2075 2481 2191 2528 stus
2217 2489 2276 2527 es
2313 2474 2481 2542 judex
2516 2483 2570 2529 et
2607 2475 2894 2546 benignus.
2930 2473 3007 2529 Ne
3035 2476 3174 2530 illam
3203 2477 3431 2531 inducas
3459 2479 3527 2533 de
3558 2479 3654 2532 tri-

2076 2563 2352 2618 bnlatione
2379 2564 2433 2617 in
2455 2564 2889 2629 tribulationem,
2908 2565 2976 2619 de
2999 2566 3184 2619 dolore
3215 2566 3268 2619 in
3290 2566 3556 2632 dolorem,
3584 2568 3652 2621 de

2076 2656 2366 2726 gemitibus
2414 2656 2469 2709 in
2519 2656 2794 2726 gemitus;
2837 2657 2931 2710 sed
2967 2673 2995 2710 a
3025 2657 3235 2722 dolore,
3271 2671 3381 2726 quo
3429 2668 3653 2728 prOptcr

2077 2747 2242 2800 [ilium
2271 2763 2430 2801 suum
2472 2747 2813 2816 unigenitum
2859 2747 3052 2814 doluit,
3093 2748 3146 2802 in
3203 2749 3482 2819 gaudium,
3511 2765 3541 2802 e
3572 2749 3650 2801 la-

2074 2838 2272 2908 crymis
2310 2838 2362 2892 in
2407 2839 2847 2905 exsultationem,
2893 2848 3248 2909 praeparatam
3280 2842 3486 2896 sanctis
3520 2841 3650 2905 tuis,

2074 2945 2108 2983 o
2143 2929 2304 2994 Deus,
2331 2945 2364 2985 ο
2395 2927 2539 2984 Deus
2571 2944 2746 2996 meus,
2768 2931 2824 2984 in
2857 2930 3073 2985 saecula.
3101 2931 3295 2986 Amen.

2143 3189 2233 3244 ‘26.
2257 3189 2430 3247 Finita
2449 3193 2721 3260 oratione,
2738 3196 2908 3265 coepit
2928 3195 3096 3250 frater
3109 3195 3354 3252 Joannes
3376 3198 3652 3253 consolari

2076 3282 2352 3353 ipsum,ac
2369 3287 2549 3340 dicere
2577 3303 2589 3338 ι
2615 3287 2775 3351 Ecce,
2796 3288 2963 3343 frater
2993 3286 3254 3359 Symeon,
3289 3292 3431 3346 votis
3461 3273 3660 3346 annuit

2077 3373 2242 3439 Deus,
2267 3375 2541 3430 exaudivit
2561 3377 2867 3432 orationem
2890 3387 3060 3444 tuam,
3077 3387 3132 3434 et
3151 3388 3380 3434 matrem
3404 3391 3552 3435 tuam
3575 3397 3661 3434 as-

2080 3467 2334 3537 sumpsit.
2354 3467 2460 3522 Sed
2480 3479 2535 3523 tu
2560 3485 2708 3524 nunc
2726 3471 2931 3526 laboris
2948 3471 3003 3526 in
3021 3482 3228 3541 partem
3247 3488 3459 3527 mecum
3478 3488 3585 3531 eas,
3602 3481 3659 3525 et

2077 3573 2296 3612 oremus
2319 3598 2335 3622 ,
2371 3569 2591 3630 propter
2615 3562 2924 3628 Dominum,
2969 3563 3148 3624 ambo,
3185 3569 3242 3615 ut
3269 3563 3409 3615 Deus
3441 3575 3656 3629 quoque

2077 3647 2241 3703 faciat
2270 3650 2700 3706 misericordiam
2728 3668 2881 3706 suam
2929 3668 3052 3706 cum
3103 3652 3212 3712 illa,
3256 3667 3396 3720 qua},
3434 3652 3543 3703 Deo
3573 3652 3658 3703 in-

2077 3739 2352 3808 dulgente,
2389 3755 2524 3792 uxor
2558 3755 2679 3792 mea
2710 3749 2796 3794 est
2828 3749 3040 3805 vocata,
3071 3750 3126 3794 ut
3152 3755 3270 3792 eam
3315 3755 3532 3808 quoque
3586 3742 3655 3795 ad

2076 3829 2358 3882 monastici
2391 3829 2607 3884 habitus
2631 3830 2944 3884 institutum
2982 3831 3221 3895 inducat,
3253 3840 3349 3885 aut
3374 3831 3654 3887 faciatmi-

2075 3921 2429 3976 sericordiam
2469 3937 2646 3986 suam,
2690 3930 2746 3976 et
2779 3932 3020 3977 assumat
3050 3924 3242 3993 ipsam.
3289 3923 3467 3978 Pauco
3513 3935 3656 3978 tem-

2075 4031 2204 4086 pore
2258 4015 2514 4085 precibus
2567 4017 2718 4080 dato,
2776 4025 2936 4070 nocte
2987 4018 3222 4085 quadam
3278 4017 3425 4071 videt
3487 4017 3656 4070 abbas

2073 4107 2312 4162 Joannes
2341 4116 2568 4161 matrem
2603 4105 2888 4178 Symeonis
2917 4107 3249 4166 venientem.
3278 4123 3340 4160 ac
3375 4116 3656 4162 tenentem

2076 4197 2258 4250 uxoris
2300 4197 2418 4266 ejus
2460 4211 2703 4262 manum,
2743 4197 3110 4251 etdicentem
3150 4215 3164 4250 :
3229 4197 3422 4268 Surge,
3475 4213 3650 4260 soror,

2075 4289 2270 4343 accede
2323 4289 2549 4358 propius
2608 4289 2676 4343 ad
2733 4304 2852 4354 me;
2903 4289 3031 4358 quia
3093 4289 3375 4358 pulchram
3429 4291 3652 4344 domum

396 4393 658 4458 λέγουσαν
688 4391 848 4460 αὐτῇ·
869 4390 1121 4453 Ἀνάστα,
1148 4387 1376 4457 ἀδελφὴ,
1400 4387 1518 4440 ὲλθὲ
1550 4387 1716 4456 ἐγγύς
1751 4391 1972 4457 μου,ὅτι

2080 4379 2300 4433 donavit
2328 4378 2460 4432 mihi
2493 4395 2614 4444 rex;
2641 4379 2733 4448 qui
2772 4379 2940 4432 lilium
2990 4394 3169 4459 meum
3216 4378 3426 4432 militiae
3459 4393 3571 4433 sua:
3601 4387 3657 4433 et

397 4483 558 4536 καλὸν
595 4479 742 4534 οἷκον
786 4480 1078 4551 ἐχαρίσατό
1111 4497 1201 4550 μοι
1231 4481 1260 4532 6
1285 4479 1535 4549 βασιλεὺς
1573 4482 1601 4534 6
1642 4483 1974 4550 στρατεύσας

396 4575 486 4627 τὸν
515 4572 630 4625 υἱόν
658 4587 784 4641 μου,
805 4572 886 4634 εἰς
905 4569 1149 4622 δουλείαν
1202 4568 1392 4622 αὐτοῦ.
1436 4567 1596 4621 una:
1631 4567 1862 4633 ἄλλαξον
1901 4570 1972 4623 τὰ

397 4664 590 4734 ῑμάτιά
615 4679 732 4726 σου,
752 4661 848 4714 καὶ
867 4661 1096 4730 φόρεσον
1120 4658 1358 4730 καθαρά.
1379 4659 1491 4712 Καὶ
1509 4660 1714 4731 ἀνέστη
1747 4659 1971 4724 εὐθέως,

396 4757 492 4808 καὶ
520 4753 885 4822 ἀκολούθησεν
914 4751 1074 4820 αὐτῇ,
1106 4749 1202 4802 καὶ
1225 4749 1365 4818 ἔγνω
1389 4751 1470 4803 ὅτι
1499 4748 1855 4820 ἐτελεύτησεν
1878 4751 1974 4803 xa‘t

395 4848 554 4918 αὐτὴ,
579 4845 673 4898 καὶ
699 4845 781 4898 ὅτι
815 4845 868 4896 αἱ
891 4842 982 4895 δύο
1007 4844 1086 4903 εἰς
1118 4841 1283 4896 καλὸν
1311 4840 1476 4894 τόπον
1502 4842 1659 4904 εἰσὶν,
1684 4843 1779 4895 κα)⁸
1801 4842 1972 4912 ὲχάρη

396 4942 569 5012 χαρὰν
594 4938 834 5008 μεγάλην
895 4934 1120 5003 σφόδρα.
1168 4935 1277 4986 Καὶ
1303 4931 1378 4995 ὡς
1421 4932 1730 4986 διετέλεσαν
1760 4936 1840 4996 εἰς
1875 4935 1976 5003 τὴν

396 5036 599 5104 ἔρημον
650 5030 945 5090 ἀσκοῦντες
998 5029 1056 5080 ὲν
1114 5027 1265 5099 πάσῃ
1315 5027 1567 5096 ἀσκήσει,
1598 5025 1696 5078 καὶ
1725 5042 1978 5078 κακοπα-

395 5126 534 5194 θεία,
561 5123 653 5177 xal.
684 5121 866 5191 ψύχει,
894 5119 990 5172 καὶ
1021 5117 1264 5171 καύσωνι
1315 5118 1413 5171 ἐπὶ
1451 5118 1627 5168 εἴκοσι
1675 5116 1832 5168 ὲννὲα
1855 5117 1974 5186 ἐτη,

395 5215 620 5276 πολλοὺς
642 5213 735 5266 καὶ
767 5211 1004 5280 ἀφάτους
1056 5207 1420 5278 πετρασμοὺς,
1466 5205 1859 5276 ὑπομείναντες
1911 5207 1976 5260 ὲκ

392 5306 486 5360 τοῦ
531 5305 803 5369 διαϐόλου,
863 5303 958 5356 καὶ
1004 5300 1192 5355 τοῦτον
1242 5299 1603 5368 νικήσαντες,
1672 5297 1908 5366 μάλιστα
1948 5299 1976 5351 6

2081 4472 2306 4527 servitio
2351 4471 2622 4540 ascripsit.
2666 4474 2735 4524 At
2773 4479 2955 4525 vestes
2982 4479 3102 4525 tuas
3128 4479 3299 4531 muta,
3327 4477 3383 4522 et
3406 4468 3656 4524 ‘mundas

2080 4561 2264 4615 indue.
2297 4559 2362 4614 Et
2395 4559 2483 4613 illa
2532 4560 2788 4620 surrexit,
2829 4559 3027 4627 inquit,
3068 4557 3338 4626 protinus.
3366 4566 3422 4609 et
3465 4567 3654 4612 secuta

2080 4651 2251 4720 ipsam
2287 4650 2405 4702 fuit.
2440 4649 2503 4700 Et
2534 4647 2787 4716 cognovit
2809 4642 3091 4716 [Joannes]
3116 4644 3260 4712 quod
3291 4643 3406 4712 ipsa
3436 4659 3657 4713 quoque

2080 4749 2310 4794 mortem
2335 4737 2579 4800 obiisset,
2605 4735 2822 4804 etquod
2846 4734 3019 4787 ambae
3051 4732 3104 4785 in
3133 4733 3279 4787 bono
3299 4733 3420 4787 loco
3451 4741 3656 4799 essent;

2080 4848 2135 4892 et
2156 4837 2373 4908 gavisus
2403 4833 2504 4887 fuit
2526 4831 2720 4904 gaudio
2751 4845 2948 4901 magno
2971 4829 3148 4884 valde.
3175 4829 3351 4899 Atque
3376 4830 3447 4882 ita
3476 4843 3660 4896 perse-

2081 4937 2340 4983 verarunt
2370 4926 2424 4980 in
2463 4939 2649 4979 eremo
2678 4932 2997 4976 exercentes
3025 4937 3082 4975 se
3110 4921 3164 4974 in
3191 4919 3339 4975 omni
3388 4917 3658 4972 exercita-

2079 5023 2246 5085 tione,
2279 5018 2588 5081 tolerantia,
2629 5015 2849 5086 (rigore,
2879 5024 2935 5069 et
2984 5024 3138 5076 aestu,
3174 5028 3271 5080 per
3321 5011 3514 5080 viginti
3558 5026 3659 5063 no.

2033 5096 2036 5099 I
2078 5131 2198 5170 vem
2244 5126 2438 5172 annos,
2471 5110 2779 5177 multasque
2821 5118 2877 5162 et
2924 5105 3330 5175 inexplicabiles
3378 5103 3658 5156 sustinue-

2081 5215 2209 5260 runt
2257 5219 2286 5256 a
2339 5201 2557 5255 diabolo
2599 5199 2948 5254 tentationes.
3008 5199 3074 5251 Et
3118 5197 3264 5250 hunc
3308 5201 3657 5261 superarunt,

2085 5295 2318 5352 maxime
2345 5308 2475 5346 vero
2509 5290 2765 5360 Symeon,
2796 5305 2894 5357 per
2920 5303 3060 5350 eam,
3097 5302 3203 5356 qua
3242 5285 3499 5355 pollebat,
3532 5283 3660 5336 vita:

1895 5436 2124 5492 NOTIE.

396 5566 686 5636 ἐπέρησα.
720 5561 978 5631 Exempla
1027 5562 1229 5636 passim
1284 5569 1413 5636 su_nt
1451 5559 1633 5636 obvia,
1672 5567 1734 5614 ut
1790 5557 1977 5636 videre

391 5649 478 5691 est
525 5629 669 5705 apud
723 5629 1043 5688 (iret-serum
1087 5633 1182 5686 lib.
1229 5647 1264 5685 ll
1331 5631 1731 5685 Institutionum
1786 5629 1979 5698 lingua!

393 5710 608 5764 (ἶν’(ιίγιξ,
643 5723 760 5775 cap.
804 5707 886 5758 10.

461 5780 572 5844 (:28;
610 5769 844 5831 Verbum
889 5773 1083 5846 στερῶ,
1125 5773 1292 5841 priva,
1342 5772 1431 5826 hic
1479 5769 1817 5826 construitur
1847 5784 1973 5825 cum

2083 5557 2300 5628 gemino
2321 5551 2617 5628 accusandi
2655 5565 2806 5613 casu,
2849 5556 3037 5603 contra
3071 5561 3232 5616 quam
3261 5543 3377 5598 fieri
3421 5559 3666 5600 commu-

2085 5625 2421 5763 η’ῗέτθῖίῗιίίὲξρ
2448 5691 2625 5745 αὐτῶν
2651 5692 2714 5743 ἐκ
2740 5689 2838 5763 τῆς
2863 5686 3046 5757 εὐχῆς.
3068 5684 3276 5763 Sensus
3308 5692 3392 5763 est
3416 5683 3658 5763 mutilus,

2090 5753 2195 5822 nisi
2237 5753 2593 5820 subaudiatur
2634 5753 2992 5825 ἁνεστῶτων,
3020 5767 3112 5811 aut
3149 5757 3277 5819 quid
3323 5753 3522 5808 simile.

3675 4594 3761 4686 Χ(
