4024 6232
402 286 538 350 1703

1446 284 1760 345 LEONTII
1807 281 2320 342 NEAPOLITANI
2358 281 2698 341 EPISCOPI

3519 276 3658 343 1704

395 399 764 456 innocentiam
819 407 874 452 et
920 397 1336 468 integritatem:
1381 397 1650 452 sentiebat
1696 398 1844 452 enim
1892 412 1970 455 se.

2080 393 2305 465 Συμεὼν
2331 398 2395 449 ἐκ
2430 388 2533 464 τῆς
2564 392 2873 463 προσούσης
2915 391 3065 463 αὐτῷ
3095 389 3328 454 άκακίας
3360 390 3455 445 καὶ
3492 390 3652 443 καθα-

395 507 490 561 per
523 492 780 546 virtutem
810 488 1045 557 Spiritus
1080 489 1260 544 sancti
1298 488 1402 542 sibi
1452 489 1836 553 inhabitantis,
1870 502 1972 542 nec

2080 487 2324 557 ρότητος.
2362 486 2654 557 ᾘσθάνετο
2712 485 2822 553 γάρ
2868 484 3061 537 ἑαυτὸν
3089 483 3180 536 διά
3210 483 3311 553 τῆς
3345 481 3661 553 ἔνοικούσης
3771 483 3775 486 ’

396 584 588 635 timere
617 581 883 641 dolorem,
907 593 1011 632 nec
1038 576 1228 648 frigus,
1253 592 1354 631 nec
1382 576 1602 640 famem,
1633 587 1972 641 nect‘aestnm,

393 671 486 727 sed
515 671 688 739 ipsam
723 677 932 722 natura:
954 667 1206 720 humanae
1251 665 1625 720 conditionem
1658 679 1827 734 prope
1855 679 1976 718 esse

393 770 871 832 praetergressum.

461 934 551 987 27.
588 933 723 989 Dicit
762 930 961 987 Joanni
1005 950 1020 987 :
1066 932 1210 999 Quid
1252 932 1572 1002 proficimus
1598 931 1972 1001 imposterum,

395 1022 583 1086 frater.
619 1023 676 1077 in
700 1023 804 1076 hac
834 1020 1131 1076 solitudine
1164 1018 1617 1076 commorantes?
1661 1018 1974 1082 Enimvero,

393 1116 438 1169 Si
465 1129 550 1169 me
582 1114 757 1180 audis,
785 1129 969 1184 surge,
1003 1112 1372 1177 discedamus,
1406 1111 1540 1165 alios
1579 1109 1743 1166 etiam
1776 1109 1965 1164 redda-

393 1219 517 1259 mus
551 1206 748 1261 salvos.
792 1205 891 1260 Hic
945 1205 1113 1270 enim,
1153 1212 1514 1275 praeterquam
1561 1200 1740 1265 nobis,
1784 1215 1978 1269 prosu-

396 1310 517 1348 mus
565 1296 795 1358 nemini,
842 1306 898 1349 et
937 1312 968 1350 a
998 1297 1150 1351 nullo
1191 1294 1497 1349 mercedem
1542 1292 1861 1361 accipimus.
1912 1290 1978 1346 Et

343 1402 350 1461 ;
396 1392 692 1462 incipiebat
712 1392 760 1446 ei
788 1392 970 1447 dicere
996 1393 1256 1446 nonnulla
1294 1388 1603 1458 huiusmodi
1624 1404 1655 1452 e
1686 1389 1858 1443 sacris
1877 1403 1976 1458 pa-

347 1482 353 1533 ἓ
395 1482 579 1553 ginis:
616 1501 635 1533 ι
670 1482 842 1538 Nemo
874 1483 1018 1551 quod
1066 1497 1226 1537 suum
1274 1489 1356 1536 est
1415 1489 1640 1550 quaerat,
1693 1482 1789 1535 sed
1831 1482 1974 1550 quod

338 1554 353 1579 ³
410 1572 642 1640 proximi
669 1572 733 1625 ¹⁹.
772 1589 789 1622 ι
829 1572 897 1626 Ει
929 1572 1125 1626 iterum
1158 1588 1171 1624 :
1204 1589 1223 1623 ι
1256 1571 1522 1628 Omnibus
1567 1572 1751 1627 omnia
1802 1571 1977 1628 factus

396 1678 538 1725 sum,
577 1670 635 1717 ut
681 1677 871 1717 omnes
920 1663 1189 1721 salvarem
1250 1665 1320 1718 '°.
1358 1682 1377 1714 ι
1418 1663 1486 1719 Ει
1527 1680 1593 1719 ex
1636 1663 1925 1735 Evangelio
1958 1683 1972 1720 :

400 1770 419 1802 ι
459 1751 549 1808 Sic
574 1753 752 1808 luceat
776 1754 869 1806 lux
892 1762 1071 1809 vestra
1098 1769 1282 1810 coram
1305 1756 1640 1821 hominibus,
1668 1765 1729 1810 ut
1756 1756 1976 1810 videant

393 1858 559 1913 opera
585 1854 765 1906 vestra
821 1845 988 1908 bona,
1026 1856 1079 1900 et
1102 1846 1412 1917 glorificent
1447 1847 1660 1902 Patrem
1707 1858 1972 1915 vestrum,

394 1931 487 2002 qui
522 1932 577 1985 in
607 1933 757 1988 cmlis
808 1943 892 1988 est
927 1935 1014 2001 ",
1070 1953 1088 1986 ι
1128 1945 1292 2008 atque
1341 1938 1443 1993 alia
1495 1940 1738 2009 quaedam
1789 1941 1975 1995 istius-

394 2022 562 2076 modi.
599 2023 665 2078 Et
693 2025 1030 2094 respondens
1078 2025 1331 2082 dominus
1374 2027 1632 2093 Joannes,
1660 2031 1793 2086 dicit
1823 2031 1923 2102 ipsi
1957 2049 1969 2086 :

393 2113 555 2180 Puto,
584 2115 775 2191 frater,
801 2115 1032 2172 Satanas
1060 2118 1227 2187 quieti
1263 2130 1465 2176 nostra:
1489 2122 1704 2186 invidit,
1739 2133 1791 2177 et
1834 2125 1974 2178 hanc

395 2205 493 2259 tibi
522 2206 909 2277 cogitationem
946 2208 1153 2278 injecit.
1186 2209 1327 2276 Quin
1368 2220 1421 2266 tu
1469 2214 1653 2283 potius
1692 2230 1875 2278 mane,
1921 2223 1976 2270 et

395 2312 616 2351 cursum
648 2307 929 2364 nostrum,
952 2315 1060 2369 quo
1091 2302 1265 2356 voeati
1297 2318 1488 2358 sumus
1515 2319 1545 2358 a
1586 2304 1719 2369 Deo,
1750 2306 1979 2377 implea-

397 2402 519 2442 mus
541 2388 597 2441 in
628 2389 729 2444 hac
757 2404 963 2445 eremo.
992 2391 1131 2445 Tum
1175 2392 1410 2463 Symeon
1438 2411 1452 2448 :
1492 2393 1686 2461 Crede,
1719 2412 1820 2466 ego
1864 2413 1976 2451 non

397 2494 614 2545 maneo,
646 2482 741 2536 sed
771 2481 994 2539 discedo
1025 2483 1080 2537 in
1117 2483 1315 2540 virtute
1346 2485 1569 2552 Christi,
1602 2488 1867 2542 mundum
1896 2489 1978 2544 lii--

395 2570 735 2628 dificaturus.
752 2574 853 2628 Cui
880 2591 1094 2631 rursum
1120 2576 1289 2633 frater
1309 2577 1428 2648 ejus
1452 2597 1466 2633 :
1498 2578 1599 2648 Ne,
1617 2580 1760 2635 bone
1788 2580 1973 2648 frater,

396 2677 493 2716 oro
523 2671 577 2717 te
606 2671 832 2734 propter
864 2665 1175 2735 Dominum,
1202 2686 1272 2725 ne
1301 2686 1388 2725 me
1418 2672 1680 2727 humilem
1716 2675 1974 2743 deseras;

395 2768 575 2821 neque
604 2755 749 2808 enim
773 2771 839 2810 eo
859 2756 1077 2814 virtutis
1112 2761 1358 2829 perveni,
1386 2772 1445 2815 tit
1479 2764 1682 2832 possim
1713 2767 1976 2821 mundum

396 2837 694 2896 ludificare.
736 2843 842 2897 Sed
888 2856 1109 2915 propter
1146 2862 1295 2910 eum,
1338 2849 1428 2918 qui
1462 2865 1561 2905 nos
1609 2851 1812 2921 junxit,
1866 2856 1976 2910 noli

395 2929 637 3001 disjungi
667 2947 698 2987 a
726 2941 818 2988 tuo
852 2932 1039 2990 fratre.
1094 2935 1272 3003 Nosti,
1305 2940 1450 3007 quod
1495 2951 1617 3009 post
1668 2942 1835 2999 Deum
1866 2962 1977 3001 non

2078 580 2136 630 ἐν
2164 577 2314 646 αύτῷ
2365 576 2460 628 τοῦ
2486 576 2642 642 ἁγίου
2669 574 2983 643 Πνεύματος
3021 573 3327 643 δυνάμεως,
3379 574 3515 643 μήτε
3550 572 3657 626 πά-

2079 671 2170 733 θος
2199 669 2555 738 φοϐούμενον,
2589 669 2726 738 μήτε
2756 665 2948 737 ψύχος,
2978 666 3011 737 ἢ
3062 669 3271 731 πεῖναν,
3304 666 3339 736 ἢ
3377 663 3658 730 καύσωνα,

2078 761 2213 813 ἀλλὰ
2238 759 2422 829 σχεδὸν
2453 760 2595 829 ὑπὲρ
2648 757 2715 811 τὰ
2756 756 2928 827 μέτρα
2955 758 3052 827 τῆς
3078 756 3293 825 φύσεως
3319 755 3417 827 τῆς
3446 755 3660 825 ἀνθρω-

2078 855 2241 924 πίνης
2261 853 2575 923 γενόμενον.

2149 945 2253 1008 κζ’.
2285 944 2447 1012 Λέγει
2519 943 2597 1013 τῷ
2641 943 2896 1014 Ἰωάννῃ·
2928 942 2994 995 Τί
3039 942 3400 1012 ὠφελούμεθα
3443 943 3657 1005 λοιπὸν,

2059 1036 2300 1105 άδελφὲ,
2350 1037 2409 1105 ὲν
2471 1038 2536 1105 τῇ
2591 1035 2782 1106 ἐρήμῳ
2845 1033 3022 1108 ταύτῃ
3057 1034 3462 1104 διατρίϐοντες;
3514 1033 3659 1086 Ἀλλ’

2078 1125 2177 1178 ἐὰν
2221 1123 2463 1195 ἀκούσῃς
2527 1140 2651 1193 μου,
2707 1122 2938 1187 ἀνάστα,
2982 1121 3310 1193 ἀπέλθωμεν
3338 1163 3352 1185 ,
3393 1119 3661 1192 σώσωμεν

2080 1218 2173 1270 καὶ
2205 1216 2418 1277 ἄλλους.
2459 1207 2586 1267 ’Ὧδε
2608 1214 2718 1284 γὰρ
2740 1215 2789 1267 εί
2827 1214 2901 1285 μὴ
2934 1213 3163 1277 ἑαυτοὺς
3217 1205 3432 1283 μόνους,
3472 1211 3660 1284 ἕτερόν

2077 1325 2201 1361 τινα
2233 1308 2335 1360 οὒκ
2357 1305 2696 1377 ὠφελοῦμεν,
2727 1305 2822 1360 καὶ
2852 1303 3042 1375 μισθὸν
3073 1304 3387 1374 παράτινος
3416 1304 3515 1357 οὐκ
3542 1302 3663 1372 ἐχο-

2082 1415 2202 1469 μεν.
2226 1399 2337 1451 Καὶ
2367 1397 2568 1468 ἧρξατο
2592 1398 2772 1465 λέγειν
2793 1395 2965 1467 αὐτῷ,
2986 1385 3083 1448 καῖ
3103 1398 3167 1448 ὲκ
3196 1395 3295 1464 τῆς
3320 1393 3480 1464 ἁγίας
3511 1394 3658 1465 Γρα-

2081 1491 2186 1561 φῆς
2224 1506 2348 1543 τινα
2402 1488 2661 1543 τοιαῦτα·
2721 1487 2975 1558 «Μηδεὶς
3036 1486 3098 1540 τὸ
3149 1486 3346 1540 ἑαυτοῦ
3402 1478 3658 1557 ζητείτω,

2080 1580 2215 1633 ἀλλά
2257 1580 2318 1632 τὸ
2365 1579 2459 1633 τοῦ
2527 1579 2777 1651 πλησίου.
2817 1598 2834 1631 ι
2873 1579 2982 1632 Καὶ
3017 1578 3180 1632 πάλιν
3201 1596 3215 1610 ·
3269 1598 3288 1630 ι
3319 1578 3446 1642 Τοῖς
3491 1580 3660 1632 πᾶσιν

2081 1673 2261 1727 πάντα
2323 1671 2544 1740 γέγονα,
2591 1671 2677 1724 ἴνα
2713 1670 2931 1732 πάντως
2983 1669 3137 1732 τινὰς
3180 1669 3360 1723 σώσω.
3402 1688 3422 1722 ι
3454 1669 3563 1722 Καὶ
3593 1670 3659 1722 ὲκ

2077 1765 2173 1818 τοῦ
2229 1764 2595 1833 Εύαγγελίου·
2634 1782 2652 1815 ι
2703 1763 2827 1816 Ὅτι
2869 1763 3045 1827 οῦτως
3094 1761 3366 1833 λαμψάτω
3413 1761 3477 1814 τὸ
3542 1760 3660 1831 φῶς

2082 1856 2236 1927 ὑμῶν
2268 1855 2575 1926 ἔμπροσθεν
2617 1855 2726 1908 τῶν
2752 1854 3074 1925 ἀνθρώπων,
3105 1855 3253 1916 ὅπως
3293 1853 3476 1906 ίδωσιν
3503 1853 3660 1923 ὑμῶν

2079 1949 2147 2001 τὰ
2174 1948 2315 2001 καλά
2336 1947 2472 2018 ἔργα
2505 1947 2598 1999 καὶ
2620 1944 2919 2010 δοξάσωσιν
2966 1945 3056 1998 τὸν
3105 1944 3326 2016 Πατέρα
3357 1944 3537 2016 ὑμῶν,
3563 1944 3656 2000 τὸν

2079 2040 2137 2092 ὲν
2171 2042 2283 2102 τοῖς
2307 2039 2578 2109 οὐρανοῖςυ
2611 2056 2629 2089 ι
2660 2040 2754 2091 καὶ
2781 2037 2920 2092 ἄλλα
2944 2038 3064 2091 τινά
3095 2037 3343 2093 τοιαῦτα.
3378 2037 3489 2091 Καὶ
3514 2039 3646 2092 άπο-

2078 2130 2289 2200 κριθεὶς
2318 2131 2345 2183 6
2383 2131 2588 2202 Κύριος
2629 2129 2906 2200 Ἰωάννης,
2968 2129 3117 2197 λέγει
3170 2129 3320 2199 αύτῷ
3344 2147 3359 2160 ο
3402 2129 3651 2199 Νομίζω,

2079 2220 2296 2290 ἀδελιρὲ,
2326 2221 2354 2273 6
2387 2221 2633 2284 Σατανᾶς
2655 2219 2954 2290 ἐφθόνησεν
2981 2219 3077 2289 τὴν
3102 2220 3332 2291 ἡσυχίαν
3361 2219 3540 2289 ἡμῶν,
3562 2220 3659 2273 καὶ

2079 2310 2348 2365 ὑπέϐαλέν
2378 2328 2462 2363 σοι
2487 2311 2580 2363 τὸν
2617 2310 2877 2380 λογισμὸν
2917 2309 3128 2365 τοῦτον.
3161 2310 3486 2364 Τουναντίον
3523 2309 3658 2365 κάθ-

2080 2419 2214 2467 ισον,
2233 2402 2326 2455 καὶ
2350 2404 2441 2455 τὸν
2468 2401 2668 2472 δρόμον
2696 2401 2874 2472 ἡμῶν,
2900 2400 3037 2454 ὅπου
3079 2399 3393 2473 ὲκλὴθημεν
3428 2402 3533 2455 ὑπὸ
3561 2401 3655 2455 τοῦ

2078 2494 2235 2559 Θεοῦ,
2267 2495 2347 2558 είς
2403 2494 2500 2564 τὴν
2557 2493 2764 2565 ἔρημον
2794 2491 2998 2562 ταύτην
3058 2493 3459 2564 πληρώσωμεν.
3493 2494 3659 2563 Λέγει

2080 2585 2226 2655 αὐτῷ
2254 2588 2282 2639 6
2319 2585 2574 2656 Συμεών·
2613 2584 2931 2652 Πίστευσον,
2984 2583 3096 2655 ἐγὼ
3139 2586 3201 2639 ού
3257 2587 3425 2655 μένω,
3459 2585 3575 2640 ἀλλ’
3600 2589 3659 2640 ἐν

2078 2680 2144 2750 τῇ
2175 2677 2402 2748 δυνάμει
2424 2678 2517 2732 τοῦ
2545 2675 2785 2749 Χριστοῦ
2802 2677 3321 2748 ύπάγω,έμπαίζων
3349 2678 3425 2749 τῷ
3443 2679 3659 2749 κόσμῳ.

2081 2771 2242 2837 Λέγει
2285 2769 2433 2839 αὐτῷ
2490 2769 2652 2822 πάλιν
2711 2771 2738 2822 6
2773 2769 3002 2839 ἀδελφὸς
3059 2769 3266 2823 αὐτοῦ’
3321 2769 3434 2841 Μὴ,
3461 2770 3660 2838 ἁδελφὲ

2081 2862 2233 2924 καλὲ,
2258 2862 2566 2933 παρακαλῶ
2598 2880 2657 2915 σε
2689 2863 2778 2917 διὰ
2807 2862 2897 2917 τὸν
2924 2863 3149 2934 Κύριον,
3175 2864 3251 2935 μὴ
3276 2863 3445 2935 ἐάσῃς
3471 2881 3539 2934 με
3569 2864 3663 2917 τὸν

2079 2954 2353 3007 ταπεινόν.
2379 2955 2544 3006 Οὔπω
2575 2955 2682 3025 γάρ
2715 2953 2826 3022 ἐγὼ
2857 2957 2936 3019 είς
2963 2955 3123 3010 τοῦτο
3153 2955 3214 3008 τὸ
3258 2955 3454 3028 μέτρον
3493 2954 3664 3025 ἐφθα-

399 3021 626 3075 habeam
661 3023 850 3086 ullum,
877 3034 1075 3094 praeter
1103 3036 1176 3094 te,
1209 3029 1380 3101 frater
1404 3032 1512 3097 mi;
1541 3035 1634 3089 sed
1666 3039 1973 3093 renuntiavi

2084 3064 2171 3110 σα,
2209 3047 2295 3099 ἵνα
2322 3046 2536 3116 δυνηθῶ
2568 3021 2835 3117 ἐμπαῖξαι
2865 3047 2943 3118 τῷ
2977 3049 3188 3119 κόσμῳ.
3226 3021 3388 3102 ’Λλλά
3410 3049 3477 3103 δι’
3496 3021 3662 3103 αύτὸν

395 3113 672 3177 omnibus,
707 3123 762 3167 ut
798 3115 894 3169 tibi
930 3118 1260 3173 adhaererem
1292 3138 1305 3197 ξ
1337 3131 1392 3176 et
1414 3138 1559 3181 nunc
1589 3134 1645 3180 tu
1679 3128 1761 3181 vis
1790 3128 1847 3183 in
1877 3130 1976 3185 hac

2081 3137 2173 3189 τὸν
2203 3113 2468 3201 ζεύξαντα
2502 3113 2649 3207 ἡμάς
2715 3142 2788 3208 μὴ
2849 3113 3094 3213 θελήσῃς-
3121 3113 3528 3213 άποζευχθῆναι
3562 3139 3659 3194 τοῦ

395 3200 692 3255 solitudine
719 3212 978 3273 tanquam
1003 3207 1056 3260 in
1086 3209 1273 3277 pelago
1293 3227 1379 3265 me
1402 3212 1688 3284 linquere?
1710 3217 1981 3274 Memento

399 3287 563 3358 hujus
591 3289 722 3354 diei,
757 3306 863 3361 qua
902 3306 1104 3350 sortem
1142 3299 1398 3355 duximus
1444 3311 1500 3356 et
1529 3305 1841 3363 audivimus
1881 3309 1979 3363 ab-

398 3376 581 3434 batem
621 3379 910 3448 Niconem;
943 3386 1089 3455 quod
1112 3392 1432 3446 convenerit
1460 3393 1605 3448 inter
1636 3411 1757 3460 nos,
1790 3409 1981 3454 mutuo

396 3484 505 3524 non
562 3473 824 3541 separari.
886 3474 1160 3533 Memento
1221 3483 1483 3539 terribilis
1535 3485 1705 3550 horae,
1760 3492 1981 3558 quando

394 3571 645 3614 sanctum
694 3561 939 3619 habitum
982 3566 1156 3622 induti
1213 3585 1427 3636 sumus,
1479 3581 1536 3628 et
1591 3590 1808 3633 eramus
1849 3581 1978 3643 duo,

394 3650 539 3706 sicut
573 3653 756 3707 anima
792 3670 923 3723 una,
965 3657 1102 3712 adeo
1150 3669 1210 3715 ut
1253 3676 1445 3719 omnes
1488 3664 1835 3725 dilectionem
1884 3688 1982 3726 no-

394 3751 562 3799 stram
646 3755 905 3817 tanquam
973 3764 1087 3805 rem
1137 3767 1335 3809 novam
1392 3755 1743 3815 mirarentur.
1802 3760 1979 3820 Nolito

394 3834 640 3890 oblivisci
676 3851 961 3894 sermones
1000 3845 1180 3914 magni
1209 3847 1379 3910 senis,
1420 3848 1623 3918 quibus
1661 3868 1761 3908 nos
1791 3855 1982 3912 admo-

393 3926 512 3980 nuit
545 3941 608 3981 ea
648 3938 829 3996 nocte,
864 3947 971 4000 qua
1012 3935 1213 4004 egressi
1260 3952 1474 3994 sumus.
1510 3940 1608 4007 Ne,
1660 3959 1865 4014 quzeso,
1909 3965 1980 4005 ne

394 4013 537 4070 forte
582 4032 836 4087 peream,
889 4030 949 4076 et
994 4016 1235 4093 requirat
1292 4026 1433 4083 Deus
1497 4013 1736 4088 animam
1797 4013 1975 4094 meam

390 4105 492 4161 abs
531 4113 609 4164 te.

461 4402 550 4458 28.
586 4404 685 4459 Cui
723 4408 1186 4481 iterum'Symeon
1220 4433 1233 4468 :
1276 4415 1467 4487 Cogita
1513 4435 1601 4476 me
1655 4439 1779 4479 esse
1824 4442 1973 4482 mor-
2006 4394 2051 4448 θ

390 4502 579 4560 tuum;
630 4512 815 4553 nonne
877 4502 1130 4568 haberes,
1181 4507 1324 4561 unde
1374 4510 1450 4563 tui
1492 4527 1681 4569 curam
1734 4532 1975 4586 gereres,

390 4586 608 4641 tametsi
633 4588 782 4643 solus
811 4591 1002 4645 esses?
1041 4593 1239 4662 Crede,
1281 4597 1324 4652 si
1368 4602 1577 4668 venias,
1618 4616 1766 4661 recte
1809 4608 1976 4665 facies

389 4684 446 4729 et
473 4675 645 4741 belle;
693 4681 952 4748 quoniam
1003 4699 1102 4755 ego
1148 4702 1258 4742 non
1310 4706 1527 4747 maneo.
1565 4693 1663 4749 Ubi
1700 4697 1833 4752 vidit
1867 4699 1976 4753 fra-

390 4772 474 4820 ter
496 4766 738 4824 Joannes
779 4788 904 4826 eum
948 4777 1263 4846 persistere,
1301 4786 1557 4854 cognovit
1594 4789 1741 4856 quod
1787 4791 1975 4847 divino

386 4858 651 4914 instinctu
701 4861 807 4918 hoc
850 4864 1076 4921 faceret.
1116 4868 1262 4925 Nihil
1306 4876 1509 4945 quippe
1554 4893 1652 4933 eos
1705 4883 1971 4950 potuisset

386 4965 641 5020 separare
676 4955 782 5008 nisi
812 4956 927 5011 sola
950 4974 1118 5027 mors,
1140 4973 1197 5017 et
1225 4958 1456 5022 fortasse
1484 4983 1554 5024 ne
1582 4971 1698 5041 ipsa
1718 4974 1965 5043 quidem.

383 5040 519 5096 Nam
550 5045 748 5114 szepius
777 5048 883 5103 hoc
912 5050 1075 5105 etiam
1110 5053 1280 5109 Deum
1313 5040 1660 5129 rogaverant,
1688 5040 1750 5117 ut
1778 5067 1968 5121 ambos

383 5133 598 5222 simule
631 5137 738 5192 vita
771 5153 1022 5205 vocaret,
1063 5154 1118 5200 et
1168 5148 1465 5204 credebant
1499 5155 1874 5212 exaudiendos
1907 5174 1966 5213 se

378 5224 552 5281 fuisse
594 5245 625 5283 a
684 5233 912 5290 Domino
960 5238 1016 5292 in
1077 5240 1179 5295 hac
1239 5257 1325 5308 re,
1373 5244 1534 5300 sicuti
1575 5248 1629 5301 in
1685 5251 1962 5307 omnibus.

380 5318 525 5373 Dicit
553 5321 735 5391 itaque
766 5328 814 5380 ei
844 5326 1159 5404 [Joannes]:
1196 5332 1430 5400 Videsis,
1466 5338 1721 5408 Symeon,
1754 5358 1823 5397 ne
1851 5344 1967 5397 dia-

378 5408 791 5503 bolusfortasse
825 5418 919 5472 tibi
970 5421 1099 5475 velit
1133 5433 1344 5481 struere
1372 5426 1618 5484 insidias.
1660 5430 1964 5503 Respondit

2086 3228 2177 3280 σοῦ
2202 3229 2453 3296 ἀδελφοῦ.
2488 3230 2560 3282 Σὺ
2584 3224 2753 3292 οἶδας,
2790 3232 2874 3284 ὅτι
2911 3233 3050 3300 μετὰ
3096 3232 3227 3285 Θεὸν
3288 3232 3481 3287 οὐδένα
3526 3232 3658 3303 ἔχω,

2084 3323 2131 3372 εἰ
2162 3319 2235 3389 μὴ
2264 3320 2345 3383 σὲ,
2393 3320 2588 3388 ἀδελφέ
2642 3338 2769 3391 μου,
2795 3322 2930 3375 ἀλλὰ
2963 3323 3169 3386 πάντας
3199 3324 3527 3395 ἠρνησάμην
3567 3326 3662 3376 καὶ

2087 3411 2527 3482 προσεκολλήθην
2576 3428 2698 3465 σοι·
2737 3416 2832 3466 καὶ
2871 3413 2994 3482 ἄρτι
3046 3416 3110 3468 σὺ
3160 3415 3356 3480 θέλεις,
3386 3414 3573 3487 ὥσπερ
3602 3417 3660 3468 ὲν

2086 3503 2344 3571 πελάγει,
2379 3505 2549 3559 ὲᾶσαῖ
2583 3523 2647 3576 με
2680 3508 2759 3569 είς
2787 3507 2886 3578 τὴν
2919 3507 3125 3579 ἔρημον
3156 3509 3390 3581 ταύτην;
3431 3510 3660 3578 Μνημό-

2084 3613 2271 3648 νευσον
2293 3596 2392 3665 τῆς
2420 3599 2632 3671 ἡμέρας
2667 3599 2903 3670 ἐκείνης,
2951 3601 3040 3653 ὅτε
3072 3600 3360 3671 ἐλάχομεν,
3394 3601 3489 3655 καὶ
3522 3618 3660 3654 κατ’

2084 3686 2367 3757 ηρχόμεθα
2397 3688 2600 3743 ὲπὶτὸν
2656 3687 2815 3772 ἔξω
2856 3691 3102 3754 Νίκωνα,
3158 3692 3240 3745 ὅτι
3303 3692 3657 3764 συνεθέμεθα,

2086 3779 2162 3849 μὴ
2196 3778 2528 3851 χωρίζεσθαι
2550 3781 2645 3834 ἀπ’
2701 3781 2964 3853 ἀλλήλων.
3004 3777 3535 3854 Μνημόνευσοντῆς
3562 3800 3659 3852 φο-

2084 3870 2251 3939 ϐερᾶς
2306 3868 2476 3939 ὥρας,
2511 3869 2598 3922 ὅτε
2658 3871 2720 3922 τὸ
2745 3867 2900 3938 ἅγιον
2935 3870 3130 3942 σχῆμα
3176 3870 3530 3941 ὲνεδύθημεν,
3564 3872 3659 3925 καὶ

2081 3958 2223 4034 ἦμεν
2243 3963 2294 4016 οἱ
2326 3962 2419 4016 δύο
2466 3963 2655 4035 ὥσπερ
2698 3964 2793 4034 μία
2831 3965 2999 4037 ψυχὴ,
3033 3965 3174 4019 ὥστε
3219 3966 3429 4031 πάντας
3463 3965 3663 4031 ξενίζε-

2084 4050 2208 4105 σθαι
2239 4052 2332 4104 ὲπὶ
2359 4055 2428 4124 τῇ
2481 4053 2674 4127 ἀγάπῃ
2718 4055 2900 4126 ἡμῶν.
2929 4057 3021 4127 Μὴ
3054 4057 3287 4129 ὲπιλάθῃ
3317 4057 3426 4112 τῶν
3483 4058 3660 4126 λόγων

2081 4140 2176 4195 τοῦ
2218 4143 2458 4212 μεγάλου
2507 4145 2794 4217 γέροντος,
2860 4140 2936 4200 ὧν
2993 4149 3139 4219 ἡμᾶς
3183 4149 3537 4220 ἐνουθέτησεν
3590 4154 3658 4221 τῇ

2083 4237 2273 4301 νυκτὶ,
2370 4237 2688 4308 ἐξήλθομεν,
2734 4240 2849 4312 Μὴ,
2886 4243 3218 4313 παρακαλῶ,
3267 4244 3340 4314 μή
3382 4242 3498 4305 πως
3552 4242 3660 4294 ἀπο

2083 4331 2291 4402 ὀλωμαι
2328 4333 2423 4386 καὶ
2443 4334 2762 4405 ἐκζητήσῃὸ
2787 4335 2918 4396 Θεὸς
2945 4334 3044 4404 τὴν
3064 4334 3242 4405 ψυχήν
3267 4353 3367 4403 μου
3398 4334 3504 4387 ἀπὸ
3538 4335 3656 4388 σοῦ.

2149 4429 2259 4495 κη’.
2286 4423 2453 4493 Λέγει
2473 4424 2622 4496 αύτῷ
2646 4426 2807 4479 πάλιν
2835 4429 2863 4480 6
2891 4427 3115 4498 Συμεών
3149 4444 3168 4461 ο
3220 4429 3481 4499 Νόμισον,
3542 4430 3652 4482 ἀττ-
3730 4458 3735 4461 -

2079 4514 2288 4581 έθανον,
2334 4516 2436 4570 οὐκ
2463 4513 2606 4587 εἶχες
2638 4520 2920 4587 φροντίσαι
2945 4521 3139 4574 ἑαυτοῦ
3172 4520 3311 4575 κατὰ
3340 4523 3509 4592 μόνας
3539 4521 3654 4585 ῶν;

2077 4606 2396 4673 Πίστευσον,
2422 4609 2470 4660 εἰ
2510 4608 2611 4678 μὲν
2639 4608 2799 4680 ἔρχῃ,
2834 4606 2894 4663 εὖ
2926 4611 3020 4664 καὶ
3055 4610 3258 4676 καλῶς,
3306 4613 3429 4664 ἐπεὶ
3456 4612 3566 4680 ἐγὼ
3590 4613 3653 4665 ού

2079 4697 2243 4768 μένω.
2265 4698 2350 4762 Ὠς
2402 4694 2494 4751 οὖν
2546 4699 2654 4753 ῐδεν
2712 4701 2877 4755 αὑτὸν
2919 4703 2948 4754 6
2982 4700 3207 4771 ἀδελφὸς
3248 4703 3502 4775 Ἰωάννης
3533 4706 3653 4757 ἐπι-

2080 4790 2346 4858 μένοντα,
2399 4790 2540 4858 ἕγνω
2597 4792 2678 4845 ὃτι
2730 4795 2794 4847 ἐκ
2840 4793 2975 4847 Θεοῦ
3017 4793 3439 4867 έπληροφορήθη
3495 4796 3657 4851 τοῦτο

2077 4881 2299 4950 πρᾶξαι.
2346 4883 2497 4937 Ἐπεὶ
2551 4885 2649 4937 οὐκ
2706 4885 2968 4957 ἐχώριζεν
2994 4888 3214 4954 αὐτοὺς,
3243 4891 3292 4943 εί
3318 4890 3395 4962 μὴ
3419 4890 3448 4942 6
3490 4890 3658 4945 θάνα-

2074 4974 2409 5044 τος,τάχαδὲ
2432 4975 2552 5028 οὐδὲ
2581 4976 2763 5047 αύτός.
2792 4978 2904 5032 Καὶ
2927 4978 3038 5050 γάρ
3051 4974 3194 5051 ἦσαν
3223 4982 3318 5035 καὶ
3345 4965 3504 5035 τοῦτο
3526 4982 3654 5035 πολ-

2074 5065 2233 5129 λάκις
2274 5067 2759 5138 παρακαλέσαντες
2803 5071 2893 5125 τὸν
2954 5072 3107 5139 Θεὸν,
3174 5073 3261 5127 ἵνα
3297 5073 3433 5145 ὁμοῦ
3480 5092 3654 5143 προσ-

2073 5158 2305 5228 λάϐηται
2330 5160 2458 5223 τοὺς
2485 5160 2596 5224 δύο,
2625 5180 2720 5216 και
2766 5164 3050 5217 ἐπίστευον
3090 5166 3173 5220 ὅτι
3212 5166 3523 5220 εἰσακούσει
3556 5167 3655 5220 αὖ·

2073 5248 2182 5303 τῶν
2210 5251 2238 5302 6
2277 5249 2483 5322 Κύριος
2534 5255 2626 5307 καὶ
2671 5255 2729 5305 ὲν
2766 5254 2958 5326 τούτῳ,
2997 5257 3074 5322 ὡς
3122 5259 3180 5312 ἐν
3221 5260 3447 5317 ἅπασιν.
3488 5260 3655 5327 Λέγει

2075 5339 2169 5392 οὖν
2198 5341 2367 5413 αὐτῷ·
2396 5341 2590 5408 Βλέπε,
2618 5345 2863 5416 Συμεὼν,
2884 5350 2967 5418 μή
2998 5367 3116 5414 πως
3137 5353 3165 5404 ὁ
3189 5350 3435 5416 διάῦολος
3462 5352 3654 5420 χλευά-

2074 5449 2162 5486 σαι
2197 5449 2255 5487 σε
2286 5434 2436 5506 θέλῃ.
2468 5437 2527 5488 ’0
2577 5436 2633 5490 δὲ
2680 5434 2834 5493 εἶπεν
2884 5440 3062 5511 αύτῷ-
3096 5443 3168 5497 Σὺ
3209 5444 3369 5514 μόνον
3411 5444 3486 5515 μὴ
3524 5445 3651 5497 ἐπι-

379 5498 472 5554 ille
505 5517 518 5552 :
551 5499 630 5556 Tu
662 5506 827 5561 modo
861 5524 930 5565 ne
963 5513 1068 5566 mei
1099 5514 1423 5572 obliviscere
1454 5520 1507 5573 in
1543 5522 1653 5577 tuis
1680 5525 1957 5593 precibus,

2080 5528 2211 5600 λάθῃ
2230 5543 2341 5601 μου·
2360 5498 2418 5586 ιζ
2445 5534 2512 5604 τῇ
2530 5534 2662 5606 εὐχῇ
2698 5551 2815 5601 σου,
2847 5498 3035 5608 ὥσπερ
3066 5537 3185 5592 οὐδὲ
3209 5498 3324 5607 έγὼ
3354 5498 3598 5602 σοῦίγσιὶ
3624 5541 3655 5596 6

453 5673 497 5705 η
530 5671 549 5726 t
577 5674 702 5731 Cor.
740 5697 791 5746 ι,
818 5684 909 5738 at.

1017 5688 1062 5719 ὀ
1094 5689 1114 5743 l
1148 5688 1271 5746 Cor.
1323 5708 1396 5762 Ix,
1425 5696 1516 5752 2‘2.
1593 5701 1635 5763 Ῥ
1668 5700 1859 5758 Matth.
1890 5720 1943 5770 v,
1977 5705 2066 5760 l6.
