3956 6220
255 364 393 429 1705

1507 365 1683 426 VITA
1722 367 1782 426 s.
1820 331 2226 431 srataoms.

3314 352 3319 353 ί
3365 332 3523 436 ΐτοε

245 477 378 540 Θεὸς
405 477 494 532 καὶ
517 478 571 529 αἱ
602 476 750 546 εὐχχί
782 493 873 528 σιυ
912 474 1173 538 σώζουσίν
1199 493 1285 546 με.
1314 476 1484 529 Πάλιν
1506 471 1600 529 οὖν
1623 474 1826 546 ἠρξατο

1948 479 2075 532 ςίοιιι
2097 494 2197 534 nec
2225 495 2326 547 ego
2355 480 2430 535 tui
2463 480 2776 546 obliviscar;
2798 479 3041 545 etDeas,
3069 496 3173 536 nec
3194 496 3306 538 non
3330 496 3523 553 preces

247 571 523 624 νουθετεῖν
564 569 724 624 αὑτὸν
763 572 792 623 6
819 569 1047 637 ἁδελφδς
1090 568 1256 621 αὐτοῦ
1281 570 1372 622 καὶ
1400 568 1601 637 λέγειν·
1633 567 1826 632 Βλέπε,

250 660 548 730 ἁσςράλισαι
609 660 854 725 σεαυτὸν,
905 658 1101 728 ἁδελφὲ
1167 658 1431 728 Συμεὼν,
1469 658 1557 712 ἵνα
1607 658 1680 728 μὴ
1729 658 1830 710 ὅσα

253 750 482 820 συνῆξεν
545 751 578 821 ἡ
623 748 831 820 ἔρημος
859 789 873 813 ,
920 749 1196 821 σκορπίσῃ
1245 748 1274 800 6
1319 749 1559 818 κόσμος·
1599 747 1694 799 καὶ
1731 747 1832 799 ὅσα

252 841 536 913 ὠφέλησεν
582 845 614 915 ὴ
661 842 860 913 ἡσυχία
891 884 904 909 ,
954 841 1133 917 βλάψῃ
1187 846 1219 912 ἡ
1284 843 1538 912 ταραχή·
1594 840 1685 894 καὶ
1733 841 1831 892 ὅσα

253 931 481 1002 ἤνεγκεν
501 934 532 1000 ἡ
550 933 848 1003 ἀγρυπνία,
871 933 959 986 διὰ
974 932 1145 985 ὕπνου
1174 931 1464 1003 ἀπολέσῃς.
1485 933 1830 1000 Ἀσιράλισαι,

251 1024 472 1094 aesaes,
501 1025 575 1094 μὴ
595 1025 694 1097 τὴν
723 1024 1079 1095 σωφροσύνην
1096 1022 1189 1077 τοῦ
1218 1025 1515 1095 μοναχικοῦ
1545 1024 1835 1095 διαφθείρῃ

255 1116 373 1186 βίου
405 1117 439 1188 ἡ
469 1118 653 1187 ἀπάτη
685 1118 792 1170 τῶν
830 1118 1132 1188 κοσμικῶν.
1172 1117 1348 1170 Βλέπε
1390 1117 1464 1187 μὴ
1495 1116 1588 1170 τὸν
1622 1116 1835 1188 καρπὶν

251 1209 353 1277 τῆς
390 1210 700 1281 στερήσεως
736 1209 861 1274 ,τῶν
910 1208 1190 1277 γυναικῶν
1212 1248 1227 1273 ,
1266 1207 1327 1273 ἐξ
1354 1202 1431 1261 ὧν
1470 1224 1529 1260 σε
1576 1207 1780 1261 ἔσωσεν
1808 1207 1837 1260 6

251 1296 385 1361 Θεὸς
404 1296 514 1362 ’ἕως
547 1299 809 1372 σήμερον,
837 1298 1083 1372 ἀπολέσῃ
1103 1300 1136 1368 ἡ
1182 1298 1300 1367 μετ’
1346 1297 1528 1351 αὐτῶν
1558 1298 1833 1370 διατριϐή.

253 1389 431 1443 Βλέπε
465 1391 542 1462 μὴ
563 1392 662 1463 τὴν
695 1386 1108 1464 ἁκτημοσῦνην,
1138 1392 1207 1463 ἧν
1237 1407 1319 1443 σοι
1360 1392 1389 1444 6
1421 1391 1839 1464 ἀναχωρητιλδς

253 1483 587 1553 προεξένησε
616 1483 750 1555 βίος,
787 1483 1121 1556 διασκεδάσῃ
1162 1485 1195 1555 ἡ
1234 1483 1721 1554 πολυκτημοσύνη,
1762 1484 1835 1556 μή

255 1592 372 1639 πως
413 1577 442 1629 δ
482 1577 710 1646 ἐστηξεν
743 1579 778 1649 ἡ
820 1577 1051 1648 νηστεία
1096 1576 1293 1647 σῶμα,
1328 1576 1549 1649 παχὺνῃ
1593 1576 1662 1630 τὰ
1691 1575 1837 1647 βρώ-

258 1685 426 1738 ματα.

328 1761 430 1815 κθ’.
468 1760 664 1827 Βλέπε,
701 1759 924 1828 ἀδελφὲ,
979 1759 1056 1831 μή
1110 1778 1226 1826 πως
1260 1761 1359 1833 τὴν
1403 1759 1700 1829 κατάνυξίν
1746 1779 1840 1815 σου

252 1852 528 1926 ἀπολέσῃς
572 1852 661 1907 διὰ
686 1850 781 1906 τοῦ
819 1852 1084 1921 γέλωτος,
1117 1853 1213 1907 καὶ
1254 1852 1355 1924 τὴν
1394 1854 1707 1925 προσευχήν
1742 1870 1838 1908 σου

252 1944 343 2000 δή
370 1946 470 2016 τῆς
496 1944 762 2015 ἀμελείας
789 1962 905 1999 σου.
936 1944 1134 2011 Βλέπε,
1152 1944 1478 2017 παρακαλῶ,
1504 1947 1578 2018 μή
1602 1963 1719 2010 πως
1748 1962 1839 2014 γε-

253 2040 455 2102 λῶντος
476 2039 570 2093 τοῦ
604 2038 898 2111 προσώπου
930 2055 1050 2103 σον,
1070 2039 1468 2112 ’συνδιαχέηται
1516 2042 1545 2095 6
1566 2039 1690 2106 νοῦς
1721 2057 1840 2105 σου,

257 2130 333 2200 μὴ
366 2127 476 2182 τῶν
523 2127 725 2200 χειρῶν
765 2128 1203 2200 ψηλαφούντων,
1232 2130 1649 2204 συμψηλαφήσῃ
1676 2132 1772 2186 καὶ
1806 2133 1840 2202 ἡ

253 2221 423 2294 ψυχὴ,
457 2222 532 2294 μὴ
563 2220 656 2276 τοῦ
693 2222 965 2295 στόματος
990 2222 1286 2289 ἐσθίοντος,
1331 2223 1640 2294 συνηδυνθῇ
1681 2225 1778 2278 καὶ
1807 2223 1840 2294 ἡ

256 2316 478 2387 καρδία,
516 2317 591 2388 μὴ
639 2316 751 2371 τῶν
807 2316 987 2371 ποδῶν
1036 2315 1841 2389 βαδιζόντων,ησυνορχήσηται

253 2409 510 2473 ἀτάκτως
545 2411 699 2481 καὶὴ
731 2410 880 2464 ἔνδον
909 2409 1136 2482 ἡσυχία,
1173 2411 1268 2465 καὶ
1306 2411 1595 2484 συντόμως
1642 2413 1842 2479 είπεῖν,

263 2500 340 2573 μὴ
373 2503 474 2556 ὅσα
503 2503 731 2572 πράττει
761 2502 823 2556 τὸ
842 2502 1007 2573 σῶμα
1033 2502 1258 2569 ἔξωθεν,
1278 2503 1496 2577 πράττῃ
1525 2503 1671 2575 καὶή
1698 2504 1845 2575 ψυχὴ

253 2592 481 2649 ῑσωθεν.
512 2595 655 2648 Ἀλλ’
683 2597 731 2648 εἰ
764 2594 858 2649 καὶ
885 2594 1020 2660 ὅλως
1060 2592 1292 2667 εἴληφας
1327 2596 1394 2650 ἔκ
1423 2594 1560 2649 Θεοῦ
1591 2594 1842 2666 δύναμιν,

257 2684 478 2756 ἀδελφὶ,
509 2685 597 2740 ἴνα
626 2687 727 2741 ὅσα
755 2685 851 2740 ἐὰν
872 2685 936 2740 τὸ
957 2686 1121 2758 σῶμα
1148 2686 1334 2760 πράξῃ
1371 2688 1650 2760 σχήματα,
1684 2687 1719 2759 ἢ
1752 2688 1841 2740 λό-

255 2793 405 2845 γους,
439 2778 834 2851 ἢπράγματα,
860 2778 1119 2850 ἀκίνητος
1152 2778 1251 2833 καὶ
1302 2779 1581 2852 ἁτάραχος
1611 2778 1845 2852 διαμένῃ

255 2872 285 2923 6
321 2869 446 2935 νοῦς
481 2887 575 2924 σου
607 2871 759 2942 καὶὴ
795 2870 1015 2943 καρδία,
1052 2871 1148 2925 καὶ
1183 2870 1436 2942 οὐδαμῶς
1480 2870 1588 2925 ὑπὸ
1637 2870 1845 2925 τούτων

260 2961 570 3033 μολύνεται,
601 2962 634 3033 ἢ
667 2962 986 3032 βλάπτεται,
1011 2962 1182 3027 ὅντως
1211 2962 1325 3031 ἐγὼ
1376 2964 1473 3017 ἐπὶ
1508 2965 1576 3035 τῇ
1603 2962 1848 3035 σωτηρίᾳ.

259 3070 355 3109 σου
395 3054 592 3126 χαίρω.
624 3053 786 3125 μόνον
820 3054 911 3108 ἵνα
936 3053 1066 3126 εὔξῃ
1096 3053 1173 3125 τῷ
1203 3052 1345 3126 Θεῷ,
1370 3055 1456 3107 ἵνα
1487 3057 1605 3109 ἐκεῖ
1635 3055 1711 3127 μὴ
1734 3071 1844 3123 χω-

1934 579 2041 625 tua:
2089 573 2386 626 servabunt
2442 588 2550 626 me.
2607 572 2809 627 lterum
2872 587 3004 642 ergo
3064 588 3287 629 monere
3342 573 3521 643 ipsum

1932 665 2100 735 coepit
2139 665 2305 720 frater
2353 665 2495 736 ejus.
2548 678 2602 723 et
2651 668 2871 726 dicere:
2907 670 3044 726 Vide
3093 679 3153 725 ut
3191 678 3385 725 cautus
3424 669 3519 731 sis.

1935 758 2103 812 frater
2138 759 2400 830 Symcon,
2432 776 2520 826 ne,
2568 762 2832 833 quidquid
2881 763 3100 835 collegit
3134 779 3374 829 eremus,
3407 763 3522 818 dis-

1935 853 2415 921 pergatmundus;
2451 854 2711 925 quidquid
2744 858 3019 925 promovit
3069 857 3374 924 silentium,
3426 858 3533 930 lm-j

1935 941 2025 996 dat
2084 943 2391 1008 tumultus;
2450 944 2715 1015 quidquid
2773 956 3242 1023 congregaverunt
3304 948 3520 1018 vigiliae,

1937 1048 2164 1088 somnus
2205 1037 2416 1103 perdat.
2462 1036 2630 1103 Cave,
2671 1037 2857 1103 frater,
2916 1055 2987 1093 ne
3041 1038 3164 1093 vitae
3207 1040 3524 1093 monastic-cc

1940 1124 2393 1190 moderationem,
2439 1126 2625 1181 iuundi
2677 1129 2825 1182 fraus
2873 1136 3209 1199 corrumpat.
3259 1129 3391 1185 Vide
3452 1146 3523 1185 ne

1938 1213 2198 1277 fructum.
2233 1233 2395 1287 quem
2445 1219 2738 1290 percepisti
2772 1236 2835 1275 ex
2883 1221 3132 1276 absentia
3177 1221 3525 1286 feminarum,

1938 1322 1969 1361 a
1994 1309 2193 1378 quibus
2229 1319 2281 1364 te
2313 1312 2578 1366 hactenus
2624 1313 2862 1368 servavit
2906 1312 3067 1375 Deus.
3115 1315 3313 1384 perdat
3341 1314 3526 1370 futura

1940 1415 2063 1455 cum
2110 1401 2191 1455 eis
2229 1403 2594 1458 conversatio.
2631 1405 2764 1460 Vide
2816 1423 2886 1461 ne
2937 1407 3199 1477 inepiam,
3227 1424 3391 1479 quam
3427 1410 3526 1466 tibi

1940 1493 2253 1549 conciliavit
2291 1495 2400 1549 vita
2451 1495 2715 1562 solitaria,
2763 1497 3043 1568 dispergat
3087 1500 3408 1569 opulentia;
3454 1508 3527 1554 ne

1941 1586 2123 1642 forsan
2168 1603 2389 1659 corpus,
2424 1589 2570 1658 quod
2606 1589 2890 1646 amictavit
2919 1590 3215 1662 jejunium,
3260 1593 3366 1648 cibi
3426 1594 3527 1649 im-

1941 1678 2224 1750 pinguem.

2014 1771 2105 1827 9.9.
2148 1771 2305 1835 Vide.
2343 1770 2530 1836 frater,
2569 1787 2639 1827 ne
2667 1772 3147 1844 compunctioncm
3180 1773 3400 1828 amittas
3433 1790 3532 1844 per

1945 1862 2138 1926 risum,
2166 1871 2224 1920 et
2247 1865 2553 1920 orationem
2596 1880 2694 1935 per
2739 1865 3148 1936 negligentiam.
3181 1863 3331 1930 Vide,
3368 1865 3531 1921 obse—

1941 1970 2057 2018 cro,
2096 1970 2189 2017 ne.
2221 1955 2351 2011 dum
2399 1956 2542 2011 ridet
2578 1963 2704 2011 tuus
2747 1957 2953 2021 vultus,
2993 1954 3332 2010 diffundatur
3373 1971 3532 2013 mens

1943 2056 2034 2103 tua
2062 2065 2076 2113 ;
2113 2063 2207 2114 ne,
2248 2047 2382 2104 dum
2403 2056 2751 2105 contrectant
2786 2062 3001 2111 manus,
3034 2047 3198 2103 simul
3231 2056 3535 2102 contrectat

1942 2140 2153 2205 anima;
2172 2154 2264 2203 ne,
2282 2139 2408 2194 dum
2429 2139 2666 2195 comedit
2679 2154 2762 2205 os,
2783 2138 2945 2195 simul
2960 2138 3251 2194 dulcedine
3268 2137 3532 2193 afficiatur

1944 2247 2074 2298 cor;
2106 2246 2200 2298 ne,
2233 2227 2363 2287 dum
2397 2232 2567 2302 pedes
2592 2232 2821 2297 vadunt,
2852 2230 3028 2286 «simul
3062 2231 3371 2287 inordinate
3398 2232 3532 2286 sub-

1945 2323 2116 2379 sultet
2171 2322 2395 2380 interna
2456 2323 2618 2394 quies
2669 2332 2727 2379 ct
2782 2326 2996 2380 interna
3045 2340 3195 2395 pax:
3244 2334 3430 2394 atque,
3475 2334 3537 2377 ut

1946 2414 2096 2485 pacis
2147 2415 2482 2485 complectar
2519 2414 2726 2483 omnia,
2771 2432 2843 2471 ne
2896 2415 3161 2486 quidquid
3203 2415 3537 2487 agitcorpus

1947 2509 2306 2574 extrinsecus,
2338 2509 2522 2564 anima
2552 2509 2716 2565 etiam
2761 2519 2885 2581 agat
2928 2509 3281 2564 intrinsecus.
3330 2508 3437 2565 Sed
3487 2509 3536 2566 si

1949 2614 2174 2674 prorsus
2208 2618 2239 2658 a
2268 2603 2381 2658 Deo
2412 2602 2669 2675 accepisti
2694 2602 2977 2671 virtutem,
3009 2600 3200 2670 frater,
3233 2611 3314 2672 ut,
3343 2620 3450 2675 quo
3477 2618 3539 2658 sa

1948 2712 2166 2770 cunque
2213 2697 2376 2754 modo
2439 2697 2697 2753 habuerit
2741 2712 2964 2769 corpus,
3021 2706 3119 2757 aut
3165 2713 3383 2765 sermo,
3438 2710 3537 2755 aut

1948 2785 2214 2853 actidnes,
2238 2792 2425 2841 careat
2452 2784 2669 2841 animus
2691 2795 2821 2841 tuus
2854 2794 2913 2841 et
2938 2800 3033 2843 cor
3062 2786 3307 2843 motione
3338 2796 3394 2842 et
3411 2803 3540 2858 ρει-«-

1952 2879 2294 2946 turbatione;
2344 2888 2400 2934 et
2445 2880 2765 2950 neutiquam
2797 2880 2866 2934 ab
2916 2878 3023 2935 illis
3043 2879 3221 2936 rebus
3264 2881 3541 2952 polluatur

1948 2980 2045 3026 aut
2070 2972 2335 3037 laedatur;
2372 2985 2501 3026 vere
2545 2970 2615 3031 de
2656 2978 2748 3026 tua
2785 2971 2961 3026 salute
2989 2971 3222 3044 gaudeo,
3262 2971 3428 3027 modo
3480 2980 3543 3026 it

1952 3062 2122 3117 Deum
2153 3078 2299 3128 ores,
2337 3077 2409 3117 ne
2453 3061 2547 3118 hic
2567 3054 2669 3117 nos
2708 3061 2941 3118 alterum
2996 3061 3065 3118 ab
3094 3062 3268 3118 altero
3296 3072 3537 3133 separet.

260 3149 402 3219 ρήσῃ
430 3149 578 3218 ἡμᾶς
603 3147 662 3211 ἐξ
695 3146 926 3201 ἑαυτῶν.
948 3147 1086 3200 Τότε
1112 3146 1263 3215 λέγει
1302 3146 1452 3216 αὐτῷ
1480 3148 1508 3200 6
1536 3144 1714 3210 6665i;
1740 3147 1840 3199 Συ-

1951 3157 2106 3213 'l'uuc
2154 3156 2286 3214 dicit
2332 3156 2382 3212 ei
2422 3155 2593 3212 abbas
2627 3153 2911 3226 Symeon:
2958 3155 3038 3211 Ne
3096 3155 3311 3221 timeas,
3369 3154 3541 3210 frater

261 3241 440 3313 μεών’
492 3241 597 3311 Μὴ.
641 3239 905 3311 φοϐηθῇς,
965 3239 1162 3308 ἀδελφέ⁹
1194 3237 1445 3308 Ἰωάννηο
1491 3238 1554 3292 οὐ
1594 3237 1705 3310 γὰρ
1746 3239 1841 3292 ἀπ’

258 3331 500 3403 ἒμαυτοῦ
529 3331 687 3386 τοῦτο
709 3331 971 3401 βούλομαι
1002 3329 1231 3403 πρᾶξαι,
1272 3328 1411 3383 ἀλλὰ
1439 3327 1534 3383 τοῦ
1579 3327 1712 3382 Θεοῦ
1747 3345 1842 3382 κε-

256 3424 508 3488 λεύοντός
543 3440 656 3494 μοι,
683 3424 777 3476 καὶ
804 3423 862 3474 ὲν
885 3421 1061 3493 τούτῳ
1094 3419 1303 3493 γνώσῃ,
1359 3420 1442 3474 ὅτι
1469 3418 1843 3491 εὐηρέστησεν

257 3517 335 3586 τῷ
362 3515 483 3588 Θεῷ
519 3515 581 3569 τὸ
615 3515 777 3587 ἔργον
804 3532 907 3585 μου
936 3512 1027 3567 διὰ
1049 3513 1151 3583 τῆς
1180 3511 1348 3567 αὑτοῦ
1388 3511 1730 3584 συνεργείας,
1761 3512 1842 3565 ὅτι

258 3611 366 3680 πρὸ
393 3611 489 3662 τοῦ
518 3609 811 3662 ἀποθανεῖν
845 3625 936 3676 με,
983 3607 1236 3677 ἔρχομαι,
1289 3606 1385 3660 καὶ
1415 3605 1569 3660 καλῶ
1612 3622 1695 3671 σε,
1747 3605 1844 3658 καὶ

259 3698 577 3768 ἀσπάζομαί
611 3715 693 3761 σε,
721 3697 817 3751 καὶ
860 3701 917 3750 ὲν
938 3698 1153 3765 ὀλίγαις
1206 3697 1439 3768 ἡμέραις
1487 3695 1712 3766 φθάνεις
1749 3713 1839 3766 με.

272 3791 434 3846 Ἀλλὰ
452 3791 680 3855 ἀνάστα,
712 3790 807 3843 καὶ
831 3789 1150 3859 ποιήσωμεν
1176 3789 1363 3862 εὐχήν.
1397 3789 1506 3843 Καὶ
1527 3786 1842 3860 εὐξαμένων

262 3883 443 3938 αὐτῶν
476 3883 570 3938 ἐπὶ
594 3882 786 3947 ἱκανὰς
819 3880 991 3952 ὥρας,
1031 3880 1125 3934 καὶ
1164 3880 1514 3949 φιλησάντων
1538 3881 1608 3934 τὰ
1631 3880 1843 3934 ἑαυτῶν

264 3981 458 4052 στήθη,
491 3981 585 4035 καὶ
617 3979 923 4051 βρεξάντων
949 3977 1088 4031 αὐτᾶ
1125 3977 1235 4031 ἀπὸ
1265 3975 1374 4030 τῶν
1426 3977 1681 4046 δακρύων
1710 3978 1842 4031 ἑαυ-

258 4072 389 4135 τῶν,
418 4070 692 4125 ἀπέλυσεν
722 4068 885 4123 αὺτδν
912 4070 939 4122 6
960 4068 1137 4132 666:2;
1163 4068 1421 4140 Ἰωάννης
1440 4068 1842 4140 συνοδοιπορή-

262 4181 364 4227 σας
414 4161 564 4233 αὑτῷ
614 4161 799 4217 ἱκανὸν
847 4160 1240 4232 διάστημασοὺ
1268 4160 1377 4231 γὰρ
1416 4159 1585 4214 ἐδίδου
1634 4160 1841 4231 adripi)

259 4253 406 4325 ψυχὴ
440 4252 590 4324 αὐτῷ
627 4250 967 4324 χωρισθῆναι
989 4251 1085 4304 ἀπ’
1117 4250 1307 4315 αὐτοῦ,
1342 4250 1480 4303 ἀλλὰ
1511 4250 1699 4304 καθότι
1729 4251 1840 4304 ἔλε-

260 4361 355 4413 γεν
380 4346 529 4417 αὐτῷ
551 4348 579 4399 ὀ
613 4344 785 4409 άόὄᾶς
819 4344 1064 4415 Συμεὼν,
1098 4342 1493 4414 ’Υπόστρεψον,
1518 4343 1733 4412 ἀδελφέ,
1767 4344 1843 4406 ὡς

262 4438 351 4493 ἵνα
376 4439 641 4511 ἐχώριζεν
682 4438 846 4492 αὐτὸν
893 4436 1142 4509 μάχαιρα
1178 4437 1284 4489 ἀπὸ
1318 4435 1412 4488 τοῦ
1460 4434 1711 4504 σώματος
1742 4435 1840 4488 αὐ-

1950 3249 2191 3307 Joannes
2223 3269 2236 3304 :
2275 3265 2385 3306 non
2421 3248 2566 3304 enim
2600 3247 2824 3325 proprio
2859 3246 3030 3303 Marte
3080 3247 3135 3303 id
3184 3247 3309 3303 volo
3356 3261 3540 3318 agere,

1952 3352 2007 3398 at
2033 3342 2142 3398 Deo
2166 3343 2416 3413 jubente.
2450 3343 2515 3397 Et
2545 3342 2597 3396 in
2632 3342 2737 3397 hoc
2768 3356 3067 3413 cognosces
3122 3339 3395 3414 placuisse
3427 3339 3542 3394 Deo

1950 3454 2089 3508 opus
2118 3452 2322 3503 meum,
2355 3436 2473 3507 ipso
2507 3446 2872 3506 cooperante;
2900 3435 3050 3505 quia,
3081 3433 3399 3505 priusquam
3421 3448 3479 3494 ω
3501 3454 3544 3480 ι-

1952 3530 2079 3597 riar,
2110 3529 2324 3584 veniam
2367 3530 2436 3584 ad
2469 3538 2542 3591 te,
2574 3538 2631 3583 et
2674 3529 2880 3584 vocabo
2910 3537 2985 3593 te,
3032 3535 3087 3582 et
3132 3528 3432 3596 amplectar
3463 3536 3539 3592 te,

1951 3630 2005 3676 ct
2056 3621 2245 3691 paucis
2287 3629 2410 3690 post
2459 3619 2654 3674 diebus
2710 3633 2798 3673 me
2840 3616 3110 3686 sequeris.
3160 3616 3232 3670 At
3266 3630 3450 3687 surge,
3483 3625 3543 3672 et

1936 3712 2254 3768 orationem
2289 3709 2663 3763 instituamus.
2692 3708 2761 3760 Et
2800 3716 3088 3777 postquam
3136 3712 3222 3759 sat
3259 3705 3351 3760 diu
3384 3722 3541 3761 oras-

1950 3809 2094 3870 sent,
2147 3809 2202 3856 et
2256 3800 2395 3854 alter
2444 3797 2674 3852 alterius
2719 3802 2944 3867 pectora
2991 3793 3250 3865 amplexi,
3282 3794 3542 3867 lacryntis

1951 3892 2065 3947 suis
2085 3906 2150 3947 ea
2181 3890 2468 3962 rigassent,
2501 3885 2710 3941 dimisit
2733 3885 2912 3955 ipsum
2957 3884 3127 3941 abbas
3150 3884 3415 3949 Joannes,
3446 3884 3532 3939 fa-

1950 3972 2072 4035 ctus
2123 3977 2227 4051 ipsi
2286 3990 2472 4034 comes
2525 3990 2620 4045 per
2662 3974 2795 4030 satis
2842 3974 3063 4046 longum
3108 3974 3384 4045 spatium;
3426 3990 3536 4029 non

1951 4073 2097 4129 enim
2134 4071 2443 4143 patiebatur
2481 4068 2673 4145 anima
2697 4068 2818 4140 ejus
2844 4067 2914 4123 ab
2954 4068 3073 4138 ipso
3119 4070 3385 4140 separari.
3428 4068 3538 4124 Sed

1950 4159 2170 4239 quando
2220 4165 2320 4236 ipsi
2370 4163 2589 4220 dicebat
2642 4161 2809 4217 frater
2876 4161 3113 4233 Symeon
3152 4180 3164 4214 :
3215 4160 3536 4227 Revertere.

1951 4261 2118 4316 frater
2153 4276 2164 4312 :
2214 4274 2324 4314 non
2359 4257 2519 4313 aliter
2552 4270 2861 4311 sermonem
2917 4255 3064 4310 hunc
3105 4240 3337 4320 audivit,
3369 4272 3533 4326 quam

1953 4353 1995 4408 si
2026 4352 2242 4424 gladius
2267 4365 2393 4407 eum
2421 4337 2736 4419 separasset
2762 4363 2792 4400 a
2824 4363 2924 4402 suo
2959 4362 3208 4417 corpore.
3242 4346 3311 4403 Et
3331 4348 3531 4403 iterum

1952 4443 2143 4499 orabat
2175 4456 2323 4507 cum,
2362 4450 2423 4496 ut
2464 4440 2530 4495 ad
2574 4439 2719 4495 aliud
2760 4439 3035 4494 modicum
3080 4438 3316 4510 spatium
3359 4441 3534 4494 comi-

258 4532 377 4599 τοῦ,
409 4534 581 4597 οὕτως
611 4534 705 4588 τοῦ
736 4533 894 4602 λόγου
921 4534 1115 4587 τούτου
1152 4533 1370 4603 ἤκουεν,
1403 4531 1497 4584 καὶ
1525 4531 1687 4584 πάλιν
1702 4548 1840 4599 παρ-

1950 4533 2052 4587 tari
2088 4533 2453 4603 permitteret.
2481 4531 2691 4602 itaque,
2724 4539 2954 4601 cogente
2994 4530 3171 4601 ipsum
3206 4516 3404 4586 abbate
3437 4530 3538 4602 Sy-

259 4625 445 4679 εκάλει
473 4625 637 4678 αὑτὸν
689 4624 1159 4693 συνακολουθῆσαι
1197 4623 1326 4678 ἄλλο
1358 4621 1563 4689 ὀλίγον.
1624 4621 1710 4684 Ὠς
1748 4616 1843 4675 οὖν

260 4700 523 4769 ἐϐιάσατο
550 4714 714 4769 αὐτὸν
747 4715 774 4768 ὀ
798 4713 971 4777 άϐϐἆς
1000 4710 1247 4783 Συμεὼν,
1299 4711 1642 4784 ὑπέστρεψεν
1667 4753 1680 4778 ,
1718 4711 1843 4782 βρέ-

258 4825 374 4879 χων
399 4807 497 4879 τὴν
531 4806 637 4878 γῆν
662 4810 776 4869 τοῖς
803 4806 1087 4877 δάκρυσιν,
1123 4808 1203 4869 είς
1225 4806 1315 4858 τὸν
1349 4805 1482 4858 ίδιον
1512 4806 1697 4860 τόπον.

273 4902 283 4913 '
329 4896 394 4953 λ’.
424 4896 859 4969 Ὠρθοδρόμησεν
908 4899 965 4950 ὲν
995 4898 1063 4968 τῇ
1114 4896 1250 4966 ἁγίᾳ.
1281 4893 1518 4968 Χριστοῦ
1565 4896 1662 4950 τοῦ
1706 4896 1840 4950 Θεοῦ

258 4991 424 5062 ἡμῶν
448 4989 623 5046 πόλει.
652 4988 843 5059 Ἑδίψα
874 4988 987 5061 γὰρ
1012 4990 1181 5053 πάνυ,
1211 4987 1286 5050 ὡς
1321 4988 1529 5056 ἔλεγεν,
1561 4988 1656 5042 καὶ
1691 4988 1844 5041 ἐκαί-

259 5102 352 5140 ετο
387 5084 666 5140 ἐπιποθῶν
709 5087 769 5139 ὲν
803 5083 1108 5139 ἀπολαύσει
1149 5080 1408 5151 γενέσθαι
1456 5080 1545 5135 διὰ
1574 5080 1847 5136 τοσούτων

259 5178 470 5250 χρόνων
494 5177 603 5232 τῶν
632 5177 804 5247 ἁγίων
825 5174 921 5231 τοῦ
950 5173 1191 5247 Χριστοῦ
1214 5174 1424 5239 τόπων,
1463 5173 1559 5228 καὶ
1600 5173 1848 5229 καταλα-

260 5268 375 5324 ϐὼν
411 5269 472 5324 τὸ
492 5261 649 5339 ἅγιον
676 5270 768 5323 καί
797 5268 1064 5333 ζωοποιδν
1093 5265 1189 5320 τοῦ
1221 5264 1469 5336 Χριστοῦ,
1494 5265 1709 5336 μνῆμα,
1745 5265 1843 5318 καὶ

252 5362 323 5416 τὸ
348 5360 507 5431 ἅγιον
543 5360 639 5414 καὶ
672 5361 966 5431 σωτήριον,
996 5361 1093 5413 καὶ
1130 5357 1428 5429 νικηφόρον
1464 5342 1712 5426 κρανίον,
1750 5355 1847 5425 τὸν

262 5452 427 5509 πόθον
456 5452 798 5524 ἐπλήρωσεν.
834 5451 1114 5523 Ἐνέμεινε
1136 5451 1194 5506 δὲ
1213 5450 1364 5522 τρεῖς
1386 5447 1604 5519 ἡμέρας
1636 5449 1717 5509 είς
1742 5447 1845 5520 τὴν

261 5544 427 5615 ἁγίαν
451 5546 612 5600 πόλιν
651 5545 987 5617 καθήμενος,
1018 5543 1315 5616 ἐρχόμενος
1372 5541 1468 5596 καὶ
1515 5533 1842 5611 προσκυνῶν

261 5637 391 5699 τοὺς
421 5634 762 5699 πανσέπτους
786 5633 883 5690 τοῦ
921 5625 1130 5706 Κυρίου
1158 5633 1382 5697 τόπους,
1400 5631 1495 5687 καὶ
1525 5632 1841 5704 εὐχόμενος.

275 5726 337 5782 Ἥ
369 5729 428 5785 δὲ
465 5729 601 5798 εὐχὴ
655 5717 820 5783 αὐτοῦ
867 5727 1017 5782 πᾶσα
1050 5723 1267 5797 ὑπῆρχε
1318 5723 1413 5779 τοῦ
1464 5720 1842 5798 σκεπασθῆναι

259 5819 427 5876 αὐτοῦ
453 5822 552 5891 τὴν
591 5818 859 5891 ἐργασίαν
913 5819 1079 5890 μέχρι
1106 5817 1209 5888 τῆς
1237 5816 1401 5873 αὐτοῦ
1443 5818 1843 5889 μεταστάσεως

501 5908 779 5978 Ριὴιοι.
814 5916 934 5978 Gs.
964 5910 1189 5979 XCIII.

1950 4637 2167 4687 meone,
2203 4622 2367 4678 rediit
2390 4621 2457 4677 ad
2489 4622 2669 4678 locum
2707 4637 2891 4684 suum,
2924 4622 3175 4693 Iacrymis
3224 4630 3425 4678 terram
3460 4624 3537 4679 ir-

1949 4712 2152 4784 rigans.

2022 4890 2110 4947 '50.
2156 4891 2390 4964 Symeon
2442 4892 2499 4947 in
2542 4901 2786 4947 sanctam
2836 4890 3041 4948 Christi
3075 4892 3350 4948 civitatem
3386 4900 3536 4948 recta

1949 4983 2258 5039 contendit.
2293 4982 2430 5039 Nam
2465 4983 2797 5039 vehemente
2840 4982 3024 5038 aiebat
3066 4982 3221 5037 sitire
3271 4997 3332 5037 se
3369 4990 3425 5037 et
3454 4998 3534 5036 ar-

1950 5075 2082 5131 dere
2133 5074 2409 5131 desidcrio
2438 5075 2562 5148 jam
2590 5064 2795 5130 dudum
2836 5073 3051 5129 fruendi
3102 5073 3309 5130 sanctis
3329 5072 3537 5131 Christi

1943 5167 2107 5226 locis.
2134 5167 2197 5223 Et
2228 5175 2516 5239 postquam
2550 5168 2895 5238 pervenisset
2921 5167 2989 5221 ad
3020 5174 3274 5221 sanctum
3298 5180 3364 5221 ac
3390 5166 3536 5222 vivi--

1947 5261 2112 5318 ﬁcum
2151 5261 2355 5317 Christi
2386 5270 2826 5325 monumentum,
2865 5269 3218 5329 sanctamque
3239 5274 3306 5315 ac
3331 5259 3535 5317 saluta-

1948 5371 2063 5412 rem
2110 5367 2166 5413 et
2197 5355 2475 5411 victricem
2529 5353 2859 5418 Calvariam,
2897 5351 3228 5408 desiderium
3274 5353 3534 5423 explevit.

1944 5445 2084 5502 Nam
2116 5445 2356 5502 triduum
2390 5445 2445 5500 in
2469 5453 2657 5501 sancta
2690 5443 2909 5499 civitate
2943 5451 3186 5499 moratus
3216 5441 3339 5508 fuit,
3374 5457 3533 5500 acce-

1950 5540 2089 5597 dens
2119 5551 2174 5596 et
2205 5540 2441 5596 adorans
2479 5553 2743 5611 perquam
2777 5536 3088 5594 veneranda
3141 5535 3349 5593 Christi
3392 5537 3533 5603 loca.

1948 5644 2004 5690 et
2027 5633 2285 5704 precibus
2313 5645 2534 5689 vacans.
2571 5630 2764 5687 Omnis
2791 5636 2975 5687 autem
3027 5629 3207 5686 oratio
3230 5628 3350 5700 ejus
3393 5639 3534 5691 erat.

1947 5736 2009 5783 ut
2039 5725 2283 5782 actiones
2312 5726 2432 5796 ejus
2461 5733 2797 5798 tegerentur,
2842 5723 3020 5781 donec
3047 5738 3114 5779 ex
3158 5723 3262 5779 hac
3291 5722 3400 5779 vita
3430 5719 3538 5778 mia

1947 5827 2148 5893 graret,
2174 5834 2282 5891 quo
2314 5817 2598 5875 hominum
2630 5816 2855 5893 gloriam
2889 5816 3194 5890 defugeret,
3231 5830 3333 5887 per
3372 5824 3537 5884 quam

3122 5906 3218 5969 ’Μ

3569 4821 3658 4900 \1
