  <div class='ocr_page' id='page_1' title='image "/cluster/home/n/w/nwhite01/storage/ocr_20150623/93/mdp.39015078384313/861.png"; bbox 0 0 4024 6232; ppageno 0'>
   <div class='ocr_carea' id='block_1_1' title="bbox 434 277 578 363">
    <p class='ocr_par' dir='ltr' id='par_1_1' title="bbox 434 277 578 363">
     <span class='ocr_line' id='line_1_1' title="bbox 434 277 578 363; baseline 0 -19"><span class='ocrx_word' id='word_1_1' title='bbox 434 277 578 363; x_wconf 65' lang='lat' dir='ltr'><strong>iw</strong></span> 
     </span>
    </p>
   </div>
   <div class='ocr_carea' id='block_1_2' title="bbox 1420 269 2681 333">
    <p class='ocr_par' dir='ltr' id='par_1_2' title="bbox 1420 269 2681 333">
     <span class='ocr_line' id='line_1_2' title="bbox 1420 269 2681 333; baseline -0.002 0"><span class='ocrx_word' id='word_1_2' title='bbox 1420 271 1728 333; x_wconf 74' lang='lat' dir='ltr'><strong>LEONTII</strong></span> <span class='ocrx_word' id='word_1_3' title='bbox 1773 269 2290 333; x_wconf 71' lang='lat' dir='ltr'><strong>NEAPOLITANI</strong></span> <span class='ocrx_word' id='word_1_4' title='bbox 2336 272 2681 333; x_wconf 80' lang='lat' dir='ltr'><strong>EPISCOPI</strong></span> 
     </span>
    </p>
   </div>
   <div class='ocr_carea' id='block_1_3' title="bbox 3587 269 3761 334">
    <p class='ocr_par' dir='ltr' id='par_1_3' title="bbox 3587 269 3761 334">
     <span class='ocr_line' id='line_1_3' title="bbox 3587 269 3761 334; baseline -0.04 0"><span class='ocrx_word' id='word_1_5' title='bbox 3587 269 3761 334; x_wconf 73' lang='lat'><strong>1703.</strong></span> 
     </span>
    </p>
   </div>
   <div class='ocr_carea' id='block_1_4' title="bbox 430 372 2036 461">
    <p class='ocr_par' dir='ltr' id='par_1_4' title="bbox 430 372 2030 461">
     <span class='ocr_line' id='line_1_4' title="bbox 430 372 2030 461; baseline -0.008 -10"><span class='ocrx_word' id='word_1_6' title='bbox 430 384 657 451; x_wconf 68' lang='lat' dir='ltr'><strong>accedit</strong></span> <span class='ocrx_word' id='word_1_7' title='bbox 689 394 754 449; x_wconf 90' lang='lat' dir='ltr'><strong>ad</strong></span> <span class='ocrx_word' id='word_1_8' title='bbox 803 392 1077 448; x_wconf 82' lang='lat' dir='ltr'><strong>hominem</strong></span> <span class='ocrx_word' id='word_1_9' title='bbox 1122 389 1379 461; x_wconf 78' lang='lat' dir='ltr'><strong>superbia</strong></span> <span class='ocrx_word' id='word_1_10' title='bbox 1425 398 1480 442; x_wconf 93' lang='lat' dir='ltr'><strong>et</strong></span> <span class='ocrx_word' id='word_1_11' title='bbox 1523 372 2030 454; x_wconf 34' lang='lat' dir='ltr'><strong>existimatio‘pro-</strong></span> 
     </span>
    </p>
   </div>
   <div class='ocr_carea' id='block_1_5' title="bbox 2141 372 3721 461">
    <p class='ocr_par' dir='ltr' id='par_1_5' title="bbox 2141 384 3721 459">
     <span class='ocr_line' id='line_1_5' title="bbox 2141 384 3721 459; baseline 0.003 -22"><span class='ocrx_word' id='word_1_12' title='bbox 2141 385 2200 438; x_wconf 77' lang='grc' dir='ltr'>ὲκ</span> <span class='ocrx_word' id='word_1_13' title='bbox 2228 386 2321 439; x_wconf 75' lang='grc' dir='ltr'>τοῦ</span> <span class='ocrx_word' id='word_1_14' title='bbox 2359 386 2496 457; x_wconf 78' lang='grc' dir='ltr'>βίον,</span> <span class='ocrx_word' id='word_1_15' title='bbox 2522 387 2606 440; x_wconf 80' lang='grc' dir='ltr'><strong>ἵνα</strong></span> <span class='ocrx_word' id='word_1_16' title='bbox 2638 386 2877 459; x_wconf 65' lang='grc' dir='ltr'>διαῳύγῃ</span> <span class='ocrx_word' id='word_1_17' title='bbox 2899 384 2995 456; x_wconf 83' lang='grc' dir='ltr'><strong>τὴν</strong></span> <span class='ocrx_word' id='word_1_18' title='bbox 3033 385 3140 439; x_wconf 83' lang='grc' dir='ltr'>τῶν</span> <span class='ocrx_word' id='word_1_19' title='bbox 3182 384 3488 457; x_wconf 81' lang='grc' dir='ltr'>ἀνθρώπων</span> <span class='ocrx_word' id='word_1_20' title='bbox 3538 385 3721 451; x_wconf 73' lang='grc' dir='ltr'>δόξαν.</span> 
     </span>
    </p>
   </div>
   <div class='ocr_carea' id='block_1_6' title="bbox 434 477 2028 570">
    <p class='ocr_par' dir='ltr' id='par_1_6' title="bbox 434 477 2028 570">
     <span class='ocr_line' id='line_1_6' title="bbox 434 477 2028 570; baseline -0.007 -31"><span class='ocrx_word' id='word_1_21' title='bbox 434 489 582 570; x_wconf 70' lang='lat' dir='ltr'><strong>pria,</strong></span> <span class='ocrx_word' id='word_1_22' title='bbox 618 502 738 558; x_wconf 69' lang='lat' dir='ltr'><strong>qua:</strong></span> <span class='ocrx_word' id='word_1_23' title='bbox 768 485 851 539; x_wconf 83' lang='lat' dir='ltr'><strong>vel</strong></span> <span class='ocrx_word' id='word_1_24' title='bbox 875 485 1021 554; x_wconf 89' lang='lat' dir='ltr'><strong>ipsos</strong></span> <span class='ocrx_word' id='word_1_25' title='bbox 1052 480 1274 552; x_wconf 76' lang='lat' dir='ltr'><strong>angelos</strong></span> <span class='ocrx_word' id='word_1_26' title='bbox 1297 478 1533 549; x_wconf 78' lang='lat' dir='ltr'><strong>perdidit</strong></span> <span class='ocrx_word' id='word_1_27' title='bbox 1569 477 1623 530; x_wconf 92' lang='lat' dir='ltr'><strong>in</strong></span> <span class='ocrx_word' id='word_1_28' title='bbox 1657 477 1814 531; x_wconf 73' lang='lat' dir='ltr'><strong>cmlo.</strong></span> <span class='ocrx_word' id='word_1_29' title='bbox 1850 477 2028 529; x_wconf 81' lang='lat' dir='ltr'><strong>Exau-</strong></span> 
     </span>
    </p>
   </div>
   <div class='ocr_carea' id='block_1_7' title="bbox 442 571 2029 652">
    <p class='ocr_par' dir='ltr' id='par_1_7' title="bbox 442 571 2029 652">
     <span class='ocr_line' id='line_1_7' title="bbox 442 571 2029 652; baseline -0.008 -17"><span class='ocrx_word' id='word_1_30' title='bbox 442 582 579 637; x_wconf 78' lang='lat' dir='ltr'><strong>divit</strong></span> <span class='ocrx_word' id='word_1_31' title='bbox 614 597 746 652; x_wconf 86' lang='lat' dir='ltr'><strong>ergo</strong></span> <span class='ocrx_word' id='word_1_32' title='bbox 796 581 975 649; x_wconf 83' lang='lat' dir='ltr'><strong>ipsum</strong></span> <span class='ocrx_word' id='word_1_33' title='bbox 1030 575 1153 635; x_wconf 82' lang='lat' dir='ltr'><strong>ille.</strong></span> <span class='ocrx_word' id='word_1_34' title='bbox 1198 575 1288 645; x_wconf 88' lang='lat' dir='ltr'><strong>qui</strong></span> <span class='ocrx_word' id='word_1_35' title='bbox 1337 573 1475 629; x_wconf 81' lang='lat' dir='ltr'><strong>dixit</strong></span> <span class='ocrx_word' id='word_1_36' title='bbox 1516 589 1529 625; x_wconf 90' lang='lat'><strong>:</strong></span> <span class='ocrx_word' id='word_1_37' title='bbox 1568 590 1587 622; x_wconf 76' lang='grc' dir='ltr'><strong>σ</strong></span> <span class='ocrx_word' id='word_1_38' title='bbox 1641 571 2029 626; x_wconf 86' lang='lat' dir='ltr'><strong>Clamaverunt</strong></span> 
     </span>
    </p>
   </div>
   <div class='ocr_carea' id='block_1_8' title="bbox 438 663 2028 747">
    <p class='ocr_par' dir='ltr' id='par_1_8' title="bbox 438 663 2028 747">
     <span class='ocr_line' id='line_1_8' title="bbox 438 663 2028 747; baseline -0.008 -18"><span class='ocrx_word' id='word_1_39' title='bbox 438 676 595 747; x_wconf 88' lang='lat' dir='ltr'><strong>justi,</strong></span> <span class='ocrx_word' id='word_1_40' title='bbox 629 683 681 729; x_wconf 86' lang='lat' dir='ltr'><strong>et</strong></span> <span class='ocrx_word' id='word_1_41' title='bbox 716 673 977 726; x_wconf 83' lang='lat' dir='ltr'><strong>Dominus</strong></span> <span class='ocrx_word' id='word_1_42' title='bbox 999 668 1279 726; x_wconf 77' lang='lat' dir='ltr'><strong>exaudivit</strong></span> <span class='ocrx_word' id='word_1_43' title='bbox 1311 682 1405 721; x_wconf 86' lang='lat' dir='ltr'><strong>eos</strong></span> <span class='ocrx_word' id='word_1_44' title='bbox 1435 666 1502 718; x_wconf 80' lang='grc'>⁸¹.</span> <span class='ocrx_word' id='word_1_45' title='bbox 1542 682 1560 715; x_wconf 74' lang='grc' dir='ltr'><strong>ι</strong></span> <span class='ocrx_word' id='word_1_46' title='bbox 1588 663 1803 718; x_wconf 84' lang='lat' dir='ltr'><strong>Etenim</strong></span> <span class='ocrx_word' id='word_1_47' title='bbox 1855 678 2028 733; x_wconf 85' lang='lat' dir='ltr'><strong>quan-</strong></span> 
     </span>
    </p>
   </div>
   <div class='ocr_carea' id='block_1_9' title="bbox 442 756 2028 838">
    <p class='ocr_par' dir='ltr' id='par_1_9' title="bbox 442 756 2028 838">
     <span class='ocr_line' id='line_1_9' title="bbox 442 756 2028 838; baseline -0.007 -17"><span class='ocrx_word' id='word_1_48' title='bbox 442 781 605 838; x_wconf 85' lang='lat' dir='ltr'><strong>quam</strong></span> <span class='ocrx_word' id='word_1_49' title='bbox 641 771 788 820; x_wconf 89' lang='lat' dir='ltr'><strong>tanta</strong></span> <span class='ocrx_word' id='word_1_50' title='bbox 832 770 1073 835; x_wconf 80' lang='lat' dir='ltr'><strong>patraret</strong></span> <span class='ocrx_word' id='word_1_51' title='bbox 1105 759 1368 831; x_wconf 87' lang='lat' dir='ltr'><strong>prodigia,</strong></span> <span class='ocrx_word' id='word_1_52' title='bbox 1404 766 1460 813; x_wconf 89' lang='lat' dir='ltr'><strong>et</strong></span> <span class='ocrx_word' id='word_1_53' title='bbox 1500 774 1590 812; x_wconf 89' lang='lat' dir='ltr'><strong>res</strong></span> <span class='ocrx_word' id='word_1_54' title='bbox 1625 767 1737 813; x_wconf 88' lang='lat' dir='ltr'><strong>tam</strong></span> <span class='ocrx_word' id='word_1_55' title='bbox 1787 756 2028 811; x_wconf 87' lang='lat' dir='ltr'><strong>incredi-</strong></span> 
     </span>
    </p>
   </div>
   <div class='ocr_carea' id='block_1_10' title="bbox 441 844 2030 926">
    <p class='ocr_par' dir='ltr' id='par_1_10' title="bbox 441 844 2030 926">
     <span class='ocr_line' id='line_1_10' title="bbox 441 844 2030 926; baseline -0.009 -13"><span class='ocrx_word' id='word_1_56' title='bbox 441 858 580 914; x_wconf 82' lang='lat' dir='ltr'><strong>biles</strong></span> <span class='ocrx_word' id='word_1_57' title='bbox 611 871 774 926; x_wconf 81' lang='lat' dir='ltr'><strong>supra</strong></span> <span class='ocrx_word' id='word_1_58' title='bbox 809 853 1143 923; x_wconf 87' lang='lat' dir='ltr'><strong>opinionem,</strong></span> <span class='ocrx_word' id='word_1_59' title='bbox 1176 856 1339 922; x_wconf 87' lang='lat' dir='ltr'><strong>prout</strong></span> <span class='ocrx_word' id='word_1_60' title='bbox 1381 846 1607 915; x_wconf 83' lang='lat' dir='ltr'><strong>intelligi</strong></span> <span class='ocrx_word' id='word_1_61' title='bbox 1664 846 1824 900; x_wconf 89' lang='lat' dir='ltr'><strong>datur</strong></span> <span class='ocrx_word' id='word_1_62' title='bbox 1857 860 1921 899; x_wconf 83' lang='lat' dir='ltr'><strong>ex</strong></span> <span class='ocrx_word' id='word_1_63' title='bbox 1962 844 2030 899; x_wconf 92' lang='lat' dir='ltr'><strong>iis</strong></span> 
     </span>
    </p>
   </div>
   <div class='ocr_carea' id='block_1_11' title="bbox 442 939 2030 1021">
    <p class='ocr_par' dir='ltr' id='par_1_11' title="bbox 442 939 2030 1021">
     <span class='ocr_line' id='line_1_11' title="bbox 442 939 2030 1021; baseline -0.008 -16"><span class='ocrx_word' id='word_1_64' title='bbox 442 964 563 1021; x_wconf 77' lang='lat' dir='ltr'><strong>qua:</strong></span> <span class='ocrx_word' id='word_1_65' title='bbox 592 956 932 1017; x_wconf 84' lang='lat' dir='ltr'><strong>sequuntur:</strong></span> <span class='ocrx_word' id='word_1_66' title='bbox 967 959 1077 999; x_wconf 91' lang='lat' dir='ltr'><strong>non</strong></span> <span class='ocrx_word' id='word_1_67' title='bbox 1110 941 1314 998; x_wconf 78' lang='lat' dir='ltr'><strong>ﬁebant</strong></span> <span class='ocrx_word' id='word_1_68' title='bbox 1343 943 1591 997; x_wconf 89' lang='lat' dir='ltr'><strong>actiones</strong></span> <span class='ocrx_word' id='word_1_69' title='bbox 1618 940 1816 1005; x_wconf 89' lang='lat' dir='ltr'><strong>sancti,</strong></span> <span class='ocrx_word' id='word_1_70' title='bbox 1854 939 2030 994; x_wconf 91' lang='lat' dir='ltr'><strong>homi-</strong></span> 
     </span>
    </p>
   </div>
   <div class='ocr_carea' id='block_1_12' title="bbox 443 1030 2030 1104">
    <p class='ocr_par' dir='ltr' id='par_1_12' title="bbox 443 1030 2030 1104">
     <span class='ocr_line' id='line_1_12' title="bbox 443 1030 2030 1104; baseline -0.009 -8"><span class='ocrx_word' id='word_1_71' title='bbox 443 1041 609 1097; x_wconf 89' lang='lat' dir='ltr'><strong>nibus</strong></span> <span class='ocrx_word' id='word_1_72' title='bbox 636 1037 969 1092; x_wconf 61' lang='lat' dir='ltr'><strong>manifestas.</strong></span> <span class='ocrx_word' id='word_1_73' title='bbox 1005 1033 1140 1089; x_wconf 81' lang='lat' dir='ltr'><strong>Nam</strong></span> <span class='ocrx_word' id='word_1_74' title='bbox 1174 1034 1367 1104; x_wconf 67' lang='lat' dir='ltr'><strong>petitio</strong></span> <span class='ocrx_word' id='word_1_75' title='bbox 1412 1033 1533 1102; x_wconf 77' lang='lat' dir='ltr'><strong>ejus</strong></span> <span class='ocrx_word' id='word_1_76' title='bbox 1573 1031 1716 1087; x_wconf 88' lang='lat' dir='ltr'><strong>facta</strong></span> <span class='ocrx_word' id='word_1_77' title='bbox 1767 1041 1853 1086; x_wconf 90' lang='lat' dir='ltr'><strong>est</strong></span> <span class='ocrx_word' id='word_1_78' title='bbox 1878 1030 2030 1085; x_wconf 89' lang='lat' dir='ltr'><strong>velut</strong></span> 
     </span>
    </p>
   </div>
   <div class='ocr_carea' id='block_1_13' title="bbox 444 1119 2031 1201">
    <p class='ocr_par' dir='ltr' id='par_1_13' title="bbox 444 1119 2031 1201">
     <span class='ocr_line' id='line_1_13' title="bbox 444 1119 2031 1201; baseline -0.006 -19"><span class='ocrx_word' id='word_1_79' title='bbox 444 1139 659 1201; x_wconf 87' lang='lat' dir='ltr'><strong>tegmen</strong></span> <span class='ocrx_word' id='word_1_80' title='bbox 692 1142 861 1198; x_wconf 86' lang='lat' dir='ltr'><strong>super</strong></span> <span class='ocrx_word' id='word_1_81' title='bbox 909 1126 1074 1181; x_wconf 89' lang='lat' dir='ltr'><strong>corda</strong></span> <span class='ocrx_word' id='word_1_82' title='bbox 1112 1140 1324 1185; x_wconf 87' lang='lat' dir='ltr'><strong>eorum,</strong></span> <span class='ocrx_word' id='word_1_83' title='bbox 1355 1123 1531 1181; x_wconf 86' lang='lat' dir='ltr'><strong>donec</strong></span> <span class='ocrx_word' id='word_1_84' title='bbox 1575 1121 1631 1175; x_wconf 91' lang='lat' dir='ltr'><strong>in</strong></span> <span class='ocrx_word' id='word_1_85' title='bbox 1668 1120 1898 1175; x_wconf 90' lang='lat' dir='ltr'><strong>Domino</strong></span> <span class='ocrx_word' id='word_1_86' title='bbox 1940 1119 2031 1174; x_wconf 91' lang='lat' dir='ltr'><strong>ob-</strong></span> 
     </span>
    </p>
   </div>
   <div class='ocr_carea' id='block_1_14' title="bbox 441 1212 2026 1288">
    <p class='ocr_par' dir='ltr' id='par_1_14' title="bbox 441 1212 2026 1288">
     <span class='ocr_line' id='line_1_14' title="bbox 441 1212 2026 1288; baseline -0.006 -12"><span class='ocrx_word' id='word_1_87' title='bbox 441 1221 723 1280; x_wconf 84' lang='lat' dir='ltr'><strong>d‘ormiret.</strong></span> <span class='ocrx_word' id='word_1_88' title='bbox 752 1220 845 1288; x_wconf 86' lang='lat' dir='ltr'><strong>qui</strong></span> <span class='ocrx_word' id='word_1_89' title='bbox 888 1217 1144 1271; x_wconf 73' lang='lat' dir='ltr'><strong>videbant</strong></span> <span class='ocrx_word' id='word_1_90' title='bbox 1176 1231 1260 1281; x_wconf 85' lang='lat' dir='ltr'><strong>ea,</strong></span> <span class='ocrx_word' id='word_1_91' title='bbox 1292 1232 1413 1284; x_wconf 66' lang='lat' dir='ltr'><strong>quae</strong></span> <span class='ocrx_word' id='word_1_92' title='bbox 1441 1214 1778 1285; x_wconf 82' lang='lat' dir='ltr'><strong>perficiebat.</strong></span> <span class='ocrx_word' id='word_1_93' title='bbox 1815 1212 1893 1284; x_wconf 86' lang='lat' dir='ltr'><strong>[et</strong></span> <span class='ocrx_word' id='word_1_94' title='bbox 1916 1228 2026 1267; x_wconf 85' lang='lat' dir='ltr'><strong>non</strong></span> 
     </span>
    </p>
   </div>
   <div class='ocr_carea' id='block_1_15' title="bbox 441 1303 2033 1380">
    <p class='ocr_par' dir='ltr' id='par_1_15' title="bbox 441 1303 2033 1380">
     <span class='ocr_line' id='line_1_15' title="bbox 441 1303 2033 1380; baseline -0.004 -16"><span class='ocrx_word' id='word_1_95' title='bbox 441 1306 870 1380; x_wconf 85' lang='lat' dir='ltr'><strong>intelligebant.]</strong></span> <span class='ocrx_word' id='word_1_96' title='bbox 913 1306 1198 1372; x_wconf 82' lang='lat' dir='ltr'><strong>Quomodo</strong></span> <span class='ocrx_word' id='word_1_97' title='bbox 1241 1306 1410 1370; x_wconf 83' lang='lat' dir='ltr'><strong>enim,</strong></span> <span class='ocrx_word' id='word_1_98' title='bbox 1444 1304 1550 1358; x_wconf 91' lang='lat' dir='ltr'><strong>nisi</strong></span> <span class='ocrx_word' id='word_1_99' title='bbox 1588 1319 1677 1358; x_wconf 83' lang='lat' dir='ltr'><strong>res</strong></span> <span class='ocrx_word' id='word_1_100' title='bbox 1727 1304 1800 1358; x_wconf 88' lang='lat' dir='ltr'><strong>ita</strong></span> <span class='ocrx_word' id='word_1_101' title='bbox 1840 1319 1899 1358; x_wconf 91' lang='lat' dir='ltr'><strong>se</strong></span> <span class='ocrx_word' id='word_1_102' title='bbox 1932 1303 2033 1357; x_wconf 91' lang='lat' dir='ltr'><strong>ha-</strong></span> 
     </span>
    </p>
   </div>
   <div class='ocr_carea' id='block_1_16' title="bbox 439 1395 2029 1469">
    <p class='ocr_par' dir='ltr' id='par_1_16' title="bbox 439 1395 2029 1469">
     <span class='ocr_line' id='line_1_16' title="bbox 439 1395 2029 1469; baseline -0.004 -12"><span class='ocrx_word' id='word_1_103' title='bbox 439 1402 626 1458; x_wconf 83' lang='lat' dir='ltr'><strong>buerit</strong></span> <span class='ocrx_word' id='word_1_104' title='bbox 648 1443 661 1467; x_wconf 94' lang='lat'><strong>,</strong></span> <span class='ocrx_word' id='word_1_105' title='bbox 697 1400 822 1462; x_wconf 79' lang='lat' dir='ltr'><strong>nisi,</strong></span> <span class='ocrx_word' id='word_1_106' title='bbox 851 1399 1093 1469; x_wconf 84' lang='lat' dir='ltr'><strong>in&#39;quam,</strong></span> <span class='ocrx_word' id='word_1_107' title='bbox 1132 1397 1278 1451; x_wconf 84' lang='lat' dir='ltr'><strong>Deus</strong></span> <span class='ocrx_word' id='word_1_108' title='bbox 1310 1395 1572 1451; x_wconf 84' lang='lat' dir='ltr'><strong>virtutem</strong></span> <span class='ocrx_word' id='word_1_109' title='bbox 1609 1395 1755 1450; x_wconf 82' lang='lat' dir='ltr'><strong>beati</strong></span> <span class='ocrx_word' id='word_1_110' title='bbox 1789 1395 1891 1449; x_wconf 84' lang='lat' dir='ltr'><strong>viri</strong></span> <span class='ocrx_word' id='word_1_111' title='bbox 1923 1396 2029 1451; x_wconf 89' lang='lat' dir='ltr'><strong>ho-</strong></span> 
     </span>
    </p>
   </div>
   <div class='ocr_carea' id='block_1_17' title="bbox 435 1486 2030 1558">
    <p class='ocr_par' dir='ltr' id='par_1_17' title="bbox 435 1486 2030 1558">
     <span class='ocr_line' id='line_1_17' title="bbox 435 1486 2030 1558; baseline -0.004 -10"><span class='ocrx_word' id='word_1_112' title='bbox 435 1493 686 1548; x_wconf 82' lang='lat' dir='ltr'><strong>minibus</strong></span> <span class='ocrx_word' id='word_1_113' title='bbox 737 1490 1046 1554; x_wconf 83' lang='lat' dir='ltr'><strong>oceultarit,</strong></span> <span class='ocrx_word' id='word_1_114' title='bbox 1107 1496 1334 1557; x_wconf 84' lang='lat' dir='ltr'><strong>propter</strong></span> <span class='ocrx_word' id='word_1_115' title='bbox 1368 1501 1516 1552; x_wconf 89' lang='lat' dir='ltr'><strong>eam,</strong></span> <span class='ocrx_word' id='word_1_116' title='bbox 1561 1502 1725 1556; x_wconf 88' lang='lat' dir='ltr'><strong>quam</strong></span> <span class='ocrx_word' id='word_1_117' title='bbox 1775 1488 1844 1541; x_wconf 90' lang='lat' dir='ltr'><strong>ab</strong></span> <span class='ocrx_word' id='word_1_118' title='bbox 1895 1486 2030 1558; x_wconf 88' lang='lat' dir='ltr'><strong>ipsis</strong></span> 
     </span>
    </p>
   </div>
   <div class='ocr_carea' id='block_1_18' title="bbox 432 1579 2032 1657">
    <p class='ocr_par' dir='ltr' id='par_1_18' title="bbox 432 1579 2032 1657">
     <span class='ocr_line' id='line_1_18' title="bbox 432 1579 2032 1657; baseline -0.006 -15"><span class='ocrx_word' id='word_1_119' title='bbox 432 1588 737 1657; x_wconf 71' lang='lat' dir='ltr'><strong>adepturus</strong></span> <span class='ocrx_word' id='word_1_120' title='bbox 767 1591 901 1645; x_wconf 85' lang='lat' dir='ltr'><strong>erat,</strong></span> <span class='ocrx_word' id='word_1_121' title='bbox 928 1582 1174 1653; x_wconf 72' lang='lat' dir='ltr'><strong>gloriam,</strong></span> <span class='ocrx_word' id='word_1_122' title='bbox 1195 1593 1309 1635; x_wconf 89' lang='lat' dir='ltr'><strong>non</strong></span> <span class='ocrx_word' id='word_1_123' title='bbox 1342 1579 2032 1635; x_wconf 86' lang='lat' dir='ltr'><strong>innotescebatomnibus?</strong></span> 
     </span>
    </p>
   </div>
   <div class='ocr_carea' id='block_1_19' title="bbox 442 1674 2030 1748">
    <p class='ocr_par' dir='ltr' id='par_1_19' title="bbox 442 1674 2030 1748">
     <span class='ocr_line' id='line_1_19' title="bbox 442 1674 2030 1748; baseline -0.005 -13"><span class='ocrx_word' id='word_1_124' title='bbox 442 1680 543 1747; x_wconf 80' lang='lat' dir='ltr'><strong>Qui</strong></span> <span class='ocrx_word' id='word_1_125' title='bbox 570 1694 717 1734; x_wconf 90' lang='lat' dir='ltr'><strong>nunc</strong></span> <span class='ocrx_word' id='word_1_126' title='bbox 740 1677 961 1748; x_wconf 84' lang='lat' dir='ltr'><strong>quidem</strong></span> <span class='ocrx_word' id='word_1_127' title='bbox 990 1674 1359 1730; x_wconf 63' lang='lat' dir='ltr'><strong>daamoniacos</strong></span> <span class='ocrx_word' id='word_1_128' title='bbox 1381 1674 1630 1740; x_wconf 86' lang='lat' dir='ltr'><strong>sanabat,</strong></span> <span class='ocrx_word' id='word_1_129' title='bbox 1658 1688 1808 1728; x_wconf 91' lang='lat' dir='ltr'><strong>nunc</strong></span> <span class='ocrx_word' id='word_1_130' title='bbox 1838 1689 2030 1727; x_wconf 86' lang='lat' dir='ltr'><strong>rursus</strong></span> 
     </span>
    </p>
   </div>
   <div class='ocr_carea' id='block_1_20' title="bbox 2129 471 3723 551">
    <p class='ocr_par' dir='ltr' id='par_1_20' title="bbox 2129 471 3723 551">
     <span class='ocr_line' id='line_1_20' title="bbox 2129 471 3723 551; baseline 0.001 -22"><span class='ocrx_word' id='word_1_131' title='bbox 2129 474 2197 529; x_wconf 86' lang='grc' dir='ltr'>δι’</span> <span class='ocrx_word' id='word_1_132' title='bbox 2221 471 2290 551; x_wconf 78' lang='grc' dir='ltr'>ἧς</span> <span class='ocrx_word' id='word_1_133' title='bbox 2324 478 2686 546; x_wconf 80' lang='grc' dir='ltr'>παραγίνεται</span> <span class='ocrx_word' id='word_1_134' title='bbox 2743 477 2822 548; x_wconf 77' lang='grc' dir='ltr'>τῷ</span> <span class='ocrx_word' id='word_1_135' title='bbox 2874 476 3151 548; x_wconf 73' lang='grc' dir='ltr'>ἀνθρώπῳ</span> <span class='ocrx_word' id='word_1_136' title='bbox 3186 478 3573 548; x_wconf 73' lang='grc' dir='ltr'>ύττερηιράνεια</span> <span class='ocrx_word' id='word_1_137' title='bbox 3627 480 3723 530; x_wconf 73' lang='grc' dir='ltr'>καὶ</span> 
     </span>
    </p>
   </div>
   <div class='ocr_carea' id='block_1_21' title="bbox 2131 567 3725 639">
    <p class='ocr_par' dir='ltr' id='par_1_21' title="bbox 2131 567 3725 639">
     <span class='ocr_line' id='line_1_21' title="bbox 2131 567 3725 639; baseline 0.002 -21"><span class='ocrx_word' id='word_1_138' title='bbox 2131 567 2331 638; x_wconf 79' lang='grc' dir='ltr'><strong>οἴησις,</strong></span> <span class='ocrx_word' id='word_1_139' title='bbox 2376 569 2467 620; x_wconf 76' lang='grc' dir='ltr'><strong>καὶ</strong></span> <span class='ocrx_word' id='word_1_140' title='bbox 2512 567 2776 637; x_wconf 82' lang='grc' dir='ltr'>ἀγγέλους</span> <span class='ocrx_word' id='word_1_141' title='bbox 2819 569 3139 621; x_wconf 74' lang='grc' dir='ltr'>ἀπολέσασα</span> <span class='ocrx_word' id='word_1_142' title='bbox 3181 568 3240 633; x_wconf 79' lang='grc' dir='ltr'><strong>ἐξ</strong></span> <span class='ocrx_word' id='word_1_143' title='bbox 3278 569 3543 639; x_wconf 63' lang='grc' dir='ltr'>οὐρανῶν.</span> <span class='ocrx_word' id='word_1_144' title='bbox 3599 569 3725 621; x_wconf 80' lang='grc' dir='ltr'><strong>Εἰσ-</strong></span> 
     </span>
    </p>
   </div>
   <div class='ocr_carea' id='block_1_22' title="bbox 2131 654 3721 729">
    <p class='ocr_par' dir='ltr' id='par_1_22' title="bbox 2131 654 3721 729">
     <span class='ocr_line' id='line_1_22' title="bbox 2131 654 3721 729; baseline 0.001 -21"><span class='ocrx_word' id='word_1_145' title='bbox 2131 659 2365 729; x_wconf 76' lang='grc' dir='ltr'>ἡκουσεν</span> <span class='ocrx_word' id='word_1_146' title='bbox 2391 654 2484 711; x_wconf 73' lang='grc' dir='ltr'><strong>οὖν</strong></span> <span class='ocrx_word' id='word_1_147' title='bbox 2508 658 2694 718; x_wconf 73' lang='grc' dir='ltr'>αὐτοῦ,</span> <span class='ocrx_word' id='word_1_148' title='bbox 2735 658 2761 709; x_wconf 87' lang='grc' dir='ltr'><em>ὁ</em></span> <span class='ocrx_word' id='word_1_149' title='bbox 2785 657 2985 711; x_wconf 76' lang='grc' dir='ltr'>εἰπών’</span> <span class='ocrx_word' id='word_1_150' title='bbox 3013 677 3031 710; x_wconf 78' lang='grc' dir='ltr'><strong>ι</strong></span> <span class='ocrx_word' id='word_1_151' title='bbox 3061 659 3401 729; x_wconf 75' lang='grc' dir='ltr'>Ἐκέκραξαν</span> <span class='ocrx_word' id='word_1_152' title='bbox 3426 660 3476 711; x_wconf 73' lang='grc' dir='ltr'>οἱ</span> <span class='ocrx_word' id='word_1_153' title='bbox 3496 659 3721 721; x_wconf 82' lang='grc' dir='ltr'>δίκαιοι,</span> 
     </span>
    </p>
   </div>
   <div class='ocr_carea' id='block_1_23' title="bbox 2132 750 3726 822">
    <p class='ocr_par' dir='ltr' id='par_1_23' title="bbox 2132 750 3726 822">
     <span class='ocr_line' id='line_1_23' title="bbox 2132 750 3726 822; baseline 0 -17"><span class='ocrx_word' id='word_1_154' title='bbox 2132 753 2227 805; x_wconf 75' lang='grc' dir='ltr'><strong>καὶ</strong></span> <span class='ocrx_word' id='word_1_155' title='bbox 2264 752 2293 803; x_wconf 90' lang='grc' dir='ltr'>ὁ</span> <span class='ocrx_word' id='word_1_156' title='bbox 2325 751 2529 822; x_wconf 82' lang='grc' dir='ltr'>Κύριος</span> <span class='ocrx_word' id='word_1_157' title='bbox 2552 752 2875 822; x_wconf 72' lang='grc' dir='ltr'>εἰσήκουσεν</span> <span class='ocrx_word' id='word_1_158' title='bbox 2900 753 3103 807; x_wconf 76' lang='grc' dir='ltr'><strong>αὐτῶν⁹</strong></span> <span class='ocrx_word' id='word_1_159' title='bbox 3146 771 3162 803; x_wconf 77' lang='grc' dir='ltr'><strong>ι</strong></span> <span class='ocrx_word' id='word_1_160' title='bbox 3194 753 3287 805; x_wconf 87' lang='grc' dir='ltr'><strong>καί</strong></span> <span class='ocrx_word' id='word_1_161' title='bbox 3312 752 3422 822; x_wconf 74' lang='grc' dir='ltr'><strong>γάρ</strong></span> <span class='ocrx_word' id='word_1_162' title='bbox 3452 750 3726 816; x_wconf 72' lang='grc' dir='ltr'><strong>τοσαύτας</strong></span> 
     </span>
    </p>
   </div>
   <div class='ocr_carea' id='block_1_24' title="bbox 2133 843 3725 916">
    <p class='ocr_par' dir='ltr' id='par_1_24' title="bbox 2133 843 3725 916">
     <span class='ocr_line' id='line_1_24' title="bbox 2133 843 3725 916; baseline 0.001 -18"><span class='ocrx_word' id='word_1_163' title='bbox 2133 845 2585 916; x_wconf 67' lang='grc' dir='ltr'>θαυματουργίας</span> <span class='ocrx_word' id='word_1_164' title='bbox 2638 844 2803 898; x_wconf 72' lang='grc' dir='ltr'>αὐτοῦ</span> <span class='ocrx_word' id='word_1_165' title='bbox 2844 845 3302 909; x_wconf 79' lang='grc' dir='ltr'>ἐπιτελέσαντος,</span> <span class='ocrx_word' id='word_1_166' title='bbox 3348 846 3444 899; x_wconf 72' lang='grc' dir='ltr'><strong>καὶ</strong></span> <span class='ocrx_word' id='word_1_167' title='bbox 3482 843 3725 899; x_wconf 72' lang='grc' dir='ltr'>τοσαῦτα</span> 
     </span>
    </p>
   </div>
   <div class='ocr_carea' id='block_1_25' title="bbox 2132 938 3726 1011">
    <p class='ocr_par' dir='ltr' id='par_1_25' title="bbox 2132 938 3726 1011">
     <span class='ocr_line' id='line_1_25' title="bbox 2132 938 3726 1011; baseline 0.002 -20"><span class='ocrx_word' id='word_1_168' title='bbox 2132 938 2412 1009; x_wconf 82' lang='grc' dir='ltr'>παράδοξα</span> <span class='ocrx_word' id='word_1_169' title='bbox 2440 940 2951 1010; x_wconf 70' lang='grc' dir='ltr'><strong>κατεργασαμένου,</strong></span> <span class='ocrx_word' id='word_1_170' title='bbox 2981 941 3055 1004; x_wconf 83' lang='grc' dir='ltr'><strong>ὡς</strong></span> <span class='ocrx_word' id='word_1_171' title='bbox 3076 943 3138 994; x_wconf 82' lang='grc' dir='ltr'><strong>ἐκ</strong></span> <span class='ocrx_word' id='word_1_172' title='bbox 3175 940 3287 994; x_wconf 81' lang='grc' dir='ltr'><strong>τῶν</strong></span> <span class='ocrx_word' id='word_1_173' title='bbox 3322 940 3451 1009; x_wconf 77' lang='grc' dir='ltr'>ἑξῆς</span> <span class='ocrx_word' id='word_1_174' title='bbox 3475 940 3592 994; x_wconf 75' lang='grc' dir='ltr'>ἐστι</span> <span class='ocrx_word' id='word_1_175' title='bbox 3621 958 3726 1011; x_wconf 84' lang='grc' dir='ltr'>μα-</span> 
     </span>
    </p>
   </div>
   <div class='ocr_carea' id='block_1_26' title="bbox 2134 1031 3727 1105">
    <p class='ocr_par' dir='ltr' id='par_1_26' title="bbox 2134 1031 3727 1105">
     <span class='ocr_line' id='line_1_26' title="bbox 2134 1031 3727 1105; baseline 0.001 -21"><span class='ocrx_word' id='word_1_176' title='bbox 2134 1031 2284 1098; x_wconf 86' lang='grc' dir='ltr'>θεῖν,</span> <span class='ocrx_word' id='word_1_177' title='bbox 2329 1033 2431 1085; x_wconf 85' lang='grc' dir='ltr'><strong>οὑκ</strong></span> <span class='ocrx_word' id='word_1_178' title='bbox 2487 1033 2707 1101; x_wconf 81' lang='grc' dir='ltr'>ἐγένετο</span> <span class='ocrx_word' id='word_1_179' title='bbox 2743 1033 2880 1104; x_wconf 78' lang='grc' dir='ltr'><strong>δήλη</strong></span> <span class='ocrx_word' id='word_1_180' title='bbox 2917 1035 2951 1105; x_wconf 78' lang='grc' dir='ltr'>ἡ</span> <span class='ocrx_word' id='word_1_181' title='bbox 2985 1032 3079 1087; x_wconf 75' lang='grc' dir='ltr'>τοῦ</span> <span class='ocrx_word' id='word_1_182' title='bbox 3131 1032 3280 1087; x_wconf 83' lang='grc' dir='ltr'>ὁσίου</span> <span class='ocrx_word' id='word_1_183' title='bbox 3326 1034 3560 1105; x_wconf 79' lang='grc' dir='ltr'>ἐργασία</span> <span class='ocrx_word' id='word_1_184' title='bbox 3610 1036 3727 1096; x_wconf 77' lang='grc' dir='ltr'>τοῖς</span> 
     </span>
    </p>
   </div>
   <div class='ocr_carea' id='block_1_27' title="bbox 2132 1122 3727 1197">
    <p class='ocr_par' dir='ltr' id='par_1_27' title="bbox 2132 1122 3727 1197">
     <span class='ocr_line' id='line_1_27' title="bbox 2132 1122 3727 1197; baseline -0.001 -18"><span class='ocrx_word' id='word_1_185' title='bbox 2132 1122 2464 1195; x_wconf 79' lang='grc' dir='ltr'>ἀνθρώποις.</span> <span class='ocrx_word' id='word_1_186' title='bbox 2514 1124 2578 1177; x_wconf 84' lang='grc' dir='ltr'><strong>Ἦ</strong></span> <span class='ocrx_word' id='word_1_187' title='bbox 2625 1124 2737 1196; x_wconf 81' lang='grc' dir='ltr'><strong>γάρ</strong></span> <span class='ocrx_word' id='word_1_188' title='bbox 2766 1125 2983 1197; x_wconf 77' lang='grc' dir='ltr'>αἴτησις</span> <span class='ocrx_word' id='word_1_189' title='bbox 3015 1125 3179 1179; x_wconf 78' lang='grc' dir='ltr'>αὑτοῦ</span> <span class='ocrx_word' id='word_1_190' title='bbox 3219 1124 3410 1196; x_wconf 78' lang='grc' dir='ltr'>ὥσπερ</span> <span class='ocrx_word' id='word_1_191' title='bbox 3459 1125 3727 1194; x_wconf 77' lang='grc' dir='ltr'>κάλυμμα</span> 
     </span>
    </p>
   </div>
   <div class='ocr_carea' id='block_1_28' title="bbox 2133 1216 3730 1289">
    <p class='ocr_par' dir='ltr' id='par_1_28' title="bbox 2133 1216 3730 1289">
     <span class='ocr_line' id='line_1_28' title="bbox 2133 1216 3730 1289; baseline 0.001 -21"><span class='ocrx_word' id='word_1_192' title='bbox 2133 1216 2351 1286; x_wconf 78' lang='grc' dir='ltr'>ἐγένετο</span> <span class='ocrx_word' id='word_1_193' title='bbox 2378 1217 2471 1269; x_wconf 77' lang='grc' dir='ltr'><strong>ἐπὶ</strong></span> <span class='ocrx_word' id='word_1_194' title='bbox 2510 1218 2607 1280; x_wconf 78' lang='grc' dir='ltr'><strong>τάς</strong></span> <span class='ocrx_word' id='word_1_195' title='bbox 2639 1218 2867 1288; x_wconf 71' lang='grc' dir='ltr'>καρδίας</span> <span class='ocrx_word' id='word_1_196' title='bbox 2887 1217 2997 1271; x_wconf 86' lang='grc' dir='ltr'><strong>τῶν</strong></span> <span class='ocrx_word' id='word_1_197' title='bbox 3027 1217 3383 1289; x_wconf 78' lang='grc' dir='ltr'>θεωρούντων</span> <span class='ocrx_word' id='word_1_198' title='bbox 3406 1217 3475 1271; x_wconf 75' lang='grc' dir='ltr'><strong>τά</strong></span> <span class='ocrx_word' id='word_1_199' title='bbox 3507 1217 3601 1270; x_wconf 78' lang='grc' dir='ltr'>ὑπ’</span> <span class='ocrx_word' id='word_1_200' title='bbox 3624 1218 3730 1271; x_wconf 78' lang='grc' dir='ltr'>αύ-</span> 
     </span>
    </p>
   </div>
   <div class='ocr_carea' id='block_1_29' title="bbox 2132 1310 3726 1385">
    <p class='ocr_par' dir='ltr' id='par_1_29' title="bbox 2132 1310 3726 1385">
     <span class='ocr_line' id='line_1_29' title="bbox 2132 1310 3726 1385; baseline 0.002 -22"><span class='ocrx_word' id='word_1_201' title='bbox 2132 1310 2225 1364; x_wconf 78' lang='grc' dir='ltr'>τοῦ</span> <span class='ocrx_word' id='word_1_202' title='bbox 2253 1310 2579 1381; x_wconf 75' lang='grc' dir='ltr'><strong>τελούμενα,</strong></span> <span class='ocrx_word' id='word_1_203' title='bbox 2610 1311 2715 1376; x_wconf 75' lang='grc' dir='ltr'>ἕως</span> <span class='ocrx_word' id='word_1_204' title='bbox 2744 1312 2840 1382; x_wconf 81' lang='grc' dir='ltr'><strong>τῆς</strong></span> <span class='ocrx_word' id='word_1_205' title='bbox 2865 1312 3030 1365; x_wconf 74' lang='grc' dir='ltr'>αὐτοῦ</span> <span class='ocrx_word' id='word_1_206' title='bbox 3057 1313 3394 1384; x_wconf 75' lang='grc' dir='ltr'><strong>κοιμήσεως.</strong></span> <span class='ocrx_word' id='word_1_207' title='bbox 3437 1313 3567 1376; x_wconf 85' lang='grc' dir='ltr'><strong>Πῶς</strong></span> <span class='ocrx_word' id='word_1_208' title='bbox 3594 1312 3726 1385; x_wconf 73' lang='grc' dir='ltr'>γάρ,</span> 
     </span>
    </p>
   </div>
   <div class='ocr_carea' id='block_1_30' title="bbox 2134 1397 3728 1474">
    <p class='ocr_par' dir='ltr' id='par_1_30' title="bbox 2134 1397 3728 1474">
     <span class='ocr_line' id='line_1_30' title="bbox 2134 1397 3728 1474; baseline 0.001 -21"><span class='ocrx_word' id='word_1_209' title='bbox 2134 1403 2182 1453; x_wconf 80' lang='grc' dir='ltr'>εἰ</span> <span class='ocrx_word' id='word_1_210' title='bbox 2221 1401 2296 1473; x_wconf 80' lang='grc' dir='ltr'>μὴ</span> <span class='ocrx_word' id='word_1_211' title='bbox 2335 1401 2494 1454; x_wconf 76' lang='grc' dir='ltr'>τοῦτο</span> <span class='ocrx_word' id='word_1_212' title='bbox 2535 1397 2621 1473; x_wconf 79' lang='grc' dir='ltr'><strong>ἦν,</strong></span> <span class='ocrx_word' id='word_1_213' title='bbox 2650 1401 2793 1468; x_wconf 86' lang='grc' dir='ltr'>λέγω</span> <span class='ocrx_word' id='word_1_214' title='bbox 2822 1402 2886 1474; x_wconf 78' lang='grc' dir='ltr'><strong>δὴ</strong></span> <span class='ocrx_word' id='word_1_215' title='bbox 2912 1402 2972 1455; x_wconf 82' lang='grc' dir='ltr'><strong>τὸ</strong></span> <span class='ocrx_word' id='word_1_216' title='bbox 2998 1402 3089 1455; x_wconf 66' lang='grc' dir='ltr'>τὸν</span> <span class='ocrx_word' id='word_1_217' title='bbox 3123 1403 3255 1455; x_wconf 83' lang='grc' dir='ltr'>Θεὸν</span> <span class='ocrx_word' id='word_1_218' title='bbox 3280 1403 3506 1457; x_wconf 78' lang='grc' dir='ltr'>σκέπειν</span> <span class='ocrx_word' id='word_1_219' title='bbox 3529 1402 3591 1468; x_wconf 75' lang='grc' dir='ltr'><strong>ἐξ</strong></span> <span class='ocrx_word' id='word_1_220' title='bbox 3629 1406 3728 1459; x_wconf 73' lang='grc' dir='ltr'>άν-</span> 
     </span>
    </p>
   </div>
   <div class='ocr_carea' id='block_1_31' title="bbox 2134 1490 3728 1568">
    <p class='ocr_par' dir='ltr' id='par_1_31' title="bbox 2134 1490 3728 1568">
     <span class='ocr_line' id='line_1_31' title="bbox 2134 1490 3728 1568; baseline 0.004 -26"><span class='ocrx_word' id='word_1_221' title='bbox 2134 1490 2370 1562; x_wconf 79' lang='grc' dir='ltr'>θρώττων</span> <span class='ocrx_word' id='word_1_222' title='bbox 2420 1492 2519 1564; x_wconf 83' lang='grc' dir='ltr'>τὴν</span> <span class='ocrx_word' id='word_1_223' title='bbox 2574 1494 2780 1564; x_wconf 78' lang='grc' dir='ltr'>ἀρετὴν</span> <span class='ocrx_word' id='word_1_224' title='bbox 2808 1494 2901 1546; x_wconf 78' lang='grc' dir='ltr'>τοῦ</span> <span class='ocrx_word' id='word_1_225' title='bbox 2945 1492 3248 1566; x_wconf 74' lang='grc' dir='ltr'>μακαρίτου</span> <span class='ocrx_word' id='word_1_226' title='bbox 3275 1536 3289 1561; x_wconf 84' lang='grc'><strong>,</strong></span> <span class='ocrx_word' id='word_1_227' title='bbox 3330 1494 3421 1548; x_wconf 82' lang='grc' dir='ltr'>διὰ</span> <span class='ocrx_word' id='word_1_228' title='bbox 3466 1495 3562 1566; x_wconf 82' lang='grc' dir='ltr'>τὴν</span> <span class='ocrx_word' id='word_1_229' title='bbox 3594 1497 3728 1568; x_wconf 82' lang='grc' dir='ltr'>παρ’</span> 
     </span>
    </p>
   </div>
   <div class='ocr_carea' id='block_1_32' title="bbox 2135 1583 3728 1659">
    <p class='ocr_par' dir='ltr' id='par_1_32' title="bbox 2135 1583 3728 1659">
     <span class='ocr_line' id='line_1_32' title="bbox 2135 1583 3728 1659; baseline 0.001 -22"><span class='ocrx_word' id='word_1_230' title='bbox 2135 1583 2315 1637; x_wconf 82' lang='grc' dir='ltr'>αύτῶν</span> <span class='ocrx_word' id='word_1_231' title='bbox 2347 1583 2524 1650; x_wconf 76' lang='grc' dir='ltr'>δόξαν,</span> <span class='ocrx_word' id='word_1_232' title='bbox 2557 1585 2617 1636; x_wconf 79' lang='grc' dir='ltr'><strong>οὐ</strong></span> <span class='ocrx_word' id='word_1_233' title='bbox 2651 1586 2817 1639; x_wconf 81' lang='grc' dir='ltr'>πᾶσιν</span> <span class='ocrx_word' id='word_1_234' title='bbox 2854 1585 3161 1657; x_wconf 79' lang='grc' dir='ltr'>κατάδηλος</span> <span class='ocrx_word' id='word_1_235' title='bbox 3201 1586 3456 1654; x_wconf 81' lang='grc' dir='ltr'>ἐγένετο;</span> <span class='ocrx_word' id='word_1_236' title='bbox 3485 1586 3599 1639; x_wconf 79' lang='grc' dir='ltr'><strong>Νὗν</strong></span> <span class='ocrx_word' id='word_1_237' title='bbox 3627 1588 3728 1659; x_wconf 85' lang='grc' dir='ltr'>μὲν</span> 
     </span>
    </p>
   </div>
   <div class='ocr_carea' id='block_1_33' title="bbox 2135 1675 3728 1750">
    <p class='ocr_par' dir='ltr' id='par_1_33' title="bbox 2135 1675 3728 1750">
     <span class='ocr_line' id='line_1_33' title="bbox 2135 1675 3728 1750; baseline 0.003 -21"><span class='ocrx_word' id='word_1_238' title='bbox 2135 1675 2508 1745; x_wconf 80' lang='grc' dir='ltr'>δαιμονῶντας</span> <span class='ocrx_word' id='word_1_239' title='bbox 2535 1675 2788 1746; x_wconf 83' lang='grc' dir='ltr'>ἰώμενος,</span> <span class='ocrx_word' id='word_1_240' title='bbox 2821 1677 2986 1730; x_wconf 84' lang='grc' dir='ltr'>πάλιν</span> <span class='ocrx_word' id='word_1_241' title='bbox 3009 1678 3068 1731; x_wconf 78' lang='grc' dir='ltr'><strong>δὲ</strong></span> <span class='ocrx_word' id='word_1_242' title='bbox 3098 1680 3155 1732; x_wconf 82' lang='grc' dir='ltr'><strong>ἐν</strong></span> <span class='ocrx_word' id='word_1_243' title='bbox 3201 1682 3268 1750; x_wconf 77' lang='grc' dir='ltr'>τῇ</span> <span class='ocrx_word' id='word_1_244' title='bbox 3311 1678 3458 1750; x_wconf 76' lang='grc' dir='ltr'>χειρὶ</span> <span class='ocrx_word' id='word_1_245' title='bbox 3495 1682 3728 1750; x_wconf 67' lang='grc' dir='ltr'>λαμπρά</span> 
     </span>
    </p>
   </div>
   <div class='ocr_carea' id='block_1_34' title="bbox 426 1740 2036 1845">
    <p class='ocr_par' dir='ltr' id='par_1_34' title="bbox 426 1765 2034 1844">
     <span class='ocr_line' id='line_1_34' title="bbox 426 1765 2034 1844; baseline -0.006 -17"><span class='ocrx_word' id='word_1_246' title='bbox 426 1773 623 1844; x_wconf 74' lang='lat' dir='ltr'><strong>ignem</strong></span> <span class='ocrx_word' id='word_1_247' title='bbox 649 1770 761 1843; x_wconf 76' lang='lat'><strong>(30)</strong></span> <span class='ocrx_word' id='word_1_248' title='bbox 791 1769 1002 1824; x_wconf 86' lang='lat' dir='ltr'><strong>ferebat</strong></span> <span class='ocrx_word' id='word_1_249' title='bbox 1030 1783 1231 1833; x_wconf 87' lang='lat' dir='ltr'><strong>manu;</strong></span> <span class='ocrx_word' id='word_1_250' title='bbox 1275 1781 1425 1821; x_wconf 90' lang='lat' dir='ltr'><strong>nunc</strong></span> <span class='ocrx_word' id='word_1_251' title='bbox 1470 1780 1603 1821; x_wconf 88' lang='lat' dir='ltr'><strong>vero</strong></span> <span class='ocrx_word' id='word_1_252' title='bbox 1643 1765 1841 1836; x_wconf 66' lang='lat' dir='ltr'><strong>sazpius</strong></span> <span class='ocrx_word' id='word_1_253' title='bbox 1892 1780 2034 1819; x_wconf 90' lang='lat' dir='ltr'><strong>non-</strong></span> 
     </span>
    </p>
   </div>
   <div class='ocr_carea' id='block_1_35' title="bbox 2141 1740 3729 1845">
    <p class='ocr_par' dir='ltr' id='par_1_35' title="bbox 2141 1767 3729 1845">
     <span class='ocr_line' id='line_1_35' title="bbox 2141 1767 3729 1845; baseline 0.003 -24"><span class='ocrx_word' id='word_1_254' title='bbox 2141 1767 2427 1838; x_wconf 78' lang='grc' dir='ltr'>βαστάζων</span> <span class='ocrx_word' id='word_1_255' title='bbox 2452 1808 2467 1831; x_wconf 93' lang='grc'><strong>,</strong></span> <span class='ocrx_word' id='word_1_256' title='bbox 2499 1772 2641 1822; x_wconf 70' lang='grc' dir='ltr'>τισὶν</span> <span class='ocrx_word' id='word_1_257' title='bbox 2664 1770 2722 1825; x_wconf 80' lang='grc' dir='ltr'><strong>δὲ</strong></span> <span class='ocrx_word' id='word_1_258' title='bbox 2749 1770 3007 1838; x_wconf 73' lang='grc' dir='ltr'>πολλάκις</span> <span class='ocrx_word' id='word_1_259' title='bbox 3026 1774 3093 1827; x_wconf 79' lang='grc' dir='ltr'><strong>τά</strong></span> <span class='ocrx_word' id='word_1_260' title='bbox 3116 1772 3380 1843; x_wconf 85' lang='grc' dir='ltr'>μέλλοντα</span> <span class='ocrx_word' id='word_1_261' title='bbox 3418 1772 3729 1845; x_wconf 77' lang='grc' dir='ltr'>προλέγων,</span> 
     </span>
    </p>
   </div>
   <div class='ocr_carea' id='block_1_36' title="bbox 437 1857 2033 1931">
    <p class='ocr_par' dir='ltr' id='par_1_36' title="bbox 437 1857 2033 1931">
     <span class='ocr_line' id='line_1_36' title="bbox 437 1857 2033 1931; baseline -0.005 -12"><span class='ocrx_word' id='word_1_262' title='bbox 437 1864 610 1919; x_wconf 88' lang='lat' dir='ltr'><strong>nullis</strong></span> <span class='ocrx_word' id='word_1_263' title='bbox 656 1863 844 1917; x_wconf 81' lang='lat' dir='ltr'><strong>futura</strong></span> <span class='ocrx_word' id='word_1_264' title='bbox 902 1860 1256 1931; x_wconf 71' lang='lat' dir='ltr'><strong>przedicebat,</strong></span> <span class='ocrx_word' id='word_1_265' title='bbox 1302 1870 1358 1915; x_wconf 89' lang='lat' dir='ltr'><strong>et</strong></span> <span class='ocrx_word' id='word_1_266' title='bbox 1400 1858 1520 1913; x_wconf 88' lang='lat' dir='ltr'><strong>aliis</strong></span> <span class='ocrx_word' id='word_1_267' title='bbox 1577 1857 1919 1930; x_wconf 79' lang='lat' dir='ltr'><strong>signiﬁcabat</strong></span> <span class='ocrx_word' id='word_1_268' title='bbox 1948 1872 2033 1923; x_wconf 90' lang='lat' dir='ltr'><strong>ea,</strong></span> 
     </span>
    </p>
   </div>
   <div class='ocr_carea' id='block_1_37' title="bbox 438 1949 2037 2027">
    <p class='ocr_par' dir='ltr' id='par_1_37' title="bbox 438 1949 2037 2027">
     <span class='ocr_line' id='line_1_37' title="bbox 438 1949 2037 2027; baseline -0.005 -17"><span class='ocrx_word' id='word_1_269' title='bbox 438 1973 563 2027; x_wconf 67' lang='lat' dir='ltr'><strong>qua:</strong></span> <span class='ocrx_word' id='word_1_270' title='bbox 600 1956 658 2010; x_wconf 90' lang='lat' dir='ltr'><strong>in</strong></span> <span class='ocrx_word' id='word_1_271' title='bbox 686 1954 806 2009; x_wconf 89' lang='lat' dir='ltr'><strong>loco</strong></span> <span class='ocrx_word' id='word_1_272' title='bbox 834 1962 1050 2008; x_wconf 87' lang='lat' dir='ltr'><strong>remoto</strong></span> <span class='ocrx_word' id='word_1_273' title='bbox 1083 1952 1151 2007; x_wconf 90' lang='lat' dir='ltr'><strong>de</strong></span> <span class='ocrx_word' id='word_1_274' title='bbox 1186 1965 1248 2007; x_wconf 90' lang='lat' dir='ltr'><strong>se</strong></span> <span class='ocrx_word' id='word_1_275' title='bbox 1282 1959 1441 2005; x_wconf 88' lang='lat' dir='ltr'><strong>erant</strong></span> <span class='ocrx_word' id='word_1_276' title='bbox 1474 1950 1620 2005; x_wconf 89' lang='lat' dir='ltr'><strong>dicta</strong></span> <span class='ocrx_word' id='word_1_277' title='bbox 1648 1965 1662 2016; x_wconf 90' lang='lat'><strong>;</strong></span> <span class='ocrx_word' id='word_1_278' title='bbox 1694 1964 1845 2004; x_wconf 89' lang='lat' dir='ltr'><strong>nunc</strong></span> <span class='ocrx_word' id='word_1_279' title='bbox 1885 1949 2037 2003; x_wconf 82' lang='lat' dir='ltr'><strong>cibos</strong></span> 
     </span>
    </p>
   </div>
   <div class='ocr_carea' id='block_1_38' title="bbox 422 2039 2036 2117">
    <p class='ocr_par' dir='ltr' id='par_1_38' title="bbox 422 2039 2036 2117">
     <span class='ocr_line' id='line_1_38' title="bbox 422 2039 2036 2117; baseline -0.005 -16"><span class='ocrx_word' id='word_1_280' title='bbox 422 2047 623 2102; x_wconf 51' lang='lat' dir='ltr'><strong>*mnnis</strong></span> <span class='ocrx_word' id='word_1_281' title='bbox 658 2044 880 2117; x_wconf 85' lang='lat' dir='ltr'><strong>generis</strong></span> <span class='ocrx_word' id='word_1_282' title='bbox 913 2059 978 2098; x_wconf 91' lang='lat' dir='ltr'><strong>ac</strong></span> <span class='ocrx_word' id='word_1_283' title='bbox 1023 2042 1268 2107; x_wconf 85' lang='lat' dir='ltr'><strong>delicias,</strong></span> <span class='ocrx_word' id='word_1_284' title='bbox 1307 2042 1519 2097; x_wconf 86' lang='lat' dir='ltr'><strong>occulta</strong></span> <span class='ocrx_word' id='word_1_285' title='bbox 1549 2041 1776 2108; x_wconf 85' lang='lat' dir='ltr'><strong>virtute,</strong></span> <span class='ocrx_word' id='word_1_286' title='bbox 1817 2049 1873 2094; x_wconf 91' lang='lat' dir='ltr'><strong>et</strong></span> <span class='ocrx_word' id='word_1_287' title='bbox 1902 2039 2036 2094; x_wconf 92' lang='lat' dir='ltr'><strong>ridi-</strong></span> 
     </span>
    </p>
   </div>
   <div class='ocr_carea' id='block_1_39' title="bbox 438 2136 2036 2209">
    <p class='ocr_par' dir='ltr' id='par_1_39' title="bbox 438 2136 2036 2209">
     <span class='ocr_line' id='line_1_39' title="bbox 438 2136 2036 2209; baseline -0.006 -12"><span class='ocrx_word' id='word_1_288' title='bbox 438 2144 567 2198; x_wconf 83' lang='lat' dir='ltr'><strong>culo</strong></span> <span class='ocrx_word' id='word_1_289' title='bbox 595 2141 784 2203; x_wconf 89' lang='lat' dir='ltr'><strong>modo,</strong></span> <span class='ocrx_word' id='word_1_290' title='bbox 839 2139 895 2193; x_wconf 89' lang='lat' dir='ltr'><strong>in</strong></span> <span class='ocrx_word' id='word_1_291' title='bbox 948 2152 1198 2193; x_wconf 86' lang='lat' dir='ltr'><strong>ercmum</strong></span> <span class='ocrx_word' id='word_1_292' title='bbox 1266 2136 1575 2203; x_wconf 90' lang='lat' dir='ltr'><strong>inferebat;</strong></span> <span class='ocrx_word' id='word_1_293' title='bbox 1639 2148 2036 2209; x_wconf 78' lang='lat' dir='ltr'><strong>nonnunquam</strong></span> 
     </span>
    </p>
   </div>
   <div class='ocr_carea' id='block_1_40' title="bbox 442 2228 2036 2299">
    <p class='ocr_par' dir='ltr' id='par_1_40' title="bbox 442 2228 2036 2299">
     <span class='ocr_line' id='line_1_40' title="bbox 442 2228 2036 2299; baseline -0.006 -9"><span class='ocrx_word' id='word_1_294' title='bbox 442 2235 609 2290; x_wconf 82' lang='lat' dir='ltr'><strong>etiam</strong></span> <span class='ocrx_word' id='word_1_295' title='bbox 639 2232 922 2295; x_wconf 68' lang='lat' dir='ltr'><strong>llebrmos,</strong></span> <span class='ocrx_word' id='word_1_296' title='bbox 956 2240 1052 2286; x_wconf 81' lang='lat' dir='ltr'><strong>aut</strong></span> <span class='ocrx_word' id='word_1_297' title='bbox 1082 2245 1111 2285; x_wconf 89' lang='lat' dir='ltr'><strong>a</strong></span> <span class='ocrx_word' id='word_1_298' title='bbox 1140 2229 1246 2285; x_wconf 80' lang='lat' dir='ltr'><strong>(ide</strong></span> <span class='ocrx_word' id='word_1_299' title='bbox 1282 2229 1470 2285; x_wconf 87' lang='lat' dir='ltr'><strong>devios</strong></span> <span class='ocrx_word' id='word_1_300' title='bbox 1514 2229 1581 2283; x_wconf 88' lang='lat' dir='ltr'><strong>ad</strong></span> <span class='ocrx_word' id='word_1_301' title='bbox 1607 2228 1871 2299; x_wconf 87' lang='lat' dir='ltr'><strong>pietatem</strong></span> <span class='ocrx_word' id='word_1_302' title='bbox 1899 2242 2036 2282; x_wconf 89' lang='lat' dir='ltr'><strong>con-</strong></span> 
     </span>
    </p>
   </div>
   <div class='ocr_carea' id='block_1_41' title="bbox 439 2321 2039 2395">
    <p class='ocr_par' dir='ltr' id='par_1_41' title="bbox 439 2321 2039 2395">
     <span class='ocr_line' id='line_1_41' title="bbox 439 2321 2039 2395; baseline -0.004 -12"><span class='ocrx_word' id='word_1_303' title='bbox 439 2329 711 2395; x_wconf 74' lang='lat' dir='ltr'><strong>vertebat,</strong></span> <span class='ocrx_word' id='word_1_304' title='bbox 750 2326 979 2382; x_wconf 86' lang='lat' dir='ltr'><strong>sanabat</strong></span> <span class='ocrx_word' id='word_1_305' title='bbox 1021 2332 1274 2395; x_wconf 72' lang='lat' dir='ltr'><strong>mgrotos,</strong></span> <span class='ocrx_word' id='word_1_306' title='bbox 1322 2331 1375 2378; x_wconf 86' lang='lat' dir='ltr'><strong>et</strong></span> <span class='ocrx_word' id='word_1_307' title='bbox 1402 2322 1539 2378; x_wconf 91' lang='lat' dir='ltr'><strong>alios</strong></span> <span class='ocrx_word' id='word_1_308' title='bbox 1587 2336 1618 2377; x_wconf 93' lang='lat' dir='ltr'><strong>e</strong></span> <span class='ocrx_word' id='word_1_309' title='bbox 1660 2322 1921 2393; x_wconf 90' lang='lat' dir='ltr'><strong>periculis</strong></span> <span class='ocrx_word' id='word_1_310' title='bbox 1974 2321 2039 2376; x_wconf 86' lang='lat' dir='ltr'><strong>li-</strong></span> 
     </span>
    </p>
   </div>
   <div class='ocr_carea' id='block_1_42' title="bbox 432 2412 2039 2488">
    <p class='ocr_par' dir='ltr' id='par_1_42' title="bbox 432 2412 2039 2488">
     <span class='ocr_line' id='line_1_42' title="bbox 432 2412 2039 2488; baseline -0.006 -12"><span class='ocrx_word' id='word_1_311' title='bbox 432 2420 690 2476; x_wconf 80' lang='lat' dir='ltr'><strong>berabat.</strong></span> <span class='ocrx_word' id='word_1_312' title='bbox 757 2415 971 2488; x_wconf 64' lang='lat' dir='ltr'><strong>Saepius</strong></span> <span class='ocrx_word' id='word_1_313' title='bbox 1026 2417 1154 2471; x_wconf 88' lang='lat' dir='ltr'><strong>item</strong></span> <span class='ocrx_word' id='word_1_314' title='bbox 1210 2414 1563 2470; x_wconf 81' lang='lat' dir='ltr'><strong>mulierCulas</strong></span> <span class='ocrx_word' id='word_1_315' title='bbox 1625 2412 1932 2484; x_wconf 87' lang='lat' dir='ltr'><strong>impudicas</strong></span> <span class='ocrx_word' id='word_1_316' title='bbox 1984 2421 2039 2468; x_wconf 90' lang='lat' dir='ltr'><strong>et</strong></span> 
     </span>
    </p>
   </div>
   <div class='ocr_carea' id='block_1_43' title="bbox 441 2506 2039 2580">
    <p class='ocr_par' dir='ltr' id='par_1_43' title="bbox 441 2506 2039 2580">
     <span class='ocr_line' id='line_1_43' title="bbox 441 2506 2039 2580; baseline -0.004 -13"><span class='ocrx_word' id='word_1_317' title='bbox 441 2511 783 2576; x_wconf 66' lang='lat' dir='ltr'><strong>meretrices,</strong></span> <span class='ocrx_word' id='word_1_318' title='bbox 843 2508 1042 2580; x_wconf 88' lang='lat' dir='ltr'><strong>partim</strong></span> <span class='ocrx_word' id='word_1_319' title='bbox 1106 2507 1325 2578; x_wconf 86' lang='lat' dir='ltr'><strong>quidem</strong></span> <span class='ocrx_word' id='word_1_320' title='bbox 1374 2506 1441 2561; x_wconf 87' lang='lat' dir='ltr'><strong>ad</strong></span> <span class='ocrx_word' id='word_1_321' title='bbox 1490 2506 1763 2576; x_wconf 86' lang='lat' dir='ltr'><strong>legitimas</strong></span> <span class='ocrx_word' id='word_1_322' title='bbox 1817 2507 2039 2576; x_wconf 83' lang='lat' dir='ltr'><strong>nuptias</strong></span> 
     </span>
    </p>
   </div>
   <div class='ocr_carea' id='block_1_44' title="bbox 441 2584 2037 2670">
    <p class='ocr_par' dir='ltr' id='par_1_44' title="bbox 441 2584 2037 2670">
     <span class='ocr_line' id='line_1_44' title="bbox 441 2584 2037 2670; baseline -0.003 -13"><span class='ocrx_word' id='word_1_323' title='bbox 441 2604 656 2661; x_wconf 90' lang='lat' dir='ltr'><strong>ludicro</strong></span> <span class='ocrx_word' id='word_1_324' title='bbox 685 2602 845 2657; x_wconf 87' lang='lat' dir='ltr'><strong>modo</strong></span> <span class='ocrx_word' id='word_1_325' title='bbox 875 2601 1218 2667; x_wconf 83' lang='lat' dir='ltr'><strong>traducebat,</strong></span> <span class='ocrx_word' id='word_1_326' title='bbox 1260 2600 1458 2670; x_wconf 86' lang='lat' dir='ltr'><strong>partim</strong></span> <span class='ocrx_word' id='word_1_327' title='bbox 1503 2600 1571 2654; x_wconf 92' lang='lat' dir='ltr'><strong>ad</strong></span> <span class='ocrx_word' id='word_1_328' title='bbox 1599 2598 1835 2669; x_wconf 79' lang='lat' dir='ltr'><strong>frugem,</strong></span> <span class='ocrx_word' id='word_1_329' title='bbox 1866 2584 2037 2670; x_wconf 85' lang='lat' dir='ltr'><strong>pecu-</strong></span> 
     </span>
    </p>
   </div>
   <div class='ocr_carea' id='block_1_45' title="bbox 440 2690 2036 2763">
    <p class='ocr_par' dir='ltr' id='par_1_45' title="bbox 440 2690 2036 2763">
     <span class='ocr_line' id='line_1_45' title="bbox 440 2690 2036 2763; baseline -0.003 -14"><span class='ocrx_word' id='word_1_330' title='bbox 440 2695 552 2750; x_wconf 83' lang='lat' dir='ltr'><strong>niis</strong></span> <span class='ocrx_word' id='word_1_331' title='bbox 583 2695 870 2760; x_wconf 83' lang='lat' dir='ltr'><strong>inescans;</strong></span> <span class='ocrx_word' id='word_1_332' title='bbox 909 2691 1161 2763; x_wconf 82' lang='lat' dir='ltr'><strong>quinimo</strong></span> <span class='ocrx_word' id='word_1_333' title='bbox 1222 2707 1318 2761; x_wconf 88' lang='lat' dir='ltr'><strong>per</strong></span> <span class='ocrx_word' id='word_1_334' title='bbox 1363 2690 1583 2745; x_wconf 87' lang='lat' dir='ltr'><strong>insitam</strong></span> <span class='ocrx_word' id='word_1_335' title='bbox 1638 2690 1740 2745; x_wconf 87' lang='lat' dir='ltr'><strong>sibi</strong></span> <span class='ocrx_word' id='word_1_336' title='bbox 1779 2691 2036 2761; x_wconf 77' lang='lat' dir='ltr'><strong>pietatem</strong></span> 
     </span>
    </p>
   </div>
   <div class='ocr_carea' id='block_1_46' title="bbox 445 2781 2038 2857">
    <p class='ocr_par' dir='ltr' id='par_1_46' title="bbox 445 2781 2038 2857">
     <span class='ocr_line' id='line_1_46' title="bbox 445 2781 2038 2857; baseline -0.002 -17"><span class='ocrx_word' id='word_1_337' title='bbox 445 2784 703 2857; x_wconf 80' lang='lat' dir='ltr'><strong>tangebat</strong></span> <span class='ocrx_word' id='word_1_338' title='bbox 725 2798 912 2839; x_wconf 87' lang='lat' dir='ltr'><strong>carum</strong></span> <span class='ocrx_word' id='word_1_339' title='bbox 950 2799 1067 2848; x_wconf 84' lang='lat' dir='ltr'><strong>cor,</strong></span> <span class='ocrx_word' id='word_1_340' title='bbox 1102 2791 1161 2838; x_wconf 89' lang='lat' dir='ltr'><strong>ut</strong></span> <span class='ocrx_word' id='word_1_341' title='bbox 1194 2784 1362 2838; x_wconf 85' lang='lat' dir='ltr'><strong>vitam</strong></span> <span class='ocrx_word' id='word_1_342' title='bbox 1403 2782 1707 2837; x_wconf 76' lang='lat' dir='ltr'><strong>solitariam</strong></span> <span class='ocrx_word' id='word_1_343' title='bbox 1737 2781 2038 2852; x_wconf 85' lang='lat' dir='ltr'><strong>amplecte-</strong></span> 
     </span>
    </p>
   </div>
   <div class='ocr_carea' id='block_1_47' title="bbox 446 2875 2040 2946">
    <p class='ocr_par' dir='ltr' id='par_1_47' title="bbox 446 2875 2040 2946">
     <span class='ocr_line' id='line_1_47' title="bbox 446 2875 2040 2946; baseline -0.003 -14"><span class='ocrx_word' id='word_1_344' title='bbox 446 2886 656 2933; x_wconf 88' lang='lat' dir='ltr'><strong>rentur.</strong></span> <span class='ocrx_word' id='word_1_345' title='bbox 685 2876 797 2932; x_wconf 88' lang='lat' dir='ltr'><strong>Nce</strong></span> <span class='ocrx_word' id='word_1_346' title='bbox 833 2876 1023 2941; x_wconf 85' lang='lat' dir='ltr'><strong>miror,</strong></span> <span class='ocrx_word' id='word_1_347' title='bbox 1053 2875 1422 2940; x_wconf 79' lang='lat' dir='ltr'><strong>Christicolae,</strong></span> <span class='ocrx_word' id='word_1_348' title='bbox 1471 2890 1622 2940; x_wconf 87' lang='lat' dir='ltr'><strong>eum,</strong></span> <span class='ocrx_word' id='word_1_349' title='bbox 1669 2875 1762 2945; x_wconf 87' lang='lat' dir='ltr'><strong>qui</strong></span> <span class='ocrx_word' id='word_1_350' title='bbox 1796 2876 1912 2930; x_wconf 80' lang='lat' dir='ltr'><strong>haec</strong></span> <span class='ocrx_word' id='word_1_351' title='bbox 1940 2891 2040 2946; x_wconf 90' lang='lat' dir='ltr'><strong>per</strong></span> 
     </span>
    </p>
   </div>
   <div class='ocr_carea' id='block_1_48' title="bbox 449 2966 2035 3042">
    <p class='ocr_par' dir='ltr' id='par_1_48' title="bbox 449 2966 2035 3042">
     <span class='ocr_line' id='line_1_48' title="bbox 449 2966 2035 3042; baseline -0.003 -16"><span class='ocrx_word' id='word_1_352' title='bbox 449 2973 616 3027; x_wconf 88' lang='lat' dir='ltr'><strong>Deum</strong></span> <span class='ocrx_word' id='word_1_353' title='bbox 666 2970 923 3042; x_wconf 83' lang='lat' dir='ltr'><strong>patravit,</strong></span> <span class='ocrx_word' id='word_1_354' title='bbox 983 2970 1327 3042; x_wconf 86' lang='lat' dir='ltr'><strong>incognitum</strong></span> <span class='ocrx_word' id='word_1_355' title='bbox 1387 2968 1779 3039; x_wconf 86' lang='lat' dir='ltr'><strong>permansisse.</strong></span> <span class='ocrx_word' id='word_1_356' title='bbox 1821 2966 2035 3022; x_wconf 84' lang='lat' dir='ltr'><strong>Etenim</strong></span> 
     </span>
    </p>
   </div>
   <div class='ocr_carea' id='block_1_49' title="bbox 2139 1858 3729 1937">
    <p class='ocr_par' dir='ltr' id='par_1_49' title="bbox 2139 1858 3729 1937">
     <span class='ocr_line' id='line_1_49' title="bbox 2139 1858 3729 1937; baseline 0.004 -25"><span class='ocrx_word' id='word_1_357' title='bbox 2139 1861 2233 1913; x_wconf 74' lang='grc' dir='ltr'><strong>καὶ</strong></span> <span class='ocrx_word' id='word_1_358' title='bbox 2264 1861 2443 1926; x_wconf 87' lang='grc' dir='ltr'>ἄλλοις</span> <span class='ocrx_word' id='word_1_359' title='bbox 2474 1861 2541 1915; x_wconf 78' lang='grc' dir='ltr'>τὰ</span> <span class='ocrx_word' id='word_1_360' title='bbox 2574 1862 2687 1915; x_wconf 75' lang='grc' dir='ltr'>ἀπὸ</span> <span class='ocrx_word' id='word_1_361' title='bbox 2722 1858 2998 1934; x_wconf 73' lang='grc' dir='ltr'>μακρόθεν</span> <span class='ocrx_word' id='word_1_362' title='bbox 3041 1863 3171 1936; x_wconf 81' lang='grc' dir='ltr'>περὶ</span> <span class='ocrx_word' id='word_1_363' title='bbox 3217 1863 3386 1917; x_wconf 83' lang='grc' dir='ltr'>αὐτοῦ</span> <span class='ocrx_word' id='word_1_364' title='bbox 3420 1864 3729 1937; x_wconf 77' lang='grc' dir='ltr'>λαληθέντα</span> 
     </span>
    </p>
   </div>
   <div class='ocr_carea' id='block_1_50' title="bbox 2140 1955 3734 2029">
    <p class='ocr_par' dir='ltr' id='par_1_50' title="bbox 2140 1955 3734 2029">
     <span class='ocr_line' id='line_1_50' title="bbox 2140 1955 3734 2029; baseline 0.003 -23"><span class='ocrx_word' id='word_1_365' title='bbox 2140 1955 2424 2026; x_wconf 75' lang='grc' dir='ltr'>σημαίνων</span> <span class='ocrx_word' id='word_1_366' title='bbox 2451 1973 2466 1987; x_wconf 80' lang='lat'><strong><em>°</em></strong></span> <span class='ocrx_word' id='word_1_367' title='bbox 2502 1955 2562 2021; x_wconf 73' lang='grc' dir='ltr'>ἐξ</span> <span class='ocrx_word' id='word_1_368' title='bbox 2593 1956 2828 2028; x_wconf 76' lang='grc' dir='ltr'>ἀοράτου</span> <span class='ocrx_word' id='word_1_369' title='bbox 2887 1957 3098 2029; x_wconf 64' lang='grc' dir='ltr'>τροφὴν</span> <span class='ocrx_word' id='word_1_370' title='bbox 3146 1958 3206 2011; x_wconf 82' lang='grc' dir='ltr'>ὲν</span> <span class='ocrx_word' id='word_1_371' title='bbox 3244 1960 3311 2029; x_wconf 83' lang='grc' dir='ltr'>τῇ</span> <span class='ocrx_word' id='word_1_372' title='bbox 3350 1959 3544 2029; x_wconf 74' lang='grc' dir='ltr'>ἐρήμῳ</span> <span class='ocrx_word' id='word_1_373' title='bbox 3592 1976 3734 2010; x_wconf 62' lang='grc' dir='ltr'>παν-</span> 
     </span>
    </p>
   </div>
   <div class='ocr_carea' id='block_1_51' title="bbox 2136 2046 3730 2121">
    <p class='ocr_par' dir='ltr' id='par_1_51' title="bbox 2136 2046 3730 2121">
     <span class='ocr_line' id='line_1_51' title="bbox 2136 2046 3730 2121; baseline -0.001 -22"><span class='ocrx_word' id='word_1_374' title='bbox 2136 2046 2290 2109; x_wconf 86' lang='grc' dir='ltr'>τοίας</span> <span class='ocrx_word' id='word_1_375' title='bbox 2313 2048 2530 2119; x_wconf 60' lang='grc' dir='ltr'>τρυφῆς</span> <span class='ocrx_word' id='word_1_376' title='bbox 2580 2047 2885 2116; x_wconf 84' lang='grc' dir='ltr'>γελοιωδῶς</span> <span class='ocrx_word' id='word_1_377' title='bbox 2923 2049 3299 2121; x_wconf 68' lang='grc' dir='ltr'>ἐπικομιζωνι</span> <span class='ocrx_word' id='word_1_378' title='bbox 3343 2049 3492 2102; x_wconf 80' lang='grc' dir='ltr'>ἐστιν</span> <span class='ocrx_word' id='word_1_379' title='bbox 3537 2048 3597 2102; x_wconf 84' lang='grc' dir='ltr'>δὲ</span> <span class='ocrx_word' id='word_1_380' title='bbox 3638 2050 3730 2103; x_wconf 77' lang='grc' dir='ltr'>ὅτε</span> 
     </span>
    </p>
   </div>
   <div class='ocr_carea' id='block_1_52' title="bbox 2137 2139 3732 2213">
    <p class='ocr_par' dir='ltr' id='par_1_52' title="bbox 2137 2139 3732 2213">
     <span class='ocr_line' id='line_1_52' title="bbox 2137 2139 3732 2213; baseline 0.002 -21"><span class='ocrx_word' id='word_1_381' title='bbox 2137 2140 2234 2193; x_wconf 75' lang='grc' dir='ltr'><strong>καὶ</strong></span> <span class='ocrx_word' id='word_1_382' title='bbox 2276 2139 2584 2211; x_wconf 76' lang='grc' dir='ltr'>Ἐϐραίους,</span> <span class='ocrx_word' id='word_1_383' title='bbox 2619 2141 2650 2212; x_wconf 87' lang='grc' dir='ltr'>ἢ</span> <span class='ocrx_word' id='word_1_384' title='bbox 2693 2141 3062 2206; x_wconf 80' lang='grc' dir='ltr'>κακοπίστους</span> <span class='ocrx_word' id='word_1_385' title='bbox 3111 2142 3251 2213; x_wconf 79' lang='grc' dir='ltr'>πρὸς</span> <span class='ocrx_word' id='word_1_386' title='bbox 3296 2142 3398 2212; x_wconf 77' lang='grc' dir='ltr'>τὴν</span> <span class='ocrx_word' id='word_1_387' title='bbox 3441 2140 3732 2195; x_wconf 74' lang='grc' dir='ltr'>εὐσέϐειαν</span> 
     </span>
    </p>
   </div>
   <div class='ocr_carea' id='block_1_53' title="bbox 2138 2232 3731 2307">
    <p class='ocr_par' dir='ltr' id='par_1_53' title="bbox 2138 2232 3731 2307">
     <span class='ocr_line' id='line_1_53' title="bbox 2138 2232 3731 2307; baseline 0.001 -22"><span class='ocrx_word' id='word_1_388' title='bbox 2138 2232 2512 2307; x_wconf 79' lang='grc' dir='ltr'>ἐπιστρέφων,</span> <span class='ocrx_word' id='word_1_389' title='bbox 2547 2236 2639 2288; x_wconf 78' lang='grc' dir='ltr'><strong>καὶ</strong></span> <span class='ocrx_word' id='word_1_390' title='bbox 2663 2235 2954 2300; x_wconf 77' lang='grc' dir='ltr'>νοσοῦντας</span> <span class='ocrx_word' id='word_1_391' title='bbox 2983 2234 3236 2306; x_wconf 80' lang='grc' dir='ltr'>ἰώμενος,</span> <span class='ocrx_word' id='word_1_392' title='bbox 3269 2235 3467 2299; x_wconf 78' lang='grc' dir='ltr'>ἄλλους</span> <span class='ocrx_word' id='word_1_393' title='bbox 3497 2236 3562 2289; x_wconf 82' lang='grc' dir='ltr'><strong>ἐκ</strong></span> <span class='ocrx_word' id='word_1_394' title='bbox 3613 2253 3731 2289; x_wconf 76' lang='grc' dir='ltr'>κινσ</span> 
     </span>
    </p>
   </div>
   <div class='ocr_carea' id='block_1_54' title="bbox 2138 2324 3732 2399">
    <p class='ocr_par' dir='ltr' id='par_1_54' title="bbox 2138 2324 3732 2399">
     <span class='ocr_line' id='line_1_54' title="bbox 2138 2324 3732 2399; baseline 0 -20"><span class='ocrx_word' id='word_1_395' title='bbox 2138 2324 2313 2379; x_wconf 85' lang='grc' dir='ltr'>δύνων</span> <span class='ocrx_word' id='word_1_396' title='bbox 2344 2326 2633 2399; x_wconf 68' lang='grc' dir='ltr'>ῥυόμενος*</span> <span class='ocrx_word' id='word_1_397' title='bbox 2658 2325 2924 2390; x_wconf 82' lang='grc' dir='ltr'>πολλάκις</span> <span class='ocrx_word' id='word_1_398' title='bbox 2962 2327 3020 2380; x_wconf 85' lang='grc' dir='ltr'>δὲ</span> <span class='ocrx_word' id='word_1_399' title='bbox 3055 2327 3149 2380; x_wconf 72' lang='grc' dir='ltr'>καὶ</span> <span class='ocrx_word' id='word_1_400' title='bbox 3174 2328 3373 2395; x_wconf 82' lang='grc' dir='ltr'>γυναῖα</span> <span class='ocrx_word' id='word_1_401' title='bbox 3393 2327 3608 2396; x_wconf 84' lang='grc' dir='ltr'>ἄσεμνα</span> <span class='ocrx_word' id='word_1_402' title='bbox 3636 2324 3732 2379; x_wconf 73' lang='grc' dir='ltr'><strong>καὶ</strong></span> 
     </span>
    </p>
   </div>
   <div class='ocr_carea' id='block_1_55' title="bbox 2140 2418 3731 2491">
    <p class='ocr_par' dir='ltr' id='par_1_55' title="bbox 2140 2418 3731 2491">
     <span class='ocr_line' id='line_1_55' title="bbox 2140 2418 3731 2491; baseline -0.001 -19"><span class='ocrx_word' id='word_1_403' title='bbox 2140 2419 2399 2489; x_wconf 79' lang='grc' dir='ltr'>πορνικὰ,</span> <span class='ocrx_word' id='word_1_404' title='bbox 2421 2419 2488 2473; x_wconf 75' lang='grc' dir='ltr'><strong>τά</strong></span> <span class='ocrx_word' id='word_1_405' title='bbox 2521 2418 2622 2491; x_wconf 78' lang='grc' dir='ltr'><strong>μὲν</strong></span> <span class='ocrx_word' id='word_1_406' title='bbox 2650 2421 2741 2473; x_wconf 70' lang='grc' dir='ltr'>ἐπὶ</span> <span class='ocrx_word' id='word_1_407' title='bbox 2773 2420 3006 2491; x_wconf 86' lang='grc' dir='ltr'>νόμιμον</span> <span class='ocrx_word' id='word_1_408' title='bbox 3045 2419 3223 2488; x_wconf 81' lang='grc' dir='ltr'>γάμον</span> <span class='ocrx_word' id='word_1_409' title='bbox 3255 2418 3562 2486; x_wconf 85' lang='grc' dir='ltr'>παιγνικώς</span> <span class='ocrx_word' id='word_1_410' title='bbox 3604 2418 3731 2488; x_wconf 76' lang='grc' dir='ltr'>ἔφε-</span> 
     </span>
    </p>
   </div>
   <div class='ocr_carea' id='block_1_56' title="bbox 2142 2510 3732 2583">
    <p class='ocr_par' dir='ltr' id='par_1_56' title="bbox 2142 2510 3732 2583">
     <span class='ocr_line' id='line_1_56' title="bbox 2142 2510 3732 2583; baseline -0.003 -17"><span class='ocrx_word' id='word_1_411' title='bbox 2142 2530 2255 2583; x_wconf 89' lang='grc' dir='ltr'>ρεν,</span> <span class='ocrx_word' id='word_1_412' title='bbox 2286 2512 2428 2565; x_wconf 77' lang='grc' dir='ltr'>τὰδὲ</span> <span class='ocrx_word' id='word_1_413' title='bbox 2457 2515 2757 2583; x_wconf 62' lang='grc' dir='ltr'>σωφρονεῖν</span> <span class='ocrx_word' id='word_1_414' title='bbox 2801 2511 2890 2567; x_wconf 76' lang='grc' dir='ltr'>διὰ</span> <span class='ocrx_word' id='word_1_415' title='bbox 2937 2512 3239 2583; x_wconf 83' lang='grc' dir='ltr'>χρημάτων</span> <span class='ocrx_word' id='word_1_416' title='bbox 3289 2510 3732 2582; x_wconf 83' lang='grc' dir='ltr'>ἀνθηρευόμενος</span> 
     </span>
    </p>
   </div>
   <div class='ocr_carea' id='block_1_57' title="bbox 2140 2598 3732 2675">
    <p class='ocr_par' dir='ltr' id='par_1_57' title="bbox 2140 2598 3732 2675">
     <span class='ocr_line' id='line_1_57' title="bbox 2140 2598 3732 2675; baseline -0.003 -18"><span class='ocrx_word' id='word_1_417' title='bbox 2140 2598 2336 2660; x_wconf 73' lang='grc' dir='ltr'>ἐποίει.</span> <span class='ocrx_word' id='word_1_418' title='bbox 2381 2604 2542 2658; x_wconf 76' lang='grc' dir='ltr'>Ἀλλά</span> <span class='ocrx_word' id='word_1_419' title='bbox 2581 2605 2638 2658; x_wconf 83' lang='grc' dir='ltr'><strong>δὲ</strong></span> <span class='ocrx_word' id='word_1_420' title='bbox 2674 2605 2769 2659; x_wconf 68' lang='grc' dir='ltr'><strong>καὶ</strong></span> <span class='ocrx_word' id='word_1_421' title='bbox 2815 2604 2907 2657; x_wconf 67' lang='grc' dir='ltr'><strong>τον</strong></span> <span class='ocrx_word' id='word_1_422' title='bbox 2947 2607 3162 2675; x_wconf 80' lang='grc' dir='ltr'>μονήρη</span> <span class='ocrx_word' id='word_1_423' title='bbox 3205 2603 3320 2674; x_wconf 83' lang='grc' dir='ltr'>βίον</span> <span class='ocrx_word' id='word_1_424' title='bbox 3364 2601 3732 2675; x_wconf 79' lang='grc' dir='ltr'>μετέρχεσθαι</span> 
     </span>
    </p>
   </div>
   <div class='ocr_carea' id='block_1_58' title="bbox 2138 2695 3729 2769">
    <p class='ocr_par' dir='ltr' id='par_1_58' title="bbox 2138 2695 3729 2769">
     <span class='ocr_line' id='line_1_58' title="bbox 2138 2695 3729 2769; baseline 0.001 -20"><span class='ocrx_word' id='word_1_425' title='bbox 2138 2696 2227 2750; x_wconf 79' lang='grc' dir='ltr'><strong>διὰ</strong></span> <span class='ocrx_word' id='word_1_426' title='bbox 2260 2698 2357 2769; x_wconf 77' lang='grc' dir='ltr'>τῆς</span> <span class='ocrx_word' id='word_1_427' title='bbox 2400 2695 2716 2769; x_wconf 82' lang='grc' dir='ltr'>προσούσης</span> <span class='ocrx_word' id='word_1_428' title='bbox 2773 2695 2922 2766; x_wconf 77' lang='grc' dir='ltr'>αὐτῷ</span> <span class='ocrx_word' id='word_1_429' title='bbox 2970 2697 3348 2768; x_wconf 81' lang='grc' dir='ltr'>καθαρότητος</span> <span class='ocrx_word' id='word_1_430' title='bbox 3407 2696 3729 2750; x_wconf 83' lang='grc' dir='ltr'>κατένυττε.</span> 
     </span>
    </p>
   </div>
   <div class='ocr_carea' id='block_1_59' title="bbox 2140 2786 3729 2861">
    <p class='ocr_par' dir='ltr' id='par_1_59' title="bbox 2140 2786 3729 2861">
     <span class='ocr_line' id='line_1_59' title="bbox 2140 2786 3729 2861; baseline -0.001 -21"><span class='ocrx_word' id='word_1_431' title='bbox 2140 2789 2251 2840; x_wconf 70' lang='grc' dir='ltr'>Καὶ</span> <span class='ocrx_word' id='word_1_432' title='bbox 2269 2789 2330 2841; x_wconf 86' lang='grc' dir='ltr'><strong>ού</strong></span> <span class='ocrx_word' id='word_1_433' title='bbox 2363 2786 2652 2860; x_wconf 76' lang='grc' dir='ltr'>θαυμάζω,</span> <span class='ocrx_word' id='word_1_434' title='bbox 2692 2789 3056 2861; x_wconf 75' lang='grc' dir='ltr'>φιλόχριστοι,</span> <span class='ocrx_word' id='word_1_435' title='bbox 3076 2788 3226 2860; x_wconf 84' lang='grc' dir='ltr'>παρὰ</span> <span class='ocrx_word' id='word_1_436' title='bbox 3255 2786 3375 2860; x_wconf 69' lang='grc' dir='ltr'>Θεῷ</span> <span class='ocrx_word' id='word_1_437' title='bbox 3396 2787 3567 2841; x_wconf 77' lang='grc' dir='ltr'>ταῦτα</span> <span class='ocrx_word' id='word_1_438' title='bbox 3591 2804 3729 2840; x_wconf 83' lang='grc' dir='ltr'>κατ-</span> 
     </span>
    </p>
   </div>
   <div class='ocr_carea' id='block_1_60' title="bbox 2141 2876 3730 2963">
    <p class='ocr_par' dir='ltr' id='par_1_60' title="bbox 2141 2876 3730 2963">
     <span class='ocr_line' id='line_1_60' title="bbox 2141 2876 3730 2963; baseline -0.001 -30"><span class='ocrx_word' id='word_1_439' title='bbox 2141 2881 2532 2952; x_wconf 81' lang='grc' dir='ltr'>εργαζόμενον,</span> <span class='ocrx_word' id='word_1_440' title='bbox 2561 2876 2838 2963; x_wconf 61' lang='grc' dir='ltr'>ἄγνωστον</span> <span class='ocrx_word' id='word_1_441' title='bbox 2874 2884 3170 2955; x_wconf 80' lang='grc' dir='ltr'>διαμεῖναι,</span> <span class='ocrx_word' id='word_1_442' title='bbox 3213 2881 3272 2936; x_wconf 88' lang='lat'><strong>&#39;0</strong></span> <span class='ocrx_word' id='word_1_443' title='bbox 3303 2882 3410 2951; x_wconf 69' lang='grc' dir='ltr'><strong>γάρ</strong></span> <span class='ocrx_word' id='word_1_444' title='bbox 3436 2880 3608 2935; x_wconf 82' lang='grc' dir='ltr'>ποιῶν</span> <span class='ocrx_word' id='word_1_445' title='bbox 3632 2882 3730 2944; x_wconf 71' lang='grc' dir='ltr'><strong>τὰς</strong></span> 
     </span>
    </p>
   </div>
   <div class='ocr_carea' id='block_1_61' title="bbox 2141 2971 3735 3051">
    <p class='ocr_par' dir='ltr' id='par_1_61' title="bbox 2141 2971 3735 3051">
     <span class='ocr_line' id='line_1_61' title="bbox 2141 2971 3735 3051; baseline 0.001 -25"><span class='ocrx_word' id='word_1_446' title='bbox 2141 2977 2531 3046; x_wconf 79' lang='grc' dir='ltr'>κεκρυμμένοις</span> <span class='ocrx_word' id='word_1_447' title='bbox 2555 2977 2754 3051; x_wconf 79' lang='grc' dir='ltr'>ἀρετὰς</span> <span class='ocrx_word' id='word_1_448' title='bbox 2778 2976 2886 3029; x_wconf 84' lang='grc' dir='ltr'><strong>τῶν</strong></span> <span class='ocrx_word' id='word_1_449' title='bbox 2913 2975 3111 3029; x_wconf 79' lang='grc' dir='ltr'>ἑαυτοῦ</span> <span class='ocrx_word' id='word_1_450' title='bbox 3140 2974 3494 3046; x_wconf 80' lang='grc' dir='ltr'>θεραπόντων</span> <span class='ocrx_word' id='word_1_451' title='bbox 3528 2971 3735 3027; x_wconf 80' lang='grc' dir='ltr'>πολλά-</span> 
     </span>
    </p>
   </div>
   <div class='ocr_carea' id='block_1_62' title="bbox 444 3059 2036 3141">
    <p class='ocr_par' dir='ltr' id='par_1_62' title="bbox 444 3059 2036 3137">
     <span class='ocr_line' id='line_1_62' title="bbox 444 3059 2036 3137; baseline -0.005 -19"><span class='ocrx_word' id='word_1_452' title='bbox 444 3062 635 3137; x_wconf 85' lang='lat' dir='ltr'><strong>[sicut]</strong></span> <span class='ocrx_word' id='word_1_453' title='bbox 669 3063 759 3118; x_wconf 89' lang='lat' dir='ltr'><strong>ille</strong></span> <span class='ocrx_word' id='word_1_454' title='bbox 785 3062 1113 3117; x_wconf 84' lang='lat' dir='ltr'><strong>famulorum</strong></span> <span class='ocrx_word' id='word_1_455' title='bbox 1135 3077 1361 3117; x_wconf 88' lang='lat' dir='ltr'><strong>suorum</strong></span> <span class='ocrx_word' id='word_1_456' title='bbox 1382 3061 1639 3125; x_wconf 82' lang='lat' dir='ltr'><strong>virtutes,</strong></span> <span class='ocrx_word' id='word_1_457' title='bbox 1665 3075 1784 3130; x_wconf 65' lang='lat' dir='ltr'><strong>quae</strong></span> <span class='ocrx_word' id='word_1_458' title='bbox 1812 3059 2036 3114; x_wconf 87' lang='lat' dir='ltr'><strong>abscon-</strong></span> 
     </span>
    </p>
   </div>
   <div class='ocr_carea' id='block_1_63' title="bbox 2141 3059 3730 3141">
    <p class='ocr_par' dir='ltr' id='par_1_63' title="bbox 2142 3062 3730 3136">
     <span class='ocr_line' id='line_1_63' title="bbox 2142 3062 3730 3136; baseline -0.003 -20"><span class='ocrx_word' id='word_1_459' title='bbox 2142 3081 2229 3129; x_wconf 85' lang='grc' dir='ltr'><strong>κις</strong></span> <span class='ocrx_word' id='word_1_460' title='bbox 2253 3064 2592 3136; x_wconf 79' lang='grc' dir='ltr'>καταδήλους</span> <span class='ocrx_word' id='word_1_461' title='bbox 2646 3068 2838 3132; x_wconf 73' lang='grc' dir='ltr'>πᾶσιν,</span> <span class='ocrx_word' id='word_1_462' title='bbox 2871 3065 3043 3133; x_wconf 73' lang='grc' dir='ltr'>οὕτως</span> <span class='ocrx_word' id='word_1_463' title='bbox 3092 3068 3158 3135; x_wconf 82' lang='grc' dir='ltr'>τῇ</span> <span class='ocrx_word' id='word_1_464' title='bbox 3191 3062 3355 3117; x_wconf 73' lang='grc' dir='ltr'>αὐτοῦ</span> <span class='ocrx_word' id='word_1_465' title='bbox 3415 3063 3730 3133; x_wconf 66' lang='grc' dir='ltr'>οἰκονομία,</span> 
     </span>
    </p>
   </div>
   <div class='ocr_carea' id='block_1_64' title="bbox 444 3153 2036 3225">
    <p class='ocr_par' dir='ltr' id='par_1_64' title="bbox 444 3153 2036 3225">
     <span class='ocr_line' id='line_1_64' title="bbox 444 3153 2036 3225; baseline -0.002 -15"><span class='ocrx_word' id='word_1_466' title='bbox 444 3157 573 3210; x_wconf 72' lang='lat' dir='ltr'><strong>dita:</strong></span> <span class='ocrx_word' id='word_1_467' title='bbox 598 3156 790 3219; x_wconf 89' lang='lat' dir='ltr'><strong>latent,</strong></span> <span class='ocrx_word' id='word_1_468' title='bbox 816 3170 962 3225; x_wconf 48' lang='grc' dir='ltr'>διξερε</span> <span class='ocrx_word' id='word_1_469' title='bbox 988 3154 1324 3216; x_wconf 79' lang='lat' dir='ltr'><strong>manifestat,</strong></span> <span class='ocrx_word' id='word_1_470' title='bbox 1374 3153 1452 3208; x_wconf 91' lang='lat' dir='ltr'><strong>sic</strong></span> <span class='ocrx_word' id='word_1_471' title='bbox 1490 3153 1902 3223; x_wconf 88' lang='lat' dir='ltr'><strong>dispensatione</strong></span> <span class='ocrx_word' id='word_1_472' title='bbox 1940 3167 2036 3207; x_wconf 87' lang='lat' dir='ltr'><strong>sua</strong></span> 
     </span>
    </p>
   </div>
   <div class='ocr_carea' id='block_1_65' title="bbox 448 3244 2039 3319">
    <p class='ocr_par' dir='ltr' id='par_1_65' title="bbox 448 3244 2039 3319">
     <span class='ocr_line' id='line_1_65' title="bbox 448 3244 2039 3319; baseline -0.002 -19"><span class='ocrx_word' id='word_1_473' title='bbox 448 3248 613 3317; x_wconf 88' lang='lat' dir='ltr'><strong>hujus</strong></span> <span class='ocrx_word' id='word_1_474' title='bbox 642 3247 813 3302; x_wconf 86' lang='lat' dir='ltr'><strong>sancti</strong></span> <span class='ocrx_word' id='word_1_475' title='bbox 859 3245 1139 3319; x_wconf 73' lang='lat' dir='ltr'><strong>[virtutes]</strong></span> <span class='ocrx_word' id='word_1_476' title='bbox 1181 3246 1439 3301; x_wconf 90' lang='lat' dir='ltr'><strong>omnibus</strong></span> <span class='ocrx_word' id='word_1_477' title='bbox 1484 3244 1818 3315; x_wconf 84' lang='lat' dir='ltr'><strong>incognitas,</strong></span> <span class='ocrx_word' id='word_1_478' title='bbox 1864 3244 2039 3298; x_wconf 87' lang='lat' dir='ltr'><strong>mani-</strong></span> 
     </span>
    </p>
   </div>
   <div class='ocr_carea' id='block_1_66' title="bbox 449 3328 2041 3410">
    <p class='ocr_par' dir='ltr' id='par_1_66' title="bbox 449 3328 2041 3410">
     <span class='ocr_line' id='line_1_66' title="bbox 449 3328 2041 3410; baseline -0.001 -17"><span class='ocrx_word' id='word_1_479' title='bbox 449 3341 689 3395; x_wconf 85' lang='lat' dir='ltr'><strong>l‘estavit.</strong></span> <span class='ocrx_word' id='word_1_480' title='bbox 724 3339 926 3396; x_wconf 84' lang='lat' dir='ltr'><strong>Tridua</strong></span> <span class='ocrx_word' id='word_1_481' title='bbox 968 3340 1171 3410; x_wconf 86' lang='lat' dir='ltr'><strong>itaque,</strong></span> <span class='ocrx_word' id='word_1_482' title='bbox 1202 3339 1281 3393; x_wconf 90' lang='lat' dir='ltr'><strong>uti</strong></span> <span class='ocrx_word' id='word_1_483' title='bbox 1315 3328 1521 3394; x_wconf 70' lang='lat' dir='ltr'><strong>dictum</strong></span> <span class='ocrx_word' id='word_1_484' title='bbox 1569 3346 1657 3392; x_wconf 86' lang='lat' dir='ltr'><strong>est</strong></span> <span class='ocrx_word' id='word_1_485' title='bbox 1691 3352 1878 3408; x_wconf 88' lang='lat' dir='ltr'><strong>supra,</strong></span> <span class='ocrx_word' id='word_1_486' title='bbox 1912 3353 2041 3392; x_wconf 91' lang='lat' dir='ltr'><strong>san-</strong></span> 
     </span>
    </p>
   </div>
   <div class='ocr_carea' id='block_1_67' title="bbox 445 3430 2036 3503">
    <p class='ocr_par' dir='ltr' id='par_1_67' title="bbox 445 3430 2036 3503">
     <span class='ocr_line' id='line_1_67' title="bbox 445 3430 2036 3503; baseline -0.003 -14"><span class='ocrx_word' id='word_1_487' title='bbox 445 3433 551 3489; x_wconf 90' lang='lat' dir='ltr'><strong>ctis</strong></span> <span class='ocrx_word' id='word_1_488' title='bbox 596 3433 734 3490; x_wconf 89' lang='lat' dir='ltr'><strong>locis</strong></span> <span class='ocrx_word' id='word_1_489' title='bbox 788 3441 1153 3503; x_wconf 86' lang='lat' dir='ltr'><strong>consumpto,</strong></span> <span class='ocrx_word' id='word_1_490' title='bbox 1209 3432 1264 3486; x_wconf 91' lang='lat' dir='ltr'><strong>in</strong></span> <span class='ocrx_word' id='word_1_491' title='bbox 1316 3430 1711 3486; x_wconf 87' lang='lat' dir='ltr'><strong>Emesenorum</strong></span> <span class='ocrx_word' id='word_1_492' title='bbox 1759 3430 2036 3487; x_wconf 82' lang='lat' dir='ltr'><strong>civitatem</strong></span> 
     </span>
    </p>
   </div>
   <div class='ocr_carea' id='block_1_68' title="bbox 446 3526 716 3598">
    <p class='ocr_par' dir='ltr' id='par_1_68' title="bbox 446 3526 716 3598">
     <span class='ocr_line' id='line_1_68' title="bbox 446 3526 716 3598; baseline 0.011 -19"><span class='ocrx_word' id='word_1_493' title='bbox 446 3526 716 3598; x_wconf 77' lang='lat' dir='ltr'><strong>pervenit.</strong></span> 
     </span>
    </p>
   </div>
   <div class='ocr_carea' id='block_1_69' title="bbox 2140 3154 3732 3224">
    <p class='ocr_par' dir='ltr' id='par_1_69' title="bbox 2140 3154 3732 3224">
     <span class='ocr_line' id='line_1_69' title="bbox 2140 3154 3732 3224; baseline -0.001 -15"><span class='ocrx_word' id='word_1_494' title='bbox 2140 3157 2237 3209; x_wconf 71' lang='grc' dir='ltr'><strong>καὶ</strong></span> <span class='ocrx_word' id='word_1_495' title='bbox 2267 3154 2365 3220; x_wconf 77' lang='grc' dir='ltr'><strong>τὰς</strong></span> <span class='ocrx_word' id='word_1_496' title='bbox 2404 3156 2596 3210; x_wconf 85' lang='grc' dir='ltr'>τούτου</span> <span class='ocrx_word' id='word_1_497' title='bbox 2644 3158 2737 3211; x_wconf 79' lang='grc' dir='ltr'><strong>τοῦ</strong></span> <span class='ocrx_word' id='word_1_498' title='bbox 2785 3159 2934 3211; x_wconf 80' lang='grc' dir='ltr'>ὁσίου</span> <span class='ocrx_word' id='word_1_499' title='bbox 2968 3158 3134 3210; x_wconf 75' lang='grc' dir='ltr'>πᾶσιν</span> <span class='ocrx_word' id='word_1_500' title='bbox 3179 3155 3345 3220; x_wconf 73' lang='grc' dir='ltr'>οὔσας</span> <span class='ocrx_word' id='word_1_501' title='bbox 3392 3154 3732 3224; x_wconf 82' lang='grc' dir='ltr'>άγνώστους,</span> 
     </span>
    </p>
   </div>
   <div class='ocr_carea' id='block_1_70' title="bbox 2142 3247 3729 3321">
    <p class='ocr_par' dir='ltr' id='par_1_70' title="bbox 2142 3247 3729 3321">
     <span class='ocr_line' id='line_1_70' title="bbox 2142 3247 3729 3321; baseline -0.001 -20"><span class='ocrx_word' id='word_1_502' title='bbox 2142 3247 2484 3319; x_wconf 76' lang='grc' dir='ltr'>καταδήλους</span> <span class='ocrx_word' id='word_1_503' title='bbox 2514 3249 2792 3321; x_wconf 76' lang='grc' dir='ltr'>ἐποίησεν.</span> <span class='ocrx_word' id='word_1_504' title='bbox 2841 3250 2927 3314; x_wconf 83' lang='grc' dir='ltr'>Ὠς</span> <span class='ocrx_word' id='word_1_505' title='bbox 2963 3250 3226 3320; x_wconf 78' lang='grc' dir='ltr'>ἀνωτέρω</span> <span class='ocrx_word' id='word_1_506' title='bbox 3267 3249 3446 3302; x_wconf 75' lang='grc' dir='ltr'>τοίνυν</span> <span class='ocrx_word' id='word_1_507' title='bbox 3485 3250 3729 3320; x_wconf 79' lang='grc' dir='ltr'>εἴρηται,</span> 
     </span>
    </p>
   </div>
   <div class='ocr_carea' id='block_1_71' title="bbox 2137 3336 3735 3413">
    <p class='ocr_par' dir='ltr' id='par_1_71' title="bbox 2137 3336 3735 3413">
     <span class='ocr_line' id='line_1_71' title="bbox 2137 3336 3735 3413; baseline -0.001 -21"><span class='ocrx_word' id='word_1_508' title='bbox 2137 3336 2579 3411; x_wconf 68' lang='grc' dir='ltr'>διατρίψαςτάς</span> <span class='ocrx_word' id='word_1_509' title='bbox 2636 3345 2786 3413; x_wconf 80' lang='grc' dir='ltr'>τρεῖς</span> <span class='ocrx_word' id='word_1_510' title='bbox 2816 3343 3028 3413; x_wconf 79' lang='grc' dir='ltr'>ἡμέρας</span> <span class='ocrx_word' id='word_1_511' title='bbox 3072 3345 3130 3395; x_wconf 81' lang='grc' dir='ltr'>ἐν</span> <span class='ocrx_word' id='word_1_512' title='bbox 3184 3345 3297 3406; x_wconf 82' lang='grc' dir='ltr'>τοῖς</span> <span class='ocrx_word' id='word_1_513' title='bbox 3331 3341 3509 3411; x_wconf 80' lang='grc' dir='ltr'>ἁγίοις</span> <span class='ocrx_word' id='word_1_514' title='bbox 3542 3342 3735 3404; x_wconf 76' lang='grc' dir='ltr'>τόποις</span> 
     </span>
    </p>
   </div>
   <div class='ocr_carea' id='block_1_72' title="bbox 2140 3422 3639 3507">
    <p class='ocr_par' dir='ltr' id='par_1_72' title="bbox 2140 3422 3639 3507">
     <span class='ocr_line' id='line_1_72' title="bbox 2140 3422 3639 3507; baseline 0.003 -20"><span class='ocrx_word' id='word_1_515' title='bbox 2140 3434 2553 3506; x_wconf 68' lang='grc' dir='ltr'>καταλαμϐάνει</span> <span class='ocrx_word' id='word_1_516' title='bbox 2596 3436 2686 3505; x_wconf 81' lang='grc' dir='ltr'>τὴν</span> <span class='ocrx_word' id='word_1_517' title='bbox 2717 3434 3044 3507; x_wconf 77' lang='grc' dir='ltr'>Ἐμεσηνῶν</span> <span class='ocrx_word' id='word_1_518' title='bbox 3079 3434 3256 3490; x_wconf 74' lang='grc' dir='ltr'>ττίλιν.</span> <span class='ocrx_word' id='word_1_519' title='bbox 3636 3422 3639 3423; x_wconf 12' lang='grc' dir='ltr'><em>ν</em></span> 
     </span>
    </p>
   </div>
   <div class='ocr_carea' id='block_1_73' title="bbox 1919 3656 2255 3713">
    <p class='ocr_par' dir='ltr' id='par_1_73' title="bbox 1919 3656 2255 3713">
     <span class='ocr_line' id='line_1_73' title="bbox 1919 3656 2255 3713; baseline -0.006 0"><span class='ocrx_word' id='word_1_520' title='bbox 1919 3656 2147 3713; x_wconf 77' lang='lat' dir='ltr'><strong>CAPUT</strong></span> <span class='ocrx_word' id='word_1_521' title='bbox 2193 3657 2255 3712; x_wconf 84' lang='lat' dir='ltr'><strong>V.</strong></span> 
     </span>
    </p>
   </div>
   <div class='ocr_carea' id='block_1_74' title="bbox 659 3773 3515 3847">
    <p class='ocr_par' dir='ltr' id='par_1_74' title="bbox 659 3773 3515 3847">
     <span class='ocr_line' id='line_1_74' title="bbox 659 3773 3515 3847; baseline -0 -17"><span class='ocrx_word' id='word_1_522' title='bbox 659 3773 955 3830; x_wconf 81' lang='lat' dir='ltr'><strong>Stultitiam</strong></span> <span class='ocrx_word' id='word_1_523' title='bbox 988 3775 1203 3830; x_wconf 75' lang='lat' dir='ltr'><strong>simulat</strong></span> <span class='ocrx_word' id='word_1_524' title='bbox 1240 3773 1462 3829; x_wconf 64' lang='lat' dir='ltr'><strong>Emam.</strong></span> <span class='ocrx_word' id='word_1_525' title='bbox 1504 3774 1640 3844; x_wconf 79' lang='lat' dir='ltr'><strong>Ejus</strong></span> <span class='ocrx_word' id='word_1_526' title='bbox 1663 3773 1861 3828; x_wconf 77' lang='lat' dir='ltr'><strong>ibidem</strong></span> <span class='ocrx_word' id='word_1_527' title='bbox 1888 3774 2213 3845; x_wconf 74' lang='lat' dir='ltr'><strong>famulatus,</strong></span> <span class='ocrx_word' id='word_1_528' title='bbox 2246 3778 2456 3831; x_wconf 82' lang='lat' dir='ltr'><strong>verbera</strong></span> <span class='ocrx_word' id='word_1_529' title='bbox 2480 3817 2493 3841; x_wconf 90' lang='lat'><strong>,</strong></span> <span class='ocrx_word' id='word_1_530' title='bbox 2534 3793 2610 3830; x_wconf 82' lang='lat' dir='ltr'><strong>res</strong></span> <span class='ocrx_word' id='word_1_531' title='bbox 2635 3776 2929 3839; x_wconf 78' lang='lat' dir='ltr'><strong>mirabiles,</strong></span> <span class='ocrx_word' id='word_1_532' title='bbox 2951 3775 3193 3847; x_wconf 67' lang='lat' dir='ltr'><strong>jejunio,</strong></span> <span class='ocrx_word' id='word_1_533' title='bbox 3231 3775 3515 3829; x_wconf 83' lang='lat' dir='ltr'><strong>miracula.</strong></span> 
     </span>
    </p>
   </div>
   <div class='ocr_carea' id='block_1_75' title="bbox 517 3894 2042 3966">
    <p class='ocr_par' dir='ltr' id='par_1_75' title="bbox 517 3894 2042 3966">
     <span class='ocr_line' id='line_1_75' title="bbox 517 3894 2042 3966; baseline -0.003 -13"><span class='ocrx_word' id='word_1_534' title='bbox 517 3898 603 3953; x_wconf 77' lang='lat'><strong>5|.</strong></span> <span class='ocrx_word' id='word_1_535' title='bbox 642 3895 701 3951; x_wconf 88' lang='grc' dir='ltr'>ιιι</span> <span class='ocrx_word' id='word_1_536' title='bbox 731 3898 851 3965; x_wconf 83' lang='lat' dir='ltr'><strong>ipso</strong></span> <span class='ocrx_word' id='word_1_537' title='bbox 881 3905 1066 3951; x_wconf 87' lang='lat' dir='ltr'><strong>autem</strong></span> <span class='ocrx_word' id='word_1_538' title='bbox 1109 3895 1348 3951; x_wconf 83' lang='lat' dir='ltr'><strong>civitatis</strong></span> <span class='ocrx_word' id='word_1_539' title='bbox 1379 3894 1634 3965; x_wconf 84' lang='lat' dir='ltr'><strong>ingressu</strong></span> <span class='ocrx_word' id='word_1_540' title='bbox 1664 3894 1739 3949; x_wconf 89' lang='lat' dir='ltr'><strong>ita</strong></span> <span class='ocrx_word' id='word_1_541' title='bbox 1766 3910 1826 3950; x_wconf 91' lang='lat' dir='ltr'><strong>se</strong></span> <span class='ocrx_word' id='word_1_542' title='bbox 1852 3895 2042 3966; x_wconf 78' lang='lat' dir='ltr'><strong>gessit.</strong></span> 
     </span>
    </p>
   </div>
   <div class='ocr_carea' id='block_1_76' title="bbox 447 3988 2047 4063">
    <p class='ocr_par' dir='ltr' id='par_1_76' title="bbox 447 3988 2047 4063">
     <span class='ocr_line' id='line_1_76' title="bbox 447 3988 2047 4063; baseline -0.002 -16"><span class='ocrx_word' id='word_1_543' title='bbox 447 3993 586 4047; x_wconf 91' lang='lat' dir='ltr'><strong>Cum</strong></span> <span class='ocrx_word' id='word_1_544' title='bbox 621 3991 852 4063; x_wconf 88' lang='lat' dir='ltr'><strong>insignis</strong></span> <span class='ocrx_word' id='word_1_545' title='bbox 890 3989 1182 4062; x_wconf 77' lang='lat' dir='ltr'><strong>[Symeon]</strong></span> <span class='ocrx_word' id='word_1_546' title='bbox 1229 3990 1284 4043; x_wconf 89' lang='lat' dir='ltr'><strong>in</strong></span> <span class='ocrx_word' id='word_1_547' title='bbox 1344 3988 1713 4060; x_wconf 87' lang='lat' dir='ltr'><strong>sterquilinio,</strong></span> <span class='ocrx_word' id='word_1_548' title='bbox 1745 3990 1888 4058; x_wconf 91' lang='lat' dir='ltr'><strong>quod</strong></span> <span class='ocrx_word' id='word_1_549' title='bbox 1927 3998 2047 4044; x_wconf 87' lang='lat' dir='ltr'><strong>erat</strong></span> 
     </span>
    </p>
   </div>
   <div class='ocr_carea' id='block_1_77' title="bbox 449 4083 2046 4149">
    <p class='ocr_par' dir='ltr' id='par_1_77' title="bbox 449 4083 2046 4149">
     <span class='ocr_line' id='line_1_77' title="bbox 449 4083 2046 4149; baseline -0.003 -8"><span class='ocrx_word' id='word_1_550' title='bbox 449 4095 605 4142; x_wconf 77' lang='lat' dir='ltr'><strong>extra</strong></span> <span class='ocrx_word' id='word_1_551' title='bbox 630 4085 930 4149; x_wconf 84' lang='lat' dir='ltr'><strong>civitatem,</strong></span> <span class='ocrx_word' id='word_1_552' title='bbox 955 4083 1260 4139; x_wconf 85' lang='lat' dir='ltr'><strong>invenisset</strong></span> <span class='ocrx_word' id='word_1_553' title='bbox 1303 4098 1494 4137; x_wconf 86' lang='lat' dir='ltr'><strong>canem</strong></span> <span class='ocrx_word' id='word_1_554' title='bbox 1542 4091 1839 4148; x_wconf 85' lang='lat' dir='ltr'><strong>mortuum,</strong></span> <span class='ocrx_word' id='word_1_555' title='bbox 1871 4083 2046 4138; x_wconf 88' lang='lat' dir='ltr'><strong>soluta</strong></span> 
     </span>
    </p>
   </div>
   <div class='ocr_carea' id='block_1_78' title="bbox 448 4173 2047 4248">
    <p class='ocr_par' dir='ltr' id='par_1_78' title="bbox 448 4173 2047 4248">
     <span class='ocr_line' id='line_1_78' title="bbox 448 4173 2047 4248; baseline -0.003 -17"><span class='ocrx_word' id='word_1_556' title='bbox 448 4192 613 4248; x_wconf 87' lang='lat' dir='ltr'><strong>quam</strong></span> <span class='ocrx_word' id='word_1_557' title='bbox 678 4176 929 4247; x_wconf 87' lang='lat' dir='ltr'><strong>portabat</strong></span> <span class='ocrx_word' id='word_1_558' title='bbox 975 4191 1136 4241; x_wconf 84' lang='lat' dir='ltr'><strong>zona,</strong></span> <span class='ocrx_word' id='word_1_559' title='bbox 1181 4190 1211 4229; x_wconf 91' lang='lat' dir='ltr'><strong>e</strong></span> <span class='ocrx_word' id='word_1_560' title='bbox 1260 4173 1519 4228; x_wconf 81' lang='lat' dir='ltr'><strong>funiculis</strong></span> <span class='ocrx_word' id='word_1_561' title='bbox 1571 4181 1740 4239; x_wconf 75' lang='lat' dir='ltr'><strong>texta,</strong></span> <span class='ocrx_word' id='word_1_562' title='bbox 1800 4182 1855 4228; x_wconf 90' lang='lat' dir='ltr'><strong>et</strong></span> <span class='ocrx_word' id='word_1_563' title='bbox 1896 4173 2047 4227; x_wconf 87' lang='lat' dir='ltr'><strong>canis</strong></span> 
     </span>
    </p>
   </div>
   <div class='ocr_carea' id='block_1_79' title="bbox 451 4264 2045 4340">
    <p class='ocr_par' dir='ltr' id='par_1_79' title="bbox 451 4264 2045 4340">
     <span class='ocr_line' id='line_1_79' title="bbox 451 4264 2045 4340; baseline -0.004 -15"><span class='ocrx_word' id='word_1_564' title='bbox 451 4270 573 4340; x_wconf 90' lang='lat' dir='ltr'><strong>pedi</strong></span> <span class='ocrx_word' id='word_1_565' title='bbox 606 4269 843 4340; x_wconf 84' lang='lat' dir='ltr'><strong>alligata,</strong></span> <span class='ocrx_word' id='word_1_566' title='bbox 870 4267 1121 4321; x_wconf 88' lang='lat' dir='ltr'><strong>trahebat</strong></span> <span class='ocrx_word' id='word_1_567' title='bbox 1158 4266 1339 4338; x_wconf 87' lang='lat' dir='ltr'><strong>ipsum</strong></span> <span class='ocrx_word' id='word_1_568' title='bbox 1384 4280 1634 4329; x_wconf 89' lang='lat' dir='ltr'><strong>currens,</strong></span> <span class='ocrx_word' id='word_1_569' title='bbox 1674 4275 1731 4320; x_wconf 88' lang='lat' dir='ltr'><strong>et</strong></span> <span class='ocrx_word' id='word_1_570' title='bbox 1769 4264 2045 4337; x_wconf 88' lang='lat' dir='ltr'><strong>ingressus</strong></span> 
     </span>
    </p>
   </div>
   <div class='ocr_carea' id='block_1_80' title="bbox 446 4357 2041 4432">
    <p class='ocr_par' dir='ltr' id='par_1_80' title="bbox 446 4357 2041 4432">
     <span class='ocr_line' id='line_1_80' title="bbox 446 4357 2041 4432; baseline -0.003 -16"><span class='ocrx_word' id='word_1_571' title='bbox 446 4371 533 4416; x_wconf 87' lang='lat' dir='ltr'><strong>est</strong></span> <span class='ocrx_word' id='word_1_572' title='bbox 566 4378 661 4432; x_wconf 91' lang='lat' dir='ltr'><strong>per</strong></span> <span class='ocrx_word' id='word_1_573' title='bbox 691 4370 923 4432; x_wconf 88' lang='lat' dir='ltr'><strong>portam,</strong></span> <span class='ocrx_word' id='word_1_574' title='bbox 958 4374 1125 4429; x_wconf 87' lang='lat' dir='ltr'><strong>prope</strong></span> <span class='ocrx_word' id='word_1_575' title='bbox 1163 4373 1324 4429; x_wconf 85' lang='lat' dir='ltr'><strong>quam</strong></span> <span class='ocrx_word' id='word_1_576' title='bbox 1348 4357 1533 4413; x_wconf 87' lang='lat' dir='ltr'><strong>schola</strong></span> <span class='ocrx_word' id='word_1_577' title='bbox 1573 4363 1693 4410; x_wconf 87' lang='lat' dir='ltr'><strong>erat</strong></span> <span class='ocrx_word' id='word_1_578' title='bbox 1721 4371 2041 4426; x_wconf 88' lang='lat' dir='ltr'><strong>puerorum.</strong></span> 
     </span>
    </p>
   </div>
   <div class='ocr_carea' id='block_1_81' title="bbox 452 4445 2044 4523">
    <p class='ocr_par' dir='ltr' id='par_1_81' title="bbox 452 4445 2044 4523">
     <span class='ocr_line' id='line_1_81' title="bbox 452 4445 2044 4523; baseline -0.003 -16"><span class='ocrx_word' id='word_1_579' title='bbox 452 4453 568 4508; x_wconf 85' lang='lat' dir='ltr'><strong>lloc</strong></span> <span class='ocrx_word' id='word_1_580' title='bbox 606 4453 745 4518; x_wconf 84' lang='lat' dir='ltr'><strong>viso,</strong></span> <span class='ocrx_word' id='word_1_581' title='bbox 798 4452 953 4523; x_wconf 90' lang='lat' dir='ltr'><strong>pueri</strong></span> <span class='ocrx_word' id='word_1_582' title='bbox 1004 4459 1290 4521; x_wconf 69' lang='lat' dir='ltr'><strong>coeperunt</strong></span> <span class='ocrx_word' id='word_1_583' title='bbox 1332 4451 1615 4506; x_wconf 87' lang='lat' dir='ltr'><strong>clamare:</strong></span> <span class='ocrx_word' id='word_1_584' title='bbox 1672 4445 1827 4502; x_wconf 63' lang='lat' dir='ltr'><strong>Vah!</strong></span> <span class='ocrx_word' id='word_1_585' title='bbox 1877 4447 2044 4502; x_wconf 88' lang='lat' dir='ltr'><strong>abbas</strong></span> 
     </span>
    </p>
   </div>
   <div class='ocr_carea' id='block_1_82' title="bbox 2214 3896 3731 3972">
    <p class='ocr_par' dir='ltr' id='par_1_82' title="bbox 2214 3896 3731 3972">
     <span class='ocr_line' id='line_1_82' title="bbox 2214 3896 3731 3972; baseline -0.001 -19"><span class='ocrx_word' id='word_1_586' title='bbox 2214 3899 2315 3953; x_wconf 84' lang='grc' dir='ltr'>λα’.</span> <span class='ocrx_word' id='word_1_587' title='bbox 2363 3901 2421 3953; x_wconf 83' lang='grc' dir='ltr'>Ὀ</span> <span class='ocrx_word' id='word_1_588' title='bbox 2455 3900 2512 3953; x_wconf 80' lang='grc' dir='ltr'>δὲ</span> <span class='ocrx_word' id='word_1_589' title='bbox 2537 3900 2740 3972; x_wconf 72' lang='grc' dir='ltr'>τρόπος</span> <span class='ocrx_word' id='word_1_590' title='bbox 2769 3899 2869 3970; x_wconf 73' lang='grc' dir='ltr'>τῆς</span> <span class='ocrx_word' id='word_1_591' title='bbox 2913 3902 2971 3952; x_wconf 81' lang='grc' dir='ltr'>ἐν</span> <span class='ocrx_word' id='word_1_592' title='bbox 3009 3896 3076 3970; x_wconf 75' lang='grc' dir='ltr'>τῇ</span> <span class='ocrx_word' id='word_1_593' title='bbox 3115 3898 3269 3952; x_wconf 85' lang='grc' dir='ltr'>πόλει</span> <span class='ocrx_word' id='word_1_594' title='bbox 3309 3899 3522 3952; x_wconf 78' lang='grc' dir='ltr'>εἰσόδου</span> <span class='ocrx_word' id='word_1_595' title='bbox 3562 3897 3731 3952; x_wconf 69' lang='grc' dir='ltr'>αὐτοῦ</span> 
     </span>
    </p>
   </div>
   <div class='ocr_carea' id='block_1_83' title="bbox 2146 3988 3733 4062">
    <p class='ocr_par' dir='ltr' id='par_1_83' title="bbox 2146 3988 3733 4062">
     <span class='ocr_line' id='line_1_83' title="bbox 2146 3988 3733 4062; baseline 0.002 -21"><span class='ocrx_word' id='word_1_596' title='bbox 2146 3988 2395 4060; x_wconf 78' lang='grc' dir='ltr'>ὑπῆρχεν</span> <span class='ocrx_word' id='word_1_597' title='bbox 2426 3990 2618 4052; x_wconf 76' lang='grc' dir='ltr'>οὕτως.</span> <span class='ocrx_word' id='word_1_598' title='bbox 2673 3991 2863 4062; x_wconf 86' lang='grc' dir='ltr'>Εύρὼν</span> <span class='ocrx_word' id='word_1_599' title='bbox 2902 3995 2929 4044; x_wconf 73' lang='grc' dir='ltr'><strong>ὁ</strong></span> <span class='ocrx_word' id='word_1_600' title='bbox 2961 3991 3205 4061; x_wconf 71' lang='grc' dir='ltr'>ἀοίδιμος</span> <span class='ocrx_word' id='word_1_601' title='bbox 3244 3992 3336 4044; x_wconf 68' lang='grc' dir='ltr'><strong>ἐπὶ</strong></span> <span class='ocrx_word' id='word_1_602' title='bbox 3372 3991 3468 4060; x_wconf 73' lang='grc' dir='ltr'>τῆς</span> <span class='ocrx_word' id='word_1_603' title='bbox 3500 3992 3733 4062; x_wconf 79' lang='grc' dir='ltr'>κοπρίας</span> 
     </span>
    </p>
   </div>
   <div class='ocr_carea' id='block_1_84' title="bbox 2144 4081 3728 4155">
    <p class='ocr_par' dir='ltr' id='par_1_84' title="bbox 2144 4081 3728 4155">
     <span class='ocr_line' id='line_1_84' title="bbox 2144 4081 3728 4155; baseline 0.003 -22"><span class='ocrx_word' id='word_1_604' title='bbox 2144 4081 2243 4150; x_wconf 78' lang='grc' dir='ltr'>τῆς</span> <span class='ocrx_word' id='word_1_605' title='bbox 2271 4082 2376 4147; x_wconf 77' lang='grc' dir='ltr'><strong>ἔξω</strong></span> <span class='ocrx_word' id='word_1_606' title='bbox 2410 4084 2508 4153; x_wconf 85' lang='grc' dir='ltr'>τῆς</span> <span class='ocrx_word' id='word_1_607' title='bbox 2541 4084 2771 4149; x_wconf 81' lang='grc' dir='ltr'>πόλεως,</span> <span class='ocrx_word' id='word_1_608' title='bbox 2814 4082 2952 4137; x_wconf 89' lang='grc' dir='ltr'>κύνα</span> <span class='ocrx_word' id='word_1_609' title='bbox 2980 4083 3196 4155; x_wconf 74' lang='grc' dir='ltr'>νεκρὸν,</span> <span class='ocrx_word' id='word_1_610' title='bbox 3245 4083 3433 4147; x_wconf 86' lang='grc' dir='ltr'>λύσας.</span> <span class='ocrx_word' id='word_1_611' title='bbox 3461 4083 3490 4135; x_wconf 87' lang='grc' dir='ltr'><strong>ὃ</strong></span> <span class='ocrx_word' id='word_1_612' title='bbox 3518 4083 3728 4152; x_wconf 78' lang='grc' dir='ltr'>ἐφόρει.</span> 
     </span>
    </p>
   </div>
   <div class='ocr_carea' id='block_1_85' title="bbox 2145 4172 3732 4246">
    <p class='ocr_par' dir='ltr' id='par_1_85' title="bbox 2145 4172 3732 4246">
     <span class='ocr_line' id='line_1_85' title="bbox 2145 4172 3732 4246; baseline 0.001 -23"><span class='ocrx_word' id='word_1_613' title='bbox 2145 4175 2412 4244; x_wconf 80' lang='grc' dir='ltr'>ζωνάριον</span> <span class='ocrx_word' id='word_1_614' title='bbox 2465 4176 2528 4229; x_wconf 81' lang='grc' dir='ltr'>ἐκ</span> <span class='ocrx_word' id='word_1_615' title='bbox 2560 4176 2799 4246; x_wconf 85' lang='grc' dir='ltr'>σχοινίου</span> <span class='ocrx_word' id='word_1_616' title='bbox 2824 4216 2837 4240; x_wconf 88' lang='grc'><strong>,</strong></span> <span class='ocrx_word' id='word_1_617' title='bbox 2872 4177 2969 4229; x_wconf 72' lang='grc' dir='ltr'><strong>καὶ</strong></span> <span class='ocrx_word' id='word_1_618' title='bbox 3026 4176 3197 4245; x_wconf 70' lang='grc' dir='ltr'>δήσας</span> <span class='ocrx_word' id='word_1_619' title='bbox 3248 4174 3339 4227; x_wconf 59' lang='grc' dir='ltr'>τὸν</span> <span class='ocrx_word' id='word_1_620' title='bbox 3372 4173 3507 4226; x_wconf 68' lang='grc' dir='ltr'>τιόδα</span> <span class='ocrx_word' id='word_1_621' title='bbox 3539 4172 3732 4235; x_wconf 73' lang='grc' dir='ltr'>αὑτοῦ,</span> 
     </span>
    </p>
   </div>
   <div class='ocr_carea' id='block_1_86' title="bbox 2151 4262 3735 4338">
    <p class='ocr_par' dir='ltr' id='par_1_86' title="bbox 2151 4262 3735 4338">
     <span class='ocr_line' id='line_1_86' title="bbox 2151 4262 3735 4338; baseline -0.001 -21"><span class='ocrx_word' id='word_1_622' title='bbox 2151 4265 2345 4336; x_wconf 74' lang='grc' dir='ltr'>ἔσυρεν</span> <span class='ocrx_word' id='word_1_623' title='bbox 2375 4262 2538 4320; x_wconf 77' lang='grc' dir='ltr'>αὐτὸν</span> <span class='ocrx_word' id='word_1_624' title='bbox 2572 4268 2803 4338; x_wconf 80' lang='grc' dir='ltr'>τρέχων,</span> <span class='ocrx_word' id='word_1_625' title='bbox 2828 4266 3337 4338; x_wconf 41' lang='grc' dir='ltr'>καὶ-εἰσερχόμενος</span> <span class='ocrx_word' id='word_1_626' title='bbox 3361 4265 3449 4318; x_wconf 78' lang='grc' dir='ltr'>διὰ</span> <span class='ocrx_word' id='word_1_627' title='bbox 3475 4265 3572 4333; x_wconf 81' lang='grc' dir='ltr'><strong>τῆς</strong></span> <span class='ocrx_word' id='word_1_628' title='bbox 3597 4264 3735 4335; x_wconf 78' lang='grc' dir='ltr'>πόρ-</span> 
     </span>
    </p>
   </div>
   <div class='ocr_carea' id='block_1_87' title="bbox 2150 4355 3734 4429">
    <p class='ocr_par' dir='ltr' id='par_1_87' title="bbox 2150 4355 3734 4429">
     <span class='ocr_line' id='line_1_87' title="bbox 2150 4355 3734 4429; baseline -0.001 -22"><span class='ocrx_word' id='word_1_629' title='bbox 2150 4373 2272 4426; x_wconf 85' lang='grc' dir='ltr'>της,</span> <span class='ocrx_word' id='word_1_630' title='bbox 2299 4357 2432 4410; x_wconf 77' lang='grc' dir='ltr'>ὅπου</span> <span class='ocrx_word' id='word_1_631' title='bbox 2463 4356 2693 4429; x_wconf 81' lang='grc' dir='ltr'>πλησίον</span> <span class='ocrx_word' id='word_1_632' title='bbox 2717 4359 2864 4411; x_wconf 80' lang='grc' dir='ltr'>ὲστίν</span> <span class='ocrx_word' id='word_1_633' title='bbox 2894 4358 2950 4411; x_wconf 77' lang='grc' dir='ltr'><strong>τὸ</strong></span> <span class='ocrx_word' id='word_1_634' title='bbox 2975 4358 3190 4429; x_wconf 80' lang='grc' dir='ltr'>σχολίον</span> <span class='ocrx_word' id='word_1_635' title='bbox 3214 4358 3324 4411; x_wconf 81' lang='grc' dir='ltr'><strong>τῶν</strong></span> <span class='ocrx_word' id='word_1_636' title='bbox 3349 4357 3600 4410; x_wconf 82' lang='grc' dir='ltr'>παιδίων.</span> <span class='ocrx_word' id='word_1_637' title='bbox 3645 4355 3734 4418; x_wconf 78' lang='grc' dir='ltr'>Ὣς</span> 
     </span>
    </p>
   </div>
   <div class='ocr_carea' id='block_1_88' title="bbox 2151 4443 3729 4518">
    <p class='ocr_par' dir='ltr' id='par_1_88' title="bbox 2151 4443 3729 4518">
     <span class='ocr_line' id='line_1_88' title="bbox 2151 4443 3729 4518; baseline 0.001 -21"><span class='ocrx_word' id='word_1_638' title='bbox 2151 4444 2338 4499; x_wconf 82' lang='grc' dir='ltr'>τοῦτον</span> <span class='ocrx_word' id='word_1_639' title='bbox 2358 4443 2451 4500; x_wconf 77' lang='grc' dir='ltr'><strong>οὖν</strong></span> <span class='ocrx_word' id='word_1_640' title='bbox 2471 4446 2765 4501; x_wconf 81' lang='grc' dir='ltr'>ἐθεάσαντο</span> <span class='ocrx_word' id='word_1_641' title='bbox 2781 4449 2829 4500; x_wconf 84' lang='grc' dir='ltr'>οἱ</span> <span class='ocrx_word' id='word_1_642' title='bbox 2861 4447 3322 4518; x_wconf 74' lang='grc' dir='ltr'>παῖδες,ῆρξαντο</span> <span class='ocrx_word' id='word_1_643' title='bbox 3348 4445 3594 4518; x_wconf 73' lang='grc' dir='ltr'>κράζειν·</span> <span class='ocrx_word' id='word_1_644' title='bbox 3623 4446 3691 4497; x_wconf 66' lang='lat' dir='ltr'><strong>&quot;ll</strong></span> <span class='ocrx_word' id='word_1_645' title='bbox 3716 4447 3729 4498; x_wconf 87' lang='lat'><strong>!</strong></span> 
     </span>
    </p>
   </div>
   <div class='ocr_carea' id='block_1_89' title="bbox 454 4511 2036 4611">
    <p class='ocr_par' dir='ltr' id='par_1_89' title="bbox 454 4511 2036 4611">
     <span class='ocr_line' id='line_1_89' title="bbox 454 4511 2036 4611; baseline -0.003 -14"><span class='ocrx_word' id='word_1_646' title='bbox 454 4544 540 4598; x_wconf 91' lang='lat' dir='ltr'><strong>hic</strong></span> <span class='ocrx_word' id='word_1_647' title='bbox 572 4545 774 4599; x_wconf 87' lang='lat' dir='ltr'><strong>stultus</strong></span> <span class='ocrx_word' id='word_1_648' title='bbox 797 4511 900 4600; x_wconf 74' lang='lat' dir='ltr'><strong>est.</strong></span> <span class='ocrx_word' id='word_1_649' title='bbox 934 4543 997 4597; x_wconf 79' lang='lat' dir='ltr'><strong>Et</strong></span> <span class='ocrx_word' id='word_1_650' title='bbox 1026 4511 1343 4598; x_wconf 70' lang='lat' dir='ltr'><strong>institerunt</strong></span> <span class='ocrx_word' id='word_1_651' title='bbox 1374 4550 1498 4611; x_wconf 89' lang='lat' dir='ltr'><strong>post</strong></span> <span class='ocrx_word' id='word_1_652' title='bbox 1529 4541 1678 4594; x_wconf 91' lang='lat' dir='ltr'><strong>illum</strong></span> <span class='ocrx_word' id='word_1_653' title='bbox 1713 4547 1957 4606; x_wconf 82' lang='lat' dir='ltr'><strong>currere,</strong></span> <span class='ocrx_word' id='word_1_654' title='bbox 1990 4550 2036 4594; x_wconf 81' lang='lat' dir='ltr'><strong>el</strong></span> 
     </span>
    </p>
   </div>
   <div class='ocr_carea' id='block_1_90' title="bbox 2141 4511 3734 4611">
    <p class='ocr_par' dir='ltr' id='par_1_90' title="bbox 2150 4536 3734 4608">
     <span class='ocr_line' id='line_1_90' title="bbox 2150 4536 3734 4608; baseline -0.001 -19"><span class='ocrx_word' id='word_1_655' title='bbox 2150 4536 2324 4600; x_wconf 74' lang='grc' dir='ltr'>ἀὸὁᾶς</span> <span class='ocrx_word' id='word_1_656' title='bbox 2361 4537 2559 4608; x_wconf 69' lang='grc' dir='ltr'>μωρός*</span> <span class='ocrx_word' id='word_1_657' title='bbox 2595 4539 2687 4591; x_wconf 75' lang='grc' dir='ltr'><strong>καὶ</strong></span> <span class='ocrx_word' id='word_1_658' title='bbox 2709 4537 2934 4591; x_wconf 73' lang='grc' dir='ltr'>ἔϐαλλον</span> <span class='ocrx_word' id='word_1_659' title='bbox 2962 4537 3177 4607; x_wconf 84' lang='grc' dir='ltr'>τρέχειν</span> <span class='ocrx_word' id='word_1_660' title='bbox 3206 4538 3385 4590; x_wconf 81' lang='grc' dir='ltr'>ὀπίσω</span> <span class='ocrx_word' id='word_1_661' title='bbox 3423 4536 3608 4596; x_wconf 78' lang='grc' dir='ltr'>αὑτοῦ,</span> <span class='ocrx_word' id='word_1_662' title='bbox 3635 4537 3734 4589; x_wconf 68' lang='grc' dir='ltr'><strong>καὶ</strong></span> 
     </span>
    </p>
   </div>
   <div class='ocr_carea' id='block_1_91' title="bbox 453 4631 2050 4715">
    <p class='ocr_par' dir='ltr' id='par_1_91' title="bbox 453 4631 2050 4715">
     <span class='ocr_line' id='line_1_91' title="bbox 453 4631 2050 4715; baseline -0.002 -26"><span class='ocrx_word' id='word_1_663' title='bbox 453 4634 626 4704; x_wconf 84' lang='lat' dir='ltr'><strong>alapis</strong></span> <span class='ocrx_word' id='word_1_664' title='bbox 653 4651 777 4689; x_wconf 88' lang='lat' dir='ltr'><strong>eum</strong></span> <span class='ocrx_word' id='word_1_665' title='bbox 812 4636 1098 4705; x_wconf 77' lang='lat' dir='ltr'><strong>impetere.</strong></span> <span class='ocrx_word' id='word_1_666' title='bbox 1128 4633 1401 4715; x_wconf 77' lang='lat' dir='ltr'><strong>Postridie</strong></span> <span class='ocrx_word' id='word_1_667' title='bbox 1431 4649 1561 4687; x_wconf 80' lang='lat' dir='ltr'><strong>vero</strong></span> <span class='ocrx_word' id='word_1_668' title='bbox 1589 4632 1752 4702; x_wconf 88' lang='lat' dir='ltr'><strong>hujus</strong></span> <span class='ocrx_word' id='word_1_669' title='bbox 1779 4631 1904 4695; x_wconf 87' lang='lat' dir='ltr'><strong>diei,</strong></span> <span class='ocrx_word' id='word_1_670' title='bbox 1931 4648 2050 4702; x_wconf 74' lang='lat' dir='ltr'><strong>qua:</strong></span> 
     </span>
    </p>
   </div>
   <div class='ocr_carea' id='block_1_92' title="bbox 453 4725 2043 4796">
    <p class='ocr_par' dir='ltr' id='par_1_92' title="bbox 453 4725 2043 4796">
     <span class='ocr_line' id='line_1_92' title="bbox 453 4725 2043 4796; baseline -0.003 -14"><span class='ocrx_word' id='word_1_671' title='bbox 453 4738 573 4783; x_wconf 86' lang='lat' dir='ltr'><strong>erat</strong></span> <span class='ocrx_word' id='word_1_672' title='bbox 606 4726 907 4789; x_wconf 86' lang='lat' dir='ltr'><strong>Dominica.</strong></span> <span class='ocrx_word' id='word_1_673' title='bbox 941 4727 1085 4796; x_wconf 89' lang='lat' dir='ltr'><strong>cepit</strong></span> <span class='ocrx_word' id='word_1_674' title='bbox 1118 4742 1310 4793; x_wconf 87' lang='lat' dir='ltr'><strong>nuces,</strong></span> <span class='ocrx_word' id='word_1_675' title='bbox 1345 4733 1398 4781; x_wconf 87' lang='lat' dir='ltr'><strong>et</strong></span> <span class='ocrx_word' id='word_1_676' title='bbox 1428 4725 1707 4795; x_wconf 84' lang='lat' dir='ltr'><strong>ingressus</strong></span> <span class='ocrx_word' id='word_1_677' title='bbox 1729 4725 2043 4789; x_wconf 84' lang='lat' dir='ltr'><strong>ecclesiam,</strong></span> 
     </span>
    </p>
   </div>
   <div class='ocr_carea' id='block_1_93' title="bbox 455 4814 2047 4889">
    <p class='ocr_par' dir='ltr' id='par_1_93' title="bbox 455 4814 2047 4889">
     <span class='ocr_line' id='line_1_93' title="bbox 455 4814 2047 4889; baseline -0.003 -19"><span class='ocrx_word' id='word_1_678' title='bbox 455 4818 508 4872; x_wconf 93' lang='lat' dir='ltr'><strong>in</strong></span> <span class='ocrx_word' id='word_1_679' title='bbox 535 4817 808 4889; x_wconf 87' lang='lat' dir='ltr'><strong>principio</strong></span> <span class='ocrx_word' id='word_1_680' title='bbox 837 4816 1007 4871; x_wconf 85' lang='lat' dir='ltr'><strong>divini</strong></span> <span class='ocrx_word' id='word_1_681' title='bbox 1038 4816 1197 4871; x_wconf 66' lang='lat' dir='ltr'><strong>cilicii</strong></span> <span class='ocrx_word' id='word_1_682' title='bbox 1227 4831 1397 4871; x_wconf 90' lang='lat' dir='ltr'><strong>nuces</strong></span> <span class='ocrx_word' id='word_1_683' title='bbox 1430 4814 1676 4885; x_wconf 88' lang='lat' dir='ltr'><strong>projecit,</strong></span> <span class='ocrx_word' id='word_1_684' title='bbox 1711 4825 1765 4866; x_wconf 89' lang='lat' dir='ltr'><strong>et</strong></span> <span class='ocrx_word' id='word_1_685' title='bbox 1789 4815 2047 4869; x_wconf 84' lang='lat' dir='ltr'><strong>candelas</strong></span> 
     </span>
    </p>
   </div>
   <div class='ocr_carea' id='block_1_94' title="bbox 454 4890 2047 4976">
    <p class='ocr_par' dir='ltr' id='par_1_94' title="bbox 454 4890 2047 4976">
     <span class='ocr_line' id='line_1_94' title="bbox 454 4890 2047 4976; baseline -0.003 -11"><span class='ocrx_word' id='word_1_686' title='bbox 454 4910 737 4965; x_wconf 75' lang='lat' dir='ltr'><strong>exstinxit.</strong></span> <span class='ocrx_word' id='word_1_687' title='bbox 776 4907 880 4964; x_wconf 88' lang='lat' dir='ltr'><strong>Ubi</strong></span> <span class='ocrx_word' id='word_1_688' title='bbox 914 4890 1095 4962; x_wconf 73' lang='lat' dir='ltr'><strong>autem</strong></span> <span class='ocrx_word' id='word_1_689' title='bbox 1121 4916 1481 4963; x_wconf 89' lang='lat' dir='ltr'><strong>accurrerunt</strong></span> <span class='ocrx_word' id='word_1_690' title='bbox 1508 4923 1633 4962; x_wconf 91' lang='lat' dir='ltr'><strong>eum</strong></span> <span class='ocrx_word' id='word_1_691' title='bbox 1657 4906 1905 4976; x_wconf 86' lang='lat' dir='ltr'><strong>ejecturi,</strong></span> <span class='ocrx_word' id='word_1_692' title='bbox 1931 4924 2047 4961; x_wconf 88' lang='lat' dir='ltr'><strong>am-</strong></span> 
     </span>
    </p>
   </div>
   <div class='ocr_carea' id='block_1_95' title="bbox 455 4999 2042 5071">
    <p class='ocr_par' dir='ltr' id='par_1_95' title="bbox 455 4999 2042 5071">
     <span class='ocr_line' id='line_1_95' title="bbox 455 4999 2042 5071; baseline 0.001 -19"><span class='ocrx_word' id='word_1_693' title='bbox 455 5004 652 5057; x_wconf 81' lang='lat' dir='ltr'><strong>bonem</strong></span> <span class='ocrx_word' id='word_1_694' title='bbox 690 5001 798 5070; x_wconf 77' lang='lat' dir='ltr'><strong>(3i)</strong></span> <span class='ocrx_word' id='word_1_695' title='bbox 847 5000 1186 5066; x_wconf 87' lang='lat' dir='ltr'><strong>conscendit,</strong></span> <span class='ocrx_word' id='word_1_696' title='bbox 1221 5009 1274 5055; x_wconf 88' lang='lat' dir='ltr'><strong>et</strong></span> <span class='ocrx_word' id='word_1_697' title='bbox 1310 5000 1510 5055; x_wconf 77' lang='lat' dir='ltr'><strong>exinde</strong></span> <span class='ocrx_word' id='word_1_698' title='bbox 1549 4999 1781 5053; x_wconf 87' lang='lat' dir='ltr'><strong>nucibus</strong></span> <span class='ocrx_word' id='word_1_699' title='bbox 1819 5008 2042 5071; x_wconf 86' lang='lat' dir='ltr'><strong>appete-</strong></span> 
     </span>
    </p>
   </div>
   <div class='ocr_carea' id='block_1_96' title="bbox 455 5089 2038 5164">
    <p class='ocr_par' dir='ltr' id='par_1_96' title="bbox 455 5089 2038 5164">
     <span class='ocr_line' id='line_1_96' title="bbox 455 5089 2038 5164; baseline 0.003 -20"><span class='ocrx_word' id='word_1_700' title='bbox 455 5089 549 5145; x_wconf 84' lang='lat' dir='ltr'><strong>bat</strong></span> <span class='ocrx_word' id='word_1_701' title='bbox 575 5092 851 5148; x_wconf 89' lang='lat' dir='ltr'><strong>mulieres.</strong></span> <span class='ocrx_word' id='word_1_702' title='bbox 895 5093 1082 5164; x_wconf 83' lang='lat' dir='ltr'><strong>Itaque</strong></span> <span class='ocrx_word' id='word_1_703' title='bbox 1130 5094 1258 5148; x_wconf 88' lang='lat' dir='ltr'><strong>dum</strong></span> <span class='ocrx_word' id='word_1_704' title='bbox 1314 5096 1485 5149; x_wconf 89' lang='lat' dir='ltr'><strong>multo</strong></span> <span class='ocrx_word' id='word_1_705' title='bbox 1532 5108 1656 5148; x_wconf 89' lang='lat' dir='ltr'><strong>cum</strong></span> <span class='ocrx_word' id='word_1_706' title='bbox 1685 5092 1867 5149; x_wconf 87' lang='lat' dir='ltr'><strong>labore</strong></span> <span class='ocrx_word' id='word_1_707' title='bbox 1914 5109 2038 5149; x_wconf 89' lang='lat' dir='ltr'><strong>eum</strong></span> 
     </span>
    </p>
   </div>
   <div class='ocr_carea' id='block_1_97' title="bbox 456 5248 1093 5339">
    <p class='ocr_par' dir='ltr' id='par_1_97' title="bbox 456 5248 1093 5339">
     <span class='ocr_line' id='line_1_97' title="bbox 456 5248 1093 5339; baseline -0.003 -35"><span class='ocrx_word' id='word_1_708' title='bbox 456 5278 465 5286; x_wconf 88' lang='lat'><strong>-</strong></span> <span class='ocrx_word' id='word_1_709' title='bbox 523 5254 569 5283; x_wconf 65' lang='grc' dir='ltr'><strong>ε’</strong></span> <span class='ocrx_word' id='word_1_710' title='bbox 596 5248 742 5339; x_wconf 38' lang='lat' dir='ltr'><strong>Ps&#39;al.</strong></span> <span class='ocrx_word' id='word_1_711' title='bbox 777 5264 971 5313; x_wconf 71' lang='grc' dir='ltr'>χχχιιι,</span> <span class='ocrx_word' id='word_1_712' title='bbox 1002 5249 1093 5303; x_wconf 76' lang='grc'><strong>18.</strong></span> 
     </span>
    </p>
   </div>
   <div class='ocr_carea' id='block_1_98' title="bbox 2150 4626 3728 4701">
    <p class='ocr_par' dir='ltr' id='par_1_98' title="bbox 2150 4626 3728 4701">
     <span class='ocr_line' id='line_1_98' title="bbox 2150 4626 3728 4701; baseline -0.001 -18"><span class='ocrx_word' id='word_1_713' title='bbox 2150 4629 2622 4694; x_wconf 79' lang='grc' dir='ltr'>κοσσίζειναύτόν.</span> <span class='ocrx_word' id='word_1_714' title='bbox 2657 4631 2736 4701; x_wconf 80' lang='grc' dir='ltr'><strong>Τῇ</strong></span> <span class='ocrx_word' id='word_1_715' title='bbox 2764 4627 2857 4683; x_wconf 78' lang='grc' dir='ltr'><strong>οὖν</strong></span> <span class='ocrx_word' id='word_1_716' title='bbox 2894 4629 3180 4699; x_wconf 77' lang='grc' dir='ltr'>ἐπαύριον,</span> <span class='ocrx_word' id='word_1_717' title='bbox 3212 4628 3499 4700; x_wconf 74' lang='grc' dir='ltr'>κυριακῆς</span> <span class='ocrx_word' id='word_1_718' title='bbox 3536 4626 3728 4697; x_wconf 73' lang='grc' dir='ltr'>οὔσης.</span> 
     </span>
    </p>
   </div>
   <div class='ocr_carea' id='block_1_99' title="bbox 2146 4720 3729 4794">
    <p class='ocr_par' dir='ltr' id='par_1_99' title="bbox 2146 4720 3729 4794">
     <span class='ocr_line' id='line_1_99' title="bbox 2146 4720 3729 4794; baseline -0.005 -18"><span class='ocrx_word' id='word_1_719' title='bbox 2146 4723 2337 4776; x_wconf 76' lang='grc' dir='ltr'>ἔλαϐεν</span> <span class='ocrx_word' id='word_1_720' title='bbox 2365 4723 2563 4794; x_wconf 83' lang='grc' dir='ltr'>κάρυα,</span> <span class='ocrx_word' id='word_1_721' title='bbox 2604 4722 2697 4775; x_wconf 73' lang='grc' dir='ltr'><strong>καὶ</strong></span> <span class='ocrx_word' id='word_1_722' title='bbox 2745 4722 2997 4793; x_wconf 70' lang='grc' dir='ltr'>εἰσῆλθεν</span> <span class='ocrx_word' id='word_1_723' title='bbox 3045 4723 3101 4774; x_wconf 82' lang='grc' dir='ltr'>ἐν</span> <span class='ocrx_word' id='word_1_724' title='bbox 3141 4724 3206 4792; x_wconf 81' lang='grc' dir='ltr'>τῇ</span> <span class='ocrx_word' id='word_1_725' title='bbox 3272 4720 3540 4791; x_wconf 76' lang='grc' dir='ltr'>ἐκκλησίᾳ</span> <span class='ocrx_word' id='word_1_726' title='bbox 3575 4721 3632 4773; x_wconf 79' lang='grc' dir='ltr'>ὲν</span> <span class='ocrx_word' id='word_1_727' title='bbox 3663 4720 3729 4790; x_wconf 67' lang='grc' dir='ltr'>τῇ</span> 
     </span>
    </p>
   </div>
   <div class='ocr_carea' id='block_1_100' title="bbox 2147 4810 3732 4886">
    <p class='ocr_par' dir='ltr' id='par_1_100' title="bbox 2147 4810 3732 4886">
     <span class='ocr_line' id='line_1_100' title="bbox 2147 4810 3732 4886; baseline -0.003 -18"><span class='ocrx_word' id='word_1_728' title='bbox 2147 4816 2291 4884; x_wconf 80' lang='grc' dir='ltr'>ἀρχῇ</span> <span class='ocrx_word' id='word_1_729' title='bbox 2342 4816 2439 4884; x_wconf 84' lang='grc' dir='ltr'>τῆς</span> <span class='ocrx_word' id='word_1_730' title='bbox 2481 4815 2826 4885; x_wconf 81' lang='grc' dir='ltr'>λειτουργίας</span> <span class='ocrx_word' id='word_1_731' title='bbox 2873 4811 3204 4886; x_wconf 76' lang='grc' dir='ltr'>καρνδίζων,</span> <span class='ocrx_word' id='word_1_732' title='bbox 3259 4813 3354 4865; x_wconf 72' lang='grc' dir='ltr'><strong>καὶ</strong></span> <span class='ocrx_word' id='word_1_733' title='bbox 3389 4811 3601 4866; x_wconf 75' lang='grc' dir='ltr'>σϐέσων</span> <span class='ocrx_word' id='word_1_734' title='bbox 3631 4810 3732 4875; x_wconf 66' lang='grc' dir='ltr'><strong>τὰς</strong></span> 
     </span>
    </p>
   </div>
   <div class='ocr_carea' id='block_1_101' title="bbox 2146 4900 3730 4977">
    <p class='ocr_par' dir='ltr' id='par_1_101' title="bbox 2146 4900 3730 4977">
     <span class='ocr_line' id='line_1_101' title="bbox 2146 4900 3730 4977; baseline -0.002 -18"><span class='ocrx_word' id='word_1_735' title='bbox 2146 4900 2442 4977; x_wconf 67' lang='grc' dir='ltr'>κανδήλαςξ</span> <span class='ocrx_word' id='word_1_736' title='bbox 2513 4907 2599 4970; x_wconf 82' lang='grc' dir='ltr'>Ὠς</span> <span class='ocrx_word' id='word_1_737' title='bbox 2650 4907 2743 4961; x_wconf 79' lang='grc' dir='ltr'><strong>οὖν</strong></span> <span class='ocrx_word' id='word_1_738' title='bbox 2805 4906 2995 4960; x_wconf 73' lang='grc' dir='ltr'>τοῦτον</span> <span class='ocrx_word' id='word_1_739' title='bbox 3039 4904 3323 4974; x_wconf 81' lang='grc' dir='ltr'>ἐξενέγκαι</span> <span class='ocrx_word' id='word_1_740' title='bbox 3373 4900 3730 4976; x_wconf 81' lang='grc' dir='ltr'>κατέτρεχον,</span> 
     </span>
    </p>
   </div>
   <div class='ocr_carea' id='block_1_102' title="bbox 2149 4996 3733 5070">
    <p class='ocr_par' dir='ltr' id='par_1_102' title="bbox 2149 4996 3733 5070">
     <span class='ocr_line' id='line_1_102' title="bbox 2149 4996 3733 5070; baseline -0.003 -17"><span class='ocrx_word' id='word_1_741' title='bbox 2149 4999 2438 5070; x_wconf 80' lang='grc' dir='ltr'>ἀνέρχεται</span> <span class='ocrx_word' id='word_1_742' title='bbox 2468 5002 2548 5063; x_wconf 84' lang='grc' dir='ltr'>εἰς</span> <span class='ocrx_word' id='word_1_743' title='bbox 2579 5000 2669 5052; x_wconf 64' lang='grc' dir='ltr'><strong>τον</strong></span> <span class='ocrx_word' id='word_1_744' title='bbox 2694 4999 2942 5070; x_wconf 79' lang='grc' dir='ltr'>ἄμϐωνα,</span> <span class='ocrx_word' id='word_1_745' title='bbox 2978 4999 3070 5052; x_wconf 79' lang='grc' dir='ltr'><strong>καὶ</strong></span> <span class='ocrx_word' id='word_1_746' title='bbox 3100 4998 3310 5051; x_wconf 74' lang='grc' dir='ltr'>ἐκεῖθεν</span> <span class='ocrx_word' id='word_1_747' title='bbox 3345 4996 3590 5060; x_wconf 68' lang='grc' dir='ltr'>ὲλίθαζεν</span> <span class='ocrx_word' id='word_1_748' title='bbox 3630 4998 3733 5060; x_wconf 77' lang='grc' dir='ltr'><strong>τάς</strong></span> 
     </span>
    </p>
   </div>
   <div class='ocr_carea' id='block_1_103' title="bbox 2148 5085 3731 5164">
    <p class='ocr_par' dir='ltr' id='par_1_103' title="bbox 2148 5085 3731 5164">
     <span class='ocr_line' id='line_1_103' title="bbox 2148 5085 3731 5164; baseline -0.001 -24"><span class='ocrx_word' id='word_1_749' title='bbox 2148 5094 2413 5160; x_wconf 72' lang='grc' dir='ltr'>γυναῖκας</span> <span class='ocrx_word' id='word_1_750' title='bbox 2441 5095 2552 5154; x_wconf 86' lang='grc' dir='ltr'>τοῖς</span> <span class='ocrx_word' id='word_1_751' title='bbox 2585 5091 2882 5164; x_wconf 75' lang='grc' dir='ltr'>καρνδίοις.</span> <span class='ocrx_word' id='word_1_752' title='bbox 2914 5087 3098 5160; x_wconf 58' lang='lat' dir='ltr'><strong>non</strong></span> <span class='ocrx_word' id='word_1_753' title='bbox 3121 5085 3213 5142; x_wconf 78' lang='grc' dir='ltr'>οὗν</span> <span class='ocrx_word' id='word_1_754' title='bbox 3231 5086 3384 5158; x_wconf 80' lang='grc' dir='ltr'>κόπῳ</span> <span class='ocrx_word' id='word_1_755' title='bbox 3408 5085 3731 5154; x_wconf 76' lang='grc' dir='ltr'>ἐξενεγκάν-</span> 
     </span>
    </p>
   </div>
   <div class='ocr_carea' id='block_1_104' title="bbox 1974 5335 2204 5396">
    <p class='ocr_par' dir='ltr' id='par_1_104' title="bbox 1974 5335 2204 5396">
     <span class='ocr_line' id='line_1_104' title="bbox 1974 5335 2204 5396; baseline 0.004 -4"><span class='ocrx_word' id='word_1_756' title='bbox 1974 5335 2204 5396; x_wconf 67' lang='grc' dir='ltr'><strong>ΝΟΤιΕ.</strong></span> 
     </span>
    </p>
   </div>
   <div class='ocr_carea' id='block_1_105' title="bbox 529 5429 2035 5502">
    <p class='ocr_par' dir='ltr' id='par_1_105' title="bbox 529 5429 2035 5502">
     <span class='ocr_line' id='line_1_105' title="bbox 529 5429 2035 5502; baseline -0.001 -17"><span class='ocrx_word' id='word_1_757' title='bbox 529 5434 633 5491; x_wconf 69' lang='grc'><strong>150)</strong></span> <span class='ocrx_word' id='word_1_758' title='bbox 662 5430 936 5502; x_wconf 75' lang='lat' dir='ltr'><strong>Interpres</strong></span> <span class='ocrx_word' id='word_1_759' title='bbox 960 5431 1101 5502; x_wconf 88' lang='lat' dir='ltr'><strong>apud</strong></span> <span class='ocrx_word' id='word_1_760' title='bbox 1133 5429 1355 5484; x_wconf 86' lang='lat' dir='ltr'><strong>Surium</strong></span> <span class='ocrx_word' id='word_1_761' title='bbox 1378 5445 1496 5502; x_wconf 87' lang='lat' dir='ltr'><strong>non</strong></span> <span class='ocrx_word' id='word_1_762' title='bbox 1532 5430 1664 5485; x_wconf 90' lang='lat' dir='ltr'><strong>satis</strong></span> <span class='ocrx_word' id='word_1_763' title='bbox 1706 5429 1925 5501; x_wconf 90' lang='lat' dir='ltr'><strong>proprie</strong></span> <span class='ocrx_word' id='word_1_764' title='bbox 1954 5429 2035 5484; x_wconf 88' lang='lat' dir='ltr'><strong>sic</strong></span> 
     </span>
    </p>
   </div>
   <div class='ocr_carea' id='block_1_106' title="bbox 457 5501 2033 5569">
    <p class='ocr_par' dir='ltr' id='par_1_106' title="bbox 457 5501 2033 5569">
     <span class='ocr_line' id='line_1_106' title="bbox 457 5501 2033 5569; baseline 0 -17"><span class='ocrx_word' id='word_1_765' title='bbox 457 5504 635 5557; x_wconf 68' lang='lat' dir='ltr'><strong>reddit</strong></span> <span class='ocrx_word' id='word_1_766' title='bbox 673 5521 686 5555; x_wconf 91' lang='lat'>:</span> <span class='ocrx_word' id='word_1_767' title='bbox 723 5501 950 5556; x_wconf 80' lang='lat' dir='ltr'><strong>Rursum</strong></span> <span class='ocrx_word' id='word_1_768' title='bbox 977 5501 1154 5555; x_wconf 71' lang='lat' dir='ltr'><strong>autem</strong></span> <span class='ocrx_word' id='word_1_769' title='bbox 1187 5518 1267 5555; x_wconf 83' lang='lat' dir='ltr'><strong>res</strong></span> <span class='ocrx_word' id='word_1_770' title='bbox 1302 5501 1607 5567; x_wconf 83' lang='lat' dir='ltr'><strong>splendidas</strong></span> <span class='ocrx_word' id='word_1_771' title='bbox 1653 5517 1817 5554; x_wconf 80' lang='lat' dir='ltr'><strong>manu</strong></span> <span class='ocrx_word' id='word_1_772' title='bbox 1852 5501 2033 5569; x_wconf 76' lang='lat' dir='ltr'><strong>ferret.</strong></span> 
     </span>
    </p>
   </div>
   <div class='ocr_carea' id='block_1_107' title="bbox 456 5571 2037 5642">
    <p class='ocr_par' dir='ltr' id='par_1_107' title="bbox 456 5571 2037 5642">
     <span class='ocr_line' id='line_1_107' title="bbox 456 5571 2037 5642; baseline 0.001 -19"><span class='ocrx_word' id='word_1_773' title='bbox 456 5572 591 5624; x_wconf 81' lang='lat' dir='ltr'><strong>Nam</strong></span> <span class='ocrx_word' id='word_1_774' title='bbox 636 5574 694 5626; x_wconf 75' lang='grc' dir='ltr'><strong>τὸ</strong></span> <span class='ocrx_word' id='word_1_775' title='bbox 726 5572 977 5640; x_wconf 61' lang='grc' dir='ltr'>λαμπρὸν</span> <span class='ocrx_word' id='word_1_776' title='bbox 1033 5572 1191 5642; x_wconf 81' lang='lat' dir='ltr'><strong>vulgo</strong></span> <span class='ocrx_word' id='word_1_777' title='bbox 1238 5571 1590 5641; x_wconf 80' lang='lat' dir='ltr'><strong>splendidum,</strong></span> <span class='ocrx_word' id='word_1_778' title='bbox 1646 5572 1868 5625; x_wconf 85' lang='lat' dir='ltr'><strong>denotat</strong></span> <span class='ocrx_word' id='word_1_779' title='bbox 1897 5587 2037 5639; x_wconf 69' lang='lat' dir='ltr'><strong>prac-</strong></span> 
     </span>
    </p>
   </div>
   <div class='ocr_carea' id='block_1_108' title="bbox 461 5642 2038 5711">
    <p class='ocr_par' dir='ltr' id='par_1_108' title="bbox 461 5642 2038 5711">
     <span class='ocr_line' id='line_1_108' title="bbox 461 5642 2038 5711; baseline 0.001 -20"><span class='ocrx_word' id='word_1_780' title='bbox 461 5650 604 5693; x_wconf 86' lang='lat' dir='ltr'><strong>terca</strong></span> <span class='ocrx_word' id='word_1_781' title='bbox 642 5645 837 5709; x_wconf 78' lang='lat' dir='ltr'><strong>ignem,</strong></span> <span class='ocrx_word' id='word_1_782' title='bbox 862 5643 1156 5709; x_wconf 83' lang='lat' dir='ltr'><strong>ﬂammam,</strong></span> <span class='ocrx_word' id='word_1_783' title='bbox 1190 5643 1324 5710; x_wconf 70' lang='lat' dir='ltr'><strong>ignis</strong></span> <span class='ocrx_word' id='word_1_784' title='bbox 1361 5642 1640 5711; x_wconf 80' lang='lat' dir='ltr'><strong>fulgorem;</strong></span> <span class='ocrx_word' id='word_1_785' title='bbox 1671 5651 1725 5695; x_wconf 90' lang='lat' dir='ltr'><strong>et</strong></span> <span class='ocrx_word' id='word_1_786' title='bbox 1766 5644 1852 5695; x_wconf 85' lang='lat' dir='ltr'><strong>hic</strong></span> <span class='ocrx_word' id='word_1_787' title='bbox 1871 5659 2038 5710; x_wconf 79' lang='grc' dir='ltr'>μετωο</span> 
     </span>
    </p>
   </div>
   <div class='ocr_carea' id='block_1_109' title="bbox 461 5711 2033 5780">
    <p class='ocr_par' dir='ltr' id='par_1_109' title="bbox 461 5711 2033 5780">
     <span class='ocr_line' id='line_1_109' title="bbox 461 5711 2033 5780; baseline 0.001 -18"><span class='ocrx_word' id='word_1_788' title='bbox 461 5711 703 5779; x_wconf 77' lang='grc' dir='ltr'>νυμικῶς</span> <span class='ocrx_word' id='word_1_789' title='bbox 753 5711 983 5765; x_wconf 74' lang='lat' dir='ltr'><strong>eﬂ‘cetus</strong></span> <span class='ocrx_word' id='word_1_790' title='bbox 1014 5712 1233 5765; x_wconf 85' lang='lat' dir='ltr'><strong>videtur</strong></span> <span class='ocrx_word' id='word_1_791' title='bbox 1262 5714 1390 5780; x_wconf 83' lang='lat' dir='ltr'><strong>poni</strong></span> <span class='ocrx_word' id='word_1_792' title='bbox 1423 5728 1521 5780; x_wconf 89' lang='lat' dir='ltr'><strong>pro</strong></span> <span class='ocrx_word' id='word_1_793' title='bbox 1552 5727 1737 5778; x_wconf 77' lang='lat' dir='ltr'><strong>causa,</strong></span> <span class='ocrx_word' id='word_1_794' title='bbox 1774 5712 2033 5766; x_wconf 82' lang='lat' dir='ltr'><strong>nimirum</strong></span> 
     </span>
    </p>
   </div>
   <div class='ocr_carea' id='block_1_110' title="bbox 2142 5431 3735 5507">
    <p class='ocr_par' dir='ltr' id='par_1_110' title="bbox 2142 5431 3735 5507">
     <span class='ocr_line' id='line_1_110' title="bbox 2142 5431 3735 5507; baseline -0.001 -21"><span class='ocrx_word' id='word_1_795' title='bbox 2142 5434 2386 5507; x_wconf 77' lang='lat' dir='ltr'><strong>splendor</strong></span> <span class='ocrx_word' id='word_1_796' title='bbox 2412 5435 2570 5507; x_wconf 76' lang='lat' dir='ltr'><strong>ignis,</strong></span> <span class='ocrx_word' id='word_1_797' title='bbox 2586 5450 2685 5507; x_wconf 81' lang='lat' dir='ltr'><strong>pro</strong></span> <span class='ocrx_word' id='word_1_798' title='bbox 2704 5435 2825 5507; x_wconf 79' lang='lat' dir='ltr'><strong>igne</strong></span> <span class='ocrx_word' id='word_1_799' title='bbox 2862 5437 3000 5507; x_wconf 79' lang='lat' dir='ltr'><strong>ipso.</strong></span> <span class='ocrx_word' id='word_1_800' title='bbox 3022 5433 3193 5507; x_wconf 67' lang='lat' dir='ltr'><strong>Plura</strong></span> <span class='ocrx_word' id='word_1_801' title='bbox 3220 5431 3288 5487; x_wconf 89' lang='lat' dir='ltr'><strong>de</strong></span> <span class='ocrx_word' id='word_1_802' title='bbox 3319 5431 3422 5486; x_wconf 81' lang='lat' dir='ltr'><strong>bac</strong></span> <span class='ocrx_word' id='word_1_803' title='bbox 3451 5446 3511 5485; x_wconf 90' lang='lat' dir='ltr'><strong>re</strong></span> <span class='ocrx_word' id='word_1_804' title='bbox 3541 5445 3735 5485; x_wconf 76' lang='lat' dir='ltr'><strong>exem-</strong></span> 
     </span>
    </p>
   </div>
   <div class='ocr_carea' id='block_1_111' title="bbox 2144 5505 3617 5575">
    <p class='ocr_par' dir='ltr' id='par_1_111' title="bbox 2144 5505 3617 5575">
     <span class='ocr_line' id='line_1_111' title="bbox 2144 5505 3617 5575; baseline -0.005 -17"><span class='ocrx_word' id='word_1_805' title='bbox 2144 5505 2229 5573; x_wconf 85' lang='lat' dir='ltr'><strong>pla</strong></span> <span class='ocrx_word' id='word_1_806' title='bbox 2269 5508 2507 5574; x_wconf 82' lang='lat' dir='ltr'><strong>reperies</strong></span> <span class='ocrx_word' id='word_1_807' title='bbox 2542 5506 2597 5559; x_wconf 89' lang='lat' dir='ltr'><strong>in</strong></span> <span class='ocrx_word' id='word_1_808' title='bbox 2617 5505 2885 5561; x_wconf 61' lang='lat' dir='ltr'><strong>Cloisario</strong></span> <span class='ocrx_word' id='word_1_809' title='bbox 2915 5505 3124 5575; x_wconf 82' lang='lat' dir='ltr'><strong>Cangii.</strong></span> <span class='ocrx_word' id='word_1_810' title='bbox 3182 5574 3185 5575; x_wconf 15' lang='grc' dir='ltr'><em>ν</em></span> <span class='ocrx_word' id='word_1_811' title='bbox 3308 5572 3318 5575; x_wconf 84' lang='lat'>_</span> <span class='ocrx_word' id='word_1_812' title='bbox 3508 5569 3528 5575; x_wconf 35' lang='grc' dir='ltr'><strong>Δ</strong></span> <span class='ocrx_word' id='word_1_813' title='bbox 3579 5550 3617 5575; x_wconf 22' lang='grc' dir='ltr'>Δ.</span> 
     </span>
    </p>
   </div>
   <div class='ocr_carea' id='block_1_112' title="bbox 2145 5569 3733 5701">
    <p class='ocr_par' dir='ltr' id='par_1_112' title="bbox 2145 5569 3733 5701">
     <span class='ocr_line' id='line_1_112' title="bbox 2145 5569 3733 5699; baseline 0.009 -75"><span class='ocrx_word' id='word_1_814' title='bbox 2145 5569 2161 5573; x_wconf 81' lang='grc'><strong><em>“</em></strong></span> <span class='ocrx_word' id='word_1_815' title='bbox 2218 5569 2941 5699; x_wconf 56' lang='lat' dir='ltr'><strong>(Bljl&#39;Pulpitum,tribunal</strong></span> <span class='ocrx_word' id='word_1_816' title='bbox 2996 5569 3243 5632; x_wconf 72' lang='lat' dir='ltr'><strong>ecclesia:</strong></span> <span class='ocrx_word' id='word_1_817' title='bbox 3273 5572 3341 5628; x_wconf 92' lang='lat' dir='ltr'><strong>ab</strong></span> <span class='ocrx_word' id='word_1_818' title='bbox 3389 5569 3733 5645; x_wconf 60' lang='grc' dir='ltr'>ἀναϐαίνειν,</span> 
     </span>
     <span class='ocr_line' id='line_1_113' title="bbox 2145 5661 2458 5701; baseline 0.003 -1"><span class='ocrx_word' id='word_1_819' title='bbox 2145 5661 2458 5701; x_wconf 68' lang='grc' dir='ltr'>ειεοριιέιε.</span> 
     </span>
    </p>
   </div>
  </div>
