4024 6232
437 290 567 356 1711

1413 288 1725 350 LEONTII
1762 283 2271 347 NEAPOLITANI
2326 282 2670 344 EPISCOPI

3576 283 3712 350 l7i2

432 404 635 461 ciniam
688 400 834 457 illam
894 400 1145 470 protinus
1187 407 1460 463 mutaret,
1502 398 1679 452 donec
1720 410 1810 450 res
1856 408 2019 465 quam

2129 389 2286 443 τοῦτο
2317 391 2346 442 6
2374 390 2542 453 ὅσιος,
2566 389 2647 443 ὅτι
2688 386 2878 442 καθότι
2927 390 3101 443 ἐποίει
3129 390 3184 446 τί
3215 405 3347 445 ποτε
3381 392 3709 463 παράδοξον,

431 499 656 562 fecerat,
680 502 827 550 esset
853 492 1129 549 oblivione
1158 492 1391 562 sepulta.
1443 489 1709 545 Studebat
1736 488 1924 551 etiam,
1962 493 2022 540 ut

430 588 601 658 inepti
628 585 830 656 aliquid
874 600 987 655 prae
1015 599 1075 639 se
1105 583 1296 646 ferret,
1339 598 1447 652 quo
1486 590 1811 653 contegeret
1861 581 2016 647 illud,

429 679 573 750 quod
607 687 755 735 recte
781 683 1047 751 gesserat.
1090 674 1287 731 Evenit
1327 673 1623 745 aliquando
1670 682 1731 728 ut
1768 670 1876 738 ille,
1926 670 2018 740 qui

432 773 650 844 lupinus
687 770 1050 826 distribuebat
1096 768 1153 824 in
1204 783 1476 839 caupona,
1517 765 1789 837 acciperet
1834 765 2017 819 cibum

426 865 554 935 ejus
583 881 598 919 :
629 871 750 920 erat
777 871 959 918 autem
994 877 1170 932 caupo
1197 862 1337 918 adeo
1364 860 1617 923 immitis,
1646 868 1707 914 ut
1735 873 1880 928 saepe
1909 871 2018 910 non

426 957 589 1027 daret
635 955 687 1009 ei
741 953 951 1019 cibum,
1000 952 1217 1008 tametsi
1262 952 1435 1008 multa
1481 951 1747 1006 venderet
1795 956 2020 1019 propter

435 1051 788 1122 Syrneonem.
815 1046 949 1102 Nam
979 1044 1147 1110 cives,
1185 1045 1343 1115 quasi
1368 1042 1445 1098 rei
1478 1041 1718 1097 novitate
1745 1036 2016 1108 suspensi,

433 1141 692 1196 dicebant
720 1139 866 1193 inter
909 1152 971 1192 se
1001 1152 1016 1189 :
1048 1135 1273 1199 Eamus,
1310 1135 1581 1198 bibamus,
1608 1133 1697 1187 ubi
1729 1129 1886 1186 Salus
1912 1136 2016 1183 est.

433 1230 681 1299 Quadam
717 1229 882 1302 igitur
910 1229 999 1283 die
1049 1228 1329 1299 ingressus
1373 1236 1458 1281 est
1498 1239 1747 1294 serpens,
1796 1231 1853 1278 et
1883 1221 2022 1278 bibit

431 1327 625 1383 vinum
659 1340 730 1380 ex
772 1338 884 1379 una
921 1322 1160 1393 ampulla
1216 1321 1348 1393 (39),
1401 1329 1457 1375 et
1492 1318 1739 1374 evomuit
1783 1317 2023 1387 desuper

433 1431 710 1473 venenum
736 1431 918 1480 suum,
949 1423 1004 1470 et
1038 1413 1191 1468 abiit.
1222 1412 1339 1466 Non
1382 1418 1501 1467 erat
1542 1409 1691 1465 intus
1715 1409 1886 1466 abbas
1927 1407 2025 1480 Sy.

434 1524 622 1572 meon,
658 1506 754 1562 sed
786 1504 918 1560 foris
947 1504 1181 1559 ducebat
1210 1502 1444 1558 choreas
1472 1516 1598 1557 cum
1644 1500 2020 1571 popularibus.

434 1602 731 1669 Postquam
772 1596 1017 1655 venisset
1062 1604 1303 1657 sanctus,
1332 1594 1481 1650 videt
1515 1594 1771 1665 ampullm
1823 1594 2023 1648 inscri-

422 1701 611 1764 ptum,
636 1704 813 1755 mors;
842 1688 920 1742 sic
950 1697 1133 1743 tamen
1165 1695 1225 1740 ut
1250 1685 1422 1742 videri
1445 1700 1555 1740 non
1583 1692 1784 1755 posset.
1817 1682 2013 1739 Statim

432 1749 607 1856 igitur
623 1749 896 1852 intelligit,
924 1778 1057 1850 quid
1099 1779 1157 1833 in
1180 1792 1246 1833 ea
1270 1775 1473 1833 factum
1502 1749 1649 1834 esset
1682 1795 1694 1832 :
1718 1784 1775 1832 et
1801 1777 2018 1833 sublato
2052 1749 2096 1811 Β

432 1877 606 1948 tigno,
631 1873 792 1946 fregit
820 1888 964 1940 eam,
1005 1870 1165 1928 sicuti
1193 1872 1354 1942 plena
1394 1879 1533 1928 erat.
1565 1870 1810 1941 Abrepto
1839 1871 2023 1940 itaque

429 1954 583 2044 ligno
606 1985 637 2024 e
662 1968 916 2025 manibus
945 1965 1083 2036 ejus,
1108 1963 1418 2021 verberavit
1444 1964 1621 2035 ipsum
1638 1962 1827 2026 herus,
1850 1962 2025 2018 donec

435 2062 715 2127 deficeret,
749 2069 806 2115 et
844 2058 1235 2129 insequebatur
1270 2057 1471 2128 ipsum.
1514 2054 1678 2111 Venit
1702 2065 1886 2112 autem
1923 2070 2025 2127 po-

432 2154 631 2211 stridie
658 2153 827 2209 abbas
851 2150 1111 2225 Symeou,
1140 2159 1198 2205 et
1218 2148 1509 2206 abscondit
1531 2163 1593 2204 se
1615 2157 1738 2219 post
1764 2149 2023 2220 januam;

435 2257 495 2304 et
520 2263 652 2304 ecce
684 2246 849 2303 rediit
874 2261 1120 2318 serpens,
1168 2253 1232 2300 ut
1262 2244 1508 2313 biberet,
1540 2259 1779 2315 eumque
1800 2243 2026 2313 conspi-

434 2352 592 2400 catus
639 2355 839 2412 caupo,
877 2338 1108 2410 arripuit
1157 2338 1366 2412 lignum
1406 2336 1574 2405 idem,
1624 2337 1814 2393 volens
1842 2336 2023 2407 ipsum

434 2433 726 2500 occidere;
757 2441 814 2488 et
841 2447 969 2488 cum
1001 2430 1367 2502 percussisset
1407 2441 1462 2485 et
1503 2431 1831 2497 aberrasset,
1863 2429 2026 2499 fregit

434 2539 629 2580 omnes
657 2524 926 2594 ampullas
956 2531 1014 2579 et
1046 2523 1262 2593 poeula.
1291 2521 1448 2578 Tune
1475 2521 1718 2578 accurrit
1756 2520 1938 2588 Salus,
1971 2530 2025 2577 et

436 2615 610 2674 dicit:
654 2614 795 2682 Quid
818 2622 927 2681 est,
967 2613 1173 2670 stulte?
1226 2612 1383 2679 Vide,
1434 2628 1544 2668 non
1585 2627 1687 2683 ego
1712 2612 1861 2668 solus
1903 2628 2023 2668 sum

435 2710 586 2765 iners
612 2708 724 2779 (40)
757 2716 815 2764 et
857 2707 1044 2763 minus
1089 2708 1304 2764 dexter.
1348 2706 1488 2762 Tum
1538 2705 1808 2762 intellexit
1849 2722 2025 2776 caupo

436 2801 582 2874 quod
610 2802 683 2856 ob
714 2800 964 2857 eamdem
1011 2813 1236 2855 causam
1289 2799 1460 2855 abbas
1486 2798 1721 2870 Symeon
1769 2796 2027 2871 fregisset

435 2893 755 2965 ampullam,
788 2891 1187 2949 et’aaditicatus
1228 2890 1354 2958 fuit,
1402 2900 1456 2947 et
1506 2890 1695 2947 habuit
1744 2906 1869 2946 eum
1925 2905 2026 2962 pro

434 2997 650 3053 sancto.

505 3080 597 3136 34.
640 3079 778 3135 Cum
809 3080 992 3151 itaque
1023 3077 1187 3133 vellet
1217 3084 1442 3133 sanctus
1470 3075 1689 3133 abolere
1715 3078 1802 3133 sui
1842 3078 2027 3135 existi-

438 3178 760 3240 mationem,
813 3190 887 3230 ne
932 3176 1100 3230 herus
1155 3172 1396 3245 gloriose
1431 3172 1501 3228 de
1544 3186 1606 3228 se
1655 3173 2023 3243 praedicaret,

437 3268 529 3324 die
551 3267 807 3337 quadam,
854 3282 981 3321 cum
1012 3280 1151 3322 uxor
1189 3266 1310 3335 ejus
1349 3266 1616 3321 dormiret
1644 3267 1781 3331 sola,
1814 3274 1871 3321 et
1909 3267 2028 3336 ipse

439 3360 628 3414 vinum
650 3358 935 3424 venderet,
960 3358 1195 3414 accessit
1224 3359 1291 3413 ad
1316 3373 1437 3413 eam
1476 3358 1646 3412 abbas
1681 3358 1942 3429 Symeon,
1973 3368 2029 3415 et

437 3469 552 3525 pne
581 3467 642 3508 se
668 3451 786 3506 tulit
816 3465 1021 3506 exuere
1072 3465 1133 3505 se
1172 3458 1355 3505 vestes
1397 3465 1547 3506 suas.
1593 3450 1688 3504 llla
1731 3451 2025 3521 clamante,

439 3548 716 3616 ingressus
752 3552 842 3600 est
883 3543 966 3599 vir
993 3543 1134 3614 ejus.
1178 3542 1280 3599 Cui
1306 3542 1396 3598 illa
1429 3560 1443 3597 :
1486 3543 1658 3613 Ejice,
1690 3543 1887 3615 inquit,
1915 3560 2027 3600 sce-

440 3636 792 3694 lestissimum
824 3635 991 3699 hunc,
1027 3635 1156 3706 quia
1187 3633 1297 3689 vim
1331 3635 1465 3690 mihi
1495 3635 1700 3691 inferre
1730 3636 1941 3704 voluit;
1974 3645 2029 3691 ct

440 3729 640 3802 pugnis
669 3743 796 3784 eum
830 3726 1070 3789 caedetis.
1118 3742 1184 3781 ex
1223 3724 1440 3782 ofﬁcina
1469 3727 1676 3797 expulit
1715 3726 1768 3781 in
1800 3727 2025 3800 glaciem

442 3823 583 3892 (erat
632 3819 783 3876 enim
858 3827 1159 3889 tempestas
1214 3817 1514 3891 perfrigida
1580 3832 1636 3875 et
1714 3817 2025 3891 pruinosa).

439 3917 618 3986 Atque
646 3929 712 3970 ex
740 3914 847 3969 hoc
875 3923 1121 3983 tempore
1151 3926 1327 3983 caupo
1354 3927 1466 3968 non
1490 3912 1652 3968 modo
1684 3928 1808 3968 eum
1833 3913 2029 3970 habuit

441 4019 543 4074 pro
570 4003 796 4059 homine
822 4010 1018 4091 emotae
1053 4003 1288 4071 mentis;
1334 4017 1524 4059 verum
1552 4001 1597 4057 si
1626 3995 1793 4057 alin'm
1836 4019 2028 4074 quem-

441 4096 586 4166 piam
614 4094 829 4151 audiret
874 4093 1149 4150 dicentem
1184 4110 1200 4148 :
1252 4094 1545 4150 Enimvero
1590 4094 1822 4149 fortasse
1852 4109 1912 4150 se
1944 4103 2027 4150 ta-

443 4186 548 4243 lem
586 4200 710 4242 esse
751 4186 975 4241 simulat
1010 4184 1180 4241 abbas
1219 4184 1355 4250 iste;
1383 4183 1566 4240 statim
1610 4184 1685 4238 illi
1725 4185 2027 4255 responde-

440 4277 537 4333 bat
571 4276 750 4333 :Vere
787 4292 959 4347 purus
994 4286 1163 4349 putus
1192 4276 1563 4337 dmmoniacus
1589 4284 1709 4342 est;
1747 4275 2031 4331 uon‘fallit

441 4386 531 4427 me
560 4370 726 4426 homo
762 4388 776 4425 :
809 4385 937 4425 nam
990 4370 1147 4424 uxori
1188 4383 1324 4425 mea:
1371 4368 1563 4423 vitium
1602 4368 1799 4423 ati‘erre
1830 4368 2024 4433 voluit,

2123 480 2331 543 εὐθέως
2360 478 2595 551 ήλλασσε
2622 479 2723 551 τὴν
2746 479 3018 549 γειτονίαν
3061 480 3276 550 ἐκείνην
3299 521 3313 546 ,
3354 480 3458 544 ἓως
3492 482 3585 537 τοῦ
3609 483 3711 553 iur-

2124 571 2369 644 σμονηθῇ
2396 571 2457 625 τὸ
2485 573 2741 646 πρᾶγμα,
2794 572 2824 627 6
2856 573 3138 644 ἐποίησεν.
3174 574 3474 630 Ἐσπευῗεν
3525 575 3581 630 δὲ
3615 578 3715 630 καὶ

2125 665 2385 737 παραυτὰ
2444 665 2886 736 σχηματίσασθαι
2947 666 3180 737 ἄκαιρόν
3232 668 3285 720 τί
3334 685 3489 731 ποτε,
3527 670 3616 724 ἶνα
3642 668 3712 725 δι’

2123 761 2335 813 ἐκείνου
2360 759 2676 834 ὲπικαλύῲῃ
2710 760 2772 813 τδ
2803 760 3155 833 κατόρθωμα.
3192 761 3330 815 [love
3359 761 3418 815 δὲ
3448 762 3711 834 Θερμοδο-

2120 852 2229 907 τῶν
2269 852 2327 906 ἐν
2364 852 2670 924 καπηλείῳ.
2698 852 2976 923 ὲλάμὸανε
3005 853 3102 926 τὴν
3132 855 3341 926 τροφὴν
3369 855 3562 910 αὑτοῦ.
3599 851 3712 911 Ἦν

2118 944 2173 998 δὲ
2204 942 2549 1014 ἄσπλαγχνος
2581 947 2610 998 6
2637 944 2903 1015 κάπηλος,
2929 944 3073 999 ὥστε
3141 945 3402 1011 πολλάκις
3449 947 3571 1001 οὐδὲ
3615 946 3716 1019 τὴν

2120 1038 2324 1110 τροφὴν
2379 1038 2547 1092 αὑτοῦ
2597 1037 2794 1100 ἐδίδου,
2848 1038 3056 1108 καίπερ
3092 1037 3292 1108 πολλὴν
3332 1038 3537 1109 πρᾶσιν
3570 1038 3714 1110 ἔχων

2118 1129 2205 1183 διὰ
2239 1129 2335 1184 τοῦ
2364 1128 2559 1186 Σαλοῦ.
2598 1130 2687 1193 Ὠς
2737 1132 2797 1184 ὲν
2836 1130 2989 1211 τάξεσι
3025 1130 3133 1203 γὰρ
3165 1129 3469 1202 μετεώρου,
3524 1129 3714 1200 ελεγον

2123 1223 2257 1294 πρὸς
2280 1222 2541 1296 ἀλλήλους
2566 1225 2616 1278 οἱ
2646 1224 2863 1278 πολῖται
2887 1241 2900 1254 θ
2940 1225 3224 1294 Ἄγωμεν,
3276 1223 3492 1294 πίωμεν
3518 1225 3656 1279 ὅπου
3683 1225 3714 1279 6

2122 1314 2308 1379 Σαλός.
2362 1315 2452 1369 Ἐν
2485 1317 2585 1388 μιᾷ
2613 1311 2705 1369 οὖν
2735 1317 2843 1369 τῶν
2884 1317 3112 1388 ἡμερῶν
3155 1314 3410 1388 είσῆλοεν
3439 1316 3584 1385 ὄφις,
3618 1315 3714 1370 καὶ

2121 1406 2275 1460 ἔπιεν
2310 1406 2370 1473 ἐξ
2404 1408 2524 1471 ἑνὸς
2565 1406 2674 1462 τῶν
2724 1406 2951 1478 βισσίων
2997 1408 3094 1462 τοῦ
3139 1409 3308 1474 οἴνου,
3337 1409 3433 1463 καὶ
3451 1408 3715 1482 ὲξέρασεν

2122 1501 2273 1555 κάτω
2305 1500 2398 1554 τὸν
2430 1501 2506 1555 ίὸν
2536 1500 2725 1568 αὐτοῦ,
2751 1502 2849 1555 καὶ
2873 1501 3243 1572 ἀνεχώρησεν.
3274 1503 3390 1556 υύκ
3413 1498 3481 1576 ἦν
3509 1503 3569 1557 δὲ
3601 1503 3716 1557 ἔσω

2121 1593 2149 1646 6
2177 1592 2353 1656 6.661;
2378 1591 2624 1664 Συμεὼν,
2647 1592 2762 1648 ἀλλ’
2783 1593 2891 1659 ἔξω
2913 1593 3195 1659 ἐϐάλλιζεν
3229 1594 3370 1664 μετά
3404 1593 3511 1647 τῶν
3544 1594 3718 1665 δημο-

2123 1681 2248 1737 τῶν.
2287 1682 2488 1737 Ἐλθὼν
2512 1681 2606 1738 οὗν
2652 1686 2682 1738 6
2730 1686 2897 1752 ὅσιος,
2930 1686 3130 1757 θεωρεῖ
3159 1686 3259 1758 τὴν
3285 1685 3485 1757 βίσσαν
3523 1689 3715 1758 ἐπιγε-

2126 1770 2457 1846 γραμμένην
2483 1776 2750 1848 ἀοράτως,
2790 1752 3056 1843 Θάνατοςί
3087 1752 3304 1841 Εὐθέως
3348 1773 3442 1833 οὖν
3490 1752 3716 1847 ἐνδησεν

2126 1866 2188 1920 τὸ
2230 1869 2451 1936 γεγονὸς
2487 1870 2567 1931 είς
2597 1868 2790 1940 αὐτὴν,
2827 1871 2924 1924 καὶ
2983 1871 3194 1943 ἐπάρας
3249 1871 3428 1936 ξύλον,
3480 1871 3716 1927 ἔκλασεν

2127 1958 2319 2029 αὐτὴν,
2369 1958 2444 2022 ὡς
2487 1959 2679 2031 ἔγεμε.
2728 1960 2923 2015 Λαϐὼν
2950 1957 3045 2017 οὖν
3080 1964 3109 2017 6
3154 1963 3422 2033 αὐθέντης
3449 1964 3619 2018 αὐτοῦ
3651 1963 3717 2018 τὸ

2129 2050 2285 2117 ξύλον
2314 2053 2380 2107 ἐκ
2399 2053 2499 2124 τῆς
2526 2053 2710 2125 χειρὸς
2734 2054 2924 2122 αὐτοῦ,
2963 2056 3162 2111 ἔδωκεν
3188 2055 3337 2127 αἰτῴ
3366 2057 3485 2126 μετ’
3521 2057 3713 2121 αὑτοῦ.

2128 2144 2238 2209 ἕως
2262 2145 2547 2216 ἠτόνησεν,
2599 2146 2693 2200 καὶ
2728 2147 2947 2214 ἐδίωξεν
2997 2149 3182 2203 αὐτόν.
3216 2149 3346 2202 Ἐπὶ
3375 2149 3476 2222 τὴν
3519 2149 3716 2219 αὔριον

2126 2233 2183 2288 δὲ
2204 2230 2389 2307 ἦλθεν,
2437 2238 2533 2292 καὶ
2584 2239 2909 2311 Μρεκρύῦη
2958 2241 3133 2296 ὀπίσω
3155 2246 3251 2314 τῆς
3277 2243 3447 2314 θύρας
3477 2246 3505 2297 6
3536 2243 3716 2306 ἀεδίς

2126 2325 2377 2397 Συμεὼν,
2410 2328 2504 2382 καὶ
2537 2327 2662 2384 ίδὼν
2693 2330 2855 2384 αὑτὸν
2888 2332 2916 2384 6
2947 2331 3217 2401 κάπηλος,
3246 2332 3439 2386 ἐλαϐεν
3468 2333 3532 2386 τὸ
3556 2331 3715 2399 ξύλον

2126 2420 2188 2475 τὸ
2210 2421 2365 2487 αὐτὸ,
2398 2423 2494 2478 καὶ
2525 2424 2658 2490 ίδοὺ,
2691 2425 2855 2479 πάλιν
2885 2428 2914 2479 6
2951 2426 3074 2497 ὄφις
3103 2422 3268 2499 ἦλθεν
3314 2430 3461 2481 πιεῖν
3481 2467 3497 2491 ,
3542 2427 3716 2481 θέλων

2130 2516 2389 2585 φονεῦσαι
2416 2517 2603 2585 αὐτὸν,
2636 2520 2727 2573 καὶ
2755 2518 3072 2590 ἀποτυχὼν,
3101 2519 3306 2574 ἔδωκεν
3356 2521 3452 2574 καὶ
3484 2519 3716 2574 ἔκλασεν

2127 2608 2224 2663 ὅλα
2261 2608 2333 2663 τὰ
2368 2609 2552 2681 βισσία
2582 2610 2679 2665 καὶ
2710 2612 2776 2665 τὰ
2812 2612 3073 2682 ποτήρια.
3123 2613 3257 2667 Τότε
3298 2614 3660 2685 εἰσεπήδησεν
3686 2615 3717 2669 6

2128 2701 2318 2765 Σαλδς,
2354 2705 2444 2756 καὶ
2465 2701 2613 2772 λέγει
2643 2703 2812 2774 αὐτῷ·
2840 2705 2905 2758 Τί
2930 2706 3104 2771 ἐστιν,
3136 2704 3298 2777 ἐξηχε
3320 2724 3335 2772 ;
3360 2706 3457 2773 ἴδε,
3475 2707 3577 2760 οὐκ
3595 2705 3717 2777 είμὶ

2128 2791 2241 2859 ἐγὼ
2285 2794 2443 2863 μόνος
2495 2793 2764 2867 ἀπέργης.
2799 2797 2934 2850 Τότε
2964 2793 3059 2852 οὖν
3108 2798 3249 2868 εγνω
3276 2800 3305 2852 6
3332 2798 3599 2870 κάπηλος,
3630 2800 3716 2853 ὅτι

2128 2883 2198 2937 δι’
2217 2886 2349 2940 αὐτὸ
2380 2886 2609 2941 ἔκλασεν
2633 2891 2662 2943 6
2688 2888 2863 2952 ἀϐσᾶς
2888 2887 3116 2960 Συμεὼν
3136 2889 3197 2944 τὸ
3228 2889 3430 2962 βισσὶν,
3452 2891 3547 2945 καὶ
3568 2891 3717 2963 ᾠκο-

2127 2977 2358 3049 δομήθη,
2396 2981 2487 3034 καὶ
2514 2976 2662 3051 εἶχεν
2696 2981 2865 3036 αὐτὸν
2898 2983 3076 3052 ἄτιον.
3158 3002 3161 3007 '

2205 3072 2300 3128 λδ¹.
2331 3073 2511 3129 Θέλων
2558 3069 2653 3129 οὗν
2681 3076 2710 3128 6
2751 3076 2899 3141 ὅσιος
2945 3075 3214 3131 ἀναλῦσαι
3260 3075 3360 3149 τὴν
3421 3074 3716 3147 οἰκοδομὴν

2131 3164 2318 3231 αὐτοῦ,
2347 3165 2436 3220 ἵνα
2464 3166 2540 3238 μὴ
2573 3166 2926 3243 θριαμϐεύσῃ
2975 3169 3173 3235 αὑτὸν,
3215 3169 3273 3223 ἐν
3311 3169 3407 3240 μιᾷ
3437 3168 3719 3240 κοιμωμέ-

2129 3273 2227 3327 νης
2253 3256 2356 3327 τῆς
2385 3258 2645 3327 γυναικὸς
2672 3260 2838 3315 αὐτοῦ
2866 3261 3057 3333 μόνης,
3093 3261 3353 3316 κάκείνου
3378 3261 3713 3334 προϐάλλονο

2127 3366 2220 3412 τος
2250 3347 2414 3416 οἶνον,
2468 3352 2641 3425 ἐπέϐη
2691 3353 2829 3425 πρὸς
2858 3355 3029 3426 αὐτὴν
3072 3357 3101 3409 6
3126 3354 3302 3419 666i;
3340 3354 3588 3426 Συμεὼν,
3619 3355 3716 3410 καὶ

2128 3440 2541 3512 ἐσχηματίσατο
2558 3441 2892 3496 ἀποδύεσθαι
2917 3443 2980 3497 τὸ
3009 3443 3224 3514 ἱμάτιον
3253 3442 3443 3500 αὐτοῦ.
3461 3444 3714 3516 Ἐκείνης

2127 3533 2219 3588 οὖν
2261 3534 2538 3605 βοησάσης
2563 3575 2577 3599 ,
2633 3534 2883 3603 εἰσῆλθεν
2924 3537 2953 3589 6
3011 3536 3152 3608 ἀνὴρ
3180 3535 3379 3607 αὐτῆς,
3424 3536 3521 3591 καὶ
3565 3536 3715 3606 λέγει

2129 3625 2280 3697 αὐτῷ
2302 3626 2516 3697 ἐκείνη·
2555 3625 2694 3681 Βάλε
2729 3626 2835 3691 ἔξω
2865 3625 2957 3680 τὸν
2999 3626 3441 3697 τρισκατάρατον
3492 3625 3712 3695 τοῦτον,

2127 3719 2210 3773 ὅτι
2271 3718 2564 3790 βιάσασθαι
2608 3718 2862 3790 ὲθὲλησέν
2918 3735 3009 3789 με,
3052 3717 3151 3774 καὶ
3196 3720 3443 3789 πυγμαῖς
3489 3717 3717 3772 τύπτων

2129 3814 2421 3885 ἐξήνεγκεν
2463 3811 2625 3868 αὐτὸν
2658 3813 2724 3866 ὲκ
2766 3812 2861 3866 τοῦ
2890 3810 3261 3883 ἐργαστηρίου
3306 3812 3387 3876 είς
3415 3811 3478 3864 τὸ
3508 3810 3713 3882 κρύος·

2126 3903 2195 3980 ἦν
2216 3905 2326 3977 γὰρ
2351 3903 2560 3977 χειμὼν
2585 3905 2761 3974 μέγας
2782 3903 2878 3958 καὶ
2910 3903 3105 3976 βροχήο
3127 3905 3220 3958 καὶ
3249 3903 3436 3959 ἔκτοτε
3462 3905 3523 3958 οὐ
3555 3905 3717 3976 μόνον

2128 4002 2209 4054 ὅτι
2244 3995 2389 4070 εἶχεν
2420 3995 2584 4054 αὐτὴν
2603 3999 2631 4051 6
2664 3996 2912 4069 κάπηλος
2947 3997 3280 4069 παράφρονα
3302 4037 3318 4062 ,
3360 3996 3499 4051 ἀλλά
3541 3999 3639 4052 καὶ
3664 3999 3717 4051 εί
3745 4025 3764 4042 ο

2128 4092 2289 4147 ἄλλον
2341 4091 2487 4155 τινὸς
2532 4076 2732 4163 ἤκουεν
2777 4090 3053 4159 λέγοντος,
3115 4091 3326 4153 Ὄντως
3351 4090 3495 4162 τάχα
3522 4091 3718 4145 ἑαυτὴν

2129 4188 2275 4239 ποιεῖ
2324 4183 2498 4249 οὕτως
2546 4185 2576 4238 6
2623 4183 2799 4241 ἀϐὗᾶς
2829 4178 2987 4248 οὗτος
3010 4222 3026 4249 ,
3081 4182 3287 4250 εὐθέως
3315 4184 3503 4253 ἔλεγεν
3531 4184 3713 4256 αὐτῷ’

2133 4279 2342 4341 Ὄντως
2368 4276 2713 4349 δαιμονιάρις
2744 4277 2894 4330 ἐστὶν
2917 4274 3182 4347 καθαρὸς,
3204 4278 3266 4331 ού
3309 4275 3495 4348 πλανᾷ
3525 4293 3595 4347 με
3624 4276 3723 4332 ἄν-

2131 4368 2371 4440 θρωπος,
2395 4367 2478 4421 ὅτι
2506 4366 2604 4435 τὴν
2629 4366 2868 4435 γυναῖκά
2895 4382 2998 4437 μου
3027 4365 3297 4437 ἠθέλησεν
3327 4366 3636 4439 μοιχεῦσαι,
3667 4367 3718 4419 εί

441 4462 489 4517 si
521 4459 809 4531 potuisset,
851 4469 908 4515 et
945 4474 1140 4516 carnes
1179 4467 1335 4515 vorat
1378 4458 1519 4515 sicut
1556 4459 1773 4514 atheus.
1817 4457 2025 4531 Saepius

2135 4461 2424 4531 ἐπέτυχεν,
2476 4461 2570 4513 καὶ
2619 4459 2688 4512 τὰ
2724 4458 2862 4531 κρέα
2902 4456 3107 4529 τρώγει
3141 4457 3217 4523 ὡς
3269 4458 3345 4531 μὴ
3383 4457 3524 4528 ἔχων
3555 4457 3714 4511 θεόν.

440 4552 645 4607 etenim
684 4565 880 4607 carnes
922 4564 1142 4620 quoque
1182 4542 1409 4605 vorabat
1450 4549 1547 4604 Vir
1577 4549 1783 4620 justus,
1808 4548 2029 4620 quando

443 4659 541 4714 per
566 4652 733 4699 totam
781 4642 1177 4699 hebdomadem
1227 4657 1337 4696 non
1373 4649 1686 4714 gustaverat
1722 4656 1945 4713 panem,
1976 4652 2030 4697 et

446 4750 609 4791 nemo
626 4733 894 4804 jejunium
926 4734 1045 4804 ejus
1082 4732 1436 4805 intelligehat.
1473 4733 1539 4789 Et
1574 4749 1770 4788 carnes
1806 4733 2025 4804 quidem

442 4832 629 4884 eorum
677 4826 760 4881 eis
804 4825 1051 4891 vorabat,
1089 4835 1151 4879 ιιι
1206 4824 1330 4880 illos
1377 4823 1608 4880 falleret.
1663 4822 1838 4882 Totus
1890 4841 2028 4882 vero

453 4919 612 4990 quasi
647 4916 894 4988 corporis
925 4931 1118 4988 eapers
1145 4925 1280 4984 erat,
1329 4932 1507 4987 neque
1536 4917 1764 4972 curabat
1790 4917 2029 4974 dedecus

444 5020 537 5065 aut
562 5010 869 5076 hominum,
900 5021 997 5065 aut
1017 5020 1250 5064 naturae.
1287 5008 1500 5081 Saepius
1523 5009 1690 5075 enim,
1733 5010 1924 5067 volens
1952 5012 2028 5065 al-

442 5118 570 5157 vum
600 5116 919 5167 exonerare,
956 5102 1162 5156 nullius
1200 5117 1362 5155 causa
1407 5102 1761 5168 erubescens,
1796 5117 1916 5158 mox
1960 5104 2025 5157 ad

442 5196 619 5251 locum
652 5196 888 5266 aliquem
940 5194 1163 5250 sedebat
1214 5193 1267 5246 in
1331 5193 1449 5248 foro
1501 5209 1683 5249 coram
1734 5195 2024 5263 omnibus;

441 5298 605 5359 atque
633 5288 738 5343 hoc
763 5286 1019 5352 faciebat,
1053 5296 1112 5339 ut
1155 5286 1234 5340 vel
1285 5302 1349 5339 ex
1400 5301 1466 5340 eo
1494 5288 1871 5356 persuaderet,
1901 5305 2025 5343 vere

2141 4553 2420 4624 Ἐτρωγεν
2466 4551 2578 4623 γὰρ
2640 4549 2904 4615 πολλάκις
2965 4550 2995 4605 6
3037 4548 3250 4615 δίκαιος
3281 4551 3375 4606 καὶ
3422 4550 3582 4622 κρέα,
3639 4550 3716 4622 μὴ

2135 4646 2431 4716 γενόμενος
2466 4644 2631 4715 ἄρτον
2679 4642 2808 4714 ὃλην
2852 4642 2951 4714 τὴν
3006 4641 3300 4715 ἑϐδομάδα,
3332 4643 3445 4697 καὶ.
3478 4643 3578 4714 τὴν
3615 4642 3718 4715 μὲν

2138 4737 2392 4809 νηστείαν
2427 4736 2590 4791 αὑτοῦ
2628 4736 2807 4800 οὐδεὶς
2851 4736 3027 4802 ἐνόει,
3072 4736 3140 4790 τὰ
3179 4737 3239 4791 δὲ
3297 4736 3437 4807 κρέα
3478 4734 3720 4805 ἔτρωγεν

2138 4831 2449 4903 ἔμπροσθεν
2480 4828 2661 4883 αὐτῶν
2683 4829 2820 4901 πρὸς
2869 4831 3088 4899 ἀπάτην
3130 4829 3332 4883 αὐτῶν.
3371 4827 3533 4890 Ὄλος
3560 4827 3617 4881 δὲ
3650 4822 3721 4898 ἦν

2137 4924 2325 4995 ὥσπερ
2362 4921 2677 4994 ἀσώματος,
2713 4922 2808 4975 καὶ⁵
2862 4921 2997 4991 μηδὲ
3032 4920 3386 4993 ὑφορώμενος
3416 4920 3517 4990 τὴν
3544 4920 3719 4990 ἀσχη-

2140 5016 2401 5088 μοσύνην,
2437 5017 2576 5088 μήτε
2606 5015 2704 5088 τὴν
2725 5014 2833 5068 τῶν
2852 5013 3181 5086 ἀνθρώπων,
3215 5018 3354 5083 μήτε
3376 5012 3472 5084 τὴν
3493 5012 3593 5081 τῆς
3622 5010 3722 5081 φύ-

2137 5123 2295 5171 σεως.
2330 5107 2598 5170 Πολλάκις
2619 5105 2728 5178 γὰρ
2753 5105 2851 5175 τῆς
2892 5104 3128 5175 γαστρὸς
3161 5102 3327 5157 αὑτοῦ
3368 5102 3469 5172 τὴν
3507 5101 3721 5156 οἰκείαν

2136 5199 2325 5271 χρείαν
2373 5200 2740 5270 ἐπιζητούσης
2807 5198 3052 5268 ποιῆσαι,
3112 5196 3316 5260 εὐθέως
3366 5194 3569 5266 μηδένα
3594 5195 3722 5265 ἐρυ-

2137 5290 2327 5363 Θριῶν,
2376 5291 2468 5344 ἐπὶ
2495 5288 2596 5357 τῆς
2644 5289 2853 5361 ἀγορᾶς
2886 5287 3023 5358 1:96.;
3071 5287 3236 5340 τόπον
3291 5283 3585 5349 ἐκαθέζετο
3625 5285 3719 5339 ἐπὶ

1954 5430 2184 5490 NOTAE.

514 5541 625 5605 (39)
659 5538 772 5603 Est,
814 5541 981 5611 βίκος,
1012 5559 1105 5595 uas
1145 5543 1226 5596 vel
1267 5561 1398 5597 unm
1426 5546 1618 5601 habens
1641 5564 1819 5611 ansas,
1855 5551 1930 5604 uti
1958 5551 2028 5605 ab

445 5608 714 5669 llestcbin
741 5608 1050 5669 exponitur,
1080 5614 1161 5664 vel
1189 5631 1273 5665 ι’τιι
1310 5617 1479 5665 tvm'ri
1506 5635 1589 5673 ut,
1637 5620 1711 5670 uti
1742 5608 1865 5671 ιιέςι
1889 5623 2025 5672 ltitia

448 5683 527 5703 -.l..
572 5690 612 5703 ..ι
690 5686 747 5703 Δ-.
786 5683 867 5703 ...1
938 5688 975 5703 ων
1024 5688 1113 5703 μ,”μ
1250 5686 1285 5703 γι
1368 5698 1396 5703 ν.
1563 5690 1592 5703 ⁸.
1838 5691 1845 5699 ο
1971 5694 1979 5701 α

448 5683 527 5731 ῐιίὶτ
572 5690 613 5717 "'-
690 5686 750 5729 ’τι
785 5683 902 5723 ιη’·ἧ·
938 5688 1122 5731 ’ἐπ”σῖο
1168 5686 1309 5743 .va'l.
1348 5698 1396 5735 ιιε
1426 5704 1477 5723 εί*
1503 5690 1665 5743 ξιιίἒιῖιτ
1701 5691 1845 5751 {armi
1878 5712 1939 5745 et?
1971 5694 2019 5744 ἶιι

2216 5551 2332 5623 (ιο)
2375 5550 2763 5623 Υᾲοχνάπὲργης
2793 5549 3245 5623 obscuriot'is‘est
3283 5557 3447 5602 notae.
3490 5545 3719 5623 Videtur

2139 5616 2340 5674 ῐιιιῖῖιίιτυ
2368 5616 2684 5675 ειΠῑιιὶῐςιεικιιι
2718 5616 2836 5675 cum
2868 5617 3264 5692 significatione
3296 5616 3719 5692 \‘Ot‘tttnAizpyo;

2228 5696 2235 5703 η

2137 5706 2187 5745 L‘i
2216 5712 2243 5743 et
2266 5711 2414 5755 19‘ny
2429 5714 2452 5741 ς»

2464 5712 2505 5753 :,
2546 5698 2703 5747 incus.
2755 5686 2967 5746 ιιξέυατιὲ.
3022 5693 3293 5756 lntcrprcs
3322 5688 3463 5757 apud
3496 5686 3719 5742 Selium
