4024 6232
315 375 447 440 I713

1579 383 1755 443 VITA
1796 382 1855 442 S.
1896 381 2294 442 SYMEONIS.

3444 375 3577 443 1714

308 493 549 550 πάντων,
608 488 896 542 κάντεῦθεν
948 492 1132 544 πεῖσαι
1171 488 1514 560 βουλόμενος,
1551 491 1626 554 ὡς
1675 491 1889 544 ὅτιτῶν

2011 507 2050 546 ιε
2077 506 2197 547 esse
2219 495 2413 545 emntm
2460 489 2678 543 mentis.
2724 487 2936 542 Etenim
2981 487 3218 559 Spiritus
3261 487 3454 555 saneti,
3497 494 3574 547 uti

305 581 448 633 κατὰ
497 581 658 650 φύσιν
706 583 918 652 φρενῶν
973 581 1309 653 ἐξεστηκὼς,
1355 583 1514 636 τοῦτο
1569 585 1886 654 ἐργάζεται.

303 672 714 742 Φρουρούμενος
759 675 887 745 γὰρ,
949 674 1026 737 ὼς
1060 675 1322 738 πολλάκις
1355 676 1596 746 εἴρηται,
1632 679 1698 746 τῇ
1750 678 1893 729 ἐνοι-

306 761 478 834 κούσῃ
510 762 662 833 αὒτῷ
698 763 922 832 δυνάμει
957 765 1050 818 τοῦ
1084 765 1244 834 ἁγίου
1296 765 1640 830 Πνεῦματος,
1686 767 1787 836 τῆς
1827 768 1892 821 ἐκ

304 853 399 906 τοῦ
430 854 680 908 διαϐόλου
716 859 1015 926 πυρώσεως
1043 855 1316 927 ἀνώτερος
1343 857 1639 927 ἐτύγχανεν
1663 897 1679 922 ,
1723 859 1893 929 μηδα-

309 944 426 1015 μῶς
457 946 562 998 ὑπὸ
590 945 792 1015 ταύτης
822 946 1216 1016 βλαπτόμενος.

379 1043 469 1091 λε’.
503 1037 592 1090 Ἐν
625 1039 725 1107 μιᾷ
755 1035 845 1090 οὖν
874 1039 1212 1110 θεασάμενος
1241 1038 1434 1093 τοῦτον
1476 1044 1893 1112 κατατετηγμέ-

305 1146 396 1182 νον
428 1132 492 1183 ὲκ
519 1130 620 1199 τῆς
639 1132 923 1199 ἀσκήσεως
948 1127 1034 1202 ζῆν
1056 1135 1164 1204 γάρ
1190 1133 1502 1204 άπῦπασχα,
1529 1138 1622 1188 καὶ
1643 1131 1712 1207 ἦν
1734 1138 1894 1207 ποιή-

308 1237 410 1285 σας
441 1222 626 1288 ἄσιτος
655 1221 755 1286 τὰς
780 1223 946 1292 ἁγίας
968 1225 1225 1296 νηστείας
1263 1226 1468 1294 πάσας)
1496 1229 1529 1280 6
1574 1244 1896 1298 προμνημο-

301 1313 521 1376 νευθεὶς
550 1315 804 1386 ἐνάρετος
827 1315 1085 1388 Ἰωάννης
1120 1318 1150 1370 6
1180 1317 1461 1389 θεοφιλὴς,
1488 1321 1516 1373 6
1542 1319 1640 1372 καὶ
1665 1320 1755 1374 τὸν
1782 1320 1896 1390 βίον

305 1403 475 1458 αὐτοῦ
492 1406 624 1476 ἡμῖν
645 1406 1096 1478 ὑφηγησάμενος,
1118 1409 1212 1462 καὶ
1237 1409 1624 1481 συμπαθήσας,
1648 1411 1744 1464 καὶ⁸
1767 1410 1898 1466 θαυ-

309 1494 491 1564 μάσας
526 1496 624 1568 τὴν
671 1497 880 1569 ἄφατον
913 1499 1080 1554 αὑτοῦ
1126 1501 1574 1572 σχληραγωγίαν,
1602 1505 1806 1576 καίπερ
1839 1505 1898 1559 ὲν

309 1587 463 1640 πόλει
492 1588 873 1660 τυγχάνοντος,
901 1593 996 1646 καὶ
1028 1592 1280 1660 γυναιξὶν
1310 1594 1405 1647 καὶ
1432 1593 1743 1665 ἀνθρώποις
1774 1612 1898 1650 συνο

307 1682 817 1752 αναστρεφομένου,
843 1684 1128 1756 βουληθεὶς
1159 1686 1235 1751 ὡς
1283 1687 1341 1740 ἐν
1385 1685 1538 1752 τάξει
1592 1689 1896 1756 παιγνιδέου

305 1772 723 1844 ἀνακτήσασθαι
759 1777 926 1830 αὐτοῦ
969 1777 1030 1830 τὸ
1082 1776 1268 1848 σῶμα,
1314 1777 1470 1847 λέγει
1515 1778 1685 1849 αὐτῷ·
1721 1781 1899 1854 Ἔρχῃ

305 1864 507 1928 λούειν,
539 1866 696 1933 Σαλές
725 1867 889 1936 Λέγει
916 1868 1064 1940 αὐτῷ
1089 1871 1296 1933 ἐκεῖνος
1324 1869 1518 1938 λέγων’
1549 1871 1678 1925 Ναί.
1723 1872 1904 1940 Ἀγω-

311 1973 434 2025 μεν,
464 1956 710 2028 ἄγωμεν·
741 1961 836 2014 καὶ
867 1961 965 2014 σὺν
995 1960 1074 2033 τῷ
1095 1960 1240 2032 λόγῳ
1267 1961 1568 2016 ἀποδύεται
1591 1963 1655 2016 τὸ
1687 1962 1901 2034 ἱμάτιον

308 2047 500 2112 αὑτοῦ,
535 2053 629 2104 καὶ
655 2051 890 2123 ἐπετέθη
916 2051 1049 2105 αὐτὸ
1075 2053 1156 2116 εἰς
1191 2051 1290 2124 τὴν
1316 2053 1562 2124 κεφαλὴν
1590 2054 1776 2118 αὑτοῦ,
1803 2055 1904 2125 δήέ

310 2159 409 2206 σας
438 2143 570 2198 αὐτὸ
598 2144 680 2207 εἰς
712 2145 904 2214 αὐτὴν,
932 2144 1010 2208 ὡς
1043 2145 1324 2214 φακίολιν.
1360 2145 1471 2198 Καὶ
1515 2144 1665 2214 λέγει
1698 2146 1847 2218 αὐτῷ
1874 2150 1903 2201 6

309 2235 470 2308 κῦρις
494 2236 770 2306 Ἰωάννης·
791 2239 1048 2308 Φόρεσον,
1075 2237 1298 2307 ἀδελφὶ,
1329 2238 1453 2292 ἐπεὶ
1475 2238 1644 2304 ὅντως
1668 2240 1763 2293 ἐὰν
1800 2257 1903 2308 γυ-

312 2330 446 2400 μνὸς
474 2333 819 2402 περιπατεῖς,
854 2329 965 2398 ἐγὼ
997 2330 1138 2400 μετὰ
1169 2328 1265 2385 σοῦ
1296 2329 1398 2383 οὐκ
1441 2329 1696 2402 ἔρχομαι.
1739 2332 1904 2400 Λέγει

308 2421 459 2491 αὐτῷ
487 2425 515 2476 6
547 2423 722 2486 assa;
770 2422 1017 2492 Συμεών·
1056 2422 1300 2489 Ὕπαγε,
1353 2421 1517 2493 ἐεηχε
1544 2465 1559 2488 ,
1604 2421 1716 2491 ἐγὼ
1744 2421 1905 2494 ἔργον

310 2513 419 2582 πρὸ
452 2511 614 2581 ἔργου
663 2513 921 2583 ἐποίησα.
969 2513 1019 2565 εἰ
1055 2511 1112 2565 δὲ
1151 2512 1252 2563 οὐκ
1279 2510 1436 2584 ἔρχῃ,
1474 2511 1584 2566 ἰδοὺ
1628 2511 1740 2580 ἐγὼ
1767 2530 1904 2584 προ-

309 2603 574 2674 λαμϐάνω
607 2621 666 2657 σε
692 2605 911 2676 μικρόν.
943 2607 1050 2658 Καὶ
1078 2606 1237 2675 ἀφεὶς
1259 2605 1422 2660 αὐτὸν
1459 2604 1762 2676 προέλαϐεν
1791 2606 1903 2659 ὀλίο

311 2713 430 2764 γον.
484 2696 588 2749 Δύο
637 2695 730 2750 οὖν
777 2696 978 2766 λουτρὰ
1024 2693 1166 2768 ἦσαν
1206 2698 1499 2768 ἐγγίζοντα
1539 2698 1817 2769 ἀλλήλοις,
1846 2699 1904 2752 ἓν

312 2785 545 2854 ἀνδρῶν,
588 2788 683 2840 καὶ
714 2786 774 2840 ἓν
807 2792 1136 2855 γυναικεῖον.
1189 2790 1382 2844 Εῐασεν
1427 2783 1522 2843 οὖν
1557 2789 1617 2843 τὸ
1672 2789 1781 2843 τῶν
1812 2791 1906 2843 άν-

311 2877 456 2949 δρῶν
485 2881 512 2931 6
541 2879 731 2944 Σαλδς,
765 2881 858 2932 καὶ
888 2879 1152 2951 ὥρμησεν
1187 2883 1266 2944 είς
1291 2880 1351 2933 τὸ
1397 2883 1713 2949 γυναικεῖον
1746 2883 1902 2934 ἑκου-

316 2968 469 3032 σίως.
535 2968 812 3040 Ἔκραξεν
855 2966 951 3023 οὖν
995 2971 1145 3041 αὐτῷ
1175 2973 1202 3025 6
1255 2970 1416 3040 κῦρις
1447 2970 1742 3042 Ἰωάννης·
1791 2971 1901 3025 Ποῦ

317 3061 576 3130 ὑπάγεις,
606 3061 783 3126 Σαλές
825 3065 1026 3133 μεῖνον,
1053 3063 1163 3115 τῶν
1211 3063 1490 3132 γυναικῶν
1523 3064 1669 3116 ἐστιν
1704 3063 1898 3116 ἐκεῖνο.

317 3153 593 3223 Στραφεὶς
649 3157 677 3208 6
722 3153 1054 3225 θαυμάσιος,
1118 3154 1266 3223 λέγει
1323 3154 1505 3226 αὐτῷ’
1561 3155 1803 3222 ’Ύπαγε,
1838 3156 1902 3208 σὺ

317 3208 504 3313 ἐξέχει,
543 3208 660 3298 ἐξιεῖ
705 3208 912 3316 θερμὸν
963 3208 1058 3299 xui
1088 3208 1267 3316 νερὲν,
1291 3244 1392 3300 καὶ
1423 3208 1525 3298 ὧδε
1559 3208 1763 3316 θερμὸν
1790 3208 1908 3299 ’καὶ
1935 3208 1978 3267 C

315 3337 495 3403 νερὸν.
536 3337 643 3389 Καὶ
666 3337 716 3392 τί
745 3355 874 3391 ποτε
910 3338 1175 3410 περισσὸν
1203 3337 1327 3391 οὔτε
1360 3339 1502 3402 ἐκεῖ,
1531 3335 1657 3390 οὗτε
1681 3331 1784 3391 ὦδε
1806 3336 1903 3392 ἔνι.

319 3429 430 3483 Καὶ
457 3428 706 3500 δραμὼν,
731 3431 984 3502 εἰσῆλθεν
1023 3431 1302 3503 άναμέσον
1340 3429 1450 3484 τῶν
1483 3429 1758 3498 γυναικῶν
1783 3469 1796 3491 ,
1833 3429 1910 3493 ὡς

320 3523 414 3576 hri.
443 3523 646 3593 Κυρίου
681 3524 782 3594 τῆς
811 3525 990 3595 δόξης.
1030 3526 1324 3596 Ὦρμησαν
1350 3523 1408 3576 δὲ
1445 3525 1616 3577 πᾶσαι
1657 3520 1778 3575 κατ’
1812 3523 1910 3575 αὺ-

321 3615 437 3676 τοῦ,
459 3615 562 3666 ’καὶ
590 3615 895 3688 τύπτουσαι
920 3617 1085 3668 αὐτὸν
1111 3616 1440 3684 ἐξήνεγκαν.
1477 3613 1792 3684 Ἢρὼτησεν
1813 3607 1908 3666 οὖν

320 3703 482 3757 αὐτον
510 3702 539 3754 6
569 3702 823 3772 θεοφιλὴς
855 3704 1125 3769 διάκονος,
1167 3705 1256 3758 ὅτε
1295 3703 1416 3756 ὅλον
1446 3702 1538 3756 τὸν
1581 3703 1694 3772 βίον
1739 3700 1905 3755 αὐτοῦ

321 3795 537 3860 ιξεῖπεν
573 3794 740 3866 αὐτῷ’
765 3795 866 3849 Διά
896 3793 988 3847 τὸν
1018 3794 1246 3865 Κύριον,
1280 3793 1486 3862 Πάτερ,
1517 3793 1633 3856 πῶς
1668 3791 1906 3863 ῂσθάνου

325 3887 573 3954 σεαυτὸν,
603 3888 678 3951 ὡς
708 3887 956 3959 εἰσῆλθες
988 3887 1069 3949 είς
1095 3886 1156 3940 τὸ
1208 3885 1437 3956 λουτρὸν
1467 3886 1527 3939 τὸ
1559 3886 1904 3954 γυναικεῖον;

324 3981 486 4049 Λέγει
516 3980 665 4051 αὐτῷ
685 3996 698 4009 ⁸
724 3981 1041 4044 Πίστευσον,
1091 3979 1302 4043 τέκνον,
1331 3977 1526 4045 ὥσπερ
1571 3977 1725 4042 ξύλον
1767 3976 1908 4048 μετὰ

326 4073 518 4140 ξύλων,
543 4073 716 4138 οὕτως
740 4073 894 4138 κάγὼ
923 4075 1070 4145 ἤμην
1095 4073 1239 4127 τότε.
1284 4071 1424 4126 Οῦτε
1459 4071 1568 4144 γὰρ
1615 4072 1697 4125 ὅτι
1746 4072 1907 4143 σῶμα

323 4167 574 4235 ἐφόρουν,
607 4167 728 4220 οὐδὲ
762 4167 846 4220 ὅτι
881 4170 957 4227 εἰς
993 4165 1222 4234 σώματα
1255 4163 1527 4233 εἰσῆλθον,
1568 4163 1903 4233 ᾐτθανᾶμην.

335 4256 475 4310 Ἀλλ’
509 4257 629 4320 ὅλος
653 4275 754 4327 μου
788 4259 817 4310 6
853 4255 978 4318 νοῦς
1006 4257 1087 4319 εἰς
1125 4255 1186 4308 τὸ
1217 4254 1376 4324 ἔργον
1408 4255 1504 4307 τοῦ
1533 4253 1670 4307 Θεοῦ
1695 4249 1784 4324 ἦν,
1812 4255 1909 4308 καὶ

323 4349 381 4414 ἐξ
411 4348 580 4402 αὐτοῦ
604 4349 703 4403 οὐκ
727 4349 997 4417 ἀπέστην.
1027 4346 1108 4400 Τὰ
1137 4348 1235 4418 μὲν
1266 4348 1374 4417 γὰρ
1402 4345 1511 4398 τῶν
1541 4345 1706 4398 αὑτοῦ
1737 4363 1910 4414 πραγο

325 4441 515 4511 μάτων
540 4441 568 4493 6
598 4441 806 4503 δίκαιος
834 4440 1081 4498 ἐπετέλει
1120 4439 1210 4493 διὰ
1236 4437 1514 4510 σωτηρίαν
1544 4437 1637 4490 καὶ
1686 4438 1906 4508 συμπά-

323 4535 474 4588 θειαν
503 4533 610 4586 τῶν
639 4531 968 4603 ἀνθρώπων,
1000 4532 1070 4586 τά
1103 4532 1160 4586 δὲ
1202 4533 1290 4586 ἴνα
1319 4529 1763 4600 ἐπικαλυφθῶσιν
1811 4531 1908 4583 αὑ·
1941 4569 1984 4625 D

322 4628 417 4682 τοῦ
448 4628 513 4682 τὰ
542 4627 973 4699 ἐπιτηδεύματα.

395 4707 706 4786 ).ς’.Ἶίσάν
742 4735 870 4774 ποτε
903 4718 1064 4771 πάλιν
1091 4716 1294 4784 ἔξωθεν
1316 4715 1412 4787 τῆς
1443 4715 1652 4778 πόλεως
1680 4715 1905 4785 τρέχον-

322 4835 414 4882 τες
472 4817 802 4888 λυσόπορτα,
865 4809 940 4870 ὧν
996 4813 1078 4878 εἷς
1140 4815 1388 4885 ὑπῆρχεν
1441 4814 1555 4878 υἱὸς
1589 4812 1685 4866 τοῦ
1738 4808 1908 4881 κυροῦ

335 4911 583 4966 Ἰωάννου
617 4910 711 4962 τοῦ
739 4909 991 4962 διακόνου
1020 4907 1113 4960 τοῦ
1139 4907 1296 4977 φίλου
1331 4906 1521 4971 αὐτοῦ,
1549 4906 1606 4969 6;
1647 4904 1755 4977 πρὸ
1800 4903 1912 4957 61i-

322 5020 437 5072 γων
473 5001 692 5073 ἡμερῶν
716 4996 784 5073 ἦν
811 5000 1119 5071 πορνεύσας
1163 5002 1243 5063 είς
1292 4999 1583 5069 ῦπσνδρον,
1631 4999 1726 5051 καὶ
1751 4998 1807 5050 ὲν
1833 4994 1909 5067 τῷ

322 5093 644 5164 ἰξὲρχεσθσι
671 5093 830 5147 αὑτὸν
861 5095 926 5146 ὲκ
946 5094 1040 5147 τοῦ
1083 5092 1236 5145 οἴκου
1288 5091 1458 5161 αὐτῆς
1485 5131 1500 5154 ,
1533 5088 1905 5160 ὲδαιμονίσθη,

327 5187 553 5258 μηδενὸς
594 5186 792 5251 ἰδόντος
819 5187 1002 5242 αὐτόν.
1048 5185 1335 5256 Ἑθέλησεν
1389 5180 1483 5238 οὖν
1511 5185 1539 5236 6
1595 5185 1742 5246 ὅσιος
1793 5179 1909 5250 ἅμα

324 5280 419 5333 καὶ
450 5279 783 5350 σωφρονίσαι
828 5283 922 5336 καὶ
953 5281 1212 5336 ἰάσασθαι
1245 5279 1428 5342 αὐτὸν,
1463 5278 1558 5332 καὶ
1607 5277 1760 5345 λέγει
1789 5276 1906 5338 τοῖς

323 5367 627 5440 τρέχουσιν·
662 5371 871 5434 Ὄντως
902 5372 951 5424 εί
987 5370 1062 5443 μὴ
1094 5371 1191 5426 καὶ
1212 5369 1323 5439 ἐγὼ
1365 5369 1540 5433 παίξω
1579 5367 1697 5438 μεθ’
1728 5364 1902 5436 ὑμῶν,

1994 581 2200 636 dictum
2234 581 2434 651 sepius
2463 590 2567 642 est,
2600 579 2649 634 ei
2686 580 3047 634 iultabitautis
3076 580 3279 634 virtute
3309 583 3572 646 munitus,

1996 671 2311 726 incendium
2363 671 2570 727 diaboli
2610 671 2932 743 superabat,
2973 686 3316 743 nequaquam
3371 673 3439 728 ab
3485 674 3576 728 illo

1994 763 2176 818 laesus.

2067 1073 2157 1129 35.
2232 1072 2332 1127 Dic
2390 1073 2624 1142 quadam
2670 1080 2953 1143 postquam
3001 1075 3230 1129 vidisset
3290 1091 3412 1130 eum
3466 1092 3579 1142 prae

1995 1164 2389 1220 exercitatione
2423 1173 2754 1219 maceratum
2795 1165 2942 1234 (nam
2973 1165 3178 1219 Pascha
3219 1167 3584 1236 prasterierat,

1996 1264 2053 1309 et
2083 1254 2199 1309 sine
2222 1253 2346 1310 cibo
2388 1269 2540 1308 saera
2585 1254 2770 1309 omnia
2803 1254 3012 1324 ieiunia
3053 1261 3407 1330 transegerat)
3437 1273 3581 1324 pra:-

1996 1346 2176 1401 dictus
2207 1353 2463 1416 spectatae
2503 1344 2726 1400 virtutis
2769 1343 3035 1411 Joannes,
3079 1344 3174 1400 Dei
3199 1361 3407 1411 amans,
3438 1347 3584 1401 idem

1999 1435 2109 1503 ille,
2139 1437 2232 1507 qui
2259 1436 2426 1492 vitam
2449 1435 2569 1506 ejus
2601 1435 2760 1490 nobis
2781 1436 3056 1505 exposuit,
3083 1452 3188 1492 nec
3218 1452 3326 1490 non
3359 1437 3585 1490 misera-

2001 1537 2089 1585 tus
2137 1545 2202 1586 ac
2243 1529 2472 1584 miratus
2513 1525 2847 1582 ineffabilem
2894 1527 3017 1597 ejus
3061 1528 3466 1595 austeritatem,
3510 1536 3590 1583 ta-

2001 1621 2160 1677 metsi
2196 1622 2251 1675 in
2290 1620 2510 1676 civitate
2540 1627 2706 1683 esset,
2752 1627 2809 1673 et
2848 1634 2972 1673 eum
3018 1618 3345 1674 mulieribus
3383 1619 3590 1690 pariter

2001 1728 2066 1768 ac
2095 1728 2218 1766 cum
2259 1711 2390 1766 viris
2421 1720 2770 1776 versaretur,
2807 1709 2999 1763 volens
3038 1707 3193 1778 quasi
3230 1724 3323 1778 per
3361 1711 3586 1765 modum

2003 1807 2115 1862 ludi
2144 1821 2346 1876 corpus
2370 1805 2542 1876 ipsius
2575 1803 2908 1871 refoeillare,
2943 1803 3112 1859 dicit:
3155 1801 3290 1859 Veni
3321 1804 3584 1868 lavatum,

1954 1894 2152 1951 'oSale.
2186 1895 2432 1966 Subiecit
2458 1896 2547 1951 ille
2582 1913 2600 1954 ι
2636 1894 2750 1950 lmo
2801 1911 2952 1961 vero,
3005 1910 3216 1962 eamus,
3248 1911 3456 1951 eamus.
3493 1895 3589 1950 Di-
3693 1935 3700 1944 .

2003 1993 2149 2040 ctum
2190 1984 2427 2052 factum;
2466 1984 2620 2040 exuit
2650 1991 2856 2039 vestem
2909 1999 3087 2051 suam,
3121 1983 3287 2054 capiti
3319 1984 3590 2055 superim-

2005 2079 2208 2148 posuit,
2246 2085 2303 2132 et
2355 2085 2614 2148 tanquam
2652 2076 2879 2132 fasciam
2930 2075 3107 2132 eidem
3157 2077 3417 2149 alligavit.
3451 2075 3591 2131 Dicit

2005 2171 2081 2225 illi
2109 2171 2364 2225 dominus
2404 2169 2644 2226 Joannes
2673 2189 2687 2224 ι
2734 2170 2926 2238 Indue,
2964 2169 3168 2236 frater;
3197 2170 3322 2241 quia
3355 2185 3505 2236 vere,
3541 2169 3588 2224 si

2006 2261 2186 2316 nudus
2234 2261 2499 2329 ambulas,
2532 2277 2632 2332 ego
2677 2269 2857 2316 tecum
2905 2276 3015 2315 non
3054 2261 3236 2316 venio.
3279 2258 3378 2314 Cui
3423 2259 3592 2314 abbas

2008 2353 2273 2424 Symeon:
2297 2358 2502 2426 Apage,
2524 2355 2718 2409 stulte:
2737 2369 2878 2425 opus
2896 2354 3166 2426 agendum
3195 2353 3434 2425 prteveni
3453 2351 3590 2424 (4|).

2006 2445 2062 2498 Si
2105 2455 2286 2500 autem
2318 2445 2508 2500 venire
2543 2447 2748 2510 renuis,
2778 2461 2871 2508 eu,
2891 2446 3142 2516 praacedo
3181 2454 3232 2500 te
3259 2444 3590 2516 pauxillum;

2005 2549 2179 2605 eoque
2232 2537 2422 2591 relicto
2479 2536 2876 2607 aliquantulum
2926 2535 3228 2608 praecessit.
3281 2535 3396 2591 Duo
3435 2543 3595 2590 erant

2008 2622 2241 2688 lavacra,
2279 2633 2470 2680 mutuo
2515 2624 2617 2679 sibi
2660 2625 2992 2695 propinqua,
3039 2624 3282 2680 virorum
3322 2623 3590 2688 alterum;

2007 2715 2237 2770 alterum
2268 2717 2581 2770 mulierum.
2605 2717 2843 2786 Reliquit
2872 2715 3030 2770 Salus
3067 2714 3144 2782 id,
3188 2716 3333 2787 quod
3361 2723 3480 2769 erat
3511 2713 3594 2768 vi-

2008 2821 2214 2872 rorum,
2239 2815 2294 2861 et
2327 2807 2557 2862 contulit
2587 2822 2646 2862 se
2676 2808 2742 2862 ad
2777 2806 2929 2870 illud,
2951 2806 3097 2878 quod
3133 2815 3249 2861 erat
3277 2805 3594 2870 mulierum,

2007 2903 2206 2962 sponte
2235 2910 2352 2948 sua.
2417 2895 2751 2950 lnclamabat
2798 2895 3060 2950 Dominus
3127 2892 3367 2950 Joannes
3413 2911 3426 2947 :
3477 2892 3596 2959 Quo

2009 2983 2209 3051 tendis,
2244 2984 2412 3040 Sale?
2447 2985 2637 3053 Mane;
2673 2987 2963 3041 mulierum
3005 2986 3136 3040 illud
3165 2993 3266 3040 est.
3284 2985 3595 3040 Conversus

2007 3075 2088 3129 vir
2117 3076 2420 3132 mirabilis:
2478 3080 2685 3150 Apage,
2739 3079 2940 3149 inquit,
3003 3077 3204 3145 stulte;
3264 3077 3372 3132 illic
3419 3077 3594 3131 calida

2007 3182 2147 3237 aqua
2172 3167 2304 3240 (ιε),
2340 3178 2395 3224 et
2420 3169 2509 3224 hic
2533 3169 2707 3224 calida
2740 3185 2898 3239 aqua.
2949 3168 3222 3235 Quidnam
3250 3177 3336 3223 est
3364 3167 3598 3238 amplius

2015 3272 2110 3317 aut
2128 3263 2256 3330 illic,
2285 3273 2378 3318 aut
2400 3264 2531 3319 hic?
2563 3265 2629 3320 Et
2649 3280 2899 3330 currens,
2942 3264 3196 3319 transivit
3229 3279 3328 3335 per
3358 3262 3601 3330 medium

2018 3355 2328 3423 mulierum,
2355 3357 2507 3427 quasi
2537 3357 2593 3410 in
2625 3357 2858 3412 Domino
2889 3357 3146 3427 glorians.
3181 3355 3386 3410 Omnes
3415 3365 3598 3408 autem

2018 3447 2297 3504 irruerunt
2328 3449 2384 3503 in
2402 3464 2548 3515 eum,
2573 3458 2629 3503 et
2650 3449 3007 3504 verberantes
3035 3448 3334 3519 eiecerunt.
3359 3445 3596 3499 Interro-

2016 3541 2163 3612 gavit
2194 3557 2323 3613 ergo
2352 3557 2480 3596 eum
2513 3541 2608 3596 Dei
2637 3556 2828 3595 amans
2860 3540 3142 3602 diaconus,
3172 3538 3390 3608 quando
3426 3545 3594 3590 totam

2014 3630 2065 3684 ei
2093 3630 2257 3685 vitam
2302 3645 2459 3683 suam
2506 3629 2780 3698 exposuit.
2836 3626 2952 3688 Dic,
2994 3633 3220 3694 propter
3275 3622 3592 3686 Dominum,

2015 3720 2198 3784 Pater,
2225 3718 2501 3788 quomodo
2538 3717 2690 3771 fuisti
2723 3716 2975 3780 affectus,
3012 3723 3301 3786 postquam
3329 3728 3392 3768 es
3423 3712 3599 3768 intro-

2013 3826 2233 3883 gressus
2277 3811 2551 3864 lavacrum
2588 3807 2927 3863 mulierum?
2956 3805 3056 3861 Cui
3081 3806 3172 3861 ille
3207 3822 3219 3858 :
3252 3804 3449 3871 Crede,
3495 3804 3595 3872 fili,

2011 3899 2152 3954 sicut
2202 3898 2406 3968 lignum
2457 3903 2541 3950 est
2589 3910 2712 3950 cum
2762 3893 2944 3965 lignis,
2983 3893 3063 3948 sic
3103 3907 3204 3963 ego
3247 3899 3378 3947 tunc
3421 3905 3594 3946 eram.

1971 4028 1973 4030 -
2011 3986 2200 4056 Neque
2256 3985 2402 4041 enim
2443 3983 2588 4054 quod
2627 3997 2829 4052 corpus
2875 3980 3097 4046 ferrem,
3123 3994 3304 4049 neque
3330 3977 3475 4048 quod
3521 3977 3599 4031 in-

2013 4095 2230 4153 gressus
2254 4094 2429 4134 essem
2448 4078 2649 4141 locum,
2675 4075 2766 4131 ubi
2790 4083 2949 4130 erant
2975 4088 3224 4142 corpora,
3253 4071 3593 4135 sentiebam;

2015 4173 2107 4227 sed
2142 4186 2295 4225 mens
2323 4186 2443 4224 mea
2475 4178 2587 4224 tota
2618 4177 2738 4223 erat
2773 4168 2829 4220 in
2855 4182 3021 4236 opere
3050 4163 3287 4226 Domini,
3317 4163 3385 4216 ab
3419 4175 3598 4231 eoque

2013 4281 2125 4321 non
2154 4264 2364 4320 destiti.
2389 4265 2520 4318 Nam
2539 4279 2623 4329 ea,
2645 4279 2767 4334 quae
2797 4261 2967 4334 gessit
2988 4267 3228 4324 sanctus,
3253 4257 3435 4314 ell‘ecit
3465 4273 3593 4328 par-

2015 4354 2110 4408 tim
2150 4369 2214 4408 ex
2257 4353 2438 4408 studio
2479 4351 2693 4418 salutis,
2725 4360 2780 4407 et
2809 4366 2877 4406 ex
2913 4347 3385 4406 commiseratione
3412 4344 3596 4400 homi-

2016 4463 2168 4513 num,
2196 4447 2392 4517 partim
2422 4455 2482 4499 ut
2509 4447 2901 4516 obtegerentur
2936 4443 3107 4515 ipsius
3136 4450 3286 4495 recte
3320 4439 3488 4493 facta.

2087 4720 2174 4775 36.
2215 4717 2470 4774 Nonnulli
2516 4726 2668 4772 extra
2709 4714 2982 4770 civitatem
3025 4711 3302 4783 agitabant
3349 4724 3592 4772 cursum,
3639 4757 3646 4766 ς

2009 4814 2280 4883 lysoporta
2330 4810 2559 4866 dictum.
2616 4807 2748 4863 Erat
2791 4807 2937 4862 inter
2990 4805 3112 4860 illos
3160 4802 3304 4858 ﬁlius
3364 4799 3595 4856 Joannis
3683 4805 3686 4808 ’

2009 4903 2248 4968 diaconi,
2293 4900 2588 4974 Symeonis
2617 4899 2802 4963 amici,
2843 4896 2936 4967 qui
2980 4895 3171 4967 paucis
3225 4900 3353 4948 ante
3399 4889 3594 4945 diebus

2011 5011 2126 5051 rem
2185 4995 2454 5050 habuerat
2494 5007 2619 5048 eum
2689 4990 2918 5045 muliere
2971 4987 3252 5057 coniugata
3295 4997 3308 5034 :
3357 4994 3594 5051 cumque

2006 5091 2168 5146 domo
2197 5089 2316 5158 ejus
2351 5085 2724 5158 egrederetur,
2770 5081 2992 5137 nemine
3044 5079 3219 5149 ipsum
3263 5073 3501 5138 vidente,
3559 5087 3592 5126 a

2007 5183 2254 5238 daemone
2281 5189 2365 5234 est
2395 5179 2671 5234 obsessus.
2695 5174 2883 5230 Voluit
2910 5187 3034 5228 eum
3077 5177 3301 5225 sanctus
3327 5165 3490 5222 simul
3521 5163 3588 5220 ad

2009 5273 2218 5343 frugem
2264 5271 2545 5336 reducere,
2584 5267 2748 5323 simul
2791 5278 3008 5329 sanare,
3045 5269 3100 5316 et
3141 5260 3280 5316 dixit
3315 5254 3590 5313 currenti.

2011 5363 2156 5418 bus:
2191 5361 2485 5416 Enimvero
2518 5360 2564 5415 si
2615 5374 2716 5429 ego
2756 5355 3036 5412 vobiscum
3081 5367 3186 5406 una
3232 5365 3342 5404 non
3381 5348 3586 5409 lusero,

1825 5542 2060 5600 NOTAE.

393 5686 509 5743 (6|)
553 5685 826 5757 lnterpres
855 5687 998 5756 apud
1040 5685 1260 5741 Surium
1301 5687 1460 5742 vertit
1495 5704 1507 5740 :
1548 5705 1564 5738 ι
1603 5685 1712 5757 Ego
1749 5685 1898 5740 enim

238 5770 246 5778 '
327 5773 462 5828 ante
490 5773 657 5828 eptts,
711 5773 850 5828 opus
887 5757 1010 5823 feci,
1050 5777 1066 5806 ι
1105 5758 1315 5812 utinam
1365 5759 1496 5812 satis
1545 5773 1786 5828 congrue
1848 5767 1902 5812 et

329 5826 717 5897 significanter.

2078 5682 2190 5755 (6‘2)
2213 5678 2288 5736 T6
2317 5682 2508 5755 χαράν,
2542 5682 2686 5738 idem
2727 5686 2884 5755 sonat
2912 5672 3267 5755 ιιυοιιργρός,
3293 5670 3590 5755 humidum,

2015 5740 2292 5826 liquidum.
2317 5740 2454 5826 Vide
2472 5740 2763 5826 Auctorem
2788 5740 3136 5819 litym'ologici
3158 5740 3214 5798 in
3247 5759 3379 5800 voce
3403 5740 3586 5811 ναρόν.

2015 5823 2207 5882 Nestor
2242 5823 2431 5880 scribit
2449 5824 2623 5894 νερόν.
3209 5859 3216 5864 .
