4024 6232
351 347 527 425 'tm

1382 428 1385 433 ί
1407 360 1714 420 LEONTII
1743 361 2223 423 NEAPOLiTAN
2236 366 2253 423 Ι
2290 366 2633 427 El’lSCOPl

3527 358 3666 423 l7l6

384 486 492 524 non
543 470 720 525 sinam
769 485 865 525 vos
898 485 1160 525 currere:
1200 471 1474 541 ccepitque
1521 470 1575 525 in
1624 486 1718 526 eos
1763 469 1969 541 lapides

2092 477 2175 530 ιύκ
2208 476 2329 545 ἀφῶ
2358 478 2502 549 ὑμᾶς
2527 477 2778 546 δραμεῖν.
2806 474 2913 528 Καὶ
2933 473 3136 545 ἤρξατο
3163 470 3404 536 λιθάζειν
3438 470 3659 533 αὐτούς.

382 562 620 616 mittere.
659 559 959 616 Voluerunt
1004 576 1136 633 ergo
1176 561 1463 616 admittere
1502 562 1657 617 illum
1702 576 1767 616 ca
1817 570 1974 631 parte

380 669 489 726 qua
514 655 861 720 currebatis,
915 669 1079 724 quem
1132 662 1255 709 erat
1285 665 1595 711 sanaturus.
1650 653 1765 710 Hoc
1822 655 1966 719 viso,

381 747 551 803 abbas
591 748 828 819 Symeon
866 747 1051 817 potius
1099 746 1154 801 in
1185 748 1497 818 oppositam
1531 759 1743 817 partem
1785 762 1967 802 reces-

380 837 473 893 sit.
506 836 726 892 Sciebat
755 839 902 893 enim
940 838 1074 908 quid
1127 846 1278 893 esset
1322 837 1586 893 facturus.
1645 838 1711 892 Et
1752 839 1974 908 quando

379 927 718 1000 incipiebant
743 944 991 991 currere,
1020 927 1372 999 prosequitur
1416 937 1641 989 sanctus
1675 929 1972 998 juvenem;

379 1034 543 1090 quem
575 1018 790 1074 daemon
819 1019 1112 1086 invaserat,
1137 1029 1193 1075 et
1211 1036 1336 1075 eum
1371 1028 1680 1082 assecutus,
1710 1020 1862 1075 nullo
1917 1019 1974 1074 id

380 1111 736 1184 intelligente,
768 1114 1042 1169 maxillam
1088 1115 1209 1183 ejus
1243 1114 1520 1178 verberat,
1566 1114 1844 1184 dicitque:
1895 1110 1975 1168 Ne

379 1205 611 1276 posthac
639 1204 941 1272 mmchare,
975 1221 1008 1259 ο
1044 1190 1232 1260 infelix
1258 1207 1271 1261 ί
1298 1202 1359 1261 σι’
1380 1208 1592 1260 ὀίεαιοη
1623 1221 1736 1259 non
1765 1220 1968 1274 appro-

381 1303 668 1375 pinquabit
694 1304 814 1359 tibi.
837 1303 1034 1359 Statim
1061 1304 1242 1374 itaque
1265 1302 1556 1373 discerpsit
1579 1318 1703 1358 eum
1731 1303 1968 1366 daemon,

382 1405 437 1452 ct
468 1411 663 1452 omnes
691 1405 1046 1453 accesserunt
1072 1396 1139 1451 ad
1166 1396 1343 1452 illum.
1376 1394 1511 1450 Dum
1548 1395 1732 1466 itaque
1764 1395 1977 1465 iaceret

384 1487 538 1542 humi
586 1503 873 1559 spumans,
923 1487 1115 1558 aspicit
1177 1486 1246 1552 is,
1293 1486 1387 1557 qui
1437 1486 1783 1556 patiebatur;
1831 1487 1976 1556 quod

387 1579 549 1636 Salus
578 1587 1003 1651 persequeretur
1035 1593 1229 1634 canem
1252 1580 1492 1650 nigrum,
1513 1594 1580 1633 ex
1607 1594 1665 1633 se
1693 1577 1976 1651 [ejectum]

384 1681 442 1726 et
468 1679 782 1742 percuteret
813 1671 993 1741 ipsum
1022 1685 1189 1725 cruce
1221 1669 1422 1741 lignea.
1455 1669 1640 1725 Multis
1670 1680 1794 1741 post
1827 1672 1980 1727 lt'oris
2016 1716 2020 1720 .

384 1760 454 1815 ad
484 1774 543 1815 se
562 1775 820 1816 reversus
844 1759 1285 1831 interrogabatur
1319 1777 1331 1814 :
1367 1759 1639 1826 Quidnam
1664 1776 1724 1815 es
1745 1776 1974 1832 passus:

385 1850 454 1907 Et
492 1853 633 1908 nihil
665 1861 881 1924 poterat
933 1853 1136 1921 dicere,
1188 1861 1559 1924 praeterquam
1608 1854 1714 1909 hoc
1749 1871 1920 1908 unum
1957 1871 1970 1907 :

384 1942 531 2000 Dixit
561 1945 695 1999 mihi
730 1945 968 2015 aliquis:
1009 1943 1088 1999 Ne
1123 1946 1353 2016 posthac
1411 1945 1714 2001 moecham.
1766 1946 1975 2001 Abbate

384 2046 569 2096 autem
596 2035 869 2111 Symeone
900 2034 974 2092 ad
1010 2052 1240 2108 superos
1283 2038 1569 2102 translato,
1602 2038 1765 2093 rediit
1800 2037 1868 2092 ad
1893 2054 1972 2106 se,

385 2137 442 2184 et
468 2144 583 2184 rem
606 2136 817 2201 gestam
844 2129 1165 2203 singulatim
1187 2129 1447 2185 omnibus
1481 2131 1756 2201 exposuit.

326 2224 331 2229 '
457 2218 548 2275 '57.
590 2219 836 2275 Scenicae
872 2219 952 2274 rei
985 2235 1210 2292 operam
1249 2219 1454 2279 dabant
1486 2221 1539 2275 in
1564 2222 1778 2278 theatro
1803 2223 1974 2278 mimi.

388 2310 543 2367 Unus
571 2326 640 2366 ex
693 2311 802 2366 illis
854 2310 1143 2368 dicebatur
1203 2309 1467 2383 Psephas.
1527 2314 1715 2385 Itaque
1766 2330 1892 2370 cum
1947 2332 1978 2370 a

393 2402 536 2458 malo
571 2401 885 2473 huiusmodi
931 2403 1094 2458 vellet
1135 2419 1263 2460 eum
1315 2406 1628 2464 absterrere
1674 2407 1756 2463 vir
1793 2409 1979 2478 justus

392 2493 653 2565 (habebat
719 2494 867 2550 enim
936 2510 1104 2565 opera
1157 2499 1404 2570 quaedam
1465 2498 1609 2553 bona
1685 2500 1980 2570 praedictus

388 2581 679 2653 Psephas),
714 2599 825 2638 non
886 2584 1213 2656 dedignatus
1274 2596 1359 2645 cst
1400 2602 1467 2643 eo
1512 2588 1840 2645 discedere:
1882 2591 1979 2646 sed

390 2673 522 2730 illuc
556 2690 617 2730 se
655 2676 910 2745 contulit,
956 2686 1013 2733 et
1042 2678 1194 2734 stetit
1232 2678 1377 2735 infra
1421 2681 1476 2734 in
1517 2696 1646 2736 area
1682 2681 1836 2747 circi,
1888 2683 1978 2738 ubi

386 2765 651 2825 ludebant
683 2767 859 2823 mimi.
900 2766 1264 2839 Conspicatus
1309 2769 1455 2840 quod
1517 2770 1760 2843 Psepbas
1819 2787 1980 2844 agere

385 2853 655 2927 inciperet
693 2871 782 2913 res
822 2857 1084 2928 quasdam
1113 2858 1370 2927 nefarias,
1419 2875 1646 2930 parvum
1682 2861 1978 2918 admodum

385 2947 622 3020 lapidem
648 2947 911 3021 abripuit,
959 2964 1125 3005 cruce
1172 2951 1325 3021 prius
1364 2951 1707 3023 insignitum,
1748 2954 1981 3025 projecit

383 3039 443 3096 in
488 3056 714 3097 manum
776 3042 1059 3098 dexteram
1116 3042 1374 3114 Psephae,
1443 3044 1591 3102 illam
1659 3046 1977 3102 cxsiccavit.

385 3130 562 3187 Nemo
590 3141 776 3188 autem
819 3141 936 3188 tum
987 3134 1302 3189 observavit
1349 3135 1605 3206 quisnam
1659 3138 1982 3208 projecisset

388 3223 651 3296 iapidem.
672 3224 908 3279 Sanctus
935 3225 1120 3297 itaque
1150 3235 1317 3282 noctu
1345 3237 1574 3300 apparet
1591 3228 1641 3283 ei
1669 3230 1723 3283 in
1752 3229 1982 3293 somnis,

389 3325 447 3373 et
484 3315 669 3371 dixit:
717 3313 927 3373 Revera
969 3332 1197 3388 scopum
1239 3319 1429 3391 attigi;
1463 3328 1519 3376 et
1567 3319 1672 3375 nisi
1714 3321 1987 3392 juraveris

392 3408 511 3464 fore
541 3417 600 3463 ut
641 3408 746 3464 hoc
793 3407 920 3464 vita:
952 3408 1263 3464 institutum
1314 3426 1428 3467 non
1457 3411 1696 3483 amplius
1730 3414 1985 3481 secteris,

389 3502 711 3576 neutiquam
743 3502 1044 3560 sanaberis.
1069 3500 1283 3558 Juravit
1307 3518 1439 3577 ergo
1461 3504 1512 3559 ei
1545 3521 1642 3575 per
1669 3505 1984 3575 Deiparam,

392 3595 509 3650 fore
536 3604 595 3649 ut
629 3594 696 3649 de
721 3604 921 3651 caetero
955 3610 1067 3653 non
1112 3594 1348 3665 amplius
1390 3595 1550 3651 talem
1596 3597 1783 3652 ludum
1829 3613 1987 3655 exer-

391 3684 562 3745 ceret.
613 3686 683 3744 Et
724 3703 848 3745 cum
898 3688 1249 3757 surrexisset,
1297 3689 1509 3747 invenit
1555 3706 1778 3746 manum
1829 3708 1987 3748 suam

395 3796 607 3846 sanam,
665 3791 722 3837 et
762 3783 1009 3838 narravit
1049 3797 1395 3853 quate-mque
1464 3783 1694 3841 viderat.
1741 3783 1939 3839 Verum
1973 3826 1990 3850 ,

330 3934 333 3939 ,
392 3866 545 3945 qaod
577 3872 740 3930 Salus
775 3884 942 3939 esset,
968 3874 1065 3946 qui
1089 3875 1191 3946 ipsi
1219 3875 1437 3931 locutus
1461 3874 1640 3931 fuerat
1672 3877 1728 3932 in
1760 3876 1989 3945 somnis,

397 3980 643 4031 aSSerere
681 3981 791 4021 non
815 3973 1051 4036 poterat.
1081 3966 1325 4021 Tantum
1361 3965 1578 4022 dicebat
1612 3985 1625 4020 :
1668 3966 1989 4034 Monachus,

397 4057 586 4114 nescio
611 4057 760 4129 quis,
793 4056 976 4113 ferens
1019 4072 1279 4115 coronam
1331 4072 1394 4112 ex
1434 4056 1652 4130 palmis,
1700 4058 1814 4117 lucc
1853 4059 1991 4119 mihi

397 4149 555 4207 dixit.

2089 568 2387 639 Ἦθέλησεν
2407 568 2500 622 οῦν
2529 566 2718 621 λαϐεῖν
2754 565 2914 620 αὑτὸν
2946 568 3027 629 εἰς
3044 564 3104 618 τὸ
3135 564 3298 634 μέρος
3335 564 3472 615 ὅπου
3510 562 3633 632 ἔτρε
3653 592 3665 602 -

2076 679 2190 733 χεν,
2228 662 2286 715 ὃν
2339 660 2565 732 ἔμελλεν
2602 658 2883 714 ἰάσασθαι.
2930 655 3076 711 Ἰδὼν
3118 657 3176 710 δὲ
3229 655 3406 718 ἀϐϐᾶς
3434 653 3663 723 Συμεὼν

2079 754 2281 825 μᾶλλον
2302 755 2384 815 εἰς
2416 752 2478 805 τὸ
2511 751 2828 817 ἐξεναντίας
2855 750 3023 820 μέρος
3054 748 3316 818 ἀπῆλθεν.
3365 747 3506 817 Ἤδη
3551 750 3664 815 γὰρ

2076 844 2137 898 τὸ
2160 844 2214 897 τί
2241 843 2477 913 ἤμελλεν
2508 845 2703 906 ποιεῖν,
2738 842 2834 895 acati.
2863 842 2940 905 ὡς
2987 839 3222 912 ἤρξαντο
3245 840 3481 910 τρέχειν,
3517 839 3666 907 ἑρμᾷ

2077 937 2106 988 6
2159 936 2308 998 ὅσιος
2358 934 2501 987 κατὰ
2526 934 2620 986 τοῦ
2652 933 2845 996 παιδὸς
2864 932 2960 985 τοῦ
2987 930 3374 1002 δαιμονῶντος,
3408 931 3502 981 καὶ
3524 927 3667 994 φθά-

2080 1043 2179 1090 σας
2200 1027 2385 1094 αὑτὸν,
2428 1026 2656 1096 μηδενὸς
2682 1026 2999 1096 νοήσαντος,
3023 1023 3219 1076 τύπτει
3259 1021 3422 1075 αὑτὸν
3464 1023 3542 1082 εἰς
3566 1018 3667 1091 τὴν

2080 1119 2329 1188 σιαγόνα,
2368 1121 2461 1173 καὶ
2485 1119 2677 1197 λέγειξ
2698 1116 2918 1187 Μηκέτι
2979 1115 3222 1186 μοίχευε,
3276 1112 3521 1175 ταπεινὲ,
3568 1114 3666 1163 καὶ

2077 1215 2179 1268 οὐκ
2210 1213 2420 1282 ἐγγίζει
2450 1229 2535 1265 σοι
2564 1212 2592 1264 6
2625 1211 2856 1280 δαίμων.
2883 1207 3097 1271 Εὐθέως
3125 1202 3218 1261 οὖν
3248 1204 3481 1276 ἔρρηξεν
3501 1204 3668 1258 αὐτὸν

2077 1307 2140 1359 τὸ
2165 1306 2464 1377 δαιμόνιον,
2491 1304 2586 1358 καὶ
2625 1302 2973 1373 συνήχθησαν
3016 1302 3218 1362 πάντες
3260 1299 3448 1352 ἐπάνω
3474 1296 3666 1349 αὑτοῦ.

2094 1397 2180 1460 Ὠς
2218 1394 2313 1451 οὖν
2343 1396 2523 1450 ἔκειτο
2557 1396 2735 1466 χαμαὶ
2763 1393 3032 1464 ἀφρίζων,
3066 1392 3277 1464 θεωρεῖ
3309 1389 3401 1443 τὸν
3443 1388 3612 1441 Σαλδν
3640 1390 3670 1441 6

2082 1493 2310 1562 πάσχων
2344 1488 2610 1543 διώκοντα
2638 1487 2697 1551 ἐξ
2726 1484 2893 1540 αὑτοῦ
2945 1484 3084 1538 κύνα
3125 1483 3365 1554 μαῦρον,
3422 1482 3519 1535 καὶ
3574 1479 3668 1533 τύ-

2080 1601 2281 1638 πτοντα
2313 1581 2478 1636 αὐτὸν
2516 1580 2657 1650 μετὰ
2690 1578 2904 1645 ξυλίνου
2936 1576 3196 1647 σταυροῦ.
3236 1576 3327 1637 Εἰς
3377 1573 3572 1627 ἑαυτὸν
3611 1571 3669 1632 δὲ

2085 1678 2224 1749 μετὰ
2254 1675 2457 1739 πολλὰς
2495 1673 2646 1745 ὥρας
2677 1670 3012 1736 ἐπανελθὼν,
3059 1668 3341 1739 ἡρωτόποο
3375 1666 3441 1718 Τί
3468 1668 3672 1718 πέπον-

2083 1771 2222 1836 θας;
2256 1768 2348 1822 καὶ
2371 1769 2473 1820 οὐκ
2497 1765 2736 1836 ἠδυνήθη
2770 1765 2946 1817 εἰπεῖν
2971 1805 2984 1825 ,
3028 1764 3076 1814 εί
3114 1761 3189 1830 μὴ
3229 1761 3388 1829 μόνον
3428 1758 3512 1810 ὅτι
3567 1755 3667 1818 Τίς

2084 1877 2217 1914 ποτε
2270 1856 2395 1912 εἷπέ
2428 1875 2540 1929 μοι’
2576 1856 2791 1927 Μηκέτι
2839 1854 3094 1924 πόρνευε.
3145 1849 3253 1904 Τοῦ
3298 1850 3355 1902 δὲ
3401 1848 3549 1901 ὰῆὃᾶ
3575 1848 3674 1900 Συ-

2087 1953 2233 2026 μεὼν
2254 1951 2637 2013 τελειωθέντος
2670 1951 2727 2001 ἐν
2775 1948 2992 2018 εἰρήνῃ,
3024 1944 3214 2015 ὥσπερ
3256 1941 3544 2011 ἀνένηψεν,
3579 1942 3671 1993 καὶ

2085 2046 2339 2117 ἐξηγεῖτο
2368 2044 2503 2096 πᾶσι
2536 2039 2772 2111 λεπτομε
2784 2039 2890 2111 pd};
2922 2038 2982 2090 τὸ
3006 2037 3260 2108 πρᾶγμα.

2155 2229 2256 2295 λζ’.
2297 2225 2645 2297 Ἐθεάτριζόν
2674 2239 2805 2277 ποτε
2832 2224 2993 2292 μῖμοι
3017 2220 3100 2283 εἰς
3114 2219 3176 2272 τὸ
3195 2218 3449 2286 θέατρον.
3476 2210 3585 2268 Ἦν
3612 2215 3671 2268 ὃὶ

2087 2317 2165 2385 εἷς
2201 2320 2260 2385 ἐξ
2292 2319 2495 2378 αὐτῶν.
2528 2316 2749 2386 Ψηφᾶς.
2782 2311 2967 2366 Θὲλων
2992 2309 3088 2364 οὖν
3120 2309 3182 2363 τὸ
3228 2308 3469 2363 τοιοῦτον
3500 2306 3673 2361 κακὸν

2085 2413 2360 2482 ἀνακόψαι
2385 2411 2413 2462 ὁ
2438 2411 2646 2471 δίκαιος
2679 2402 2813 2477 (εἶχε
2854 2404 2962 2473 γάρ
2989 2419 3109 2457 τινα
3132 2401 3274 2456 καλὰ
3297 2400 3434 2473 ἔργα
3463 2401 3492 2453 ὁ
3515 2398 3674 2468 λεγόο

2090 2520 2249 2577 μενος
2305 2498 2557 2571 Ψηφᾶς),
2620 2498 2722 2551 οὐκ
2778 2494 3062 2564 ἀπηξίωσε
3088 2493 3181 2547 τοῦ
3225 2492 3501 2553 ἀπελθεῖν,
3533 2489 3672 2544 ἀλλὰ

2086 2593 2320 2663 ἀπῆλθε,
2351 2590 2445 2644 καὶ
2469 2589 2619 2642 κάτω
2650 2588 2835 2639 ἵστατο
2856 2585 2936 2647 είς
2966 2582 3027 2636 τὸ
3050 2583 3255 2653 πέλμα,
3282 2584 3416 2636 ὅπου
3447 2580 3674 2645 ἔπαιζον

2086 2688 2138 2740 oi
2173 2688 2352 2757 μῖμοι*
2408 2681 2502 2736 καὶ
2555 2680 2632 2742 ὡς
2692 2678 2799 2731 ἴδεν
2847 2675 2938 2728 τὸν
2987 2674 3193 2744 Ψηφᾶν
3230 2672 3540 2743 ἀρξάμενον
3577 2670 3675 2724 τοῦ

2088 2779 2266 2831 ποιεῖν
2290 2774 2527 2843 ἀθέμιτα
2551 2769 2876 2838 πράγματα,
2902 2764 3084 2838 ῥίπτει
3111 2763 3256 2818 λίθον
3285 2763 3480 2834 μικρὸν
3504 2762 3673 2821 πάνυ.

2089 2869 2323 2940 ποιήσας
2358 2867 2437 2928 εἰς
2471 2863 2633 2916 αὐτὶν
2661 2858 2913 2931 σταυρὸν,
2948 2858 3044 2911 καὶ
3074 2856 3259 2926 βάλλει
3296 2855 3434 2910 κατὰ
3468 2855 3563 2924 τῆς
3590 2853 3676 2906 δε-

2091 2960 2209 3026 ξιᾶς
2240 2958 2422 3030 χειρὸς
2452 2954 2547 3008 τοῦ
2576 2953 2769 3022 Ψηφᾶ,
2811 2952 2905 3003 καὶ
2957 2948 3219 3019 ἐξήρανεν
3255 2949 3443 3018 αὐτήν.
3485 2945 3677 3010 Οὐδεὶς

2087 3053 2144 3106 δὲ
2179 3051 2371 3120 ἐνόησε
2396 3048 2455 3101 τὸ
2481 3045 2563 3110 τίς
2582 3045 2672 3097 τὸν
2688 3043 2834 3096 λίθον
2857 3040 3100 3113 ἔρριψεν.
3119 3038 3376 3093 Φαίνεται
3406 3032 3499 3091 οῦν
3524 3035 3676 3105 αὐτῷ

2087 3145 2154 3213 τῇ
2191 3140 2349 3194 νυκτὶ
2378 3136 2520 3192 κατᾶ
2543 3136 2671 3197 τοὺς
2701 3133 2904 3195 ὕπνους
2951 3132 2979 3184 6
3031 3132 3176 3191 ὅσιος
3198 3130 3290 3182 καὶ
3317 3128 3468 3196 λέγει
3503 3125 3673 3194 αὐτῷ·

2093 3235 2300 3295 Ὄντως
2329 3230 2610 3298 ἐπέτυχον,
2642 3229 2735 3279 καὶ
2763 3227 2812 3278 εἰ
2838 3223 2916 3294 μὴ
2947 3223 3169 3293 ὀμόσεις
3199 3223 3282 3275 ὅτι
3308 3222 3408 3273 οὐκ
3443 3220 3523 3273 ἔτι
3560 3222 3681 3272 ἑπι-

2089 3321 2336 3392 τηδεύεις
2363 3317 2604 3373 τοιοῦτόν
2637 3333 2690 3370 τι
2720 3315 2949 3386 πρᾶξαι,
2977 3315 3076 3384 οὐχ
3106 3312 3392 3381 ὑγιαίνεις.
3436 3310 3679 3380 Ὤμοσεν

2089 3416 2183 3470 οῦν
2206 3413 2354 3484 αὐτῷ
2383 3413 2522 3465 κατὰ
2552 3410 2653 3480 τῆς
2678 3408 2963 3472 Θεοτόκου,
2985 3408 3069 3460 ὃτι
3097 3406 3172 3458 Οὐ
3199 3405 3273 3474 μὴ
3300 3400 3557 3471 παρέλθω
3582 3399 3678 3453 τοῦ

2089 3504 2280 3559 λοιποῦ
2323 3501 2412 3556 διὰ
2465 3500 2561 3553 τοῦ
2616 3498 2860 3573 τοιοῦτον
2895 3495 3222 3564 παιγνιδίου.
3272 3492 3379 3546 Καὶ
3409 3491 3677 3552 ἀναστὰς.

2089 3594 2215 3670 εὗρε
2240 3598 2338 3667 τὴν
2357 3578 2529 3667 ⁵χεῖρα
2552 3592 2717 3646 αὐτοῦ
2741 3591 2893 3660 ὑγιῆ,
2930 3590 3024 3642 καὶ
3046 3588 3293 3659 ἐξηγεῖτο
3317 3586 3385 3638 τὰ
3409 3584 3679 3656 ὁραθέντα

2088 3690 2242 3762 αὐτῷ
2273 3688 2471 3742 πάντα.
2509 3683 2653 3755 Πλὴν
2674 3684 2755 3736 ὅτι
2785 3684 2812 3736 ὁ
2830 3681 2997 3744 Σαλὸς
3027 3675 3094 3750 ἦν
3116 3681 3145 3733 ὁ
3169 3678 3339 3732 εἰπὼν
3363 3675 3512 3745 αὑτῷ
3536 3679 3680 3728 κατὰ

2087 3783 2214 3845 τοὺς
2251 3779 2476 3841 ὕπνους,
2533 3778 2633 3831 οὐκ
2690 3773 2933 3846 ἠδυνήθη
2966 3774 3163 3835 είτκῖν,
3194 3770 3356 3824 τοῦτο
3405 3770 3462 3824 δὲ
3515 3768 3679 3839 μόνον

2090 3875 2335 3947 εἴρηκεν,
2364 3872 2447 3926 ὅτι
2474 3871 2572 3934 Τίς
2608 3885 2741 3922 ποτε
2774 3865 3029 3938 μοναχδς,
3056 3864 3239 3937 φορῶν
3268 3863 3535 3933 στέφανον
3568 3861 3680 3916 ἀπδ

2092 3966 2283 4041 βαῒων,
2308 3960 2431 4019 εἷπέ
2463 3981 2554 4035 μοι
2580 3961 2776 4018 ταῦτα.

1850 4265 2080 4325 CAPUT
2134 4266 2221 4319 Vl.

400 4386 522 4443 Alia
543 4387 816 4460 Symeouis
847 4389 1133 4452 miracula,
1159 4390 1562 4456 pradictiones;
1592 4389 1981 4451 hwreticorum,
2008 4385 2319 4466 Judmorunt
2341 4392 2388 4437 et
2413 4383 2747 4436 meretricum
2782 4379 3158 4443 conversiones,
3186 4376 3386 4446 {ugatio
3408 4376 3680 4437 da'mouis,

1792 4462 1987 4513 donum
2017 4462 2304 4510 castitatis.
2710 4474 2733 4477 -

471 4556 561 4611 38.
602 4553 800 4626 Magno
846 4562 1003 4610 terra:
1035 4562 1216 4619 motu,
1263 4555 1455 4610 urbem
1494 4553 1790 4624 aliquando
1838 4553 1982 4608 inva-

2168 4550 2273 4621 λη’.
2304 4547 2609 4610 Μέλλοντός
2637 4562 2769 4599 ποτε
2795 4543 2893 4616 τὴν
2920 4543 3075 4598 πόλιν
3102 4540 3488 4612 καταλαμόἀνε
3499 4557 3545 4593 ιν
3574 4554 3681 4591 σειν

398 4661 553 4703 ιυτο,
593 4644 813 4712 quando
855 4643 1141 4700 Antiochis
1194 4643 1307 4712 (45)
1353 4643 1614 4708 concidit,
1653 4642 1992 4716 temporibus

313 4744 331 4756 '
404 4734 578 4790 sancti
616 4732 727 4803 (44)
758 4733 1002 4789 Mauricii
1041 4733 1388 4804 imperatoris
1430 4734 1587 4804 (tunc
1620 4733 1767 4788 enim
1799 4748 1830 4788 e
1865 4733 1994 4789 soli-

403 4825 598 4883 tudine
624 4826 680 4879 in
710 4824 987 4897 publicum
1006 4827 1140 4880 exiit
1166 4825 1431 4897 sanctus),
1453 4824 1694 4897 abripuit
1721 4824 1896 4880 lorum
1928 4841 1993 4881 ex

404 4919 683 4985 funiculis,
734 4927 791 4975 et
830 4919 999 4988 coepit
1044 4919 1329 4974 columnas
1360 4928 1669 4989 percutere,
1719 4934 1782 4973 ac
1811 4914 1996 4975 dicere

404 5009 675 5080 singulis:
719 5009 864 5064 Dixit
912 5006 1176 5064 Dominus
1223 5018 1368 5070 tuus.
1415 5018 1517 5064 sta.
1557 5008 1623 5064 Et
1673 5018 1796 5065 orto
1834 5018 1995 5065 terra:

405 5112 577 5165 motu,
606 5103 753 5158 nulla
777 5119 840 5158 ex
866 5101 1124 5157 omnibus
1147 5102 1440 5165 columnis,
1466 5118 1603 5173 quas
1624 5112 1991 5173 percusserat,

407 5195 624 5251 cecidit.
658 5194 819 5251 Venit
846 5196 1027 5267 itaque
1050 5196 1116 5250 ad
1150 5212 1317 5251 unam
1350 5195 1684 5260 columnam,
1720 5205 1774 5251 et
1803 5198 1940 5252 dixit
1977 5215 1989 5251 :

409 5286 489 5339 'l‘u
522 5301 653 5342 vero
689 5303 792 5343 nec
829 5288 985 5352 cado,
1028 5303 1134 5343 nec
1170 5297 1279 5342 sta.
1304 5287 1371 5342 Et
1405 5287 1575 5343 scissa
1611 5301 1694 5343 est
1724 5305 1753 5343 a
1783 5305 2000 5343 summo

411 5393 582 5447 usque
629 5379 907 5442 deorsum,
958 5380 1171 5450 fuitque
1221 5379 1436 5436 modice
1473 5380 1756 5446 inclinata,
1814 5390 1869 5436 et
1919 5381 1999 5436 sic

415 5469 731 5531 termansit.
759 5470 934 5525 Nemo
982 5471 1316 5543 intelligebat
1358 5470 1410 5525 id
1461 5472 1604 5541 quod
1639 5471 1844 5527 fecerat
1869 5490 1995 5527 san-

2099 4644 2242 4715 σμοῧ
2268 4643 2531 4714 μεγάλου.
2556 4641 2647 4693 ὅτε
2678 4640 2712 4711 ὴ
2736 4638 3046 4709 Ἀντιόχεια
3069 4635 3287 4695 ἔπεσεν,
3316 4632 3406 4687 ἐπὶ
3437 4631 3546 4686 τῶν
3566 4630 3685 4701 χρή.

2098 4756 2206 4792 νων
2240 4736 2333 4791 τοῦ
2356 4738 2413 4789 ἐν
2446 4734 2620 4802 ἁγίοις
2640 4731 2952 4802 Μαυρικίου
2984 4728 3078 4783 τοῦ
3113 4726 3377 4799 βασιλέως
3405 4725 3549 4796 (τότε
3578 4723 3688 4793 γὰρ

2100 4824 2442 4903 κατήντησεν
2498 4830 2577 4890 είς
2626 4828 2726 4896 τὴν
2764 4824 3132 4894 οἰκουμένην,
3189 4822 3253 4873 ὲκ
3281 4818 3380 4883 τῆς
3420 4819 3630 4888 ἐρήμου
3658 4817 3688 4867 ὁ

2102 4923 2296 4994 ὅσιος),
2333 4924 2552 4994 ἥρπασε
2601 4920 2693 4973 τὸν
2742 4918 2917 4989 λῶρον
2949 4918 3014 4969 ὲκ
3043 4913 3136 4969 τοῦ
3179 4911 3435 4983 σχοινίου,
3467 4909 3561 4963 καὶ
3589 4908 3690 4979 ἦρα

2104 5015 2232 5082 ξατο
2258 5016 2483 5068 τύπτειν
2504 5013 2627 5075 τοὺς
2658 5011 2885 5073 στύλους
2916 5010 3009 5062 καὶ
3029 5006 3211 5075 λέγειν
3247 5003 3485 5074 ἑκάστῳο
3521 4996 3687 5054 Εἶπεν

2101 5109 2129 5160 6
2151 5105 2353 5176 Κύριός
2378 5104 2711 5165 σου,ίστᾶσο.
2734 5101 2842 5155 Καὶ
2868 5100 3115 5160 ἐλθόντος
3130 5098 3223 5151 τοῦ
3244 5094 3492 5165 σεισμοῦ,
3515 5092 3690 5153 οὐδεὶς

2107 5196 2166 5262 ἐξ
2192 5197 2349 5248 ὅσων,
2367 5194 2560 5263 ἔτυψεν
2593 5193 2821 5256 στόλων,
2847 5190 3040 5244 ἔπεσεν
3058 5208 3072 5224 ο
3098 5184 3303 5242 Ἦλθεν
3344 5183 3439 5240 οὖν
3479 5184 3572 5239 καὶ
3611 5185 3690 5245 εἰς

2108 5289 2202 5341 ἕνα
2237 5285 2448 5351 στύλον,
2476 5286 2572 5340 καὶ
2593 5287 2740 5359 λέγει
2764 5283 2912 5354 αὐτῷ
2933 5300 2946 5315 ·
2979 5284 3050 5335 ΣΞ)
3077 5282 3133 5335 δὲ
3177 5280 3311 5352 μηδὲ
3360 5278 3553 5349 πέσῃ·,
3589 5294 3693 5349 μη-

2106 5378 2161 5431 δὲ
2195 5380 2417 5449 σταθῇςι
2450 5379 2562 5432 Καὶ
2599 5377 2826 5448 ἐσχίσθη
2873 5378 2982 5430 ἀπὸ
3003 5375 3211 5431 ἄνωθεν
3249 5373 3353 5434 ἕως
3388 5371 3562 5436 κάτω,
3594 5371 3693 5420 καὶ

2108 5473 2285 5526 ἔκλινε
2317 5472 2535 5542 μικρὸν,
2564 5468 2660 5525 καῖ
2690 5470 2862 5534 οὕτως
2892 5470 3125 5540 ἔμεινεν.
3154 5468 3340 5529 Οὑῖεὶς
3364 5465 3420 5518 δὲ
3457 5461 3692 5532 συνῆκεν

788 5617 792 5620 ί
861 5701 904 5725 η..
1944 5657 2175 5714 NOTAE.

419 5817 469 5867 υ
487 5739 602 5819 (35)
635 5741 735 5818 εισι
758 5745 942 5799 multis
964 5744 1031 5799 de
1052 5744 1155 5798 hac
1179 5748 1386 5815 opm-lia
1408 5757 1585 5801 actum
1610 5747 1664 5801 in
1697 5747 1987 5804 Commen-

478 5824 556 5864 ίἹο
579 5823 797 5867 υιῖῐξῖιο.

376 5869 380 5873 ,
419 5823 556 5867 uno
579 5823 797 5879 praevio.

2177 5750 2285 5813 (Ali)
2320 5747 2472 5800 Circa
2504 5747 2643 5801 hanc
2672 5759 2877 5804 vocem,
2907 5743 3150 5812 quaedam
3177 5739 3480 5793 notavimus
3508 5750 3627 5807 cap.
3649 5747 3690 5801 ι,

2108 5836 2226 5889 quae
2263 5819 2347 5874 hic
2379 5833 2475 5888 pro
2498 5817 2719 5872 insertis
2754 5814 2945 5870 haberi
2977 5814 3241 5867 volumus.
