3956 6220
263 326 391 436 ιτίτ

1532 375 1575 433 ν
1589 375 1705 432 [ΤΛ
1750 374 1807 432 S.
1853 372 2148 432 SYMEON
2161 374 2251 433 13.

3419 374 3553 451 718ζ

254 490 283 543 ὃ
314 488 568 557 ἐποίησεν
619 490 647 543 ὁ
702 490 1033 561 μακαρίτης.
1071 464 1221 545 Ἀλλ’
1271 491 1458 560 ελεγον
1486 491 1709 555 πάντες,
1751 491 1832 543 ὅτι

1951 499 2085 556 :tus;
2122 489 2216 543 sed
2250 504 2358 543 uno
2383 505 2574 545 omnes
2612 506 2704 545 ore
2738 490 3012 553 dicebant,
3053 489 3199 559 quod
3243 488 3530 544 columnas

253 582 361 636 ἀπὸ
407 583 878 651 παραφρονήσεως
921 583 1086 654 ἔτυψε
1138 586 1265 648 τοὺς
1307 585 1558 648 στύλους.
1599 584 1834 648 Aegin:

255 677 347 727 καὶ
374 674 652 743 θαυμάσαι
674 669 743 746 ἦν
766 674 854 728 τὸν
882 675 1034 742 Θεὸν,
1078 677 1163 729 ὅτι.
1194 676 1259 730 δι’
1284 670 1359 730 ὧν
1407 693 1550 739 τινες
1584 673 1835 746 ἐνόμιζον

254 765 415 818 αὐτὸν
445 766 814 821 ἀεωτεύεσοαι
845 767 1167 837 σχημάτων,
1200 769 1289 823 διὰ
1322 769 1528 823 τούτων
1575 768 1837 830 πολλάκις

254 857 321 910 τά
354 858 635 929 παράδοξα
690 860 1045 919 ἐνεδείκνυτο.
1096 863 1401 917 Θανατικοῦ
1460 865 1569 934 γάρ
1609 881 1738 917 ποτε
1767 866 1834 934 τῇ

256 950 407 1004 πόλει
441 950 770 1021 ἐπέρχεσθαι
806 952 1113 1022 μέλλοντος,
1157 954 1444 1025 παρελθὼν
1475 956 1573 1008 ὅλα
1616 955 1684 1008 τὰ
1716 972 1841 1026 σχο-

256 1042 365 1106 λέα,
396 1044 599 1114 ἠρξατο
624 1045 966 1109 ἀσπάζεσθαι
1000 1049 1127 1110 τοὺς
1161 1049 1379 1112 παῖδας,
1400 1047 1575 1115 λέγων
1598 1048 1838 1118 ἑκάστῳ,

256 1135 332 1198 ὡς
370 1137 427 1188 ἐν
450 1136 666 1208 γελοίῳ·
702 1137 919 1207 ’Ύπαγε
945 1140 1146 1206 καλῶς,
1186 1141 1317 1195 καλέ
1356 1158 1480 1211 μου.
1513 1142 1588 1195 Ob
1631 1140 1840 1205 πάντας

256 1224 313 1277 δὲ
363 1227 672 1297 ἠσπάσατο,
714 1228 831 1282 ἀλλ’
879 1230 1011 1283 ὅπου
1063 1232 1096 1301 ἡ
1153 1231 1290 1285 θεοῦ
1331 1233 1490 1303 χάρις
1542 1231 1841 1303 ἐγνώρισεν

256 1318 424 1387 αὐτῷ.
461 1319 571 1372 Καὶ
624 1320 778 1383 ἔλεγε
817 1321 895 1391 τῷ
946 1322 1253 1396 διδασκάλῳ
1297 1325 1530 1378 ἑκάστου
1589 1325 1836 1395 σχολίου·

258 1409 361 1461 Τὸν
392 1409 546 1473 Θεὸν,
586 1410 769 1482 ἔξηχε,
812 1413 886 1485 μὴ
907 1414 1094 1487 δείρῃς
1136 1417 1205 1471 τὰ
1239 1417 1448 1484 παιδία,
1482 1417 1548 1471 τὰ
1573 1418 1731 1485 φιλῶ,
1760 1419 1843 1471 ὅτι

260 1500 478 1571 μακρὰν
507 1504 746 1573 στράταν
785 1504 1002 1576 ἔχουσιν
1048 1508 1329 1562 ἀπελθεῖν.
1380 1510 1750 1573 Καταπαίξων
1787 1510 1843 1563 δὲ

259 1593 423 1646 αὐτοῦ
480 1595 507 1647 ὁ
562 1595 883 1662 διδάσκαλος
938 1597 1088 1652 ἔστιν
1116 1601 1206 1653 ὅτε
1244 1601 1421 1655 ἐδίδου
1453 1601 1602 1671 αὑτῴ
1629 1600 1841 1664 ἀϐἱνας,

259 1683 373 1737 ἔστι
401 1685 458 1738 δὲ
486 1685 572 1739 ὅτε
605 1689 697 1740 καὶ
724 1690 836 1752 τοῖς
861 1690 1048 1743 παισὶν
1085 1690 1256 1757 ἔνευε,
1300 1691 1393 1746 καὶ
1438 1689 1719 1755 ὲστύλιζον
1744 1692 1843 1745 αὺ-

256 1776 371 1831 τόν.
407 1777 512 1831 Τοῦ
538 1778 594 1831 δὲ
624 1778 915 1834 θανατικοῦ
947 1782 1373 1849 καταλαϐόντος,
1405 1784 1506 1837 οὐκ
1534 1783 1751 1853 ἔμεινεν
1779 1783 1874 1836 oo-

1913 1043 2063 1090 -tare
2112 1051 2330 1105 pueros,
2384 1036 2572 1091 dicens
2616 1036 2843 1107 singulis
2886 1036 3039 1106 quasi
3096 1036 3222 1105 joco
3272 1052 3286 1088 :

1940 580 2304 648 percussisset
2332 597 2396 636 ex
2432 582 2729 637 dementia.
2771 582 3098 637 Laudandus
3141 590 3198 636 et
3242 582 3526 636 admiran-

1940 673 2043 727 dus
2071 672 2235 737 Deus,
2276 672 2442 743 quod,
2484 689 2581 743 per
2603 689 2738 743 quas
2787 673 2988 744 ﬁguras
3014 673 3407 728 existimabant
3433 672 3526 740 Sy-

1942 779 2192 819 mconem
2224 780 2282 818 se
2320 764 2515 819 stolide
2550 781 2764 835 gerere,
2803 782 2901 837 per
2927 782 3021 821 eas
3053 781 3198 836 saepe
3224 764 3555 820 ostenderit.

1941 872 2050 921 res,
2102 857 2416 927 opinionem
2457 858 2743 913 hominum
2780 859 3128 913 excedentes.
3173 857 3532 927 lmpendente

1941 934 2144 1002 civitati
2174 946 2281 1012 lue,
2317 947 2529 1002 scholas
2552 947 2641 1002 ubi
2671 964 2866 1002 omnes
2907 947 3153 1014 adiisset,
3190 946 3357 1017 coepit
3386 945 3556 1001 salu--

3347 1037 3383 1091 Α
3395 1049 3541 1105 page»

1942 1127 2103 1191 bene,
2136 1126 2205 1180 mi
2246 1128 2406 1181 bone.
2460 1124 2647 1196 Neque
2695 1126 2950 1181 salutavit
2993 1141 3206 1192 omnes,
3246 1125 3342 1180 sed
3390 1140 3538 1195 quos

1943 1216 2037 1271 Dei
2119 1216 2305 1289 gratia‘
2342 1216 2622 1272 indicavit.
2671 1203 2929 1287 minque
3008 1217 3266 1287 magistro
3341 1215 3531 1270 unius-

1944 1311 2211 1380 cujusque
2237 1308 2439 1364 scholae
2471 1326 2481 1361 :
2524 1309 2629 1364 Per
2652 1310 2846 1376 Deum,
2871 1310 3056 1376 stulte,
3084 1324 3151 1363 ne
3174 1308 3532 1364 excarniﬁces
3556 1352 3561 1356 .

1944 1419 2179 1474 pueros;
2239 1418 2362 1458 amo
2414 1402 2584 1458 illos:
2636 1404 2854 1473 longam
2898 1404 3045 1460 enim
3086 1403 3231 1457 viam
3254 1403 3539 1458 conﬁcere

1943 1493 2164 1548 debent.
2199 1491 2454 1562 Magister
2479 1502 2687 1558 autem,
2716 1493 2767 1547 ei
2799 1493 2959 1548 ludos
2988 1492 3219 1554 faciens,
3273 1507 3555 1546 nonnun»

1943 1602 2106 1656 quam
2141 1585 2638 1653 credebatscutica,
2668 1600 3065 1655 nonnunquam
3097 1584 3373 1640 annuebat
3403 1600 3533 1655 pue-

1945 1679 2046 1743 ris,
2067 1687 2123 1733 et
2151 1677 2460 1748 procaciter
2498 1678 2547 1734 ei
2583 1677 2924 1732 insultabant
2963 1675 3098 1749 (l5).
3138 1675 3377 1732 Suborta
3414 1677 3529 1748 jam

1943 1772 2054 1839 lue,
2093 1786 2163 1826 ne
2213 1786 2353 1826 unus
2387 1770 2605 1841 quidem
2652 1770 2916 1825 remansit
2941 1786 3007 1826 ex
3040 1770 3126 1835 iis,
3158 1785 3297 1840 quos
3326 1769 3532 1824 saluta-

256 1868 312 1920 δὲ
336 1863 414 1932 εἷς
444 1867 503 1935 ἐξ
524 1863 597 1923 ὧν
631 1872 919 1941 ἠσπάσατο
948 1876 975 1928 ὁ
998 1876 1173 1940 ὰῢϐᾶς
1202 1876 1448 1947 Συμεὼν,
1475 1875 1611 1929 ἀλλὰ
1642 1875 1842 1939 πάντες

1951 1871 2100 1918 verat
2129 1862 2297 1918 abbas
2324 1860 2675 1934 Symconem,
2701 1863 2797 1918 sed
2821 1877 3015 1918 omnes
3040 1862 3242 1919 mortui
3272 1871 3420 1918 sunt.

258 1960 549 2016 ἀπέθανον.

328 2052 425 2109 λο’.
465 2052 591 2128 Εἶχε
620 2059 676 2113 δὲ
712 2062 798 2115 καὶ
834 2062 954 2127 ἔθος
1002 2063 1030 2115 ό
1088 2063 1232 2128 ὅσιος
1262 2064 1585 2135 ἀνέρχεσθαι
1617 2068 1695 2131 εἰς
1717 2067 1843 2132 τοὺς

258 2142 439 2207 οἴκους
464 2146 569 2200 τῶν
598 2148 869 2204 πλουσίων
903 2154 995 2207 καὶ
1023 2153 1263 2219 παίζειν,
1289 2154 1550 2220 πολλάκις
1589 2156 1647 2210 δὲ
1676 2175 1845 2228 προσ-

261 2237 529 2290 ποιεῖσθαι
561 2243 884 2310 καταφιλεῖν
920 2247 1014 2299 καὶ
1054 2247 1152 2309 τάς
1181 2248 1372 2312 δούλας
1406 2248 1623 2314 αὐτῶν,
1670 2252 1727 2304 ὲν
1761 2244 1844 2314 οἷς

259 2328 317 2378 ἐν
352 2330 451 2400 μιᾷ
488 2332 633 2396 τινος
677 2334 913 2405 δημότου
948 2339 1438 2412 ἐγγαστρώεαντος
1486 2342 1618 2413 μίαν
1647 2341 1842 2416 δούλην

259 2418 377 2482 ἐνὸς
412 2422 522 2476 τῶν
556 2426 838 2496 ἐμφανῶν,
877 2430 969 2489 καὶ
1014 2430 1091 2502 μὴ
1143 2432 1477 2504 βουλομένης
1509 2434 1608 2506 τῆς
1647 2434 1843 2504 δούλης

259 2510 491 2578 ὲκφάναι
528 2515 616 2567 τὸν
645 2520 1021 2589 πορνεύσαντα
1046 2523 1128 2586 εἰς
1156 2523 1348 2594 αὐτὴν,
1390 2525 1644 2596 ἡρωτᾶτο
1693 2528 1844 2597 παρά

257 2602 356 2671 τῆς
391 2606 588 2676 κυρίας
640 2609 812 2679 αὐτῆς
868 2611 930 2664 τὺ
963 2612 1045 2676 τίς
1097 2614 1266 2685 αὐτὴν
1302 2616 1634 2688 διέφθειρεν.
1674 2620 1737 2673 Ἡ
1785 2620 1845 2674 δὲ

258 2690 308 2744 εἷ
320 2706 454 2746 πεν·“
480 2698 535 2749 Ὀ
564 2699 732 2764 Σαλδς
774 2700 999 2772 Συμεὼν
1021 2705 1283 2759 ἐϐιάσατό
1312 2725 1400 2776 με.
1439 2708 1717 2775 Ἐλθὸντος
1748 2707 1843 2765 οὖν

258 2789 424 2842 αὐτοῦ
458 2793 601 2846 κατὰ
630 2796 922 2864 συνήθειαν
949 2799 1028 2862 εἰς
1064 2799 1151 2852 τὸν
1173 2796 1356 2868 οἷκον,
1398 2802 1548 2869 λέγει
1575 2806 1607 2874 ἡ
1647 2805 1843 2858 αὐθέν-

256 2895 383 2949 τρια
419 2881 519 2951 τῆς
548 2885 720 2956 κόρης
742 2905 753 2916 ·
785 2886 1002 2952 Καλῶς,
1036 2890 1178 2944 ἁόϐἅ
1209 2892 1454 2961 Συμεὼν,
1483 2896 1564 2947 ὅτι
1585 2894 1844 2967 ἕφθειρας

258 2974 352 3023 καὶ
374 2973 795 3046 ἐνεγάστρωσας
817 2979 914 3050 τὴν
943 2982 1133 3052 δούλην
1170 3002 1294 3052 μου.
1334 2986 1549 3049 Εὐθέως
1577 2984 1673 3041 οὖν
1700 2990 1844 3042 ἐκεῖ·

257 3080 344 3126 νος
371 3066 629 3134 γελάσας,
669 3071 762 3122 καὶ
797 3071 1080 3143 ὑποκύψας
1105 3076 1204 3146 τὴν
1249 3077 1446 3130 ἑαυτοῦ
1490 3079 1733 3149 κεφαλὴν
1774 3084 1842 3152 τῇ

2014 2062 2100 2117 59.
2142 2062 2364 2119 Solebat
2397 2070 2561 2119 etiam
2596 2071 2819 2120 sanctus
2865 2064 3018 2120 adire
3060 2064 3289 2121 divitum
3313 2063 3539 2130 domos,

1943 2163 2001 2210 et
2034 2154 2244 2223 ludere,
2290 2164 2349 2213 et
2377 2172 2489 2213 non
2534 2172 2658 2213 raro
2691 2158 2857 2213 etiam
2888 2158 3150 2213 simulare
3195 2173 3256 2213 se
3295 2157 3529 2214 osculari

1942 2258 2135 2298 eorum
2171 2244 2416 2301 ancillas.
2449 2245 2586 2301 Dum
2629 2245 2719 2302 die
2757 2247 2993 2317 quadam
3033 2247 3232 2318 aliquis
3281 2248 3533 2319 plebeius

1942 2332 2365 2407 impraegnasset
2397 2338 2651 2393 ancillam
2700 2339 2864 2395 unius
2905 2355 2973 2405 ex
3020 2339 3433 2404 illnstrioribus,
3473 2347 3546 2395 et.

1942 2427 2114 2482 nollet
2142 2428 2340 2485 ancilla
2373 2430 2610 2501 prodere
2642 2440 3036 2502 stupratorem,
3081 2433 3530 2504 interrogabatur

1942 2534 1972 2574 a
2006 2536 2106 2576 sua
2134 2521 2377 2591 domina,
2421 2525 2672 2594 quisnam
2702 2540 2763 2581 se
2806 2524 3173 2597 corrupisset.
3228 2524 3541 2595 Respondit

1942 2611 2032 2666 illa
2071 2629 2086 2667 :
2127 2611 2361 2684 Symeon
2419 2614 2580 2673 Salus
2606 2617 2717 2673 vim
2767 2619 2901 2673 mibi
2955 2618 3159 2673 attulit.
3202 2617 3530 2690 ingredienti

1941 2704 2019 2759 illi
2043 2705 2110 2760 de
2143 2722 2293 2762 more
2315 2708 2560 2774 domum,
2588 2710 2721 2766 dicit
2750 2711 2943 2780 puellae
2967 2711 3218 2767 domina:
3245 2712 3531 2775 Praaclare,

1943 2799 2083 2854 abba
2116 2798 2376 2871 Symeon,
2424 2802 2552 2872 quia
2588 2804 2883 2874 corrupisti
2924 2815 2980 2860 et
3007 2806 3382 2877 imprmgnasti
3427 2820 3531 2860 an-

1942 2891 2123 2947 cillam
2155 2908 2352 2948 meam.
2383 2895 2553 2966 Igitur
2576 2897 2692 2967 ipse
2715 2897 2927 2963 ridens,
2957 2899 3242 2955 incurvato
3262 2899 3445 2970 capite
3475 2900 3533 2954 in

1943 2984 2225 3041 dexteram
2256 3002 2411 3041 suam
2459 3004 2702 3056 manum,
2747 2999 2803 3045 ct
2844 2992 3144 3047 contractis
3178 2994 3422 3063 quinque
3447 2991 3530 3047 di-

1943 3074 2095 3146 gitis,
2115 3075 2247 3131 dixit
2270 3094 2285 3131 :
2315 3076 2467 3142 Sine,
2494 3078 2637 3144 sine,
2666 3096 2701 3136 ι)
2719 3080 2941 3135 misera!
2964 3080 3058 3136 Illa
3089 3081 3183 3136 tibi
3196 3081 3309 3152 jam
3337 3081 3530 3152 pariet,

257 3160 402 3227 χειρὶ
427 3163 491 3232 τῇ
526 3162 674 3235 δεξιᾷ
696 3166 882 3234 αὐτοῦ,
917 3168 1109 3237 ἔλεγεν
1127 3172 1299 3244 αὐτῇ,
1323 3175 1672 3243 ὲπισυνάγων
1705 3177 1839 3246 ὁμοῦ

1951 3177 2000 3224 et
2021 3168 2249 3223 habebis
2275 3184 2503 3240 parvum
2543 3169 2892 3242 Symeonem.
2928 3172 3114 3229 Donec
3153 3173 3337 3245 itaque
3370 3175 3532 3230 veni-

258 3251 380 3314 τοὺς
408 3253 569 3306 πέντε
597 3255 895 3324 δακτύλους
928 3262 1149 3315 ἑαυτοῦ·
1183 3266 1374 3332 Ἄφες,
1392 3266 1550 3335 ἄφες,
1582 3268 1841 3341 ταπεινὴ,

258 3343 381 3410 ἄρτι
403 3348 566 3418 γεννᾷ
591 3365 695 3412 σοι,
723 3352 817 3404 καὶ
850 3351 994 3422 ἔχεις
1027 3356 1224 3426 μικρὸν
1257 3358 1503 3428 Συμεών.
1552 3358 1698 3425 Ἕως
1750 3358 1844 3418 οὖν

256 3434 490 3504 ἔφθασεν
520 3441 553 3507 ή
601 3442 787 3514 ἡμέρα
815 3445 1006 3516 αὐτῆς,
1058 3448 1276 3517 ἔμεινεν
1308 3454 1336 3503 ὀ
1367 3451 1540 3513 ἀϐϐἄς
1590 3452 1841 3522 Συμεὼν,

258 3529 538 3584 κουδαλὼν
563 3535 701 3605 αὑτῇ
727 3537 986 3605 σιλὶγνια,
1019 3543 1113 3597 καὶ
1137 3543 1349 3609 κρέατα
1381 3546 1475 3597 καὶ
1498 3544 1725 3614 ὀψάρια,
1748 3548 1844 3602 καὶ

257 3621 409 3688 ἔλεγε
437 3640 447 3650 ·
472 3627 638 3691 Φάγε,
667 3631 804 3699 γυνή
833 3648 957 3699 μου.
989 3631 1118 3684 Ὀτε
1140 3634 1198 3685 δὲ
1222 3635 1461 3703 ἔφθασεν
1486 3639 1515 3689 ὁ
1538 3638 1729 3708 καιρὸς
1750 3641 1845 3693 καὶ

259 3715 291 3781 ἡ
326 3712 444 3782 ὥρα
469 3717 563 3768 τοῦ
594 3720 854 3790 γεννῆσαι
885 3721 1077 3793 αὐτὴν,
1111 3724 1530 3797 ἐκυλιοπόνησεν
1566 3728 1665 3791 τὰς
1697 3734 1845 3799 τρεῖς

260 3808 472 3877 ἡμέρας
496 3808 602 3873 ἓως
639 3810 893 3867 θανάτου.
927 3815 1090 3881 Λέγει
1112 3811 1206 3869 οὖν
1241 3816 1274 3887 ἡ
1313 3816 1480 3886 κυρία
1506 3819 1678 3888 αὐτῆς
1710 3822 1845 3890 πρὸς

256 3901 349 3950 τὸν
395 3900 592 3955 Σαλάν·
644 3903 834 3970 Εὗξαι,
870 3905 1019 3960 ἀεῖὁᾶ
1044 3907 1290 3977 Συμεὼν,
1323 3908 1405 3962 ὃτι
1437 3911 1469 3980 ή
1496 3912 1633 3982 γυνή
1657 3928 1750 3965 σου
1783 3913 1845 3965 οὐ

257 3988 482 4046 δύναται
511 3996 794 4064 ⁴[εννῆσοιι.
849 3996 907 4049 Ὀ
937 3997 994 4050 δὲ
1023 3994 1178 4051 εἶπεν
1225 3999 1372 4070 αὐτῇ.
1399 3999 1665 4069 βαλλιζων
1693 4017 1706 4030 '
1753 4002 1845 4055 Μὰ

258 4081 348 4134 τὸν
371 4081 599 4154 Ἰησοῦν,
640 4087 715 4157 μὰ
742 4088 832 4140 τὸν
857 4087 1086 4159 Ἰησοῦν,
1123 4093 1379 4162 ταπεινὴ,
1409 4094 1509 4145 οὐκ
1540 4093 1845 4164 ἀπέρχεται

258 4174 318 4226 τὸ
358 4176 571 4232 πα;δίον
597 4179 809 4233 ἐκεῖθεν
842 4180 949 4246 ἕως
995 4179 1056 4237 οὒ
1087 4182 1221 4256 εἴπῃ
1279 4186 1363 4246 τις
1404 4186 1551 4237 ἐστιν
1599 4188 1627 4239 ὁ
1662 4184 1845 4257 πατὴρ

258 4267 443 4323 αὑτοῦ.
493 4270 576 4333 Ὠς
604 4267 697 4324 οὖν
725 4273 958 4342 ἢκουσεν
988 4274 1149 4328 τοῦτο
1179 4279 1209 4347 ἡ
1232 4278 1639 4341 κινδυνεύουσα,
1667 4274 1839 4340 εἶπεν,

258 4360 341 4412 ὅτι
381 4362 706 4427 Κατέπλεξι
754 4365 946 4429 αὐτοῦ,
978 4367 1093 4420 ἀλλ’
1119 4370 1183 4421 ἐκ
1212 4367 1306 4421 τοῦ
1336 4369 1509 4433 δεῖνος
1551 4369 1646 4423 τοῦ
1671 4370 1844 4441 δημό-

257 4468 352 4504 του
383 4454 553 4507 ἐστίν.
596 4456 730 4509 Τότε
754 4452 847 4511 οὖν
878 4459 1083 4522 εὐθέως
1111 4461 1421 4531 ἐγέννησεν.
1465 4464 1574 4518 Καὶ
1623 4464 1842 4535 θαυμα-

1947 3269 2030 3316 ret
2049 3261 2168 3317 dies
2201 3263 2342 3332 eius,
2389 3265 2591 3319 mansit
2622 3265 2792 3320 abbas
2846 3266 3106 3337 Symeon,
3134 3267 3383 3322 aﬂ'erens
3415 3267 3530 3338 (ΑΒ)

1947 3353 2050 3423 ipsi
2074 3354 2352 3424 siligineos
2395 3355 2507 3427 (47)
2545 3373 2741 3427 panes,
2773 3367 2830 3413 et
2852 3374 3048 3414 carnes
3081 3370 3136 3415 et
3181 3361 3433 3426 obsonia,
3477 3369 3535 3416 et

1945 3447 2121 3502 dixit:
2166 3446 2427 3510 Comede,
2448 3465 2568 3504 mea
2626 3466 2784 3507 uxor.
2829 3451 3065 3520 Quando
3110 3462 3297 3509 autem
3344 3453 3536 3509 aderat

1947 3547 2165 3608 tempus
2198 3549 2255 3594 et
2307 3541 2443 3596 hora
2482 3542 2623 3611 ejus,
2668 3552 2731 3598 ut
2768 3552 3008 3613 pareret,
3060 3544 3181 3598 dies
3231 3554 3343 3599 tres
3394 3545 3532 3599 uteri

1946 3630 2193 3683 cruciatu
2223 3629 2335 3700 (48)
2367 3631 2434 3685 ad
2475 3639 2709 3686 mortem
2733 3647 2907 3700 usque
2940 3632 3227 3686 laboravit.
3260 3630 3399 3686 Dicit
3429 3633 3534 3686 ita-

1946 3737 2053 3790 que
2073 3721 2291 3775 domina
2313 3723 2431 3788 eius
2461 3723 2528 3776 ad
2551 3721 2737 3776 Salum
2767 3740 2781 3774 :
2805 3723 2936 3788 Ora,
2961 3724 3100 3778 abba
3127 3723 3383 3794 Symeon,
3406 3725 3533 3795 quia

1951 3818 2040 3865 tua
2073 3826 2212 3865 uxor
2256 3827 2366 3865 non
2393 3820 2573 3881 potest
2613 3828 2825 3883 parere.
2877 3814 3179 3884 Respondit
3220 3816 3312 3871 ille
3357 3817 3532 3887 tripu-

1947 3902 2104 3958 dians
2136 3922 2150 3958 :
2182 3903 2282 3958 Per
2314 3904 2524 3970 Jesmn,
2544 3921 2642 3976 per
2667 3905 2888 3962 Jesuml
2913 3924 2947 3963 ο
2976 3908 3207 3963 miserat
3237 3924 3348 3963 non
3376 3925 3536 3980 egred

1947 3995 2128 4050 dictur
2153 3995 2279 4051 inde
2310 3996 2510 4063 infans,
2556 3998 2731 4054 donec
2763 3999 2913 4069 prius
2958 3999 3073 4070 ipsa
3120 4001 3267 4056 dicat
3301 4002 3425 4071 quis
3464 4003 3535 4056 sit

1948 4094 2103 4154 pater
2148 4086 2288 4155 ejus.
2346 4086 2462 4143 lloc
2504 4088 2713 4157 audito,
2773 4090 2862 4146 illa
2924 4107 3047 4161 quae
3092 4093 3544 4162 periclitabatur,.

1946 4176 2082 4231 dixit
2114 4193 2126 4229 :
2159 4175 2273 4231 Hoc
2308 4194 2407 4249 ego
2450 4180 2660 4236 crimen
2708 4181 2756 4234 ei
2801 4181 3006 4248 aliinxi,
3045 4183 3177 4255 [non
3210 4184 3379 4249 illius,
3412 4185 3551 4257 sed].

1946 4270 2177 4339 alicujus
2206 4286 2236 4325 e
2264 4272 2419 4340 plebe
2452 4273 2632 4342 proles
2666 4284 2767 4328 est.
2802 4273 2957 4329 Tunc
2982 4293 3113 4347 ergo
3144 4278 3325 4332 statim
3368 4258 3541 4350 pepe?

1948 4364 2052 4428 rit;
2109 4373 2163 4418 ct
2209 4363 2536 4419 mirantibus
2594 4366 2890 4432 omnibus,
2953 4367 3383 4424 domesticorum
3443 4371 3536 4427 alii

1945 4455 2293 4512 aestimabant
2348 4456 2527 4525 ipsum
2579 4468 2851 4524 sanctum,
2890 4460 2979 4514 alii
3020 4469 3203 4515 autem
3235 4462 3529 4517 dicebant:

262 4545 472 4596 σάντων
498 4546 735 4611 πάντων,
767 4545 913 4619 εἶχον
940 4533 1123 4617 αὑτὸν,
1154 4554 1203 4605 οξ
1231 4553 1328 4620 μὲν
1356 4551 1453 4606 τοῦ
1479 4556 1630 4608 οἴκου
1660 4556 1838 4625 ἅγιον,

1951 4549 2065 4616 Upe
2114 4549 2331 4603 Satanae
2372 4548 2606 4614 divinat,
2645 4550 2905 4619 quoniam
2943 4567 3171 4622 prorsus
3210 4561 3296 4607 est
3339 4560 3534 4609 emotae

258 4636 307 4686 οἱ
329 4635 385 4688 δὲ
422 4637 584 4691 πάλιν
610 4638 793 4707 ἔλεγον
813 4681 828 4706 ,
860 4643 943 4694 ὅτι
990 4643 1084 4694 Ἐκ
1115 4642 1210 4695 τοῦ
1242 4644 1460 4697 Σατανᾶ
1492 4647 1839 4715 μαντεύεται,

260 4730 381 4783 ἐπεὶ
410 4729 602 4801 ἐξηχος
628 4735 867 4801 καθαρός
895 4737 1063 4791 ἐστιν.

334 4828 406 4892 μ’.
460 4825 565 4876 Δύο
594 4824 651 4876 δέ
707 4843 868 4879 τινων
911 4829 1173 4900 Πατέρων
1225 4830 1348 4884 τότε
1399 4832 1458 4884 ἐν
1495 4833 1847 4904 μοναστηρίῳ

258 4916 365 4967 τινὶ
397 4915 621 4986 πλησίον
649 4917 886 4988 Ἐμέσης
923 4922 1001 4983 εἰς
1046 4924 1276 4987 ἑαυτοὺς
1314 4923 1542 4995 ζήτησιν
1577 4926 1840 4995 ποιουμέ-

259 5024 388 5069 νων,
416 5010 510 5060 καὶ
539 5008 967 5081 ἐξερευνώντων,
996 5015 1057 5067 τὸ
1080 5016 1166 5068 διὰ
1189 5015 1241 5068 τί
1264 5015 1371 5086 ἄρα
1390 5016 1674 5090 Ὠριγένης
1703 5019 1731 5070 ὁ
1756 5018 1843 5070 αἱ-

261 5103 474 5169 ρετικὸς
502 5102 721 5169 ἔπεσεν,
743 5092 968 5176 τοιαύτῃ
994 5107 1190 5180 γνώμῃ
1220 5110 1312 5160 καὶ
1334 5109 1496 5180 σοφίᾳ.
1537 5110 1686 5180 παρά
1705 5109 1840 5163 Θεοῦ

1944 4640 2165 4695 mentis.

2014 4819 2104 4873 40.
2129 4817 2268 4873 Dum
2301 4820 2411 4875 duo
2460 4820 2680 4890 quidam
2724 4829 2928 4891 patres,
2970 4826 3063 4892 qui
3113 4831 3244 4877 tunc
3280 4820 3440 4876 erant
3478 4822 3534 4875 in

1950 4915 2135 4984 aliquo
2163 4915 2497 4969 monasterio
2523 4930 2695 4985 prope
2724 4914 2999 4983 Emesam,
3033 4925 3345 4987 quaererent
3395 4914 3536 4970 inter

1950 5021 2031 5071 se,
2068 5015 2125 5060 et
2154 5005 2498 5076 indagarent,
2530 5005 2660 5075 quid
2699 5022 2880 5063 causae
2907 5008 3122 5070 fuisset,
3156 5007 3304 5077 quod
3344 5004 3537 5077 Orige-

1950 5117 2052 5157 nes
2078 5102 2132 5156 in
2178 5102 2433 5157 haeresim
2469 5102 2581 5172 (i9)
2617 5101 2890 5167 inciderit,
2945 5102 3038 5173 qui
3083 5102 3171 5156 tali
3220 5101 3438 5172 ingenio
3484 5112 3538 5158 ct

1839 5242 2075 5300 NOTAE.

336 5348 447 5424 {13)
483 5349 585 5403 Pro
606 5351 842 5424 στυλίζω
872 5354 1239 5409 communiter
1264 5354 1477 5410 dicetur
1511 5355 1836 5424 στηλιτεὺω,

260 5420 484 5492 infamia
520 5431 662 5484 noto,
686 5422 910 5492 publica,
948 5427 1186 5477 oratione
1224 5426 1475 5480 invectiva
1521 5420 1658 5479 utor.
1703 5420 1841 5479 llinc

261 5490 536 5565 orationes
558 5490 732 5547 sancti
750 5494 1006 5565 Gregorii
1032 5494 1356 5565 Nazianzeni
1385 5496 1650 5550 adversus
1670 5496 1842 5550 Julia-

261 5575 392 5638 nuru
429 5562 688 5638 dicuntur
747 5562 897 5638 λᾷγοῐ
948 5564 1347 5635 στηλιτευτικοὶ
1402 5582 1500 5638 pro
1527 5582 1635 5636 quo
1674 5568 1840 5621 etiam

261 5629 462 5703 dicitur
493 5634 848 5703 στυλομαχέα.

336 5700 447 5778 (46)
476 5700 794 5778 ’Κουὸαλεῗν
840 5713 939 5766 est,
996 5707 1205 5778 afferre:
1250 5707 1511 5769 adducere
1549 5708 1843 5778 ctc..quod

263 5773 427 5847 vulgo
458 5774 658 5847 dicitur
683 5778 921 5846 ὲποχεῖν,
954 5773 1318 5847 διακομίζειν,
1345 5780 1588 5844 ἀχά-[ειν.

341 5844 452 5913 (47)
489 5844 759 5915 Σιλίγνιον
789 5844 845 5904 et
879 5844 1130 5917 σιλίγνις,
1154 5849 1327 5917 siliqo,
1372 5850 1584 5905 videtur
1630 5849 1719 5905 hic
1755 5849 1845 5904 dc-

1948 5354 2077 5407 berc
2123 5353 2294 5423 accipi
2325 5368 2422 5421 pro
2455 5352 2692 5418 siligineo
2742 5365 2899 5419 pane,
2946 5350 3039 5420 qui
3090 5350 3235 5421 apud
3270 5349 3535 5423 Galerium

1950 5424 2045 5479 lib.
2102 5440 2140 5478 ι.
2198 5420 2282 5494 με
2318 5420 2507 5494 facit“.
2541 5423 2879 5494 ralimenjtor.
2938 5430 3162 5494 vocatur
3208 5420 3538 5494 ethyvim;

1951 5495 2136 5563 ἄρτος.
2165 5493 2277 5549 Nisi
2309 5492 2463 5548 malis
2496 5493 2584 5547 hic
2638 5492 2781 5546 sumi
2834 5507 3033 5562 panem
3082 5492 3388 5563 siligineum
3437 5508 3538 5561 pro

1952 5562 2131 5636 quovis
2174 5581 2311 5633 pane
2361 5565 2805 5636 indeterminato,
2851 5572 3109 5633 tanquam
3151 5562 3390 5633 speciem
3441 5579 3540 5632 pro

1954 5633 2155 5707 genere
2182 5653 2279 5706 per
2304 5633 2707 5707 synecdochen.

2028 5708 2140 5777 (48)
2175 5703 2343 5760 ᾆιυλίω
2377 5705 2540 5763 volvo.
2574 5715 2629 5758 et
2666 5705 2864 5768 πονέω,
2912 5703 3129 5777 laboro;
3159 5703 3312 5777 quasi
3346 5703 3493 5757 dicas
3521 5719 3532 5755 :

1957 5775 2215 5846 Torqu'ere
2244 5794 2296 5830 se
2325 5778 2377 5829 in
2405 5792 2610 5829 onnwm
2637 5786 2843 5842 partem
2874 5786 2982 5843 prie
3011 5775 3273 5846 molestia.

2027 5845 2136 5920 (49)
2170 5847 2411 5903 Platonis
2449 5846 2790 5918 philosophia
2821 5846 2875 5902 in
2908 5845 3086 5903 varios
3128 5846 3279 5901 illum
3322 5856 3549 5899 errores
