4024 6232
377 366 518 431 17⁵23

375 438 687 533 sustulisset
736 470 1038 540 pulverem,
1080 462 1325 536 projecit,
1374 470 1428 517 et
1471 460 1657 515 oculos
1703 456 1822 526 ejus
1853 453 1951 507 ob-
1978 446 2031 506 A

376 566 619 622 scuravit
650 564 906 625 Sanctus,
953 559 1193 627 dixitque
1226 575 1238 610 :
1276 556 1436 611 Certe
1479 568 1588 606 non
1634 567 1721 604 me
1750 557 1957 619 .capta—

377 659 496 726 bis;
530 644 734 712 sedvel
766 654 820 709 in
866 651 1097 707 ecclesia
1145 665 1358 704 mecum
1396 645 1819 703 communit-ate,
1863 649 1958 694 aut

379 751 600 804 Maurus
647 749 898 801 universa
928 743 1237 812 confringet
1292 740 1346 794 in
1392 740 1508 794 dies
1546 737 1725 806 (erant
1774 743 1957 786 autem

381 840 576 895 haaresi
598 836 999 907 Acephalorum
1026 830 1259 899 infecti).
1299 830 1590 897 Postquam
1615 841 1745 894 ergo
1775 826 1842 877 ab
1867 823 1957 876 illa

380 929 628 993 recessit,
650 943 778 982 ecce
797 936 1012 995 postera
1045 923 1134 978 die
1151 924 1343 976 eadem
1365 921 1498 974 hora
1545 918 1745 972 iterum
1774 916 1957 980 venit,

381 1030 437 1075 et
465 1021 519 1073 in
546 1028 843 1088 conspectu
867 1031 1056 1071 eorum
1083 1014 1280 1067 iterum
1304 1012 1555 1066 universa
1579 1008 1833 1076 IElhi0ps
1865 1007 1963 1061 dif-

384 1113 567 1182 fregit.
618 1111 679 1164 In
708 1108 987 1179 angustias
1036 1107 1148 1177 (6‘2)
1205 1103 1387 1172 itaque
1427 1102 1653 1165 redacti,
1713 1099 1961 1170 religioni

382 1201 705 1256 Christianae
735 1214 934 1252 nomen
969 1198 1256 1260 dederunt,
1293 1203 1347 1247 et
1378 1193 1689 1247 habuerunt
1735 1189 1961 1261 Symeo-

383 1309 509 1347 ncm
542 1308 638 1362 pro
665 1306 823 1345 servo
857 1289 971 1355 Dei,
1018 1288 1236 1340 nemine
1294 1285 1396 1354 ipsi
1435 1283 1672 1337 audente
1715 1281 1959 1351 obloqui,

383 1384 636 1456 quamvis
708 1383 952 1454 quotidie
1022 1380 1275 1434 transiret
1341 1376 1500 1431 Salus
1559 1384 1615 1429 et
1672 1390 1767 1430 eos
1836 1373 1961 1428 irri-

406 1481 566 1533 leret.

457 1655 546 1708 45.
587 1651 815 1718 Quidam
845 1649 1082 1705 civitatis
1107 1649 1412 1719 operarius,
1445 1648 1658 1720 cognita
1691 1648 1813 1718 ejus
1850 1647 1964 1701 vir-

387 1754 522 1811 tute,
554 1744 725 1799 voluit
755 1759 880 1805 eum
907 1744 1143 1814 vulgare.
1182 1743 1362 1796 Semel
1397 1743 1541 1796 enim
1570 1743 1722 1805 vidit,
1753 1743 1881 1795 dum
1907 1757 1966 1796 se

384 1838 613 1902 lavaret,
645 1837 782 1891 duos
814 1851 936 1889 cum
972 1850 1038 1889 eo
1067 1835 1289 1905 angelos
1318 1845 1621 1888 versantes.
1669 1818 1963 1904 Operarius

384 1938 565 1984 autem
598 1937 714 1982 erat
749 1927 1031 1992 Hebraeus,
1085 1936 1141 1981 et
1179 1928 1348 1980 multa
1390 1926 1444 1980 in
1509 1926 1787 1981 Christum
1843 1926 1964 1980 bla-

386 2022 732 2092 sphemabat.
759 2022 993 2074 Sanctus
1015 2020 1268 2089 apparuit
1296 2020 1395 2089 ipsi
1420 2020 1474 2073 in
1496 2019 1724 2084 somnis,
1757 2019 1962 2084 dicens,

388 2123 449 2168 ut
478 2113 685 2167 nemini
722 2111 981 2182 proderet
1026 2111 1080 2165 id
1110 2111 1252 2180 quod
1289 2110 1519 2165 viderat.
1563 2110 1718 2164 Mane
1750 2110 1969 2166 volebat

386 2207 528 2259 alter
558 2206 625 2259 de
653 2206 774 2274 ipso
806 2203 1142 2274 triumphum
1192 2219 1373 2275 agere,
1405 2210 1462 2258 et
1505 2219 1630 2257 mox
1667 2213 1855 2258 astans
1917 2203 1966 2257 ei

391 2297 576 2363 Salus,
616 2296 791 2367 tetigit
814 2296 955 2351 labia
988 2297 1128 2365 ejus,
1161 2311 1226 2349 ac
1260 2295 1609 2363 compressit,
1647 2304 1703 2349 et
1728 2310 1837 2349 non
1868 2310 1963 2350 va-

385 2386 533 2441 lebat
563 2386 655 2440 utli
704 2375 874 2456 loqui.
919 2386 1167 2442 Accessit
1212 2385 1373 2456 igitur
1403 2386 1609 2452 Salum,
1650 2395 1705 2441 et
1752 2387 1965 2457 signum

383 2480 549 2535 dabat
588 2494 752 2534 manu
785 2495 903 2545 sua,
945 2489 1002 2534 ut
1036 2479 1304 2549 loquelam
1334 2480 1606 2534 redderet.
1634 2478 1742 2535 Sed
1802 2481 1970 2536 abbas

384 2571 619 2642 Symeon
658 2587 770 2642 prae
828 2588 887 2626 se
924 2571 1135 2627 ferebat
1196 2572 1448 2637 stultum,
1492 2580 1547 2627 et
1582 2572 1826 2628 .vicissim
1867 2575 1967 2643 ipsi

353 2664 662 2718 annuebat
684 2664 919 2718 amentis
961 2663 1013 2716 in
1055 2678 1284 2717 morem.
1320 2662 1585 2717 lnnuebat
1613 2673 1794 2718 autem
1829 2665 1879 2718 ci
1914 2675 1970 2719 ut

386 2769 450 2810 se
478 2755 736 2825 signaret.
769 2755 837 2810 Et
867 2755 1037 2809 videri
1061 2765 1181 2810 erat
1209 2764 1499 2825 utrumque
1528 2755 1683 2811 alteri
1719 2773 1961 2811 annuen-

388 2854 507 2909 ωε,
571 2845 904 2900 horrendum
969 2846 1263 2916 praebentis
1322 2847 1710 2915 spectaculum.
1770 2848 1970 2923 lterum

388 2936 572 3007 itaque
599 2940 853 3008 apparuit
884 2938 935 2993 ei
967 2937 1200 3009 Symeon
1234 2939 1289 2992 in
1335 2939 1566 3003 somnis,
1598 2938 1788 2993 dicens
1820 2957 1832 2991 :
1864 2941 1972 2994 Aut

387 3030 688 3100 baptizare,
724 3039 818 3085 aut
872 3041 1057 3086 mutus
1093 3031 1201 3086 eris
1236 3046 1406 3100 usque
1453 3033 1522 3087 ad
1573 3042 1801 3087 mortem
1833 3032 1967 3102 (65).

386 3119 460 3175 Et
499 3129 629 3174 tunc
657 3120 873 3190 quidem
915 3138 1024 3176 non
1078 3128 1288 3191 poterat
1342 3120 1558 3185 adduci,
1610 3130 1670 3174 ut
1707 3121 1756 3174 ei
1806 3120 1967 3174 ﬁdem

393 3210 639 3265 haberet.
668 3210 948 3265 Postremo
976 3220 1182 3275 autem,
1222 3213 1311 3267 ubi
1354 3222 1585 3268 mortem
1627 3212 1763 3266 obiit
1801 3212 1972 3267 abbas

394 3297 654 3367 Symcon,
703 3309 758 3354 et
805 3300 1023 3354 videbat
1079 3302 1300 3356 Judaeus
1350 3318 1408 3355 se
1452 3303 1719 3373 anguStiis
1773 3302 1970 3371 premi,

392 3391 630 3445 maxime
671 3392 892 3460 quando
945 3407 1145 3461 corpus
1188 3393 1307 3461 ejus
1354 3392 1810 3458 transferebatur,
1844 3401 1975 3448 tunc

392 3499 510 3556 Ipse
543 3492 599 3538 ct
633 3492 743 3538 tota
777 3485 972 3539 domus
1002 3484 1119 3553 ejus
1151 3484 1411 3553 haptizati
1451 3491 1598 3538 sunt.
1628 3482 1690 3537 Et
1721 3500 1975 3555 egressus

390 3594 426 3633 e
460 3586 649 3633 sancto
696 3577 935 3644 lavacro,
985 3578 1168 3632 statim
1214 3578 1429 3631 locutus
1479 3586 1583 3632 est.
1637 3576 1746 3631 Sali
1789 3588 1973 3633 autem

391 3667 688 3738 quotannis
720 3668 1042 3723 memoriam
1086 3668 1419 3733 celebrabat,
1445 3678 1502 3723 et
1526 3684 1799 3740 pauperes
1833 3670 1974 3726 invi-

394 3766 562 3821 tabat.
588 3764 670 3820 Eo
714 3774 896 3820 autem
926 3766 1180 3837 puritatis
1229 3775 1283 3821 et
1317 3766 1738 3837 impatibilitatis
1775 3784 1973 3839 perve-

393 3869 552 3911 nerat
576 3857 829 3924 Sanctus,
869 3868 927 3913 ut
947 3874 1325 3928 saepenumero
1354 3860 1579 3914 saltaret
1608 3860 1719 3931 (64)
1750 3875 1813 3915 ac
1844 3861 1976 3916 cho-

394 3965 518 4005 reas
569 3952 815 4016 duceret,
872 3962 1065 4007 tenens
1118 3953 1280 4007 aliam
1351 3954 1638 4008 mulierem
1699 3955 1975 4009 scenicam

401 4041 551 4108 hinc,
583 4043 740 4098 aliam
768 4045 917 4108 inde,
945 4045 1080 4100 etin
1108 4046 1289 4101 medio
1331 4047 1512 4117 populi
1548 4056 1881 4111 versaretur,
1913 4063 1977 4103 ac

395 4132 629 4203 luderet,
661 4148 718 4193 et
738 4153 1133 4208 nonnunquam
1158 4140 1448 4210 impudicae
1479 4140 1737 4196 mulieres
1771 4142 1976 4197 immit-

397 4238 578 4284 terent
605 4245 800 4286 manus
832 4246 961 4287 suas
989 4232 1044 4285 in
1077 4234 1260 4287 sinum
1295 4235 1433 4302 ejus,
1466 4233 1764 4299 irritarent,
1792 4235 1976 4305 alapas

396 4317 783 4394 impingerent,
818 4339 882 4380 ac
913 4323 1214 4399 titillarent.
1253 4326 1433 4379 Senex
1464 4336 1647 4379 autem
1679 4341 1789 4379 non
1816 4341 1978 4381 secus

393 4429 462 4470 ac
494 4430 688 4484 purum
712 4433 928 4483 aurum,
961 4432 1303 4486 nequaquam
1334 4417 1401 4472 ab
1443 4417 1595 4471 hisce
1632 4418 1797 4472 rebus
1837 4435 1977 4474 con-

394 4505 777 4561 tamiuabatur.

466 4596 552 4651 44.
598 4595 740 4659 Fuit,
774 4600 853 4654 uti
880 4601 1086 4665 retulit,
1117 4603 1336 4672 quando
1367 4601 1420 4655 in
1449 4602 1744 4657 solitudine
1775 4603 1973 4658 bellum

398 4687 588 4743 habuit
639 4706 764 4745 cum
804 4693 1047 4759 libidine,
1090 4704 1346 4763 precatus
1391 4695 1584 4758 Deum,
1632 4703 1688 4749 et
1717 4711 1973 4765 magnum

396 4776 680 4842 Niconem,
719 4790 778 4835 ut
802 4783 973 4836 arduo
1011 4784 1089 4838 rei
1115 4785 1431 4855 voluptariae
1454 4785 1709 4842 conﬂictu
1742 4804 1801 4842 se
1831 4789 1977 4844 leva-

396 4880 540 4927 rent.
605 4872 1019 4945 Contemplatus
1087 4877 1189 4932 fuit
1250 4879 1418 4934 semel
1476 4881 1783 4936 venientem
1833 4883 1978 4938 hunc

396 4965 574 5020 virum
612 4966 1127 5035 celebratissimum,
1166 4979 1221 5025 ct
1249 4971 1519 5028 dicentem
1563 4976 1668 5030 sibi
1705 4993 1716 5028 :
1747 4976 1852 5043 Qui
1886 4994 1979 5031 va-

396 5057 497 5124 les,
530 5059 736 5114 frater?
764 5060 861 5116 Cui
896 5061 984 5116 ille
1010 5066 1371 5134 respondens,
1394 5068 1528 5122 dixit
1557 5085 1568 5120 :
1600 5068 1753 5135 Male,
1790 5072 1832 5123 si
1868 5088 1974 5125 non

394 5166 739 5207 succurras:
786 5171 913 5209 nam
972 5156 1099 5211 Earo
1155 5158 1286 5211 mihi
1342 5160 1567 5214 molesta
1621 5172 1722 5226 est,
1791 5164 1977 5218 nescio

1387 344 1696 410 LEONTII
1736 331 2253 401 NEAPOLITANI
2298 326 2635 388 EPISCOPI

2053 443 2148 496 καὶ
2170 441 2380 511 ἐπάρας
2400 438 2655 509 χώματα,
2912 431 3005 482 καὶ
3028 423 3421 511 ἒσκότισεΙτοῦς
3446 419 3644 489 6398051.-
3710 426 3721 431 ’

3508 312 3640 375 liii

2066 536 2200 606 μους
2269 532 2439 600 αὐτῆς
2471 532 2498 582 6
2528 530 2704 598 ἅγιος,
2740 526 2831 578 καὶ
2863 520 3046 576 εἶπεν·
3092 524 3300 581 Ὄντως
3342 517 3404 570 οὐ
3453 516 3642 586 γριπίιο

2063 629 2174 691 ζεις
2204 642 2292 695 με,
2318 623 2431 677 ἁλλ’
2461 622 2492 693 ἢ
2527 622 2607 683 εἰς
2642 619 2739 688 τὴν
2790 613 3120 686 Ἐκκλησίαν
3159 630 3257 678 μου
3315 610 3649 669 κοινωνεῖτε,

2063 718 2094 789 ἦ
2123 720 2149 771 6
2176 716 2403 787 Μαῦρος
2436 712 2742 785 ἡμερήσιον
2777 709 2966 763 κλάσει
3021 706 3137 759 ὅλα.
3168 700 3351 756 Ἶισαν
3391 700 3501 770 γὰρ
3535 699 3646 751 τῶν

2076 813 2392 880 ’Λκεφάλων
2430 808 2747 881 αἱρετικῶν.
2792 806 2881 867 Ὠς
2914 801 3007 856 οὖν
3057 801 3300 870 ἀπῆλθεν
3326 798 3420 851 ἀπ’
3454 798 3646 865 αὐτῆς,

2067 901 2176 954 ἰδοὺ
2196 904 2261 971 τῇ
2301 891 2570 970 ἐπαύριον
2597 898 2732 966 αὐτῇ
2759 897 2824 964 τῇ
2855 893 2974 964 ὥρα
2998 888 3181 963 ἦλθεν,
3211 889 3305 943 καὶ
3335 889 3494 941 πάλιν
3520 902 3665 938 συν-ν

2067 991 2283 1061 ἐτριψεν
2323 986 2757 1059 ὀφθαλμοερανῶς
2783 986 2882 1037 ὅλα
2931 987 2958 1037 6
2996 982 3241 1052 Μαῦρος,
3281 978 3650 1042 Στενωθέντες

2065 1077 2176 1146 οὖν,
2209 1081 2456 1149 ἐγένοντο
2487 1075 2780 1149 ὀρθὸδοξοι,
2819 1073 3038 1144 ἔχοντες
3084 1072 3173 1124 τὸν
3215 1067 3442 1140 Συμεὼν
3482 1067 3647 1136 θερά-

2067 1191 2237 1226 ποντα
2290 1172 2444 1233 Θεοῦ,
2491 1169 2680 1240 μηδενὶ
2707 1167 3017 1234 τολμῶντες
3071 1164 3251 1230 λέγειν
3291 1159 3418 1229 περὶ
3457 1158 3647 1223 αὐτοῦ,

2067 1261 2270 1331 καίπερ
2304 1259 2424 1313 καθ’
2452 1258 2664 1327 ἡμέραν
2709 1253 2803 1308 τοῦ
2837 1253 3006 1306 Σαλοῦ
3053 1251 3493 1322 παρερχομένου,
3553 1251 3651 1301 καὶ

2072 1353 2422 1423 μουκίςοντος
2448 1349 2610 1403 αὐτού
2620 1366 2664 1411 ς.

2143 1626 2253 1690 pq”.
2283 1618 2379 1681 Τὶς
2408 1616 2516 1670 τῶν
2547 1612 3002 1684 ὲργαστηριακῶν
3029 1613 3128 1676 τῆς
3178 1609 3381 1669 πόλεως
3416 1606 3649 1677 ἠθέλησε

2069 1708 2427 1781 δημοσιεῦσαι
2465 1705 2647 1768 αὐτὸν,
2697 1705 2860 1772 γνοὺς
2909 1704 3009 1774 τὴν
3045 1702 3246 1771 ἀρετὴν
3284 1700 3474 1752 αὑτοῦ.
3509 1697 3651 1751 Ἴδεν

1998 1801 2038 1854 Β
2067 1802 2177 1871 γὰρ
2204 1800 2365 1854 αὐτὸν
2398 1797 2545 1860 ἅπαξ
2574 1796 2887 1866 λουόμενον,
2936 1796 3029 1847 καὶ
3057 1794 3151 1846 δύο
3201 1792 3471 1859 ἀγγέλους
3525 1807 3650 1841 συν-

2064 1890 2389 1961 ομιλοῦντας
2423 1887 2592 1956 αὐτῷ.
2630 1883 2739 1940 Ἦν
2762 1886 2818 1938 δὲ
2848 1883 3335 1954 ὁέργαστηριακὺς
3379 1871 3652 1950 Ἰὖϐραῐο’ς,

2065 1982 2159 2035 καὶ
2181 1972 2424 2050 ἐϐλασφὴ
2436 1997 2524 2049 μει
2558 1981 2640 2042 εἰς
2662 1978 2754 2029 τον
2787 1977 3024 2047 Χριστὸν
3051 1972 3243 2027 πολλά.
3279 1972 3537 2025 Φαίνεται
3560 1968 3655 2024 οὖν

2065 2070 2214 2141 αὒτῷ
2281 2071 2424 2123 κατὰ
2470 2069 2597 2133 τοὺς
2658 2067 2861 2132 ὕπνους
2908 2069 2936 2120 ὁ
2980 2067 3148 2126 ὅσια,
3202 2065 3406 2132 λέγων,
3467 2062 3656 2132 μτδενὶ

2066 2166 2262 2227 εἰπεῖν,
2292 2162 2320 2215 6
2351 2162 2449 2215 ἴδε.
2503 2160 2582 2230 Τῇ
2618 2155 2710 2212 οὖν
2749 2157 2919 2211 ἕωθεν
2977 2155 3232 2208 ἐϐούλετο
3282 2152 3656 2223 Θριαμϐεῦσαι

2067 2254 2248 2316 αὑτὸν,
2285 2253 2381 2305 καὶ
2418 2250 2619 2312 εὐθέως
2647 2248 2932 2320 παραστὰς
2956 2246 3105 2317 αὖτῴ
3144 2248 3171 2298 6
3223 2246 3372 2325 ὅσιος
3406 2282 3419 2303 ,
3474 2243 3656 2311 ἥψατο

2066 2346 2173 2397 τῶν
2203 2343 2427 2413 χειλέων
2472 2341 2660 2405 αὐτοῦ,
2696 2341 2792 2393 καὶ
2840 2338 3095 2409 ἐφιμώθη
3127 2379 3141 2402 ,
3201 2339 3297 2391 καὶ
3332 2338 3431 2389 οὐκ
3469 2336 3660 2404 ἴσχυσε

2067 2435 2297 2504 λαλῆσαί
2320 2452 2449 2487 τινι.
2482 2434 2721 2505 Ἤρχετο
2745 2432 2803 2487 δὲ
2835 2433 2972 2500 πρὸς
3010 2431 3103 2484 τὸν
3149 2431 3341 2491 Σαλδν,
3381 2430 3476 2481 καὶ
3505 2429 3659 2481 ἔνευ-

2071 2543 2162 2580 σεν
2183 2526 2331 2596 αὐτῴ
2358 2529 2422 2595 τῇ
2450 2528 2594 2596 χειρὶ
2623 2522 2846 2587 ἑαυτοῦ,
2874 2523 2962 2576 ἵνα
2991 2524 3196 2596 ποιήσῃ
3220 2522 3381 2576 αὐτὸν
3402 2521 3658 2589 λαλῆσαι.

2070 2621 2456 2692 Προσεποιείτο
2513 2618 2570 2670 δὲ
2615 2618 2643 2669 6
2692 2617 2871 2680 ἀϐϐἇς
2913 2616 3143 2685 Συμεὼν
3183 2615 3272 2669 τὸν
3326 2616 3510 2679 σαλὸν,
3565 2614 3661 2667 καὶ

2069 2712 2392 2765 ἁντένευσεν
2422 2709 2573 2781 αὐτῷ
2609 2708 2682 2771 ὡς
2710 2709 2925 2779 ἔξηχος.
2965 2710 3229 2762 ’Ένευσεν
3260 2707 3316 2760 δὲ
3366 2706 3536 2775 αὐτῷ,
3573 2705 3661 2759 ἵνα

2071 2801 2609 2873 κατασφραγίσηται.
2662 2800 2771 2851 Καὶ
2824 2795 2892 2868 ἦν
2957 2800 3084 2852 ἰδεῖν
3133 2801 3260 2860 τοὺς
3316 2797 3664 2866 ἀμφοτέρους

2071 2893 2325 2956 νεύοντας
2372 2891 2509 2959 πρὸς
2560 2890 2846 2961 ἀλλήλους,
2881 2889 3111 2961 φοϐερὸν
3159 2889 3361 2958 θέαμα.
3403 2887 3664 2940 Φαίνεται

2071 2981 2165 3038 οὖν
2198 2982 2344 3053 αὐτῷ
2363 2982 2522 3036 πάλιν
2554 2984 2581 3034 6
2607 2983 2783 3051 γέρων
2813 2981 2934 3033 κατ’
2963 2979 3054 3032 ὖνα
3066 2997 3117 3049 ρ,
3160 2978 3356 3047 λέγων·
3379 2978 3449 3053 ’β
3473 2976 3667 3047 βαπτί-

2074 3074 2162 3145 ζῃ,
2195 3074 2228 3146 ἢ
2267 3048 2441 3144 αθτὴν
2471 3048 2780 3143 [τελευτὴν]
2815 3071 2982 3139 ἔχεις.
3016 3048 3151 3123 Τότε
3188 3071 3286 3139 μὲν
3316 3048 3419 3122 οὖν
3444 3068 3543 3122 οὐκ
3568 3071 3664 3138 ὴν-

2072 3170 2263 3238 ἐσχετο
2287 3165 2437 3232 αὐτῷ
2469 3164 2798 3235 προσϐῆναι.
2824 3164 2955 3216 Ὅτε
2977 3164 3032 3215 δὲ
3068 3162 3342 3216 ἀπέθανεν
3372 3162 3615 3230 ἐσχάτως
3637 3161 3666 3211 6

2073 3258 2248 3321 ἁὸὂᾶς
2272 3257 2520 3328 Συμεὼν,
2553 3258 2648 3311 καὶ
2682 3258 2792 3311 ἴδεν
2854 3255 3049 3308 ἑαυτὸν
3101 3253 3439 3306 στενωθέντα
3461 3255 3490 3305 6
3533 3254 3666 3304 Ἰου-

2072 3351 2239 3412 δαῖος,
2283 3350 2516 3420 μάλιστα
2562 3348 2659 3400 καὶ
2711 3349 2770 3400 ἐν
2804 3345 2882 3417 τῷ
2918 3345 3269 3416 μετατιθέναι
3317 3343 3377 3396 τὸ
3410 3343 3665 3413 λείψανον

2072 3438 2259 3505 αὑτοῦ,
2280 3438 2406 3491 τότε
2433 3436 2736 3505 ἐϐαπτίσθη
2766 3434 2928 3496 αὐτὸς
2961 3434 3052 3486 καὶ
3083 3433 3111 3484 6
3155 3427 3304 3493 οἶκος
3332 3429 3518 3484 αὐτοῦ.
3555 3430 3667 3482 Καὶ

2074 3530 2506 3601 ἡνίκα-ἀνῆλθεν
2560 3530 2624 3582 ἐκ
2649 3528 2750 3597 τῆς
2800 3527 2962 3595 ἁγίας
3016 3524 3432 3594 κολυμϐήθρας,
3460 3521 3666 3585 εὐθέως

2076 3623 2358 3693 ἐλάλησεν.
2410 3621 2617 3675 Ἐποίει
2636 3621 2694 3675 δὲ
2723 3621 2819 3673 καὶ
2842 3619 2939 3688 τὴν
2984 3616 3175 3687 μνείαν
3215 3616 3310 3670 τοῦ
3341 3614 3515 3668 Σαλοῦ
3543 3613 3665 3668 κατ’

2075 3714 2341 3777 ἐνιαυτὸν,
2368 3713 2463 3765 καὶ
2494 3711 2678 3765 ἐκάλει
2703 3709 2977 3780 πτωχούς.
3003 3710 3096 3771 Εἰς
3124 3707 3384 3761 τοσοῦτον
3406 3708 3461 3761 δὲ
3492 3707 3667 3761 καθα-ο

2079 3807 2300 3876 ρότητος
2324 3804 2420 3858 καὶ
2477 3803 2746 3867 ἀπαθείας
2798 3802 2999 3872 ῆλασεν
3050 3802 3078 3852 6
3126 3801 3413 3871 Μακάριος
3446 3800 3663 3870 μέτρον,

2075 3895 2216 3950 ὥστε
2242 3895 2502 3957 πολλάκις
2534 3895 2755 3948 σάσσειν
2791 3895 2954 3949 αὐτὸν
2985 3893 3077 3946 καὶ
3098 3892 3364 3963 χορεύειν,
3398 3891 3668 3963 κρατοῦν.

2074 4005 2145 4040 τα
2174 3988 2302 4057 μίαν
2338 3972 2638 4056 θυμελικὴν
2663 3983 2835 4049 ἔνθεν,
2862 3984 2955 4037 καὶ
2996 3983 3126 4053 μίαν
3166 3981 3339 4044 ἐνθεν,
3373 3983 3468 4035 καὶ
3502 3980 3669 4049 μέσον

2077 4074 2200 4128 ὅλου
2231 4073 2324 4126 τοῦ
2353 4072 2651 4143 δημοτικοῦ
2681 4075 2921 4125 συνεῖναι
2941 4071 3102 4125 αὐτὸν
3125 4072 3217 4124 καὶ
3244 4069 3480 4135 παίζειν.
3505 4071 3669 4123 Ὥστε

2077 4166 2226 4220 ἐστιν
2262 4167 2351 4219 ὅτε
2374 4160 2599 4218 ἔϐαλλον
2626 4166 2725 4228 τὰς
2751 4168 2942 4236 χεῖρας
2976 4163 3158 4218 αὐτῶν
3195 4163 3265 4218 τὰ
3311 4163 3524 4232 ἄσεμνα
3569 4162 3669 4231 γύ-

2079 4275 2204 4311 ναια
2235 4257 2315 4320 είς
2354 4256 2446 4310 τὸν
2476 4257 2677 4310 κόλπον
2700 4257 2889 4313 αὑτοῦ.
2918 4256 3016 4308 καὶ
3040 4256 3301 4316 ἐσίαινον,
3332 4256 3428 4307 καὶ
3452 4255 3671 4307 ἐκόσσι-

2080 4349 2195 4413 ζον,
2222 4350 2316 4402 καὶ
2341 4348 2709 4420 ὲγαργάλιζον
2734 4348 2920 4402 αὐτόν.
2965 4349 3024 4399 '0
3052 4347 3108 4399 δὲ
3138 4347 3318 4417 γέρων
3334 4345 3485 4399 ὥσπε
3495 4362 3526 4416 ρ
3546 4361 3675 4416 χρυ.

2080 4439 2174 4502 σὸς
2204 4437 2465 4509 καθαρὸς,
2499 4436 2754 4507 οὐδαμῶς
2784 4436 2886 4489 ὑπὸ
2908 4435 3116 4489 τούτων
3148 4433 3461 4505 ἐμολύνετο.

2157 4612 2263 4683 μδν.
2294 4606 2404 4664 *Ην
2428 4611 2559 4682 γὰρ,
2588 4611 2663 4675 ὡς
2695 4611 2904 4679 ἔλεγεν,
2934 4612 3022 4664 ὅτε
3052 4611 3151 4683 τὴν
3184 4610 3430 4683 πύρωσιν
3457 4613 3549 4665 καὶ
3579 4613 3671 4665 τὸν

2083 4704 2319 4775 πόλεμον
2348 4704 2504 4775 ἔσχεν
2531 4707 2607 4768 είς
2635 4705 2735 4775 τὴν
2763 4704 2866 4776 ἕρη
2879 4722 3000 4773 μον,
3027 4704 3239 4775 δεηθεὶς
3272 4705 3367 4757 τοῦ
3389 4704 3549 4769 Θεοῦ,
3574 4707 3669 4758 καὶ

2087 4797 2325 4868 μεγάλου
2355 4797 2622 4863 Νίκωνος,
2645 4798 2733 4849 ἵνα
2758 4797 2994 4868 κουφίσῃ
3028 4796 3190 4848 αὐτὸν
3222 4797 3287 4848 ἐκ
3306 4796 3399 4848 τοῦ
3430 4796 3667 4866 μεγάλου

2084 4881 2323 4962 πολέμου
2356 4893 2456 4960 τῆς
2486 4890 2770 4961 πορνείας,
2797 4888 2894 4942 καὶ
2928 4889 3126 4957 θεωρεῖ
3153 4887 3303 4951 ἅπαξ
3332 4887 3558 4940 ἐλθόντα
3577 4888 3672 4941 τὸν

2083 4984 2328 5053 ἀοίδιμον
2344 4983 2559 5048 τοῦτον,
2580 4983 2676 5035 καὶ
2702 4981 2929 5049 λέγοντα
2953 4979 3103 5050 αὐτῴ
3120 4996 3131 5011 ·
3164 4979 3286 5043 Πῶς
3313 4979 3478 5049 ἔχεις,
3512 4979 3668 5032 ἀδελ-

2085 5076 2182 5145 φέ;
2220 5077 2328 5130 Καὶ
2358 5071 2511 5128 εἷπον
2534 5072 2705 5143 αὐτῷ,
2762 5073 2946 5142 φησίν·
2984 5072 3044 5123 Εἰ
3081 5071 3154 5140 μὴ
3187 5069 3422 5141 φθάσῃς,
3458 5070 3664 5135 κακῶς,

2082 5168 2218 5221 διότι
2248 5168 2281 5237 ἡ
2313 5166 2449 5238 σὰρξ
2485 5166 2653 5220 σαίνει
2700 5181 2789 5233 με.
2833 5163 2934 5215 οὐκ
2990 5157 3108 5213 οἶδα
3137 5160 3226 5213 διὰ
3252 5160 3327 5214 τί.
3364 5159 3666 5219 Μειδιάσας

1920 5342 2149 5398 NOTAE.

470 5451 581 5517 (ϐοὶ)
614 5451 886 5521 Interpres
920 5455 1059 5522 apud
1108 5453 1325 5507 Surium
1365 5453 1529 5509 habet
1563 5473 1575 5507 :
1616 5475 1632 5505 ι
1672 5453 1975 5509 Confirma—

398 5523 609 5594 bantur_
659 5522 838 5594 itaque
894 5525 1231 5588 Christiani;
1276 5544 1292 5576 ι
1336 5526 1425 5594 qui
1482 5525 1701 5580 indubie
1762 5528 1812 5580 in
1874 5543 1974 5579 suo

397 5591 693 5666 exemplari
736 5591 863 5663 legit
917 5612 930 5649 :
978 5591 1370 5664 στερεωθέντεέ
1413 5596 1506 5649 οὖν
1541 5596 1789 5664 ἐγένοντο
1821 5597 1973 5666 ὀρθρε-

397 5661 561 5740 δοξοιε
600 5660 707 5729 Ego
732 5660 970 5740 nostram
1014 5660 1592 5740 lectionenrprgefero.
1638 5668 1702 5721 Et
1737 5668 1816 5740 sic
1857 5660 1972 5740 'pue

403 5734 561 5785 scarli
605 5740 659 5780 et
684 5734 867 5784 uxoris
914 5736 1031 5798 ejus
1084 5737 1389 5799 conversio,
1442 5738 1508 5789 ab
1562 5737 1791 5790 Leontio
1845 5738 1968 5789 alibi

404 5799 698 5871 promissa,
724 5800 809 5853 hic
836 5803 1012 5856 datur.
1045 5804 1260 5865 Recole,
1291 5819 1410 5871 qua:
1439 5807 1579 5861 dicta
1614 5818 1739 5860 sunt
1780 5808 1832 5859 in
1872 5824 1970 5859 an—

2079 5457 2280 5509 notatis
2313 5457 2377 5510 ad
2411 5466 2574 5524 caput
2607 5455 2661 5509 5.

2149 5528 2419 5598 (531196;
2476 5519 2666 5595 αὐτὴν,
2710 5525 3057 5594 snbintrlligo
3100 5522 3377 5589 τελευτήν.
3414 5540 3429 5571 ι
3475 5519 3661 5589 Usque

2076 5597 2140 5649 ad
2167 5597 2335 5661 ipsam
2371 5607 2623 5650 mortem.
2659 5615 2676 5645 ι

2148 5667 2255 5734 (iii)
2287 5667 2573 5735 l’erperam
2609 5670 2878 5735 interpres
2920 5681 3064 5732 smpe
3115 5665 3294 5718 dictus
3338 5663 3395 5715 1":
3438 5662 3661 5713 σάσσειν

2077 5738 2271 5800 reddit,
2307 5734 2523 5800 sedem,
2552 5739 2616 5792 de
2664 5753 2768 5805 quo
2801 5734 3059 5805 Cangius,
3106 5744 3160 5790 ct
3189 5744 3424 5805 patctex
3465 5747 3659 5788 seum.
