3956 6220
301 335 440 402 1725

1583 331 1759 392 ἮΤΑ
1790 329 1849 389 S.
1892 326 2290 386 SYMEONIS.

3438 322 3574 386 1Ἶὲίί

297 444 415 506 οὖν.
448 443 643 515 φησιν,
669 445 695 497 ὁ
719 442 1019 514 θαυμάσιος
1048 442 1256 507 Νίκων,
1283 441 1502 511 ’ἐπῆρεν
1537 439 1682 508 ὕδωρ
1708 439 1772 491 ὲκ
1794 433 1887 487 τοῦ

1995 448 2183 501 quare.
2216 432 2518 487 Subridens
2566 433 2747 502 itaque
2800 431 3066 487 mirabilis
3124 430 3321 496 Nicon,
3376 434 3450 487 uti
3483 449 3575 488 re-

301 537 465 605 ἁγίου
503 537 804 608 Ἰορδάνου.
833 538 927 589 καὶ
952 534 1145 588 ἔϐαλεν
1200 535 1461 587 ὑποκάτω
1498 531 1593 585 τοῦ
1637 527 1885 599 ὀμφαλοῦ

298 630 490 692 αὑτοῦ,
524 629 833 700 σφραγίσας
856 627 934 698 τῷ
961 627 1121 696 τύπῳ
1150 625 1245 680 τοῦ
1276 626 1460 696 τιμίου
1498 620 1759 693 σταυροῦ,
1791 620 1886 674 καὶ

301 718 457 775 εἶπεν
484 721 634 791 αὖτῴ
660 739 674 753 ·
733 722 863 775 Ἰδοὺ
889 721 1049 790 ὑγιὴς
1070 721 1320 789 γέγονας.
1368 718 1503 771 Ἀπὸ
1527 717 1643 771 τότε
1670 712 1783 778 οὖν,
1809 715 1888 777 ὠς

301 812 538 883 ὤμνυεν.
569 812 694 867 οὔτε
730 812 851 866 καθ’
884 811 1108 877 ὕπνους,
1160 810 1287 864 οὗτε
1328 809 1623 879 γρηγορῶν
1650 848 1663 866 .
1697 805 1886 876 πυρώ-

306 922 442 968 σεως
492 905 817 974 σωματικῆς
852 892 1068 976 ᾔσθετο.
1131 902 1221 955 Διὸ
1255 903 1489 972 μάλιστα
1537 900 1630 952 καὶ
1664 898 1885 969 θαρῤὦν

307 999 400 1050 ἐπὶ
422 996 512 1050 τὸν
536 997 740 1066 κόσμον
768 996 1110 1066 ὑπέστρεψεν
1132 995 1160 1046 ό
1190 995 1437 1062 γενναῖος
1458 1032 1472 1056 ,
1524 989 1884 1060 συμπαθήσαι

314 1090 400 1142 καὶ
425 1088 591 1142 σῶσαι
610 1091 735 1152 τοὺς
764 1086 1204 1159 πολεμουμένους
1228 1086 1569 1156 βουλόμενος.
1594 1085 1749 1136 Ἐστι
1775 1081 1884 1152 γὰρ

322 1184 398 1233 ὶτε
437 1182 527 1234 καὶ
558 1180 713 1235 τοῦτο
738 1181 889 1249 ἔλεγε
918 1180 1055 1249 πρὸς
1084 1178 1215 1249 μίαν
1237 1178 1343 1231 τῶν
1370 1176 1672 1246 ἑταιρίδων·
1700 1174 1901 1235 Θέλεις.

308 1273 418 1344 ἐχω
447 1291 505 1326 σε
540 1274 735 1346 φίληνς
771 1274 866 1327 καὶ
891 1273 1016 1326 δίδω
1049 1290 1131 1327 σοι
1161 1275 1358 1326 ἑκατὸν
1386 1271 1685 1325 ὁλοκοτίνα.
1727 1269 1887 1337 Ἐρε-

305 1363 589 1435 θιζόμεναι
618 1361 711 1420 οὖν
748 1365 939 1418 πολλαὶ
967 1364 1117 1433 αὐτῷ
1146 1363 1416 1416 ἐπίθοντο.
1475 1361 1745 1415 Ἐδείκνυε
1777 1360 1887 1428 γὶιρ

304 1457 497 1519 αὐταῖς
524 1457 617 1510 καὶ
651 1457 710 1510 τὸ
738 1456 985 1527 λογςίιριν⁹
1016 1450 1130 1525 εἶχε
1160 1456 1268 1524 γὰρ
1299 1456 1399 1507 ὅσα
1435 1454 1615 1523 ἦθελε,
1636 1452 1731 1505 τοῦ
1752 1452 1885 1505 Θεοῦ

304 1549 551 1618 ἀοράτως
582 1548 733 1619 αὖτῷ
770 1548 1008 1619 χορηγοῦ
1022 1565 1132 1609 no;
1154 1548 1240 1600 διὰ
1263 1546 1323 1600 τὸ
1349 1546 1529 1599 ἔνθεον
1559 1543 1727 1599 αὐτοῦ
1759 1561 1886 1597 σκο-

305 1641 426 1694 πόν,
470 1642 575 1693 Καὶ
597 1642 785 1694 λοιπὸν
817 1642 985 1709 ὅρκον
1013 1639 1212 1711 ἀπῄτει
1251 1639 1403 1709 παρὰ
1436 1639 1534 1707 τῆς
1578 1636 1885 1707 λαμϐανού-

307 1750 429 1802 σης,
464 1734 545 1786 ὅτι
574 1733 674 1786 οὐκ
711 1732 898 1786 ἀθετεῖ
929 1732 1111 1785 αὐτόν.
1148 1733 1331 1785 Πάντα
1360 1730 1416 1784 δὲ
1460 1730 1547 1784 διὰ
1592 1729 1888 1802 σχημάτων

307 1821 486 1875 σαὶῶν
516 1824 609 1877 καὶ
641 1824 909 1893 ἀσχήμων
945 1822 1138 1877 ἐποίει.

378 2092 479 2153 με’.
517 2083 655 2138 Ἀλλ’
676 2085 734 2137 οὗ
759 2084 984 2138 δύναται
1016 2087 1044 2138 ὁ
1066 2084 1222 2154 λόγος
1251 2084 1349 2155 τὴν
1388 2083 1496 2137 τῶν
1541 2084 1889 2155 πραγμάτων

302 2176 485 2228 εἰκόνα
541 2174 838 2239 ὑποδεῖξαι.
894 2170 1004 2228 Ἦν
1052 2176 1161 2244 γὰρ
1193 2173 1361 2228 ποιῶν
1405 2173 1620 2238 ἑαυτὸν,
1671 2173 1802 2225 ποτὲ
1832 2173 1888 2226 δὲ

304 2261 600 2332 συρόμενον
626 2264 706 2326 είς
731 2263 800 2317 τὰ
825 2263 1161 2333 καθίσματα,
1193 2263 1323 2316 ποτὲ
1352 2262 1408 2316 δὲ
1454 2263 1720 2332 βάλλοντα
1754 2261 1889 2315 πόδα

301 2354 406 2407 τινί
437 2355 703 2425 τρέχοντι,
738 2358 835 2410 καὶ
864 2358 1131 2429 ρίπτοντα
1164 2356 1351 2412 αὐτόν.
1408 2355 1575 2410 Πάλιν
1630 2356 1686 2409 δὲ
1746 2356 1888 2410 κατὰ

298 2446 400 2515 τὴν
443 2449 673 2518 σελήνης
701 2444 895 2517 γένναν
931 2450 1023 2501 ἐπὶ
1052 2449 1159 2518 γῆς
1191 2448 1515 2518 κυλιόμενον
1544 2447 1638 2501 καὶ
1666 2446 1766 2511 λὰξ
1789 2448 1888 2500 αὑ-

299 2540 401 2604 τὴν
437 2539 666 2593 παίοντα
703 2542 816 2602 τοῖς
846 2540 1026 2595 ποσίν.
1072 2541 1227 2592 Ἔστι
1256 2539 1313 2592 δὲ
1340 2539 1430 2592 ὅτε
1461 2540 1556 2593 καὶ
1584 2538 1676 2592 τὸν
1702 2538 1887 2592 διαλα-

301 2629 500 2684 λοῦντα
544 2634 946 2701 προσεποιεῖτο.
1016 2632 1212 2700 Ἔλεγε
1250 2631 1359 2702 γὰρ
1408 2632 1589 2685 πλεῖον
1614 2632 1751 2686 ὅλων
1777 2631 1888 2684 τῶν

304 2724 603 2794 σχημάτων
655 2724 921 2795 ἁρμόζειν
981 2724 1077 2777 καὶ
1113 2724 1524 2793 συμϐάλλεσθαι
1572 2724 1634 2777 τὸ
1681 2723 1889 2777 τοιοῦτο

305 2815 516 2886 σχῆμα,
569 2818 683 2879 τοῖς
720 2815 1210 2886 προσποιουμένοις
1249 2816 1463 2886 μωρίαν
1505 2815 1593 2868 διὰ
1627 2816 1884 2887 Χριστόν.

303 2908 401 2960 Δια
428 2906 616 2962 τούτου
639 2908 749 2980 γὰρ
770 2908 1034 2972 πολλάκις
1064 2908 1160 2962 καὶ
1188 2908 1437 2978 ἤλεγχεν,
1468 2910 1560 2962 καὶ
1589 2909 1887 2962 ἀνέκοπτεν

304 3001 599 3072 ἁμαρτίας,
655 3003 751 3055 καὶ
802 3001 975 3073 ὀργήν
1003 3016 1109 3053 τινι
1157 3000 1294 3070 πρὸς
1330 2998 1615 3071 διόρθωσιν
1643 3001 1885 3071 ἔπεμπε,

302 3095 397 3146 καὶ
433 3093 697 3163 προέλεγε
726 3110 875 3159 τινα,
907 3094 1002 3147 καὶ
1023 3096 1125 3147 ὅσα
1154 3088 1342 3162 ἤθελεν
1373 3093 1569 3158 ἐποίει,
1617 3093 1780 3163 μόνον
1824 3092 1881 3147 δὲ
1911 3124 1957 3183 c

299 3186 399 3254 τὴν
430 3185 622 3238 ἑαυτοῦ
651 3184 854 3256 φωνὴν,
885 3187 976 3239 καὶ
1005 3185 1075 3238 τὰ.
1115 3185 1250 3255 μέλη
1294 3183 1579 3253 ἐξήλασσε,
1630 3185 1723 3237 καὶ
1752 3186 1883 3238 ὅσα·

302 3289 409 3341 περ
448 3272 514 3328 ἂν
540 3274 736 3339 ἐποίει,
764 3271 911 3345 εἶχον
943 3275 1108 3329 αὑτὸν
1130 3274 1320 3346 ὥσπερ
1348 3276 1474 3338 τοὺς
1507 3273 1736 3339 πολλοὺς
1758 3276 1882 3340 τοὺς

300 3367 365 3419 ὲκ
385 3364 658 3436 δαιμόνων
686 3365 1074 3431 διαλαλοῦντας
1100 3367 1196 3420 καὶ
1224 3369 1692 3439 προςητευοντας.

1990 526 2110 580 tulit
2142 526 2400 596 Symeon.
2449 525 2670 579 sustulit
2712 541 2907 593 aquam
2941 539 2971 578 e
2998 534 3188 578 sancto
3232 523 3492 590 Jordane,
3519 539 3575 581 et

1988 618 2217 687 projecit
2263 618 2451 673 subter
2494 617 2616 684 ejus
2661 616 3001 677 umbilicum,
3051 616 3208 687 signo
3237 615 3383 670 facto
3413 634 3575 672 vene-

1987 710 2171 763 randa:
2208 710 2410 771 crucis,
2441 717 2497 762 et
2529 709 2666 762 dixit
2718 708 2818 777 ipsi
2853 725 2866 760 :
2918 707 3055 762 Ecce
3087 723 3255 762 sanus
3283 708 3459 763 factus
3489 726 3570 763 es.

1986 801 2068 856 Ab
2101 802 2205 855 hoc
2236 810 2504 870 tempore,
2542 800 2871 870 utijurabat,
2906 815 3083 869 neque
3110 799 3162 852 in
3197 801 3422 862 somnis,
3474 815 3570 853 ne-

1986 911 2092 964 que
2129 895 2382 965 vigilans,
2417 893 2661 961 corporis
2704 886 2977 946 ﬂammam
3023 893 3213 946 sensit.
3252 892 3360 945 llac
3394 908 3451 944 re
3486 908 3571 961 po-

1989 988 2255 1043 tissimum
2306 986 2438 1041 ﬁsus
2477 987 2558 1039 vir
2605 986 2693 1040 ille
2730 1000 3050 1056 generosus,
3080 984 3134 1037 in
3190 978 3453 1038 mundum
3488 1000 3574 1037 re-

1986 1094 2178 1134 versus
2214 1088 2330 1142 est,
2383 1077 2621 1146 compati
2674 1077 2865 1131 volens
2917 1085 2974 1130 et
3037 1089 3260 1129 servare
3303 1090 3420 1139 eos,
3479 1076 3572 1143 qui

1987 1172 2470 1243 oppugnabantur.
2504 1170 2702 1225 Evenit
2723 1170 3018 1240 aliquando
3048 1176 3108 1222 ut
3142 1168 3357 1223 cuidam
3396 1184 3581 1221 mere-

1988 1265 2107 1319 trici
2131 1265 2339 1318 diceret
2373 1280 2387 1315 :
2423 1260 2583 1315 Visne
2617 1269 2675 1315 ut
2717 1260 2946 1315 amicam
2976 1267 3029 1313 te
3070 1258 3331 1323 habeam,
3361 1266 3415 1312 et
3448 1258 3571 1312 dem

1988 1357 2084 1411 tibi
2115 1364 2337 1412 centum
2358 1370 2557 1408 aureos
2584 1353 2720 1424 (65).
2749 1352 2932 1407 Multae
2961 1351 3127 1422 igitur
3153 1351 3340 1404 animo
3363 1351 3573 1404 lubenti

1987 1446 2091 1516 ipsi
2113 1445 2433 1500 credebant.
2483 1442 2617 1497 Nam
2669 1444 2993 1498 ostendebat
3038 1442 3120 1496 eis
3174 1441 3421 1510 pecuniae
3461 1440 3571 1509 (66)
3649 1491 3662 1504 ,

1987 1551 2294 1601 summam;
2339 1534 2575 1590 habebat
2627 1534 2799 1599 enim,
2844 1542 3104 1602 quantam
3162 1532 3413 1595 volebat;
3466 1532 3577 1584 Deo

1987 1627 2337 1684 invisibiliter
2365 1627 2416 1681 ei
2445 1625 2830 1695 suppeditante
2862 1632 3086 1694 propter
3110 1623 3380 1687 divinum,
3411 1637 3575 1691 quem

1989 1722 2092 1777 sibi
2121 1719 2453 1790 praefuerat,
2498 1731 2748 1787 scopum.
2783 1715 3345 1784 Porrojuramentum
3388 1714 3573 1783 exige-

1990 1815 2083 1869 bat
2107 1815 2176 1868 ab
2201 1812 2311 1878 illa,
2346 1826 2469 1883 quae
2508 1816 2816 1880 acceperat,
2850 1824 2910 1863 se
2941 1807 3207 1877 promissa
3244 1822 3353 1859 non
3402 1806 3576 1860 reddi-

1990 1913 2167 1960 turam
2200 1903 2376 1957 irrita.
2419 1901 2617 1958 Omnia
2658 1908 2841 1954 autem
2894 1898 3126 1954 faciebat
3160 1913 3254 1967 per
3283 1897 3477 1951 stultas
3520 1906 3576 1951 et

1990 1996 2274 2051 indecoras
2306 1994 2524 2066 ﬁguras.
3421 2066 3424 2070 Δ

2060 2088 2149 2143 45.
2197 2088 2395 2143 Verum
2446 2102 2556 2141 non
2596 2094 2680 2142 ea
2706 2100 2887 2141 rerum
2924 2082 3145 2155 imagini
3175 2087 3575 2151 reprzesentam

1989 2178 2072 2235 dae
2097 2194 2193 2248 par
2217 2178 2411 2233 oratio.
2440 2175 2599 2235 Nunc
2621 2177 2770 2231 enim
2811 2175 3104 2230 simulabat
3131 2187 3191 2227 se
3239 2170 3572 2232 claudicare,

1989 2287 2135 2325 nunc
2158 2270 2378 2332 saltare,
2409 2284 2558 2324 nunc
2581 2269 2722 2323 trahi
2752 2267 2820 2322 ad
2847 2266 3067 2330 sedilia,
3088 2278 3234 2318 nunc
3259 2260 3418 2316 alicui
3446 2276 3575 2315 cur-

1989 2360 2131 2415 renti
2181 2360 2375 2430 pedem
2425 2359 2750 2428 impingere,
2803 2364 2860 2411 et
2900 2355 3078 2425 ipsum
3125 2352 3432 2423 projicere;
3480 2350 3578 2404 ali-

1987 2451 2208 2521 quando
2237 2460 2421 2504 autem
2449 2450 2551 2504 sub
2575 2458 2756 2504 ortum
2787 2448 2950 2512 lunae,
2976 2445 3117 2500 volvi
3151 2459 3248 2514 per
3279 2452 3503 2500 terram.
3522 2451 3579 2494 et

1987 2543 2221 2612 pedibus
2249 2550 2305 2597 et
2351 2542 2500 2596 calce
2529 2555 2653 2594 eam
2695 2540 2962 2609 impetere
2996 2556 3009 2592 :
3056 2550 3454 2604 nonnunquam
3500 2534 3577 2587 si-

1986 2633 2227 2688 mulabat
2252 2649 2363 2687 non
2395 2630 2731 2688 cohaerentia
2763 2631 2945 2699 loqui;
2992 2628 3212 2683 dicebat
3244 2626 3415 2688 enim,
3463 2640 3577 2694 prae

1986 2725 2109 2799 aliis
2134 2725 2391 2780 omnibus
2418 2724 2560 2779 hanc
2588 2724 2815 2793 ﬁguram
2846 2720 3142 2777 convenire
3177 2727 3234 2773 et
3254 2717 3570 2772 conducere

1985 2818 2075 2883 iis,
2106 2819 2203 2888 qui
2233 2817 2530 2872 amentiam
2562 2816 2823 2871 simulant
2859 2823 3082 2885 propter
3128 2810 3436 2866 Christum.
3476 2808 3581 2862 Per

1988 2910 2095 2966 hoc
2126 2911 2273 2965 enim
2306 2924 2453 2979 srepe
2485 2909 2752 2979 arguebat
2777 2916 2832 2962 et
2875 2904 3211 2976 reprimebat
3240 2910 3485 2971 peccata,
3524 2910 3582 2954 et

1985 3000 2150 3057 bilem
2180 3000 2468 3056 evomebat
2494 2999 2759 3054 adversus
2781 2997 3040 3066 aliquem,
3074 3004 3133 3048 ut
3162 2991 3536 3059 corrigeretur
3561 3006 3578 3052 ;

1988 3091 2167 3161 aliqua
2198 3091 2549 3162 praedicebat,
2587 3097 2643 3143 et
2687 3087 2938 3151 faciebat,
2968 3098 3307 3154 qutecunque
3339 3078 3578 3144 volebat,

1992 3200 2181 3240 vocem
2205 3184 2489 3243 duntaxat.
2516 3198 2580 3238 ac
2609 3182 2774 3237 situm
2803 3178 3177 3233 membrorum
3211 3182 3579 3237 commutatis,

1991 3283 2046 3329 et
2074 3274 2336 3344 quidquid
2366 3273 2619 3339 faciebat,
2644 3271 2921 3326 habebant
2953 3282 3081 3322 eum
3122 3275 3378 3335 tanquam
3412 3278 3580 3317 unum

1993 3384 2024 3423 e
2053 3366 2258 3434 multis,
2305 3365 2397 3436 qui
2427 3364 2610 3421 alllatu
2645 3361 2913 3419 daemonis
2952 3361 3253 3431 loquuntur
3300 3364 3356 3410 et
3392 3352 3583 3410 vatici-

1995 3469 2221 3515 nantur.

1769 3591 1923 3648 CAP.
1988 3592 2103 3650 VII.

410 3706 680 3761 Scrutatio
715 3720 1053 3772 arcanorum,
1110 3708 1363 3761 diuturna
1417 3708 1654 3776 jejunia,
1699 3712 2070 3832 8011225001115,
2115 3713 2217 3765 cibi
2256 3713 2511 3766 divinitus
2549 3710 2727 3774 allati,
2752 3711 2957 3763 amicus
2983 3707 3048 3762 ab
3073 3707 3274 3777 injuste
3310 3719 3477 3764 morte

1822 3796 1837 3831 ι
1875 3791 2075 3832 erutus.
3278 3796 3279 3799 ‘

1822 3791 2075 3834 theratus.
3278 3796 3279 3799 “

377 3894 494 3964 μς’.
535 3894 602 3948 El’
631 3911 757 3947 ποτε
784 3893 838 3946 δὲ
866 3894 1080 3965 παρέϐη
1107 3891 1258 3963 αὐτῷ
1295 3893 1394 3964 μία
1429 3894 1492 3947 ἐκ
1524 3894 1633 3947 τῶν
1667 3898 1885 3967 νομιζο-

308 3986 485 4057 μένων
530 3983 678 4055 αὑτῷ
730 3985 919 4053 φίλων,
958 3984 1163 4048 εὐθέως
1190 3984 1268 4055 τῷ
1296 3984 1569 4054 πνεύματι
1597 3984 1760 4049 ἐνόει,
1802 3988 1885 4040 ὅτι

304 4076 630 4147 ἐπόρνευσε,
651 4076 748 4129 καὶ
770 4075 922 4143 ἔλεγε
951 4076 1149 4141 λαλῶν,
1182 4078 1277 4129 καὶ
1305 4075 1602 4145 ὲξανοίγων
1630 4078 1687 4130 τδ)
1713 4077 1887 4147 στόμα

304 4168 470 4222 αὑτοῦ
502 4171 598 4222 καὶ
627 4168 870 4240 κράζων·
908 4166 1185 4239 [παρέϐης.
1217 4167 1414 4235 Ἀγια,
1439 4167 1572 4235 ἅγια
1605 4167 1693 4230 δὸς
1724 4169 1886 4239 αὐτῇ,

303 4262 398 4315 καὶ
427 4260 525 4332 τὴν
547 4260 831 4315 ἀσθένειαν
848 4259 1008 4330 αΰτῇ.
1042 4259 1147 4323 ἓως
1179 4258 1413 4313 θανάτου
1455 4257 1655 4329 ηὔχετο
1688 4259 1886 4322 ἐλθεῖν,

304 4352 645 4423 ἢπολλάκις,
671 4353 766 4406 ἐὰν
798 4354 1053 4423 ἐπέμεινε
1089 4354 1164 4423 μὴ
1202 4352 1590 4422 σωφρονοῦσα,
1633 4353 1727 4406 καὶ
1771 4352 1889 4407 δαί-

307 4462 443 4515 μονα
474 4447 610 4517 αὐτῇ
663 4446 899 4517 ἔπεμπε.
952 4446 1048 4498 Ἐκ
1086 4446 1280 4497 τούτου
1338 4445 1523 4517 Emi»:
1560 4447 1739 4509 πάσας
1792 4446 1891 4510 τὰς

2062 3897 2151 3953 46.
2185 3898 2482 3968 Siquando
2528 3913 2634 3953 una
2676 3913 2739 3952 ex
2772 3896 2877 3957 his,
2920 3911 3040 3964 quae
3086 3894 3421 3964 putabantur
3461 3910 3586 3953 esse

1993 3986 2113 4056 ejus
2162 3988 2386 4053 amicat,
2438 3987 2796 4057 prtevaricata
2848 3991 3016 4048 esset,
3073 3986 3259 4039 statim
3296 3984 3584 4051 instinctu

1995 4080 2222 4149 spiritus
2255 4081 2590 4153 iutelligebat
2613 4078 2968 4141 fornicatam;
3002 4086 3057 4132 et
3089 4078 3307 4133 dicebat
3333 4078 3583 4147 loquens,

1995 4177 2051 4220 et
2103 4182 2260 4221 suum
2308 4183 2372 4223 os
2411 4167 2665 4238 aperiens
2719 4166 3019 4233 clamabat;
3081 4165 3438 4222 Praevarieata
3497 4183 3578 4222 es.

1996 4257 2214 4323 Sancta,
2246 4269 2432 4314 sancta
2466 4260 2533 4314 da
2576 4259 2711 4329 ipsi;
2756 4257 3057 4328 orabatque
3085 4265 3142 4312 ut
3172 4258 3463 4313 inﬁrmitas
3493 4274 3589 4313 us-

1997 4365 2105 4420 que
2133 4349 2199 4404 ad
2229 4360 2458 4406 mortem
2486 4349 2535 4404 ei
2564 4350 2835 4417 eveniret,
2871 4358 3101 4420 authon
3142 4365 3286 4413 raro,
3318 4350 3363 4403 si
3399 4366 3587 4420 perse-

1997 4440 2221 4496 verabat
2250 4442 2534 4513 indulgere
2563 4440 2803 4506 libidini,
2848 4441 3125 4496 diabolum
3174 4444 3340 4497 etiam
3391 4441 3440 4496 ei
3484 4442 3588 4496 im-

304 4536 652 4604 τασσομένας
702 4535 850 4604 αὐτῷ
876 4576 891 4599 ,
940 4538 1242 4605 σωφρονεῖν
1295 4536 1390 4587 καὶ
1425 4534 1498 4606 μὴ
1530 4534 1888 4606 παραϐαίνειν

1995 4532 2261 4588 mittebat.
2293 4533 2377 4588 Ab
2412 4534 2517 4589 hoc
2559 4542 2806 4603 tempore
2838 4534 3056 4588 tandem
3083 4533 3284 4598 effecit,
3322 4541 3382 4588 ut
3422 4545 3589 4603 quot-

306 4626 456 4697 αὐτῷ
482 4627 676 4683 ἐποίει.
694 4624 805 4681 Ἦν
827 4627 883 4681 δέ
907 4645 989 4692 τις
1022 4628 1249 4696 πλησίον
1274 4627 1508 4697 Ἐμέσης
1540 4628 1718 4698 μένων
1744 4644 1892 4699 πρω-

305 4721 620 4789 τοκομήτης
643 4761 655 4778 .
687 4722 781 4773 καὶ
802 4720 877 4783 ὡς
904 4721 1138 4790 ἤκουσεν
1190 4720 1282 4771 τὸν
1333 4719 1448 4788 βίον
1487 4718 1673 4781 αὑτοῦ,
1704 4718 1890 4787 λέγει·

308 4811 625 4875 Πίστευσον,
658 4812 751 4865 ἐὰν
779 4812 892 4874 ἴδω,
939 4813 1037 4865 ἐὰν
1086 4810 1458 4881 προσποιητός
1503 4811 1640 4873 ἐστι,
1673 4810 1765 4861 καὶ
1799 4809 1894 4862 ἐάν

306 4920 366 4956 τε
400 4904 457 4955 ὲν
481 4901 711 4977 ἀληθεία
739 4904 888 4957 ἐστὶν
915 4902 1130 4974 ἕξηχος.
1190 4903 1641 4972 Παραγενόμενος
1686 4898 1780 4955 οὖν
1813 4903 1892 4966 είς

307 4995 406 5065 τὴν
432 4994 606 5059 πόλιν,
636 4994 779 5049 κατὰ
805 4996 1108 5067 συγκυρίαν
1129 4988 1311 5065 εὗρεν,
1346 4996 1427 5051 ὅτι
1463 4993 1762 5056 ἐϐάσταζεν
1792 4994 1891 5046 αὐ-

309 5088 408 5141 τὸν
438 5088 538 5157 μία
568 5090 973 5158 προῖσταμένη,
1004 5089 1098 5142 καὶ
1127 5089 1261 5158 ἄλλη
1293 5086 1555 5157 ὲλὼριζεν
1576 5086 1757 5141 αὐτόν.
1790 5086 1892 5138 Eb-

312 5178 451 5241 θέως
478 5180 535 5232 δὲ
566 5179 959 5249 ἐσκανδαλίσθη
988 5183 1015 5233 ὁ
1049 5181 1511 5250 πρωτοκομήτης,
1545 5181 1636 5231 καί
1658 5181 1737 5239 εἰς
1761 5179 1893 5231 ἐαυ-

311 5270 405 5324 τὸν
439 5270 766 5338 διελογίζετο
815 5272 909 5326 καὶ
944 5273 1097 5340 ἔλεγε
1152 5271 1409 5342 Συριστί·
1447 5266 1595 5341 Ἀρα
1656 5270 1817 5332 αὐτὸς
1866 5270 1895 5322 ὁ

314 5362 559 5425 Σατανᾶς
588 5364 647 5415 οὔ
675 5362 942 5424 πιστεύει,
963 5365 1043 5416 ὅτι
1067 5363 1322 5435 πορνεύει
1355 5363 1473 5432 μετ’
1506 5360 1686 5414 αὐτῶν
1708 5362 1735 5412 ὁ
1758 5360 1892 5430 ψευ-

1992 4632 2125 4695 quot
2152 4624 2201 4679 ei
2236 4626 2514 4688 suberant,
2556 4625 2623 4679 ad
2650 4624 2861 4696 frugem
2897 4624 3158 4690 redirent,
3198 4633 3254 4680 ct
3293 4640 3404 4679 non
3435 4641 3580 4696 prae-

1992 4717 2390 4772 varicarentur.
2432 4716 2608 4787 Prope
2646 4716 2899 4773 Emesam
2931 4716 3211 4773 habitabat
3234 4727 3583 4788 protocomes

1991 4810 2216 4879 aliquis;
2261 4809 2353 4879 qui
2404 4809 2495 4863 ubi
2537 4809 2746 4863 audivit
2786 4809 2954 4863 vitam
3013 4809 3343 4881 Symeonis:
3388 4808 3586 4873 Crede,

1992 4900 2187 4970 inquit,
2237 4900 2533 4955 dmnmodo
2586 4900 2737 4954 illum
2793 4899 3004 4965 videro,
3076 4901 3349 4954 stultusne
3412 4898 3483 4952 sit
3534 4897 3588 4950 in

2001 4994 2262 5063 speciem,
2315 5010 2381 5046 an
2425 5008 2555 5047 vere
2606 5004 2787 5047 emota
2833 4993 2904 5048 sit
2942 5001 3126 5047 mente
3184 4988 3591 5064 [comperiaan

2003 5082 2139 5139 Dum
2190 5084 2374 5155 itaque
2410 5085 2651 5141 venisset
2707 5085 2773 5139 ad
2822 5086 3122 5151 civitatem,
3183 5084 3322 5139 forte
3374 5082 3591 5137 fortuna

2001 5178 2289 5247 comperit,
2333 5179 2478 5247 quod
2528 5194 2659 5241 una,
2693 5193 2815 5248 quae
2847 5178 2967 5248 ejus
3010 5178 3235 5248 gerebat
3263 5192 3472 5238 curam,
3511 5176 3593 5245 ip-

2002 5287 2122 5326 sum
2166 5270 2456 5340 bajularet,
2504 5279 2559 5325 ct
2586 5270 2734 5339 quod
2775 5269 2882 5324 alia
2929 5271 3105 5340 ipsum
3158 5269 3291 5325 loris
3335 5269 3592 5323 caederet.

2007 5361 2201 5416 Statim
2235 5370 2580 5433 protocomes
2604 5361 3008 5417 scandalizatus
3041 5370 3143 5425 est,
3181 5370 3236 5415 et
3272 5375 3457 5415 secum
3494 5375 3590 5413 co-

1794 5478 2028 5534 ΝΟΤΛΞ.

388 5572 499 5635 (65;
524 5571 721 5628 Probat
743 5573 977 5643 Caugius
1010 5589 1170 5628 voces
1209 5573 1532 5638 ὁλοκοτίνος,
1575 5571 1895 5643 ὀλοκοτίνιν,

314 5645 607 5715 laxati,qu
646 5642 1041 5715 (apograpltum
1086 5655 1332 5698 nostrum
1389 5645 1552 5699 habet
1596 5642 1895 5709 ὀλοκοτίνα)

311 5714 616 5787 significare
649 5714 919 5768 nummum
955 5731 1051 5769 seu
1084 5714 1309 5768 solidth
1355 5730 1618 5779 aureum;
1650 5730 1747 5785 pro
1786 5729 1893 5783 quo

313 5786 583 5848 interpres
619 5801 741 5841 mox
781 5787 977 5842 citatus
1007 5787 1167 5840 habet
1201 5801 1398 5843 assem.

2070 5570 2181 5642 (66)
2211 5570 2437 5641 λογάριν
2474 5580 2529 5625 et
2561 5570 2817 5637 λογάριον
2845 5568 3149 5639 signiﬁcare
3175 5567 3409 5642 pericula:
3433 5582 3583 5642 suon-

1995 5637 2171 5701 ιηιίηι,⁷
2202 5637 2299 5697 seu
2326 5637 2525 5696 certam
2563 5637 2916 5712 quantitatem
2946 5656 3302 5695 numnwrum.
3345 5637 3397 5691 in
3427 5637 3580 5691 Glos-

1996 5713 2141 5769 sario
2167 5714 2404 5785 Cangius
2433 5713 2680 5767 allirnmt.
