3956 6220
329 262 463 330 17ΞΞ9

1610 257 1787 321 VITA
1832 253 1894 315 S.
1921 250 2323 315 SYMEONIS.

3454 250 3593 317 1730

324 369 517 429 κακον,
537 367 784 434 ἔγνωσαν
805 369 886 422 ὅτι
912 367 1074 431 αὐτὸς
1097 368 1267 433 αὑτὰς
1291 365 1629 438 ἐστραὺωσε,
1652 366 1748 420 καὶ
1774 380 1908 419 κατ-

2022 361 2156 418 ierre
2192 362 2502 432 inciperent
2527 362 2920 433 malum,quod
2949 360 3051 419 sibi
3075 371 3357 429 evenerat,
3390 378 3598 436 cogno-

326 463 545 536 ιτρεχον
569 461 719 530 αὐτῷ
751 460 1038 514 κλαίουσαι
1060 460 1238 513 ὀπίσω
1263 457 1430 515 αὓτοῦ
1454 460 1549 513 καὶ
1580 456 1905 529 κράξουσαιο

339 551 649 619 ’Λνάλυσον,
674 552 832 617 Σαλὲ,
852 553 1020 614 ἀνάλυ
1031 570 1140 606 σον.
1164 550 1450 621 Ἐνόμιζον
1476 550 1587 620 γάρ
1607 549 1774 603 αὑτὸν
1797 547 1907 601 ἀπ’)

327 628 614 704 ὲπιλαλιᾶς
649 641 967 711 στραυῶσαι
1020 640 1215 704 αὑτάς.
1255 641 1344 704 Ὠς
1384 636 1478 694 οὖν
1526 639 1773 709 ἔφθασαν
1806 637 1907 698 αὐ-

327 734 438 798 τὸν,
458 733 773 804 ἐκράτησαν
794 732 959 786 αὑτὸν
985 730 1096 804 βίᾳ.
1123 734 1234 786 Καὶ
1256 731 1497 802 ὥρκιζον
1521 732 1610 785 ἵνα
1626 730 1906 796 ἀναλύσει,

328 827 516 897 φησὶν,
546 825 607 878 τὸ
639 825 820 896 ἔδησε.
852 824 1017 894 Λέγει
1041 821 1138 879 οὖν
1175 825 1370 887 αὐταῖς
1412 822 1625 888 παίζων
1648 840 1663 855 ο
1695 824 1796 879 Οἷα
1822 821 1911 876 θέ-

329 920 409 972 λει
442 918 502 984 ἐξ
536 918 692 990 ὑμῶν
748 919 991 988 ὐγιᾶναι,
1051 916 1265 989 φιλήσω
1292 917 1385 970 τὸν
1412 915 1693 987 ὀφθαλμὸν
1738 915 1913 986 αὐτῆς

279 1020 302 1074 τ,
328 1012 419 1066 τὸν
450 1011 858 1080 στραυωθέντα,
894 1011 989 1064 καὶ
1025 1009 1279 1079 ὑγιαίνει.
1316 1009 1488 1074 Ὅσας
1516 1004 1611 1063 οὖν
1644 1009 1913 1081 ἠθέλησεν

331 1107 359 1157 6
380 1103 533 1166 Θεὸς.
572 1104 661 1158 ἵνα
692 1102 979 1172 ὑγιάνωσι,
1013 1102 1183 1172 φησιν
1207 1103 1237 1155 6
1282 1102 1430 1165 ὅσιος
1452 1140 1468 1164 ,
1531 1098 1909 1166 κατεδέξαντο,

331 1194 390 1246 αι
416 1192 475 1246 δὲ
494 1192 699 1259 λοιπαὶ,
731 1192 788 1244 αί
821 1190 896 1263 μὴ
922 1189 1354 1260 καταδεξάμεναι
1378 1191 1466 1244 ἵνα
1487 1189 1691 1262 φιλήσῃ
1717 1189 1913 1251 αὐτὰς,

332 1283 555 1353 ἔμειναν
579 1280 752 1344 οὕτως
779 1280 1087 1336 κλαίουσαι.
1121 1280 1278 1335 Μετὰ
1323 1274 1419 1334 οὖν
1451 1281 1510 1333 τὺ
1560 1278 1914 1349 ἀναχωρῆσαι

336 1373 498 1427 αὐτὸν
515 1373 611 1428 ἀπ’
637 1370 819 1427 α’ὑτῶν
846 1372 1299 1444 ὀλίγον,ῆρξαντο
1328 1373 1424 1427 καὶ
1453 1374 1508 1426 αἱ
1534 1373 1719 1426 λοιπαὶ
1741 1389 1903 1425 κατα-

334 1464 548 1534 τρέχειν
580 1461 769 1528 αὑτοῦ,
820 1463 915 1518 καὶ
966 1463 1218 1534 κράζειν·
1266 1467 1484 1527 Μεῖνον,
1517 1464 1677 1521 Σαλὲ.
1712 1466 1912 1533 μεῖνον,

334 1551 426 1605 τὸν
456 1550 613 1617 Θεὸν,
654 1554 861 1621 μεῖνον,
894 1552 1123 1623 φίλησον
1162 1553 1257 1606 καὶ
1279 1555 1449 1624 ἡμᾶς.
1476 1549 1584 1609 Ἦν
1639 1553 1735 1607 οὖν
1787 1555 1916 1608 ίδεῖν

318 1644 425 1716 ,τὸν
453 1644 691 1715 Γέροντα
710 1644 1000 1716 τρέχοντα,
1019 1646 1114 1699 καὶ
1135 1646 1232 1709 τὰς
1255 1645 1502 1709 νεάνιδας
1526 1646 1701 1700 ὀπίσω
1728 1644 1912 1700 αὐτοῦ.

2006 465 2206 512 verunt
2259 454 2329 510 ab
2377 454 2499 525 ipso
2549 456 2814 513 distortos
2875 454 2979 511 sibi
3040 455 3212 513 fuisse
3263 458 3471 513 oculos.
3531 458 3598 516 Et

2006 557 2366 607 accurrerunt
2391 548 2585 605 ﬂentes
2629 557 2752 619 post
2794 549 2973 619 ipsum
3003 557 3059 604 et
3087 549 3434 604 clamantes:
3475 551 3596 606 Dis-

1998 644 2177 727 ‘solve,
2209 642 2355 706 Sale,
2386 642 2646 699 dissolve.
2715 642 2986 699 Putabant
3008 642 3153 697 enim
3186 642 3475 698 strabones
3526 643 3597 698 ab

2007 738 2191 794 illose
2239 751 2363 792 esse
2418 735 2590 792 factas
2642 749 2744 805 per
2788 735 3083 790 verborum
3141 733 3593 789 incanlaticnem.
3674 736 3683 761 '-

2008 831 2179 903 lgitur
2208 830 2277 886 ad
2307 829 2457 885 illum
2491 829 2771 896 digressa),
2821 834 3118 882 tenuerunt
3142 841 3270 881 eum
3299 826 3376 891 vi,
3408 835 3463 880 et
3496 826 3598 881 ad-

2005 922 2287 992 jurarunt,
2319 929 2380 976 ut
2405 919 2733 975 dissolveret
2754 917 2899 988 quod
2944 917 3222 987 ligaverat.
3249 915 3389 970 Dicit
3412 914 3602 984 itaque

2012 1016 2120 1071 illis
2147 1014 2380 1071 ludens:
2435 1011 2789 1081 Quaecunque
2820 1026 2889 1066 ex
2927 1010 3084 1066 vobis
3113 1008 3231 1065 vult
3261 1009 3464 1063 sanari.
3505 1023 3601 1062 os-

2011 1109 2235 1165 culabor
2277 1106 2497 1162 oculum
2543 1104 2666 1175 ejus
2694 1104 2962 1167 strabum,
3007 1111 3064 1158 et
3105 1100 3405 1156 satiabitur.
3428 1101 3598 1167 Quot-

2012 1210 2148 1271 quot
2191 1214 2322 1269 ergo
2368 1197 2541 1253 voluit
2588 1195 2735 1251 Deus
2806 1203 2870 1249 ut
2921 1202 3271 1253 sanarentur.
3319 1192 3603 1262 inquiebat

2015 1292 2270 1352 Sanetus.
2326 1288 2668 1357 accipiebant
2703 1285 3116 1349 conditionem,
3166 1284 3389 1354 reliqum
3447 1301 3598 1347 vero,

2014 1400 2138 1455 quae
2158 1398 2267 1439 non
2289 1380 2679 1452 permiserunt.
2720 1387 2782 1432 ut
2824 1392 2885 1430 se
2916 1378 3276 1439 oscularetur,
3305 1377 3604 1435 manebant

2016 1476 2098 1533 sic
2122 1475 2351 1533 ﬂentes.
2373 1473 2511 1527 Dum
2559 1468 2855 1541 pauxillum
2896 1468 3080 1536 itaque
3111 1467 3179 1521 ab
3212 1466 3280 1522 iis
3319 1474 3467 1521 esset
3515 1467 3599 1522 dis

2016 1580 2258 1638 gressus,
2305 1571 2597 1632 coeperunt
2637 1568 2693 1616 et
2736 1559 2964 1629 reliqua:
2992 1557 3058 1612 ad
3095 1557 3249 1611 illum
3280 1572 3525 1619 currere,
3549 1566 3607 1611 et

2016 1659 2253 1713 clamare
2277 1674 2291 1712 :
2323 1655 2502 1718 Mane,
2535 1652 2682 1718 Sale,
2710 1666 2891 1716 mane,
2915 1664 3012 1720 per
3030 1649 3201 1703 Deum
3230 1662 3412 1713 mane,
3441 1663 3605 1702 oscu-

337 1736 446 1788 Καὶ
477 1736 526 1788 οί
579 1736 681 1807 μὲν
721 1736 909 1806 ἔλεγον
940 1738 1024 1792 ὃτι
1076 1736 1334 1802 παίζουσι
1367 1737 1486 1809 μετ’
1529 1737 1693 1791 αὑτοῦ
1717 1753 1730 1766 ·
1781 1738 1833 1791 οἱ
1860 1736 1917 1790 δὲ

2022 1749 2136 1804 lare
2168 1756 2226 1803 et
2252 1761 2374 1803 nos.
2412 1745 2609 1801 Videre
2656 1745 2822 1815 igitur
2868 1752 2988 1798 erat
3033 1754 3221 1795 senem
3265 1748 3601 1804 currentem,

337 1828 663 1896 ἐλογίζοντο,
688 1828 769 1882 ὅτι
792 1828 1147 1901 ὲξηχώθησαν
1167 1830 1262 1885 καὶ
1284 1829 1355 1885 τά
1375 1829 1631 1902 κοράσια.
1655 1832 1920 1901 Ἔμειναν

336 1917 430 1976 οὖν
458 1920 634 1985 οὕτως
685 1920 1040 1992 ἀθεράπευτα
1090 1923 1181 1976 διὰ
1234 1923 1455 1986 παντός.
1493 1923 1723 1991 Ἔλεγεν
1752 1923 1860 1993 γάρ
1891 1922 1920 1975 6

337 2013 503 2076 ὅσιος,
532 2012 594 2066 Εἰ
633 2011 708 2083 μὴ
734 2013 1086 2084 ὲστράὸωσεν
1114 2012 1286 2083 αὑτὰς
1329 2014 1358 2066 ὁ
1401 2013 1564 2080 Θεὸς,
1611 2013 1921 2087 ὐπερόἔιλαι

339 2098 486 2175 εἶχον
520 2104 870 2171 είςνάσωτίαν
899 2107 1082 2170 πάσας
1101 2106 1202 2171 τὰς
1222 2109 1491 2176 γυναῖκας
1512 2106 1735 2179 Συρίας.
1757 2106 1925 2162 Ἀλλὰ

338 2197 428 2251 διὰ
462 2197 561 2267 τῆς
586 2199 745 2252 νόσου
794 2197 904 2250 τῶν
962 2196 1261 2268 ὀφθαλμῶν
1306 2199 1487 2252 αὐτῶν
1528 2199 1821 2255 ὲνδίδουσιν
1857 2200 1923 2253 ἑκ

339 2289 449 2341 τῶν
479 2288 691 2343 πολλῶν
721 2290 934 2344 κακῶν.
966 2290 1261 2345 Ἐκάλεσεν
1282 2290 1445 2346 αὐτὸν
1481 2290 1631 2357 ἅπαξ
1669 2293 1750 2356 είς
1795 2292 1920 2364 ἄρι-

342 2397 468 2436 στον
490 2383 520 2436 6
557 2382 718 2455 κῦρις
741 2382 1019 2454 Ἰωάννης,
1049 2383 1076 2435 ό
1097 2382 1250 2452 φίλος
1271 2383 1461 2448 αὐτοῦ,
1493 2384 1588 2437 καὶ
1615 2384 1924 2456 ἐκρέμαντο

338 2476 461 2527 ἐκεῖ
487 2473 702 2545 λαρδία.
729 2473 971 2544 Ἤρξατο
1002 2469 1098 2527 οὖν
1120 2475 1344 2528 κόπτειν
1371 2475 1466 2528 καὶ
1506 2472 1741 2545 τρώγειν
1772 2472 1923 2546 ὼμδν

337 2562 401 2616 τὸ
427 2562 646 2634 λαρδίον
676 2565 705 2618 6
736 2564 911 2627 666i;
956 2562 1206 2634 Συμεών.
1244 2564 1302 2619 '0
1338 2563 1398 2618 δὲ
1446 2565 1718 2633 πάνσοφος
1744 2564 1925 2620 Ἰωάν-

339 2671 458 2727 νης,
495 2655 570 2726 μὴ
589 2655 759 2709 θέλων
792 2655 930 2726 μετὰ
958 2656 1208 2727 κραυγῆς
1236 2674 1290 2710 τι
1328 2658 1507 2710 εἰπεῖν
1548 2656 1699 2728 αὐτῷ
1720 2697 1734 2722 ,
1768 2657 1925 2727 ἐγγί-

341 2762 443 2810 σας
469 2746 604 2818 πρὸς
632 2745 694 2800 τὸ
712 2742 806 2811 οὖς
835 2748 1024 2812 αὐτοῦ,
1053 2749 1204 2817 λέγει
1229 2747 1380 2819 αὐτῷ
1402 2764 1418 2780 ο
1453 2749 1659 2814 Ὄντως
1680 2750 1740 2802 οὐ
1760 2767 1925 2804 σκαν-

340 2836 579 2903 δαλίζεις
608 2856 698 2909 με,
727 2839 822 2893 ἐὰν
856 2840 1037 2911 φάγῃς
1072 2839 1181 2893 ἀπὸ
1207 2840 1480 2911 καμηλίου
1507 2840 1692 2910 ὠμὸν,
1736 2841 1925 2896 λοιπὸν

342 2929 473 2984 εἴτι
506 2930 687 3003 θέλῃς,
746 2931 992 3003 ποίησον.
1054 2932 1390 3000 Ἐγίνωσκεν
1420 2933 1530 3005 γὰρ
1582 2935 1684 3005 τὴν
1722 2935 1924 3006 ἀρετὴν

2019 1849 2075 1898 et
2100 1840 2292 1912 puellae
2321 1848 2444 1910 post
2470 1838 2671 1908 ipsum.
2715 1834 2783 1890 Et
2816 1835 2871 1889 hi
2905 1833 3123 1904 quidem
3152 1829 3430 1893 dicebant,
3457 1829 3604 1900 quod

2021 1933 2215 2005 puellae
2244 1932 2425 2003 ipsum
2452 1931 2741 1993 luderent,
2777 1928 2855 1984 illi
2889 1925 3222 1998 cogitabant,
3253 1923 3397 1993 quod
3437 1924 3603 1979 etiam

2022 2028 2154 2098 ipsae
2181 2033 2363 2082 emota
2391 2029 2582 2080 essent
2605 2029 2811 2078 mente.
2845 2019 3023 2090 Atque
3071 2021 3145 2076 ita
3190 2020 3245 2075 in
3272 2026 3604 2090 perpetuum

2019 2132 2131 2174 non
2167 2125 2372 2191 sanata:
2399 2119 2843 2187 permanserunt.
2884 2110 3109 2169 Dicebat
3133 2112 3284 2168 enim
3329 2110 3602 2165 Sanctus:

2019 2211 2135 2267 Nisi
2170 2210 2460 2267 strabones
2497 2208 2618 2263 illas
2659 2205 2888 2262 fecisset
2924 2205 3092 2270 Deus,
3140 2203 3383 2259 futurum
3414 2200 3605 2266 fuisse,

2023 2309 2084 2357 ut
2116 2315 2333 2356 morum
2370 2298 2591 2354 licentia
2634 2310 2831 2353 omnes
2872 2293 3042 2366 Syriae
3085 2293 3347 2349 mulieres
3375 2305 3610 2362 supcra-

2021 2402 2174 2460 rent;
2218 2390 2313 2448 sed
2358 2405 2457 2461 per
2502 2387 2757 2444 morbum
2798 2385 3082 2441 oculorum
3121 2381 3293 2437 multa
3327 2395 3423 2436 eas
3466 2379 3610 2434 mala

2022 2482 2349 2538 declinasse.
2387 2478 2645 2535 Invitavit
2682 2477 2863 2547 ipsum
2902 2474 3138 2545 quadam
3180 2472 3303 2529 vice
3341 2471 3409 2526 ad
3437 2484 3610 2541 prau-

2021 2573 2175 2629 dium
2221 2571 2481 2634 Joannes,
2521 2567 2731 2624 amicus
2787 2567 2929 2637 ejus,
2977 2573 3036 2620 et
3083 2578 3350 2635 suspensa
3404 2562 3609 2618 ibidem

2023 2673 2182 2722 erant
2229 2663 2422 2719 larida.
2483 2660 2659 2732 Ccepit
2699 2659 2865 2731 igitur
2908 2655 3162 2712 scindere
3207 2662 3264 2711 et
3317 2653 3611 2709 comedere

2023 2758 2254 2814 crudum
2314 2753 2548 2811 laridum
2598 2752 2767 2807 abbas
2823 2748 3084 2820 Symeon.
3149 2744 3605 2817 Sapientissimus

2023 2866 2155 2907 vero
2181 2849 2442 2912 Joannes,
2484 2846 2679 2902 nolens
2713 2842 2817 2913 ipsi
2859 2840 3062 2912 aliquid
3111 2839 3297 2896 dicere
3344 2837 3606 2901 clamose.

2025 2939 2294 2996 accedens
2317 2938 2385 2993 ad
2411 2952 2601 2992 aurem
2637 2935 2777 3004 ejus.
2814 2932 2986 2988 dicit:
3018 2929 3172 2985 Haud
3194 2944 3328 2985 sane
3350 2928 3614 2983 seandalo

342 3022 437 3077 τοῦ
470 3022 662 3084 Σαλοῦ,
710 3022 843 3077 διότι
867 3024 1236 3092 πνευματικὸς
1272 3023 1563 3094 ἄνθρωπος
1611 3026 1706 3081 καὶ
1763 3026 1922 3089 αὐτὸς

2027 3031 2167 3089 mihi
2207 3045 2289 3096 es,
2360 3027 2582 3085 tametsi
2614 3025 2844 3082 crudum
2882 3038 2914 3080 e
2956 3021 3174 3078 camino
3207 3020 3488 3075 comedas.
3534 3019 3617 3073 De

344 3112 613 3186 ὑπῆρχεν.

419 3293 528 3364 μθ’.
557 3288 763 3347 Ἦλθόν
794 3292 925 3347 ποτέ
956 3310 1101 3356 τινες
1139 3293 1426 3363 Ἐμεσενοὶ
1452 3294 1509 3345 έν
1544 3294 1611 3363 τῇ
1653 3293 1784 3362 ἁγίᾳ
1816 3293 1927 3346 II:-

346 3385 543 3459 σχαλίᾳ
570 3386 652 3450 είς
683 3385 783 3457 τὴν
815 3385 978 3455 ἁγίαν
1012 3384 1166 3439 πόλιν
1187 3385 1466 3456 ἑορτάσαι,
1505 3377 1579 3438 ὧν
1615 3386 1643 3436 6
1674 3378 1753 3446 εἷς
1793 3400 1926 3437 κατ-

343 3476 506 3548 ἦλθεν
529 3479 610 3541 εἰς
639 3477 733 3530 τὸν
762 3475 918 3545 ἅγιον
944 3475 1219 3549 Ἰορδάνην
1249 3473 1532 3541 εὔξασθαι.
1558 3472 1668 3525 Καὶ
1699 3489 1928 3544 περιερ-

2032 3133 2233 3180 caetero
2279 3121 2366 3177 fac
2390 3121 2536 3192 quod
2566 3118 2752 3185 lubet;
2782 3122 2943 3170 norat
2987 3113 3136 3168 enim
3181 3109 3292 3166 Sali
3314 3110 3615 3175 virtutem;

2034 3223 2324 3286 propterea
2353 3213 2499 3283 quod
2529 3219 2586 3265 et
2614 3210 2734 3280 ipse
2766 3208 2850 3262 vir
2884 3204 3182 3276 spiritualis
3202 3211 3366 3259 esset.

2103 3308 2193 3365 49.
2237 3307 2521 3362 Venerunt
2556 3300 2852 3374 aliquando
2890 3296 3141 3355 nonnulli
3165 3294 3415 3351 Emeseni
3445 3293 3498 3348 in
3526 3307 3616 3347 so-

2035 3400 2319 3456 lemnitate
2370 3405 2563 3453 sancta
2599 3392 2862 3466 paschali,
2913 3391 2983 3446 ad
3033 3397 3277 3445 sanctam
3339 3385 3619 3440 civitatem

2034 3490 2358 3548 celebraturi
2393 3490 2616 3552 festum,
2663 3498 2898 3556 quorum
2938 3496 3081 3537 unus
3134 3478 3232 3532 ivit
3260 3476 3328 3532 ad
3362 3482 3616 3530 sanctum

344 3569 575 3640 χόμενος
606 3568 732 3631 τοὺς
758 3567 1030 3635 Πατέρας,
1060 3568 1240 3636 ᾐτεῖτο
1268 3564 1541 3632 εὐλογίαν.
1593 3562 1802 3632 Συνέϐη
1835 3559 1922 3618 οὖν

2032 3583 2328 3638 Jordanem
2362 3589 2424 3634 ut
2452 3587 2653 3633 oraret.
2689 3577 2755 3630 Et
2780 3571 3113 3628 circumiens
3153 3576 3359 3638 patres,
3395 3566 3617 3637 petebat

344 3660 443 3715 καὶ
465 3660 557 3713 τὸν
575 3658 749 3712 άόὂᾶν
773 3657 1029 3728 Ἰωάννην
1051 3657 1144 3710 τὸν
1162 3655 1389 3724 ἀδελφὸν
1408 3655 1505 3708 τοῦ
1530 3655 1676 3709 ἁὸὅᾶ
1702 3654 1922 3737 Συμεὼν

2036 3682 2095 3727 ut
2128 3672 2232 3727 sibi
2271 3671 2411 3725 bene
2469 3672 2847 3737 precarentur.
2888 3658 3132 3729 Contigit
3182 3670 3334 3727 ergo,
3361 3664 3421 3712 ut
3446 3655 3619 3712 abbas

346 3750 657 3821 ἀπαντῆσαι
690 3750 813 3802 κατ’
855 3744 1169 3819 οἰκονομίαν
1200 3744 1295 3799 τοῦ
1353 3743 1489 3798 Θεοῦ
1509 3783 1524 3808 ,
1558 3744 1637 3816 τῷ
1667 3732 1922 3816 πραγμαῖ

2022 3752 2252 3834 quoque
2277 3732 2538 3821 Joannes,
2559 3752 2845 3826 Symeonis
2895 3750 3107 3806 abbatis
3143 3748 3331 3814 frater,
3362 3761 3618 3802 oecurre-

344 3844 509 3911 τευτῇ
550 3842 630 3905 είς
658 3838 756 3910 τὴν
786 3839 1011 3911 ἔρημον.
1049 3839 1136 3902 Ὠς
1160 3838 1218 3891 δὲ
1244 3833 1384 3891 εἶδεν
1414 3837 1578 3891 αὑτὸν
1609 3837 1638 3890 6
1669 3853 1922 3907 πραγμα·

2037 3833 2139 3922 ret,
2169 3856 2281 3910 Deo
2310 3854 2389 3907 sic
2408 3850 2753 3919 disponente,
2792 3843 3081 3900 mercatori
3112 3839 3290 3915 [huic]
3335 3840 3390 3895 in
3421 3840 3620 3895 solita-‘-

343 3934 565 4004 τευτὴς,
597 3932 819 4004 ἔρριψεν
865 3930 1059 3984 ἑαυτὸν
1111 3929 1313 4001 χαμαὶ,
1352 3927 1524 3983 αἰτῶν
1579 3928 1746 3998 εὐχὴν
1798 3928 1922 3998 παρ’

2035 3950 2184 4006 dine.
2222 3944 2328 4002 Ubi
2387 3943 2538 3997 illum
2583 3937 2871 4008 conspexit
2937 3941 3230 3998 mercator,
3277 3929 3511 4002 proiecit
3559 3946 3619 3985 se

345 4027 536 4084 αὐτοῦ.
571 4026 737 4094 Λέγει
761 4024 911 4095 αὐτῷ
935 4026 962 4077 6
984 4023 1160 4087 ἁϐδᾶς
1200 4024 1472 4094 Ἰωάννης·
1507 4022 1684 4075 Πόθεν
1711 4019 1794 4086 εἷς
1829 4023 1922 4075 Δέη

2037 4039 2210 4105 humi,
2261 4051 2459 4106 rogans
2506 4033 2575 4088 ab
2617 4047 2683 4086 eo
2720 4042 2929 4099 preces.
2990 4025 3090 4081 Cui
3127 4024 3297 4079 abbas
3323 4021 3565 4077 Joannes
3599 4037 3620 4073 τ

346 4137 437 4193 γει
470 4118 621 4189 αὐτῷ
661 4120 891 4181 ἐκεῖνος’
928 4115 1066 4169 Ἀπὸ
1108 4113 1366 4186 Ἐμέσης,
1402 4114 1605 4183 Πάτερ.
1646 4112 1783 4165 Τότε
1821 4113 1922 4165 άπ-

2034 4130 2201 4200 Cujas
2245 4126 2367 4182 es?’
2393 4121 2638 4192 Subjecit
2692 4120 2829 4175 ille:
2876 4116 3199 4177 Emesenus,
3249 4113 3434 4168 Pater.
3477 4110 3623 4167 Tum

346 4212 543 4284 εκρίθη
591 4209 741 4281 αὐτῷ
761 4224 776 4238 ⁸
806 4210 917 4264 Καὶ
941 4208 1079 4281 ἔχων
1111 4209 1231 4263 ἐκεῖ
1270 4208 1362 4261 τδν
1389 4205 1563 4260 ἁσὸἄν
1587 4203 1814 4276 Συμεὼν
1836 4205 1922 4257 τὸν

2036 4221 2319 4294 respondit
2352 4218 2451 4288 ipsi
2481 4234 2494 4269 :
2524 4214 2627 4281 Qui
2672 4211 2842 4267 habes
2872 4208 2947 4264 ibi
2980 4207 3231 4263 abbatem
3267 4204 3617 4277 Symeonem,

346 4305 641 4376 λεγόμενον
673 4304 860 4368 Σαλὸν,
913 4302 974 4368 ἐξ
1019 4302 1154 4372 ἐμοῦ
1199 4299 1294 4354 τοῦ
1330 4297 1591 4353 ταπεινοῦ
1622 4297 1677 4351 τί
1702 4299 1885 4368 ζητεῖς
1912 4313 1922 4364 ;

2034 4315 2128 4388 qui
2159 4313 2361 4371 dicitur
2395 4309 2575 4371 Salus,
2604 4304 2736 4377 quid
2796 4317 2827 4357 a
2862 4316 2952 4356 me
2990 4300 3211 4369 abiecto
3258 4297 3451 4369 petis?
3482 4296 3618 4352 Nam

349 4401 473 4454 Τῶν
491 4403 600 4471 γὰρ
631 4398 805 4470 εὐχῶν
834 4396 1042 4452 ἐκείνου
1070 4394 1258 4468 χρῄζω
1286 4392 1466 4463 κάγὼ,
1497 4392 1594 4445 καὶ
1633 4390 1754 4454 ὅλος
1783 4392 1813 4443 6
1841 4389 1922 4444 κό-

2034 4385 2135 4478 ego
2163 4415 2380 4474 quoque
2412 4396 2669 4469 precibus
2696 4394 2817 4463 ejus
2833 4390 3075 4460 indigeo,
3104 4396 3161 4443 et
3184 4394 3335 4455 totus
3355 4385 3615 4441 mundus.

351 4508 509 4563 σμος.
540 4490 771 4544 Ἔλαϐεν
793 4487 885 4541 οὖν
912 4489 1004 4541 τὸν
1028 4486 1459 4558 πραγματευτὴν
1483 4487 1513 4538 ό
1540 4483 1716 4546 ἀϐϐἄς
1749 4482 1929 4537 Ἰωάν·

349 4603 449 4658 νης
486 4587 567 4648 εἰς
583 4584 644 4637 τὸ
676 4583 939 4654 σπήλαιον
961 4579 1129 4634 αὐτοῦ
1155 4580 1249 4634 καλ⁵
1273 4577 1593 4649 παρέθηκεν
1629 4574 1781 4648 αὐτῷ
1799 4574 1934 4646 τρά-

347 4676 526 4739 πεζαν
583 4673 867 4728 πλουσίαν.
905 4672 1004 4726 Ἐκ
1051 4671 1188 4725 Θεοῦ
1240 4671 1349 4740 γὰρ
1397 4669 1689 4742 εὑρίσκετο
1720 4671 1801 4733 εἰς
1833 4667 1934 4738 τὴν

349 4768 559 4842 ἔρημον
612 4766 831 4837 ἐκείνην
880 4765 980 4838 τὴν
1036 4764 1230 4836 ξηρὰν.
1291 4763 1530 4833 σιλίγνια
1575 4762 1795 4834 καθαρὰ
1836 4761 1936 4815 καὶ

349 4861 545 4933 έψὰριν
575 4861 764 4925 ξεστὸν
793 4858 1055 4929 τηγάνου,
1083 4857 1178 4912 καὶ
1209 4852 1349 4920 οἶνος
1378 4856 1623 4925 ἄριστος,
1665 4853 1760 4907 καὶ
1812 4850 1932 4922 βισ-

352 4953 443 5008 σία
478 4953 689 5007 ὑάλινα.
738 4952 825 5014 Ὡς
854 4967 946 5004 ουν
980 4950 1183 5019 ἔφαγον
1217 4948 1309 5002 καὶ
1341 4946 1939 5017 ἐχορτάσθησανβίδω-

352 5062 438 5098 σιν
467 5044 616 5116 αὑτῷ
644 5046 796 5114 τρεῖς
828 5041 1081 5110 εὐλογίας
1112 5041 1334 5107 ξεστὰς,
1380 5042 1473 5094 καὶ
1516 5039 1684 5102 αὐτὰς
1733 5038 1939 5108 ὁμοίως

354 5138 418 5190 ὲκ
464 5136 601 5189 Θεοῦ
650 5135 841 5200 οὔσας,
882 5135 985 5187 καὶ
1011 5135 1199 5202 λέγει·
1236 5133 1333 5196 Δὸς
1377 5133 1449 5200 τῷ
1480 5130 1657 5201 Σαλῷ,
1692 5131 1788 5182 καὶ
1817 5130 1940 5182 εἰπὲ

355 5229 502 5299 αὑτῷ
522 5230 581 5295 ἐξ
606 5230 771 5299 ἐμοῦ·
791 5228 892 5281 Διὰ
925 5227 1014 5281 τὸν
1047 5226 1250 5296 Κύριον
1281 5223 1440 5295 εὔχου
1584 5221 1802 5291 ἁδελφῷ
1843 5239 1938 5276 σου

365 5322 604 5396 Ἰωάννη.
630 5323 742 5393 Τῆς
770 5320 1028 5390 ἀληθείας
1053 5316 1145 5375 οὖν
1175 5319 1270 5371 τοῦ
1302 5317 1507 5387 Κυρίου
1529 5316 1936 5385 ἐπιμαρτυρού-

356 5433 476 5493 ulc,
504 5390 769 5487 ὼξῆλθεν
801 5416 882 5478 εἰς
919 5415 1162 5484 Ἔμεσαν
1191 5414 1219 5466 ὀ
1250 5408 1678 5483 πραγματευτὴς
1720 5390 1939 5479 ἆπαντᾷ

2029 4476 2217 4567 itaque
2265 4492 2508 4549 Joannes
2553 4486 2724 4542 abbas
2757 4488 3125 4538 mercatorem
3177 4477 3234 4532 in
3298 4476 3620 4547 speluncam

2029 4563 2185 4639 suam
2234 4576 2475 4641 admisit,
2526 4583 2584 4629 et
2613 4571 2897 4644 cpiparam
2938 4579 3185 4623 mensam
3220 4563 3298 4619 illi
3333 4563 3617 4635 apposuit.

2028 4675 2166 4732 Nam
2194 4671 2292 4727 Dei
2327 4669 2532 4727 virtute
2560 4665 2618 4721 in
2643 4662 2794 4718 arida
2819 4661 2910 4716 illa
2946 4658 3242 4717 solitudine
3271 4655 3626 4713 invenieban-

2032 4779 2122 4826 tur
2150 4764 2340 4823 mundi
2370 4776 2543 4833 panes
2579 4754 2836 4828 siliginei,
2867 4762 2926 4810 et
2962 4751 3255 4809 obsonium
3301 4744 3358 4806 in
3387 4748 3493 4803 olla
3520 4761 3618 4803 co-

2033 4866 2204 4922 ctum,
2231 4862 2289 4909 et
2327 4851 2520 4907 vinum
2562 4846 2856 4918 optimum,
2890 4850 2948 4897 et
2986 4840 3160 4896 vitrea
3191 4837 3429 4894 vascula.
3465 4834 3621 4891 Post.

2035 4963 2197 5021 quam
2233 4960 2362 5017 ergo
2390 4938 2762 4998 comedissent
2787 4944 2850 5019 vet
2889 4933 3118 4991 saturati
3148 4937 3354 4996 essent,
3394 4927 3490 4983 dat
3517 4927 3619 4997 ipsi

2038 5018 2150 5096 tres
2174 5037 2383 5093 calidas
2418 5029 2663 5101 enlogias
2694 5026 2832 5096 (τε),
2873 5040 2902 5079 a
2938 5026 3050 5080 Deo
3079 5022 3269 5076 itidem
3293 5018 3616 5079 submissas,

2038 5142 2093 5188 et
2119 5131 2251 5187 dicit
2280 5144 2294 5181 :
2332 5126 2406 5181 Da
2450 5124 2599 5184 Salo,
2628 5126 2685 5178 et
2714 5119 2802 5175 die
2831 5117 2934 5188 ipsi
2960 5114 3098 5170 meis
3130 5110 3315 5169 verbis
3343 5128 3357 5165 :
3389 5107 3620 5180 Propter

1974 5206 1979 5223 ’
2042 5221 2354 5283 Dominum,
2399 5231 2494 5270 ora
2524 5227 2624 5283 pro
2656 5211 2823 5265 fratre
2856 5217 2950 5263 tuo
2981 5205 3216 5261 Joanne.
3247 5200 3480 5256 Domino
3514 5198 3617 5252 ita-

2036 5332 2141 5386 que
2172 5310 2417 5367 veritatis
2457 5302 2833 5362 testimonium
2865 5298 3213 5370 perbibente,
3245 5292 3405 5349 simul
3455 5301 3618 5360 atque

1990 5388 1999 5397 ’
2036 5380 2292 5463 Emesam
2315 5398 2465 5456 venit
2496 5405 2789 5455 mercator,
2820 5389 3062 5447 occurrit
3082 5387 3368 5459 ipsiabbas
3384 5380 3616 5455 Symetin

1874 5585 2101 5643 NOTAE.
2822 5598 2857 5613 "

428 5722 540 5791 (7‘).)
568 5720 805 5791 Eulogim
833 5729 960 5775 sunt
989 5732 1151 5788 panes
1174 5724 1269 5770 aut
1307 5713 1417 5768 alia
1450 5709 1625 5767 edulia
1669 5702 2320 5763 sacerdotisbcnedictionc
2351 5704 2672 5763 consecrata.
2709 5690 2846 5747 Vide
2872 5684 3208 5746 GIOSSarium
3230 5676 3445 5752 Cangii.
