4024 6232
275 1850 304 1875 κ

332 321 482 385 '1731

1360 310 1668 372 LEONTII
1712 307 1757 366 N
1770 304 2226 366 EAPOLITANI
2267 302 2386 362 ΕῘἸ
2399 302 2610 362 SGOPI

3486 294 3620 359 1732

353 446 521 507 prope
568 438 778 499 portam
825 424 1079 488 civitatis,
1130 424 1364 477 dicens:
1411 423 1550 488 Quid
1598 429 1697 483 cst,
1729 417 1932 473 stulte?

2041 413 2183 484 αὐτῷ
2214 416 2294 476 είς
2327 412 2425 484 τὴν
2464 413 2671 483 πῖορταν
2697 413 2795 481 τῆς
2832 410 3041 473 πόλεως
3090 410 3119 462 6
3153 408 3325 473 άόξῖᾶς
3372 409 3620 479 Συμεὼν,

350 521 455 588 Qui
486 521 629 576 valet
656 520 872 584 stultus,
905 517 983 571 tui
1032 515 1226 570 similis
1257 515 1542 569 Joannes?
1582 512 1702 567 Non
1744 526 1932 566 come-

352 614 480 669 disti
517 611 778 681 eulogias,
822 624 958 678 quas
1002 607 1100 661 tibi
1153 607 1346 661 dedit?
1386 606 1541 671 Vere,
1577 620 1721 669 vere,
1764 604 1809 658 si
1843 619 1935 657 co-

351 703 618 757 medisses
672 703 832 755 hasce
889 709 1021 760 tres,
1076 699 1215 753 male
1273 698 1392 751 illas
1440 697 1777 752 decoxisses.
1843 695 1934 748 Ille

336 786 533 864 itaque
571 794 874 863 obstupuit,
907 793 998 846 tibi
1044 792 1254 847 audivit
1296 790 1499 855 Omnia,
1561 806 1682 859 quae
1719 789 1936 843 volebat

352 888 452 958 ipsi
479 888 683 942 dicere.
723 886 951 955 Excepit
979 886 1160 954 itaque
1190 899 1316 937 eum
1350 884 1532 937 statim
1576 884 1628 934 in
1658 882 1932 952 tugurium

347 995 512 1033 suum
541 978 736 1044 Salus;
759 987 921 1046 atque
949 978 1024 1031 ita
1053 976 1415 1055 eonlirmabat
1444 973 1933 1035 mereator,omnia

346 1069 455 1123 sibi
480 1071 670 1123 eadem
721 1068 1042 1138 apposuisse
1094 1083 1223 1121 eum
1278 1068 1397 1121 sine
1453 1067 1559 1119 ulla
1611 1065 1930 1129 mutatione,

352 1159 493 1215 sicut
518 1159 723 1228 iecerat
751 1160 919 1213 abbas
959 1158 1218 1219 Joannes,
1250 1172 1422 1227 usque
1447 1157 1515 1211 ad
1550 1156 1723 1225 ipsam
1753 1155 1931 1224 poculi

350 1250 805 1320 magnitudinem,
837 1252 979 1320 quod
1026 1252 1083 1304 in
1114 1252 1372 1320 spelunca
1423 1250 1543 1319 ejus
1588 1250 1815 1303 viderat.
1869 1251 1936 1304 Et

346 1343 570 1412 quando
617 1344 1053 1403 comederamus,
1101 1343 1226 1395 dedi
1282 1342 1405 1410 ipsi,
1468 1342 1775 1410 inquiebat,
1826 1351 1936 1397 tres

346 1434 615 1505 eulogias,
647 1443 703 1489 et
746 1439 947 1489 recessi
999 1434 1052 1488 in
1107 1435 1328 1489 domum
1376 1449 1573 1495 meam,
1606 1435 1935 1490 erubescens

352 1525 650 1595 quidquam
690 1526 944 1595 cuiquam
987 1525 1054 1579 de
1082 1525 1202 1595 ipso
1235 1526 1438 1589 dicere,
1483 1527 1575 1595 qui
1611 1541 1804 1580 omnes
1837 1542 1935 1597 pro

352 1625 505 1672 certo
534 1616 805 1670 habebant
832 1631 955 1669 eum
993 1631 1116 1671 esse
1153 1616 1384 1671 fatuum.

420 1795 509 1851 50.
553 1796 796 1850 Distmus
820 1796 1078 1866 superius
1106 1797 1240 1869 (75),
1263 1798 1409 1867 quod
1439 1798 1667 1869 patrarit
1693 1799 1932 1852 miracu-

278 1907 288 1929 τ
348 1889 463 1944 lum
496 1889 711 1958 aliquod
752 1889 805 1942 in
854 1891 973 1944 viro
1031 1890 1124 1945 Dei
1168 1900 1408 1956 amante,
1457 1892 1551 1961 qui
1600 1891 1766 1945 vitam
1814 1893 1935 1959 ejus

255 2602 301 2648 Ἰ

348 1980 510 2034 nobis
566 1978 839 2048 exposuit.
894 1977 1136 2050 Contigit
1201 1989 1385 2035 autem
1448 1970 1936 2035 miraculutnhoc

348 2070 560 2125 modo:
597 2069 823 2124 Maleﬂci
867 2070 1089 2139 quidam
1131 2072 1410 2126 hominem
1463 2072 1806 2131 occiderunt,
1875 2088 1935 2126 a-

349 2161 609 2231 breptum
635 2162 869 2216 cadaver
900 2160 1011 2229 ('Ml
1037 2163 1387 2232 proiecerunt
1419 2178 1518 2232 per
1556 2162 1850 2217 fenestram
1882 2163 1936 2216 in

343 2253 572 2309 domum
603 2254 704 2308 viri
746 2253 841 2309 Dei
879 2254 1241 2309 amantissimi
1274 2255 1538 2324 praedicti.
1582 2255 1701 2309 Non
1754 2255 1936 2326 parvis

346 2344 517 2416 igitur
537 2344 826 2401 concitatis
855 2346 1050 2407 turbis,
1081 2361 1170 2401 res
1200 2346 1267 2401 ad
1299 2355 1591 2416 prattorem
1623 2346 1802 2402 delata
1830 2354 1934 2414 est,

347 2437 442 2507 qui
473 2438 769 2508 suspendio
794 2437 1001 2492 addixit
1028 2438 1320 2492 Dominum
1350 2437 1636 2493 Joannem.
1682 2440 1937 2494 Tendens

348 2528 417 2583 ad
447 2538 701 2595 mortem,
730 2529 869 2584 nihil
904 2529 1053 2584 aliud
1091 2545 1279 2585 secum
1314 2531 1551 2594 dicebat,
1583 2547 1746 2600 quam
1786 2530 1932 2585 hoc:

348 2616 396 2674 0
424 2617 568 2673 Deus
612 2617 744 2683 Sali,
789 2618 936 2675 adsis
967 2621 1103 2674 mihi
1146 2621 1198 2673 in
1242 2621 1344 2674 hac
1390 2621 1547 2675 hora.
1598 2621 1708 2676 Deo
1754 2630 1934 2676 autem

350 2713 564 2766 volente
588 2711 753 2793 illum
783 2712 1015 2766 liberare
1041 2729 1070 2766 a
1103 2713 1192 2766 tali
1224 2713 1517 2778 calumnia,
1550 2713 1704 2768 venit
1734 2714 1936 2783 aliquis

348 2803 419 2858 ad
451 2803 703 2857 abbatem
749 2802 1098 2874 Symeonem,
1144 2813 1198 2858 et
1235 2806 1422 2859 dixit:
1454 2804 1678 2860 Infelix!
1714 2807 1939 2860 Amicus

350 2879 464 2947 iste.
485 2900 612 2946 tuus
650 2892 917 2947 Dominus
957 2892 1198 2947 Joannes
1233 2894 1489 2956 discedit,
1536 2904 1596 2949 ut
1644 2895 1698 2948 in
1732 2896 1936 2948 furcam

348 2989 581 3052 agatur;
606 2991 664 3038 et
686 2998 814 3038 vere
838 2983 885 3038 si
915 2982 1005 3038 ille
1042 2984 1334 3048 moriatur,
1367 2986 1622 3040 morieris
1650 2992 1705 3039 et
1738 2993 1795 3039 tu
1827 3000 1937 3055 prae

2035 510 2209 578 λέγων
2247 506 2414 577 αὐτῷ·
2451 507 2515 558 Τί
2538 508 2709 570 ἐστιν,
2753 506 2949 575 ἐξηχες
3008 504 3124 567 πῶς
3164 503 3278 573 ἔχει
3333 506 3360 556 6
3390 503 3558 566 Σαλὸς
3596 507 3623 556 6

2035 601 2218 672 ὅμοιός
2260 617 2353 653 σου
2397 600 2683 671 ’ῐωάννηςς
2728 599 2803 669 μὴ
2854 598 3056 665 ἔφαγες
3094 597 3193 662 τὰς
3236 595 3523 665 εὐλογίας,
3557 596 3623 658 ἃς

2034 693 2233 747 δέδωκέ
2258 710 2367 757 σοις
2400 692 2539 745 ὅντω
2558 711 2592 752 ξ,
2624 692 2814 755 ὅντως,
2850 690 2945 742 ἐὰν
2975 688 3179 757 ἔφαγες
3200 687 3299 751 τὰς
3325 690 3490 758 τρεῖς,
3523 706 3621 740 κα-

2036 786 2145 848 κῶς
2195 784 2363 847 αὐτὰς
2433 784 2670 845 πέττεις.
2740 781 2975 844 Ἐκεῖνος
3014 778 3107 834 οὖν
3167 779 3491 850 ὲθαμὸἠθτι,
3548 778 3624 842 ὡς

2035 874 2235 942 ἤκουσε
2286 874 2480 934 πάντα,
2522 872 2622 923 ὅσα
2654 870 2915 939 ἠϐούλετο
2972 871 3149 922 εἰπεῖν
3183 871 3352 938 αὐτῷ.
3389 871 3626 922 Ἔλαϐεν

2035 960 2126 1016 οὖν
2156 963 2318 1015 αὐτὸν
2356 961 2558 1025 εὐθέως
2589 963 2670 1023 είς
2696 963 2758 1015 τὸ
2786 961 3045 1015 καλύὸιον
3070 961 3235 1016 αὑτοῦ
3265 963 3292 1013 6
3324 959 3512 1024 Σαλὸς,
3532 961 3626 1013 καὶ

2033 1051 2207 1115 οὕτως
2231 1052 2591 1121 διισχυρίζετο
2620 1054 2649 1104 6
2678 1053 3131 1123 πραγματευτὴς,
3168 1053 3250 1105 ὅτι
3282 1053 3462 1105 Πάντα
3483 1039 3665 1104 ὀιπει-⁵

2037 1144 2355 1214 ραλλάκτως
2384 1142 2670 1214 παρέθηκέ
2709 1161 2798 1214 μοι
2830 1144 2926 1197 καὶ
2956 1139 3112 1208 οὗτος
3149 1144 3225 1208 ὡς
3272 1146 3368 1197 καὶ
3402 1143 3624 1206 ὁάεεᾶς

2047 1234 2319 1306 Ἰωάννης,
2351 1236 2457 1297 ἓως
2499 1238 2593 1289 καὶ
2635 1236 2801 1289 αὐτοῦ
2837 1236 2930 1289 τοῦ
2985 1236 3249 1305 μεγέθους
3278 1236 3377 1305 τῆς
3409 1236 3623 1306 βίσσης,

2035 1323 2101 1399 ἧς
2140 1326 2278 1382 εἶδεν
2306 1331 2384 1390 εἰς
2430 1331 2491 1381 τὸ
2547 1329 2816 1399 σπήλαιον
2871 1329 3058 1388 αὐτοῦ,
3088 1331 3184 1382 καὶ
3216 1329 3293 1392 ὡς
3323 1329 3604 1398 ἐφάγομεν

2035 1421 2209 1474 ἔδωκα
2234 1421 2382 1490 αὐτῴ
2409 1422 2510 1486 τὰς
2547 1426 2695 1494 τρεῖς
2730 1422 3012 1490 εὐλογίας,
3057 1422 3151 1474 καὶ
3182 1419 3512 1491 ἀνεχώρησα
3548 1422 3628 1482 εἰς

2033 1513 2125 1566 τὸν
2169 1511 2317 1566 οἶκόν
2351 1531 2474 1584 μου,
2541 1514 2809 1585 ἐρυθριῶν
2867 1515 3042 1566 εἰπεῖν
3101 1511 3211 1565 τινί
3242 1512 3293 1565 τί
3334 1528 3465 1564 ποτε
3497 1513 3625 1581 περὶ

2034 1603 2224 1660 αὐτοῦ.
2280 1606 2425 1658 Διότι
2494 1608 2694 1669 πάντες
2758 1601 3236 1675 ἐπληροφοροῦντο
3283 1602 3368 1655 ὅτι
3433 1600 3626 1673 ἔξηχός

2037 1699 2203 1752 ἐστιν.

2108 1791 2168 1851 ν’,
2228 1792 2511 1864 ’Ᾱνωτέρω
2563 1793 2900 1863 εἰρήκαμεν,
2956 1790 3038 1844 ὅτι
3093 1790 3317 1859 ἐποίησέ
3356 1807 3409 1843 τι
3442 1788 3627 1859 θαῦμα

2036 1889 2115 1949 εἰς
2144 1887 2235 1939 τδν
2260 1886 2482 1954 θεοφιλῆ
2507 1885 2697 1956 ἄνδρα,
2718 1886 2809 1938 τὸν
2841 1885 2934 1938 καὶ
2965 1885 3053 1936 τὸν
3080 1883 3194 1953 βίον
3231 1883 3397 1936 αὐτοῦ
3427 1882 3629 1952 ἐξηγη-

2038 1981 2273 2050 σάμενον
2305 1982 2456 2049 ἡμῖν.
2503 1979 2561 2032 Ὀ
2585 1979 2639 2031 δὲ
2671 1979 2869 2049 τρόπος
2905 1977 2998 2030 τοῦ
3045 1976 3323 2047 θ;.ύματός
3362 1977 3507 2028 ἐστιν
3532 1976 3629 2029 οὖ-

2037 2091 2166 2136 τως·
2202 2074 2360 2137 Τινὲς
2403 2073 2694 2142 κακοῦργοι
2724 2074 2990 2142 ἐποίησαν
3031 2072 3209 2141 φόνον,
3250 2070 3346 2124 καὶ
3370 2069 3625 2134 λαϐόντες

2034 2164 2097 2218 τὸ
2119 2167 2406 2235 σκήνωμα,
2440 2164 2672 2235 ἔρριψαν
2703 2163 2791 2218 διὰ
2821 2163 3034 2236 θυρίδος
3071 2164 3176 2226 ἕως
3213 2163 3305 2215 τὸν
3347 2155 3494 2214 οἶκον
3533 2160 3628 2214 τοῦ

2036 2254 2330 2323 εἰρημένου
2367 2252 2783 2323 Θεοφιλεστάτου
2830 2253 3044 2322 ἀνδρός.
3079 2253 3340 2323 Ταραχῆς
3391 2247 3483 2304 οὖν
3525 2252 3629 2303 οὐκ

2036 2345 2223 2416 ὀλίγης
2248 2347 2570 2417 γενομένης.
2601 2342 2766 2417 ἦλθεν
2786 2347 2864 2408 εἰς
2897 2345 2988 2398 τὸν
3014 2345 3250 2416 ἄρχοντα
3280 2344 3339 2397 τὸ
3371 2346 3626 2415 πρᾶγμα,

2036 2437 2131 2490 καὶ
2164 2437 2488 2506 ἐψηφίσατο,
2510 2438 2596 2490 ἵνα
2625 2437 2936 2508 φουρκισθῇ
2963 2439 2992 2490 6
3025 2436 3185 2506 κῦρις
3222 2436 3497 2507 Ἰωάννης.
3540 2436 3627 2499 Ὠς

2037 2524 2131 2583 οὖν
2169 2529 2334 2597 ἀπῄει
2371 2530 2684 2589 ἀποθανεῖν,
2717 2529 2870 2583 οὐδὲν
2899 2530 3027 2584 ἄλλο
3056 2529 3243 2596 ἔλεγεν
3294 2531 3374 2592 είς
3412 2529 3627 2591 ἐαυτὸν,

2038 2624 2088 2677 εἰ
2116 2624 2214 2693 μή·
2235 2623 2291 2675 Ὀ
2310 2621 2442 2686 Θεὸς
2470 2622 2562 2675 τοῦ
2589 2623 2785 2688 Σαλοῦ,
2810 2622 3122 2694 παράστηθί
3155 2639 3246 2692 μοι
3275 2624 3338 2691 τῇ
3367 2620 3633 2692 ὥρᾳταύ-

2037 2733 2127 2786 τῃ.
2157 2713 2264 2768 Τοῦ
2289 2717 2493 2787 Κυρίου
2517 2715 2573 2769 δέ
2603 2716 2852 2780 θέλοντος
2879 2716 3050 2770 σῶσαι
3082 2716 3243 2768 αὐτὸν
3274 2717 3340 2769 ἐκ
3379 2715 3478 2786 τῆς
3503 2731 3632 2767 τοι-

2038 2802 2210 2873 αύτης
2256 2804 2645 2875 συκοφαντίας,
2705 2801 2838 2875 ἦλθέ
2894 2823 2999 2867 τις,
3049 2807 3147 2859 καὶ
3192 2805 3341 2873 λέγει
3378 2804 3458 2876 τῷ
3484 2804 3631 2875 ἀϐὁᾷ

2039 2893 2285 2966 Συμεών·
2324 2896 2583 2961 Ταπεινέ,
2619 2899 2647 2950 6
2675 2897 2825 2966 φίλος
2861 2915 2957 2951 σου
2997 2901 3205 2962 ἐκεῖνος
3229 2898 3430 2966 ὑπάγει
3459 2913 3628 2967 φουρ·

2039 2989 2295 3058 κισθῆναι
2342 2991 2370 3042 6
2414 2989 2578 3061 κῦρις
2626 2991 2902 3060 Ἰωάννης,
2944 2991 3039 3044 καὶ
3083 2991 3254 3054 ὅντως
3277 2992 3326 3044 εἰ
3355 2989 3625 3063 ἀποθάνῃ.

346 3071 529 3138 fame;
552 3090 678 3128 nam
704 3075 866 3130 talem
906 3090 1071 3130 nemo
1103 3075 1180 3129 tui
1212 3092 1398 3130 curam
1440 3077 1607 3131 habet
1634 3089 1795 3146 atque
1824 3077 1934 3131 ille.

2041 3079 2149 3133 ἀπὸ
2174 3081 2364 3144 πείνας
2396 3080 2783 3151 ἀποθνήσκεις,
2827 3083 2908 3135 ὅτι
2940 3082 3113 3142 οὐδείς
3146 3099 3205 3134 σε
3246 3080 3521 3152 φροντίζει
3551 3080 3629 3143 ὡς

347 3160 501 3215 Dixit
523 3172 707 3217 autem
736 3164 785 3218 ei
819 3166 1094 3233 quomodo
1132 3166 1340 3220 crimen
1385 3168 1551 3222 caedis
1599 3177 1748 3223 esset
1774 3169 1935 3222 ador-

353 3256 564 3329 natum.
592 3250 776 3305 Abbas
799 3251 1034 3322 Sytneon
1066 3255 1352 3310 stultitiam
1400 3258 1685 3321 mentitus,
1729 3258 1937 3312 dimisit

349 3354 503 3406 cum,
533 3342 623 3410 qui
661 3342 765 3396 hoc
792 3343 1084 3411 referebant,
1114 3356 1170 3402 et
1195 3349 1423 3404 secessit
1455 3350 1510 3403 in
1538 3352 1936 3406 occultumlo—

349 3444 503 3495 cum,
524 3474 525 3477 η
550 3430 664 3495 ubi,
696 3446 915 3502 semper
961 3436 1175 3497 orabat,
1210 3453 1371 3506 quem
1421 3455 1585 3494 nemo
1615 3451 1793 3506 norat,
1827 3441 1933 3496 nisi

350 3521 563 3577 amicus
595 3527 736 3593 ejus,
774 3524 865 3580 Dei
908 3541 1099 3582 amans
1146 3527 1405 3594 Joannes,
1438 3540 1494 3585 et
1525 3531 1678 3587 ﬂexis
1706 3534 1937 3601 genibus

352 3614 543 3669 orabat
573 3616 767 3681 Deum,
801 3628 863 3672 ut
888 3635 1109 3674 servum
1142 3636 1301 3677 suum
1327 3623 1585 3680 liberaret
1606 3641 1636 3678 e
1659 3627 1749 3680 tali
1789 3628 1937 3697 peri-

351 3705 496 3761 culo.
533 3705 825 3779 Postquam
868 3711 945 3776 hi,
986 3711 1078 3781 qui
1120 3727 1246 3767 eum
1283 3712 1578 3775 ducebant,
1615 3725 1674 3770 ut
1705 3733 1937 3788 suspen-

353 3796 600 3862 deretur,
632 3801 1013 3868 pervenissent
1045 3804 1111 3856 ad
1144 3804 1344 3867 locum,
1389 3805 1476 3861 ubi
1513 3816 1671 3861 erant
1708 3809 1936 3873 posituri

353 3883 601 3951 furcam,
653 3904 781 3944 ecce
833 3901 1131 3946 accurrunt
1184 3894 1401 3963 equites
1448 3897 1559 3964 (75l
1614 3908 1669 3953 et
1720 3900 1933 3967 dicunt,

356 3985 416 4030 ut
446 3977 621 4032 virum
652 3980 1037 4048 absolverent,
1084 3982 1341 4041 inventos
1402 4004 1525 4043 esse
1570 4007 1729 4046 veros
1770 3994 1936 4048 caedis

353 4078 633 4126 auctores.
1062 4096 1087 4105 “⁴

425 4249 513 4303 5i.
554 4251 848 4308 Absolutus
886 4253 1067 4324 itaque
1110 4258 1329 4323 statim,
1379 4270 1525 4315 recta
1579 4267 1825 4320 cucurrit
1869 4267 1937 4323 ad

353 4341 556 4405 locum,
588 4345 674 4398 ubi
706 4347 914 4401 sciebat
961 4364 1179 4418 semper
1219 4366 1377 4407 orare
1414 4355 1669 4411 abbatem
1710 4357 1936 4430 Symeo-

2038 3172 2266 3235 ἐκεῖνος.
2297 3168 2434 3224 Εἴπε
2468 3172 2525 3225 δέ
2552 3173 2702 3242 αὐτῷ
2743 3174 2837 3226 καὶ
2862 3174 2954 3227 τὸν
2978 3176 3181 3246 τρόπον
3209 3174 3310 3243 τῆς
3350 3172 3628 3227 καταπλο-

2037 3261 2140 3330 κῆς
2168 3261 2262 3313 τοῦ
2282 3262 2464 3331 φόνου.
2490 3264 2728 3331 Ποιήσας
2756 3260 2849 3318 οὖν
2894 3265 3087 3318 ἐαυτὸν
3129 3267 3158 3317 6
3194 3264 3369 3327 άδΰᾶς
3399 3261 3629 3333 Συμεὼν

2037 3350 2251 3421 ἔξηχον,
2281 3352 2494 3422 ἀφῆκεν
2531 3353 2621 3405 τὸν
2646 3354 2869 3407 εἰπόντα
2914 3354 3084 3424 αὐτῷ,
3124 3357 3218 3407 καὶ
3263 3352 3619 3424 ἀνεχώρησεν

2037 3443 2114 3504 είς
2152 3445 2314 3496 τόπον
2345 3444 2604 3514 κρυπτὸν,
2637 3446 2773 3498 ὅπου
2826 3444 3025 3516 ηὔχετο
3070 3449 3322 3507 πάντοτε,
3355 3445 3413 3498 ὃν
3436 3444 3622 3508 οὐδεὶς

2037 3534 2355 3600 ἐγίνωσκεν,
2391 3537 2438 3588 εί
2465 3536 2539 3607 μὴ
2570 3539 2597 3590 ὁ
2622 3537 2773 3604 φίλος
2802 3537 2965 3590 αὐτοῦ
3000 3541 3028 3591 ὁ
3055 3537 3306 3606 θεοφιλὴς
3334 3536 3631 3606 Ἰωάννης,

2038 3626 2135 3680 καὶ
2162 3626 2348 3691 κλίνας
2375 3628 2440 3681 τὰ
2478 3630 2704 3697 γόνατα,
2745 3630 3045 3699 παρεκάλει
3076 3631 3167 3682 τὸν
3188 3630 3322 3684 Θεὸν
3358 3629 3627 3701 ρυσθῆναι

2037 3720 2128 3772 τὸν
2154 3720 2319 3774 αὑτοῦ
2348 3721 2532 3774 δοῦλον
2560 3723 2623 3773 ἐκ
2660 3721 2754 3774 τοῦ
2798 3721 3044 3775 τοιοῦτον
3085 3722 3352 3777 κινδύνου.
3407 3723 3517 3777 Καὶ
3548 3723 3628 3788 ὡς

2039 3809 2279 3879 ἔφθασαν
2307 3812 2355 3864 οἱ
2384 3811 2767 3880 ἐξενέγκαντες
2798 3831 3088 3884 φουρκισαι
3117 3814 3281 3868 αὐτὸν
3308 3815 3388 3879 είς
3415 3815 3507 3870 τὸν
3532 3816 3626 3869 τό·

2038 3918 2140 3955 πον
2177 3903 2311 3956 ὅπου
2338 3903 2570 3975 ἤμελλον
2608 3907 2801 3976 στῆσαι
2842 3906 2938 3975 τὴν
2976 3905 3219 3977 φούρκαι
3263 3907 3429 3960 αὖτοῦ
3452 3949 3467 3971 ,
3513 3908 3624 3963 ἰδοὺ

2038 3994 2396 4066 καόαλλάριοι
2434 3996 2722 4067 τρέχοντες
2753 4000 2844 4050 καὶ
2885 3997 3136 4066 λέγοντες
3170 4000 3510 4068 ἀπολυθῆναι
3533 4000 3623 4053 τὸν

2038 4086 2239 4158 ἄνδρα,
2271 4089 2352 4142 ὅτι
2382 4088 2685 4160 εὑρέθησαν
2717 4093 2765 4144 οἱ
2802 4095 2893 4145 τὶν
2933 4093 3091 4160 φόνον
3113 4095 3168 4145 ἐν
3205 4092 3433 4165 ἀληθείᾳ
3464 4093 3622 4164 ποιή-

2043 4193 2236 4241 σαντες
2256 4222 2271 4239 ,

2113 4275 2213 4322 να’.
2249 4270 2567 4336 Ἀπολυθεὶς
2604 4270 2698 4326 οὖν
2723 4274 2946 4340 εὐθέως,
2975 4275 3395 4348 ὠρθοδρόμησεν
3425 4279 3506 4341 είς
3534 4276 3625 4330 τὸν

2039 4361 2225 4425 τόπον,
2258 4363 2394 4415 ὅπου
2437 4364 2550 4435 ᾔδει
2610 4366 2838 4418 πάντοτε
2874 4366 3276 4438 προσεύχεσθαι
3325 4370 3419 4422 τὸν
3450 4369 3626 4423 ἀδὸἄν

353 4447 502 4493 nem.
533 4442 588 4489 et
608 4438 955 4514 coasilicatus
987 4455 1113 4494 eum
1161 4444 1352 4511 procul
1396 4461 1592 4501 manus
1635 4451 1933 4506 extenden-

2044 4453 2292 4522 Συμεὼν,
2320 4456 2416 4509 καὶ
2439 4456 2561 4509 ἰδὼν
2589 4458 2752 4511 αὐτὸν
2778 4460 2884 4513 άπὸ
2917 4459 3156 4531 μήκοθεν
3188 4461 3501 4517 ἐκτείνοντα
3528 4463 3627 4526 τὰς

354 4534 463 4579 tem
522 4526 591 4580 ad
642 4529 861 4595 coelum,
913 4531 1109 4588 timuit.
1165 4534 1377 4592 Juravit
1427 4539 1575 4593 enim
1624 4555 1687 4595 se
1732 4543 1934 4598 vidisse

352 4617 544 4689 globos
572 4618 779 4689 igneos,
801 4624 894 4693 qui
921 4625 991 4680 ab
1020 4626 1141 4694 ipso
1168 4628 1529 4699 erumpebant
1552 4632 1605 4685 in
1627 4634 1849 4698 coelum,
1878 4645 1936 4690 et

355 4710 412 4763 in
444 4711 676 4767 circuitu
711 4715 828 4783 ejus
848 4718 1000 4786 quasi
1023 4718 1296 4774 clibanum
1332 4737 1642 4790 accensum,
1677 4718 1733 4780 et
1754 4726 1930 4795 ipsum

354 4800 412 4855 in
453 4800 654 4863 medio,
690 4804 827 4858 adeo
853 4814 911 4859 ut
939 4822 1048 4861 non
1078 4810 1550 4880 appropinquarit,
1589 4813 1768 4869 donec
1805 4831 1932 4870 ora-

355 4892 558 4947 tionem
588 4893 933 4950 absolvisset.
970 4897 1034 4951 Et
1056 4913 1356 4955 conversus
1386 4902 1611 4976 [inquit]
1644 4907 1778 4961 vidit
1812 4923 1931 4975 ine;

354 4993 410 5038 et
466 4994 755 5054 postquam
819 4987 1065 5050 vidisset,
1121 4991 1297 5046 dicit:
1348 4994 1489 5057 Quid
1541 5008 1648 5062 est,
1707 5000 1935 5056 diacone

352 5071 630 5128 Joannes?
657 5075 816 5136 Vere.
848 5091 976 5131 vere
997 5078 1252 5134 adbibisti
1283 5081 1595 5140 immodice.
1618 5091 1717 5141 Ast
1742 5090 1932 5154 abisis,

354 5178 471 5217 ora.
522 5163 649 5219 llaec
680 5178 916 5237 namque
956 5169 1051 5223 tibi
1089 5170 1286 5226 accidit
1332 5176 1579 5239 tentatio,
1624 5179 1752 5247 quia
1801 5181 1936 5237 duos

355 5258 659 5326 mendicos,
688 5262 806 5318 heri
855 5275 1125 5322 venerunt
1163 5268 1230 5322 ad
1265 5277 1336 5333 te,
1368 5286 1466 5340 pro
1496 5287 1564 5327 eo
1598 5289 1664 5328 ac
1696 5284 1933 5345 poteras,

2041 4547 2229 4616 χεῖρας
2256 4548 2337 4609 εἰς
2381 4546 2471 4600 τὸν
2511 4550 2759 4619 οὐρανὸν,
2803 4551 3069 4622 ἐφοϐήθη.
3117 4553 3356 4624 Ὤμνυεν
3396 4556 3504 4626 γὰρ
3543 4555 3626 4607 ὅτι

2043 4637 2276 4707 σφαίρας
2295 4638 2464 4708 πυρὸς
2486 4641 2865 4712 ἀνερχομένας
2884 4644 2942 4708 ἐξ
2971 4643 3136 4697 αὑτοῦ
3168 4646 3248 4706 εἰς
3282 4647 3370 4698 τὸν
3397 4646 3628 4718 οὐρανὶν

2040 4729 2287 4801 ἐθεώρει,
2322 4733 2415 4784 καὶ
2463 4733 2649 4803 κύκλῳ
2703 4736 2868 4789 αὐτοῦ
2905 4735 2980 4800 ὡς
3019 4737 3276 4792 κλίϐανον
3313 4740 3624 4809 καιόμενον,

2045 4824 2138 4875 καλ¹
2171 4822 2334 4876 αὐτὸν
2358 4827 2436 4888 εἰς
2467 4825 2525 4878 τὸ
2563 4828 2750 4895 μέσον,
2780 4827 2922 4881 ὥστε
3098 4831 3396 4900 πλησιάσαι
3452 4832 3624 4901 αὐτῷ,

2042 4917 2146 4979 ἓως
2170 4911 2233 4971 οὗ
2261 4918 2356 4987 τὴν
2385 4920 2550 4987 εὐχὴν
2581 4918 2919 4982 ἐτελείωσεν,
2959 4922 3053 4974 καὶ
3099 4923 3361 4993 στραφεὶς
3399 4923 3508 4976 ἴδεν
3535 4940 3625 4994 με,

2042 5009 2138 5062 καὶ
2168 5009 2292 5062 ἰδὼν
2316 5011 2515 5075 εὐθέως
2546 5011 2694 5079 λέγει
2718 5028 2840 5081 μοι’
2869 5012 2933 5065 Τί
2957 5014 3096 5074 ἐστι,
3133 5013 3346 5067 διάκονε
3373 5015 3623 5085 ’1ωάννη;

2041 5101 2230 5161 ὅντως,
2255 5102 2441 5166 ὅντως,
2463 5104 2613 5171 παρὰ
2643 5104 2834 5173 κόμμα
2862 5103 3047 5166 ἔπινες
3077 5105 3248 5174 αὐτῷ,
3277 5106 3393 5159 ἀλλ’
3422 5104 3625 5175 ὕπαγε,

2043 5190 2215 5257 εὖξαι.
2258 5190 2427 5257 Οὗτος
2464 5195 2517 5247 δὲ
2539 5197 2566 5248 ὁ
2589 5196 2896 5266 πειρασμὸς
2919 5196 3120 5263 συνέϐη
3157 5214 3260 5262 σοι,
3294 5197 3431 5250 διότι
3461 5192 3628 5268 ἧλθΝ

2044 5282 2169 5353 χθὲς
2186 5285 2242 5336 οξ
2264 5284 2357 5336 δύο
2381 5286 2586 5355 πτωχοὶ
2628 5288 2765 5355 πρὸς
2795 5286 2878 5352 σὲ,
2913 5289 3007 5341 καὶ
3042 5287 3291 5359 εὐπορῶν
3316 5289 3501 5343 δοῦναι
3529 5290 3630 5342 αὑ-

1842 5433 2080 5495 NOTAE.

428 5507 538 5580 (22(3)
572 5509 762 5578 Capite
789 5513 985 5580 primo.

429 5577 964 5660 εῖμλτὸίρκῆνωμα
1016 5594 1100 5640 est
1150 5588 1450 5649 tentorium,
1483 5591 1926 5660 tabernaculum,

354 5646 613 5732 habitatio
636 5665 654 5702 :
681 5650 771 5704 hic
795 5646 1104 5732 usurpatur
1142 5646 1532 5732 peragam-liti);
1576 5678 1674 5731 pro
1717 5646 1931 5732 corpore

362 5716 445 5768 vel
471 5716 743 5781 cadavere,
768 5720 908 5787 quod
934 5716 1193 5778 habitatio
1215 5716 1408 5782 animis
1437 5716 1557 5783 fuit.

2110 5529 2221 5601 (75)
2254 5531 2492 5587 Lexicon
2526 5533 2705 5599 Cyﬂlli
2729 5550 2827 5590 ms.
2862 5542 2916 5590 et
2942 5534 3132 5591 Glossa
3158 5536 3373 5593 Basilio.
3405 5539 3628 5593 Καϐαλ-

2035 5599 2245 5684 λάιριος,
2279 5602 2537 5684 ἔφιππος,
2616 5607 2672 5657 ἐν
2692 5606 2846 5677 ἵππῳ
2875 5608 3204 5684 καθῄμενος.
3238 5608 3489 5684 ῌάὸαλος
3516 5613 3630 5684 γάρ

2037 5671 2067 5721 6
2099 5671 2283 5749 ἵππος.
2309 5671 2670 5742 Cavallarius,
2700 5671 2877 5747 eques,
2904 5671 3144 5749 quisque
3163 5679 3371 5734 insidet.
3391 5671 3631 5736 Cardie}

2042 5741 2180 5793 enim
2212 5752 2285 5795 est
2317 5759 2496 5809 equus.
