3956 6220
294 334 433 397 1733

1572 330 1742 389 Vl'l‘A
1786 330 1843 387 S.
1871 329 2174 389 SYMEON
2184 329 2276 389 IS.

3434 340 3571 406 1734

290 449 422 511 τοῖς,
456 445 804 517 ἀπέστριιξιας
830 444 1051 508 αὑτούς*
1087 443 1162 515 μὴ
1202 442 1309 513 γὰρ
1352 442 1421 496 σά
1463 444 1601 495 εἰσιν
1638 442 1673 497 ἃ
1704 442 1880 505 δίδως,

1988 457 2097 495 non
2125 441 2443 506 sublevasti,
2486 442 2581 498 sed
2631 443 2889 512 reiecisti.
2935 445 3051 501 Non
3081 448 3226 502 enim
3275 458 3368 505 tua
3418 462 3550 507 sunt

289 538 504 606 ἀδελφέ,
544 539 604 590 Εἰ
638 538 887 599 ἀπιστεῖς
916 535 992 606 τῷ
1019 536 1247 600 εἰπόντι,
1269 536 1350 587 ὃτι
1382 534 1613 596 ἕκαστος
1648 534 1717 587 τὰ
1744 533 1879 587 πλα-

291 631 442 684 σίονα
480 632 508 682 6
535 629 870 699 μεταδλόοὑς,
916 628 1149 698 λήψεται
1183 629 1241 679 ἐν
1266 625 1345 697 τῷ
1373 626 1466 680 νῦν
1504 627 1680 688 αἰῶνι,
1708 627 1800 679 καὶ
1822 627 1879 678 ἓν

287 721 367 793 τῷ
399 721 645 791 μέλλοντι
681 719 825 791 ζωὴν
851 720 1070 773 αἰώνιον
1096 718 1518 790 κληρονομήσει.
1563 719 1622 770 El
1648 717 1743 788 μὲν
1780 717 1878 771 οὑκ

289 816 546 884 ἀπιστῇς,
582 813 691 877 δός.
727 814 787 866 Εἰ
820 814 875 865 δὲ
896 814 958 865 οὑ
984 812 1168 875 δίδως,
1198 811 1429 883 φανερὸς
1448 807 1499 863 ei
1524 811 1605 863 ὅτι
1633 811 1879 871 ἀπιστεῖς

290 906 367 977 τῷ
402 908 612 976 Κυρίῳ.
657 905 790 959 Ἰδοὺ
811 904 958 971 λόγοι
992 903 1178 967 σαλοῦ,
1207 904 1406 973 μᾶλλον
1431 903 1486 955 δὲ
1511 901 1675 972 σοφοῦ
1699 903 1876 969 ἁγίου.

294 998 434 1071 Πρὸς
467 998 654 1052 τοῦτον
697 997 795 1067 μὲν
820 997 927 1068 γὰρ
961 996 1052 1048 τὸν
1089 993 1249 1065 κῠριν
1283 996 1576 1066 Ἰωάννην,
1609 996 1690 1047 ὅτι
1727 994 1877 1065 εὑρί-

292 1106 483 1142 σκοντο
518 1092 568 1142 οἱ
599 1088 692 1141 δύο
727 1088 869 1141 κατὰ
924 1086 1116 1157 μόνας,
1149 1086 1300 1140 οὐδὲν
1337 1085 1508 1138 ἐποίει
1565 1083 1660 1138 τοῦ
1688 1083 1872 1137 σαλοῦ.

302 1182 442 1235 Ἀλλ’
467 1180 640 1245 οὑτως
672 1181 963 1251 εὐρύθμως
986 1182 1079 1233 καὶ
1102 1178 1592 1247 κατανενυγμένως
1622 1180 1880 1246 συνετύγ-

288 1290 452 1343 χανεν
489 1272 675 1343 αὑτῷ,
727 1273 804 1335 ὡς
861 1271 1125 1333 πολλάκις
1165 1269 1397 1324 εὐωδίαν
1453 1269 1772 1340 ἐξέρχεσθαι
1813 1271 1878 1323 ἐκ

290 1365 384 1420 τοῦ
420 1365 689 1437 στόματος
719 1364 904 1427 αὑτοῦ,
946 1363 1021 1427 ὡς
1053 1360 1425 1415 διεϐεϐαιοῦτο
1455 1353 1612 1423 οὗτος
1650 1360 1679 1411 6
1719 1358 1877 1430 κῦρις

302 1454 596 1525 Ἰωάννης,
653 1454 796 1508 ὥστε
854 1452 1053 1523 μικροῦ
1113 1452 1244 1515 δεῖν,
1278 1452 1533 1504 ἀπιστεῖν
1566 1467 1655 1520 με,
1707 1450 1869 1503 αὑτὸν

289 1539 431 1598 εἶναι
449 1546 540 1599 τὸν
580 1545 687 1617 πρὸ
714 1544 866 1616 ὥρας
889 1543 1072 1598 σαλόν.
1107 1541 1252 1614 Πρὸς
1278 1540 1337 1594 δὲ
1384 1541 1632 1604 ἅπαντας
1663 1539 1869 1612 ἑτέρως

290 1628 537 1687 διέκειτο.

1981 530 2169 596 frater,
2194 549 2314 603 qua:
2349 535 2464 589 das.
2532 535 2728 589 Annon
2765 537 2943 593 credis
2966 540 3039 602 ei,
3072 541 3165 610 qui
3200 542 3375 597 dixit:
3412 542 3568 608 Quod

1981 625 2378 694 unusquisque,
2431 625 2523 695 qui
2574 627 2799 698 largitus
2861 629 3061 697 fuerit,
3117 642 3446 703 accepturus
3498 636 3570 689 sit

1982 715 2139 785 plura
2169 716 2221 770 in
2248 719 2504 786 praesenti
2543 722 2763 786 sarculo,
2792 722 2924 776 etin
2969 723 3159 779 futuro
3191 725 3568 782 hereditatem

1980 816 2243 863 aeternam
2265 810 2287 861 ?
2309 809 2363 863 Si
2406 811 2607 875 credis,
2644 814 2730 868 da.
2770 814 2825 869 Si
2854 832 2985 870 vero
3020 833 3130 872 non
3187 818 3305 884 des,
3336 820 3571 876 manife-

1981 911 2124 956 stum
2177 915 2261 957 ρει
2304 910 2355 957 te
2398 904 2629 960 Demino
2660 923 2768 961 non
2812 909 3057 964 credere.
3116 910 3253 971 Ecce
3303 929 3411 967 non
3457 923 3566 967 tam

1982 988 2116 1059 Sali,
2139 1007 2234 1046 seu
2257 992 2391 1049 fatui
2421 992 2659 1049 hominis
2686 996 2875 1061 verba,
2899 1012 3061 1066 quam
3084 999 3255 1053 sancti
3279 1000 3564 1069 sapientis.

1978 1082 2114 1138 Nam
2153 1084 2297 1154 apud
2331 1085 2615 1141 Dominum
2643 1088 2932 1152 Joannem,
2977 1092 3197 1160 quando
3239 1091 3351 1146 duo
3399 1091 3565 1146 simul

1977 1173 2214 1241 agebant
2249 1175 2502 1238 seorsim,
2535 1175 2671 1229 nihil
2704 1175 2938 1231 faciebat
2971 1178 3158 1243 stulti;
3206 1193 3394 1232 verum
3429 1177 3567 1233 adeo

1979 1264 2249 1319 concinne
2278 1273 2336 1319 et
2367 1274 2514 1320 tanta
2535 1269 2961 1339 compunetione
2982 1269 3177 1338 agebat
3205 1285 3329 1325 cum
3357 1269 3471 1333 illo,
3505 1276 3566 1322 ut

1979 1355 2181 1426 saepius
2208 1357 2387 1412 bonus
2408 1358 2543 1411 odor
2571 1373 2640 1413 ex
2667 1376 2762 1414 ore
2788 1361 2909 1429 ejus
2938 1367 3286 1430 erumperet;
3315 1359 3395 1414 uti
3416 1374 3567 1414 asse-

1976 1449 2184 1502 veravit
2210 1449 2353 1504 idem
2396 1448 2661 1505 Dominus
2691 1451 2952 1517 Joannes,
2988 1462 3043 1507 et
3081 1466 3273 1522 parum
3319 1452 3563 1515 abesset,

1977 1542 2110 1611 quin
2136 1557 2245 1596 non
2285 1541 2559 1608 crederet,
2590 1543 2844 1597 eumdem
2881 1542 3032 1597 illum
3065 1559 3207 1609 esse,
3259 1542 3354 1613 qui
3398 1540 3565 1611 paulo

1980 1643 2107 1689 ante
2136 1642 2255 1689 erat
2281 1630 2485 1689 fatu-us.
2516 1631 2627 1689 Sed
2660 1634 2803 1702 apud
2839 1633 2974 1688 alios
3013 1633 3173 1688 aliter
3220 1647 3278 1687 se
3310 1633 3559 1702 gerebat.

1764 1771 1921 1829 CAP.
1954 1769 2089 1828 Vili.

1447 1884 1672 1957 Reliqua
1723 1886 1989 1942 miracula
2023 1887 2394 1956 expediuntur.

363 2000 463 2073 νβ’.
502 2001 657 2055 Ἔστι
697 1998 806 2070 γὰρ
855 2000 945 2053 ὅτε
988 1996 1519 2068 καταλαμϐανούσης
1563 1998 1662 2067 τῆς
1712 1998 1874 2067 ἁγίας

2048 1999 2139 2054 52.
2181 1999 2319 2054 Dum
2354 2000 2669 2058 advenisset
2703 2012 2888 2058 sancta
2941 2002 3058 2058 dies
3091 2002 3394 2069 Dominica,
3429 2019 3566 2059 con-

293 2093 602 2165 Κυριακῆς,
642 2092 942 2162 λαμϐάνειν
980 2091 1144 2145 αὑτὸν
1172 2091 1360 2161 σειρὰν
1401 2090 1693 2144 σαλσικξων
1719 2128 1734 2153 ,
1780 2092 1875 2145 καὶ

293 2190 479 2259 φορεῖν
514 2187 652 2239 αὑτὰ
683 2186 759 2248 ὡς
774 2184 1020 2255 ὀράριον,
1052 2184 1148 2236 καὶ
1173 2185 1400 2251 κρατεῖν
1430 2184 1487 2235 ὲν
1520 2184 1586 2252 τῇ
1615 2182 1878 2253 ἀριστερᾷ

292 2277 460 2330 αὑτοῦ
483 2277 627 2346 χειρὶ
652 2275 858 2345 σίνηπι,
886 2274 982 2328 καὶ
1012 2271 1187 2335 οὕτως
1234 2272 1467 2342 βάπτειν
1521 2273 1617 2326 καὶ
1645 2272 1879 2343 τρώγειν

295 2366 403 2420 ἀπὸ
432 2366 598 2435 πρωῒ.
628 2367 791 2427 Τινὰς
822 2365 879 2417 δὲ
918 2365 1012 2417 καὶ
1057 2362 1243 2434 ἔχριεν
1280 2366 1361 2426 εἰς
1409 2362 1469 2416 τὸ
1495 2364 1670 2434 στόμα
1699 2364 1879 2417 αὑτῶν

297 2460 362 2511 ὲκ
389 2457 485 2510 τοῦ
516 2459 788 2525 σινήπεως
820 2457 884 2509 ὲκ
916 2455 1024 2508 τῶν
1050 2455 1362 2525 ἐρχομένων
1395 2455 1587 2520 παῖξαι
1625 2455 1740 2525 μετ’
1785 2455 1882 2509 αὑ-

296 2547 412 2603 τυῦ.
440 2548 604 2601 Ὅθεν
639 2548 732 2599 καί
757 2564 837 2609 τις
864 2546 1040 2599 ἐλθὼν
1074 2547 1408 2615 προσπαίξαι
1433 2547 1583 2617 αὑτῴ
1623 2547 1879 2617 χωρικὸς,

297 2642 436 2711 ἔχων
452 2642 511 2693 ὲν
528 2643 636 2702 τοῖς
654 2640 712 2692 δυ
722 2640 805 2692 σὶν
825 2638 1125 2708 ὀφθαλμοῖς
1144 2638 1307 2691 αὑτοῦ
1327 2636 1655 2708 λευκώματα
1673 2638 1880 2708 ἅσπρα,

298 2732 523 2802 ὲχρξσθη
548 2731 637 2783 ὑπ’
664 2728 830 2783 αὑτοῦ
863 2733 928 2781 ὲκ
961 2728 1054 2782 τοῦ
1094 2730 1369 2799 σινήπεως
1408 2732 1488 2793 εἰς
1526 2731 1651 2791 τοὺς
1681 2729 1884 2797 ὀφθαλ-

299 2825 435 2893 μοὺς
456 2823 644 2877 αὑτοῦ.
688 2822 795 2876 Τοῦ
826 2822 882 2875 δὲ
938 2822 1266 2888 στνφθέντος
1295 2821 1402 2886 ἓως
1439 2823 1693 2888 θανάτου,
1734 2823 1885 2891 λέγει

298 2914 465 2984 αἰτῷ·
484 2914 724 2980 Ὕπαγε,
756 2913 932 2981 νίψαι.
966 2912 1154 2982 ἕξηχε,
1182 2912 1259 2973 εἰς
1285 2913 1403 2978 ὄξος
1434 2912 1528 2964 καὶ
1555 2915 1635 2975 εἰς
1661 2912 1882 2983 σκόρδα,

298 3008 393 3061 καὶ
424 3005 584 3070 εὐθὺς
614 3005 901 3074 ὑγιαίνεις.
944 3003 1180 3068 Ἐκεῖνος
1214 3004 1269 3056 δὲ
1296 3002 1370 3065 ὡς
1394 3003 1581 3057 δοκῶν
1602 3021 1656 3056 τι
1689 3007 1884 3069 ποιεῖν,

298 3097 500 3161 εὐθέως
528 3098 610 3160 εἰς
660 3098 880 3167 ἰατροὺς
930 3096 1190 3166 ἔδραμεν,
1228 3096 1322 3148 καὶ
1355 3094 1540 3148 πλεῖον
1574 3096 1884 3164 ἐτυφλώθη.

298 3187 465 3253 Τέλος
484 3185 578 3242 οὖν
607 3188 713 3242 ἀπὸ
747 3189 944 3258 μανίας
974 3186 1163 3257 ὀμνύει
1207 3186 1456 3257 Συριστί·
1512 3186 1606 3241 Μὰ
1627 3186 1720 3239 τὸν
1756 3187 1889 3241 Θεὸν

298 3279 394 3334 τοῦ
432 3280 685 3351 οὐρανοῦ,
716 3280 810 3333 ἐὰν
834 3278 997 3349 ἔχωσι
1032 3278 1239 3340 εὐθέως
1282 3278 1522 3347 πηδῆσαι
1571 3278 1620 3329 oi
1658 3276 1751 3330 δύο
1786 3294 1888 3347 μου

1979 2089 2117 2161 tigit,
2147 2100 2207 2144 ut
2240 2093 2517 2163 acceperit
2562 2093 2761 2148 seriem
2806 2092 2921 2164 (76)
2968 2093 3313 2148 farciminum
3345 2094 3480 2165 (77),
3512 2106 3568 2151 et

1981 2182 2070 2236 illa
2113 2182 2283 2239 ferret
2329 2192 2587 2254 tanquam
2653 2185 2918 2246 orarium,
2970 2193 3024 2239 et
3083 2193 3296 2240 teneret
3346 2185 3564 2241 sinistra

1982 2290 2145 2329 manu
2178 2275 2374 2345 sinapi,
2407 2283 2463 2331 et
2488 2275 2567 2331 sic
2595 2290 2625 2329 a
2667 2276 2841 2346 prima
2885 2276 3005 2330 luce
3034 2275 3266 2346 lingeret
3305 2285 3360 2329 et
3391 2292 3569 2330 come-

1981 2367 2155 2421 deret.
2184 2366 2504 2437 Aliquorum
2547 2381 2676 2421 vero
2709 2382 2774 2421 ex
2819 2366 2907 2430 iis,
2950 2367 3041 2435 qui
3090 2367 3270 2421 lusum
3292 2381 3417 2421 cum
3448 2367 3565 2435 ipso

1982 2467 2266 2520 venerant.
2301 2457 2584 2513 oblinebat
2624 2472 2721 2512 eos
2757 2456 2956 2525 sinapi.
2998 2453 3137 2511 llinc
3168 2466 3295 2511 cum
3323 2458 3568 2510 venisset

1980 2548 2177 2619 aliquis
2208 2549 2446 2604 rusticus
2473 2564 2597 2603 cum
2629 2564 2696 2603 eo
2725 2549 2967 2613 lusurus,
2999 2549 3160 2617 cujus
3181 2558 3412 2617 uterque
3430 2563 3567 2602 ocu—

1982 2639 2067 2693 lus
2095 2638 2368 2693 laborabat
2392 2637 2618 2691 candida
2645 2638 2921 2709 albugine,
2942 2637 3243 2707 inungebat
3271 2647 3569 2707 utrumque

1983 2734 2102 2799 e',us
2136 2729 2354 2788 oculum
2402 2729 2600 2799 sinapi.
2656 2729 2794 2793 Cui,
2833 2731 2902 2784 ad
2949 2740 3184 2784 mortem
3221 2745 3395 2799 usque
3435 2730 3570 2785 allii-

1985 2831 2152 2889 ctato,
2189 2822 2322 2876 dicit
2358 2840 2371 2875 :
2407 2821 2531 2888 Abi,
2564 2822 2785 2886 stolide,
2815 2822 2960 2878 alliis
2996 2832 3052 2878 et
3082 2831 3240 2877 aceto
3259 2831 3312 2876 te
3335 2824 3473 2889 lava,
3515 2833 3573 2879 et

1985 2915 2251 2969 saaabcre
2271 2914 2520 2984 jamjam.
2582 2915 2671 2969 llie
2701 2930 2853 2977 vero,
2895 2922 2955 2967 ut
2999 2913 3090 2984 qui
3124 2914 3467 2969 existimaret
3510 2930 3573 2969 se

1986 3004 2282 3074 quidquam
2302 3003 2648 3067 eﬂeclurnm,
2676 3005 2929 3074 protinus
2946 3004 3013 3058 ad
3041 3004 3283 3059 medicos
3305 3005 3571 3070 cucurrit,

1988 3102 2044 3146 et
2094 3092 2266 3163 magis
2284 3092 2654 3148 vczeeuliebat.
2706 3091 2949 3147 Tandem
3006 3092 3192 3163 itaque
3232 3092 3415 3148 furore
3454 3108 3576 3163 per-

1989 3185 2153 3249 citus,
2186 3184 2337 3253 jurat
2371 3181 2591 3254 Syriace
2622 3201 2640 3238 :
2689 3182 2792 3239 Per
2826 3185 2999 3239 Deum
3037 3184 3182 3251 cmli,
3220 3186 3435 3241 tametsi
3463 3194 3573 3241 sta-

1994 3275 2090 3330 tim
2137 3279 2246 3330 duo
2290 3277 2398 3330 mei
2446 3276 2593 3330 oeuli
2635 3276 2898 3331 deberent
2947 3278 3187 3340 exsilire,
3241 3277 3389 3346 quod
3438 3276 3573 3331 mihi

298 3372 588 3444 ὀφθαλμοὶ,
624 3372 750 3426 εἴτι
786 3369 943 3425 εἶπέν
974 3387 1067 3441 μοι
1104 3371 1132 3422 6
1160 3370 1350 3434 Σαλὸς,
1387 3368 1546 3423 ποιῶ.
1592 3370 1700 3423 Καὶ
1734 3370 1884 3441 νιψα-

1993 3381 2212 3435 cunque
2248 3365 2408 3421 Salus
2438 3365 2657 3433 dixerit,
2690 3367 2906 3422 faciam.
2936 3367 3228 3439 Postquam
3262 3369 3482 3425 lavisset
3505 3385 3577 3424 ex

301 3469 464 3540 μένου
498 3468 686 3532 αὑτοῦ,
741 3468 816 3531 ὼς
864 3461 1019 3522 εἶπεν
1072 3466 1260 3537 αὐτῷ,
1302 3465 1504 3528 εὑθὲως
1554 3464 1801 3531 ἐγένοντο
1838 3467 1888 3519 οἱ

298 3561 571 3632 ὀφθαλμοὶ
596 3561 762 3614 αὑτοῦ
782 3562 977 3628 ὑγιεῖς,
997 3559 1072 3622 ὼς
1098 3560 1162 3610 ἐκ
1190 3559 1457 3627 γεννητῆς
1476 3557 1728 3626 καθαροκ,
1746 3557 1889 3610 ὥστε

297 3650 542 3714 δοξάζειν
586 3650 750 3701 αὑτὸν
808 3649 902 3701 τὸν
946 3648 1102 3701 Θεόν.
1158 3647 1292 3701 Τότε
1330 3649 1654 3716 ἀπαντήσας
1680 3647 1831 3719 αὑτῷ
1858 3650 1887 3701 6

300 3740 488 3803 Σαλὸς,
507 3739 656 3807 λέγει
684 3738 860 3808 αὐτῷ·
906 3738 1037 3790 Ἰδοὺ
1064 3738 1314 3805 ὑγίανας,
1343 3737 1527 3807 ἐξηχε,
1553 3739 1747 3807 μηκέτι
1773 3738 1891 3791 κλέ-

302 3846 443 3902 πτῃς
469 3829 535 3882 τὰ
557 3828 766 3896 αἰγίδια
797 3825 890 3880 τοῦ
926 3827 1191 3895 γείτονος.
1251 3825 1496 3894 Ἐκλάπη
1544 3846 1627 3891 τις
1661 3828 1888 3899 λογάριν

300 3924 359 3975 ἐν
419 3921 625 3992 Ἐμέσῃ
681 3920 995 3990 νομίσματα
1035 3920 1383 3980 πεπακὸσια,
1430 3921 1523 3973 καὶ
1577 3919 1651 3985 ὡς
1705 3922 1888 3992 ἐζήτει

301 4014 463 4079 αὑτὰ,
496 4013 712 4083 ἀπαντᾷ
736 4012 889 4083 αὑτῴ
916 4015 944 4065 6
968 4012 1141 4075 ἁὸϐἆς
1174 4009 1420 4081 Συμεὼν,
1467 4011 1754 4071 καὶ,θέλων
1788 4029 1888 4083 με·

300 4106 533 4161 ταὸάλαι
558 4105 768 4170 ἑαυτὸν,
793 4104 943 4174 λέγει
977 4105 1111 4175 πρὸς
1157 4104 1343 4157 αὑτόν·
1388 4103 1627 4156 Δύνασαι
1660 4103 1887 4174 ποιῆσαί

299 4193 354 4246 τί
376 4209 528 4255 ποτε,
559 4191 745 4262 ἐξηχε,
784 4193 869 4245 ἵνα
904 4192 1171 4262 εὑρεθὼσι
1202 4192 1269 4245 τὰ
1296 4190 1582 4245 ὀλοκότινά
1616 4210 1747 4263 μου;
1780 4192 1887 4247 Λέ-

301 4300 389 4351 γει
410 4281 558 4350 αὑτῷ
581 4284 809 4346 ἐκεῖνος·
842 4283 971 4336 Ἐὰν
1004 4282 1321 4354 θέλῃς,ναί.
1357 4283 1520 4352 Λέγει
1560 4283 1708 4355 αὑτῷ
1741 4286 1888 4337 ἐκεῖ-

301 4386 413 4435 νοςο
446 4372 701 4442 Ποίησον,
736 4371 831 4425 κοιλ⁵
854 4371 947 4425 ἐὰν
969 4371 1290 4443 εὑρεθῶσιν,
1335 4369 1461 4424 δίδω
1492 4387 1574 4424 σοι
1607 4371 1761 4426 δέκα.
1795 4372 1890 4425 Λέ-

301 4479 388 4532 γει
410 4462 558 4532 αὑτῷ
595 4465 624 4516 6
656 4462 845 4525 Σαλός·
880 4462 945 4514 Εἰ
968 4478 1021 4515 τι
1052 4460 1191 4514 εἴπω
1230 4478 1334 4526 σοι,
1387 4461 1633 4533 ποίησον,
1686 4462 1780 4515 καὶ
1810 4464 1889 4525 εἰς

301 4554 362 4606 τὸ
388 4554 610 4623 σκευρίν
636 4570 730 4605 σου
758 4552 1033 4623 εὑρίσκεις
1065 4555 1130 4624 τῇ
1182 4553 1342 4606 νυκτὶ
1379 4552 1577 4624 ταύτῃ.
1625 4552 1888 4606 Συνέθετο

301 4643 395 4697 οὑν
423 4643 574 4715 αὑτῷ
635 4645 753 4715 μεθ’
804 4646 981 4715 ὅρκων
1014 4645 1095 4698 ὅτι
1152 4645 1281 4698 εἴτι
1330 4644 1458 4716 εἴπῃ
1500 4644 1666 4715 αὑτῷ,
1698 4643 1887 4698 ἀκούει

1990 3458 2309 3527 βρίθεσι-ἱριο
2342 3458 2475 3539 Sal},
2516 3475 2641 3513 mox
2686 3459 2828 3513 oculi
2883 3460 3005 3529 ejus
3038 3461 3211 3515 sanati
3242 3460 3483 3526 fuerunt,
3519 3470 3577 3514 et

1990 3557 2098 3604 tam
2134 3550 2402 3612 defaecati,
2440 3566 2603 3621 quam
2639 3551 2816 3619 primo
2855 3551 3023 3605 natali
3067 3551 3175 3618 die,
3206 3551 3343 3604 adeo
3369 3559 3429 3605 ut
3460 3551 3577 3605 lau-

1987 3639 2142 3693 daret
2185 3641 2375 3695 Deum.
2420 3641 2579 3696 Salus
2611 3641 2659 3694 ei
2701 3641 2921 3695 obviam
2972 3641 3169 3704 factus,
3216 3641 3396 3696 dixit:
3433 3644 3580 3699 Ecce

1987 3751 2157 3791 sanus
2183 3735 2362 3790 factus
2386 3751 2467 3799 es,
2508 3736 2710 3801 stulte;
2746 3735 2858 3790 noli
2882 3737 3113 3806 posthac
3142 3737 3310 3793 furari
3342 3740 3580 3809 capellas

1988 3828 2177 3883 vicini.
2215 3828 2395 3883 Alicui
2450 3830 2715 3898 quaerenti
2752 3829 3179 3901 quingentorum
3224 3846 3579 3889 nummorum

1988 3933 2258 3973 summam
2310 3918 2445 3989 (78),
2479 3919 2690 3974 Emesae
2742 3921 3082 3990 subreptam,
3132 3925 3375 3978 occurrit
3408 3925 3584 3980 abbas

1992 4004 2248 4077 Symeon.
2280 4007 2346 4061 Et
2369 4006 2479 4071 ine,
2509 4006 2783 4062 invertere
2805 4024 2865 4063 se
2890 4009 3100 4074 volens,
3127 4011 3259 4065 dicit
3280 4010 3537 4083 Symeoni
3561 4032 3573 4068 :

1991 4095 2164 4150 Potin’
2192 4111 2253 4150 es
2279 4095 2513 4161 elﬁcerc,
2549 4096 2766 4161 stolide,
2798 4107 2856 4151 ut
2896 4098 3109 4153 nummi
3153 4099 3257 4155 mei
3292 4100 3580 4155 invenian-

1991 4187 2120 4242 tur?
2150 4186 2249 4242 Cui
2291 4188 2381 4242 ille
2416 4206 2428 4242 :
2460 4187 2690 4243 Possum
2736 4189 2943 4259 utique,
2989 4191 3034 4244 si
3078 4190 3232 4246 velis.
3277 4192 3582 4262 Respondit

1989 4279 2127 4334 alter
2159 4297 2172 4332 :
2204 4278 2387 4347 Eﬁice,
2438 4287 2513 4343 et,
2542 4278 2589 4334 si
2629 4279 2998 4342 inveniantur.
3034 4281 3175 4337 dabo
3211 4282 3305 4338 tibi
3360 4285 3575 4339 decem.

1991 4369 2126 4424 Tum
2164 4369 2321 4424 Salus
2359 4388 2372 4423 :
2428 4368 2483 4423 Si
2529 4370 2661 4441 quid
2694 4370 2887 4426 dixero
2927 4372 3049 4440 tibi,
3097 4372 3300 4441 facito;
3330 4381 3388 4429 et
3419 4376 3582 4431 inve»

1989 4461 2108 4516 nies
2156 4461 2209 4515 in
2261 4461 2498 4517 armario
2543 4461 2654 4530 (79)
2702 4463 2806 4518 hac
2845 4463 3010 4518 etiam
3054 4472 3237 4520 nocte.
3266 4463 3402 4520 Dato
3429 4466 3582 4536 jure-

1985 4552 2222 4623 jurando
2252 4551 2340 4606 ille
2368 4551 2437 4607 ad
2466 4567 2527 4607 se
2548 4552 2775 4622 recepit,
2802 4553 2968 4622 quod,
3002 4554 3047 4607 si
3072 4553 3200 4624 quid
3227 4553 3327 4624 ipsi
3348 4555 3581 4619 diceret,

1989 4643 2277 4698 auditurus
2315 4643 2495 4714 ipsum
2554 4654 2719 4710 esset,
2770 4645 2932 4700 modo
2984 4656 3047 4699 ut
3096 4645 3235 4700 nihil
3280 4646 3583 4716 importuni

304 4736 490 4802 αὑτοῦ,
522 4738 683 4805 μόνον
715 4737 789 4808 μὴ
822 4736 1050 4806 ἄκαιρόν
1092 4739 1144 4791 τί
1181 4755 1310 4791 ποτε
1366 4738 1513 4811 εἴπῃ.
1551 4740 1713 4805 Λέγει
1741 4738 1884 4810 αὑτῷ

1995 4735 2101 4807 ipsi
2155 4735 2380 4791 diceret.
2421 4735 2560 4790 Dicit
2599 4735 2649 4789 ei
2691 4751 2954 4790 rursum:
3003 4736 3125 4802 Abi,
3169 4753 3425 4792 nummos
3456 4747 3582 4794 tuos

304 4828 466 4881 πάλιν
487 4845 500 4858 ·
521 4828 764 4897 ”Υπαγε,
795 4828 864 4882 τὰ
891 4829 1172 4883 ὀλοκὸτινά
1209 4847 1302 4882 σου
1326 4832 1353 4883 6
1380 4828 1565 4893 δοῦλός
1593 4847 1686 4881 σου
1713 4831 1741 4883 6
1774 4832 1894 4883 ὲπιο

306 4921 506 4991 κέρνης
534 4922 761 4991 ἐπῆρεν.
827 4922 970 4974 Ἀλλ’
1005 4922 1135 4986 ἰδοὺ,
1159 4921 1247 4985 δός
1278 4939 1368 4991 μοι
1410 4920 1590 4989 λόγον,
1620 4922 1698 4975 ὅτι
1729 4922 1788 4975 οὑ
1811 4922 1895 4975 δέ·

304 5032 419 5085 gat;
450 5014 635 5076 atatim,
687 5011 813 5067 οὔτε
857 5013 1017 5067 ἄλλον
1062 5013 1156 5066 τοῦ
1190 5013 1343 5067 οἴκου
1374 5028 1487 5065 σου·
1551 5012 1742 5082 ἐδαρεν
1781 5016 1891 5086 γὰρ

1968 4829 2221 4885 νειιειυιίι
2259 4844 2451 4884 servus
2504 4838 2653 4893 tuus,
2712 4829 2803 4899 qui
2847 4846 2876 4884 a
2920 4830 3129 4899 poculis
3180 4831 3294 4902 (80)
3349 4832 3443 4886 tibi
3472 4841 3577 4887 est.

1999 4920 2106 4976 Sed
2134 4936 2283 4985 ecce,
2321 4921 2388 4976 da
2422 4920 2553 4974 mihi
2578 4919 2738 4974 ﬁdem
2794 4919 2912 4975 fore
2947 4929 3005 4975 ut
3030 4922 3206 4992 ipsum
3238 4937 3345 4975 non
3381 4922 3581 4986 credas,

1996 5013 2081 5068 vel
2108 5013 2339 5083 aliquem
2365 5029 2395 5068 e
2427 5022 2514 5068 tua
2540 5013 2701 5068 domo
2739 5013 3003 5084 (caedebat
3034 5022 3218 5067 autem
3268 5014 3579 5084 acerrime).

1827 5130 2062 5185 NOTIE.

378 5224 487 5293 (76)
534 5222 647 5279 Vox
680 5200 975 5296 σειρᾶ.ρι·ο
1005 5240 1113 5294 qua
1130 5223 1320 5280 Latine
1352 5222 1727 5295 posui,series,
1749 5242 1894 5295 qua:-

305 5297 428 5356 Sila,
461 5296 555 5365 sed
588 5295 835 5365 nuspiam
867 5295 1112 5349 inventa.

398 5365 490 5434 77)
532 5364 754 5435 Legitur
809 5365 1245 5435 σαλσικοπὼλης,
1298 5374 1353 5422 et
1406 5364 1696 5435 exponitur
1746 5365 1889 5436 apud

304 5435 601 5506 Auctorem
649 5436 1021 5506 Etymologici,
1072 5436 1261 5504 fartor,
1304 5436 1656 5491 sarciininum
1698 5435 1890 5490 vendi-

306 5517 421 5573 tor;
455 5505 496 5559 E
528 5522 635 5576 quo
658 5505 805 5562 vocis
839 5505 1118 5561 σαλσίκιον
1143 5506 1466 5579 signiﬁcatio
1486 5507 1628 5562 haud
1659 5507 1892 5561 obscure

305 5579 537 5632 eruitur.

377 5650 489 5719 (78)
532 5648 780 5722 Δογάριν
824 5665 933 5703 non
998 5649 1306 5722 signiﬁcare
1368 5658 1688 5722 exactorem.
1728 5656 1889 5718 prout

305 5718 501 5787 legitur
555 5722 697 5789 apud
758 5721 999 5785 Surium,
1042 5718 1137 5775 sed
1197 5736 1459 5774 summam
1503 5720 1753 5787 pecuniaz,
1790 5734 1887 5771 seu

305 5801 509 5846 cutem
579 5792 940 5861 quantitatem
987 5807 1382 5858 nummorum,
1429 5790 1693 5860 exemplis
1747 5790 1888 5844 bene

1994 5225 2180 5280 multis
2214 5225 2451 5279 ostendit
2483 5222 2722 5295 Cangius
2748 5228 2800 5279 in
2839 5225 3129 5280 Glossario.

2066 5295 2180 5367 (ἵει)
2220 5296 2334 5351 Vox
2394 5296 2617 5367 σκευρὶν
2675 5296 2946 5351 abstrusa.
3001 5296 3225 5351 Videtur
3276 5295 3511 5367 derivari
3551 5311 3582 5349 a

1997 5365 2212 5429 σκεῦος,
2244 5383 2339 5420 vas
2367 5409 2381 5433 ,
2430 5365 2773 5436 quaecunque
2829 5366 3114 5435 utensilia;
3153 5375 3208 5421 ct
3245 5367 3377 5437 quid
3427 5365 3483 5437 ni
3522 5367 3583 5437 τὸ

1997 5439 2221 5506 σκευρὶν
2291 5437 2692 5508 signiﬁcatione
2780 5438 3056 5493 coincidat
3115 5436 3585 5491 cum’vocabulis

1997 5508 2311 5577 σκειάριον,
2359 5508 2689 5577 σκευοθήκη.

2069 5576 2181 5646 (30)
2234 5576 2740 5648 Ἐπικέρνηςὶάρηι
2770 5577 3043 5648 signiﬁcat
3077 5577 3222 5646 quod
3266 5576 3585 5646 πινκέρνης,

1995 5649 2086 5717 qni
2119 5647 2349 5719 cultiore
2380 5648 2562 5719 lingua
2592 5648 2792 5719 dicitur
2816 5647 3056 5718 οἰνοχόος
3084 5649 3355 5717 pinrerna,
3383 5650 3473 5717 qui
3501 5655 3588 5719 est

1996 5734 2025 5771 a
2053 5718 2284 5788 poculis.
2315 5717 2639 5790 Lego'apnd
2671 5719 2890 5775 Suriutn
2927 5717 2960 5772 ἐν
2992 5738 3011 5773 ι
3052 5720 3257 5774 Servus
3299 5727 3423 5773 tuus
3462 5718 3580 5788 epi~

1996 5803 2210 5844 cernes.
2256 5807 2275 5840 ι
