3956 6220
281 310 416 376 1737

1546 294 1722 357 VITA
1755 293 1816 354 S.
1851 285 2254 351 SYMEONIS-

3407 285 3542 351 1738

279 425 375 476 καὶ
427 417 635 480 κλάσας
688 415 850 471 πάλιν
881 413 1016 469 ἄλλα
1061 411 1192 466 δέκα
1217 408 1349 481 τρία
1372 407 1682 480 ἐνορδίνως,
1715 421 1848 458 κατ-

1973 401 2166 456 navit:
2203 393 2355 454 Vere'
2377 405 2656 452 mantzere
2700 387 2836 467 (85),
2874 393 3052 452 donec
3089 410 3308 453 crucem
3335 397 3539 455 formes

278 511 478 581 ενέγκη
507 501 866 580 [κατενύχθη]
893 502 988 556 καὶ
1010 501 1155 554 ποιεῖ
1190 495 1423 566 σταυρὸν
1473 495 1555 558 είς
1600 494 1662 547 τὸ
1716 491 1848 561 μέτ-

276 619 426 657 ωπον
456 599 650 663 αὐτοῦ,
685 598 781 652 καλ⁸
814 595 998 650 οὐκέτι
1034 590 1264 644 έκλασέν
1288 589 1340 641 τί
1364 603 1515 641 ποτε.
1541 585 1638 638 Ἐκ
1664 583 1853 641 τούτου

277 690 370 748 οὖν
397 690 491 744 τοῦ
529 691 732 760 τρόπου
775 683 1039 757 ἀπῆλθεν,
1095 683 1190 735 καὶ
1235 679 1454 748 ἐγένετο
1506 675 1851 747 Χριστιανός.

277 783 421 836 Δέκα
452 779 704 852 δημοτῶν
757 794 887 830 ποτε
936 773 1245 828 πλυνόντων
1291 770 1360 824 τὰ
1419 767 1628 823 ἐαυτῶν
1664 766 1855 838 mam

277 872 478 939 ἔξωθεν
523 873 624 941 τῆς
657 869 868 931 πόλεως
895 907 909 931 ,
956 861 1238 936 προελθὼν
1266 863 1293 914 ὁ
1327 858 1658 932 μακαρίτης,
1707 857 1856 925 λέγει

278 965 494 1026 αὐτοῖς·
526 960 716 1024 Δεῦτε,
756 958 962 1029 έξηχοι,
996 954 1094 1009 καὶ
1122 951 1261 1006 ποιῶ
1289 953 1417 1020 ὑμῖν
1455 950 1676 1022 ἄριστον
1715 965 1855 1016 κομ-

275 1053 399 1124 ψόν.
459 1054 522 1108 Ol
554 1047 647 1106 οὖν
679 1049 844 1102 πέντε
901 1047 962 1111 ἐξ
993 1043 1173 1100 αὐτῶν
1223 1037 1408 1097 εἶπον
1446 1035 1653 1094 Οἶδενό
1699 1037 1854 1102 Θεὸς,

278 1143 602 1214 ἄγωμεν.οί
622 1141 680 1194 δὲ
695 1137 874 1194 λοιποὶ
895 1135 1132 1191 ἐκώλυον
1161 1133 1380 1198 αὐτοὺς,
1408 1131 1678 1200 λέγοντες,
1725 1128 1854 1197 Ναὶ,

279 1237 345 1290 ἐκ
378 1233 472 1288 τοῦ
528 1233 750 1295 σκότους
778 1229 892 1302 ἔχει
943 1228 1075 1299 ὑμῖν
1109 1225 1334 1296 ποιῆσαι
1391 1224 1614 1294 ἄριστον
1642 1235 1657 1251 °
1693 1220 1857 1284 αὐτὸς

280 1325 389 1382 ἀπὸ
415 1322 596 1397 θυρῶν
621 1323 700 1387 είς
729 1320 902 1392 θύραν
939 1317 1164 1387 ἐπέστη,
1201 1314 1484 1386 καὶριόθεν
1510 1313 1623 1390 ἔχει
1651 1331 1667 1381 ;
1695 1310 1856 1368 Ἀλλὰ

283 1416 445 1487 μόνον
474 1415 776 1487 ἐξαργῆσαι
811 1411 960 1484 ἡμᾶς
987 1409 1255 1482 βούλεται.

353 1700 450 1751 νε⁹.
489 1692 848 1748 Ἐπίστευσαν
871 1682 988 1756 οὖν,
1015 1685 1112 1742 καὶ
1147 1683 1387 1755 ἀπῆλθον
1415 1683 1465 1736 oi
1507 1682 1686 1736 πέντε.
1743 1680 1856 1735 Καὶ

1954 485 2234 554 infronte,
2267 484 2450 540 omnia
2480 492 2857 540 conterentur.
2899 484 2968 540 Et
3012 495 3296 557 postquam
3342 487 3543 544 iterum

1956 575 2065 630 alia
2120 574 2386 630 tredecim
2444 588 2510 628 ex
2581 573 2776 628 ordine
2832 573 3104 644 fregisset,
3179 573 3542 646 compunctus

1954 676 2039 723 est
2078 666 2214 738 (84),
2257 674 2312 721 et
2349 666 2606 722 formavit
2644 681 2863 721 crucem
2896 669 2951 721 in
2991 666 3190 733 fronte,
3241 684 3344 724 nec
3379 670 3539 740 quid—

1954 774 2118 828 quam
2157 758 2388 829 amplius
2419 757 2601 826 fregit.
2643 758 2831 828 Itaque
2863 758 2931 812 ab
2963 757 3066 814 hoc
3091 767 3335 829 tempore
3358 777 3540 816 mores

1955 850 2207 910 mutavit,
2244 857 2298 903 et
2329 847 2692 903 Christianam
2734 847 2894 902 fidem
2943 849 3229 919 amplexus
3254 858 3360 906 est.
3393 850 3540 907 Viris
3619 911 3628 916 _

1956 940 2145 996 decem
2189 940 2396 1012 plebeis
2425 950 2576 999 extra
2608 941 2886 1000 civitatem
2937 942 3264 997 vestimenta
3316 944 3542 1000 lavanti-

1955 1031 2080 1100 bus,
2121 1033 2497 1104 interveniens
2545 1043 2790 1098 sanctus,
2815 1033 2991 1088 dixit:
3027 1035 3248 1102 Adeste,
3288 1036 3457 1100 stulti,
3487 1048 3544 1092 et

1955 1127 2232 1195 apparabo
2290 1127 2446 1181 vobis
2503 1126 2850 1196 splendidum
2913 1127 3222 1197 prandium.
3291 1129 3543 1198 Quinque

1958 1218 2120 1290 igitur
2148 1234 2214 1274 ex
2243 1217 2350 1274 illis
2371 1220 2627 1274 dixerunt
2655 1239 2667 1274 :
2708 1219 2864 1274 Novit
2895 1222 3054 1286 Deus,
3097 1237 3308 1276 eamus.
3343 1221 3540 1277 Caneri

1955 1314 2361 1385 prohibuerunt
2431 1313 2585 1391 ipsis,
2633 1315 2926 1371 dicentes:
2981 1313 3208 1370 Scilicet
3255 1316 3543 1386 apparabit

1957 1406 2118 1461 nobis
2149 1405 2438 1475 prandium
2464 1421 2494 1460 e
2520 1405 2783 1459 tenebris.
2815 1406 2939 1475 Ipse
2973 1406 3248 1461 mendicat
3276 1407 3539 1469 ostiatim,

1957 1505 2014 1555 et
2058 1498 2205 1554 unde
2255 1497 2521 1556 habebit?
2571 1497 2770 1555 Verum
2822 1498 3089 1555 duntaxat
3145 1501 3261 1556 vult
3310 1509 3370 1555 ut
3418 1516 3541 1556 ces-

1958 1606 2164 1648 semus.

2029 1681 2118 1738 55.
2159 1682 2516 1738 Crediderunt
2560 1681 2744 1752 itaque
2799 1682 3061 1752 quinque,
3113 1692 3167 1738 et
3225 1683 3484 1738 abierunt
3527 1700 3540 1736 :

282 1786 434 1856 λέγει
465 1786 683 1852 αὐτοῖς,
709 1781 948 1839 Μείνατε
980 1771 1106 1834 ὧδε.
1139 1776 1246 1830 Kal
1273 1776 1434 1844 ἀφεὶς
1465 1774 1682 1838 αὐτοὺς,
1727 1771 1860 1826 ὡσεὶ

1973 1773 2161 1846 quibus
2189 1773 2320 1830 dicit
2352 1792 2364 1828 :
2405 1773 2617 1828 Maneto
2648 1774 2756 1829 hic.
2793 1772 2862 1828 Et
2893 1775 3098 1830 relictis
3129 1775 3256 1839 illis,
3289 1776 3442 1847 quasi
3476 1774 3544 1829 ad

280 1877 439 1943 τόξου
465 1876 626 1948 βολὴν
652 1873 895 1944 ἀπῆλθεν
917 1873 1011 1926 ἀπ’
1036 1868 1237 1930 αὐτῶν,
1272 1867 1368 1921 καὶ
1397 1865 1655 1936 κρυπτῶς
1686 1862 1856 1935 ηὔξα-

282 1984 366 2022 το.
403 1967 668 2036 Λέγουσιν
695 1965 891 2019 ἐκεῖνοι
937 1961 1074 2032 πρὸς
1112 1957 1338 2022 ἑαυτούς
1358 1973 1371 1988 ·
1399 1957 1608 2020 Ὄντως
1639 1953 1858 2008 ἐνεπαί-

273 2057 506 2131 .χθημεν
533 2072 546 2086 ο
579 2053 782 2123 νομίζω
838 2052 948 2123 γὰρ
1005 2051 1197 2120 χόρτον
1222 2045 1367 2100 θέλει
1403 2043 1622 2111 ἐνέγκαι
1668 2043 1802 2111 ἡμῖν
1831 2041 1860 2095 ὁ

283 2130 462 2210 ἀϐσᾶς
479 2145 732 2216 Συμεὼν,
766 2143 853 2196 ἴνα
888 2139 1263 2214 βοσκηθῶμεν.
1298 2137 1409 2189 Kal
1434 2135 1541 2188 ἰδοὺ
1583 2133 1658 2197 ὠς
1687 2130 1861 2188 ταῦτα

284 2239 492 2308 ελεγον,
540 2235 839 2307 θεωροῦσιν
878 2233 1040 2288 αὐτὸν
1085 2231 1309 2286 νεύοντα
1362 2228 1546 2289 αὐτοῖς
1603 2224 1861 2278 ἀπελθεῖν

285 2332 424 2403 πρὸς
446 2331 605 2385 αὐτόν
631 2347 646 2362 θ
669 2324 739 2400 ἦν
758 2327 891 2400 γὰρ,
924 2327 999 2389 ὼς
1043 2325 1385 2398 προείρηται,
1417 2318 1738 2390 εὐξάμενος,
1768 2315 1862 2371 καὶ

285 2428 353 2480 ἐκ
382 2422 518 2476 Θεοῦ
549 2419 846 2491 ἑτοιμάσας
878 2419 1060 2480 αὐτοῖς
1092 2417 1288 2471 πάντα.
1327 2412 1741 2474 Καταλαϐόντες
1770 2404 1863 2465 οὖν

283 2517 472 2580 αὐτὸν,
503 2509 663 2587 εὖρον
682 2513 756 2576 ὡς
786 2513 879 2564 ἐπὶ
908 2509 1112 2579 Κυρίου
1143 2509 1372 2579 κείμενα
1419 2504 1730 2578 ἔμπροσθεν
1761 2504 1863 2558 αὐ-

283 2606 383 2663 τοῦ
414 2607 671 2676 σιλίγνια,
699 2605 796 2658 καὶ
825 2602 1190 2666 πλακοῦντας,
1220 2601 1314 2654 καὶ
1341 2599 1589 2671 σφαίρια,
1618 2598 1708 2651 καὶ
1727 2597 1861 2666 ὀψά-

287 2717 403 2773 ρια,
433 2699 528 2752 καὶ
553 2699 766 2769 οίνάρια
789 2696 1044 2766 διάφορα,
1097 2696 1188 2747 καὶ
1237 2693 1502 2764 ψαθύρια,
1536 2691 1631 2744 κα)⁸
1664 2689 1861 2761 γλυκὺ,

285 2793 387 2848 καὶ
414 2790 602 2856 ἁπλῶς
629 2791 729 2844 ὅσα
759 2789 938 2843 πάντα
968 2787 1078 2860 ἔχει
1105 2791 1133 2840 ὁ
1161 2787 1274 2858 βίος
1299 2785 1490 2856 λιμόά.
1528 2784 1638 2838 Kal
1667 2782 1868 2853 φαγόν-

284 2905 399 2942 των
441 2885 623 2940 αύτῶν
676 2885 847 2954 λέγει·
909 2883 1249 2954 Λαμϐἀνετε,
1276 2878 1543 2943 ταπεινοὶ,
1593 2878 1689 2932 καὶ
1721 2876 1866 2946 λόγῳ

282 2973 398 3029 τῶν
415 2973 694 3043 γυναικῶν
723 2972 894 3044 ὑμῶν.
942 2972 1053 3025 Kal
1083 2971 1178 3022 ἐὰν
1213 2968 1411 3040 μηκέτι
1448 2967 1663 3037 γίνεσθε
1691 2966 1864 3037 δημό-

282 3080 381 3120 ται
422 3063 627 3136 ἐξηχοι,
673 3064 843 3127 ὅντως
876 3064 936 3115 ού
981 3062 1055 3133 μὴ
1086 3060 1482 3132 ὑστερήσουσιν
1523 3057 1592 3110 τὰ
1628 3056 1866 3125 σιλίγνια

283 3155 466 3217 ταῦτα
491 3161 556 3214 ἐκ
585 3157 692 3212 τῶν
715 3156 880 3212 οἴκων
906 3155 1080 3227 ὑμῶν,
1105 3153 1212 3218 ἓως
1249 3144 1310 3206 οὗ
1349 3151 1623 3207 ἀποθάνω.
1665 3150 1869 3218 Λέγου-

287 3269 378 3307 σιν
400 3253 460 3304 ἐν
491 3251 704 3314 ἑαυτοῖς
729 3249 816 3302 ὅτε
842 3247 1104 3319 ἀπῆλθον’
1131 3245 1529 3318 Δοκιμάσωμεν
1563 3244 1694 3314 μίαν
1720 3242 1870 3296 ἐϐδο-

289 3343 461 3416 μάδα,
504 3343 600 3397 καὶ
626 3342 721 3396 ἐὰν
756 3341 831 3414 μὴ
865 3340 1231 3411 ἐκλείψουσιν,
1274 3339 1470 3410 μηκέτι
1510 3334 1867 3404 κατέλθωμεν

288 3436 434 3506 μετὰ
459 3437 568 3488 τῶν
601 3436 834 3506 ἑταίρων
861 3432 1018 3505 ἡμῶν
1049 3435 1128 3496 εἰς
1169 3433 1231 3485 τὸ
1271 3430 1585 3501 δημοτικόν.
1631 3429 1720 3492 Ὦς
1773 3427 1866 3480 οὖν

285 3532 400 3582 ἴδον
431 3530 512 3580 ὃτι
543 3529 640 3580 ούκ
666 3527 940 3592 ἐξέλειπον
958 3525 1026 3577 τὰ
1067 3524 1323 3592 σιλίγνια,
1351 3523 1528 3575 καίτοι
1563 3519 1686 3573 καθ’
1722 3520 1866 3589 ἡμέ-

287 3637 392 3690 ραν
423 3618 485 3685 ἐξ
514 3617 692 3672 αὐτῶν
734 3616 1097 3671 δαπανώντων
1129 3615 1329 3679 αὐτῶν,
1377 3613 1562 3667 οὐκέτι
1589 3611 1867 3681 παρῆλθον

283 3711 376 3768 διὰ
417 3708 590 3766 κακοῦ
629 3710 976 3780 πράγματος.
1017 3707 1156 3761 Ἀλλ’
1187 3707 1237 3760 οί
1271 3707 1421 3776 τρεῖς
1463 3704 1522 3771 ἐξ
1552 3703 1735 3758 αύτῶν
1775 3703 1869 3757 καὶ

284 3803 570 3878 ὲγμόνασαν
607 3800 1002 3868 κατανυγέντες
1036 3800 1128 3853 ἐπὶ
1169 3800 1234 3869 τῇ
1271 3796 1518 3867 πολιτείᾳ
1545 3794 1639 3850 τοῦ
1671 3795 1868 3850 Σαλοῦ.

287 3894 442 3967 Πλὴν
472 3895 552 3946 ὅτι
577 3893 684 3944 τινὶ
714 3893 889 3944 είπεῖν
918 3889 969 3944 τί
998 3907 1149 3954 ποτε,
1175 3888 1332 3960 ἄχρις
1377 3879 1438 3942 οὗ
1464 3887 1562 3958 ἔζη
1592 3889 1652 3942 ἐν
1704 3887 1871 3959 σαρκὶ

283 3974 314 4042 ὁ
341 3985 537 4050 Σαλδς,
577 3985 676 4038 οὐκ
704 3982 1066 4055 ἠδυνήθησαν.

361 4084 474 4146 νς’.
535 4076 694 4130 Ποῖον
740 4074 798 4128 δὲ
841 4075 1076 4148 πρᾶγμα
1103 4073 1200 4128 ,καί
1224 4089 1330 4128 τινι
1361 4072 1552 4142 ἀθλίῳ,
1583 4072 1788 4145 μᾶλλον
1814 4073 1872 4127 δέ

287 4165 701 4239 βουρδουναρίῳ
725 4163 1004 4234 ἐποίησεν,
1035 4162 1182 4229 ἀξιον
1219 4165 1284 4231 τῇ
1315 4164 1499 4234 γραφῇ
1536 4163 1869 4235 παραδοῦναι

283 4263 352 4332 τῇ
392 4257 518 4313 κατ’
555 4256 738 4312 αὐτόν.
776 4253 886 4310 Ἦν
934 4256 1040 4330 γὰρ
1089 4255 1338 4328 ἐλεήμων
1380 4257 1407 4310 6
1437 4254 1870 4330 βουρδουνάριος,

1962 1867 2054 1923 teli
2074 1868 2282 1937 jactum
2311 1867 2558 1931 recessit,
2586 1875 2642 1920 ut
2668 1866 2806 1921 clam
2830 1877 3030 1922 oraret.
3069 1866 3266 1921 Dicunt
3299 1866 3376 1920 illi
3399 1867 3545 1922 inter

1961 1973 2020 2014 se
2057 1977 2070 2012 :
2101 1958 2392 2013 Enimvero
2418 1957 2590 2011 delusi
2618 1973 2830 2012 sumus.
2873 1955 3104 2021 Fenum,
3141 1957 3352 2027 opinor,
3387 1958 3546 2014 nobis

1962 2048 2158 2103 all'erre
2193 2048 2306 2102 vult
2333 2047 2500 2102 abbas
2528 2045 2786 2118 Symeon,
2824 2063 2932 2117 quo
2961 2064 3269 2117 pascamur.
3299 2047 3364 2102 Et
3393 2065 3542 2114 ecce,

1964 2141 2054 2198 ubi
2089 2141 2209 2196 haec
2247 2140 2516 2207 dixerant,
2564 2140 2932 2210 conspiciunt,
2977 2157 3103 2197 eum
3141 2140 3354 2214 signum
3391 2141 3542 2206 dare,

1965 2242 2024 2287 ut
2057 2233 2382 2291 accederent
2406 2233 2472 2287 ad
2502 2247 2582 2287 se.
2615 2232 2846 2298 Etenim,
2883 2234 2958 2287 uti
2989 2249 3152 2302 supra
3191 2243 3275 2288 est
3313 2234 3540 2300 dictum,

1964 2333 2237 2386 oraverat,
2264 2333 2318 2380 et
2348 2323 2548 2378 virtute
2583 2324 2678 2378 Dei
2723 2325 2906 2380 omnia
2954 2325 3086 2399 ipsis
3125 2338 3544 2396 praeparaverat.

1965 2417 2260 2489 Postquam
2300 2418 2366 2474 ad
2416 2418 2568 2471 illum
2618 2429 3007 2489 pervenerant,
3056 2419 3386 2475 invenerunt
3419 2431 3547 2475 ante

1965 2524 2112 2573 eum,
2147 2509 2335 2579 utique
2389 2525 2418 2563 a
2472 2508 2702 2563 Domino
2741 2510 2968 2579 positos,
3017 2510 3295 2582 siligineus
3351 2527 3544 2581 panes,

1966 2603 2265 2673 placentas,
2298 2609 2612 2673 tragemata,
2661 2603 2860 2672 pisces,
2892 2601 3094 2656 diversi
3142 2603 3356 2672 generis
3396 2603 3544 2669 vina,

1967 2698 2201 2770 psatyria
2229 2697 2340 2768 (ὃὸ)
2377 2705 2433 2751 et
2459 2696 2618 2750 dulce
2658 2696 2791 2767 (86),
2825 2705 2897 2752 et.
2933 2695 3200 2766 utpaucis
3245 2696 3543 2761 absolvam,

1966 2789 2228 2859 quidquid
2257 2789 2364 2844 vita
2396 2788 2558 2842 habet
2589 2787 2741 2842 lauti.
2781 2786 2915 2843 Dum
2953 2787 3344 2854 comedissent,
3373 2788 3504 2844 dicit
3531 2808 3543 2842 :

1966 2880 2233 2950 Accipite,
2270 2895 2303 2934 ο
2332 2879 2534 2944 miseri,
2573 2896 2667 2947 pro
2709 2880 2904 2933 vestris
2934 2878 3101 2934 etiam
3149 2880 3431 2936 uxoribus.
3484 2880 3550 2935 Et

1969 2973 2236 3045 siquidem
2262 2987 2371 3026 non
2410 2971 2642 3042 amplius
2673 2971 2813 3026 [latis
2839 2973 3070 3042 populus
3101 2973 3320 3037 stultus,
3357 2987 3549 3028 revera

1896 3097 1939 3154 α
1971 3081 2082 3120 non
2109 3064 2362 3119 deﬁcient
2400 3065 2457 3119 hi
2487 3080 2655 3133 panes
2685 3065 2919 3135 siliginei
2951 3065 3004 3119 in
3048 3065 3300 3121 domibus
3329 3067 3548 3127 vestris,

1973 3159 2146 3215 donec
2191 3158 2413 3212 moriar.
2470 3158 2672 3213 Dicunt
2725 3173 2933 3225 secum,
2990 3159 3210 3229 quando
3269 3159 3540 3222 abierant.

1968 3251 2276 3307 Periculum
2311 3251 2573 3305 faciamus
2602 3251 2686 3306 vel
2735 3266 2843 3305 una
2889 3251 3254 3317 hebdomade,
3299 3259 3355 3306 et
3386 3251 3551 3322 siqui-

1970 3345 2093 3400 dem
2120 3359 2230 3400 non
2260 3342 2583 3406 defecerint,
2617 3357 2727 3396 non
2755 3342 3080 3412 prodeamus
3103 3342 3338 3412 amplius
3366 3344 3418 3396 in
3446 3360 3550 3413 pu-

1970 3437 2170 3492 blicum
2199 3452 2323 3493 cum
2362 3436 2543 3490 sociis.
2590 3434 2775 3506 Itaque
2820 3436 2912 3490 ubi
2949 3436 3204 3491 viderunt
3236 3449 3408 3505 panes
3436 3450 3550 3490 non

1970 3529 2222 3594 deﬁcere,
2263 3530 2476 3584 tametsi
2520 3528 2761 3598 quotidie
2795 3544 2858 3582 ex
2896 3528 2962 3582 iis
2991 3535 3407 3591 consumerent,
3437 3542 3546 3582 non

1975 3621 2208 3688 amplius
2240 3619 2441 3689 egressi
2470 3631 2614 3680 sunt,
2655 3628 2715 3672 ut
2736 3618 2814 3672 rei
2844 3618 3135 3688 quidquam
3167 3618 3322 3676 malae
3349 3598 3548 3676 comit.

1977 3717 2177 3772 terent,
2230 3709 2323 3762 sed
2371 3718 2481 3762 tres
2528 3724 2595 3762 ex
2622 3708 2687 3763 iis
2727 3708 2888 3762 vitam
2933 3709 3184 3766 vixerunt
3227 3710 3548 3778 solitariam,

1980 3798 2088 3870 sali
2112 3799 2524 3854 conversatione
2553 3800 2886 3869 compuncti.
2914 3800 2981 3854 At
3018 3800 3154 3853 nihil
3181 3801 3433 3879 cuiquam
3465 3801 3551 3857 di-

1977 3909 2103 3949 cere
2138 3900 2458 3964 potuerunt,
2489 3893 2664 3966 quoad
2697 3892 2831 3948 vixit
2859 3890 3036 3949 Salus.

2049 4075 2135 4131 56.
2176 4075 2494 4146 Cujusmodi
2536 4081 2720 4130 autem
2763 4089 2878 4130 rem
2933 4073 3147 4129 misello
3185 4074 3421 4142 cuidam,
3454 4091 3552 4134 seu

1979 4169 2161 4238 potius
2189 4168 2519 4225 burdonario
2540 4167 2650 4240 (87)
2678 4166 3009 4239 praestiterit,
3038 4166 3259 4238 dignum
3291 4175 3374 4222 est
3394 4183 3517 4223 man
3535 4200 3550 4210 -

1979 4261 2110 4317 dare
2149 4261 2238 4328 iis,
2281 4276 2401 4334 qua:
2457 4261 2523 4316 de
2551 4260 2642 4316 illo
2685 4266 2942 4326 tractant,
2988 4256 3205 4312 litteris.
3247 4257 3376 4313 Erat
3419 4275 3549 4315 vero

363 4491 479 4562 (85)
513 4483 1082 4562 Scribitﬁamartqlus
1115 4483 1169 4538 in
1189 4481 1534 4562 Coprpnymo
1566 4502 1580 4539 :
1608 4391 2156 4562 Μανσοίῗροέὧοωι)
2182 4489 2452 4558 lntcrpres
2471 4486 2634 4562 _apud
2673 4479 2894 4562 Su'riuAm
2939 4485 3105 4540 etiam
3134 4482 3267 4553 legit
3297 4498 3548 4550 compun-

285 4553 675 4626 ἐπωνόμασεν,
704 4555 745 4626 ii
763 4556 876 4626 ἐστι
909 4553 1251 4626 βλάσφημον.
1288 4553 1512 4610 Μαηειιν
1541 4553 1873 4626 cognomina-

283 4635 383 4695 vit,
421 4624 564 4700 quod
595 4634 668 4700 est
695 4624 1071 4700 blasphemiam.
1102 4625 1272 4700 Porro
1299 4626 1559 4696 Μανσοὺρ
1590 4624 1730 4700 apud
1753 4624 1870 4700 ASa-

288 4690 530 4757 racenos
553 4690 840 4765 indigitare
869 4690 1215 4763 redempmm’,
1251 4705 1443 4749 auctor
1485 4690 1566 4751 est
1598 4690 1869 4765 Cangius;

291 4763 968 4842 pavgbpjeroérabibus
1005 4779 1126 4842 esse
1145 4765 1627 4842 uictoriosissimum
1650 4806 1667 4828 ,
1701 4763 1874 4842 testa-3

290 4831 383 4896 tur
410 4831 674 4905 Scaliger.
708 4831 807 4905 Sin
836 4833 1122 4905 legendum
1150 4837 1383 4905 membr,
1428 4837 1503 4890 uti
1525 4844 1703 4890 exstat
1729 4835 1872 4905 apud

287 4901 1112 4975 Surium._signilicare’dicitur
1168 4903 1427 4969 lIebrmis,
1473 4907 1704 4971 nothum,
1746 4901 1872 4975 spu-

289 4983 456 5044 rium,
491 4990 520 5028 e
558 4981 726 5044 scorto
747 4981 948 5044 natum.
974 4974 1014 5024 Δ
1044 4989 1151 5044 cum
1181 4975 1402 5031 indubie
1433 4975 1685 5031 Graecum
1711 4974 1865 5030 Μαν-

289 5051 397 5120 ζὴρ
430 5041 578 5116 apud
633 5041 1005 5120 Cregentium,
1061 5041 1473 5120 Theophanem,
1502 5045 1866 5120 __Cedre_num.

287 5111 689 5173 De'uteronomii
723 5113 796 5184 ‘25
825 5111 1052 5181 legitur:
1112 5133 1130 5164 ι
1169 5111 1287 5168 Non
1325 5117 1661 5184 ingredietur
1701 5116 1866 5171 Mam-

289 5203 406 5249 zer,
446 5185 552 5237 hoc
590 5192 692 5245 est,
725 5183 794 5237 de
824 5191 1001 5236 scorto
1027 5192 1207 5247 natus,
1242 5186 1294 5237 in
1321 5183 1614 5241 Ecclesiam
1653 5185 1868 5241 Domini

288 5268 470 5326 usque
497 5252 863 5330 addecimam
893 5255 1326 5330 generatipnem.
1367 5274 1385 5308 ι
1441 5257 1867 5330 ρυᾳιηοόοουητ

287 5322 398 5400 que
434 5337 540 5378 vox
572 5322 759 5400 isthaec
807 5322 1092 5400 scribenda
1123 5323 1193 5377 sit
1216 5325 1362 5400 (nam
1395 5327 1866 5400 μάντζερελῖιυοά

286 5391 345 5454 i'n
377 5393 907 5471 _apographonostro
929 5391 1140 5471 legitur,
1170 5391 1407 5471 necdum
1421 5391 1631 5471 inveni)
1654 5391 1868 5451 Videtur

283 5487 316 5526 ε
355 5461 634 5538 symeone
657 5461 1274 5538 adliiberi,_ut_hominis
1314 5465 1433 5518 irati
1477 5467 1862 5538 impetum_re-

329 5529 578 5595 τίιίιθτει,
611 5531 978 5604 μυριριιρθηάο
1005 5530 1155 5604 illum
1185 5529 1569 5604 blasphemum;
1611 5529 1866 5604 cum-He-

329 5621 473 5662 raeus
512 5617 579 5658 ac
602 5601 820 5674 Judzeus
848 5608 1024 5674 esset;
1067 5603 1150 5656 vel
1169 5605 1424 5673 spurium,
1451 5601 1612 5674 quem
1637 5601 1868 5662 fortasse

286 5680 481 5736 divino
513 5673 770 5745 instinctu
803 5671 961 5725 talem
988 5687 1109 5726 esse
1139 5671 1518 5745 cognoscebat.
1575 5677 1673 5730 Adi
1707 5675 1862 5732 Glos-

288 5750 498 5807 sarium
530 5743 738 5814 Cangii.

629 5838 893 5900 PATROL.
936 5840 1049 5902 Gn.
1097 5839 1303 5903 XCIII.

1974 4555 2085 4614 ctus
2110 4555 2208 4622 est,
2235 4555 2398 4628 atque
2420 4555 2930 4628 adeoxatevuxe'q.
3043 4621 3104 4628 ___
3312 4621 3330 4628 Α
3529 4592 3545 4628 _-

2047 4631 2180 4710 (D5)_
2195 4621 2498 4710 ‘Fa6_t.3.ootoy,
2516 4626 2774 4710 placenta
2790 4621 3009 4710 species.
3042 4621 3181 4710 Hinc
3200 4621 3550 4710 i‘l’aolqp‘tavol

1974 4691 2405 4763 dictifhazreti'ci
2439 4691 2623 4751 Ariani
2665 4691 3159 4763 Constantinopoli,
3190 4693 3282 4762 qui
3335 4691 3547 4763 Patrem

1975 4758 2380 4831 asseverabant,
2405 4768 2570 4822 ctiam
2598 4782 2722 4822 cum
2751 4765 2939 4829 Filius,
2963 4758 3142 4832 utipsi
3177 4758 3546 4832 somniabant,

1976 4856 2086 4895 non
2117 4839 2440 4904 exsisteret;
2475 4857 2494 4889 ι
2525 4831 3091 4907 proptereqquod,_ut
3121 4831 3551 4907 habe_t_Soerates

1976 4911 2068 4966 lib.
2103 4927 2132 4960 v
2162 4907 2306 4963 Hist.
2339 4902 2480 4962 Ecbl.
2516 4902 2644 4977 cap.
2666 4905 2756 4969 22,
2795 4902 3392 4977 Theoctistus__quidam
3417 4917 3552 4977 _psaj

1979 4979 2289 5049 thuropola,
2345 4978 2397 5032 id
2441 4986 2544 5049 est,
2580 4972 2958 5049 :placentarum
3008 4973 3279 5049 venditor,
3337 4972 3547 5049 ardenti
3635 4998 3641 5003 -

1975 5041 2161 5107 studio
2193 5051 2321 5103 huic
2347 5041 2604 5116 opinioni"
2628 5045 3019 5116 patrocinatus
3037 5053 3196 5116 es_t_.__i
3213 5041 3325 5116 __lta_
3350 5041 3549 5116 ibidem

1973 5123 2266 5188 interpres.
2297 5111 2583 5188 Consonat
2603 5111 2942 5188 solomenus
2967 5113 3059 5168 lib.
3082 5111 3172 5167 VII
3203 5111 3344 5166 Eccl.
3364 5111 3545 5165 histor.

1972 5207 2092 5262 cap.
2116 5187 2312 5262 ΔΠλάυ
2339 5187 2921 5262 I’sathurianisagens.
2954 5250 3008 5262 Δ.
3113 5253 3123 5262 _
3177 5251 3196 5262 '
3242 5251 3262 5262 Δ
3286 5224 3318 5262 _.

2046 5250 2158 5329 '(86)
2194 5250 2508 5328 Neophytus
2525 5250 2844 5329 monachus
2870 5255 2921 5308 in
2949 5250 3157 5329 Glossis
3177 5251 3386 5329 [africis
3415 5265 3548 5329 mss.
3589 5283 3599 5295 ·

1979 5352 1997 5383 ι
2047 5319 2277 5397 Quando
2314 5319 2546 5383 in'libro
2581 5327 2792 5381 medico
2815 5322 3334 5397 invenerisyluxb
3363 5319 3552 5375 indeﬁ-

1973 5392 2090 5456 nite
2116 5402 2344 5463 dictum,
2375 5399 2513 5452 nihil
2547 5397 2693 5451 aliud
2723 5396 2872 5461 dicit,
2915 5407 3077 5464 quam
3109 5393 3265 5464 dulce
3282 5392 3496 5464 vinum.
3524 5409 3544 5442 ι

1973 5473 2095 5528 Vidi
2127 5479 2308 5524 textus
2331 5461 2514 5524 nostri
2549 5482 2740 5522 vocem
2773 5475 2830 5521 et
2865 5461 3020 5520 citari
3052 5472 3106 5518 et
3129 5463 3291 5518 scribi
3323 5461 3550 5529 γλυκὺν,

2007 5559 2071 5597 1'0
2097 5539 2294 5597 φλυκύ.

1971 5558 2578 5683 pl«(’82,l‘ulicl‘urdonarius
2606 5613 2685 5666 est
2713 5623 2899 5681 agazo.
2939 5603 3177 5660 Consule
3214 5602 3553 5660 Glossarium

1973 5683 2181 5755 Cangii.

3098 5831 3177 5894 55
