4024 6232
0 267 46 332 ῐθ
930 274 1248 337 LEONTII
1291 276 1802 340 NEAPOLITANI
1841 279 2184 344 EPISCOPI

3043 288 3182 356 ιἰιο

0 375 267 437 'tlonarius
291 382 622 449 misericors,
651 395 704 440 et
739 367 785 439 de
819 387 1013 450 rebus,
1043 405 1166 458 qua:
1204 389 1268 443 ad
1309 389 1484 459 ipsum
1517 397 1557 452 Α
1589 390 1682 441 καὶ
1706 391 1811 443 ἀπὸ
1844 391 2254 462 συμϐαινόντων
2283 395 2579 468 ἑφύρασεν.
2629 397 2718 453 Ἐν
2746 398 2847 473 μιᾷ
2874 398 2970 456 οὖν
3019 403 3126 476 tes;

1605 390 1682 441 ιαὶ
1706 391 1811 443 ἀπὸ
1844 391 2254 462 συμϐαινόντων
2283 395 2579 468 ἑφύρασεν.
2629 397 2718 453 Ἐν
2746 398 2847 473 μιᾷ
2874 398 2970 456 οὕν
3019 403 3176 476 ἐξερ-

4 472 179 538 ibant,
219 475 582 548 dispergebat.
608 476 872 546 Quadam
907 479 995 533 die
1031 481 1252 548 exeunti
1282 480 1378 546 illi,
1429 491 1486 536 ut

0 592 2 610 ι
39 566 203 622 domo
244 584 341 625 sua
379 568 636 637 aﬂ’erret,
666 582 722 626 et
763 571 949 626 vinum
981 583 1208 640 emeret,
1251 574 1488 629 occurrit

0 667 114 724 .tus,
145 671 201 716 et
228 653 397 718 dicit:
437 663 556 731 Quo
596 672 647 720 te
679 664 812 736 agis,
848 665 1050 722 stulte?
1092 665 1308 738 (Sermo
1336 667 1487 725 enim

0 772 5 805 ι
39 753 414 812 ὶᾱεηιίᾶεηι-εἰ
443 766 562 812 erat
595 756 652 811 in
687 758 827 829 ore.)
853 758 953 815 Cui
993 760 1125 817 ille:
1157 761 1237 818 Eo
1267 771 1485 833 emptu-

48 843 261 914 vinum,
318 846 462 903 Sale.
513 847 818 920 Respondit
873 852 920 907 ei
971 853 1142 911 abbas
1197 853 1482 924 Symeon:

0 947 52 987 er
80 933 243 990 etiam
279 935 554 1007 pulegium
587 935 725 1010 (88),
764 939 858 994 ubi
890 941 1140 996 redieris.
1175 942 1486 1014 Auguratus

0 1041 82 1095 [ue
110 1026 496 1094 burdonarius,
525 1029 743 1087 dicebat
767 1047 953 1088 secum
971 1075 986 1100 ,
1020 1036 1239 1105 quando
1267 1035 1442 1090 abiret
1466 1053 1480 1090 :

0 1121 165 1172 lsnam
196 1116 431 1175 Satanas
469 1135 497 1174 a
533 1128 780 1191 tempore
819 1122 1088 1176 matutino
1124 1123 1189 1177 ad
1223 1138 1310 1177 me
1340 1122 1486 1178 misit

0 1225 49 1265 Ic
87 1209 374 1276 abbatem,
430 1211 523 1282 qui
576 1212 750 1268 dicit:
791 1212 942 1268 Aller
980 1213 1114 1268 mihi
1171 1214 1485 1286 pulegium?

0 1316 45 1356 te
77 1301 278 1356 malum
334 1310 421 1358 est
471 1301 578 1359 hoc
630 1304 840 1371 vinum,
896 1311 951 1359 et
993 1305 1079 1360 vel
1126 1307 1350 1371 acescit,
1399 1306 1484 1362 vel

0 1394 41 1449 ,ii
71 1392 256 1467 habet]
296 1394 482 1449 nescio
521 1394 673 1464 quid.
716 1393 818 1450 Ubi
857 1394 1039 1466 itaque
1081 1395 1267 1462 rediit,
1302 1395 1484 1451 ferens

0 1502 88 1542 um
135 1503 396 1560 perquam
445 1487 686 1552 bonum,
741 1502 856 1557 prae
897 1487 1094 1559 gaudio
1143 1488 1346 1544 oblitus
1401 1499 1485 1552 est

0 1597 96 1636 :rre
125 1581 419 1652 pulegium.
451 1579 589 1636 Dicit
623 1579 713 1635 ille
748 1580 947 1635 iterum
981 1578 1237 1652 Symeoni
1268 1598 1282 1635 :
1318 1579 1480 1646 Vere,

0 1673 127 1729 iiser
153 1674 350 1739 homo,
381 1672 582 1728 oblitus
621 1687 763 1727 sum.
796 1671 1098 1729 Subridens
1137 1674 1240 1744 ipsi
1269 1675 1437 1730 abbas
1467 1691 1479 1728 :

0 1813 2 1818 .
31 1764 212 1832 modo,
250 1753 448 1836 inquit,
479 1779 569 1819 res
595 1773 685 1819 tua
719 1763 1096 1819 administrata
1119 1741 1220 1820 est.
1257 1765 1485 1832 Quando
1517 1741 1564 1808 B-

0 1871 30 1910 o
59 1855 232 1919 venit,
254 1862 315 1908 ut
345 1861 584 1908 mutaret
614 1863 784 1920 utres,
812 1854 1021 1910 invenit
1048 1855 1102 1910 in
1124 1855 1205 1911 eis
1243 1865 1482 1925 acetum,

1 1959 121 1999 rsus
161 1953 222 1999 ut
271 1943 437 1999 homo
485 1943 571 1998 vel
612 1942 829 1999 odorari
895 1959 991 2000 eos
1046 1946 1479 2014 pertimesceret.

0 2052 52 2093 te
81 2037 266 2107 itaque
297 2051 410 2090 rem
443 2035 731 2104 intellexit,
750 2045 803 2092 et
832 2037 996 2108 cwpit
1025 2037 1211 2094 dicere
1241 2054 1253 2090 :
1295 2037 1482 2094 Enim-

0 2146 28 2185 ο
52 2129 275 2202 jamjam
322 2126 604 2183 all‘erimus
653 2128 949 2200 pulegium.
1005 2128 1261 2184 Cucurrit
1293 2129 1479 2201 igitur,

0 2223 128 2279 venit
157 2221 224 2277 ad
247 2219 457 2287 Salum,
491 2227 546 2276 et
583 2220 760 2276 oravit
783 2236 908 2276 eum
938 2221 1177 2293 (dicebat
1214 2222 1360 2278 enim
1402 2221 1483 2278 fe-

0 2329 40 2372 le
69 2314 138 2370 de
183 2327 337 2368 more
370 2310 803 2384 praestigiatoris,
848 2311 940 2382 qui
983 2312 1173 2368 oculos
1205 2311 1478 2385 fascinat).

2 2406 343 2477 solve,Sale,
395 2406 539 2477 quod
591 2405 786 2461 fecisti.
834 2405 1100 2475 Reposuit
1150 2405 1278 2461 ille:
1340 2404 1481 2471 Quid

0 2501 48 2556 1?
78 2500 180 2557 Hic
219 2501 296 2555 ait
331 2519 343 2555 :
379 2498 590 2554 Bonum
629 2497 735 2553 emi
769 2498 978 2561 vinum,
1014 2506 1070 2551 et
1107 2506 1353 2567 tempore
1380 2497 1480 2551 ho-

0 2612 82 2651 um
111 2595 342 2651 duarum
379 2592 666 2647 inventum
706 2600 793 2646 est
833 2600 1071 2646 acetum.
1121 2589 1222 2645 Cui
1253 2591 1344 2645 ille
1375 2591 1480 2662 ite-

0 2703 19 2740 m
55 2705 69 2742 :
102 2683 228 2749 Abi,
261 2684 374 2751 abi,
407 2683 562 2737 mitte
592 2682 733 2735 hanc
761 2696 971 2745 curam,
1002 2680 1151 2752 aperi
1185 2695 1306 2736 mox
1334 2680 1479 2752 phu-

0 2777 157 2840 rium,
193 2783 250 2829 et
276 2771 520 2844 proderit
551 2771 668 2825 tibi.

0 2867 56 2922 .7.
98 2866 236 2921 Nam
279 2879 480 2934 sc0pus
522 2872 579 2917 et
621 2861 798 2916 oratio
843 2864 991 2916 senis
1043 2872 1224 2926 erant,
1267 2873 1325 2918 ut
1355 2863 1480 2933 quia

0 2958 369 3023 tntisericors,
410 2956 566 3011 labor
590 2955 711 3026 ejus
734 2953 1176 3009 benediceretur.
1206 2955 1312 3010 Sed
1344 2956 1479 3010 nihil

1591 481 1818 550 χομένου
1847 481 2013 536 αὐτοῦ
2047 484 2266 554 ἐνέγκαι
2300 485 2447 564 λόγῳ
2473 487 2567 542 τοῦ
2590 490 2739 548 οἴκου
2768 489 2955 558 αὐτοῦ,
2983 496 3076 546 καί
3098 495 3179 561 είς

1590 574 1791 642 πρᾶσιν
1819 574 2077 647 οἰνάριον,
2108 578 2322 651 ἀπαντᾷ
2343 580 2492 653 αὐτῷ
2539 583 2566 635 6
2596 583 2886 656 μακάριος,
2914 585 3006 639 καὶ
3029 586 3178 656 λέγει

1589 664 1770 735 αὐτῷ·
1810 666 1920 721 Ποῦ
1973 668 2227 738 ὑπάγεις,
2260 671 2455 744 ἔξηχες
2495 671 2662 746 Εἶχεν
2707 677 2817 746 γὰρ
2847 679 2937 732 ἀεὶ
2985 679 3176 734 τοῦτον

1588 751 1678 805 τὸν
1712 753 1869 822 λόγον
1898 757 1991 809 ἐπὶ
2020 757 2080 810 τὸ
2102 759 2231 813 αὐτὸ
2260 762 2354 814 ἐπὶ
2384 765 2669 834 στόματος.
2697 767 2866 835 Λέγει
2905 767 3001 822 οὖν
3027 769 3177 841 αὐτῷ

1588 842 1812 912 ἐκεῖνος,
1837 845 1938 900 Διά
1962 849 2221 920 οἰνάριον,
2254 851 2411 907 Σαλέ.
2433 855 2730 929 Ἀπεκρίθη
2764 857 2914 930 αὐτῷ
2946 860 2974 912 6
3001 859 3177 924 ἀϐϐἄς

1586 932 1810 1003 Συμεών
1830 949 1844 964 ·
1879 937 2020 1008 Φέρε
2052 941 2145 993 καὶ
2165 941 2419 1014 γλιχόνην
2441 944 2516 1008 ὡς
2543 945 2698 1019 ἔρχῃ.
2730 949 3050 1014 Οίωνισθεῖς
3081 946 3175 1007 οὖν

1587 1024 1617 1114 6
1658 1024 2074 1100 βουρδουνάριος
2099 1071 2115 1098 ,
2174 1033 2359 1102 έλεγεν
2405 1036 2528 1095 καθ’
2568 1040 2760 1099 ἑαυτὸν
2789 1081 2804 1107 ,
2855 1042 2930 1105 ὡς
2973 1042 3176 1114 ἀπῄει·

1591 1111 1740 1188 τΑρα
1768 1121 1917 1185 ποῖος
1945 1122 2192 1187 Σατανᾶς
2211 1125 2322 1188 ,ἀπὸ
2348 1126 2493 1197 πρωῒ
2523 1127 2766 1200 ἔπεμψέν
2812 1149 2906 1203 μοι
2947 1136 3039 1187 τὸν
3062 1111 3172 1186 66-

1586 1207 1689 1262 ϐἄν
1716 1209 1926 1281 τοῦτον,
1951 1212 2179 1282 λέγοντά
2197 1233 2289 1287 μοι
2310 1233 2324 1246 ·
2355 1217 2491 1290 Φέρε
2521 1238 2611 1291 μοι
2645 1222 2930 1294 γλιχόνην;
2962 1226 3174 1291 Ὄντως

1587 1304 1945 1370 κακοπόδινον
1969 1307 2180 1376 γίνεται
2207 1309 2266 1372 τὸ
2295 1311 2534 1382 οἰνάριον
2562 1314 2740 1384 τοῦτο,
2776 1318 2872 1372 καὶ
2913 1317 2946 1388 ἢ
2977 1318 3170 1384 ὀξλίζει,

1586 1391 1748 1464 ἢούκ
1795 1391 1912 1451 οἶδα
1969 1399 2043 1454 τί.
2103 1400 2192 1464 Ὡς
2241 1397 2333 1456 οὖν
2382 1404 2725 1478 ὑπέστρεψεν
2766 1409 2998 1477 ἐνέγκας
3026 1406 3170 1464 οἶνον

1587 1485 1751 1538 καλὸν
1776 1489 1944 1554 πάνυ,
1961 1489 2069 1544 ἀπὸ
2098 1480 2274 1564 χαρᾶς
2304 1493 2496 1550 ἔλαθεν
2515 1498 2740 1566 ἐνέγκαι
2767 1499 2866 1571 τὴν
2891 1502 3166 1573 γλιχόνην.

1586 1575 1750 1644 Λέγει
1788 1578 1938 1650 αὕτῷ
1977 1581 2640 1654 πάλινὲκεϊνοςποντως,
2673 1593 2920 1656 ταπεινὲ,
2954 1595 3166 1648 ἔλαθον.

1586 1667 1885 1734 Μειδιάσας
1925 1667 2018 1726 οὖν
2047 1675 2075 1726 6
2103 1674 2299 1741 ἀϐϐἆς,
2326 1677 2476 1747 λέγει
2504 1681 2683 1752 αὐτῷ·
2712 1683 2931 1754 Ὕπαγε
2982 1687 3166 1756 μόνον·

1585 1757 1647 1810 τὸ
1679 1758 1788 1831 γὰρ
1824 1763 2061 1834 πρᾶγμά
2094 1782 2188 1819 σου
2222 1767 2521 1842 ὲδιοικήθη.
2569 1773 2660 1838 Ὠς
2693 1769 2786 1831 οὖν
2822 1771 2954 1847 ἦλθε
2993 1795 3169 1848 μετα.-

1586 1849 1748 1940 ϐἁλαι
1772 1853 1839 1907 τά
1869 1855 2122 1927 άσκήδια,
2153 1852 2311 1930 εὗρεν
2345 1862 2485 1923 αὐτὰ
2521 1863 2661 1932 ὅξος,
2709 1867 2793 1922 ὅτι
2846 1869 3036 1940 ἐψόφει
3069 1872 3167 1927 ἄν·

1585 1939 1804 2034 θρωπος
1859 1945 1954 2000 καὶ
2009 1948 2384 2021 όσφρανθῆναι
2423 1954 2610 2010 αὐτοῦ.
2653 1955 2790 2012 Τότε
2823 1956 2918 2015 οὖν
2942 1939 3174 2034 ἐνόησεν

1583 2032 1645 2085 τὸ
1691 2035 1925 2106 πρᾶγμα
1951 2078 1968 2104 ,
2003 2040 2100 2094 καὶ
2161 2039 2365 2114 ἤρξατο
2407 2045 2622 2116 λέγειν·
2660 2050 2869 2116 Ὄντως
2894 2052 3021 2123 ἄρτι
3057 2032 3170 2108 -καὶ

1583 2125 1792 2197 ἄγομεν
1828 2128 1914 2183 διὰ
1947 2129 2224 2206 γλιχόνην.
2265 2136 2545 2210 Ἔδραμεν
2577 2135 2672 2195 οὕν
2703 2142 2800 2197 καὶ
2836 2137 3003 2214 ἦλθεν
3030 2145 3170 2216 πρὸς

1584 2215 1675 2306 τὸν
1706 2217 1911 2287 Σαλὸν,
1952 2221 2046 2284 καὶ
2095 2226 2393 2295 παρεκάλει
2433 2229 2596 2286 αὑτὸν
2649 2231 2882 2305 (ἔλεγεν
2927 2235 3036 2306 γὰρ
3081 2215 3168 2290 ὅτι

1583 2305 1772 2381 ὥσπερ
1798 2310 1826 2363 6
1851 2309 2039 2383 ψηφᾶς
2063 2317 2210 2368 ποιεῖ
2223 2314 2729 2390 ὁφθαλμοπλανίαν,
2760 2321 2933 2387 οὕτως
2955 2305 3047 2378 καὶ
3067 2325 3167 2378 αὺ-

1583 2398 1673 2464 τὸς
1689 2401 1995 2474 ἐποίησεν)’
2015 2405 2208 2466 ῗΛνάλυ
2217 2422 2305 2460 σον
2323 2406 2351 2460 ὃ
2364 2409 2646 2480 ἐποίησας,
2665 2410 2821 2467 Σαλέ.
2836 2415 3000 2484 Λέγει
3017 2416 3170 2488 αὐτῷ

1584 2493 1811 2558 ἐκεῖνος·
1839 2496 1882 2547 Τ
1889 2496 1905 2548 ί
1945 2497 2215 2569 ὲποίησα;
2253 2499 2310 2553 '0
2335 2501 2391 2554 δέ
2423 2520 2558 2574 φησι
2578 2519 2593 2534 °
2621 2506 2800 2566 Καλὸν
2838 2502 2983 2561 οἶνον
3030 2509 3165 2576 ὴγό-

1585 2597 1748 2653 ρασα,
1784 2585 2110 2658 κα.ὶεὺρέοη
2139 2587 2307 2654 όξίδιν
2336 2591 2418 2651 είς
2451 2591 2546 2644 δύο
2589 2591 2774 2664 ὥρας·
2817 2597 2980 2666 Λέγει
3017 2598 3168 2669 αὐτῷ

1583 2675 1747 2730 πάλιν
1769 2691 1781 2704 ·
1818 2676 2064 2747 ”Υπαγε,
2085 2678 2289 2750 ὕπαγε,
2317 2683 2378 2734 οὐ
2410 2682 2584 2757 μέλλῃ
2604 2702 2704 2754 σοι,
2725 2687 2938 2754 ἄνοιξον
2958 2691 3166 2760 ὲφετῷ;

1585 2769 1939 2842 φουσκάριον,
1971 2771 2066 2825 καὶ
2096 2773 2368 2845 συμφέρει
2402 2791 2505 2831 σοι.

1655 2858 1750 2924 νζ’.
1781 2855 1890 2914 Ἦν
1919 2860 2030 2934 γὰρ
2070 2865 2098 2915 6
2143 2865 2341 2927 σκοπὸς
2386 2869 2480 2918 καὶ
2508 2868 2542 2938 ἡ
2569 2868 2704 2940 εὐχὴ
2738 2869 2832 2922 τοῦ
2874 2871 3127 2944 γέροντος
3148 2913 3165 2938 ,

1585 2950 1671 3004 ἵνα
1691 2951 1957 3026 εὐλογηθῇ
1981 2956 2010 3009 ό
2040 2954 2291 3026 κάματος
2317 2956 2506 3024 αὑτοῦ,
2529 2959 2611 3013 ὄτι
2655 2957 2726 3031 ἦν
2751 2960 2875 3034 ὲλεή
2884 2982 3023 3034 μων,
3046 2965 3162 3018 ἀλλ’

0 3055 191 3127 dquam
219 3051 389 3108 voluit
421 3058 612 3123 aperte
644 3047 848 3112 facere,
892 3046 986 3102 sed
1032 3048 1216 3103 omnia
1261 3065 1361 3118 per
1397 3050 1478 3104 lu-
1504 3074 1548 3133 ο
1582 3043 1682 3097 οὐκ
1712 3042 1904 3116 ἤθελεν
1935 3046 2231 3117 προφανῶς
2269 3048 2494 3119 ποιῆσαί
2518 3050 2571 3104 τί
2606 3068 2758 3118 ποτε,
2791 3053 2906 3118 ἀλλ’
2932 3055 3038 3114 ὅλα.
3077 3057 3126 3114 δι

1605 3043 1682 3097 vim
1712 3042 1904 3116 ἤθελεν
1935 3046 2231 3117 προφανῶς
2269 3048 2494 3119 ποιῆσαί
2518 3050 2571 3104 τί
2606 3068 2758 3118 ποτε,
2791 3053 2906 3118 ἀλλ’
2932 3055 3038 3114 ὅλα,
3077 3057 3175 3114 διὰ.

0 3163 51 3201 n.
72 3145 372 3213 Compunct
384 3157 446 3196 us
472 3142 657 3212 itaque
693 3135 1080 3204 burdonarius,
1105 3137 1241 3194 dixit
1265 3157 1279 3194 :
1302 3139 1478 3194 Bene—

0 3244 78 3290 tus
113 3235 290 3300 Deus;
318 3233 670 3303 phuscarium
701 3229 965 3300 aperiam.
990 3227 1110 3296 Quo
1137 3241 1346 3300 aperto,
1381 3231 1480 3286 be-

0 3325 110 3383 lixit
131 3325 239 3397 ipsi
270 3325 436 3380 Deus.
466 3326 536 3378 At
559 3339 657 3394 pro
690 3324 891 3394 quibus
914 3323 1080 3379 rebus
1118 3324 1206 3378 ille
1245 3323 1482 3387 debebat

0 3437 30 3476 ο
63 3419 263 3494 gratias
295 3432 478 3488 agere,
512 3414 697 3487 potius
739 3416 1077 3482 succensuit,
1122 3431 1234 3470 non
1277 3415 1480 3470 intelli-

7 3529 53 3579 s,
89 3526 253 3584 quam
296 3509 438 3565 bene
485 3507 554 3564 de
597 3521 658 3562 se
707 3515 854 3566 esset
904 3506 1156 3561 meritus.
1215 3504 1322 3560 Sed
1376 3505 1480 3570 hoc

0 3622 74 3662 nn
106 3605 290 3670 (iebat,
338 3612 399 3659 ut
451 3601 596 3657 Deus
633 3609 848 3676 tegeret
892 3613 1121 3678 scopum
1169 3599 1477 3672 Symeonis.

0 3697 204 3760 rotavit
235 3712 344 3752 non
377 3710 537 3750 nemo
579 3707 611 3749 e
666 3691 997 3764 primoribus
1031 3689 1270 3747 civitatis
1300 3690 1479 3760 (acce-

0 3805 30 3846 e
48 3804 136 3855 eo,
154 3799 208 3845 et
224 3788 281 3843 in
299 3787 462 3844 domo
485 3787 605 3858 ejus
621 3785 809 3841 ludere
829 3791 1194 3840 consueverat
1211 3782 1476 3854 sanctus),

0 3882 132 3939 videt
158 3896 320 3953 ager,
354 3895 413 3935 se
429 3880 486 3934 in
510 3893 702 3950 somno
723 3877 912 3933 ludere
935 3875 1066 3931 aleis
1096 3891 1220 3931 cum
1243 3877 1478 3947 quodam

0 3975 177 4046 hiope.
221 3971 351 4027 Erat
378 3980 562 4027 autem
597 3971 689 4026 ille
733 3985 904 4026 mors.
951 3966 1256 4024 Festinavit
1293 3969 1481 4038 itaque

1 4080 172 4132 rmus,
202 4072 257 4119 et
294 4063 466 4126 venit,
497 4068 559 4115 ut
581 4060 898 4132 proliceret,
939 4069 995 4115 et
1022 4057 1128 4113 nisi
1157 4058 1366 4130 iaceret
1399 4067 1482 4112 ter

0 4198 14 4223 ,
43 4155 222 4213 victus
253 4159 396 4211 erat.
445 4151 715 4208 Convenit
762 4151 918 4208 illum
963 4150 1017 4205 in
1071 4165 1265 4206 somno
1311 4151 1480 4206 abbas

0 4263 133 4305 neon
185 4256 240 4304 et
277 4245 450 4303 dicit:
495 4243 640 4311 Quid
693 4249 803 4311 est,
847 4243 1078 4298 stolide?
1106 4241 1316 4299 Revera
1367 4243 1478 4316 jam

0 4358 116 4398 irus
150 4339 257 4396 iste
302 4348 357 4395 te
397 4338 604 4396 vincet.
649 4334 760 4392 Sed
807 4335 876 4390 da
911 4334 1097 4401 ﬁdem,
1134 4341 1198 4391 te
1248 4336 1480 4406 posthac

1584 3137 1928 3206 παιγνιδίων.
1962 3139 2254 3212 Κατενύγη
2287 3136 2379 3194 οὖν
2408 3143 2436 3194 6
2468 3141 2800 3218 βουρδουνάρ
2817 3163 2916 3214 tog,
2947 3149 3042 3210 xui.
3071 3147 3164 3204 λέ-

1583 3246 1670 3298 γει
1688 3243 1702 3258 '
1723 3227 2028 3298 Εὐλογητὸς
2048 3230 2075 3281 6
2098 3229 2250 3301 Θεὸς,
2271 3249 2604 3304 φουσκαριον
2630 3235 2830 3303 ὰνοίγω
2851 3253 2864 3267 ·
2898 3237 2991 3290 καὶ
3013 3239 3164 3299 ἀνοί-

1584 3317 1776 3382 ξαντος
1801 3317 1990 3382 αὑτοῦ,
2019 3320 2321 3392 ηὐλόγησεν
2351 3323 2513 3378 αὐτὸν
2555 3324 2583 3375 ὁ
2615 3325 2748 3388 Θεῖς
2794 3328 2888 3380 καὶ
2924 3327 3066 3400 ὑπὲρ
3087 3323 3164 3388 ὧν

1584 3413 1690 3467 ἔδει
1712 3414 2057 3486 εὐχαριστεῖν
2087 3415 2166 3485 τῷ
2194 3417 2373 3488 Σαλῴ,
2413 3418 2615 3489 μᾶλλον
2661 3420 2758 3472 καὶ
2799 3421 2964 3491 ὲχόλα
2988 3423 3156 3494 αὐτῷ,

1587 3501 1664 3577 μὴ
1707 3503 1846 3560 νοῶν
1887 3504 1948 3558 τὸ
1991 3505 2043 3560 τί
2089 3506 2240 3580 αὕτῷ
2288 3510 2670 3582 προεξένησεν.
2703 3512 2777 3566 Τὸ
2811 3512 2868 3565 δὲ
2923 3514 3032 3565 πᾶν
3064 3511 3162 3568 τοῦ

1585 3595 1915 3664 πράγματος
1951 3589 2020 3666 ἦν
2048 3595 2076 3648 6
2110 3595 2264 3661 Θεὸς,
2295 3596 2516 3651 σκέπων
2543 3597 2634 3651 τὸν
2665 3597 2865 3652 σκοπὸν
2899 3598 2993 3651 τοῦ
3019 3598 3164 3652 ἀϐϐἄ

1584 3684 1833 3756 Συμεών.
1861 3686 2246 3759 Ἢρρώστησέν
2281 3689 2412 3746 ποτέ
2447 3705 2530 3753 τις
2556 3690 2668 3742 τῶν
2705 3691 3042 3760 μεγιστάιων
3065 3693 3154 3756 τῆς

1583 3776 1814 3838 πόλεως.
1843 3773 2003 3848 Εἷχεν
2055 3779 2113 3832 δὲ
2162 3778 2281 3843 έΘος
2315 3781 2343 3832 6
2368 3779 2512 3843 ὅσιος
2538 3779 2860 3852 ἀνέρχεσθαι
2898 3781 2993 3835 καὶ
3030 3779 3162 3835 παίω

1583 3869 1696 3934 ζειν
1722 3871 1803 3932 είς
1855 3871 1950 3924 τὸν
1996 3864 2147 3925 οἷκον
2177 3871 2366 3939 αὐτοῦ,
2393 3873 2488 3925 καὶ
2516 3872 2592 3936 ὡς
2629 3873 2900 3945 ὲϐαρήΘη,
2936 3872 3163 3945 ἐθεώρει

1580 3964 1773 4018 ἑαυτὸν
1804 3964 1944 4019 κατὰ
1973 3965 2103 4030 τοὺς
2135 3963 2342 4030 ὕπνους
2375 3965 2700 4031 ταυλίζοντα
2725 3965 2865 4038 μετά
2888 3982 3033 4030 τινος
3060 3968 3162 4023 Al-

1583 4057 1791 4124 θίοπος.
1824 4054 1935 4112 Ἦν
1965 4058 2022 4112 δὲ
2049 4051 2210 4123 οὕτος
2229 4098 2244 4124 ,
2271 4060 2302 4112 6
2332 4057 2583 4122 θάνατος.
2638 4057 2916 4128 Ἐφθασεν
2951 4053 3043 4112 οὖν
3071 4059 3165 4112 καὶ

1580 4147 1765 4224 ἦλθεν,
1793 4151 1949 4224 φησὶ,
1977 4151 2320 4224 καταρῤίψαι
2353 4151 2383 4204 6
2409 4149 2675 4218 ἀσθενῶν,
2706 4151 2801 4205 κοιλ⁵
2835 4153 2885 4204 εί
2926 4151 3004 4223 μὴ
3031 4150 3162 4204 ἔϐα-

1582 4247 1673 4312 λεν
1705 4246 1952 4319 τρίεκτα,
2009 4245 2232 4316 ἡττᾶτο.
2263 4244 2461 4300 Φθάνει
2517 4239 2611 4300 οὕν
2661 4244 2812 4316 αὐτῷ
2855 4243 2999 4307 κατὰ
3040 4244 3165 4307 τοὺς

1585 4336 1786 4403 ὕπνους
1812 4340 1840 4392 6
1868 4335 2043 4401 ἀϐϐᾶς
2070 4335 2318 4409 Συμεὼν,
2342 4337 2435 4392 καὶ
2458 4336 2640 4408 λέγει·
2670 4337 2740 4390 Τί
2769 4338 2938 4401 ἐστιν,
2961 4335 3120 4407 ἔξηχε
3145 4353 3162 4404 ;

0 4423 362 4501 iviolaturum
387 4432 574 4488 uxoris
609 4440 715 4486 tua:
747 4429 946 4494 cubile,
990 4437 1046 4484 et
1070 4437 1164 4484 tuo
1203 4429 1324 4484 loco
1356 4443 1484 4500 pro—
1508 4407 1562 4474 Β
1589 4431 1797 4496 Ὄντως
1817 4431 1943 4502 ἄρτι
1972 4430 2100 4502 νικᾷ
2126 4407 2186 4484 σε
2217 4431 2246 4484 ό
2265 4428 2491 4500 Μαῦρος
2523 4407 2704 4492 οὕτος.
2762 4427 2925 4482 Ἀλλὰ
2950 4427 3038 4492 δός
3073 4445 3126 4499 με

1605 4431 1797 4496 Ὀντως
1817 4431 1943 4502 άρτι
1972 4430 2100 4502 νικᾷ
2126 4407 2186 4484 σε
2217 4431 2246 4484 6
2265 4428 2491 4500 Μαῦρος
2523 4407 2704 4492 οὕτος.
2762 4427 2925 4482 Ἀλλὰ
2950 4427 3038 4492 δός
3073 4445 3166 4499 μοι

0 4544 105 4594 ιω.
147 4537 205 4585 et
239 4543 354 4584 non
392 4526 583 4582 vincet
623 4531 698 4579 te.
735 4521 1034 4593 Postquam
1082 4522 1378 4593 jurassem,
1423 4531 1485 4578 ut

0 4622 106 4686 ilit,
127 4620 220 4692 qui
243 4619 345 4676 ista
371 4617 508 4674 vidit
537 4623 595 4672 et
627 4615 929 4686 accepisset
965 4629 999 4669 a
1031 4627 1120 4668 me
1153 4613 1322 4678 aleas,
1352 4628 1484 4685 pro-

0 4719 49 4780 ιι,
84 4723 142 4769 et
170 4713 486 4770 ceciderunt
533 4718 617 4766 ter
656 4723 772 4766 sex.
820 4705 1154 4779 Experrecto
1189 4705 1373 4778 itaque
1403 4705 1486 4760 in-

1584 4524 1743 4593 λόγον
1768 4561 1786 4589 ,
1822 4524 1907 4578 ὅτι
1937 4522 2121 4578 οὐκέτι
2149 4525 2386 4596 μιαίνεις
2419 4522 2518 4594 τὴν
2548 4521 2738 4594 κοίτην
2779 4521 2882 4592 τῆς
2908 4522 3167 4591 γυναικός

1588 4632 1706 4684 σου,
1724 4615 1824 4672 καὶ
1853 4614 1964 4686 ἐγὼ
1992 4615 2348 4687 καταρῤίπτω
2374 4613 2498 4669 ἀντὶ
2531 4611 2650 4681 σοῦ,
2672 4612 2768 4668 καὶ
2800 4612 2898 4685 οὐχ
2924 4613 3067 4686 ἠττᾷ
3085 4628 3167 4666 σε.

1599 4709 1835 4782 Ὀμόσας
1863 4705 1978 4775 οὖν,
1997 4711 2161 4781 φησὶν
2182 4711 2211 4764 6
2232 4706 2406 4764 ταῦτα
2439 4707 2586 4774 ίδὼν,
2611 4706 2706 4760 καὶ
2736 4705 2919 4760 λαϐὼν
2947 4704 3008 4773 ἐξ
3034 4702 3170 4776 ἐμοῦ

0 4823 78 4874 ιο,
123 4804 371 4862 ascendit
401 4803 588 4858 statim
622 4799 820 4866 Salus,
869 4808 927 4856 et
970 4798 1104 4856 dicit
1147 4798 1225 4854 illi
1268 4817 1285 4855 :
1339 4796 1486 4856 Bene
1586 4800 1657 4856 τὰ
1684 4801 1840 4872 βόλια
1877 4799 2121 4873 ἔρριψεν,
2145 4799 2242 4879 καὶ
2269 4799 2474 4854 ἔπεσαν
2503 4798 2750 4870 τρίεκτα.
2791 4795 3126 4863 Ἐξοπνισθέι

1605 4800 1657 4856 ιὰ
1684 4801 1840 4872 βόλια
1877 4799 2121 4873 ἔρριψεν,
2145 4799 2242 4879 καὶ
2269 4799 2474 4854 ἔπεσαν
2503 4798 2750 4870 τρίεκτα.
2791 4795 3174 4863 Ἐξοπνισθένο

12 4914 108 4956 se:
135 4896 317 4970 iecisti
356 4895 492 4968 (89),
525 4895 736 4949 insane.
781 4891 979 4958 Crede,
1012 4891 1059 4948 si
1107 4891 1478 4962 juramentum
1584 4911 1675 4958 τος
1703 4890 1797 4948 οὖν
1840 4893 1936 4947 τοῦ
1988 4891 2298 4965 ἀρρώστου,
2349 4889 2580 4961 ἀνῆλθεν
2617 4887 3044 4954 εὐθὺςόΣαλὸς,
3074 4904 3126 4940 κε

1605 4911 1675 4958 ξος
1703 4890 1797 4948 οὖν
1840 4893 1936 4947 τοῦ
1988 4891 2298 4965 ἀρρώστου,
2349 4889 2580 4961 ἀνῆλθεν
2617 4887 3044 4954 εὐθὺςὸΣαλὸς,
3074 4887 3173 4941 καὶ
3217 4965 3226 4973 κ

3 5010 52 5048 m
81 4993 272 5057 violes,
302 4989 529 5047 Maurus
560 4986 729 5046 illete
751 4986 1059 5044 suil‘ocabit.
1088 4986 1157 5043 Et
1191 4995 1478 5059 postquam
1587 4983 1736 5054 λέγει
1762 4983 1914 5055 αὐτῷ
1938 5000 1953 5016 ο
1985 4981 2144 5038 Καλὰ
2173 4981 2400 5056 τρίεκτα
2441 4980 2653 5047 ἔϐαλες,
2687 4981 2908 5052 μάταιε.
2939 4978 3126 5033 Πίστει

1605 4983 1736 5054 ιέγει
1762 4983 1914 5055 αὐτῷ
1938 5000 1953 5016 ο
1985 4981 2144 5038 Καλὰ
2173 4981 2400 5056 τρίεκτα
2441 4980 2653 5047 ἔϐαλες,
2687 4981 2908 5052 μάταιε.
2939 4978 3170 5033 Πίστευ-

1447 5159 1681 5219 NOTAE.

0 5284 79 5356 38)
109 5303 131 5339 ι
178 5283 354 5356 κει-δε
375 5290 459 5356 est
487 5281 768 5356 fruticosa,
801 5279 1117 5356 semipedali
1154 5277 1461 5342 altitudine,
1585 5288 1696 5356 tur.
1733 5277 2226 5356 Pulegiungautem
2264 5274 2442 5356 Latini
2472 5273 2768 5356 appellant,
2797 5272 2944 5345 quod
2967 5286 3176 5356 recens

0 5342 415 5427 is'sampsuchi,
460 5351 695 5427 surculis
713 5342 827 5427 per
867 5342 1153 5427 intervalla
1201 5363 1478 5427 purpureo
1584 5342 2142 5427 incensuiif_pulices_
2183 5342 2398 5403 eneoét.
2441 5363 2460 5407 ι
2502 5342 2582 5427 Ita
2633 5342 2909 5427 Cori-mus.
2959 5342 3176 5427 Forsan

3 5413 362 5490 eeoronalis;
393 5413 540 5478 unde
572 5413 758 5492 multis
791 5421 1068 5492 pulegium
1100 5413 1279 5492 regale
1306 5413 1476 5473 inomi-
1586 5420 1677 5478 hic
1723 5413 1992 5490 pulegium
2018 5419 2239 5492 ponitur
2277 5431 2377 5488 pro
2421 5416 2664 5489 qualibet
2713 5417 2818 5471 alia
2857 5413 3048 5476 herba,
3081 5421 3180 5466 aut

0 5515 80 5554 ur.
114 5489 357 5550 Alterum
379 5508 554 5566 genus
585 5501 668 5568 est
694 5489 826 5568 ﬂore
853 5489 1115 5568 candido,
1149 5491 1236 5544 cui
1285 5503 1483 5568 magna
1586 5489 2298 5568 οιθιξιξηκατὰοισυνιεκᾷοχήν.
2393 5557 2406 5568 .
2443 5555 2478 5568 _
2553 5557 2565 5568 θ
2800 5553 2839 5568 ἢ
2883 5553 2895 5568 _
2934 5553 2949 5568 _
3010 5566 3021 5568 _
3062 5559 3126 5568 ,ω

1605 5489 1758 5568 ﬂere,
1785 5489 2298 5568 κατὰοισυνιεκᾷοχήν.
2393 5557 2406 5568 _
2443 5555 2478 5568 η
2553 5557 2565 5568 θ

0 5585 22 5622 rt
59 5575 278 5635 nepeta,
324 5553 410 5618 et”
434 5564 657 5635 mentba
698 5562 952 5624 societas,
998 5553 1483 5635 inultunt_e1_tcale-
1593 5633 1602 5635 _
1663 5553 1774 5632 (89)
1806 5559 2014 5635 Insu‘lse
2044 5553 2246 5635 legitur
2267 5557 2410 5629 apud
2442 5555 2664 5613 Surium
2698 5573 2711 5610 :
2744 5575 2763 5608 ι
2800 5553 3033 5609 Pulchra
3062 5559 3126 5607 ιη

1663 5553 1774 5632 (89)
1806 5559 2014 5635 Insu‘lse
2044 5553 2246 5635 legitur
2267 5557 2410 5629 apud
2442 5555 2664 5613 Surium
2698 5573 2711 5610 :
2744 5575 2763 5608 ι
2800 5553 3033 5609 Pulchra
3062 5559 3180 5607 tra-

0 5645 48 5700 it,
91 5629 148 5688 ei
196 5643 474 5688 extenuat.
511 5633 568 5687 Si
617 5647 652 5688 a
688 5647 892 5702 pecore
937 5640 1208 5702 gustetur,
1244 5629 1484 5698 balatum
1587 5629 2036 5702 jeo'taipajeeisti,
2073 5629 2289 5684 stolide.
2327 5649 2346 5682 υ

0 5721 46 5760 :0
79 5703 276 5756 dicitur
301 5702 599 5756 concitare.
645 5701 852 5754 idcirco
891 5701 1043 5770 quasi
1081 5701 1292 5770 βλήκων
1326 5713 1485 5753 voca-

3612 2681 3636 2738 Ι

3633 3782 3639 3807 ι

3593 4247 3600 4264 ι
3625 4192 3635 4277 ξ

3625 4381 3632 4412 ι
