3956 6220
408 293 548 361 1743

1416 298 1727 362 LEONTII
1757 256 2270 364 NEAPOLITANI
2300 303 2640 365 EPISCOPI

3539 304 3684 369 1716

403 411 494 465 sit.
527 404 656 473 Sed,
686 416 950 478 quantum
977 410 1128 467 vales
1169 429 1233 469 ac
1268 421 1445 484 potes,
1475 429 1666 469 curam
1708 427 1836 481 gere
1869 412 1987 466 ani-

2097 415 2194 468 καὶ
2218 414 2473 486 δύναμις,
2507 417 2793 488 φρόντισον
2821 414 2924 486 τῆς
2955 414 3170 479 οἰκείας
3212 432 3306 469 σου
3347 387 3553 487 ψυχῆς,
3588 418 3686 470 ἵνα

402 518 508 558 ιητε
530 511 656 567 ωσι,
689 513 750 559 ut
779 518 874 573 per
905 503 1183 576 principes
1225 507 1579 562 tenebrarum
1629 506 1796 576 hujus
1824 507 1988 573 aeris,

402 595 636 665 periculi
659 611 858 666 expers
892 597 1127 654 transire
1155 599 1353 669 possis.
1386 599 1503 654 Scit
1543 599 1692 655 enim
1722 599 1991 654 Dominus

404 704 601 757 magna
626 704 714 744 me
741 689 1108 746 sollicitudine
1138 700 1194 746 et
1240 693 1436 747 timore
1470 692 1634 758 allici,
1682 694 1858 748 donec
1901 709 1990 747 se-

405 796 574 834 curus
615 780 684 834 ab
745 781 878 851 ipsis
939 784 1304 852 requiescam.
1366 784 1492 838 llaec
1543 785 1688 838 enim
1739 793 1824 839 est
1874 785 1992 840 dies

406 873 568 940 mala,
616 874 684 930 de
719 890 824 945 qua
861 875 1215 945 Apostolus"
1256 886 1310 931 et
1344 878 1509 932 David
1537 879 1581 909 “
1622 878 1791 933 locuti
1837 885 1988 933 sunt.

404 963 533 1019 Ideo
559 981 688 1038 rogo
717 974 791 1034 te,
830 967 904 1022 ﬁli
945 985 1008 1024 ac
1059 969 1225 1025 frater
1271 968 1528 1038 Joannes,
1581 982 1782 1041 quanta
1833 980 1991 1042 potes

404 1058 781 1119 contentione,
827 1060 1260 1116 misericordiam
1294 1079 1523 1130 exerce;
1570 1064 1686 1119 haec
1730 1078 1832 1118 nos
1860 1071 1991 1118 tunc

401 1145 602 1216 juverit
644 1148 768 1218 plus
823 1164 984 1219 quam
1047 1166 1239 1206 omnes
1285 1153 1534 1207 virtutes.
1597 1152 1738 1207 Dicit
1790 1153 1986 1208 enim':

412 1257 431 1288 ‹
471 1239 666 1292 Beatus
686 1241 777 1310 qui
813 1240 1067 1312 int«-lligit
1107 1257 1271 1315 super
1299 1260 1528 1314 egenum
1566 1253 1619 1298 et
1653 1259 1985 1315 pauperem;

407 1328 460 1381 in
486 1328 573 1383 die
594 1329 731 1382 mala
762 1330 1013 1386 liberabit
1043 1347 1165 1385 eum
1192 1331 1552 1400 Dominus";
1578 1353 1597 1385 ι
1627 1345 1681 1389 et
1707 1351 1988 1406 nunquam

405 1419 630 1474 assistas
657 1422 834 1486 altari,
871 1423 1076 1478 habens
1105 1425 1306 1494 aliquid
1324 1425 1611 1481 adversum
1639 1428 1897 1498 aliquem,
1919 1445 1988 1485 ne

405 1511 545 1565 forte
577 1511 830 1582 iniquitas
861 1522 949 1567 tua
990 1516 1127 1570 alios
1159 1519 1324 1572 etiam
1368 1519 1620 1590 indignos
1662 1521 1854 1576 reddat
1891 1521 1987 1577 ad-

405 1609 574 1655 ventu
602 1603 837 1673 Spiritus
867 1606 1066 1662 sancti.

2091 510 2443 581 ἀχειμάστως
2492 510 2619 573 τοὺς
2671 509 3124 582 κοσμοκράτορας
3167 507 3264 562 τοῦ
3317 509 3546 573 σκότους
3574 509 3686 563 τοῦ

2091 604 2254 674 ἀέρος
2276 603 2466 656 τούτου
2487 602 2818 674 διαπερᾶσαι
2836 601 3089 674 δυνηθῇς.
3116 595 3271 655 Οἶδεν
3287 601 3396 674 γὰρ
3420 605 3449 656 6
3467 601 3690 674 Κύριος

2089 698 2172 750 ὃτι
2199 697 2404 768 πολλὴν
2436 697 2707 768 μέριμναν
2745 697 2841 751 καὶ
2868 697 3032 765 φόϐον
3077 695 3185 766 ἔχω
3206 736 3222 762 ,
3261 695 3368 758 ἕως
3390 689 3452 750 οὗ
3476 697 3692 767 ἀμερι-

2095 789 2286 860 μνήσω
2315 787 2376 854 ἐξ
2404 789 2603 843 αὐτῶν.
2631 789 2780 859 Αὕτη
2813 788 2922 858 γάρ
2959 789 3077 841 ὲστι
3124 788 3313 858 ἡμέρα
3351 789 3385 858 ἡ
3431 787 3687 858 πονηρὰ,

2091 883 2222 953 περὶ
2242 877 2311 953 ἦς
2342 883 2372 935 6
2402 881 2748 944 Ἀπὸστολος,
2776 879 2872 936 καὶ
2897 882 2926 933 6
2953 878 3118 933 Δαυῒδ
3158 875 3334 933 εἶπεν.
3372 879 3464 933 Διὸ
3495 897 3692 948 παρα-

2091 974 2243 1029 καλῶ
2276 992 2357 1041 σε,
2394 973 2584 1027 τέκνον
2613 975 2707 1027 καὶ
2739 973 2937 1043 ἀδελφὲ
2965 973 3211 1044 Ἰωάννη,
3249 972 3399 1044 πάσῃ
3447 989 3544 1025 σου
3579 972 3687 1024 δυ-

2090 1067 2272 1137 νάμει,
2305 1067 2353 1120 εἰ
2377 1065 2526 1119 ἔστιν
2555 1064 2768 1129 δεκτδν,
2818 1064 2994 1128 ἐλέει,
3034 1066 3129 1119 καὶ
3158 1065 3261 1128 τὰς
3318 1064 3458 1134 ὑπὲρ
3489 1064 3692 1127 πάσας

2089 1156 2290 1228 ἀρετὰς
2337 1155 2505 1226 βοηθῇ
2551 1156 2685 1224 ἡμῖν
2719 1153 2864 1207 τότε.
2902 1151 3070 1223 Φησὶν
3095 1150 3228 1222 γάρ,
3265 1169 3286 1202 ι
3329 1149 3637 1220 Μακάριος
3661 1150 3692 1202 6

2069 1245 2290 1300 συνιὼν
2342 1245 2436 1299 ἐπὶ
2496 1244 2712 1315 πτωχὸν
2755 1244 2850 1298 καὶ
2883 1243 3115 1315 πένητα,
3147 1244 3207 1296 ὲν
3238 1242 3422 1314 ἡμέρᾳ
3459 1241 3692 1310 πονηρᾷ

2091 1337 2314 1409 ῥύσεται
2331 1335 2494 1391 αὐτὸν
2517 1336 2546 1389 6
2574 1335 2798 1405 Κύριοςσ
2823 1353 2843 1387 ι
2867 1335 2958 1388 καὶ
2982 1334 3250 1406 μηδέποτε
3283 1331 3360 1403 τῷ
3407 1332 3548 1402 ἁγίῳ
3587 1331 3687 1384 θυ-

2092 1430 2391 1502 σιαστηρίῳ
2425 1431 2708 1500 παραστῇ,
2739 1427 2878 1498 έχων
2919 1427 3062 1482 κατά
3086 1442 3250 1490 τινος,
3295 1425 3370 1496 μή
3397 1441 3517 1487 πως
3538 1425 3577 1493 ἡ
3615 1424 3688 1494 σὴ

2089 1519 2290 1589 ἀνομία
2345 1517 2596 1582 ἀναξίους
2646 1521 2851 1590 ποιήσῃ
2883 1517 2982 1570 καὶ
3027 1515 3223 1578 ἄλλους
3250 1513 3353 1585 τῆς
3379 1513 3687 1582 ἐπιφοιτήο

2091 1628 2230 1674 σεως
2275 1609 2371 1664 τοῦ
2406 1610 2564 1680 ἁγίου
2585 1608 2929 1681 Πνεύματος,

476 1713 566 1769 61,
609 1713 735 1771 llaec
765 1726 821 1771 et
873 1717 1027 1787 plura
1073 1722 1174 1776 alia
1223 1724 1548 1791 enuntiavit,
1588 1735 1642 1780 et
1680 1727 1983 1796 prohibuit,

2162 1725 2263 1794 ξω.
2302 1726 2486 1781 Ταῦτα
2522 1725 2618 1780 καὶ
2644 1724 2778 1779 ἄλλα
2799 1725 2856 1778 δὲ
2882 1724 3112 1778 πλεῖστα
3155 1719 3530 1794 παρήγγειλεν
3576 1719 3687 1813 αὐξ-

404 1822 476 1861 ne
509 1805 686 1877 aliqua
720 1825 785 1864 ex
815 1811 882 1865 iis
929 1828 1167 1882 unquam
1193 1817 1448 1886 cuiquam
1479 1818 1703 1882 diceret,
1734 1830 1986 1889 propter-

405 1913 471 1952 ea
518 1899 662 1966 quod
708 1916 817 1955 non
863 1917 1054 1956 omnes
1103 1905 1376 1974 accipiant
1414 1922 1537 1962 cum
1588 1908 1692 1963 ﬁde
1743 1909 1831 1962 illa
1866 1926 1986 1979 quae

405 1987 684 2044 dicuntur.
735 1989 848 2048 Hoc
898 1994 992 2048 tibi
1034 1994 1105 2049 sit
1153 1998 1366 2064 solatio,
1433 2000 1576 2069 quod
1626 2011 1751 2071 post
1820 2003 1986 2058 hosce

406 2091 517 2135 tres
552 2082 668 2137 dies
702 2082 963 2148 Dominus
985 2098 1368 2160 assumpturus
1403 2093 1474 2147 sit
1517 2093 1810 2156 minimum
1838 2095 1988 2150 hunc

299 2151 359 2215 \i
405 2172 610 2242 Salum,
638 2184 692 2230 et
720 2177 1002 2234 dominum
1028 2151 1325 2245 Joannem,
1355 2182 1577 2239 fratrem
1601 2184 1739 2254 ejus.
1769 2184 1985 2240 Etenim

405 2284 506 2338 ego
535 2269 649 2338 ipse
672 2270 978 2338 discedens,
1001 2274 1110 2328 dixi
1141 2275 1188 2329 ci
1214 2276 1540 2342 :Adesdum,
1565 2277 1751 2343 frater,
1771 2294 1983 2334 eamus.

406 2354 645 2428 Tempus
677 2362 975 2416 etiamnum
1004 2373 1288 2434 superest;
1331 2365 1425 2421 sed
1459 2376 1582 2438 post
1607 2369 1834 2424 biduum
1859 2371 1985 2425 veni

405 2442 473 2499 ad
517 2447 788 2517 tugurium
821 2465 1025 2515 meum,
1070 2463 1126 2506 et
1165 2453 1285 2508 vide
1313 2469 1380 2508 an
1420 2455 1624 2525 aliquid
1663 2457 1986 2513 inventurus

406 2537 502 2590 sis.
533 2536 666 2590 Volo
689 2549 870 2593 autem
903 2552 961 2593 ut
995 2541 1199 2598 habeas
1237 2560 1630 2616 mnemosynon
1660 2548 1884 2605 humilis
1933 2556 1987 2603 et

407 2626 707 2694 peccatoris
737 2626 868 2681 Sali.
892 2627 1018 2684 Haec
1051 2639 1105 2684 et
1126 2632 1279 2702 plura
1320 2634 1424 2704 ipsi
1455 2635 1674 2703 effatus,
1706 2638 1983 2703 discessit,

406 2727 463 2770 et
491 2716 542 2771 in
577 2721 852 2790 tugurium
889 2737 1049 2776 suum
1083 2739 1142 2778 sc
1178 2726 1407 2783 abdidit.
1447 2729 1605 2785 Nunc
1630 2741 1810 2786 autem
1844 2743 1986 2788 tern-

410 2825 512 2876 pus
531 2819 706 2874 vocat,
735 2827 767 2864 ο
796 2813 980 2878 amici,
1012 2822 1072 2868 ut
1095 2816 1215 2886 ejus
1247 2833 1464 2890 quoque
1487 2832 1718 2878 mortem
1749 2825 1986 2881 admira-

411 2902 558 2956 tione
590 2903 987 2974 dignissimam,
1014 2923 1110 2962 seu
1140 2923 1394 2965 somnum
1416 2913 1599 2982 potius
1634 2916 1787 2971 vobis
1816 2934 1984 2988 expo-

408 3010 558 3049 nam.
599 2995 726 3050 "th
768 2997 916 3052 enim
964 3015 1076 3054 non
1121 3000 1294 3056 levem
1340 3002 1505 3058 etiam
1537 3005 1690 3060 vobis
1724 3008 1987 3076 praebebit

2092 1820 2191 1892 τῷ,
2221 1820 2282 1885 ἐξ
2307 1814 2382 1874 ὧν
2413 1837 2534 1873 τινα
2567 1821 2705 1891 μήτε
2741 1819 2918 1872 εἰπεῖν
2968 1817 3110 1871 αὑτά
3137 1817 3268 1871 ποτέ
3305 1831 3409 1868 τινι
3438 1812 3688 1884 παρεκές

2093 1913 2284 1966 λευσεν
2315 1912 2405 1966 διά
2428 1913 2489 1965 τὸ
2520 1911 2595 1983 μὴ
2625 1913 2831 1974 πάντας
2865 1908 3002 1982 μετά
3037 1908 3274 1970 πίστεως
3314 1904 3572 1976 δέχεσθαι
3616 1904 3692 1957 τὰ

2093 2004 2384 2074 λεγόμενα.
2442 2002 2836 2075 Παρακλήθητι
2884 2001 2961 2065 δὲ,
2998 1999 3185 2070 ἐπειδὴ
3239 1998 3328 2050 διὰ
3367 1997 3474 2049 τῶν
3500 1994 3691 2065 τριῶν

2091 2101 2297 2154 τούτων
2321 2099 2544 2171 ἡμερῶν
2577 2096 3060 2170 προσλαμϐάνεται
3089 2096 3116 2147 6
3140 2095 3345 2164 Κύριος
3376 2091 3467 2143 τὸν
3503 2088 3692 2142 Σαλδν

2092 2192 2185 2246 τὸν
2222 2192 2524 2262 ἐλάχιστον,
2567 2191 2658 2243 καὶ
2692 2189 2784 2243 τὸν
2813 2187 2974 2260 κῦριν
3023 2187 3280 2257 Ἰωάννην
3315 2184 3406 2237 τὸν
3445 2179 3690 2250 ἀδελφὸν

2094 2283 2280 2339 αὑτοῦ.
2315 2283 2425 2336 Καὶ
2454 2282 2564 2353 γὰρ
2586 2280 2698 2351 ἐγὼ
2719 2280 2883 2343 αὐτὸς
2919 2277 3175 2333 ἀπελθὼν
3205 2272 3358 2330 εἶπον
3385 2272 3564 2342 αὐτῷ,
3601 2273 3690 2324 ὅτι

2106 2376 2348 2446 Ἀδελφὲ,
2381 2375 2575 2448 δεῦρο,
2607 2377 2851 2445 ἄγωμεν.
2883 2373 3088 2443 Καιρός
3115 2373 3229 2424 ἐστι
3280 2367 3488 2430 λοιπὸν,
3541 2363 3690 2419 ἀλλά

2097 2468 2237 2538 μετά
2265 2468 2359 2522 δύο
2381 2469 2592 2540 ἡμέρας
2615 2467 2738 2520 ὲλθὲ
2757 2469 2836 2530 είς
2857 2467 2916 2520 τὸ
2939 2464 3196 2520 καλύόιόν
3227 2479 3348 2534 μου,
3377 2461 3474 2514 καὶ
3502 2459 3686 2528 βλέπε

2093 2562 2146 2614 εί
2175 2577 2226 2613 τι
2247 2561 2542 2630 εὑρίσκεις.
2583 2558 2734 2612 Θέλω
2768 2557 2855 2610 ἵνα
2883 2557 3012 2628 ἔχῃς
3063 2553 3404 2626 μνημόσυνον
3447 2549 3547 2602 τοῦ
3577 2565 3683 2601 τα-

2095 2654 2280 2710 πεινοῦ
2311 2654 2405 2708 καὶ
2422 2650 2751 2724 ἀμαρτωλοῦ
2778 2649 2973 2704 Σαλοῦ.
3002 2649 3112 2701 Καὶ
3127 2645 3301 2699 ταῦτα
3328 2643 3422 2696 καὶ
3451 2643 3685 2693 πλείονα

2091 2749 2302 2802 τούτων
2326 2745 2496 2800 είπὼν
2523 2744 2692 2816 αὐτῷ,
2717 2740 2990 2807 ἀπελθὼν,
3015 2737 3356 2793 συνέστειλεν
3384 2735 3585 2788 ἑαυτὸν
3620 2733 3685 2785 ἐν

2091 2839 2172 2909 τῷ
2205 2837 2446 2908 καλυϐίῳ
2475 2835 2664 2891 αὐτοῦ.
2692 2834 2828 2888 Νυνὶ
2866 2833 2923 2886 δὲ
2972 2829 3162 2901 καιρὸς
3213 2828 3387 2890 καλεῖ,
3423 2819 3468 2877 ὦ
3503 2823 3682 2892 φίλοι,

2094 2933 2308 2988 καὶτὸν
2342 2929 2785 2998 ἀξιοθαύμαστον
2832 2923 2996 2978 αὐτοῦ
3051 2921 3282 2975 θάνατον
3305 2957 3320 2981 ,
3373 2915 3582 2986 μᾶλλον
3620 2915 3681 2968 δὲ

2095 3025 2288 3090 ὕπνον,
2318 3024 2448 3093 ὑμῖν
2477 3016 2858 3090 διηγήσασθαι.
2899 3013 3010 3068 Καὶ
3048 3011 3154 3080 γάρ
3207 3012 3354 3063 ἐστιν
3387 3007 3482 3060 καὶ
3511 3006 3680 3068 αὐτὸς

410 3087 722 3143 utilitatem.
760 3088 1037 3156 Quinimo,
1078 3091 1130 3146 id
1177 3095 1320 3162 quod
1365 3096 1638 3159 omnibus,
1690 3113 1810 3168 qua:
1839 3115 1982 3170 prae-

2095 3120 2146 3173 οὑ
2196 3087 2298 3187 τὴν
2355 3087 2624 3184 τυχοῦσαν
2683 3103 2942 3178 παρέχων
2979 3103 3277 3172 ὠφέλειαν,
3311 3098 3446 3152 ἁ).λά
3469 3115 3533 3149 τε
3584 3097 3678 3149 καὶ

410 3181 552 3235 dicta
581 3191 729 3247 sunt,
755 3192 838 3236 est
864 3185 1240 3250 excellentius,
1274 3186 1366 3240 illa
1411 3188 1645 3259 sigillum
1678 3192 1885 3246 exstitit
1933 3203 1986 3248 et

410 3271 750 3326 conﬁrmatio
804 3273 1135 3329 intaminatae
1185 3281 1623 3336 conversationis
1662 3283 1802 3352 ejus.
1849 3283 1986 3339 Dum

411 3363 556 3417 enim
581 3364 662 3417 vir
687 3380 914 3434 magnus
932 3367 1160 3422 sentiret
1185 3383 1530 3426 communem
1554 3374 1746 3429 adesse
1773 3376 1987 3443 horam,

411 3464 465 3507 et
496 3469 565 3508 ne
594 3466 714 3524 post
751 3465 980 3532 mortem
1003 3459 1224 3526 quidem
1254 3461 1415 3515 vellet
1455 3461 1754 3518 humanum
1783 3465 1989 3522 referre

414 3545 697 3607 honorem,
732 3547 858 3616 quid
897 3547 1066 3603 facit?
1103 3550 1380 3621 Ingressus
1421 3554 1608 3624 subter
1636 3554 1836 3611 fascem
1866 3573 1988 3612 sar-

411 3646 746 3704 mentorum,
776 3641 866 3710 qui
915 3642 968 3695 in
1017 3657 1174 3697 sacro
1213 3643 1331 3713 ejus
1360 3645 1575 3716 tugurio
1615 3655 1753 3714 erat,
1789 3651 1988 3706 ibidem

411 3729 779 3795 obdormiens,
808 3733 1062 3802 spiritum
1087 3752 1247 3790 suum
1279 3736 1512 3794 Domino
1536 3740 1592 3795 in
1629 3757 1762 3810 pace
1799 3745 1990 3799 reddi-

413 3820 510 3874 dit.
537 3821 852 3878 Familiares
873 3827 1012 3896 ejus,
1045 3828 1137 3898 qui
1163 3843 1192 3882 a
1213 3828 1377 3884 biduo
1401 3831 1552 3886 illum
1580 3847 1691 3887 non
1717 3834 1987 3903 viderant,

413 3910 640 3966 dicunt:
669 3913 893 3980 Eamus,
924 3917 1224 3985 videamus,
1266 3936 1396 3975 num
1450 3921 1592 3977 forte
1629 3923 1880 3982 inﬁrmus
1920 3928 1992 3983 sit

363 4027 382 4039 --
413 4002 591 4057 Salus.
627 4002 690 4058 Et
721 4005 1048 4068 invenerunt
1077 4024 1205 4064 eum
1245 4011 1523 4080 iacentem
1565 4015 1759 4070 subter
1785 4017 1987 4075 fascem

412 4105 834 4164 sarmentorum,
865 4108 1160 4155 mortuum.
1196 4100 1335 4159 Tum
1357 4105 1588 4161 dicunt:
1617 4109 1702 4162 An
1721 4110 1832 4179 jam
1867 4126 1992 4167 creo

413 4187 546 4243 dent
575 4204 784 4256 omnes,
815 4192 961 4261 quod
991 4194 1189 4249 mentis
1217 4211 1439 4266 compos
1466 4199 1570 4253 iste
1593 4199 1798 4256 fuerit?
1826 4203 1988 4270 Ecce,

412 4279 528 4348 ipsa
569 4281 732 4336 etiam
776 4283 898 4353 ejus
939 4299 1087 4340 mors
1123 4286 1191 4341 ad
1229 4287 1464 4343 scalmos
1507 4288 1617 4361 (9i)
1654 4302 1758 4347 est.
1792 4295 1858 4350 Et
1883 4297 1990 4354 duo

411 4369 633 4437 quidam
671 4371 911 4426 tulerunt
939 4389 1064 4428 eum
1115 4391 1224 4429 non
1266 4377 1460 4443 lotum,
1500 4380 1619 4436 sine
1665 4385 1988 4452 psalmodia,

2098 3209 2318 3263 πάντων
2349 3204 2459 3258 τῶν
2490 3199 2902 3273 προειρημένων
2943 3191 3386 3265 ὲξαιρετώτερον,
3409 3191 3560 3251 ὅστις
3584 3187 3679 3240 καὶ

2099 3299 2336 3371 σφραγὶς
2384 3297 2478 3350 καὶ
2522 3293 2813 3364 βεϐαίωσις
2855 3291 2956 3360 τῆς
2985 3284 3287 3358 ἀμολύντου
3317 3280 3480 3336 αὐτοῦ
3523 3279 3677 3333 πολι-

2094 3393 2246 3456 τείας
2273 3389 2629 3458 καθέστηκεν.
2666 3382 2996 3450 Αἰσθόμενος
3034 3378 3142 3449 γὰρ
3171 3380 3198 3430 6
3231 3375 3406 3447 μέγας
3431 3372 3531 3443 τὴν
3561 3388 3680 3424 xor.-
3787 3411 3808 3425 .

2095 3485 2194 3555 νὴν
2223 3483 2392 3554 ὥραν,
2421 3477 2744 3550 βουλόμενος
2781 3471 2915 3544 μηδὲ
2947 3471 3086 3523 κατά
3130 3469 3358 3555 θάνατον
3385 3464 3557 3555 τιμὴν
3579 3464 3677 3514 ἀν-

2097 3553 2375 3647 θρωπείαν
2397 3563 2828 3636 ἀπενέγκασθαι,
2853 3561 2906 3615 τί
2929 3562 3104 3656 ποιεί,
3126 3553 3396 3656 Εἰσελθὼν

2095 3639 2190 3717 τοῦ
2218 3660 2370 3722 ὄντος
2401 3655 2621 3727 φορτίου
2658 3653 2767 3706 τῶν
2809 3647 3181 3720 κληματιδίων
3216 3647 3273 3699 ὲν
3313 3643 3392 3714 τῷ
3437 3639 3680 3708 καλυδίῳ

2097 3751 2261 3808 αὑτοῦ
2290 3749 2369 3820 τῷ
2400 3747 2552 3816 ἱερῷ,
2571 3745 2752 3799 ἐκεῖσε
2783 3740 3082 3800 καθεύδων,
3105 3737 3183 3810 τῷ
3208 3734 3402 3804 Κυρίῳ
3425 3729 3679 3831 παρέδω-

2097 3864 2192 3902 κεν
2224 3843 2284 3897 τὸ
2317 3841 2534 3910 πνεῦμα
2564 3841 2622 3892 ὲν
2650 3837 2862 3907 εἰρήνῃ.
2894 3833 2960 3886 Οἱ
2995 3826 3088 3884 οὖν
3111 3827 3362 3898 συνήθεις
3387 3820 3576 3884 αὑτοῦ,
3601 3820 3680 3882 ὡς

2095 3940 2196 3994 οὐκ
2225 3932 2363 3990 εῑδον
2395 3927 2557 3987 αὐτὸν
2581 3929 2682 3993 τὰς
2706 3927 2801 3982 δύο
2832 3924 3064 3996 ἡμέρας,
3085 3919 3374 4024 λέγουσινῖΙΓ
3397 3916 3676 4024 ἈγωμεΪ,

2098 4033 2316 4102 ἴδωμεν,
2350 4028 2425 4099 μή
2456 4041 2574 4087 πως
2602 4020 2823 4076 ἀσθενεῖ
2849 4021 2878 4072 6
2909 4015 3100 4078 Σαλός.
3163 4012 3274 4066 Καὶ
3318 4003 3474 4102 εὗρον
3515 4005 3679 4058 αὐτὸν

2097 4098 2630 4186 ὑποκάτωκείμενον
2649 4111 2743 4166 τοῦ
2783 4109 3003 4181 φορτίου
3033 4106 3141 4160 τῶν
3176 4098 3547 4174 κληματιδίων
3581 4112 3676 4149 νε-

2097 4210 2248 4280 κρόν.
2301 4207 2438 4262 Τότε
2488 4205 2770 4272 λέγουσιν·
2828 4195 2980 4269 Ἀρα
3033 4197 3100 4251 ἂν
3128 4195 3253 4267 ἄρτι
3292 4189 3679 4245 πιστεύσουσιν

2097 4302 2300 4364 πάντες
2321 4341 2335 4363 ,
2367 4299 2449 4351 ὅτι
2473 4295 2604 4366 παρ’
2639 4293 2831 4348 ἑαυτὸν
2872 4287 2942 4362 ἦν
2979 4285 3168 4353 οὗτοςς
3219 4285 3351 4340 Ἰδοὺ
3391 4283 3488 4338 καὶ
3515 4281 3681 4344 αὐτὸς

2095 4396 2125 4448 6
2158 4395 2386 4456 θάνατος
2408 4388 2572 4444 αὐτοῦ
2595 4386 3004 4454 κατάσκαλμος.
3039 4383 3150 4437 Καὶ
3180 4378 3554 4450 βαστάσαντες
3577 4375 3681 4429 αὖ·

411 4461 531 4515 sine
555 4462 730 4517 cereis
763 4471 817 4517 ct
843 4465 1232 4534 odoramentis,
1267 4477 1323 4524 et
1356 4469 1621 4527 abeuntes
1657 4477 1987 4546 sepelierunt

2095 4487 2186 4540 τὸν
2214 4485 2308 4539 δύο
2336 4483 2500 4548 τινὲς,
2555 4479 2726 4552 χωρὶς
2773 4476 2865 4531 τοῦ
2896 4475 3096 4529 πλῦναι
3140 4471 3328 4538 αὐτὸν,
3364 4470 3460 4523 καὶ
3502 4465 3680 4540 χωρὶς

409 4553 591 4623 ipsum
618 4555 672 4609 in
701 4556 912 4612 tumulo
937 4561 1370 4630 peregrinorum.

481 4753 572 4810 62.
611 4755 706 4813 His
736 4768 942 4825 autem,
991 4765 1083 4832 qui
1126 4779 1251 4820 eum
1299 4767 1608 4837 portabant,
1651 4779 1706 4825 et
1753 4775 1990 4829 tumula-

411 4849 518 4903 turi
561 4848 740 4919 ipsum
786 4851 1051 4919 abierant,
1102 4860 1406 4929 progressis
1443 4861 1510 4916 ad
1549 4877 1723 4933 usque
1763 4865 1986 4923 domum

410 4938 692 5010 cujusdam
718 4940 948 5009 Hebraei,
976 4945 1123 5016 ﬁguli
1147 4949 1432 5014 vitrorum,
1459 4969 1622 5023 quem
1651 4953 1811 5010 Salus
1836 4957 1992 5013 Chri-

412 5031 605 5087 stianis
643 5034 812 5089 sacris
843 5037 1174 5107 ascripserat
1197 5081 1211 5103 ,
1238 5043 1391 5097 audit
1415 5046 1710 5113 praedictus
1727 5046 1990 5108 Hebraeus

404 5122 770 5190 psalmodiam
802 5134 911 5180 tam
943 5128 1286 5196 concinnam,
1316 5142 1375 5187 ut
1401 5135 1563 5190 talem
1584 5137 1728 5193 labia
1751 5141 1988 5200 humana

411 5223 633 5270 cantare
680 5233 788 5272 non
833 5223 1062 5289 possint,
1107 5232 1162 5277 et
1187 5225 1401 5280 turbam
1453 5237 1679 5293 tantam,
1730 5246 1987 5304 quantam

482 5377 532 5411 ”
562 5375 770 5448 Ephes.
808 5396 860 5442 ν,
891 5396 967 5434 vt.
1046 5381 1092 5413 “
1125 5379 1269 5435 Psal.
1307 5397 1395 5448 XL,
1423 5382 1480 5436 2.
1559 5385 1603 5416 ’⁸
1634 5385 1773 5441 Ibid.

2096 4577 2437 4650 ψαλμῳδίας,
2497 4575 2594 4629 καὶ
2647 4571 2818 4644 χωρὶς
2873 4568 3081 4641 κηρίων
3132 4566 3231 4620 καὶ
3291 4561 3679 4636 θυμιαμάτων,

2093 4670 2423 4732 ἀπελθόντες
2456 4666 2664 4737 ἔθαψαν
2696 4661 2856 4720 αὑτὸν
2888 4664 2970 4725 είς
3006 4661 3068 4714 τὸ
3099 4657 3434 4726 ξενοτάφιον.

2167 4782 2268 4853 ἒβη
2317 4784 2407 4844 Ὠς
2438 4776 2532 4835 οὖν
2570 4779 2881 4848 ἀπήρχοντο
2920 4773 3012 4828 διὰ
3047 4773 3198 4826 οῐκου
3251 4770 3395 4834 τινὸς
3444 4765 3554 4823 ἀπὸ
3586 4765 3682 4820 Ἦ-

2096 4875 2304 4946 ϐραίων
2327 4871 2579 4943 ὐελεψοῦ,
2629 4871 2796 4940 ὅνπερ
2823 4867 2984 4931 αὐτὸς
3037 4865 3298 4935 ἐποίησεν
3326 4857 3678 4934 Χριστιανὸν,

2091 4967 2167 5032 ὡς
2201 4965 2461 5036 ἀνωτέρω
2487 4963 2814 5034 εἰρήκαμεν,
2851 4959 2903 5012 οί
2932 4957 3121 5010 τοῦτον
3150 4953 3539 5026 βαστάζοντες,
3583 4950 3677 5005 καὶ

2093 5059 2440 5130 ἐξερχόμενοι
2493 5055 2661 5126 θάψαι
2713 5051 2900 5114 αὐτὸν,
2949 5049 3140 5105 ἀκούει
3170 5050 3198 5103 6
3249 5045 3538 5118 εἰρημένος
3564 5042 3671 5098 ἀπὸ

2105 5151 2373 5223 Ἐϐραίων
2398 5147 2743 5221 ψαλμῳδίας,
2793 5138 2903 5198 οἷον
2939 5139 3103 5213 μέλος
3147 5140 3211 5193 οὑ
3250 5138 3478 5192 δύναται
3504 5133 3673 5207 ψᾶλαι

2093 5246 2270 5318 χεῖλος
2292 5241 2619 5314 ἀνθρώπων,
2649 5240 2745 5294 καὶ
2775 5237 2982 5308 πλῆθος
3009 5233 3037 5288 ὃ
3079 5235 3138 5287 οὐ
3173 5231 3402 5286 δύναται
3447 5227 3670 5297 συνᾶξαι

1925 5482 2162 5542 NOTAE.

485 5587 820 5669 φιλ-ϐεττερ
857 5589 1115 5669 σκαλμός,
1140 5593 1401 5669 paxillus,
1459 5595 1573 5669 sive
1604 5606 1737 5652 (em
1762 5598 1978 5669 lignum,

413 5659 496 5710 (m'
522 5657 782 5739 alligatur
806 5657 1317 5739 rcnms.‘_Deri_\~'a_t_ur
1347 5657 1641 5739 agema,
1669 5657 1828 5739 fodio",
1851 5657 1980 5739 quia

412 5727 643 5796 paxillus
690 5744 822 5784 cavo
875 5733 1028 5800 quasi
1081 5734 1363 5792 infoditur.
1411 5736 1547 5794 Hinc
1607 5727 1778 5793 facilis
1815 5727 1980 5796 'nbno

2090 5602 2240 5726 vocis
2277 5599 2686 5690 κατάσκαλμος,
2711 5617 2810 5675 pro
2856 5614 2960 5670 qua
3017 5598 3154 5656 forte
3200 5599 3495 5672 legendum
3534 5597 3668 5654 κατὰ

2091 5690 2194 5726 mea
2217 5693 2388 5726 μους.

2091 5690 2388 5748 σκαλμους.

2442 5848 2451 5880 l
