3956 6220
329 359 468 420 ιιρῧ

1597 338 1777 401 νιΤΑ
1812 337 1876 400 S.
1911 337 2209 404 SYMEON
2217 351 2312 409 ιδ.

3471 329 3606 393 1746

316 452 470 504 πᾶσα
499 451 532 521 ἡ
559 448 657 503 ἀνθ
668 451 938 520 ρωπὸτης.
976 447 1305 517 Ἐκπλαγεὶς
1333 445 1429 503 οὖν
1461 448 1672 512 ἐκεῖνος
1705 449 1799 502 ἐπὶ
1825 446 1905 522 τῷ

2021 452 2314 508 humanum
2357 467 2530 525 genus
2575 466 2909 526 congregare
2950 460 3209 523 nequeat.
3258 450 3458 510 Verum
3507 453 3599 509 ille

321 543 558 614 συντόνῳ
596 545 689 596 καὶ
716 542 1075 614 παναρμονίῳ
1103 542 1203 612 τῆς
1231 542 1534 612 ἀγγελικῆς
1575 541 1903 613 ήδυμελείας

318 640 455 710 ἤχῳ,
490 635 840 709 παρακύπτει
876 637 970 691 καὶ
1019 636 1218 707 θεωρεῖ
1243 634 1336 688 τὸν
1384 635 1538 698 ὅσιον
1575 633 1906 705 προκομιζό.

322 747 484 800 μενον
509 729 618 782 ὑπὸ
639 728 736 782 δύο
764 728 859 782 καὶ
895 727 1059 798 μόνον
1087 726 1198 782 τῶν
1230 725 1613 799 βασταζόντων
1639 725 1809 780 αὐτοῦ
1842 725 1905 780 τὸ

319 821 499 893 τίμιον
521 821 700 891 σῶμα.
733 820 868 874 Τότε
891 815 1045 874 εἶπεν
1077 821 1287 884 ἐκεῖνος
1315 820 1344 873 6
1366 818 1560 872 τούτου
1593 818 1686 872 τοῦ
1730 818 1904 890 ἀορά-

318 931 414 968 του
451 914 647 985 μέλους
671 914 928 977 ἀκούσας’
958 912 1246 984 Μακάριος
1265 907 1337 974 εἴ,
1359 912 1520 975 Σαλὲ,
1549 912 1632 964 ὃτι
1664 912 1738 981 μὴ
1765 910 1907 982 ἔχων

321 1007 643 1078 ἀνθρώπους
668 1005 972 1075 ψάλλοντάς
1008 1020 1114 1072 σοι,
1149 1005 1294 1075 ἔχεις
1325 1003 1611 1076 οὐρανίους
1648 1002 1908 1074 δυνάμεις

322 1099 380 1150 ἐν
406 1097 596 1166 ὕμνοις
634 1095 883 1167 τιμώσας
913 1111 974 1149 σε
993 1110 1014 1126 ν
1055 1095 1150 1148 καὶ
1174 1093 1376 1156 εὐθέως
1410 1091 1711 1157 κατελθὼν,
1748 1092 1908 1155 ίδίαις

322 1189 518 1261 χερσὶν
541 1189 714 1242 αὐτὸν
744 1187 970 1258 ἔθαψεν.
1007 1185 1126 1241 Καὶ·
1140 1185 1263 1239 τότε
1286 1187 1354 1239 τὰ
1385 1184 1722 1240 ἀκουσθέντα
1756 1184 1908 1256 αὐτῷ

323 1280 546 1353 ᾄσματα
569 1280 679 1335 τῶν
706 1281 1037 1350 ἀσωμάτων,
1073 1279 1240 1332 πᾶσιν
1267 1277 1596 1348 ἐξηγήσατο.
1635 1276 1908 1329 Ἤκουσεν

322 1369 416 1425 οὖν
439 1370 604 1425 τοῦτο
626 1373 719 1424 καὶ
747 1373 776 1425 6
802 1369 964 1441 κῦρις
985 1369 1242 1439 Ἰωάννης
1267 1371 1296 1422 6
1322 1369 1591 1432 διάκονος,
1621 1353 1716 1422 καὶ
1739 1362 1908 1437 ἦλθεν

322 1464 599 1534 δρομαίως
647 1461 795 1533 με·τά⁴
823 1463 917 1516 καὶ
971 1461 1150 1517 ἄλλων
1186 1459 1396 1514 πολλῶν
1454 1460 1538 1523 εἰς
1576 1459 1670 1513 τὸν
1719 1458 1908 1521 τόπον,
1945 1443 1953 1456 ’

323 1557 456 1609 ὅπου
485 1557 682 1626 ἐτάφη,
727 1555 1052 1626 βουλόμενος
1087 1551 1378 1609 ἀνελέσθαι
1425 1550 1487 1605 τὸ
1515 1550 1699 1624 τίμιον
1741 1547 1908 1606 αὑτοῦ

323 1647 576 1716 λείψανον
605 1647 698 1699 ἐπὶ
723 1647 784 1699 τὸ
830 1646 1068 1714 ἐντίμως
1119 1642 1285 1698 αὐτὸν
1340 1639 1626 1713 κηδεῦσαι.
1673 1642 1764 1705 Ὠς
1815 1635 1913 1695 οὗν

325 1741 542 1810 ἤνοιξαν
585 1741 678 1792 τὸν
709 1740 900 1810 τάφον,
947 1740 1044 1809 οὐχ
1075 1731 1236 1810 εὗρον
1282 1736 1434 1790 αὖτόο
1469 1735 1774 1806 μετέθηκεν
1800 1734 1908 1806 γάρ

2007 543 2294 613 perculsus
2320 544 2575 600 ordinato
2599 558 2663 600 ac
2692 543 2965 600 concinno
3009 544 3268 615 angelica:
3296 545 3597 600 harmoniae

2003 649 2165 699 sono,
2189 635 2486 690 incurvans
2511 651 2592 698 se,
2642 635 2797 692 videt
2838 635 3018 690 virum
3065 644 3318 691 sanctum
3356 634 3538 690 eﬂ‘erri
3567 651 3599 690 a

2004 720 2222 778 duobus
2259 724 2542 790 duntaxat,
2568 725 2660 794 qni
2691 724 3008 781 venerabile
3029 726 3147 796 ejus
3175 741 3378 796 corpus
3407 733 3600 796 porta-

2005 812 2158 868 bant.
2192 809 2347 870 Tunc
2367 817 2504 872 dixit
2528 817 2641 881 ille,
2682 817 2778 887 qui
2802 817 2906 873 hoc
2935 831 3047 872 non
3086 817 3390 887 spectabile
3427 817 3602 872 melos

2005 901 2284 957 audierat:
2316 902 2510 959 Beatus
2531 920 2613 970 es,
2655 902 2800 970 Sale,
2839 905 2992 992 quia:
3033 904 3126 974 qui
3165 919 3279 960 non
3300 904 3470 958 habes
3495 904 3601 958 ho-

2008 993 2204 1058 mines,
2236 995 2327 1064 qui
2377 995 2474 1051 tibi
2521 997 2778 1066 psallant,
2828 995 3002 1051 habes
3047 996 3300 1051 caelestes
3344 996 3600 1063 virtutes,

2009 1084 2227 1156 hymnis
2271 1093 2323 1139 te
2372 1087 2728 1154 honorantes,
2781 1095 2834 1141 et
2882 1101 3012 1140 mox
3063 1085 3424 1150 descendens,
3474 1101 3601 1142 eum

2008 1179 2122 1232 suis
2147 1178 2402 1234 manibus
2431 1181 2705 1249 sepelivit.
2738 1181 2803 1236 Et
2841 1189 2973 1235 tunc
3012 1180 3198 1237 audita
3229 1196 3261 1236 a
3303 1195 3363 1236 se
3389 1180 3601 1237 cantica

2008 1270 2346 1341 angelorum,
2381 1273 2637 1332 omnibus
2685 1272 2954 1327 narravit.
3011 1271 3239 1327 Audivit
3287 1273 3457 1328 etiam
3496 1272 3603 1329 hoc

2008 1361 2264 1418 dominus
2312 1361 2555 1416 Joannes
2606 1363 2889 1428 diaconus,
2947 1372 3003 1418 et
3043 1363 3320 1419 curriculo
3363 1364 3602 1420 accurrit

2008 1467 2134 1509 cum
2159 1452 2344 1508 multis
2369 1452 2489 1508 aliis
2517 1453 2584 1507 ad
2606 1453 2812 1517 locum,
2849 1440 3224 1525 ubisepultus
3247 1463 3385 1518 erat.
3407 1456 3602 1510 volens

2011 1543 2201 1598 tollere
2224 1543 2524 1613 pretiosum
2546 1543 2665 1612 ejus
2698 1558 2919 1613 corpus,
2955 1551 3016 1597 ut
3046 1545 3349 1600 honorifice
3384 1545 3604 1615 eijusta
3641 1525 3656 1536 ’

2009 1632 2366 1704 persolveret.
2414 1631 2622 1704 Ape’rto
2653 1634 2835 1704 itaque
2879 1635 3153 1704 sepulcro,
3190 1637 3323 1692 illud
3374 1652 3485 1691 non
3518 1635 3604 1691 in-

2013 1725 2199 1789 venit;
2227 1740 2352 1778 nam
2377 1723 2661 1785 Dominus.
2697 1724 2788 1794 qui
2826 1739 2951 1781 eum
2978 1724 3333 1796 gloriﬁcabat,
3363 1735 3605 1781 transtu-

325 1833 494 1887 αὑτὸν
518 1833 746 1897 δοξάσας
798 1835 827 1886 6
867 1831 1091 1903 Κύριος.
1145 1830 1280 1883 Τότε
1338 1827 1578 1892 ἅπαντες
1626 1826 1816 1899 ὥσπερ
1847 1827 1908 1895 ἐξ

2021 1816 2170 1871 lerat.
2211 1814 2370 1874 Tunc
2419 1833 2613 1873 omnes
2677 1817 2847 1872 veluti
2883 1833 2914 1872 e
2960 1831 3154 1872 somno
3207 1817 3426 1873 excitati
3456 1826 3606 1884 sunt,

327 1926 506 1979 ὕπνου·
527 1926 824 1995 άνὲνηψαν,
857 1925 952 1978 καὶ
975 1921 1271 1992 ἐξηγοῦντο
1300 1921 1555 1988 ἀλλήλοις
1583 1921 1684 1974 ὅσα
1710 1919 1904 1992 ἐποίηο

327 2034 418 2072 σεν
447 2020 530 2072 ἑνὶ
552 2018 768 2088 ἑκάστῳ
789 2017 1088 2088 θαυμάσια,
1112 2017 1206 2071 καὶ
1234 2016 1316 2070 ὃτι
1339 2013 1430 2069 διὰ
1457 2013 1548 2068 τὸν
1569 2013 1703 2067 Θεὸν
1737 2027 1910 2082 προσο

327 2115 565 2166 εποιεῖτο
594 2109 686 2163 τὸν
710 2108 899 2164 σαλόν.

1915 2283 1979 2302 β

2014 1916 2070 1963 et
2106 1907 2404 1962 narrabant
2435 1906 2580 1962 inter
2630 1922 2708 1973 se,
2754 1923 3010 1978 quamam
3046 1907 3344 1978 unicuique
3388 1908 3608 1965 fecisset

2013 1998 2298 2066 miracula,
2331 2007 2386 2054 et
2422 1998 2570 2070 quod
2609 2009 2834 2072 pr0pter
2865 2000 3038 2057 Deum
3092 1999 3344 2056 ﬁnxisset
3370 2016 3430 2057 se
3467 2000 3613 2057 stul-

2014 2099 2074 2145 ιιι
2080 2104 2154 2145 m.

1757 2371 2124 2432 EPILOGUS.
2233 2438 2236 2442 ,

387 2563 498 2632 ἐτ’.
534 2554 704 2627 Οὗτος
732 2561 897 2633 ὁ-βίος
922 2561 1017 2618 καί
1063 2562 1100 2636 ἠ
1143 2559 1414 2630 πολιτεία,
1447 2554 1494 2616 ὦ
1537 2558 1900 2631 φιλόχριστοι,

323 2657 418 2710 τοῦ
449 2655 752 2724 θαυμασίου
793 2655 988 2708 τούτου
1040 2654 1291 2725 Συμεών.
1347 2648 1520 2709 Mirm
1553 2655 1611 2707 αἱ
1638 2650 1806 2706 αὑτοῦ
1840 2651 1905 2703 ἐκ

326 2747 538 2801 πολλῶν
590 2747 766 2814 ὀλίγαι
821 2747 1168 2816 συλλεγεῖσαι
1214 2747 1430 2816 ἀρεταί.
1478 2741 1650 2810 Οὗτος
1682 2745 1849 2799 αὑτοῦ
1878 2747 1908 2799 6

326 2839 566 2910 κρυπτὸς
590 2840 757 2894 ὅντως
791 2839 885 2892 καὶ
913 2839 1164 2907 οὐράνιος
1205 2839 1428 2910 δρόμος,
1485 2839 1514 2891 6
1566 2837 1759 2910 μηδενὶ¹
1807 2835 1908 2906 μὲν

325 2931 622 3002 ὁρώμενος,
681 2932 848 2984 πᾶσιν
894 2931 951 2984 δὲ
990 2930 1249 3000 ἐξαίφνης
1294 2929 1537 3002 εὑρεθεὶς
1583 2926 1911 2996 κατάδηλος.

327 3018 497 3086 Οὗτος
529 3025 557 3077 6
583 3021 702 3083 νέος
729 3019 874 3086 Λὼτ,
907 3021 1173 3091 ὥσπερέν
1202 3017 1455 3089 Σοδόμοις
1483 3021 1711 3084 ἐκεῖνος,
1743 3016 1915 3078 οὕτως

328 3116 388 3168 ἐν
422 3115 500 3186 τῷ
534 3115 728 3185 κόσμῳ
764 3107 918 3176 οὗτος
973 3113 1198 3181 ἀφανῶς
1242 3109 1513 3166 ὑπελθών.
1572 3110 1682 3164 Καὶ
1707 3108 1774 3161 τὰ
1817 3105 1914 3176 μὲν

331 3205 622 3270 Θαυμαστὰ
660 3204 850 3271 αὐτοῦ,
891 3205 984 3259 xui.
1025 3203 1384 3274 πολυύμνητα
1417 3199 1648 3262 ἔπαθλα,
1681 3198 1825 3253 κατά
1847 3213 1912 3264 γε

327 3301 388 3354 τὸ
426 3302 555 3371 ἡμῖν
587 3301 702 3362 τοῖς
731 3298 1037 3369 οὐδαμινοῖς
1065 3294 1367 3367 ἐγχωροῦν,
1412 3295 1598 3365 γραφῇ
1637 3289 1912 3390 παραδοῦῗ
1940 3335 1982 3390 C

330 3410 417 3446 ναι
445 3392 883 3461 ἐσπουδάκαμεν,
937 3390 986 3443 εί
1030 3389 1124 3442 καὶ
1181 3387 1377 3457 ἑτέραν
1428 3384 1536 3455 πρὸ
1581 3383 1786 3453 ταύτης
1822 3377 1914 3433 διὰ

331 3484 626 3555 συντομίας
686 3482 1112 3553 πεποιήκαμεν,
1165 3477 1253 3531 διὰ
1285 3477 1347 3530 τὸ
1401 3477 1568 3546 μήπω
1606 3473 1782 3526 ἐλθεῖν
1835 3473 1914 3535 είς

330 3576 608 3648 ἡμετέραν
640 3573 868 3640 γνῶσιν,
911 3571 1008 3638 τὴν
1038 3567 1439 3638 λεπτομέρειαν
1471 3563 1566 3616 τοῦ
1607 3559 1913 3632 θαυμασίου

330 3664 521 3718 τούτου
549 3663 908 3732 διηγήματος.
939 3659 1014 3711 T6
1039 3658 1098 3711 δέ
1121 3657 1310 3710 τοῦτον
1336 3652 1632 3724 ἐγκωμίοις
1657 3651 1914 3721 τιμῆσαι,

330 3756 392 3810 οὗ
418 3757 516 3826 τῆς
549 3755 825 3825 ἡμετέρας
853 3747 1109 3819 γνώσεως
1141 3746 1502 3815 καθέστηκεν,
1524 3745 1638 3798 ἀλλ’
1667 3741 1917 3807 ἐκείνων,

331 3842 411 3912 οἷς
443 3847 674 3915 δύναμις
698 3844 981 3916 πρόσεστι,
1023 3841 1119 3894 καὶ
1144 3842 1210 3909 τῇ
1241 3837 1432 3891 τούτου
1468 3838 1636 3906 ἀρετῇ
1679 3833 1916 3904 ἁμιλλᾶ-

336 3938 482 3994 σθαι.
535 3939 695 4000 Ποῑος
749 3935 858 4007 γὰρ
891 3933 1052 4001 λόγος
1107 3930 1451 3986 ἐπαινέσειεν
1479 3930 1570 3984 τὸν
1597 3929 1736 3999 ὑπὲρ
1761 3925 1919 3994 λόγον

332 4031 654 4103 τιμηθέντα’
697 4029 730 4099 ἢ
757 4027 874 4088 πῶς
898 4027 1131 4097 σάρκινα
1153 4024 1309 4096 χείλη
1343 4024 1432 4076 τὸν
1465 4025 1523 4076 ἐν
1553 4021 1716 4092 σαρκὶ
1749 4019 1920 4092 ἄσαρ-

333 4143 429 4182 κον
457 4123 830 4193 ἁναφανέντα;
867 4118 992 4183 Πῶς
1025 4116 1084 4172 δὲ
1121 4117 1290 4186 σοφία.
1329 4115 1583 4185 γλώσσης
1616 4113 1710 4167 τὸν
1737 4111 1921 4164 πᾶσαν

335 4218 524 4288 σοφίαν
559 4217 654 4270 καὶ
683 4213 946 4286 φρόνησιν
972 4213 1037 4281 τῇ
1080 4208 1220 4263 κατὰ
1257 4207 1390 4260 Θεὸν
1439 4204 1624 4278 μωρίᾳ
1653 4201 1920 4274 ἐξαφανί-

337 4326 541 4376 σαντα;
576 4309 784 4368 Ὄντως
825 4303 1114 4376 ἄνθρωπος
1146 4302 1228 4364 είς
1275 4298 1592 4371 πρόσωπον,
1640 4295 1670 4350 6
1699 4295 1756 4348 δὲ
1788 4293 1922 4359 Θεὸς

335 4403 416 4466 είς
440 4400 685 4464 καρδίαν.
721 4399 932 4462 Ὄντως
955 4395 1054 4465 οὐχ
1081 4392 1258 4457 οὓτως
1277 4391 1470 4462 ὄψεται
1505 4387 1816 4461 ἄνθρωπος,
1845 4384 1923 4450 ὠς

334 4495 522 4566 δψεται
559 4493 780 4563 Κύριος.
816 4492 1026 4553 Ὄντως
1073 4485 1248 4554 οὐδεὶς
1277 4483 1539 4553 γινώσκει
1581 4481 1658 4536 τὰ.
1699 4478 1796 4536 τοῦ
1824 4479 1921 4533 ἀν-

336 4587 580 4658 θρώπου,
612 4587 660 4639 εί
690 4585 766 4657 μὴ
793 4582 856 4638 τὸ
884 4581 1102 4652 πνεῦμα
1123 4577 1218 4633 τοῦ
1253 4576 1567 4649 ἀνθρώπου.
1604 4575 1822 4636 Ὄντως
1846 4570 1923 4642 μὴ

337 4647 446 4746 πρὸ
484 4647 842 4749 καιροῦντινα
874 4647 1176 4747 κρίνωμεν,
1239 4665 1285 4726 ὧ
1313 4647 1674 4740 φιλόχριστοι,
1715 4665 1823 4728 ἓως
1853 4662 1915 4718 ἃν

2027 4659 2210 4724 minis,
2242 4656 2352 4714 nisi
2379 4655 2604 4726 spiritus
2645 4651 2908 4708 hominis.
2947 4647 3093 4704 Vere
3140 4662 3213 4704 ne
3244 4654 3372 4702 ante
3411 4652 3628 4712 tempus
3710 4683 3727 4699 .
3804 4656 3814 4665 ·

339 4773 467 4845 ἔλθῃ
491 4774 520 4825 6
556 4771 780 4842 Κύριος,
837 4768 898 4833 ὃς
937 4767 1032 4822 καὶ
1077 4764 1311 4834 φωτίσει
1340 4762 1537 4816 πάντα.
1579 4757 1677 4820 Τίς
1708 4757 1920 4826 ἔλεγεν,

339 4865 694 4936 φιλόχριστοι,
727 4861 819 4916 τὸν
855 4859 1061 4914 Ἰούδαν
1087 4857 1226 4928 μετὰ
1251 4855 1361 4908 τῶν
1388 4851 1647 4926 μαθητῶν
1668 4849 1926 4918 διάγοντα

339 4954 690 5028 σωματικῶς,
733 4951 872 5024 μετὰ
901 4951 959 5004 δὲ
989 4949 1102 5002 τῶν
1123 4946 1396 5003 Ἰουδαίων
1429 4943 1748 5014 ὑπάρχοντα
1787 4955 1926 5010 καρ-

217 5072 229 5114 τ
338 5046 570 5113 διακώςς
603 5045 700 5109 Τίς
745 5047 804 5099 ἐν
850 5041 1066 5115 Ίεριχὼ
1103 5041 1203 5112 τὴν
1261 5037 1430 5092 Ῥαὰϐ
1480 5038 1540 5089 ἐν
1574 5033 1653 5106 τῷ
1693 5029 1930 5103 πορνείῳ

221 5145 225 5151 ’
339 5137 506 5194 οὖσαν
549 5137 792 5210 σώματι,
842 5137 1020 5190 ἐδόκει
1062 5135 1122 5188 ἐν
1156 5132 1346 5205 Κυρίῳ
1385 5129 1466 5201 τῷ
1489 5126 1810 5197 πνεύματιςς
1829 5122 1926 5187 Τίς

340 5231 433 5284 τὸν
455 5231 703 5303 Λάζαρον
730 5231 959 5292 ἐκεῖνον,
985 5226 1076 5281 τδν
1104 5224 1339 5295 πτωχδν,
1363 5219 1592 5293 ἤλπιζεν
1614 5218 1672 5271 ὲν
1700 5213 1928 5285 τοιαύτῃ

339 5322 686 5395 ταλαιπωρίᾳ
712 5318 820 5375 τῶν
843 5316 1017 5374 ἑλκῶν
1053 5304 1420 5389 διατρίϐοντα,
1463 5315 1520 5366 ἐν
1563 5308 1792 5381 τοιαύτῃ
1839 5305 1930 5359 εὐ-

342 5413 549 5483 ημερίᾳ
581 5413 640 5464 ἐν
669 5410 754 5483 τῷ
772 5410 864 5464 τοῦ
912 5409 1167 5482 Ἀϐραὰμ
1194 5407 1381 5478 κόλπῳ
1406 5403 1695 5475 γενέσθαις

413 5501 505 5567 ξδ’.
534 5501 719 5557 Ταῦτα
751 5503 972 5567 ίδόντες,
997 5499 1295 5571 ἀγαπητοὶ,
1313 5499 1408 5553 καὶ
1431 5498 1595 5568 ἡμεῖς
1619 5493 1933 5563 πεισθῶμεν

340 5594 420 5668 τῷ
449 5595 628 5660 καλῶς
655 5593 1082 5665 συμϐουλεύοντι
1108 5608 1120 5622 ·
1175 5590 1422 5662 Πρόσεχε
1469 5585 1682 5658 σεαυτῷ
1741 5583 1926 5654 μόνον,

346 5691 440 5742 καὶ
469 5690 603 5760 μηδὲ
631 5691 744 5752 τοῖς
767 5691 901 5752 σοῖς,
940 5685 1075 5757 μηδὲ
1113 5688 1224 5748 τοῖς
1255 5685 1384 5754 περὶ
1417 5683 1497 5745 σὲ,
1540 5679 1677 5733 ἀλλὰ
1710 5675 1926 5746 σεαυτῷ

349 5783 528 5853 μόνον.
563 5783 704 5837 Διότι
732 5782 962 5844 ἕκαστος
989 5781 1050 5834 τὸ
1072 5778 1202 5833 ἴδιον
1232 5776 1456 5848 φορτίον
1495 5772 1781 5847 βαστάσει,
1825 5771 1923 5823 καὶ

2081 2551 2174 2607 63.
2215 2547 2342 2603 Haac
2365 2544 2480 2602 vita
2513 2553 2600 2600 est
2618 2551 2673 2600 et
2699 2543 3068 2612 conversatio,
3115 2551 3363 2598 amantes
3395 2540 3608 2597 Christi

2012 2643 2232 2704 animae,
2280 2637 2553 2694 mirabilis
2592 2636 2756 2706 hujus
2791 2635 3100 2707 Symeonis.
3145 2635 3240 2690 Hae
3267 2649 3458 2704 pauca:
3483 2642 3611 2689 sunt

2013 2735 2158 2803 ejus,
2182 2748 2213 2787 e
2245 2729 2434 2786 multis
2462 2728 2706 2784 collectae
2731 2728 2986 2782 virtutes.
3032 2725 3132 2781 Hic
3167 2726 3344 2796 ipsius
3373 2736 3455 2780 est
3483 2740 3612 2780 vere

2015 2825 2264 2882 occultus
2301 2837 2366 2879 ac
2401 2820 2642 2877 caelestis
2665 2835 2882 2885 cursus,
2904 2819 2996 2889 qui
3029 2834 3060 2874 a
3088 2818 3241 2872 nullo
3263 2817 3486 2888 quidem
3530 2806 3616 2872 vi.-

2017 2919 2272 2979 debatur,
2316 2914 2413 2970 sed
2442 2914 2698 2970 omnibus
2723 2921 2950 2982 repente
2987 2910 3315 2965 manifestus
3347 2909 3612 2963 innotuit.

2020 3008 2209 3061 Novus
2233 3005 2322 3058 hic
2352 3003 2473 3063 Lot.
2499 3003 2611 3073 qui,
2649 3003 2794 3056 sicut
2835 3001 2925 3054 hic
2957 2998 3273 3064 Sodomam,
3308 2999 3388 3053 sic
3420 2998 3508 3052 ille
3559 2998 3616 3051 in

2020 3095 2288 3152 mundum
2329 3095 2468 3148 clam
2501 3092 2783 3163 ingressus
2816 3100 2923 3146 est.
2967 3090 3044 3145 Ac
3079 3089 3348 3144 mirabilia
3381 3089 3522 3158 ejus,
3562 3096 3618 3142 et

2019 3185 2450 3242 celebratissima
2499 3182 2836 3248 certamina,
2898 3181 3075 3251 quoad
3135 3196 3234 3250 per
3295 3183 3616 3235 tenuitatem

2020 3283 2261 3330 nostram
2291 3273 2466 3336 licuit,
2494 3273 2693 3327 litteris
2731 3271 2994 3326 mandare
3044 3270 3392 3325 studuimus:
3446 3269 3617 3338 siqui-

2015 3369 2136 3423 dem
2166 3376 2293 3421 ante
2323 3367 2464 3420 hanc
2493 3363 2704 3438 [vitam]
2745 3365 2909 3418 aliam
2973 3363 3300 3433 compendio
3375 3362 3618 3416 conscri-

2017 3461 2252 3533 psimus.
2290 3467 2545 3531 proterea
2591 3457 2736 3528 quod
2781 3456 3019 3511 necdum
3050 3455 3217 3510 nobis
3263 3455 3621 3510 innotuerant

2017 3552 2332 3624 singulatim
2373 3551 2560 3622 apices
2601 3563 2794 3604 omnes
2843 3548 3008 3617 hujus
3029 3545 3311 3600 'mirabilis
3355 3543 3621 3598 narratio.

2017 3645 2121 3698 nis.
2151 3642 2288 3697 Eum
2313 3657 2445 3696 vero
2467 3640 2757 3710 prazconiis
2777 3639 3078 3698 celebrare.
3104 3652 3216 3691 non
3245 3645 3328 3690 est
3353 3635 3406 3689 in
3433 3643 3618 3690 nostra

2019 3734 2249 3790 scientia
2283 3733 2472 3797 situm,
2517 3731 2613 3787 sed
2661 3746 2876 3795 eorum,
2911 3729 3113 3800 quibus
3160 3728 3392 3783 facultas
3427 3728 3611 3793 adest,

2020 3836 2083 3882 ut
2112 3825 2345 3880 dicendo
2367 3825 2626 3879 virtutem
2661 3825 2784 3894 ejus
2803 3830 3117 3894 exaequent.
3141 3821 3406 3889 Quaenam
3431 3829 3618 3876 autem

2021 3917 2258 3972 laudarit
2293 3916 2445 3970 illum
2485 3915 2684 3982 oratio,
2735 3915 2830 3985 qui
2872 3914 3027 3970 omni
3061 3914 3312 3970 oratione
3349 3914 3512 3969 altius
3532 3921 3621 3969 est
3683 3919 3692 3927 '

2022 4009 2412 4067 evectus?Aut
2430 4010 2704 4079 quomodo
2735 4008 2888 4062 illum
2913 4007 3188 4062 laudarint
3217 4005 3374 4062 labra
3397 4021 3617 4069 carnea,

2021 4104 2114 4178 qui
2148 4103 2204 4158 in
2237 4117 2406 4158 carne
2429 4100 2616 4157 carnis
2637 4115 2836 4172 expers
2878 4099 3166 4171 apparuit?
3203 4097 3491 4165 Quomodo
3519 4097 3630 4151 lin-

2023 4212 2142 4271 guae
2162 4195 2429 4266 sapientia
2464 4191 2778 4265 praedicarit
2801 4191 2980 4256 illum,
3027 4190 3120 4262 qui
3149 4203 3368 4244 omnem
3404 4187 3622 4258 sapien-

2023 4288 2155 4346 tiam
2175 4303 2240 4344 ac
2277 4287 2625 4359 prudentiam
2648 4284 2902 4340 affectata
2925 4293 3153 4354 propter
3179 4281 3346 4337 Deum
3390 4281 3622 4336 stultitia

2025 4380 2347 4454 superavit?
2378 4378 2518 4435 Vere
2560 4379 2616 4433 in
2652 4377 2849 4434 faciem
2897 4373 3179 4449 [respicit]
3223 4374 3420 4436 homo;
3472 4372 3624 4426 Deus

2025 4482 2208 4531 autem
2247 4473 2315 4528 ad
2359 4487 2474 4527 cor.
2515 4469 2658 4526 Vere
2698 4483 2816 4524 non
2857 4467 3003 4524 sicut
3045 4465 3254 4521 videbit
3304 4463 3489 4526 homo,
3546 4459 3626 4515 sic

2025 4564 2232 4625 videbit
2279 4565 2568 4620 Dominus.
2606 4561 2747 4617 Vere
2792 4574 2956 4614 nemo
2985 4557 3159 4624 novit,
3207 4570 3329 4626 quae
3362 4561 3492 4608 sunt
3526 4552 3631 4606 hoe

2026 4751 2261 4822 aliquem
2294 4748 2627 4819 iudicemus,
2653 4761 2688 4799 o
2720 4751 2968 4798 amantes
2992 4739 3198 4797 Christi
3217 4738 3434 4798 animai,
3452 4735 3629 4789 donec

2027 4844 2242 4901 venerit
2269 4842 2556 4906 Dominus,
2581 4840 2672 4910 qui
2697 4837 2882 4893 omnia
2917 4833 3268 4890 illuminahit.
3303 4829 3436 4896 Quis
3460 4827 3630 4882 dixis-

2031 4949 2137 5002 set,
2167 4937 2363 4994 Judam
2398 4933 2604 4991 versari
2644 4931 2866 5003 quidem
2908 4943 3138 4999 corpore
3164 4940 3290 4980 cum
3318 4919 3626 4991 discipulis,

2032 5034 2198 5090 corde
2227 5042 2413 5086 autem
2442 5043 2564 5084 esse
2587 5041 2712 5082 cum
2742 5023 2987 5081 ludatis?
3015 5020 3150 5087 Quis
3171 5015 3388 5078 Bahal),
3418 5029 3541 5085 quae
3572 5012 3628 5066 in

2034 5124 2254 5180 Jerieho
2300 5135 2533 5192 corpore
2581 5125 2702 5175 erat
2747 5117 2808 5172 in
2868 5111 3195 5185 prostibulo,
3262 5107 3632 5164 existimasset

2037 5214 2229 5286 spiritu
2259 5228 2380 5269 esse
2413 5213 2469 5268 in
2509 5209 2783 5267 Domino?
2819 5207 2956 5274 Quis
2987 5208 3284 5276 sperasset,
3308 5197 3626 5254 mendicum
3727 5267 3735 5276 Ι

2039 5307 2192 5361 illum
2220 5304 2509 5366 Lazarum,
2532 5301 2585 5356 in
2615 5307 2763 5356 tanta
2795 5299 3044 5354 ulcerum
3072 5291 3293 5350 miseria
3314 5290 3626 5360 degentem,

2040 5398 2284 5455 futurum
2308 5397 2364 5451 in
2393 5396 2518 5451 sinu
2547 5393 2780 5450 Abrahae
2808 5392 2862 5446 in
2897 5397 3046 5445 tanta
3076 5382 3376 5442 felicitate?

2107 5492 2196 5547 64,
2242 5490 2370 5546 Haec
2422 5486 2694 5551 videntes,
2722 5499 2756 5539 o
2798 5479 3002 5543 dilecti,
3063 5487 3120 5533 et
3162 5490 3263 5531 nos
3308 5470 3628 5528 obediamus

2037 5584 2110 5648 ei,
2143 5581 2235 5651 qui
2284 5588 2434 5636 recte
2466 5576 2744 5634 consulit:
2785 5572 3018 5628 Attende
3062 5569 3161 5625 tibi
3196 5567 3294 5639 ipsi
3338 5564 3538 5628 solum,
3572 5569 3629 5651 ct

2036 5650 2361 5742 ncquetuis.
2396 5683 2579 5740 neque
2611 5682 2732 5737 qua:
2773 5672 2902 5719 sunt
2949 5662 3090 5716 circa
3126 5669 3198 5714 te.
3252 5656 3346 5711 sed
3390 5653 3484 5708 tibi
3517 5650 3622 5721 ipsi

2034 5765 2230 5821 solum.
2277 5763 2414 5830 Quia
2452 5760 2830 5830 unusquisque
2876 5772 3015 5812 unus
3061 5768 3218 5808 suum
3260 5747 3518 5820 portabit,
3569 5749 3628 5798 ct
