4122 6210
442 302 551 368 675

2128 153 2204 176 με
2228 153 2269 173 ,,”.

1537 295 2057 359 OLYMPIODORI
2090 297 2589 359 ALEXANDRIN
2594 297 2624 358 Ι
3611 301 3718 365 576

440 413 523 470 sci
549 416 647 468 ite:
675 412 967 483 juramenti
991 410 1301 476 ambulato;
1322 401 1427 465 hoc
1452 421 1557 477 est,
1587 410 1796 464 absiste
1811 408 2020 478 longius

2125 409 2373 464 τουτέστι
2424 408 2748 481 πορεύθητι,
2822 406 3075 462 τουτέστι
3146 407 3310 480 φύγε,
3375 410 3451 482 μὴ
3501 412 3713 489 ἀνάσχῃ

439 521 507 562 ιο
536 506 777 572 discede,
808 520 988 574 neque
1013 504 1240 559 omnino
1274 503 1487 558 sustine
1532 511 1590 557 ut
1649 502 2024 572 juramenlum

441 597 502 653 in
529 613 592 653 os
617 607 768 652 tuum
800 594 1078 649 admittas.

434 706 435 711 π
519 708 539 742 ι
578 688 690 742 Nec
741 687 1010 741 consistas
1071 685 1125 739 in
1175 699 1428 740 sermone
1484 683 1647 747 malo,
1689 684 1816 754 quia
1859 697 2023 738 omne

441 781 585 850 quod
623 779 870 842 voluerit,
899 777 1047 831 facit.
1080 775 1363 844 Tanquam
1407 791 1500 830 rex
1534 784 1859 845 potestatem
1922 776 2022 829 ha-

439 871 595 929 bens.
627 869 901 938 loquitur:
935 868 1261 937 ctquisnam
1283 867 1357 920 illi
1383 866 1531 920 dicet
1558 887 1571 919 :
1600 864 1741 931 Quid
1771 864 2012 919 fecisti?»

440 959 776 1029 Simpliciter
802 974 865 1012 ac
889 959 1138 1013 absolute
1179 959 1382 1012 bonum
1414 966 1519 1020 est,
1549 958 1699 1011 nullo
1752 956 1876 1009 mali
1924 971 2019 1025 ge-

438 1068 573 1107 nere
606 1052 846 1105 animam
871 1066 1169 1120 occupare,
1191 1066 1369 1119 neque
1399 1049 1702 1103 consistere
1730 1049 1784 1101 in
1810 1047 1876 1103 iis
1901 1064 2023 1117 quae

437 1141 633 1210 quovis
664 1140 825 1193 modo
849 1141 984 1193 male
1015 1140 1180 1194 locuti
1216 1154 1408 1193 sumus
1458 1138 1777 1207 autopinati
1819 1154 1832 1190 :
1892 1138 2020 1207 quia

440 1240 622 1286 tamen
648 1232 1035 1300 subsequentia
1069 1232 1253 1295 verba,
1285 1231 1354 1285 de
1406 1230 1695 1300 praeceptis
1720 1238 1802 1296 (ut
1831 1229 2020 1284 videre

438 1339 564 1379 mos
598 1323 821 1393 poteris)
859 1324 1194 1378 mentionem
1232 1322 1457 1384 faciunt,
1496 1322 1569 1375 ita
1600 1321 1869 1394 intelliges
1898 1335 2020 1390 quae

437 1416 604 1472 modo
651 1417 976 1484 exponenda
1035 1415 1298 1485 proposui
1342 1431 1355 1465 :
1408 1414 1697 1479 videlicet;
1747 1429 1871 1467 eum
1932 1414 2020 1467 ille

369 1500 379 1508 ”
437 1518 837 1579 praeceptorum
868 1508 1041 1577 legem
1080 1507 1267 1561 tulerit
1316 1507 1407 1576 qui
1434 1514 1519 1561 est
1547 1507 1795 1559 omnium
1827 1507 1936 1558 llex
1965 1511 2021 1558 et

440 1602 701 1656 Dominus
743 1601 1128 1655 auctoritatem
1181 1600 1412 1662 habens,
1444 1614 1622 1668 neque
1662 1607 1925 1668 praeterea
1948 1597 2015 1650 li-

2131 501 2353 573 ὀμόσαι.

2207 696 2228 730 ι
2256 677 2347 749 Μὴ
2377 677 2510 749 στῇς
2536 678 2595 731 ἐν
2620 676 2766 750 λόγῳ
2786 679 3033 751 πονηρῷ,
3057 680 3141 734 ὃτι
3171 682 3282 736 πᾶν
3310 676 3340 735 δ
3368 681 3464 735 ἐὰν
3486 682 3712 759 θελήσῃ,

2130 772 2372 838 ποιήσει.
2408 769 2608 832 Καθὼς
2649 769 2907 839 βασιλεὺς
2940 771 3274 837 ἐξουσιάζων
3304 772 3461 827 λαλεῖ
3506 778 3602 831 καὶ
3628 779 3716 843 τίς

2127 861 2244 932 ἐρεῖ
2272 861 2445 931 αὐτῷ,
2473 862 2540 914 Τί
2566 862 2864 932 ἐποίησας;
2906 881 2924 915 ι
2978 863 3230 918 Καθόλου
3282 866 3383 936 μὲν
3441 868 3615 923 καλὸν·
3652 870 3713 924 τὸ

2130 953 2375 1024 μηδεμιᾷ
2412 952 2682 1024 προλήψει
2718 957 2862 1024 κακῇ
2910 955 3269 1025 κατέχεσθαι,
3324 957 3459 1026 μηδὲ
3502 960 3715 1015 ἐνέσται

2123 1046 2246 1099 σθαι
2279 1049 2392 1108 τοῖς
2412 1046 2662 1100 ὁπωσοῦν
2690 1046 2940 1115 φαύλοις,
2971 1048 3004 1118 ἢ
3035 1047 3373 1126 λαληθεῖσιν,
3401 1051 3435 1121 ἢ
3458 1051 3709 1117 δόξασιν·

2119 1135 2307 1205 ἐπειδὴ
2334 1136 2391 1189 δὲ
2429 1136 2491 1188 τὸ
2513 1136 2716 1205 ἐφεξῆς
2766 1139 2930 1208 ῥητὸν
2960 1139 3194 1193 ἐντολῶν
3242 1144 3540 1211 μέμνηται,
3568 1144 3712 1200 οὕτω

2120 1230 2379 1297 νοήσεις·
2416 1230 2638 1301 Ἐπειδὴ
2690 1232 2719 1283 6
2774 1235 3159 1303 παμϐασιλεὺς
3217 1236 3352 1301 Θεὸς
3398 1240 3426 1292 6
3493 1241 3714 1295 πάντων

2121 1320 2454 1386 ἐξουσιάζων
2488 1323 2874 1394 ἐνομοτέθησε,
2906 1326 3002 1379 καὶ
3028 1328 3128 1380 οὐκ
3162 1327 3311 1381 ἔστιν
3335 1329 3485 1400 αὐτῷ
3529 1335 3713 1386 ἀντειλ-

2122 1415 2266 1476 πείν,
2288 1415 2362 1483 μὴ
2387 1416 2519 1484 στῇς
2547 1414 2850 1481 λογοθετῶν
2875 1417 2974 1481 τὰς
2994 1418 3237 1482 ἐντολάς,
3262 1419 3352 1473 διὰ
3377 1420 3429 1473 τί
3449 1422 3593 1486 τόδε,
3617 1424 3713 1476 καὶ

2124 1502 2198 1573 μὴ
2223 1503 2342 1556 τόδε
2375 1501 2737 1573 ἐνομοθέτησε
2756 1519 2771 1533 ο
2800 1504 2961 1558 τοῦτο
2984 1506 3095 1577 γὰρ
3120 1508 3358 1578 πονηρία
3383 1509 3534 1562 ἐστί’
3559 1509 3714 1580 φόϐῳ

2120 1595 2178 1647 δὲ
2208 1595 2410 1665 μᾶλλον
2455 1597 2550 1648 καὶ
2589 1595 2775 1649 πίστει
2819 1597 3029 1667 πλήρου
3052 1596 3122 1650 τά
3148 1599 3624 1670 προστεταγμένα.

433 1694 825 1763 ceatcuiquam
853 1693 1189 1748 intercedere
1210 1707 1274 1747 ac
1306 1691 1588 1755 reluctari;
1618 1705 1708 1754 ne,
1732 1705 1940 1757 quaeso,
1959 1694 2018 1741 ut
2041 1687 2293 1756 pervicax
2317 1686 2643 1741 contrariam
2675 1696 2731 1740 tu
2760 1686 2933 1758 legem
2959 1689 3244 1758 prmceptis
3266 1687 3427 1753 feras,
3447 1689 3714 1747 rationem

437 1787 711 1840 curiosius
737 1786 1155 1855 perscrutando,
1190 1801 1359 1855 quare
1392 1785 1496 1838 hoc
1514 1783 1698 1853 potius
1719 1798 1879 1852 quam
1909 1781 2039 1836 illud
2062 1780 2387 1850 praeceperit
2410 1780 2836 1835 observandum.
2864 1781 2966 1846 Qui
2994 1780 3139 1835 enim
3175 1781 3255 1836 sic
3285 1782 3501 1838 locutus
3529 1784 3714 1851 fuerit,

439 1879 793 1949 malignitatis
818 1879 1048 1933 crimine
1071 1894 1179 1933 non
1199 1879 1427 1933 carebit.
1460 1878 1540 1932 Tu
1564 1893 1691 1932 vero
1721 1887 1872 1931 stans
1895 1876 1948 1930 in
1977 1876 2177 1931 timore
2200 1890 2265 1931 ac
2296 1874 2418 1939 fide,
2440 1891 2569 1930 cura
2604 1883 2663 1929 ut
2684 1890 2804 1945 quae
2839 1885 3110 1946 praecepta
3146 1876 3241 1930 tibi
3269 1886 3416 1943 sunt,
3442 1878 3710 1948 sequaris.

512 1973 674 2028 Vens.
707 1973 760 2037 5,
789 1972 842 2026 6.
870 1992 889 2023 ι
923 1971 1025 2038 Qui
1080 1972 1356 2027 custodiet
1399 1983 1757 2041 praeceptum,
1810 1972 2022 2026 nesciet
2054 1979 2095 2032 Β

440 2064 662 2119 verbum
689 2065 911 2119 malum.
938 2065 1101 2135 653
1133 2065 1230 2119 Et:
1265 2085 1283 2116 ι
1311 2064 1551 2134 Tempus
1576 2064 1765 2133 judicii
1823 2079 2027 2133 cogno-

437 2156 514 2209 cit
545 2171 640 2212 cor
670 2156 953 2226 sapientis,
992 2158 1253 2226 quoniam
1291 2157 1438 2211 omni
1464 2157 1683 2227 negotio
1707 2166 1792 2211 est
1818 2173 2022 2227 oppor-

437 2246 643 2300 tunitas
677 2246 937 2316 temporis
970 2254 1025 2300 et
1048 2247 1337 2315 judicium.
1374 2266 1393 2299 ι
1429 2247 1532 2313 Qui
1560 2247 1901 2313 custodierit,
1935 2247 2022 2301 in-

437 2334 576 2403 quit,
610 2335 703 2389 Dei
733 2344 1086 2405 praeceptum,
1144 2337 1355 2393 nesciet
1385 2339 1612 2415 verbum
1641 2340 1875 2404 malum;
1916 2339 2020 2392 hoc

437 2435 543 2491 est,
559 2442 698 2497 opus
722 2428 921 2482 malum
946 2443 1054 2481 non
1080 2428 1259 2484 faciet.
1276 2430 1369 2485 Est
1384 2431 1528 2485 enim
1543 2432 1737 2499 duplex
1755 2430 2019 2501 cognitio:

439 2518 607 2572 altera
644 2519 863 2587 quidem
899 2522 1173 2590 generiea,
1224 2522 1277 2575 in
1311 2538 1445 2591 pura
1484 2524 1684 2577 mentis
1717 2524 2024 2593 intelligen-

439 2612 514 2664 tia
545 2619 601 2664 et
636 2611 868 2677 notitia;
905 2613 1075 2667 altera
1116 2629 1248 2668 vero
1276 2631 1398 2683 qua:
1442 2616 1496 2670 in
1539 2617 1811 2672 actionem
1844 2616 2023 2685 prodit

436 2713 603 2773 atque
632 2705 883 2773 emergit,
912 2704 1068 2773 juxta
1099 2706 1242 2776 quod
1267 2707 1531 2776 scriptum
1582 2717 1666 2762 est
1701 2725 1714 2761 :
1769 2707 2022 2778 Cognovit

438 2797 610 2850 Adam
650 2795 812 2850 Evam
844 2814 1057 2852 uxorem
1082 2815 1235 2852 suam
1265 2801 1347 2865 ";
1378 2815 1489 2853 non
1518 2800 1662 2869 quod
1693 2799 1845 2869 prius
1875 2799 2018 2853 illam

437 2889 699 2951 nesciret,
734 2890 831 2944 sed
867 2906 990 2945 cum
1019 2892 1085 2945 ad
1114 2892 1256 2947 illius
1300 2892 1574 2947 carnalem
1629 2893 1879 2962 copulam
1929 2909 2023 2946 ac-

436 2979 715 3040 cessiSSet,
751 2988 879 3033 tunc
903 2980 1048 3034 illam
1071 2981 1274 3037 dicitur
1299 2982 1572 3037 exteriore
1601 2983 1831 3051 quadam
1851 2984 2022 3038 actio—

436 3070 526 3124 nis
558 3071 752 3125 notitia
788 3072 1131 3141 cognovisse.
1183 3071 1287 3139 Qui
1337 3088 1468 3145 ergo
1519 3074 1823 3128 secundum
1880 3075 2022 3128 hanc

436 3158 630 3229 agendi
655 3160 1020 3230 cognitionem
1049 3170 1320 3230 praecepta
1355 3161 1613 3227 custodit,
1651 3162 1863 3233 ignorat
1893 3177 2020 3232 proe

438 3249 527 3304 cui
552 3250 719 3305 dubio
757 3251 980 3317 malum,
1010 3253 1132 3322 quia
1154 3253 1283 3307 illud
1312 3268 1422 3307 non
1444 3263 1720 3323 operatur.
1751 3253 2016 3309 Cancrum

439 3342 741 3397 secundum
772 3344 1005 3412 priorem
1056 3344 1362 3414 simplicem
1390 3359 1454 3398 ac
1492 3344 1749 3399 latentem
1774 3344 1827 3397 in
1855 3344 2018 3397 intel-

438 3433 582 3488 lectu
609 3435 997 3505 cognitionem,
1025 3436 1115 3505 qui
1150 3435 1301 3489 novit
1329 3436 1556 3501 bonum,
1592 3436 1741 3490 novit
1768 3436 2019 3504 protinus

438 3531 495 3578 et
523 3523 652 3593 quid
681 3524 750 3578 sit
777 3525 998 3588 malum,
1033 3535 1334 3595 contraque
1366 3527 1566 3580 bonum
1601 3527 1773 3588 novit,
1797 3527 1887 3596 qui
1908 3542 2019 3582 non

439 3613 667 3685 ignarus
690 3614 855 3670 fuerit
885 3617 1010 3669 mali
1046 3617 1469 3687 (contrariorum
1498 3617 1644 3671 enim
1678 3617 1871 3672 eadem
1931 3626 2016 3672 est

436 3706 695 3774 cognitio,
730 3723 838 3761 nun
868 3724 967 3762 usu
1002 3708 1246 3777 quidem,
1288 3709 1383 3764 sed
1434 3710 1639 3764 sciendi
1671 3709 1719 3763 vi
1753 3726 1817 3763 ac
1849 3708 2019 3765 facul-

2200 1989 2221 2022 ι
2272 1970 2334 2023 '0
2363 1969 2657 2039 φυλάσσων
2692 1969 2939 2038 ἐντολὴν,
2978 1969 3041 2023 οὐ
3099 1968 3374 2039 γνώσεται
3416 1972 3570 2042 ῥῆμα
3613 1989 3717 2027 πο-

2128 2065 2315 2137 νηρόν.
2366 2083 2385 2116 ι
2422 2065 2570 2129 Καὶ,
2612 2081 2631 2113 ι
2667 2063 2879 2133 Καιρὸν
2910 2064 3149 2133 κρίσεως
3197 2065 3457 2133 γινώσκει
3488 2066 3686 2136 καρδία

2127 2155 2317 2226 σοφοῦ.
2347 2156 2431 2209 ὅτι
2461 2155 2627 2208 παντὶ
2657 2156 2947 2225 πράγματὶ
2973 2157 3092 2210 ἐστι
3115 2155 3307 2227 καιρὸς
3337 2157 3433 2210 καὶ
3464 2158 3706 2229 κρίσις.»

2137 2249 2197 2302 '0
2223 2248 2325 2318 τὴν
2365 2245 2540 2312 θείαν,
2571 2247 2760 2316 φησὶν,
2798 2245 3022 2316 ἐντολὴν
3069 2245 3384 2316 φυλάσσων,
3415 2246 3478 2300 οὐ
3511 2245 3715 2314 γνώσε-

2123 2357 2216 2394 ται
2246 2334 2421 2410 eam
2455 2338 2714 2408 πονηρὸν,
2768 2336 2892 2390 ἀντὶ
2941 2335 3058 2402 τοῦ,
3107 2338 3169 2390 οὐ
3229 2337 3427 2408 πράξει
3477 2339 3714 2407 πρᾶγμα

2126 2429 2386 2500 πονηρόν.
2431 2428 2495 2481 Ἢ
2525 2428 2635 2497 γὰρ
2684 2427 2888 2495 γνῶσις
2916 2427 3069 2499 διττή
3094 2443 3109 2459 ο
3152 2430 3185 2497 ἠ
3223 2428 3324 2498 μὲν
3372 2431 3431 2481 ἐν
3477 2428 3606 2497 ψιλῇ
3640 2429 3707 2497 τῇ

2124 2519 2361 2589 εἰδήσει’
2394 2520 2427 2589 ή
2453 2519 2511 2571 δὲ
2538 2519 2595 2570 ἐν
2628 2517 2956 2588 πράγματι·
2986 2520 3130 2572 κατὰ
3163 2520 3260 2573 τό·
3291 2521 3485 2588 Ἔγνω
3535 2517 3707 2587 Ἀδὰμ

2124 2609 2292 2663 Εὔαν
2329 2607 2445 2673 τὴν
2483 2605 2738 2677 γυναῖκα
2772 2607 2994 2662 αὑτοῦ·
3049 2608 3149 2661 οὐκ
3204 2608 3392 2678 ὴγνόει
3452 2607 3551 2678 μὲν
3599 2606 3709 2677 γὰρ

2124 2700 2298 2770 αὐτὴν
2328 2698 2449 2751 οὐδὲ
2481 2701 2747 2769 πρότερον
2772 2715 2786 2727 ·
2818 2698 2908 2753 ὅτε
2957 2698 3015 2752 δὲ
3052 2700 3193 2771 αὐτῇ
3225 2698 3549 2770 ἐπλησίασε,
3581 2698 3706 2751 τότε

2123 2791 2527 2860 λέγεταιαὺτὴν
2551 2792 2853 2861 ἐγνωκέναι
2880 2791 3191 2862 πράγματι.
3219 2790 3378 2844 Κατὰ
3404 2787 3499 2844 οὖν
3521 2791 3620 2860 τὴν
3650 2791 3708 2842 ἐν

2124 2882 2272 2953 ἔργῳ
2321 2880 2526 2949 γνῶσιν
2573 2882 2602 2934 6
2636 2883 2736 2951 τὴν
2776 2879 3002 2951 ἐντολὴν
3041 2879 3353 2949 φυλάττων,
3393 2880 3583 2947 ἀγνοεῖ
3645 2877 3708 2931 τὸ

2125 2973 2387 3043 πονηρὸν,
2421 2971 2543 3025 ἀντὶ
2580 2970 2699 3037 τοῦ,
2732 2972 2793 3026 οὐ
2843 2972 3097 3041 πράττει.
3135 2971 3293 3025 Κατά
3317 2970 3373 3024 δέ
3401 2969 3499 3042 τὴν
3542 2970 3706 3041 ψιλὴν

2124 3064 2332 3132 εἴδησιν
2377 3064 2405 3116 6
2436 3061 2594 3124 εἰδὼς
2622 3063 2675 3116 τί
2698 3065 2814 3116 ἐστι
2848 3062 3033 3128 καλὸν,
3075 3057 3185 3116 οἶδε
3226 3062 3281 3115 τί
3321 3063 3435 3116 ἐστι
3465 3062 3702 3133 φαῦλον

2124 3157 2220 3210 καὶ
2257 3155 2402 3210 κατὰ
2425 3155 2486 3208 τὸ
2515 3155 2781 3218 ἐναντίον,
2819 3157 2846 3209 6
2874 3154 3032 3220 εἰδὼς
3078 3156 3131 3209 τί
3160 3155 3223 3208 τὸ
3265 3155 3489 3225 φαῦλον,
3512 3152 3622 3210 οἶδε
3651 3157 3705 3211 τί

2124 3249 2222 3303 καὶ
2256 3248 2318 3301 τὸ
2352 3247 2580 3317 ἀγαθόν.
2626 3246 2770 3318 (Τῶν
2799 3246 2911 3319 γὰρ
2944 3249 3205 3301 ἐναντίων
3238 3251 3270 3319 ὴ
3310 3249 3449 3320 αὑτὴ
3479 3249 3700 3317 γνῶσις,

2121 3342 2183 3395 οὐ
2228 3340 2371 3395 κατὰ
2411 3340 2633 3411 χρῆσιν,
2670 3338 2808 3393 ἀλλά
2855 3340 2978 3394 κατ’
3011 3340 3374 3411 ἐπιστήμην.)
3437 3342 3495 3395 ’0
3524 3341 3704 3395 τοίνυν

2121 3433 2304 3503 σοφὸς,
2347 3434 2534 3502 φησιν,
2569 3433 2598 3484 6
2643 3433 2751 3486 πᾶν
2802 3433 3039 3503 πρᾶγμα
3070 3433 3129 3485 ἐν
3175 3431 3355 3502 κρίσει
3389 3433 3484 3485 καὶ
3529 3432 3708 3504 καιρῷ

2117 3526 2195 3598 τῷ
2227 3526 2528 3596 καθήκοντι
2556 3525 3048 3597 διαπραττόμενος,
3075 3519 3185 3577 οἵδε
3216 3525 3298 3579 ὅτι
3326 3525 3480 3579 ἔσται
3515 3525 3707 3597 καιρὸς

2118 3621 2213 3674 καὶ
2243 3619 2341 3690 τῆς
2370 3618 2603 3673 καθόλου
2635 3616 2894 3688 κρίσεως.
2934 3616 3056 3670 καθ’
3098 3616 3157 3670 ὃν
3196 3618 3224 3669 ὁ
3262 3616 3474 3680 δίκαιος
3509 3617 3707 3688 κριτὴς

2116 3711 2146 3762 6
2178 3708 2310 3773 Θεὸς
2341 3709 2559 3779 ἑκάστῳ
2587 3709 2648 3760 τὸ
2671 3707 2793 3761 κατ’
2826 3706 2986 3773 ἀξίαν
3011 3707 3301 3776 ἀπονέμει.

440 3800 591 3863 tale).
622 3798 803 3868 lnquit
831 3815 959 3871 ergo
990 3818 1003 3855 :
1030 3799 1166 3855 Cum
1198 3801 1418 3871 sapiens
1444 3802 1526 3855 vir
1555 3801 1738 3855 omnia
1762 3817 1861 3855 suo
1885 3810 2131 3871 tempore
2162 3816 2227 3855 ac
2257 3801 2495 3855 discrete
2537 3800 2699 3855 faciat
2757 3798 3122 3869 disponatque
3167 3798 3221 3852 in
3265 3799 3498 3867 judicio,
3554 3797 3709 3855 novit

436 3889 749 3944 adfuturum
774 3891 1097 3947 universalis
1131 3892 1325 3961 judicii
1377 3902 1593 3962 tempus
1649 3892 1702 3946 in
1729 3908 1838 3962 quo
1877 3894 2016 3947 Deus
2042 3892 2405 3964 judexjustus
2426 3891 2716 3946 distribuet
2753 3891 3047 3960 unicuique
3077 3906 3175 3961 pro
3204 3891 3486 3953 dignitate.

513 4001 531 4033 ι
571 3983 836 4049 Quoniam
868 3986 1096 4040 scientia
1127 3986 1366 4041 hominis
1388 3988 1554 4041 multa
1581 3997 1661 4042 est
1684 4005 1849 4059 super
1865 4005 2012 4056 cum;

437 4074 627 4148 [Vt-ms.
663 4077 717 4148 7]
743 4078 865 4146 quia
900 4094 1009 4131 non
1031 4089 1109 4137 est
1137 4081 1230 4149 qui
1261 4079 1503 4134 futurum
1530 4091 1848 4151 cognoscat.
1897 4082 2016 4148 Quo

435 4170 583 4223 enim
621 4177 775 4239 pacto
797 4169 1038 4223 futurum
1096 4172 1186 4234 sit,
1217 4173 1340 4242 quis
1370 4173 1705 4227 renuntiabit
1734 4175 1822 4229 ei?
1858 4194 1876 4226 ι
1913 4174 2017 4227 lm-

436 4276 625 4315 tnensa
689 4276 813 4314 cum
878 4260 947 4314 sit
988 4259 1104 4329 ipsa
1162 4261 1410 4325 scientia,
1478 4263 1678 4333 premit
1739 4265 2014 4319 hominem

435 4359 598 4419 atque
626 4349 828 4403 obruit.
859 4349 914 4404 Si
946 4350 1090 4404 enim
1127 4351 1363 4405 voluerit
1391 4354 1573 4408 omnia
1632 4356 1794 4417 scire,
1859 4363 2012 4409 vasta

436 4439 578 4493 mole
602 4438 817 4492 irruens
844 4455 1006 4509 super
1039 4456 1163 4495 eum
1206 4442 1355 4513 angit
1395 4444 1517 4512 ejus
1548 4455 1786 4499 mentem
1812 4461 1875 4500 ac
1896 4445 2013 4500 suf-

435 4530 600 4586 focat.
634 4528 775 4584 Sunt
803 4540 983 4587 autem
1014 4534 1259 4603 qua-dam
1320 4539 1626 4601 necessaria
1652 4539 1718 4592 ad
1759 4538 2009 4605 salutem,

2191 4006 2211 4040 ι
2248 3988 2369 4040 Ὄτι
2416 3986 2620 4055 γνῶσις
2649 3986 2743 4038 τοῦ
2788 3985 3078 4056 ἀνθρώπου
3135 3985 3308 4059 πολλὴ
3358 3989 3447 4041 ἐπ’
3496 3987 3662 4042 αὐτόν
3688 4004 3702 4021 ·

2114 4077 2197 4130 ὅτι
2235 4078 2336 4130 οὐκ
2366 4075 2481 4128 ἔστι
2515 4074 2807 4143 γινώσκων
2838 4074 3122 4145 ἐσόμενον.
3161 4076 3284 4139 Ὀτι
3313 4075 3495 4140 καθὼς
3524 4074 3702 4141 ἔσται,

2112 4167 2197 4232 τίς
2227 4166 2522 4236 ἀναγγελεῖ
2553 4166 2731 4237 αὐτῷ;
2768 4187 2785 4219 ι
2819 4169 3020 4241 Πολλὴ,
3050 4170 3236 4239 φησὶν,
3273 4164 3407 4223 οὖσα
3440 4171 3472 4239 ἡ
3502 4170 3706 4238 γνῶσις

2117 4262 2442 4330 στενοχωρεῖ
2487 4260 2579 4313 τὸν
2628 4260 2917 4331 ἄνθρωπον
2946 4277 2958 4291 ·
3020 4263 3115 4316 καὶ
3164 4263 3257 4315 ἐὰν
3308 4261 3437 4335 θέλῃ
3501 4261 3701 4329 γνῶναι

2121 4353 2318 4414 πάντα,
2350 4352 2520 4425 πολλὴ
2553 4353 2862 4408 ἐπελθοῦσα
2894 4354 2983 4411 ἐπῗ
3008 4355 3195 4422 αὑτὸν,
3227 4356 3510 4409 ἀποστενοῖ
3532 4353 3699 4407 αὑτοῦ

2120 4441 2217 4513 τὴν
2261 4441 2523 4496 διάνοιαν.
2575 4444 2643 4496 Ἀ
2690 4444 2789 4514 μέν
2857 4439 2952 4498 οὗν
2985 4444 3201 4515 ἀνάγκη
3257 4444 3419 4499 αὐτὸν
3480 4444 3700 4510 εἰδέναι,

2120 4533 2295 4588 ταῦτά
2324 4536 2460 4597 ἐστι,
2495 4535 2577 4589 ὅτι
2611 4533 2751 4600 ζῶον
2782 4535 3023 4605 λογικὸν,
3064 4538 3148 4590 ὃτι
3188 4537 3404 4606 θνητὸν,
3437 4537 3705 4591 ἀθάνατον

434 4636 466 4675 a
493 4636 723 4691 quorum
754 4624 1064 4693 cognitione
1096 4626 1260 4682 hoino
1317 4622 1661 4699 nequaquam
1690 4616 2006 4700 repellitur:

2121 4626 2231 4697 ἔχει
2262 4627 2362 4699 τὴν
2391 4627 2591 4699 ψυχὴν,
2624 4628 2706 4681 ὅτι
2745 4627 2928 4682 καλῶν
2967 4631 3076 4683 είσι
3112 4631 3207 4682 καὶ
3241 4628 3433 4682 κακῶν
3466 4630 3705 4683 ἀνταπο-

435 4721 498 4768 ut
527 4722 653 4783 puta
679 4714 954 4770 hmuinem
1005 4732 1127 4773 esse
1178 4722 1379 4774 animal
1425 4722 1709 4781 rationale.
1764 4723 2013 4785 mortale,

434 4804 592 4872 cujus
643 4805 824 4859 anima
857 4807 1306 4874 sitimmortalis;
1371 4827 1492 4866 esse
1542 4812 1704 4867 bonis
1753 4813 2017 4882 malisque

434 4906 651 4965 paratas
681 4900 1034 4967 repensiones
1067 4918 1079 4953 :
1109 4910 1164 4956 et
1187 4919 1307 4972 quae
1359 4904 1576 4957 demum
1630 4905 1696 4958 ad
1750 4905 2016 4958 eruditio-

434 5000 561 5039 nem
590 4987 709 5041 iidei
747 5000 1015 5059 spectant.
1042 4991 1315 5047 Praeterea
1366 5010 1495 5048 vero
1542 5005 1786 5050 creatum
1849 4998 2016 5054 fuisse

438 5076 712 5133 hominem
730 5081 796 5135 ad
830 5081 1119 5154 imaginem
1153 5085 1269 5149 Dei,
1289 5094 1451 5156 atque
1480 5087 1651 5156 ipsius
1678 5087 1838 5142 cilicii
1869 5106 2011 5154 esse,

435 5185 627 5240 puram
657 5181 713 5226 et
751 5173 1471 5249 immaculatamimaginem
1496 5194 1845 5236 conservare.
1884 5181 2033 5248 Quae.

437 5273 620 5316 autem
653 5276 772 5334 post
799 5267 974 5337 ipsum
1003 5269 1185 5324 futura
1220 5272 1350 5336 sint,
1381 5271 1541 5334 scire,
1575 5274 1745 5328 solius
1765 5275 2014 5340 Dcicsse,

443 5356 724 5421 duntaxat,
779 5368 834 5413 et
889 5361 956 5415 iis
1007 5364 1207 5432 quibus
1259 5364 1405 5418 idem
1436 5363 1580 5419 Deus
1602 5367 1854 5430 voluerit,
1889 5377 2017 5422 nota

442 5443 638 5501 facere.
663 5446 800 5513 Quia
836 5468 967 5507 vero
1002 5454 1359 5511 Ecclesiastes
1399 5457 1503 5511 hoc
1549 5458 1669 5514 loco
1700 5459 1878 5513 ultimi
1928 5460 2018 5529 ju~

443 5539 568 5596 dieii
590 5542 935 5609 potissimum
967 5551 1301 5607 mentionem
1355 5553 1504 5619 facit,
1544 5554 1615 5609 ita
1662 5554 1776 5610 haec
1833 5555 2013 5609 omnia

518 5674 562 5707 "
585 5679 722 5737 Gen.
757 5700 829 5750 iv,
870 5687 916 5739 ί.

2114 4721 2310 4785 δόσεις.
2339 4721 2419 4775 Τά
2450 4722 2549 4775 ὅσα
2588 4722 2669 4785 εἰς
2713 4722 2897 4775 πίστιν
2934 4723 3227 4785 συντείνει,
3251 4724 3334 4776 ὅτι
3367 4724 3488 4775 κατ’
3520 4721 3706 4775 εἰκόνα

2115 4813 2251 4867 Θεοῦ
2281 4814 2493 4882 γέγονε,
2544 4813 2641 4867 καὶ
2684 4814 2890 4883 ὀφείλει
2938 4813 3137 4879 σώζειν
3166 4814 3269 4884 τὴν
3296 4813 3505 4870 εἰκόνα.
3537 4814 3620 4866 Τά
3650 4812 3707 4866 δέ

2120 4910 2237 4980 μετ’
2273 4910 2436 4963 αὐτὸν
2480 4909 2718 4979 ἐσόμενα
2759 4911 2924 4979 μόνου
2956 4909 3091 4963 Θεοῦ
3139 4911 3290 4963 ἐστιν
3341 4909 3561 4973 εἰδέναι,
3612 4908 3707 4962 καὶΙ

2116 5002 2381 5073 γνωρίσαι
2414 4995 2496 5065 οἷς
2542 5000 2609 5054 ἂν
2647 5000 2902 5073 ἐθελήσῃ.
2945 4999 3168 5072 Ἐπειδὴ
3196 5000 3253 5055 δὲ
3292 5002 3423 5072 περὶ
3465 4999 3705 5069 κρίσεως

2113 5096 2142 5148 6
2185 5095 2361 5163 λόγος,
2398 5092 2541 5146 οὕτω
2570 5093 2815 5161 νοήσειςο
2847 5091 3024 5164 Πολλὴ
3058 5090 3315 5163 ἡγνῶσις
3342 5094 3376 5161 ἡ
3422 5091 3550 5160 περὶ
3595 5089 3704 5142 τῶν

2118 5188 2292 5256 λόγων
2360 5186 2460 5258 τῆς
2527 5186 2798 5257 κρίσεως’
2856 5186 2952 5237 καὶ
3008 5184 3185 5248 οὐδεὶς
3263 5182 3569 5255 ἀπήγγειλε
3625 5181 3705 5250 τῷ

2118 5279 2391 5351 ἀνθρώπῳ
2441 5279 2690 5348 ἀκριϐεῖς
2732 5278 2860 5341 τοὺς
2909 5279 3036 5349 περὶ
3091 5277 3265 5347 αὐτῆς
3315 5277 3538 5344 λόγους·
3594 5268 3706 5326 οἷον

2123 5373 2253 5426 πότε
2298 5372 2437 5433 ἐστὶ,
2485 5370 2518 5441 ἢ
2570 5370 2673 5423 ποῦ
2717 5370 2778 5422 τὸ
2822 5375 3107 5442 κριτήριον
3141 5368 3545 5437 συνίσταται,ἤ
3588 5366 3706 5428 πῶς

2124 5463 2373 5530 ἐξετάζει
2399 5462 2491 5516 τὸν
2526 5461 2756 5515 ἑκάστου
2795 5462 2910 5533 βῖον
2944 5465 2971 5517 ὁ
3018 5462 3188 5526 Θεός·
3234 5462 3267 5531 ἢ
3320 5459 3438 5523 πῶς
3477 5461 3527 5512 oi
3579 5457 3708 5526 περὶ

2123 5557 2220 5627 τὴν
2256 5555 2551 5628 ἑνδεκάτην
2587 5551 2735 5623 ὥραν
2774 5555 2980 5624 πρῶτοι
3021 5554 3113 5608 τὸν
3161 5552 3352 5624 μισθὸν
3390 5549 3706 5622 λαμδάνου-

2115 5821 2162 5833 α..
