4122 6210
541 294 635 360 Mi

541 500 632 551 καὶ
656 497 985 569 ἀριστερῶν.
1013 497 1265 562 Τοιοῦτος
1296 495 1363 569 ἦν
1394 498 1605 560 Παῦλος
1635 500 1700 551 ἐκ
1732 499 1907 570 φυλῆς
1935 498 2122 555 Βενια-

586 589 682 642 είν.

586 607 682 642 ειν.

541 607 633 732 με
675 682 784 735 Καὶ
817 682 878 734 ἐν
904 680 1129 737 Θεκουὲ.
1166 700 1185 732 ι
1246 681 1338 751 Μὴ
1388 680 1713 754 φθονήσητε,
1747 680 1936 754 φησὶν,
1984 682 2121 738 ἀλλά

536 771 905 844 διορθώσασῦε
938 773 1066 837 τοὺς
1095 773 1341 843 γείτονας
1375 770 1530 844 ὑμῶν
1567 775 1619 828 oi
1645 774 1936 845 δυνάμενοι
1957 775 2121 830 πολε·

538 865 681 935 μεῖν.
1530 874 1535 879 ’

610 992 630 1025 ι
669 975 793 1027 Καὶ⁸
822 973 1258 1047 ἀφαιρεθήσεται
1291 975 1354 1028 τὸ
1393 975 1527 1045 ὕψος
1569 994 1684 1031 σου.
1734 996 1754 1031 ›
1803 979 1864 1031 ὐ
1898 982 2045 1053 ναὸς,
2082 979 2116 1049 ἡ

1651 288 2115 358 FRAGMENTA
2147 297 2229 356 IN
2268 297 2599 358 JEIlEMlA
2613 299 2688 357 Μ.

539 409 647 463 τῶν
671 406 850 461 ὅπλων
899 405 997 476 τῆς
1041 406 1388 478 δικαιοσύνης
1438 408 1716 479 πολεμεῖν,
1762 411 1871 463 τῶν
1903 410 2105 476 δεξιῶν,

2183 456 2188 473 ,
2219 422 2384 477 gnare
2412 418 2640 479 possunt
2694 426 2726 465 a
2779 406 3007 482 dextris,
3041 423 3146 470 eta
3206 416 3445 474 sinistris
3482 438 3496 475 :

3700 314 3806 378 612

3540 422 3659 477 talis
3688 442 3805 481 erat

2221 500 2422 557 Paulus
2445 518 2511 557 ex
2552 504 2695 559 tribu
2723 503 3026 574 Beniamin.

2297 698 2317 732 ι
2348 679 2411 734 Ει
2465 680 2524 734 in
2554 680 2595 734 Τ
2604 682 2795 737 hecuc.
2835 701 2853 735 ι
2889 684 2992 750 Ne,
3030 685 3225 755 inquit,
3256 686 3514 752 invidete,
3544 688 3638 743 sed
3669 689 3803 743 vici-

2219 782 2322 825 nos
2346 780 2562 826 vestros
2588 772 2681 842 qui
2713 774 2879 829 validi
2908 776 3041 831 estis
3067 777 3132 831 ad
3160 792 3397 848 pugnam
3427 781 3641 850 erigite.

2288 973 2353 1028 ν.
2382 975 2436 1030 2.
2476 994 2494 1025 ι
2528 975 2591 1029 Et
2635 977 2913 1032 auferetur
2976 980 3242 1035 celsitudo
3285 989 3401 1038 tua.
3437 1001 3457 1034 ι
3491 983 3797 1055 Templum,

536 1065 739 1135 νομικὴ
782 1064 1032 1136 λατρεία.
1060 1065 1145 1119 Ἦ
1181 1066 1275 1120 καὶ
1315 1068 1343 1120 ὁ
1381 1067 1479 1139 τῆς
1520 1067 1698 1138 ψυχῆς
1748 1069 2105 1137 πνευματικὸς

2208 1063 2405 1135 legalis
2429 1068 2768 1133 cultus;vel
2820 1076 2877 1124 et
2937 1061 3106 1126 animi
3162 1072 3447 1141 spirituale
3503 1091 3797 1131 ornamen-

536 1158 763 1227 κόσμος.

615 1266 633 1298 ι
672 1248 765 1311 Είς
795 1247 966 1319 αὐτὴν
1009 1248 1200 1319 ἥξουσι
1244 1248 1523 1319 ποιμένες.
1559 1267 1577 1301 ι
1607 1250 1671 1303 Oi.
1721 1249 1992 1314 πολέμιοι,
2017 1249 2116 1320 ἄρ-

541 1354 725 1409 χοντες
750 1339 1023 1411 αἰσθητοὶ,
1064 1340 1096 1411 ἢ
1135 1341 1231 1394 καὶ
1253 1341 1466 1421 νοητοί..

616 1451 636 1483 ι
671 1435 779 1487 Καὶ
809 1434 1168 1504 ποιμανοῦσιν
1201 1435 1433 1499 ἕκαστος
1454 1438 1521 1508 τῇ
1558 1434 1704 1506 χειρὶ
1744 1435 1932 1489 αὐτοῦ.
1979 1454 1997 1487 ι
2037 1438 2113 1491 Ού

537 1526 602 1594 τῇ
626 1524 719 1577 τοῦ
749 1524 884 1578 Θεοῦ
908 1527 1069 1597 χειρὶ,
1102 1526 1221 1581 ἀλλ’
1245 1527 1475 1590 ἕκαστος
1505 1528 1647 1581 κατά
1671 1526 1769 1591 τὰς
1801 1527 1936 1591 ἰδίας
1963 1528 2115 1599 ἐνερ⁴

534 1630 597 1682 γε
606 1614 711 1677 ίας.

508 1781 518 1789 ,
608 1746 627 1779 ι
664 1727 801 1783 Οὐαὶ
844 1730 996 1799 ἡμῖν.
1062 1747 1082 1781 ι
1126 1730 1191 1784 Oi
1239 1731 1299 1785 ἐν
1348 1734 1413 1803 τῇ
1470 1731 1819 1805 αἰχμαλωσίᾳ
1863 1733 2112 1787 καταλει-
2142 1771 2183 1825 Β

531 1816 788 1884 φθέντες,
843 1825 938 1874 καὶ
974 1822 1036 1875 ἐν
1089 1826 1161 1894 τῇ
1211 1823 1495 1896 συντελείᾳ
1535 1825 1854 1897 ἁμαρτωλοὶ
1901 1826 2109 1897 ταύτην

528 1908 800 1981 ἀφήσουσι
832 1912 934 1983 τὴν
962 1915 1164 1986 φωνήν.
1672 1984 1675 1989 _

603 2017 623 2051 ι
660 2000 781 2053 Ὅτι
814 2003 1069 2056 κέκλικεν
1120 2007 1155 2075 ή
1204 2005 1412 2077 ἡμέρα.
1471 2024 1491 2058 ι
1533 2004 1782 2076 Ἠμέραν
1813 2007 1971 2059 καλεί
2018 2006 2110 2059 τὸν

525 2091 769 2162 παρόντα
795 2094 931 2164 βίον,
969 2096 1133 2150 σκιὰν
1160 2096 1219 2149 δὲ
1252 2096 1352 2167 τὴν
1380 2099 1438 2151 ἐν
1472 2095 1622 2167 αὐτῷ
1648 2097 1945 2150 πολιτείαν.

598 2288 618 2322 ι
671 2270 988 2339 Ἀνάστητε,
1036 2269 1134 2322 καὶ
1178 2269 1470 2340 ἀναδῶμεν
1516 2269 1603 2321 ἐπ’
1648 2267 1816 2339 αὐτὴν
1866 2267 2040 2321 νυκτί.
2083 2286 2102 2319 ι

527 2360 645 2415 Τοῦ
672 2351 1326 2433 Χρυσοστόμουηιᾶλλ.
1365 2359 1886 2431 Ὀλυμπιοδώρου.]
1921 2360 2109 2413 Νύκτα

523 2454 621 2507 καὶ
652 2453 1000 2524 μεσημϐρίαν
1036 2453 1171 2523 φησι
1195 2451 1292 2506 τὸν
1318 2452 1614 2523 ἀδιάφορον
1648 2451 1746 2521 τῆς
1774 2451 1967 2519 ἐφόδου
1997 2451 2106 2505 τῶν

524 2546 804 2616 πολεμίων
838 2545 1051 2614 καιρόν.

591 2679 621 2714 4
659 2660 749 2723 Ὠς
776 2660 937 2730 ψύχει
976 2658 1180 2722 λάκκος
1214 2659 1360 2730 ὕδωρ
1388 2657 1575 2725 αὑτοῦ,
1625 2657 1770 2712 οὕτω
1814 2657 1976 2728 ψύχει
2005 2674 2103 2712 κα-

520 2751 615 2806 κία
678 2752 870 2822 αὐτῆς.
926 2769 945 2803 ι
989 2752 1088 2804 Διὰ
1130 2750 1241 2821 γὰρ
1288 2752 1390 2820 τὴν
1443 2748 1674 2820 ἀνομίαν
1724 2748 2033 2819 ψυγήσεται
2068 2750 2102 2820 ἡ

512 2841 850 2911 ὰγάπη·τῶν
880 2841 1114 2895 πολλῶν.
1142 2841 1217 2893 Οὐ
1252 2841 1362 2909 γὰρ
1388 2836 1527 2910 ἦσαν
1550 2839 1629 2910 τῷ
1656 2841 1931 2910 πνεύματι
1953 2839 2102 2904 ζέον-

516 2953 630 3003 τες,
662 2934 781 2987 οὐδὲ
812 2934 889 3003 τῷ
920 2933 1109 3005 Κυρίῳ
1128 2932 1487 2992 δου)εύοντες.

595 3046 615 3078 ι
653 3026 806 3093 Πόνῳ
837 3026 928 3078 καὶ
954 3025 1180 3095 μάστιγι
1224 3022 1587 3094 παιδευθήσῃ.
1640 3040 1660 3074 ι
1704 3021 1926 3094 Ἐπειδὴ
1954 3021 2099 3093 λόγῳ

517 3114 618 3168 οὐκ
648 3114 929 3185 ἐπείσθης,
978 3113 1233 3183 πείσθητι
1279 3112 1369 3166 διὰ
1416 3114 1516 3183 τῆς
1567 3110 1854 3181 μάστιγος,
1903 3113 1990 3165 ἵνα
2021 3104 2097 3184 μὴ

516 3207 724 3276 ἀποστῇ
760 3206 794 3275 ή
822 3206 967 3276 ψυχή
1001 3221 1102 3275 μου
1131 3203 1242 3256 ἀπὸ
1265 3200 1381 3255 σού.

594 3316 613 3350 ι
649 3299 732 3351 Τά
756 3298 1062 3351 κατάλοιποι
1085 3295 1181 3348 τοῦ
1224 3293 1461 3365 Ἰσραήλ.
1507 3311 1526 3344 ι
1564 3293 1704 3357 Τοὺς
1735 3292 1813 3365 μὴ
1840 3292 2100 3364 δυνηθένη

514 3406 636 3455 τας,
672 3390 807 3461 μηδὲ
839 3390 925 3443 διὰ
957 3389 1219 3458 μάστιγος
1252 3386 1492 3457 ἰαθῆναι.

592 3501 611 3534 ι
659 3482 794 3535 Ἰδοὺ
829 3480 1182 3551 ἀπερίτμητα
1206 3478 1277 3531 τὰ
1297 3471 1411 3530 ὦτα
1431 3476 1667 3530 αὐτῶν.»
1694 3477 1806 3531 Οὐκ
1827 3478 2099 3547 ἀποστρε-

516 3575 730 3645 φόμενα
756 3573 857 3635 τὰς
885 3570 1190 3638 ἀνωφελεῖς
1220 3568 1533 3637 ἀκροάσεις.
1590 3568 1902 3637 Σημείωσαι
1935 3569 2096 3623 ποίαν
2125 3585 2130 3589 ·

519 3665 823 3736 περιτομὴν
850 3663 1004 3734 ζητεῖ
1030 3665 1059 3716 ὁ
1094 3663 1250 3722 Θεός.
2060 3716 2063 3719 _

596 3775 614 3809 ι
641 3757 924 3823 Λέγοντες,
958 3756 1186 3825 Εἰρήνη,
1220 3755 1433 3825 εἰρήνη.
1472 3770 1491 3806 ι
1521 3755 1636 3808 Ούκ
1668 3754 1795 3807 εἴων
1833 3752 1943 3807 τῶν
1986 3771 2094 3824 μα-

517 3864 578 3903 στ
588 3848 720 3916 ίγων
739 3846 1160 3918 ἐπαισθάνεσθαι
1174 3848 1397 3918 είρήνην
1411 3846 1594 3909 αὐτοῖς
1604 3844 2089 3914 ἐπαγγελλόμενοι.

592 3915 627 3991 ιθ
646 3939 754 3995 Καὶ
784 3938 893 3991 οὐδ’
921 3915 1063 4000 ὡς’...
1084 3937 1195 3991 Καὶ
1221 3915 1319 4007 την
1332 3915 1555 4007 ἀτιμίαν
1581 3934 1760 3989 αὐτῶν
1794 3936 1893 3988 οὐκ
1919 3935 2090 4003 ἔγνω-

512 4046 632 4085 σαν.
672 4048 691 4082 ›
731 4028 925 4098 οι-γάρ
961 4028 1099 4099 μήτε
1135 4026 1299 4098 λόγῳ,
1337 4029 1471 4097 μήτε
1502 4028 1728 4099 μάστιγι
1766 4026 2090 4097 παιδευόμεο

508 4139 613 4187 νοι,
647 4121 1047 4192 ἐναπομένουσι
1075 4119 1152 4191 τῷ
1180 4118 1456 4189 πτώματι.
1894 4112 1919 4135 ⁵

578 4330 599 4365 ι
639 4310 739 4364 Διὰ
770 4309 930 4364 τοῦτο
965 4309 1329 4367 πεσοῦνται...
1351 4310 1445 4363 καὶ
1477 4310 1534 4362 ἐν
1567 4308 1745 4378 καιρῷ
1775 4309 2092 4377 ἐπισκοπῆς

504 4404 684 4461 αὐτῶν
708 4403 1091 4459 ἀπολοῦνται.»
1121 4403 1244 4457 Κᾶν
1274 4402 1722 4471 ἀνακαλέσωμαι,
1755 4400 1941 4470 φησὶν,
1979 4400 2080 4452 αύ-
2116 4432 2158 4488 D

490 4500 650 4564 τοὺς,
685 4498 750 4551 ἐκ
780 4496 886 4549 τῶν
928 4496 1206 4566 αἰσθητῶν
1233 4494 1531 4565 πολεμίων,
1563 4494 1655 4548 καὶ
1697 4492 2079 4561 ἐπισκέψωμαι

388 4579 400 4586 ’
503 4592 723 4657 αὐτοὺς,
755 4590 1115 4661 ἐπιμένοντας
1136 4587 1303 4661 [ἄλλ.
1334 4584 1711 4658 ἐπιμένοντες]
1755 4587 1872 4649 ταῖς
1902 4585 2081 4656 ἀμαρ-

503 4682 647 4744 τίαις
675 4680 872 4751 αἰωνίᾳ
892 4676 1115 4733 κολάσει
1141 4676 1632 4748 παραδοθήσονται.

577 4812 597 4846 ι
634 4793 804 4862 Στῆτε
833 4791 928 4847 ἐπὶ
968 4789 1295 4853 ταῖςοὸδοῖς.
1333 4807 1353 4840 ι
1406 4787 1575 4857 Στῆτε
1623 4786 1717 4839 ἐπὶ
1751 4786 1870 4847 ταῖς
1917 4783 2075 4849 ὁδοῖς,

501 4884 597 4939 καὶ
627 4882 765 4937 ίδετε
786 4884 886 4953 τῆς
908 4899 969 4936 τε
1000 4881 1167 4952 ζωῆς,
1195 4881 1291 4934 καὶ
1318 4878 1412 4933 τοῦ
1443 4878 1676 4933 θανάτου
1706 4893 1721 4909 ο
1758 4875 1875 4942 ὁδὸς
1901 4875 1956 4928 δὲ
1982 4875 2078 4929 καὶ

499 4973 733 5028 ἑκάστου
769 4972 883 5043 βίος
913 4971 1182 5027 καλεῖται.
1202 4970 1393 5041 Τρίόοι
1414 4968 1620 5041 Κυρίου
1643 4967 1711 5021 τὰ
1739 4966 1904 5020 αύτοῦ
1936 4982 2078 5035 παρ-

500 5066 844 5138 ἀγγέλματα.
1452 5066 1461 5069 Ὗ
1852 5141 1859 5147 ¹

577 5198 596 5230 ι
643 5177 939 5232 Ἀκούσατε
974 5178 1074 5249 τῆς
1112 5177 1299 5248 φωνῆς
1351 5173 1451 5244 τῆς
1500 5172 1819 5239 σάλπιγγος.
1861 5189 1880 5222 ι
1936 5171 2075 5235 Τοὺς

495 5265 590 5321 τὸν
618 5268 977 5337 προφητικὸν,
1019 5266 1052 5337 ἢ
1085 5267 1179 5320 καὶ
1215 5266 1309 5320 τὸν
1343 5261 1701 5331 εύαγγελικὸν
1730 5258 2074 5332 κηρύξαντας

494 5356 672 5427 λόγον.
706 5358 1069 5429 Σάλπιγγος,
1103 5359 1201 5429 τῆς
1226 5353 1599 5416 διδασκαλίας.

573 5467 593 5501 ι
641 5449 770 5507 Ἰδοὺ
810 5450 936 5514 λαὸς
971 5449 1190 5520 ἔρχεται
1228 5447 1337 5502 ἀπὸ
1372 5446 1560 5519 βορρᾶ.
1604 5462 1621 5495 ι
1668 5441 1777 5498 Τοῦ
1817 5442 2071 5497 Βαϐυλω-

492 5539 633 5609 νίου,
658 5540 691 5611 ἢ
724 5543 816 5594 καὶ
843 5538 936 5594 τοῦ
963 5539 1360 5610 ἀντικειμένου.

568 5651 589 5686 ι
621 5633 788 5698 Τόξον
813 5634 907 5688 καὶ
936 5633 1163 5706 ζιϐύ-νην
1188 5634 1543 5705 κρατήσουσι.
1575 5647 1595 5681 ι
1630 5628 1799 5696 Τὸξον
1823 5628 1936 5691 τοῖς
1970 5644 2074 5699 μα-

494 5724 656 5798 κράν»
688 5725 911 5799 ξιῦύνην
942 5728 1055 5792 τοῖς
1083 5725 1270 5796 ἐγγύς.
1300 5725 1439 5789 Τοὺς
1476 5721 1575 5793 μὲν
1596 5721 1706 5795 γὰρ
1742 5718 2070 5819 πλησιάζονῗ

2217 1162 2331 1209 tum
2340 1193 2355 1209 ο

2286 1246 2351 1301 V.
2384 1247 2438 1302 3.
2472 1267 2490 1299 ι
2525 1248 2587 1302 in
2645 1262 2766 1303 eam
2829 1251 3045 1306 venient
3097 1261 3363 1322 pastores.
3404 1274 3422 1304 ι
3459 1255 3791 1324 Adversarii,

2215 1337 2490 1409 principes
2520 1340 2808 1396 sensibiles
2837 1344 2922 1397 vel
2956 1344 3289 1412 spirituales.
3338 1332 3343 1335 “

2292 1448 2310 1481 ι
2342 1430 2408 1485 Et
2438 1441 2664 1501 pasccnt
2714 1436 3087 1505 unusquisque
3119 1454 3283 1492 manu
3318 1455 3437 1493 sua.
3474 1459 3493 1492 ›
3526 1439 3647 1497 Non
3696 1441 3791 1497 Dei

2212 1537 2400 1587 manu,
2432 1524 2528 1578 sed
2553 1523 2783 1594 quisque
2807 1525 2961 1596 juxta
2989 1528 3237 1597 proprios
3264 1539 3437 1585 actus.

2276 1718 2348 1775 ν.
2380 1720 2433 1775 4.
2469 1742 2487 1773 ι
2522 1720 2609 1776 Va:
2632 1722 2808 1777 nobis.
2849 1741 2868 1773 ι
2904 1724 3007 1790 Qui
3036 1726 3234 1795 captivi
3266 1727 3440 1782 relicti
3475 1738 3625 1795 sunt,
3651 1737 3707 1785 et
3730 1730 3786 1785 in

2213 1810 2321 1867 ﬂne
2342 1814 2536 1877 seculi,
2594 1823 2912 1884 peccatores
2930 1815 3077 1872 bane
3114 1818 3279 1873 edent
3315 1835 3524 1875 vocem.

2287 2008 2307 2040 ι
2334 1987 2472 2054 Quia
2503 1988 2795 2045 declinavit
2819 1990 2955 2047 dies.
3001 2011 3020 2043 ι
3077 1992 3224 2048 Diem
3254 2005 3578 2064 praesentem
3618 2000 3784 2054 vitam

2209 2088 2367 2133 vocat
2399 2095 2412 2143 ;
2446 2080 2692 2134 umbram
2726 2096 2877 2146 vero,
2935 2096 3055 2136 eam
3106 2099 3225 2153 qua:
3265 2085 3322 2139 in
3359 2086 3473 2155 ipsa
3500 2088 3788 2143 adhibetur

2210 2169 2334 2224 vitae
2360 2171 2649 2225 rationem.

2274 2257 2345 2314 ’V.
2381 2262 2433 2316 5.
2461 2262 2727 2329 «Surgite,
2762 2262 3120 2317 ascendamus
3154 2280 3318 2335 super
3346 2281 3465 2321 eam
3494 2277 3676 2324 nocte.
3707 2288 3726 2321 ι

2279 2349 2649 2420 Cln'ysoslomi.
2680 2350 2772 2423 [aL
2800 2352 3201 2426 Olympiodori.]
3253 2354 3475 2411 Noctem
3522 2367 3577 2413 et
3614 2361 3783 2415 meri-

2207 2441 2351 2496 diem
2374 2444 2449 2497 ait
2484 2442 2751 2497 incertum
2781 2444 3049 2499 adventus
3077 2445 3314 2500 hostium
3337 2456 3568 2520 tempus.

2346 2655 2499 2712 v.7.
2542 2637 2562 2708 ἐ
2597 2656 3041 2730 Sicutfrigidam,
3081 2650 3213 2725 etc.,
3258 2661 3337 2715 sic
3368 2660 3615 2732 frigidam
3650 2653 3780 2721 facit

2201 2746 2407 2801 malitia
2430 2747 2577 2818 ejus.
2609 2766 2627 2799 ι
2681 2749 2815 2804 Nam
2864 2759 3090 2821 propter
3142 2751 3483 2821 iniquitatem
3543 2756 3779 2813 Charitas

2202 2838 2495 2892 multorum
2522 2839 2853 2911 refrigescet.
2876 2841 3103 2896 Divinus
3126 2843 3328 2913 quippe
3349 2844 3496 2898 calor
3522 2846 3579 2898 in
3594 2847 3777 2901 animo

2200 2930 2552 2985 multitudine
2572 2941 2929 3001 peccatorum.
2950 2933 3317 3004 refrigeratur.
3572 2931 3576 2936 ’

2273 3018 2340 3075 ν.
2372 3022 2425 3076 8.
2463 3041 2481 3073 ι
2516 3020 2710 3077 Dolore
2754 3033 2809 3078 et
2834 3022 3045 3095 ﬂagello
3093 3024 3378 3080 erudieris.
3415 3043 3433 3076 ι
3483 3026 3775 3099 Postquam

2126 3096 2168 3153 (Ζ
2198 3124 2312 3165 non
2336 3111 2553 3166 cessisti
2581 3112 2842 3179 sermoni,
2862 3112 3069 3184 ﬂagella
3107 3121 3158 3169 te
3182 3111 3424 3180 ﬂectant,
3458 3132 3528 3172 ne
3557 3096 3774 3175 animus

2198 3213 2355 3261 mens
2377 3210 2677 3257 avertatur.

2269 3289 2334 3345 ν.
2368 3292 2421 3347 9.
2459 3313 2478 3345 ι
2511 3294 2785 3364 Reliquias
2813 3294 2997 3350 Israel.
3034 3315 3054 3348 ι
3088 3294 3190 3363 Qui
3222 3313 3325 3354 nec
3355 3297 3579 3372 ﬂagellis
3633 3301 3770 3374 ipsis

2196 3383 2377 3438 curari
2404 3393 2721 3455 potuerunt.

2266 3472 2332 3528 V.
2368 3475 2453 3529 10.
2493 3496 2511 3527 ι
2554 3476 2693 3531 Ecce
2725 3477 3118 3537 incircumcisa:
3151 3496 3309 3539 aures
3341 3499 3552 3540 eorum.
3593 3504 3611 3537 ι
3645 3483 3768 3543 Νοη

2195 3581 2256 3622 se
2277 3567 2346 3623 ab
2368 3568 2654 3624 inutilibus
2668 3571 3042 3628 auditionibus
3070 3576 3425 3634 abstinentes.
3454 3577 3590 3635 Nota
3605 3568 3765 3651 quam

2194 3663 2671 3719 circumcisionem
2706 3666 2847 3722 Deus
2882 3679 3109 3737 quaerat.

2263 3751 2329 3806 ν.
2365 3751 2449 3808 14.
2489 3773 2508 3806 ι
2549 3754 2804 3811 Dicentes
2839 3756 3012 3830 gPax,
3035 3775 3158 3830 pax.
3211 3761 3404 3818 Pacem
3459 3764 3563 3819 illis
3612 3765 3767 3836 polli-

2191 3854 2399 3913 centes,
2424 3846 2649 3902 vcrbera
2683 3848 2887 3904 sentire
2915 3866 3023 3905 non
3046 3853 3456 3921 permittebant.

2260 3940 2325 3993 V.
2366 3941 2450 3995 15.
2489 3959 2508 3991 ι
2547 3939 2613 3995 Et
2643 3956 2841 4011 neque,
2876 3952 2981 3998 etc.
3011 3943 3077 3997 Et
3107 3946 3579 4002 inhonorationem
3607 3963 3762 4003 suam

2187 4046 2298 4086 non
2327 4044 2719 4103 cognoverunt.
2763 4053 2782 4086 ι
2812 4035 2914 4102 Qui
2946 4037 3089 4091 enim
3134 4051 3309 4107 neque
3334 4038 3524 4108 plagis,
3585 4054 3763 4107 neque

2188 4135 2441 4177 sermone
2481 4122 2805 4193 resipiscunt
2856 4124 2914 4179 in
2965 4125 3191 4180 crimine
3234 4126 3584 4196 pertinaciter
3632 4142 3761 4199 per-

2186 4215 2406 4269 sistunt.

2262 4325 2280 4357 ι
2309 4307 2677 4373 Quamobrem
2701 4308 2918 4374 cadent,
2944 4319 3077 4374 etc.,
3108 4318 3161 4364 et
3189 4310 3244 4365 in
3278 4318 3524 4381 tempore
3570 4311 3760 4367 visita-

2189 4396 2353 4453 tionis
2377 4401 2655 4470 peribunt.
2691 4419 2710 4452 ι
2745 4400 3002 4468 Quamvis
3022 4417 3273 4457 revocem
3294 4417 3389 4458 cos
3412 4418 3476 4458 ex
3518 4404 3756 4459 visibili-

2184 4489 2287 4545 bus
2311 4491 2577 4560 hostibus,
2602 4502 2657 4547 ct
2679 4494 3110 4559 visitaverocos,
3139 4495 3194 4549 in
3216 4495 3594 4566 iniquitatibus
3629 4511 3755 4567 per-

2183 4596 2517 4653 severantes,
2553 4586 2794 4642 externis
2823 4587 3104 4657 suppliciis
3126 4587 3467 4643 addicentur.

2252 4782 2317 4839 ν.
2348 4784 2434 4851 16,
2473 4804 2490 4837 ι
2529 4785 2679 4842 State
2698 4801 2863 4856 super
2888 4788 3021 4843 vias.
3046 4806 3066 4840 ι
3091 4790 3244 4845 State
3269 4789 3323 4843 in
3352 4790 3473 4856 viis,
3505 4797 3560 4843 et
3577 4785 3756 4842 videte

2181 4874 2297 4929 vias
2320 4878 2465 4940 vitm,
2497 4885 2553 4931 et
2582 4877 2815 4944 mortis;
2861 4878 2948 4933 via
2981 4894 3198 4949 quoque
3244 4881 3353 4933 vita
3379 4876 3756 4946 unusquisque

2178 4966 2508 5037 appellatur.
2538 4967 2759 5025 Semita:
2791 4968 3004 5024 Domini
3045 4970 3218 5039 ipsius
3236 4975 3518 5039 praecepta.

2254 5169 2314 5225 V.
2350 5172 2437 5227 17.
2474 5191 2491 5224 ι
2523 5172 2722 5243 Audite
2743 5188 2932 5229 vocem
2955 5173 3121 5228 tubae.
3163 5189 3182 5225 ι
3214 5168 3319 5236 Qui
3345 5170 3646 5241 prophetici
3664 5174 3751 5229 vel

2177 5263 2488 5336 Evangeliei
2540 5266 2810 5321 sermonis
2859 5265 3014 5322 fuere
3060 5277 3359 5336 praecones.
3433 5260 3608 5330 Tuba,
3648 5264 3749 5321 do-

2176 5366 2444 5503 ωᾞῖωέῖ.
2480 5466 2502 5500 ι
2537 5447 2681 5502 Ecce
2710 5447 2947 5519 populus
2988 5448 3142 5503 venit
3171 5447 3243 5503 ab
3280 5446 3557 5517 aquilone.
3595 5464 3614 5499 ι
3643 5446 3747 5503 Ba-

2173 5539 2397 5613 bylonii,
2428 5540 2515 5597 vel
2545 5538 2708 5597 etiam
2735 5539 3054 5595 adversarii.

2248 5631 2310 5687 V.
2341 5631 2430 5688 23.
2468 5648 2488 5684 ι
2525 5630 2727 5686 Arcum
2758 5640 2814 5688 et
2833 5631 3073 5703 iaculum
3101 5630 3391 5705 tenebunt.
3432 5650 3451 5684 ι
3484 5630 3745 5702 Sagittam

2172 5722 2240 5779 ad
2266 5737 2361 5781 eos
2387 5722 2481 5795 qui
2505 5721 2742 5793 eminus,
2774 5722 3016 5798 iaculum
3037 5723 3105 5782 ad
3142 5738 3261 5793 eos,
3303 5721 3399 5793 qui
3454 5720 3739 5779 cominus:

2862 5815 2959 5825 Μ
