4122 6210
388 251 492 317 M9

1505 260 1969 322 FRAGMENTA
2000 257 2084 317 IN
2120 255 2537 317 JEREMIAM.

3554 258 3659 321 650

470 391 489 426 ι
527 372 639 426 Kal.
667 372 764 426 ἐπὶ
798 372 975 427 πάντα
1018 360 1492 445 περικειρόμενον.
1524 394 1543 426 ι
1590 373 1730 438 Τοὺς
1753 373 1817 428 τὸ
1846 388 1972 442 φαι-
2000 410 2011 434 λ

2151 387 2173 422 ι
2235 368 2301 423 Et
2386 384 2551 438 super
2620 384 2836 426 onmem
2905 380 3179 426 attonsum
3253 370 3399 426 circa
3466 372 3659 432 faciem

397 466 624 536 νόμενον
667 465 1131 531 καλλωπίζοντας.
1193 466 1358 535 Λέγει
1406 466 1462 520 δὲ
1502 466 1635 530 τοὺς
1686 466 1972 538 μόρφωσιν

2113 476 2252 515 nam.
2286 478 2305 512 ι
2336 458 2393 514 Id
2421 460 2567 530 quod
2595 470 2820 531 apparet
2855 471 3135 519 ornantes.
3162 463 3325 519 Nota't
3345 473 3526 521 autem
3569 483 3669 525 eos

398 556 623 627 ἔχοντας
674 557 985 622 εὐσεϐείας,
1021 559 1122 629 τὴν
1181 558 1239 612 δὲ
1291 558 1526 629 δύναμιν
1581 558 1754 628 αὐτῆς
1805 559 1977 629 ἠρνη-

403 648 622 718 μένους.

1025 781 1279 835 ΚΕΦΛΛ.
1320 778 1378 832 l'.

478 933 499 966 ι
533 915 645 969 Καὶ
670 915 779 969 ἀπὸ
812 914 924 969 τῶν
944 916 1190 987 σημείων
1223 914 1315 968 τοῦ
1344 913 1576 985 οὐρανοῦ
1606 913 1682 983 μὴ
1705 911 1980 981 φοϐεῖσθε,
2058 912 2061 917 ’

2078 549 2172 620 qui
2230 549 2468 619 speciem
2512 550 2729 621 pictatis
2786 551 3020 619 habent,
3074 554 3170 609 sed
3239 552 3349 609 vim
3403 555 3523 626 ejus
3566 572 3666 613 ne-

2085 651 2242 714 gant.

2760 780 2910 835 CAP.
2940 780 3006 834 X.

2154 912 2222 970 V.
2247 914 2301 968 2.
2346 933 2363 963 ι
2398 914 2465 968 Ει
2493 931 2524 969 a
2554 915 2722 986 signis
2761 917 2884 973 caeli
2928 919 3095 974 nolite
3157 930 3422 987 metuere,
3457 924 3605 996 quia.
3644 944 3663 976 ι

400 1008 508 1062 ὅτι.
521 1027 540 1059 ι
557 1008 671 1071 Τάς
698 1008 952 1077 ἡλιακὰς,
967 1008 1155 1078 φησὶν,
1174 1005 1528 1061 άνακυκλώσε
1538 1023 1585 1070 ις
1605 1006 1865 1077 ὁρῶντες,
1884 1003 1985 1056 καί⁹

2113 1004 2324 1071 iolares,
2362 1005 2557 1076 inquit,
2593 1008 2855 1065 circuitus
2906 1010 3173 1077 videntes,
3216 1013 3470 1085 lunaeque
3518 1016 3672 1072 defe-

404 1100 641 1171 σελήνην
697 1099 992 1167 φθίνουσαν
1028 1099 1127 1152 καὶ
1166 1097 1567 1168 αὐξανομένην,
1611 1096 1705 1150 καὶ
1738 1095 1983 1165 ἀστέρων

2113 1106 2232 1153 tum
2269 1098 2799 1170 incrementumque,
2835 1111 2890 1157 et
2920 1103 3199 1159 stellarum
3242 1117 3545 1177 aspectum,
3593 1122 3671 1163 at-

408 1193 598 1262 σχέσιν
648 1193 744 1244 καὶ
782 1190 1107 1253 ἀπόστασιν,
1140 1189 1235 1242 καὶ
1266 1190 1364 1252 τὰς
1396 1189 1536 1242 κατὰ
1572 1186 1763 1258 καιρὸν
1801 1183 1986 1238 αὐτῶν

2113 1204 2195 1260 [ne
2238 1189 2543 1256 distantias,
2564 1200 2619 1246 et
2648 1192 2805 1247 statis
2837 1197 3169 1265 temporibus
3191 1197 3428 1269 ipsarum
3453 1200 3675 1272 appari-

405 1280 705 1350 ἐκφάνσεις
772 1279 869 1332 καὶ
931 1278 1313 1350 ἀποκρύψεις,
1359 1278 1455 1332 καὶ
1504 1278 1604 1349 τὴν
1652 1276 1989 1346 εὐάρμοστον

2115 1281 2267 1335 iones
2296 1282 2900 1352 occultationesque,ac
2929 1287 3146 1343 tandem
3173 1290 3501 1346 concinnum
3529 1278 3675 1361 ipsa-

407 1368 597 1421 αὐτῶν
624 1368 845 1437 κίνησιν
867 1407 882 1433 ,
914 1368 990 1438 μὴ
1024 1365 1308 1438 φοϐηθῆτε
1353 1367 1495 1422 αὐτὰ
1529 1368 1606 1431 ὡς
1638 1364 1817 1429 θεοὺς,
1856 1362 1991 1417 ἀλλὰ

2113 1387 2210 1425 νοω
2248 1380 2478 1438 motum,
2510 1389 2580 1428 ne
2620 1374 2913 1432 timueritis
2948 1391 3011 1433 ea
3072 1382 3151 1436 uti
3206 1372 3358 1450 dees,
3406 1382 3503 1439 sed
3551 1398 3675 1438 eum

407 1456 505 1511 τὸν
529 1458 707 1512 ταῦτα
734 1460 1058 1529 ποιήσαντα.

492 1565 513 1600 ι
533 1548 592 1601 '0
613 1547 931 1618 ἀνορθώσας
957 1548 1056 1618 τὴν
1076 1547 1406 1618 οἰκουμένην
1428 1548 1567 1621 ἐντῇ
1587 1546 1750 1617 σοφίᾳ
1765 1544 1952 1600 αὐτοῦ.
1965 1564 1984 1597 ι

422 1638 518 1691 Ἐν
545 1637 623 1707 τῷ
653 1637 796 1707 Υἱῷ·
815 1638 875 1690 ὲν
903 1636 1052 1708 αὐτῷ
1082 1637 1192 1708 γὰρ
1221 1637 1445 1706 ἐκτίσθη
1477 1637 1547 1691 τά
1577 1636 1775 1691 πάντα.

2091 1461 2182 1532 qui
2224 1461 2314 1516 illa
2344 1463 2570 1521 creavit.

2163 1552 2230 1609 ν.
2265 1554 2352 1608 12.
2394 1574 2413 1606 ε
2443 1553 2544 1621 Qui
2576 1558 2753 1612 erexit
2778 1559 2966 1615 orbem
3002 1559 3059 1614 in
3091 1560 3362 1633 sapientia
3390 1579 3508 1618 sua.
3552 1584 3570 1619 ι
3613 1566 3671 1621 1η

2094 1640 2234 1698 Filio
2267 1661 2280 1697 :
2310 1644 2362 1698 in
2394 1644 2510 1715 ipso
2540 1647 2684 1702 enim
2714 1657 2896 1704 creata
2926 1659 3055 1705 sunt
3086 1653 3289 1708 omnia.

491 1747 511 1781 ι
558 1728 886 1801 Ἑμωράνθη
935 1731 1044 1792 πᾶς
1091 1728 1379 1800 ἄνθρωπος
1412 1729 1520 1782 ἀπὸ
1551 1729 1827 1798 γνώσεως,
1871 1744 2007 1783 κατ-

2189 1734 2247 1789 V.
2288 1735 2374 1791 14.
2415 1754 2433 1787 ι
2464 1734 2674 1793 Stultus
2706 1738 2879 1796 factus
2931 1752 3013 1798 est
3040 1744 3221 1799 omnis
3251 1744 3416 1801 homo
3445 1762 3475 1801 a
3502 1747 3681 1803 scien-é

399 1819 728 1891 ῃσχύνθη...
761 1821 844 1873 ὅτι
870 1819 1039 1889 ψευδῆ
1066 1819 1424 1890 ὲχώνευσεν.»
1468 1821 1527 1873 ’0
1563 1820 1638 1891 μὴ
1664 1820 1765 1891 τὴν
1794 1820 1996 1887 γνῶσιν

405 1912 553 1981 ἔχων
582 1910 790 1982 ταύτης
818 1911 918 1982 τῆς
944 1910 1251 1980 θεολογίας,
1290 1912 1472 1982 μωρός
1505 1913 1673 1966 ἐστιν.

493 2023 512 2054 ι
539 2003 761 2056 Μάταιά
784 2005 932 2055 ἐστιν
959 2003 1167 2073 ἔργα...
1199 2005 1257 2056 ὲν
1287 2001 1467 2074 καιρῷ
1498 2002 1804 2071 ἐπισκοπῆς
1821 2001 2001 2055 αὐτῶν

411 2093 769 2148 ἀπολοῦνται.
809 2112 829 2146 ι
861 2093 1033 2148 Ὅταν
1076 2095 1105 2146 ὁ
1145 2093 1280 2156 Θεὸς
1323 2094 1691 2165 ἑπισκέψηται
1732 2092 1831 2164 τὴν
1872 2097 1998 2163 γῆν,

409 2187 473 2241 ιν
502 2188 569 2257 τῇ
603 2185 882 2257 παρουσίᾳ
912 2185 1161 2256 δηλονότι
1185 2183 1280 2238 τοῦ
1307 2185 1566 2257 Χριστοῦ.
1602 2209 1611 2217 η

493 2295 513 2328 ι
554 2278 872 2348 Συνήγαγεν
916 2276 1116 2342 ἔξωθεν
1163 2277 1263 2347 τὴν
1311 2278 1612 2331 ὑπόστασιν
1652 2275 1823 2331 αὐτοῦ
1872 2291 2005 2327 κατ·

410 2367 701 2421 οικοῠσαν.
728 2385 748 2417 ›
774 2363 847 2419 Ὦ
875 2366 1077 2434 γνῶσις
1106 2366 1268 2432 Θεοῦ,
1289 2368 1324 2438 ὴ
1341 2369 1400 2420 ὲν
1425 2370 1539 2432 τοῖς
1571 2367 1845 2429 ἑκλεκτιῖς
1872 2382 2006 2419 κατ-

409 2458 674 2524 οικοῦσα,
709 2457 817 2510 ἀπὸ
853 2457 963 2510 τῶν
1007 2458 1305 2528 θαυμάτων
1334 2458 1500 2512 αὐτοῦ
1526 2498 1541 2523 ,
1571 2458 1670 2511 καὶ
1701 2456 1811 2510 τῶν
1842 2473 2001 2527 ποιη-

416 2551 619 2622 μάτων
684 2548 1169 2619 καταλαμεάνεταί
1216 2566 1309 2603 σου
1358 2551 1392 2621 ἡ
1454 2550 1775 2613 ὑπόστασις.
1812 2548 1922 2601 Καὶ
1965 2549 2000 2619 η

428 2639 736 2710 Ἐκκλησία
765 2639 823 2693 δὲ
851 2638 1074 2705 ἔξωθεν,
1126 2639 1409 2694 τουτέστιν
1438 2641 1503 2693 ἐκ
1530 2640 1641 2693 τῶν
1670 2639 1839 2693 ἐθνῶν
1878 2654 2001 2691 συν-

504 2731 595 2802 θη.

414 2735 671 2876 ἡχῗηιίαὶ
702 2820 794 2873 τὸν
826 2820 993 2875 τόπον
1024 2819 1192 2875 αὐτοῦ
1238 2821 1568 2892 ὴρήμωσαν.
1609 2839 1629 2875 ι
1666 2821 1780 2875 Οὐκ
1804 2821 2003 2885 ἐῶντες

419 2911 785 2984 ἐντρέφεσθαι
835 2914 901 2984 τῇ
957 2911 1143 2966 πίστει
1200 2914 1296 2968 καὶ
1338 2916 1459 2978 ταῖς
1505 2914 1699 2978 καλαῖς
1747 2914 2002 2968 διδοισκα⁸

420 3004 571 3066 λίαις
591 3020 606 3036 ·
641 3003 673 3075 ἦ
703 3003 874 3075 ἄρδην
905 3002 1213 3069 ἀνελόντες,
1247 3004 1280 3075 ἢ
1307 3005 1719 3076 εἰδωλολατρεῖν
1759 3005 2001 3073 ἀναγκάο

428 3109 644 3157 σαντες.
723 3152 737 3163 ς

1018 3230 1272 3285 ΚΕΦΑΛ.
1312 3231 1427 3295 IA',
1447 3225 1454 3232 ’
1562 3276 1565 3279 .

514 3384 535 3419 ι
564 3366 703 3421 Τάδε
730 3364 881 3435 λέγει
907 3364 1132 3439 Κύριος
1172 3365 1611 3435 Ἐπικατάρατος
1644 3369 1673 3422 ό
1700 3366 2009 3439 ἄνθρωπος,

434 3457 492 3522 ὃς
516 3458 618 3513 οὐκ
645 3456 940 3511 ἀκούσεται
972 3456 1083 3510 τῶν
1115 3456 1313 3526 λόγων.
1347 3474 1367 3509 »
1414 3456 1472 3509 Ὀ
1505 3456 1638 3522 Θεὸς
1682 3460 2010 3527 καταρᾶται,

436 3549 552 3603 ἀλλ’
585 3550 635 3601 οί
673 3549 801 3611 toi»;
853 3547 1033 3611 θείους
1082 3548 1514 3619 παραϐαίνοντες
1548 3548 1749 3619 νόμους
1800 3551 2014 3614 ἑαυτοῖς

439 3641 781 3694 ἐπισπῶνται
816 3639 884 3692 τὰ
911 3638 1082 3692 δεινά.
1813 3626 1817 3631 ’

520 3749 538 3781 ι
565 3729 670 3782 Τοῦ
700 3729 884 3783 δοῦναι
916 3728 1103 3791 αὐτοῖς
1132 3728 1233 3798 γῆν
1264 3728 1497 3798 ῥέουσαν
1527 3728 1692 3797 γάλα,
1711 3729 1807 3782 καὶ
1834 3730 2011 3800 μέλω

443 3822 588 3895 Πρὸς
627 3821 726 3892 μὲν
764 3820 1032 3892 ἱστορίαν,
1075 3820 1178 3892 τὴν
1210 3820 1578 3891 Παλαιστίνην
1601 3835 1616 3852 ⁸
1651 3822 1785 3894 πρὸς
1810 3823 1865 3876 δὲ
1903 3822 2017 3877 διάη

444 3930 618 3977 νοιαν,
643 3912 739 3983 τὴν
755 3911 1104 3982 Ἐκκλησίαν·
1124 3911 1264 3980 γάλα
1292 3912 1393 3983 μὲν
1421 3913 1745 3978 ποτίζουσαν
1768 3913 1892 3978 τοὺς
1915 3915 2017 3987 ἀρ-

443 4002 741 4074 τιφύτους,
790 4001 913 4071 μέλι
953 4001 1009 4054 δὲ
1051 4003 1178 4064 τοὺς
1232 4001 1567 4072 δυναμένους
1605 4001 2019 4070 ἀπογεύσασθαι

440 4093 555 4147 τῶν
581 4092 935 4161 τελειοτέρωνν
962 4090 1323 4162 μαθημάτων.

519 4204 540 4237 ι
570 4183 767 4247 Καθὼς
794 4186 826 4254 ἡ
853 4183 1038 4254 ἡμέρα
1060 4181 1221 4254 αὕτη.
1256 4182 1368 4236 Καὶ
1400 4181 1728 4255 ἀπεκρίθην,
1746 4182 1841 4237 καὶ
1868 4170 2019 4249 εἶπα,

440 4276 682 4340 Γένοιτο,
725 4274 924 4345 Κύριε.
959 4291 981 4330 ι
1018 4273 1130 4344 Τὴν
1160 4273 1444 4344 θεοφάνιον
1471 4272 1685 4344 ἡμέραν
1715 4273 1810 4327 τοῦ
1842 4274 2021 4344 Σωτῆ-

2103 1828 2194 1893 tia,
2224 1828 2484 1884 confusus
2511 1840 2615 1893 est,
2642 1840 2772 1897 etc.,
2808 1834 2933 1903 quia
2953 1834 3086 1890 falsa
3115 1837 3387 1893 conﬂavit.
3430 1860 3449 1893 ι
3481 1840 3583 1908 Qui
3612 1842 3682 1897 ab

2107 1916 2271 1988 hujus
2306 1919 2594 1990 theologia:
2632 1921 2945 1992 cognitione
2973 1923 3212 1990 aberrat,
3245 1926 3426 1983 fatuus
3445 1938 3550 1985 est.

2171 2006 2238 2061 ν.
2270 2009 2389 2062 15.‹
2415 2008 2562 2074 Vana
2588 2020 2716 2065 sunt
2731 2019 2919 2081 opera,
2944 2023 3051 2069 etc.
3090 2033 3102 2067 :
3128 2016 3184 2069 in
3215 2023 3463 2087 tempore
3488 2021 3680 2076 visita-

2105 2100 2270 2154 tionis
2300 2116 2411 2155 sum
2438 2103 2712 2171 peribunt.
2740 2123 2762 2154 ι
2793 2103 2929 2159 Cum
2964 2107 3106 2161 Deus
3126 2115 3327 2163 terram
3355 2111 3678 2177 \‘isitaverit,

2104 2190 2160 2243 in
2193 2193 2436 2246 adventu
2463 2185 2963 2250 ridelicetChristi.

2176 2280 2243 2335 ν.
2272 2283 2356 2337 f7.
2392 2300 2413 2336 ι
2453 2284 2815 2356 Congrcgavit
2843 2286 2911 2341 de
2941 2286 3074 2343 foris
3098 2289 3461 2346 substantiam
3522 2307 3678 2348 suam

2103 2385 2226 2442 quae
2244 2371 2471 2431 habitat.
2504 2392 2522 2425 »
2574 2373 2619 2428 Ο
2670 2375 2763 2430 Dei
2795 2376 3068 2442 notitiam,
3121 2394 3242 2449 qua;
3285 2382 3344 2435 in
3374 2382 3566 2437 electis
3584 2383 3684 2439 ha-

2103 2463 2259 2528 bitat,
2283 2478 2350 2519 ex
2380 2465 2544 2519 rebus
2582 2465 3004 2522 admirabilibus
3057 2472 3431 2541 creaturisque
3457 2481 3508 2528 te
3563 2489 3685 2530 esse

2103 2556 2459 2626 percipimus.
2505 2555 2747 2612 Ecclesia
2817 2573 3035 2629 quoque
3088 2561 3315 2629 deforis,
3348 2563 3452 2620 hoc
3476 2572 3562 2619 est
3615 2580 3683 2621 ex

2103 2645 2373 2714 gentibus,
2400 2653 2721 2717 congregata
2751 2655 2851 2702 est.

2180 2814 2355 2871 v.25.
2394 2835 2413 2869 ι
2437 2816 2504 2871 Et
2524 2832 2788 2888 pascuum
2818 2819 2940 2890 ejus
2973 2820 3042 2876 ad
3078 2821 3428 2897 solitudinem
3458 2825 3686 2898 redege-

2106 2913 2252 2960 runt.
2293 2925 2313 2957 ι
2345 2904 2500 2971 Quod
2529 2908 2583 2960 in
2617 2907 2721 2963 {ide
2776 2909 3105 2981 optimisque
3160 2911 3425 2970 doctrinis
3452 2916 3687 2975 enutriri

2107 3012 2218 3050 non
2250 2996 2430 3051 sinanl
2467 2998 2589 3051 ενοι
2612 2998 2679 3053 ad
2730 2998 3160 3056 internecionem
3197 3004 3557 3074 ‘perimentes.
3600 3005 3687 3061 vel

2035 3078 2077 3132 (ἶ
2114 3089 2179 3145 ad
2207 3077 2480 3144 idolorum
2513 3092 2717 3146 cultum
2749 3094 3160 3164 compellentes.

2745 3219 2902 3276 CAP.
2948 3222 3051 3301 x1.

2184 3349 2247 3404 ν.
2289 3351 2342 3404 5.
2375 3368 2393 3400 ι
2422 3350 2548 3406 nec
2569 3351 2700 3407 dicit
2735 3350 2996 3409 Dominus
3022 3370 3036 3408 :
3062 3352 3379 3414 Maledictus
3404 3360 3567 3416 homo
3595 3362 3690 3432 qui

2114 3455 2223 3495 non
2271 3441 2455 3495 audiet
2512 3443 2701 3508 verba,
2727 3453 2835 3499 etc.
2873 3463 2893 3497 ι
2944 3445 3088 3504 Deus
3134 3449 3428 3518 maledicit,
3465 3453 3560 3510 sed
3597 3455 3690 3523 qui

2116 3531 2329 3586 divinas
2385 3533 2906 3607 praztergrediuntur
2976 3537 3141 3609 leges,
3193 3540 3298 3597 sibi
3357 3541 3490 3611 ipsis
3542 3543 3692 3599 diras

2116 3624 2415 3680 attrahunt.
3064 3623 3068 3627 ’

2189 3716 2254 3771 V.
2278 3718 2332 3772 5.
2372 3737 2391 3770 ι
2432 3718 2692 3775 Daturum
2717 3736 2807 3777 me
2830 3722 2915 3778 eis
2950 3730 3153 3779 terram
3180 3721 3442 3783 ﬂuentem
3471 3724 3612 3783 lacte
3633 3734 3691 3783 et

2120 3808 2300 3863 melle.
2334 3826 2353 3860 ι
2391 3807 2448 3862 Si
2477 3809 2758 3865 historiam
2812 3818 3046 3882 spectes,
3070 3805 3442 3879 Palaestinam;
3474 3813 3521 3868 si
3565 3828 3698 3869 seu-

2122 3915 2262 3966 sum,
2288 3901 2611 3970 Ecclesiam,
2664 3919 2786 3973 quae
2830 3904 2970 3959 lacte
3011 3913 3162 3974 potat
3220 3913 3467 3961 recenter
3513 3915 3692 3973 natos,

2119 3994 2229 4049 mel
2253 4009 2381 4050 vero
2408 3994 2477 4050 iis
2501 3996 2593 4051 dat
2615 3997 2708 4067 qui
2745 3996 3089 4068 perfectioris
3135 3997 3436 4069 disciplinae
3477 4009 3694 4071 gustum

2119 4088 2328 4144 “habere
2366 4097 2619 4158 possunt.
2675 4127 2683 4133 .
2982 4079 2990 4086 ’
3104 4132 3111 4137 μ

2199 4195 2217 4228 ι
2248 4176 2403 4233 Sicut
2427 4186 2509 4233 est
2536 4178 2652 4233 dies
2680 4178 2815 4234 haec.
2861 4176 2928 4235 Et
2960 4177 3240 4249 respondi,
3288 4185 3345 4232 et
3373 4175 3487 4232 dixi
3515 4194 3528 4232 :
3555 4174 3694 4243 Fiat,

2125 4268 2408 4325 Domine.»
2429 4270 2603 4337 Diem,
2621 4286 2727 4340 qua
2745 4269 2887 4325 Deus
2916 4271 3239 4326 mortalibus
3262 4269 3534 4343 apparuit,
3555 4283 3698 4340 pra-

442 4384 536 4440 ρος
565 4368 593 4420 ό
625 4368 915 4438 προφήτης
948 4365 1247 4436 προὸλέπει
1274 4407 1289 4432 ,
1316 4365 1437 4420 καθ’
1466 4366 1533 4438 ἢν
1573 4365 1750 4421 ταῦτα
1788 4370 1900 4430 τοῖς
1932 4384 2011 4418 πι-

2118 4359 2275 4441 νίᾱει
2301 4362 2595 4432 propheta,
2625 4376 2731 4433 qua
2758 4361 2876 4417 haec
2903 4361 3153 4419 fidelibus
3179 4362 3380 4418 tributa
3410 4370 3555 4417 sunt.
3569 4360 3701 4427 Quae

445 4459 592 4525 στοϊς
648 4458 899 4521 δέδοται,
957 4460 1024 4531 ἢν
1078 4457 1172 4512 καὶ
1225 4457 1517 4529 εὐχόμενος
1571 4458 2015 4530 παραγενέσθαι,

445 4552 603 4621 φησί,
630 4550 901 4615 Γέγοιτο,
935 4549 1135 4617 Κύριε.
1567 4610 1573 4621 ⁸

527 4663 545 4697 ι
578 4642 789 4715 Εθρέθη
828 4641 1129 4712 σύνδεσμος
1165 4642 1224 4694 ὲν
1269 4641 1529 4713 ἀνδράσιν
1568 4640 1755 4695 Ἰούδα.
1802 4660 1821 4693 ι
1874 4641 2020 4711 Συμ-

447 4731 625 4803 φωνία
659 4733 875 4786 πάντων
904 4729 999 4801 ἐπὶ
1018 4728 1079 4782 τὸ
1103 4732 1308 4801 χεῖρον.

527 4843 546 4876 ι
585 4824 652 4877 Τί
701 4825 736 4895 ἡ
775 4820 1153 4892 ἡγαπημένης
1186 4840 1211 4873 ›
1261 4821 1410 4875 Ἀντὶ
1442 4819 1560 4887 τοῦ,
1590 4819 1773 4892 Πῶςὴ
1807 4821 2026 4891 ἠγαπη-

452 4915 591 4989 μένη
610 4935 626 4985 ;

527 5026 547 5061 ι
594 5008 818 5063 Ἐλαίαν
852 5006 1078 5079 ὡραίαν,
1112 5004 1330 5059 εὔσκιον
1378 5003 1455 5075 τῷ
1498 5003 1652 5058 εἴδει.
1683 5021 1702 5054 ι
1733 5003 1863 5055 Ὅτε
1901 5002 2026 5064 τοὺς

451 5101 804 5172 πατριάρχας
838 5087 1203 5170 ἐκλεξάμενος
1233 5095 1552 5166 ἐφύτευσεν.

533 5212 551 5245 ι
587 5193 679 5255 Ei;
733 5190 920 5262 φωνὴν
968 5188 1275 5261 περιτομῆς
1302 5187 1495 5257 αὐτῆς,
1532 5183 1747 5255 ἀνήφθη
1798 5184 1907 5254 πῦρ
1941 5183 2026 5236 ἐπ’

451 5285 647 5355 αὐτὴν,
684 5283 897 5355 μεγάλη
930 5284 963 5353 ή
995 5281 1175 5351 θλίψις
1202 5283 1295 5333 ἐπὶ
1324 5282 1405 5332 σε.
1450 5298 1468 5331 ι
1509 5278 1664 5344 Ὅτε,
1699 5277 1889 5347 φησὶν,
1922 5276 2029 5329 ἔδει

448 5374 916 5448 καλλιεργηθῆναι
953 5374 1052 5445 τὴν
1092 5371 1445 5442 Συναγωγὴν,
1477 5370 1599 5423 τότε
1628 5370 1798 5441 πυρὸς
1830 5370 2030 5440 ἑαυτὴν

450 5466 612 5537 ἀξίαν
647 5469 1012 5537 κατέστησεν·
1073 5464 1183 5518 ἔδει
1243 5465 1298 5517 δὲ
1350 5463 1519 5535 αὐτὴν
1570 5461 2032 5535 καλλιεργηθῆναι

452 5564 513 5616 ὲν
541 5564 609 5632 τῇ
637 5559 913 5632 παρουσίᾳ
945 5556 1041 5611 τοῦ
1077 5556 1339 5628 Χριστοῦ.

531 5655 791 5727 ι’Κύριε,
840 5651 1110 5721 γνὼρισόν
1167 5667 1279 5722 μοι,
1329 5650 1424 5704 καὶ
1473 5651 1778 5719 γνώσομαι.
1815 5667 1834 5702 ι
1871 5648 2033 5702 Θείαν

696 5749 969 5808 Panos.
1007 5744 1125 5805 Gn.
1172 5741 1393 5807 XCIII.

2124 4462 2185 4506 ut
2208 4452 2460 4509 adveniat
2476 4454 2813 4526 supplicibus
2830 4455 3013 4511 verbis
3041 4455 3383 4526 deprecatur,
3412 4455 3699 4528 inquiens:

2124 4539 2274 4609 Fiat,
2311 4544 2550 4605 Domine.

2195 4632 2259 4688 V.
2289 4620 2339 4689 9.
2372 4652 2390 4686 ι
2432 4633 2656 4689 Inventa
2684 4641 2768 4690 est
2796 4634 3067 4707 colligatio
3093 4635 3151 4691 in
3178 4635 3480 4692 virisluda.
3522 4655 3541 4688 ι
3562 4633 3708 4690 Con-

2129 4736 2250 4776 cors
2278 4723 2523 4789 omnium
2545 4725 2760 4781 animus
2784 4725 2852 4781 ad
2887 4726 3111 4782 malum.

2200 4812 2378 4869 v.15.
2406 4832 2426 4865 ι
2459 4814 2602 4879 Quid
2632 4817 2872 4874 dilecta?
2905 4818 3061 4878 »Ηοο
3084 4830 3188 4886 est,
3229 4821 3477 4887 Quanam
3502 4819 3710 4875 ratione

2129 4919 2250 4974 qua:
2275 4904 2413 4960 mihi
2444 4906 2643 4967 dilecta
2672 4909 2791 4964 est?

2202 4994 2268 5049 ν.
2290 4994 2375 5050 16.
2402 5016 2420 5048 ι
2441 4996 2651 5055 Olivam
2673 5001 2984 5071 pulchram.
3014 5002 3155 5057 bene
3181 5016 3458 5071 opacam.»
3481 4998 3712 5065 Quando

2132 5089 2473 5160 patriarchas
2503 5092 2708 5167 eligens
2754 5094 3036 5166 plantavit.

2207 5199 2227 5232 ι
2254 5182 2337 5237 Ad
2392 5197 2581 5237 vocem
2638 5185 3070 5242 circumcisionis
3143 5184 3263 5252 ejus
3325 5197 3589 5238 accensus
3632 5192 3717 5236 est

2134 5276 2272 5350 ignis
2294 5289 2458 5346 super
2488 5290 2641 5330 eam:
2678 5293 2873 5355 magna
2897 5276 3173 5333 tribulatio
3200 5289 3365 5345 super
3387 5284 3460 5329 te.
3492 5292 3511 5326 ι
3573 5273 3712 5330 Cum

2134 5384 2272 5439 opus
2303 5376 2439 5435 erat,
2469 5368 2669 5437 inquit,
2694 5370 2872 5424 excoli
2909 5368 3270 5441 Synagogam,
3295 5375 3425 5423 tunc
3446 5368 3576 5441 igne
3627 5367 3714 5425 di-

2135 5476 2293 5531 gnam
2320 5476 2379 5517 se
2402 5460 2658 5534 praestitit
2685 5478 2698 5514 :
2726 5459 3023 5533 excolepda
3054 5474 3221 5531 porro
3249 5458 3447 5516 eratin
3480 5459 3717 5515 adventu

2137 5551 2363 5607 Christi.
2656 5612 2659 5615 _

2214 5642 2279 5698 ν.
2315 5642 2434 5699 18.ι
2467 5642 2937 5713 Βοωίοο,κηοιιιω
2957 5643 3043 5700 fac
3066 5642 3298 5709 mihi,et
3318 5653 3663 5715 cognoscam.
3694 5655 3714 5689 ι

3326 5736 3400 5797 21
