4122 6210
493 227 589 296 551

1570 204 2084 272 OLYMPIODORI
2147 197 2676 261 ALEXANDBINI

3643 180 3753 245 652

492 336 743 394 ltevelari
762 335 868 392 sibi
899 333 1163 390 divinitus
1212 327 1347 400 petit
1373 335 1430 381 et
1470 338 1592 394 qua:
1620 323 1690 377 ad
1737 335 1818 385 se,
1851 327 1906 374 et
1951 331 2071 387 quin

2201 310 2517 379 ιποκάλυψιν
2548 307 2693 361 αἰτεῖ
2722 302 2910 359 λαϐεῖν
2959 300 3088 371 περί
3135 314 3193 351 τε
3240 295 3348 353 τῶν
3379 293 3501 349 καθ’
3536 293 3755 362 ἐαυτὸν,

492 430 555 483 ad
583 428 859 484 Christum
899 424 1153 479 attinent.

566 524 632 578 ν.
671 522 752 576 19.
791 538 808 571 ι
839 516 952 587 Ego
986 522 1169 569 autem
1221 508 1373 580 quasi
1404 522 1580 578 agnus
1604 506 1891 559 innocens.
1926 518 1944 551 ι
2003 497 2075 554 Ut

495 629 641 668 emm
675 609 793 664 ovis
816 607 884 661 ad
907 603 1242 659 occisionem
1268 601 1465 655 ductus
1486 604 1574 651 est
1629 595 1917 659 Dominus,
1983 604 2072 644 se-

497 704 737 762 cundum
771 700 961 753 Isaiam
987 698 1031 749 ¹.
1062 695 1179 750 Non
1217 692 1435 747 restitit.
1468 709 1484 741 ι
1511 688 1628 743 Non
1669 687 1815 743 enim
1848 697 2077 739 concer-

499 796 656 859 talzlt,
686 793 779 857 ait,
817 805 918 844 nec
944 783 1290 847 exclamabit,
1306 792 1411 835 nec
1436 778 1772 849 intelligetur
1806 774 1952 829 foras
1975 788 2077 826 vox

497 890 616 949 eius
632 888 669 939 ³.
685 905 702 938 3

584 998 604 1031 ι
636 977 913 1030 Mittamus
948 971 1172 1041 lignum.
1212 985 1267 1035 ι,
1309 964 1388 1017 Ad
1444 961 1766 1031 prophetam
1838 954 2080 1026 quidem,

501 1071 725 1127 herbam
773 1063 1062 1135 quamdam
1100 1058 1381 1118 lethalem,
1429 1064 1489 1107 ut
1530 1050 1823 1106 comedens
1875 1043 2085 1115 magnis

506 1133 808 1232 urgeretuc
831 1152 1131 1208 doloribus.
1175 1149 1248 1202 At
1279 1144 1536 1217 pretiosae
1577 1140 1727 1196 cruci
1757 1151 1954 1209 panem
2003 1133 2085 1189 af-

504 1251 743 1306 fixeruut
782 1247 932 1300 vitae.

582 1358 600 1391 ι
634 1340 702 1394 Et
734 1345 1047 1391 exteramus
1082 1345 1206 1385 eum
1272 1327 1341 1382 de
1374 1335 1527 1380 terra
1560 1320 1882 1383 viventium,
1912 1327 1968 1371 et
1988 1329 2089 1370 no--

507 1445 630 1485 nten
660 1427 779 1496 ejus
804 1440 911 1478 non
941 1428 1273 1476 memoretur
1300 1414 1553 1485 amplius.
1594 1431 1612 1462 ι
1640 1410 1773 1465 Vide
1819 1415 1877 1462 ut
1898 1415 1953 1462 et
1986 1419 2091 1460 no-

511 1535 636 1576 men
666 1494 787 1586 cius
808 1512 1154 1581 exstinguere
1185 1505 1425 1575 cupiant,
1458 1516 1527 1557 ne
1544 1494 2091 1566 memoriamquidem

515 1609 687 1680 ipsius
712 1611 927 1660 exstare
946 1600 1212 1657 volentes.
1243 1595 1377 1650 Nam
1413 1609 1522 1649 non
1553 1599 1764 1647 tantum
1822 1588 2091 1648 viventes,

516 1660 611 1755 ε.ᾌά
641 1706 695 1753 et
714 1694 913 1751 mortui
940 1691 1072 1765 justi
1101 1702 1293 1762 graves
1314 1693 1453 1741 .sunt
1483 1678 1879 1755 peccatoribus.
1896 1674 2090 1730 Viden’
2125 1660 2164 1716 Β
2191 1681 2317 1765 τας,

514 1800 572 1845 ιιι
602 1788 845 1843 Herodes
866 1784 1031 1840 etiam
1054 1780 1265 1835 Joanne
1300 1782 1584 1847 perempto
1634 1770 1811 1825 adhuc
1840 1765 1991 1822 illum
2023 1765 2090 1820 ti-

515 1891 687 1935 meret
719 1876 873 1948 quasi
900 1875 1177 1931 viventem
1211 1869 1269 1922 ‘?
1292 1867 1530 1923 Tantum
1568 1865 1712 1919 valet
1744 1862 1940 1924 virtus,
1974 1864 2093 1912 tan—

515 1981 632 2028 tum
661 1969 901 2039 nequitia
939 1966 1111 2020 :adeo
1147 1962 1333 2016 timida
1366 1969 1421 2016 et
1465 1960 1584 2015 vilis
1641 1957 1746 2012 ista
1803 1969 1907 2017 res,
1956 1952 2093 2008 adeo

515 2062 673 2118 fortis
693 2060 782 2113 illa
804 2067 860 2113 et
898 2054 1160 2110 libertatis
1187 2052 1367 2123 plena.

588 2242 651 2297 V.
678 2239 768 2301 9.0,
795 2258 814 2290 ι
853 2237 934 2292 Ad
985 2246 1037 2291 te
1080 2233 1313 2289 revelari
1357 2227 1802 2301 justifieationem
1836 2238 2034 2279 meam.
2070 2238 2089 2273 ι

2174 406 2268 458 καὶ
2306 403 2415 456 τῶν
2443 402 2538 455 ἐπὶ
2564 399 2658 454 τοῦ
2690 396 2963 452 Δεσπότου
2994 388 3255 464 Χριστοῦ.

2250 514 2268 546 ι
2307 493 2450 563 Ἐγὼ
2478 493 2535 546 δὲ
2569 491 2644 555 ώς
2671 489 2861 561 ἀρνίον
2885 487 3117 541 ἄκακον.
3156 501 3177 536 ι
3224 482 3313 544 Ὠς
3338 481 3449 551 γὰρ
3478 478 3756 551 πρόϐατον

2177 587 2271 640 ἐπὶ
2301 584 2518 655 σφαγὴν
2546 581 2688 654 ἤχθη
2723 583 2750 633 ὀ
2776 578 3008 649 Κύριος,
3039 574 3181 628 κατᾶ
3214 571 3309 624 τὸν
3346 570 3598 623 Ἡσαΐαν.
3640 569 3758 622 Οὐκ

2176 679 2434 747 ἀντέστη.
2470 694 2488 728 ι
2515 676 2589 729 Οὐ
2642 674 2753 744 γὰρ
2795 669 2990 742 ἐρίσει,
3021 666 3208 737 φησὶν,
3241 662 3363 717 οὐδέ
3420 661 3748 732 κραυγάσξι,

2177 771 2299 824 οὖδέ
2332 766 2741 838 ἀκουσθήσεται
2768 759 2873 826 ἔξω
2897 761 2930 830 ἡ
2958 757 3111 828 φωνὴ
3146 752 3336 809 αὐτοῦ.
3376 771 3394 804 3

2260 965 2277 997 ι
2325 942 2688 1015 Ἐμὸἀλωμεν
2719 938 2899 1007 ξύλον.
2935 955 2955 988 ι
2994 933 3139 1006 Πρὸς
3179 930 3280 1003 μὲν
3310 929 3402 982 τὸν
3445 926 3760 999 προφήτην,

2188 1037 2422 1108 βοτάνην
2461 1035 2585 1087 τινὰ
2627 1031 2951 1099 θανάσιμον,
2995 1027 3087 1080 ἵνα
3129 1022 3327 1078 ἐσθίων
3356 1021 3635 1075 ὀδυνάται.
3673 1015 3764 1090 Τῷ

2184 1132 2239 1182 δὲ
2267 1128 2436 1198 τιμίῳ
2463 1122 2682 1194 σταυρῷ
2722 1122 2813 1175 τὸν
2845 1122 3008 1192 ἄρτον
3036 1117 3136 1185 τῆς
3163 1115 3309 1185 ζωῆς
3344 1110 3633 1181 ἐνέπηξαν.

2262 1321 2280 1355 ι
2320 1303 2431 1356 Καὶ
2460 1296 2808 1368 ἐκτρίψωμεν
2832 1292 2994 1348 αὐτὸν
3023 1289 3133 1346 ἀπὸ
3160 1287 3267 1358 γῆς
3301 1284 3545 1353 ζώντων,
3580 1283 3676 1338 καὶ
3702 1281 3765 1337 τδ

2189 1395 2363 1464 ονομα
2385 1390 2553 1446 αὑτοῦ
2576 1390 2636 1442 οὐ
2673 1387 2750 1460 μή
2782 1384 2996 1457 μνησθῇ
3029 1381 3237 1435 οὐκέτι.
3272 1396 3291 1429 3
3332 1377 3477 1449 Ὅρα
3517 1376 3635 1439 πῶς
3672 1375 3768 1427 καὶ

2190 1483 2479 1555 ἀνώνυμον
2519 1480 2693 1537 αὐτὸν
2731 1480 2962 1548 ποιῆσαι
3022 1474 3305 1535 θέλουσιν,
3356 1468 3482 1524 οὐδὲ
3544 1468 3768 1539 μνήμην

2191 1576 2318 1629 τινὰ
2349 1570 2517 1626 αὑτοῦ
2562 1565 2703 1625 εἶναι
2731 1566 3069 1640 βουλόμενοι.
3096 1563 3172 1617 Οὐ
3206 1562 3319 1631 γὰρ
3347 1560 3414 1632 δὴ
3445 1558 3603 1630 μόνον
3630 1557 3770 1624 ζῶν-

2359 1662 2497 1717 ἀλλά
2541 1660 2639 1715 καὶ
2682 1659 3118 1728 τελευτήσαντας
3159 1651 3487 1723 βαρύνονται
3526 1649 3655 1714 τοὺς
3691 1649 3772 1703 δι-

2188 1755 2385 1828 καίους
2450 1752 2502 1807 οἱ
2567 1748 2908 1824 ἁμαρτωλοί.
2965 1745 3128 1817 Ὁρᾷς
3192 1741 3464 1814 Ἡρώδην,
3504 1740 3623 1804 πῶς
3676 1738 3771 1795 τὸν

2205 1848 2464 1915 Ἰωάννην
2494 1841 2723 1905 ἀνελὼν,
2752 1840 2826 1904 ὡς
2859 1837 3061 1904 ζῶντος
3090 1832 3235 1905 εἶχεν
3267 1836 3326 1888 ἐν
3352 1831 3536 1903 ἐαυτῷ
3571 1829 3769 1901 φόσον;

2190 1936 2448 1993 τοσοῦτόν
2474 1937 2628 1989 ἐστιν
2662 1931 2857 2006 ἀρετὴ,
2887 1927 3146 1983 τοσοῦτον
3178 1922 3565 1991 κακία,οὖτως
3588 1922 3774 1991 ἐκείνη

2191 2030 2341 2101 δειλὴ
2378 2028 2472 2082 καὶ
2509 2025 2799 2095 ἄνανδρος,
2828 2021 2951 2096 [ἀλ.
2981 2018 3158 2073 δειλὸν
3194 2017 3291 2071 καὶ⁵
3316 2012 3626 2086 ἀνανδρον,]
3676 2011 3775 2067 οὔ·

2190 2140 2297 2187 τως
2326 2120 2466 2192 αὕτη
2497 2117 2722 2189 ἀνδρεία
2757 2114 2853 2169 καὶ
2880 2108 3440 2184 πεπαρρησιασμένη.

2270 2231 2287 2265 ι
2324 2211 2466 2283 Πρὸς
2497 2209 2556 2262 σὲ
2583 2203 2913 2274 ἀπεκάλυψα
2940 2200 3313 2275 τίλδικαίωμά
3343 2214 3467 2269 μου.
3502 2213 3522 2248 3
3561 2193 3776 2250 Λοιὸοο

429 2340 453 2362 ‘
519 2336 650 2390 Cum
679 2332 826 2386 enim
889 2328 1314 2389 maledicerctttr,
1360 2338 1461 2374 non
1514 2316 1938 2390 rentalediceltat,
1978 2329 2096 2367 cum

2201 2304 2481 2373 ρούμενος
2536 2300 2646 2370 γὰρ
2693 2300 2805 2353 οὐκ
2858 2292 3261 2360 ἀντελοιδόρει
3287 2331 3303 2358 ,
3359 2288 3616 2359 πάσχων
3660 2288 3777 2342 οὐκ

519 2435 806 2495 pateretur,
844 2437 944 2474 non
970 2415 1411 2479 comminabatur,
1442 2428 1496 2465 se
1540 2419 1717 2464 autent
1759 2380 1903 2477 jusie
1949 2404 2097 2475 judi-

486 2564 501 2575 .
521 2516 663 2571 canti
687 2512 980 2583 pru'bebat,
1014 2510 1167 2579 juxta
1200 2505 1442 2560 divinum
1469 2501 1772 2571 apostolum
1797 2499 1840 2552 ⁸.

596 2604 659 2660 ν.
685 2604 774 2658 23.
812 2620 830 2653 ι
869 2600 1045 2669 Super
1072 2596 1403 2650 habitatores
1460 2590 1716 2644 Anatbot.
1749 2606 1768 2640 ι
1812 2583 2099 2657 Propheta:

524 2696 692 2761 cives,
723 2692 815 2764 qui
849 2692 1012 2744 etiam
1039 2686 1117 2742 illi
1145 2684 1430 2742 struebant
1460 2681 1709 2735 insidias.

1157 2818 1315 2875 CAP.
1346 2815 1462 2871 ΧΠ.

596 2943 737 3001 v.1.
773 2959 790 2992 ι
828 2939 1016 2995 Justus
1048 2950 1129 3001 es,
1160 2931 1387 2988 Domine
1413 2947 1428 2984 :
1458 2930 1583 2999 quia
1613 2928 1939 2985 satisfaciam
1978 2924 2096 2981 tibi.

2194 2395 2430 2462 ἠπείλει
2456 2408 2472 2423 ·
2543 2389 2870 2459 παρεδίδου
2930 2387 2999 2442 δὲ
3051 2385 3133 2453 τῷ
3172 2384 3443 2454 κρίνοντι
3498 2379 3773 2446 δικαίως,

2195 2488 2340 2543 κατά
2366 2487 2457 2540 τὸν
2491 2484 2638 2555 ἱερὸν
2666 2480 2987 2538 ἀπόστολον.

2271 2599 2290 2632 ι
2334 2579 2460 2631 Ἐπὶ
2508 2576 2638 2639 τοὺς
2693 2572 3087 2634 κατοικοῦντας
3139 2570 3197 2623 ἐν
3245 2565 3515 2621 Ἀναθὼθ.
3567 2581 3588 2616 3
3635 2564 3775 2628 Τοὺς

2199 2670 2420 2733 πολίτας
2441 2667 2537 2722 τοῦ
2565 2668 2871 2738 προφήτου,
2897 2662 2947 2718 οἲ
2971 2661 3068 2716 καὶ
3096 2659 3461 2714 ἐπεσούλευον
3495 2656 3665 2728 αὐτῷ.

2780 2796 3033 2851 ΚΕΦΛΔ.
3074 2790 3178 2849 ω’.

2287 2936 2305 2970 ι
2334 2915 2554 2978 Δίκαιος
2594 2909 2681 2981 εἴ,
2712 2911 2917 2983 Κύριε,
2948 2910 3030 2964 ὅτι
3068 2905 3481 2979 ἀπολογήσομαι
3515 2904 3652 2976 πρὸς
3689 2903 3775 2959 σέ.

527 3034 934 3090 Verumtamen.
977 3048 996 3080 3
1032 3026 1178 3092 Seio,
1204 3025 1298 3087 ait,
1342 3032 1394 3077 te
1432 3022 1637 3091 justum
1660 3034 1802 3084 esse,
1830 3018 1925 3073 sed
1977 3018 2102 3071 re.|-

2208 3011 2378 3081 Πλήν.
2413 3027 2431 3061 3
2470 3005 2620 3072 Οἶδα,
2656 3006 2844 3076 φησὶν,
2870 3003 2952 3056 ὃτι
2992 3001 3202 3063 δίκαιος
3232 2993 3309 3052 εῐ·
3352 2997 3511 3066 λόγον
3552 2996 3610 3049 δὲ
3640 2995 3779 3050 ἀπο-

529 3123 721 3179 dendae
758 3119 985 3176 rationis
1037 3117 1147 3173 vim
1189 3116 1244 3169 in
1293 3112 1400 3168 tuis
1441 3111 1663 3183 judiciis
1706 3109 1953 3179 exquiro.
2007 3106 2104 3162 Vel

530 3214 611 3269 sic
642 3232 654 3266 :
682 3210 824 3276 Tibi,
859 3204 1264 3277 Domine,quod
1290 3205 1472 3273 justus
1489 3202 1584 3266 sis,
1608 3200 1743 3255 mihi
1771 3198 2106 3271 praemitten-

532 3299 693 3364 dum;
723 3296 919 3353 deinde
950 3310 1127 3377 causa;
1156 3294 1449 3349 dubiorum
1472 3290 1829 3362 inquirendae.

611 3496 630 3530 ι
659 3475 803 3543 Quid
857 3482 943 3529 est
992 3471 1136 3543 quod
1184 3470 1271 3525 via
1330 3467 1622 3543 impiorum
1650 3464 2042 3539 prosperatur?
2083 3482 2102 3516 3

535 3542 696 3622 Nosti
719 3565 867 3637 quod
893 3542 1239 3631 noninvidia
1293 3567 1473 3613 metus
1496 3542 1712 3628 loquor,
1759 3554 1854 3609 sed
1887 3552 2110 3624 perqui-

536 3673 688 3713 I'CIIS.

613 3746 674 3803 V.
706 3746 762 3803 2.
800 3766 818 3800 I
854 3743 1116 3801 Plantasti
1144 3756 1259 3798 eos.
1307 3759 1327 3793 3
1381 3739 1499 3795 Hoc
1528 3748 1634 3805 est,
1662 3735 1948 3794 condidisti
1995 3750 2107 3801 eos,

536 3851 596 3896 ut
624 3841 866 3896 omnium
891 3837 1092 3909 opifex,
1149 3849 1270 3900 nec,
1324 3847 1450 3887 cum
1475 3831 1880 3901 delinquerent,
1945 3826 2111 3883 excisi

536 3940 684 3987 sunt.

612 4042 631 4072 ι
670 4021 843 4089 Prope
874 4034 935 4074 es
967 4026 1023 4073 tu
1051 4017 1134 4073 ori
1163 4031 1377 4081 eorum,
1431 4020 1485 4069 et
1516 4012 1675 4083 longe
1710 4025 1739 4065 a
1768 4008 1990 4065 renibus
2018 4022 2114 4063 eo-

542 4127 683 4165 rum.
720 4129 739 4162 3
768 4109 945 4173 Nosti,
976 4109 1076 4173 ait,
1105 4107 1252 4177 quod
1281 4104 1679 4168 labiisJantum
1738 4109 1790 4154 te
1823 4100 2140 4162 bonorant,~

541 4217 644 4256 nec
666 4216 762 4256 eos
800 4199 1186 4254 afﬂictionibus
1210 4210 1454 4261 exerces,
1478 4203 1540 4249 ut
1581 4191 1853 4264 profunda
1911 4188 2115 4246 mentis

538 4310 727 4348 eorum
757 4293 976 4362 probes.

615 4383 682 4437 ν.
717 4385 771 4438 '5.
806 4402 825 4433 ι
856 4379 1088 4436 Puriliea
1110 4393 1205 4434 eos
1228 4378 1285 4432 in
1315 4378 1402 4433 die
1431 4377 1742 4432 occisionis.
1784 4392 1802 4426 3
1842 4372 1962 4428 Non
1994 4371 2114 4428 illos

542 4472 894 4543 imprecando
926 4471 1044 4525 haec
1067 4469 1220 4533 dicit,
1266 4467 1361 4523 sed
1386 4476 1537 4522 certe
1584 4465 1785 4525 sciens.
1820 4463 1959 4529 illos,
2016 4462 2118 4517 etsi

545 4563 721 4624 tarde.
749 4575 939 4632 pmnas
966 4570 1147 4615 tamen
1173 4558 1397 4613 omnino
1416 4558 1661 4612 daturos.
1691 4554 1828 4610 Illud
1852 4568 2000 4620 vero,
2018 4569 2119 4623 pu-

546 4653 897 4722 riﬁca,valet
920 4652 1063 4707 idem
1092 4651 1259 4721 quod,
1324 4649 1594 4718 Praepara,
1638 4655 1699 4701 ut
1754 4647 1809 4702 in
1865 4655 2117 4718 promptu

542 4748 674 4813 sint,
705 4747 861 4816 quasi
895 4745 1082 4800 hostia:
1120 4742 1484 4799 immolandaa.

613 4837 678 4894 V.
712 4839 765 4894 4.
800 4857 818 4890 ι
858 4838 1041 4892 Deleta
1073 4846 1202 4892 sunt
1230 4836 1477 4905 iumenta
1505 4839 1561 4887 et
1585 4830 1843 4885 volatilia.
1887 4848 1906 4882 3
1931 4828 2014 4885 Ob
2036 4829 2118 4884 in-

540 4936 937 4992 fecunditatem
972 4942 1155 4987 terr-.e.
1180 4928 1388 4982 Sensus
1437 4932 1620 4979 autem
1673 4921 2005 4976 eritzBruta
2063 4930 2120 4977 et

543 5025 807 5088 volatilia,
845 5021 1097 5077 homines
1123 5024 1538 5079 evanescentes,
1568 5014 1659 5083 qui
1690 5012 1788 5068 etsi
1810 5012 2117 5069 coalestium

544 5116 819 5172 desiderio
889 5120 1213 5176 teneantur,
1285 5125 1315 5163 a
1373 5106 1608 5162 terrenis
1662 5112 1840 5160 tamen
1897 5120 2006 5159 non
2059 5118 2120 5159 se

541 5207 805 5262 avellunt.

612 5298 678 5353 ν.
710 5300 762 5353 5.
803 5318 821 5351 ι
859 5298 960 5353 Tui
983 5297 1149 5368 pedes
1185 5301 1434 5360 currunt,
1467 5303 1522 5349 et
1548 5292 1854 5349 dissolvunt
1882 5299 1954 5345 te.
1997 5288 2117 5344 »Διί

540 5399 834 5462 peccantes
872 5389 931 5444 fit
973 5390 1064 5444 hic
1112 5403 1298 5443 sermo
1330 5405 1343 5441 :
1374 5384 1671 5440 Curreutes
1716 5382 1885 5447 enim,
1920 5379 2018 5449 ait,
2051 5380 2120 5436 ad

542 5481 704 5546 mala,
747 5496 947 5536 nervos
982 5481 1198 5536 virtutis
1232 5478 1554 5535 dissolvitis.

2143 4333 2191 4394 D

2170 3178 2175 3181 _
2203 3101 2395 3168 λογίας
2426 3097 2519 3153 ἐπὶ
2546 3097 2657 3150 τῶν
2697 3093 2805 3148 σῶν
2839 3091 3124 3163 κριμάτων
3155 3088 3419 3159 ἐπιζητῶ.
3438 3088 3528 3175 ,Ἢ
3563 3087 3661 3141 καὶ
3686 3084 3783 3140 οὖ-

2205 3167 2350 3258 τωίςο
2379 3192 2502 3263 Χρὴ
2537 3206 2606 3262 με
2648 3188 2919 3261 πρότερον
2952 3181 3402 3254 ἀπολογήσασθαί
3438 3167 3547 3246 σοι,
3582 3179 3780 3252 Κύριε,

2208 3288 2290 3341 ὅτι
2325 3284 2537 3347 δίκαιος
2574 3279 2655 3347 εί,
2691 3278 2811 3333 εἷτα
2842 3278 3079 3349 ζητῆσαι
3114 3275 3223 3330 τῶν
3251 3272 3648 3345 ἀπορουμένων
3683 3275 3785 3341 τὴν

2158 3420 2165 3425 .
2207 3377 2412 3431 αἰτίαν.

2290 3487 2310 3521 ι
2358 3468 2424 3521 Τί
2460 3467 2542 3521 ὃτι
2586 3464 2708 3530 ὁδὸς
2751 3459 2965 3517 ἀσεϐῶν
3006 3457 3318 3526 εὐοδοῦταις
3355 3475 3375 3511 3
3404 3454 3568 3522 οἶδας
3603 3457 3686 3512 ὅτι
3720 3455 3784 3509 οὐ

2213 3554 2429 3625 φθονῶν
2454 3554 2625 3622 λαλῶ,
2652 3552 2770 3608 ἀλλ’
2801 3548 3047 3623 ἐρωτῶν.

2286 3749 2306 3785 ι
2347 3729 2684 3801 Ἕφύτιυσας
2719 3727 2939 3793 αὐτούς.
2979 3745 3000 3783 3
3027 3726 3177 3783 ’Δντὶ
3199 3723 3318 3794 τοῦ,
3345 3723 3788 3798 ἐδημιούργησας

2211 3824 2432 3889 αὐτοὺς,
2467 3822 2544 3887 ώς
2584 3821 2803 3877 πάντων
2852 3819 3109 3892 ποιητής,
3157 3820 3254 3873 καὶ
3300 3819 3406 3874 οὐκ
3445 3818 3789 3889 ἐξεκόπησαν

2212 3917 2646 3991 ἁμαρτάνοντες.

2290 4028 2309 4061 ι
2356 4005 2555 4076 Ἐγγῦς
2585 4000 2639 4060 τί
2681 4005 2748 4059 σὺ
2773 4002 2871 4058 τοῦ
2898 4002 3171 4077 στόματος
3208 4002 3418 4069 αὐτῶν,
3462 4001 3558 4058 καὶ
3596 4001 3791 4075 πόρρω

2212 4098 2323 4154 ἀπὸ
2348 4098 2459 4152 τῶν
2507 4096 2722 4168 νεφρῶν
2753 4094 2959 4153 αὐτῶν.
2998 4115 3019 4151 3
3051 4093 3215 4161 υίδας
3237 4137 3255 4165 ,
3286 4097 3474 4169 φησὶν,
3502 4097 3587 4151 ὅτι
3621 4097 3791 4166 μέχρι

2213 4190 2442 4262 χειλέων
2468 4189 2675 4261 τιμῶσί
2716 4205 2776 4244 σε
2798 4230 2813 4256 ,
2852 4190 2950 4244 καὶ
2989 4190 3090 4245 οὐκ
3113 4190 3341 4259 ἐπάγεις
3368 4190 3558 4252 αὐτοῖς
3585 4204 3788 4258 πειρα-
3814 4235 3831 4252 .,

2217 4258 2413 4353 Quae...
2441 4258 2544 4334 ενα-
2566 4279 2873 4353 δοκιμάσῃς
2917 4279 3099 4333 αὐτῶν
3125 4279 3189 4334 τὰ
3217 4258 3356 4349 βάθη
3399 4276 3497 4349 τῆς
3523 4276 3786 4339 διανοίας.

2292 4393 2311 4426 ι
2342 4368 2604 4443 ’Δγνισον
2627 4350 2837 4437 αὐτοὺς
2865 4373 2947 4436 εις
2975 4372 3189 4444 ἡμέραν
3224 4368 3455 4441 σφαγῆς.
3494 4386 3514 4420 3
3534 4367 3624 4421 Οὐ
3653 4384 3792 4421 κατε
3810 4350 3829 4365 ’

2214 4465 2510 4537 ευχόμενος
2543 4462 2724 4518 αὐτῶν
2748 4461 2909 4516 τοῦτό
2941 4478 3129 4532 φησιν,
3163 4460 3302 4515 ἀλλά
3332 4456 3780 4531 πληροφορούμεο

2213 4573 2326 4623 νος,
2356 4557 2441 4610 ὅτι
2482 4556 2535 4608 εί
2570 4554 2667 4607 καὶ
2692 4551 2883 4625 βραδὺ,
2918 4551 3059 4623 πλὴν
3089 4551 3210 4621 ήξει
3240 4552 3274 4622 ή
3307 4550 3554 4623 τιμωρία
3581 4549 3790 4612 αὐτοῖς.

2216 4649 2289 4702 Τὸ
2333 4648 2413 4714 δὲ,
2461 4646 2737 4717 ἅγνισον,
2789 4645 2912 4700 ἀντὶ
2965 4643 3095 4708 τοῦ,
3132 4641 3475 4714 Ἑτοίμασον,
3503 4636 3507 4641 ”
3535 4638 3792 4711 εὐτρέπιι-

2219 4757 2334 4808 σον,
2366 4740 2440 4803 ώς
2462 4741 2556 4792 ἐπὶ
2582 4738 2690 4793 τῶν
2724 4738 3032 4811 μελλόντων
3058 4735 3306 4792 θύεσθαι.

2297 4851 2317 4885 ι
2362 4831 2773 4901 Ἥφανίσθησαν
2820 4831 2991 4901 κτήνη
3046 4832 3140 4884 καὶ
3192 4825 3442 4882 πετεινά.
3477 4843 3497 4879 ι
3547 4824 3648 4878 Διά
3692 4822 3793 4894 τήν

2220 4923 2455 4997 ἀφορίαν
2492 4923 2592 4992 τῆς
2638 4923 2762 4994 γῆς.
2808 4924 2952 4994 Πρὸς
2994 4922 3052 4975 δὶ
3080 4921 3345 4987 διάνοιαν,
3390 4919 3565 4988 κτήνη
3598 4916 3666 4971 ἂν
3700 4915 3796 4969 καὶ

2225 5014 2455 5072 πετεινά
2484 5015 2686 5085 νοήσῃς
2724 5012 3164 5085 ἀφανιζομένους
3194 5009 3541 5083 ἀνθρώπους,
3565 5007 3676 5061 τῶν
3698 5005 3797 5077 μὲν

2219 5105 2492 5178 οὐρανίων
2520 5101 2942 5174 ἐπιθυμοῦντας,
2960 5102 3070 5157 τῶν
3095 5102 3152 5156 δέ
3178 5099 3438 5169 ἐπιγείων
3461 5097 3537 5170 μή
3566 5097 3797 5167 ἀφιστα-

2225 5200 2439 5272 μένους.
3426 5240 3429 5243 .

2298 5310 2320 5346 ‘
2357 5290 2459 5345 Σοῦ
2492 5289 2543 5342 οἶ
2583 5287 2747 5352 πόδες
2773 5285 3061 5358 τρέχουσι,
3088 5282 3185 5339 καὶ
3207 5281 3463 5337 ἐκλύουσι
3491 5296 3570 5334 σε.
3598 5297 3619 5330 3
3656 5277 3800 5349 Πρὸς

2224 5382 2353 5446 τοὺς
2384 5378 2801 5452 ἁμαρτάνοντας
2838 5378 2866 5430 ὁ
2895 5375 3054 5446 λόγος
3072 5389 3087 5407 ·
3119 5372 3420 5443 Τρέχοντες
3443 5370 3576 5442 γὰρ,
3612 5366 3801 5439 φησιν,

2230 5474 2322 5528 ἐπὶ
2348 5474 2418 5527 τὰ
2447 5470 2686 5543 πονηρὰ,
2717 5469 2940 5524 ἐκλύετε
2972 5470 3099 5533 τοὺς
3131 5465 3323 5529 τόνους
3351 5462 3451 5536 τῆς
3475 5460 3698 5535 ἀρετῆς.

615 5615 634 5644 ¹
660 5616 768 5676 lsa.
799 5633 913 5687 tut,
942 5620 993 5675 7.
1073 5619 1092 5651 ³
1125 5618 1233 5675 lsa.
1255 5633 1388 5687 xw,
1415 5617 1470 5673 2.
1549 5616 1571 5649 ‘
1595 5615 1729 5673 Luc.
1753 5630 1829 5685 Ix,
1861 5616 1917 5673 9.
1992 5617 2014 5650 ⁸
2046 5615 2064 5671 l
2099 5616 2259 5689 Petr.
2283 5630 2345 5681 tt,
2377 5611 2467 5668 25.
