4122 6210
404 260 510 324 655

1479 249 1998 312 OLYMPIODORI
2042 248 2570 311 ALEXANDRINI

3568 240 3678 307 656

407 382 629 446 propter
692 372 940 427 liberum
1036 368 1380 439 pascentium
1450 378 1505 422 et
1591 366 1990 436 pascendorum

2114 365 2447 432 ιῦτεξούσιον
2479 362 2589 418 τῶν
2620 379 2681 417 τε
2713 362 3011 432 ποιμένων,
3061 358 3159 414 καὶ
3207 356 3675 429 ποιμαινομένων,

370 466 715 543 arbitrium,
770 472 826 518 et
863 460 1294 517 internitentium
1336 459 1481 524 illos,
1524 459 1615 528 qui
1668 474 1767 529 per
1819 467 1992 514 totum

407 560 597 615 orbem
620 557 799 613 varias
818 561 1107 611 sectantur
1133 552 1432 619 doctrinas,
1457 567 1561 607 nec
1598 554 1742 607 inter
1777 566 1835 607 se
1862 567 1998 607 con-

409 651 656 707 veniunt.

363 793 366 795 Α
481 741 546 796 ν.
588 743 671 797 15.
710 760 729 792 ι
759 738 1140 793 Seminabatis
1174 738 1605 804 frumentum,et
1630 739 1817 809 spinas
1854 753 1997 794 mes-

409 835 612 889 suisﬁs.
643 852 662 886 ι
691 832 769 887 Ad
799 833 998 887 multos
1020 841 1266 902 pastores
1302 832 1395 886 hic
1419 848 1621 898 sermo,
1666 832 1758 903 qui
1789 847 1997 887 sermo-

408 927 495 980 nis
543 922 712 996 lepori
747 926 1053 989 studentes,
1099 941 1223 980 cum
1259 925 1550 980 videantur
1603 926 1831 981 solidam
1866 941 1997 997 pro-

409 1019 553 1073 ferre
587 1019 910 1082 doctrinam,
952 1018 1255 1088 perniciem
1285 1018 1385 1072 sibi
1418 1026 1649 1072 metunt.

487 1129 506 1162 ε
537 1109 679 1163 Cleri
727 1124 920 1163 eorum
966 1124 1075 1162 non
1126 1109 1431 1177 proderunt
1469 1107 1571 1164 eis.
1616 1126 1635 1159 ι
1678 1106 1997 1164 Pastoribus

409 1201 542 1255 nihil
571 1201 870 1271 pastorales
906 1210 1083 1254 sortes
1110 1200 1429 1270 proderunt.

491 1394 510 1425 ε
546 1373 958 1430 Conl‘undimini
1006 1390 1035 1427 a
1077 1373 1376 1443 iactatione
1412 1382 1614 1428 vestra.
1658 1393 1677 1426 ι
1725 1372 1998 1428 Dedecore

410 1476 466 1523 et
491 1468 690 1538 probro
721 1467 882 1537 digna
911 1474 994 1521 est
1015 1466 1244 1537 jactatio
1265 1465 1406 1537 apud
1443 1466 1632 1520 Deum.

452 1642 548 1697 .V.
590 1641 679 1697 M.
742 1662 760 1694 ε
797 1639 935 1707 Quia
994 1641 1114 1695 hac
1159 1640 1292 1695 dicit
1334 1639 1597 1694 Dominus
1642 1639 1711 1694 de
1747 1638 2000 1694 omnibus

2099 459 2377 530 μάχαιραν
2430 455 2641 528 Κυρίου
2692 456 2909 525 νοήσεις
2951 449 3379 523 διαφθείρουσαν
3424 449 3556 514 τοὺς
3618 452 3678 505 εν

2096 551 2248 624 πάσῃ
2290 552 2360 621 γῇ
2402 551 2525 612 ταῖς
2574 547 2848 610 ποικίλαις
2880 543 3258 608 διδασκαλίαις
3287 541 3679 615 πειθομένους,

2095 642 2296 707 οἵτινες
2315 642 2440 696 οὐδὲ
2473 640 2821 714 εἰρηνεύουσι
2851 638 2991 712 πρὸς
3013 636 3300 710 ἀλλήλους.

2172 750 2192 783 ι
2239 731 2557 800 Ἐσπείρετε
2606 730 2836 800 πυροὺς,
2881 729 2976 782 καὶ
3021 727 3265 791 ἀκάνθας
3312 726 3617 798 ἐθερίσατε.
3653 746 3672 781 ι

2097 820 2242 892 Πρὸς
2266 821 2397 883 τοὺς
2419 819 2648 883 πολλοὺς
2676 820 2944 889 ποιμένας
2971 820 3000 872 ό
3033 818 3214 887 λόγος,
3250 818 3449 881 οἵτινες
3467 817 3557 872 διά
3579 818 3681 888 τῆς

2098 908 2485 977 πιθανολογίας
2503 950 2517 974 ,
2549 910 2815 980 τρόφιμον
2843 908 3131 968 δοκοῦντες
3163 908 3506 980 εἰσηγεῖσθαι
3530 907 3679 963 διδα-

2099 1001 2355 1066 σκαλίαν,
2385 1000 2608 1073 δλεθρον
2634 1003 2847 1064 ἑαυτοῖς
2878 1001 3318 1073 ἀποθερίξουσιν.

2175 1113 2195 1147 ι
2236 1095 2300 1148 Oi
2351 1094 2545 1167 κλῆροι
2593 1093 2775 1148 αὐτῶν
2820 1094 2924 1147 οὐκ
2976 1093 3356 1164 ὠφελήσουσιν
3400 1092 3619 1157 αὐτούς.
3652 1110 3675 1145 ι

2102 1187 2245 1251 Τοὺς
2302 1187 2576 1259 ποιμένας
2633 1186 2786 1241 οὐδὲν
2838 1188 2886 1239 οἱ
2957 1186 3309 1256 ποιμαντικοὶ
3336 1184 3683 1257 ὠφελήσουσι

2100 1278 2314 1351 κλῆροι.

2178 1389 2197 1424 ε
2236 1370 2579 1442 Δίσχύνθητε
2614 1367 2722 1423 ἀπὸ
2751 1367 3078 1438 καυχήσεως
3107 1365 3283 1437 ὑμῶν.
3309 1385 3328 1419 ι
3381 1365 3677 1438 Αἰσχύνης,

2107 1465 2266 1535 φησὶ,
2315 1463 2411 1517 καὶ
2454 1460 2766 1535 όνειδισμοῦ
2815 1459 2941 1527 ἀξία
2972 1459 3121 1513 ἐστὶν
3147 1462 3181 1531 ἠ
3220 1459 3492 1531 καύχησις
3532 1459 3683 1531 παρά

2098 1556 2177 1628 τῷ
2206 1556 2345 1627 Θεῷ.
2858 1565 2879 1626 ί

2186 1667 2205 1700 ι
2243 1649 2369 1702 Ὅτι
2400 1648 2529 1701 τάδε
2559 1648 2713 1717 λέγει
2751 1647 2959 1719 Κύριος
2991 1645 3122 1716 περὶ
3162 1645 3383 1704 πάντων
3429 1644 3539 1699 τῶν
3576 1660 3681 1715 γει-

412 1734 611 1791 vicinis
663 1733 938 1804 pessimis,
990 1733 1104 1801 qui,
1151 1750 1169 1784 ι
1216 1741 1325 1786 etc.
1374 1730 1546 1786 Vicini
1595 1730 1744 1800 pravi
1778 1730 1870 1811 qui
1907 1729 2000 1784 Dei

2114 1736 2280 1789 τόνων
2302 1736 2411 1789 τῶν
2446 1736 2721 1807 πονηρῶν.
2752 1754 2771 1788 ι
2811 1736 3054 1799 Γείτονες
3082 1735 3312 1807 πονηροὶ
3340 1736 3391 1788 oi
3423 1735 3517 1789 τὸν
3543 1735 3681 1789 θεῖον

412 1830 639 1884 verbum
725 1826 1057 1889 adulterant,
1139 1824 1231 1893 qui
1306 1824 1470 1878 etiam
1545 1823 1755 1879 callidis
1802 1823 2002 1879 distra-

413 1919 692 1975 ctionibus
742 1925 993 1981 utuntur,
1040 1914 1282 1968 divinam
1325 1914 1630 1969 doctrinam
1669 1913 1776 1968 alio
1819 1915 2000 1971 tradu-

413 2020 621 2067 centes.

492 2122 512 2155 ι
546 2101 690 2156 Ecce
714 2115 817 2170 ego
838 2099 1010 2153 erello
1039 2113 1135 2152 eos
1164 2096 1233 2152 de
1261 2105 1403 2150 terra
1431 2110 1547 2150 sua.
1588 2115 1607 2146 ι
1632 2095 1878 2161 Eradico,
1904 2097 2000 2163 ait,

412 2210 530 2259 eos,
579 2195 669 2263 qui
702 2192 947 2247 salvandi
990 2199 1119 2245 sunt
1149 2205 1180 2245 e
1206 2189 1410 2260 populo
1460 2204 1605 2254 meo,
1637 2205 1668 2244 e
1702 2200 1845 2245 terra
1877 2206 2003 2261 pra-

412 2300 607 2343 vorum
668 2284 1064 2347 ﬁnitimorum,
1125 2282 1231 2337 hoc
1276 2289 1380 2346 est,
1440 2280 1707 2336 idolorum
1766 2283 1914 2338 cultu
1950 2291 2007 2339 et

413 2379 549 2435 falsa
575 2376 847 2433 doctrina.
880 2372 1078 2429 ludam
1102 2387 1231 2427 vero
1262 2380 1420 2427 vocat
1447 2360 1707 2441 populum
1750 2373 1841 2442 qui
1871 2389 2004 2429 con-

413 2469 601 2523 ﬁtetur
643 2476 698 2520 ct
742 2464 1015 2530 salvatur;
1065 2477 1230 2532 quem
1272 2469 1328 2516 et
1384 2458 1624 2514 eximere
1659 2460 1944 2530 pollicetur
1973 2478 2006 2516 e

416 2570 560 2615 terra
593 2570 778 2626 prava.
861 2535 881 2550 ”

491 2648 555 2703 V.
600 2649 688 2705 l5.
729 2664 748 2698 ι
783 2646 853 2701 Et
884 2645 1009 2708 erit,
1036 2652 1325 2715 postquam
1355 2643 1571 2714 ejecero
1595 2658 1711 2707 eos,
1739 2653 2005 2710 revertar,

414 2750 472 2799 et
523 2739 826 2796 miserebor
870 2750 1085 2792 eorum.
1132 2737 1159 2786 1
1200 2733 1268 2789 Ει
1295 2736 1564 2804 ipsorum,
1598 2735 1694 2802 ait,
1726 2734 2005 2806 gentilium

417 2835 743 2897 miserebor,
807 2831 1022 2885 donans
1074 2828 1158 2884 eis
1242 2828 1385 2884 sacri
1449 2828 1649 2883 lavacri
1729 2827 2008 2883 remissio-

416 2944 564 2983 nem.

490 3017 555 3070 V.
581 3016 664 3070 16.
690 3035 708 3067 ι
732 3016 802 3069 Et
831 3013 1030 3077 erit...,
1063 3011 1130 3066 ad
1155 3010 1452 3081 iurandum
1480 3009 1534 3062 in
1554 3008 1775 3062 nomine
1804 3022 1945 3062 meo.
1982 3026 2001 3058 ι

421 3114 495 3170 Ut
522 3125 632 3167 non
665 3110 902 3180 amplius
929 3121 1027 3178 per
1060 3107 1227 3171 idola,
1273 3105 1369 3161 sed
1399 3119 1497 3174 per
1520 3101 1798 3158 Christum
1825 3101 2010 3155 Domi-

420 3218 550 3259 num
578 3202 784 3273 jurent.

1056 3287 1209 3344 CAP.
1236 3287 1377 3343 Xlll.

492 3383 643 3442 v.1.
695 3403 714 3437 ι
744 3383 894 3439 Vade
936 3390 992 3437 et
1038 3380 1256 3452 posside
1298 3381 1394 3437 tibi
1428 3380 1676 3435 lumbare
1720 3379 1950 3435 lineum.
1987 3398 2006 3431 ι

425 3476 832 3549 Subligaculnm
878 3474 1118 3537 lincunt,
1156 3471 1301 3542 quod
1352 3473 1553 3542 saepius
1598 3472 1765 3526 lavari
1799 3479 2009 3542 potest;

422 3587 520 3628 eos
562 3578 747 3625 autem
790 3565 1078 3637 signiﬁcat,
1128 3564 1246 3634 qui,
1273 3579 1398 3618 cum
1444 3563 1722 3617 multoties
1751 3563 1817 3617 iis
1855 3562 2011 3618 venia

423 3662 606 3724 detur,
635 3660 841 3714 nullam
871 3666 1055 3726 tamen
1093 3664 1264 3725 agunt
1291 3653 1688 3723 pmnitentiam.

494 3751 563 3807 γ.
616 3753 668 3806 7.
725 3769 744 3802 ι
792 3750 858 3805 Ει
907 3748 1041 3803 abii.
1082 3747 1151 3802 Et
1182 3761 1313 3802 ecce
1366 3753 1685 3816 corruptum
1744 3753 1880 3810 erat,
1938 3746 2013 3800 ita

425 3851 506 3911 ut,
534 3862 554 3895 ι
579 3851 685 3899 etc.
710 3841 979 3896 Lumbare
1009 3854 1150 3909 aqua
1177 3844 1527 3907 corruperat:
1552 3851 1692 3906 aqua
1722 3853 1853 3893 vero
1882 3851 2013 3907 pec-

424 3944 609 3993 catum
639 3941 741 3997 est,
771 3931 1057 3987 humidum
1087 3939 1145 3985 et
1177 3929 1453 3995 diﬂlucns,
1489 3937 1544 3984 et
1572 3942 1632 3984 se
1661 3936 1874 3984 utentes
1935 3929 2012 3983 in-

427 4027 593 4083 utiles
621 4026 876 4081 reddens.

494 4119 674 4173 ν.-ιο.
742 4135 761 4168 ι
799 4116 905 4172 Eos
954 4131 1047 4185 qui
1094 4114 1390 4170 noluerunt
1432 4112 1661 4169 obedire
1705 4112 1906 4179 verbis,
1959 4119 2013 4169 et

427 4211 845 4266 ambulaverunt
873 4214 998 4277 post
1028 4206 1162 4261 deos
1202 4204 1430 4269 alienos,
1468 4223 1487 4255 ι
1519 4213 1626 4259 etc.
1662 4203 1864 4271 Iniuria
1900 4203 2012 4259 Deo

357 4371 368 4381 .
424 4303 504 4367 ﬁt,
537 4301 587 4357 si
629 4299 813 4355 debita
846 4298 923 4352 illi
957 4297 1199 4351 adoratio
1229 4295 1433 4349 feratur
1459 4294 1636 4351 idolis.

402 4486 413 4569 ἒ
500 4499 682 4578 v.12.
720 4516 741 4551 ι
774 4497 842 4553 Et
877 4498 1027 4553 dices
1061 4497 1127 4552 ad
1153 4496 1414 4569 populum
1441 4486 1861 4551 istumz'Omnis
1888 4503 2011 4550 uter

427 4592 743 4664 iinplehitur
769 4591 915 4645 vino.
953 4610 971 4641 ι
998 4588 1220 4644 Utribus
1247 4603 1343 4643 cos
1371 4586 1654 4651 assimilat,
1680 4585 1763 4641 vel
1789 4595 2012 4657 propter

429 4684 747 4749 inanitatem
782 4690 837 4736 et
864 4682 1158 4736 humanam
1181 4688 1394 4734 tantum
1417 4677 1469 4732 in
1502 4678 1606 4732 illis
1637 4677 1899 4747 ﬁguram;
1928 4678 2012 4732 vcl

428 4780 575 4848 quod
604 4774 832 4844 possint,
868 4773 996 4828 dum
1039 4772 1228 4837 velint,
1259 4771 1471 4826 divinas
1517 4769 1817 4824 etiamnum
1878 4768 2012 4824 reci-

428 4882 561 4939 pere
591 4866 715 4920 ﬁdei
746 4866 797 4919 in
824 4863 1102 4919 Christum
1136 4860 1523 4916 institutiones.
1719 4854 1726 4860 ’

507 4959 568 5014 ν.
601 4961 690 5014 13.
721 4977 740 5010 ι
780 4958 916 5012 Ecce
958 4955 1161 5025 impleo
1205 4952 1516 5009 sacerdotes
1537 4950 1820 5005 ebrietate.
1850 4967 1869 5002 ι
1907 4949 2014 5005 Pu-

429 5052 639 5109 nitione
666 5050 964 5121 iniustitia.

509 5141 568 5196 V.
601 5141 688 5197 16.
719 5163 736 5193 ι
773 5140 903 5195 Date
928 5136 1160 5194 Domino
1194 5136 1303 5191 Deo
1340 5142 1523 5189 vestro
1567 5133 1817 5205 gloriam,
1857 5140 2014 5188 ante-

436 5251 596 5308 quam
627 5237 1092 5291 contenebrescat.
1127 5252 1146 5285 ι
1181 5233 1443 5288 Dominus
1472 5239 1660 5286 noster
1679 5227 2012 5288 JesusChri-

435 5336 553 5384 stus
579 5329 668 5383 lux
696 5337 816 5386 est:
861 5327 1179 5400 Usquedum,
1211 5327 1308 5394 ait,
1334 5326 1501 5380 lucem
1531 5324 1754 5391 habetis,
1774 5324 1832 5377 in
1860 5321 2013 5376 illam

436 5421 684 5476 credin".
1414 5456 1429 5471 .

510 5528 535 5563 ε
575 5511 647 5571 Et
679 5519 968 5581 antequam
997 5510 1278 5567 attendant
1304 5510 1475 5581 pedes
1493 5515 1685 5565 vestri.
1726 5524 1747 5559 ι
1800 5503 2014 5562 Montes

507 5687 528 5771 7
558 5689 715 5745 .luan.
739 5700 833 5753 xu,
873 5684 964 5761 '56.
1016 5667 1023 5675 ’

2113 1826 2271 1896 λόγον
2306 1829 2862 1900 παραχαράττοντες,
2895 1828 3093 1892 οἵτινες
3136 1830 3233 1890 καὶ
3279 1827 3563 1893 διεκϐολὰς
3593 1828 3683 1899 ἑρ-

2114 1919 2400 1987 γάζονται,
2435 1919 2900 1992 παροχετεύοντες
2921 1921 3021 1992 τὴν
3051 1921 3203 1976 θείαν
3226 1920 3602 1978 διδασκαλίαν.

2184 2116 2205 2150 ι
2250 2097 2386 2152 Ἰδοὺ
2442 2096 2556 2169 ἐγὼ
2600 2096 2841 2152 ἀποσπῶ
2874 2098 3093 2163 αὐτούς.
3128 2118 3147 2152 ι
3195 2099 3472 2166 ’Δνασπῶ,
3510 2099 3682 2171 φησί,

2111 2188 2244 2253 τοὺς
2272 2186 2621 2259 σωζομένους
2641 2187 2736 2267 τοῦ
2763 2187 2896 2243 λαοῦ
2922 2206 3024 2260 μου
3053 2189 3163 2243 ἀπὸ
3188 2190 3286 2256 τῆς
3316 2191 3417 2261 γῆς
3448 2191 3558 2246 τῶν
3583 2209 3682 2246 πο-

2108 2281 2291 2352 νηρῶν
2320 2280 2612 2351 γειτόνων
2640 2283 2911 2347 τουτέστι,
2967 2283 3067 2353 τῆς
3105 2281 3550 2355 εἰδωλολατρείας
3587 2286 3684 2339 καὶ

2109 2372 2345 2444 ψευδοῦς
2393 2373 2768 2437 διδασκαλίας.
2818 2373 3020 2428 Ἰούδαν
3063 2374 3120 2429 δέ
3145 2390 3279 2444 φησι
3317 2373 3409 2429 τὸν
3432 2374 3684 2445 ἐξομολο-

2106 2469 2377 2539 γούμενον
2416 2469 2512 2523 καὶ
2556 2467 2866 2535 σωζόμενον
2911 2459 3059 2532 λαὸν,
3085 2465 3145 2521 ὃν
3167 2467 3261 2520 καὶ
3290 2465 3544 2521 ἐκϐαλεῖν
3584 2467 3686 2521 ὐπ-

2109 2562 2373 2630 ισχνεῖται
2401 2557 2509 2612 ἀπὸ
2537 2559 2639 2629 τῆς
2671 2558 2916 2629 πονηρᾶς
2947 2558 3073 2628 γῆς.

2183 2667 2203 2700 ι
2216 2651 2320 2702 Καὶ
2333 2649 2510 2716 ἔσται,
2527 2648 2668 2719 μετά
2683 2647 2742 2701 τὸ
2756 2647 3005 2703 ἐκϐαλεῖν
3024 2665 3092 2719 με
3103 2650 3321 2716 αὐτοὺς,
3336 2649 3683 2721 ἀναστρέψω,

2108 2741 2206 2796 καὶ
2239 2741 2448 2813 ὲλεήσω
2477 2740 2696 2804 αὐτούς.
2731 2760 2750 2793 ι
2783 2742 2894 2796 Καὶ
2927 2742 3127 2806 αὐτοὺς
3148 2742 3228 2809 δὲ,
3255 2744 3444 2814 φησὶν,
3477 2743 3688 2816 ἑλεήσω

2108 2837 2238 2899 τοὺς
2269 2835 2519 2900 ὲθνικοὺς
2540 2876 2555 2902 ,
2585 2835 2686 2905 τὴν
2715 2836 2812 2889 τοῦ
2846 2835 3004 2905 ἀγίου
3045 2835 3276 2907 λουτροῦ
3304 2837 3502 2907 ἄφεσιν
3533 2851 3689 2908 χαρι-

2110 2927 2168 2994 ζό
2177 2946 2336 3000 μενος
2365 2929 2571 2995 αὐτοῖς.

2190 3038 2209 3072 ι
2243 3020 2353 3072 Καὶ
2381 3018 2626 3085 Eccam",
2657 3018 2754 3074 τοῦ
2780 3019 3005 3091 ὀμνύειν
3024 3018 3101 3092 τῷ
3116 3019 3346 3091 ὀνόματί
3378 3037 3504 3092 μου.
3529 3039 3550 3074 ι
3572 3021 3690 3078 Ἵνα

2118 3112 2322 3181 μηκέτι
2348 3109 2420 3164 τὰ
2457 3111 2686 3180 εἴδωλα,
2721 3112 2858 3167 ἀλλά
2884 3112 2978 3168 τὸν
3007 3113 3291 3186 Δεσπότην
3324 3113 3561 3184 Χριστὸν
3597 3116 3692 3186 δρ-
3781 3121 3797 3135 ⁹

2114 3219 2232 3255 κιον
2263 3203 2482 3272 ἔχωσιν.

2699 3292 2953 3349 ΚΕΦΔΔ.
2992 3292 3095 3347 ll".

2194 3406 2212 3436 ε
2251 3384 2478 3439 Βάδισον
2504 3386 2599 3440 καὶ
2628 3386 2832 3454 κτῆσαι
2861 3383 3076 3455 σεαυτῷ
3101 3384 3393 3456 περίζωμα
3433 3383 3631 3440 λινοῦν.
3665 3402 3685 3436 ι

2115 3478 2417 3548 Περίζωμα
2445 3476 2624 3531 λινοῦν
2652 3477 2715 3531 τὸ
2742 3476 3009 3539 πολλάκις
3041 3476 3342 3531 πλύνεσθαι
3360 3477 3689 3548 ’δυνάμενον-

2115 3568 2374 3639 σημαίνει
2402 3567 2458 3621 δὲ
2497 3569 2623 3631 τοὺς
2666 3568 2932 3633 πολλάκις
2962 3566 3425 3639 συγχωρηθέντος
3443 3608 3459 3633 ,
3488 3569 3585 3623 καὶ
3614 3568 3692 3640 μὴ

2118 3662 2578 3733 μετανοήσαντας.

2191 3772 2210 3806 ι
2241 3755 2350 3808 Kal.
2372 3752 2701 3823 ἐπορεύθην.
2719 3751 2830 3807 Καὶ
2862 3751 2975 3805 ἰδοὺ
3003 3750 3404 3823 διεφθαρμένον
3417 3746 3688 3823 ﬁndetur

2114 3847 2189 3900 Τὸ
2219 3846 2367 3919 ὕδωρ
2413 3844 2693 3917 διέφθειρε
2724 3845 2786 3898 τὸ
2814 3841 3136 3915 περίζωμα·
3177 3842 3325 3915 ὓδωρ
3360 3844 3421 3899 δὲ
3450 3846 3485 3915 ἡ
3513 3845 3695 3916 ἁμαρ.

2112 3935 2226 4000 τία,
2272 3936 2551 4006 κάθυγρος
2609 3930 2766 3998 οὖσα,
2815 3934 2914 3988 καὶ
2959 3933 3286 4006 διαῤῥέουσα
3308 3973 3325 3998 ,
3403 3934 3501 3988 καὶ
3567 3936 3696 4000 τοὺς

2114 4029 2255 4101 αὐτῇ
2288 4028 2612 4100 χρωμένους
2643 4027 2900 4098 ἀχρείους
2926 4026 3376 4098 ἀπεργαζομένη.

2189 4139 2209 4174 ι
2251 4121 2391 4183 Τοὺς
2460 4120 2537 4190 μὴ
2595 4118 2958 4190 βουλομένους
3012 4116 3312 4172 ὑπακούειν
3359 4115 3472 4172 τῶν
3520 4114 3696 4185 λόγων

2116 4229 2220 4283 μου
2242 4253 2259 4278 ,
2322 4214 2421 4266 καὶ
2471 4210 2841 4283 πορευθίντας
2889 4211 3067 4264 ὀπίσω
3119 4209 3257 4263 θεῶν
3306 4208 3630 4279 ἀλλοτρίων.
3667 4227 3688 4261 ι

2116 4306 2317 4377 ’Υϐρις
2344 4307 2427 4369 είς
2455 4304 2613 4370 Θεὸν,
2640 4302 2703 4356 τὸ
2728 4304 2830 4373 τὴν
2859 4301 3035 4357 αὐτοῦ
3055 4299 3423 4373 προσκύνησιν
3450 4299 3695 4365 εἰδώλοις

2040 4389 2085 4445 D
2112 4397 2471 4469 προσφέρειν.

2191 4510 2212 4543 ι
2265 4492 2377 4544 Καὶ
2422 4490 2570 4560 ὲρεῖς
2622 4485 2761 4558 πρὸς
2790 4485 2882 4540 τὸν
2928 4484 3060 4539 λαὸν
3111 4482 3335 4539 τοῖ’νιπον⁵
3371 4484 3490 4548 Πᾶς
3524 4482 3694 4549 ἀσκδς

2116 4582 2541 4655 πληρωθήσεται
2578 4580 2745 4637 οῖνου.
2790 4597 2810 4632 ι
2863 4578 3074 4641 ’Δσκοῐς
3108 4576 3315 4640 αὐτοὺς
3348 4574 3693 4647 παρεικάζει,

2117 4676 2151 4749 ἢ
2184 4676 2276 4729 διὰ
2330 4676 2393 4729 τὸ
2426 4674 2677 4728 διάκενον
2725 4671 2821 4727 καὶ
2869 4674 3056 4741 σχῆμα
3101 4669 3265 4739 μόνον
3304 4667 3450 4739 ἔχειν
3491 4666 3700 4740 ἀνθρώ-

2119 4759 2258 4833 πων,
2287 4766 2427 4838 nam
2461 4766 2511 4818 εί
2546 4761 2880 4835 βουληθεῖεν,
2914 4761 3172 4815 δύνανται
3208 4760 3305 4814 καὶ
3358 4754 3516 4823 αὖθις
3547 4757 3700 4824 δέξα-

2119 4858 2246 4914 σθαι
2268 4858 2386 4913 θεῖα
2415 4857 2714 4930 μαθήματα
2742 4854 2813 4908 τά
2836 4855 2937 4925 τῆς
2962 4854 3043 4916 είς
3067 4853 3309 4925 Χριστὸν
3332 4851 3591 4916 πίστεως.

2194 4972 2214 5004 ε
2261 4951 2394 5005 Ἰδοὺ
2427 4948 2540 5019 ἐγὼ
2572 4948 2766 5021 πληρῶ
2791 4949 2921 5009 τοὺς
2965 4948 3135 5019 ἱερεῖς
3171 4944 3508 5017 μεθύσματι.
3559 4963 3581 5000 ι
3619 4944 3699 5016 Τῇ

2116 5045 2366 5120 τιμωρίᾳ
2401 5044 2504 5115 τῆς
2530 5044 2860 5114 ἀδικήσεως.

2199 5155 2218 5189 ι
2257 5136 2390 5190 Δότε
2413 5135 2491 5206 τῷ
2524 5134 2716 5205 Κυρίῳ
2755 5133 2912 5204 ὑμῶν
2950 5130 3111 5197 δόξαν
3139 5131 3249 5203 πρὸ
3294 5130 3392 5185 τοῦ
3440 5128 3702 5186 συσκοτά-
3790 5146 3801 5161 '

2125 5239 2240 5278 σαι.
2290 5241 2310 5276 ι
2348 5222 2407 5276 ’0
2432 5221 2637 5293 Κύριος
2662 5220 2815 5293 ὑμῶν
2859 5219 3071 5291 Ἰησοῦς
3102 5220 3340 5292 Χριστὸς
3365 5220 3484 5288 φῶς
3514 5220 3660 5275 ἔστιν
3682 5233 3700 5250 ο

2121 5314 2277 5382 ῗΕως
2309 5309 2423 5370 οὖν
2467 5313 2656 5383 ἔχετε,
2709 5314 2871 5385 mat,
2918 5313 2987 5369 τὸ
3029 5310 3178 5384 φῶς,
3211 5311 3582 5368 πιστεύσατε
3615 5313 3704 5378 εις
3794 5311 3799 5316 ’

2117 5408 2285 5462 αὑτό.

2199 5520 2219 5553 ε
2251 5464 2375 5555 ⁵Καὶ
2424 5500 2532 5571 πρὸ
2578 5498 2675 5555 τοῦ
2712 5498 3026 5572 προσκόψαι
3063 5499 3191 5565 τοὺς
3241 5498 3410 5567 πόδας
3459 5497 3638 5583 ὐμῶν.
3677 5514 3701 5552 ε
