4122 6210
456 356 564 420 ὁ59

1542 356 2065 417 OLYMPIODORI
2102 356 2597 416 ALEXANDRIN
2604 356 2631 414 Ι

3622 360 3729 425 660

456 466 647 539 Neque
675 467 822 525 enim
853 467 1183 524 invenerunt
1220 481 1416 538 aquam
1447 458 1650 535 rivam,
1683 483 1804 538 qua:
1823 467 1984 523 datur
2008 483 2035 522 a

2147 466 2360 531 Ἄλλως
2381 483 2395 498 ·
2431 467 2511 521 Οὐ
2539 468 2650 539 γὰρ
2677 458 2832 539 εὗρον
2872 466 2935 522 τὸ
2969 466 3114 541 ὕδωρ
3143 467 3207 525 τδ
3246 468 3359 536 ζῶν
3391 470 3452 524 τὸ
3483 470 3550 526 ὲκ
3589 473 3728 528 Θεοῦ

461 563 590 618 Deo.

531 670 550 703 ι
595 650 876 722 Agricola.
916 669 936 701 ι
971 648 1073 715 Qui
1105 649 1306 705 debent
1329 650 1567 720 operari.

528 741 591 797 γ.
625 743 677 797 5.
723 760 742 794 ι
787 741 855 797 Et
882 740 1243 811 reliquerunt,
1295 742 1422 811 quia
1460 756 1570 796 non
1607 751 1727 797 erat
1778 741 1967 797 herba.
2010 761 2030 795 ι

449 832 568 889 Nec
596 832 742 888 enim
778 840 935 887 erant
967 832 1246 889 auditores
1272 852 1285 889 :
1310 835 1513 890 etenim
1535 835 1692 892 cibus
1720 847 2033 891 sanctorum

451 923 702 994 discipuli
734 932 883 978 sunt.

504 1014 588 1071 7V.
619 1016 673 1071 6.
709 1033 727 1067 ι
755 1014 956 1089 Onagri
991 1025 1261 1074 steterunt
1299 1018 1353 1073 in
1398 1019 1642 1090 rupibus.
1684 1039 1702 1072 ι
1744 1019 2035 1091 Ingemue-

451 1119 582 1166 runt
629 1110 702 1166 ob
748 1119 1066 1181 pereuntes.
1093 1110 1315 1183 Onagri.
1348 1110 1451 1178 Qui
1491 1128 1523 1167 a
1547 1113 1840 1167 mundanis
1872 1111 2035 1167 rebus

449 1208 580 1257 sunt
603 1200 779 1256 liberi.

521 1290 585 1346 V.
613 1291 667 1349 8.
709 1311 729 1343 ι
760 1291 940 1359 Quare
979 1292 1157 1350 factus
1184 1308 1244 1349 es
1278 1295 1421 1350 sicut
1440 1295 1670 1351 colonus
1697 1296 1753 1350 in
1787 1297 1969 1351 terra?
2009 1315 2029 1348 ι

447 1383 520 1441 Ut
541 1385 695 1456 quid,
741 1387 837 1454 ait,
876 1387 1052 1443 nostri
1095 1404 1282 1444 curam
1320 1404 1429 1444 non
1465 1391 1611 1461 geris
1639 1390 1717 1445 uti
1748 1389 2032 1459 Dominus,

445 1477 543 1534 sed
578 1485 635 1532 ut
662 1478 892 1534 colonus
909 1479 1149 1548 despicis
1170 1480 1194 1534 ’ἒ

522 1567 583 1622 ν.
616 1569 670 1625 9.
704 1588 723 1621 ι
751 1569 1034 1625 Divertens
1062 1571 1130 1626 ad
1160 1571 1541 1628 diversorium.
1574 1591 1593 1624 ι
1627 1572 1731 1640 Qui
1760 1573 1828 1627 ad
1853 1573 2035 1629 diver-

444 1660 656 1718 sorium
702 1674 980 1735 properat,
1025 1665 1129 1720 etsi
1170 1667 1456 1737 quospiam
1499 1668 1698 1723 viderit
1732 1669 2036 1740 quomodo-

444 1768 664 1827 euuque
697 1756 818 1827 opis
872 1757 1174 1828 auxiliique
1224 1759 1459 1832 indigos,
1504 1760 1755 1833 despicit,
1801 1768 1858 1817 ct
1890 1776 2031 1833 prre-
2064 1824 2108 1882 Β

448 1854 573 1882 ...ιο

448 1854 592 1905 terit.

514 1941 581 1997 ν.
615 1941 701 1999 10.
758 1961 778 1995 ι
819 1942 1141 2000 Dilexerunt
1170 1959 1390 2000 movere
1421 1947 1587 2015 pedes
1616 1960 1763 2001 suos.
1804 1964 1823 1998 ι
1873 1946 2028 2001 lnor—

442 2033 629 2090 dinate
667 2035 900 2099 moveri,
929 2050 1153 2091 currere
1190 2036 1257 2092 ad
1286 2037 1443 2093 mala.

520 2123 582 2180 V.
629 2124 717 2181 15.
765 2143 784 2177 ι
846 2125 984 2182 Ecce
1037 2127 1317 2196 prophetae
1361 2142 1550 2183 eorum
1606 2129 1955 2200 pr0phetant.
2005 2149 2025 2183 ι

442 2209 612 2278 Quasi
638 2213 709 2269 ad
737 2214 1112 2270 excusandum
1152 2216 1414 2287 populum
1448 2218 1716 2288 propheta
1750 2218 1905 2281 dicit.
1937 2235 2034 2276 eos

441 2318 474 2358 a
502 2304 996 2376 pseudoprophetis
1018 2307 1257 2374 delusos,
1283 2318 1338 2364 et
1367 2308 1476 2364 duo
1500 2324 1597 2379 per
1620 2310 1727 2364 hoc
1751 2309 1948 2366 cﬂicit:
1977 2310 2031 2365 in

442 2398 740 2468 prophetas
769 2398 906 2454 iram
948 2400 1181 2468 derivat,
1233 2400 1514 2473 Deumque
1547 2412 1729 2458 movet
1754 2413 1812 2459 ut
1845 2404 2029 2460 dicat:

442 2486 565 2542 Non
603 2504 696 2559 ego
729 2505 814 2544 eos
847 2491 985 2544 misi.

518 2664 583 2720 V.
623 2664 708 2721 16.
744 2685 764 2718 ι
819 2666 876 2721 ln
911 2677 1084 2722 morte
1120 2670 1376 2724 morbosa
1410 2670 1738 2727 morientur.
1771 2692 1790 2724 ι
1825 2670 1879 2725 In
1914 2672 2033 2727 diu-

447 2770 609 2816 turno
639 2761 852 2825 morbo,
893 2760 979 2816 cui
1010 2762 1195 2818 brevis
1226 2778 1375 2818 mors
1405 2763 1742 2834 praeferenda
1778 2765 1871 2820 sit.

519 2957 537 2990 ι
576 2937 643 2993 Ει
670 2947 832 2994 erunt
864 2938 1095 3009 projecti
1148 2937 1204 2993 in
1247 2937 1409 2994 biviis
1449 2939 1771 2995 Jerusalem.
1810 2959 1829 2992 ι
1879 2939 2030 2995 Βίι·ἰιι

442 3040 572 3089 sunt
601 3029 914 3087 foedissima:
945 3029 1066 3085 vim.

514 3122 578 3177 V.
613 3121 701 3177 19.
741 3139 761 3172 ι
800 3119 1056 3190 Nunquid
1093 3121 1416 3191 reprobans.
1459 3140 1479 3173 ι
1521 3122 1708 3176 Oratio
1749 3123 2028 3192 prephetae

2137 560 2442 631 διδόμενον.

2216 671 2235 706 ι
2269 652 2335 708 0i
2366 653 2623 724 γεωργοί.
2662 673 2679 706 ι
2715 654 2778 708 Oi
2805 654 3122 723 ὀφείλοντες
3153 655 3511 726 ἐργάζεσθαι.

2212 764 2231 798 ι
2271 745 2382 799 Καὶ
2408 745 2794 814 ἐγκατέλιπον,
2826 748 2912 800 ὅτι
2946 745 3049 798 οὐκ
3077 740 3148 817 ἦν
3180 745 3406 818 βοτάνη.
3446 766 3466 800 ι
3513 748 3589 801 Οὐ
3615 748 3724 821 γὰρ

2136 834 2277 911 ἦσαν
2308 841 2358 893 οἱ
2388 838 2706 903 ἀκούοντες.
2735 837 2928 909 Τροφὴ
2962 838 3073 910 γὰρ
3100 837 3212 892 τῶν
3242 838 3421 907 ἁγεων
3459 841 3511 894 oi
3542 840 3726 896 αὐτῶν

2141 931 2405 1003 μαθηταί.

2212 1043 2232 1076 ι
2296 1027 2560 1097 Ὀναγροι
2609 1025 2847 1097 ἔστησαν
2897 1024 2991 1078 ἐπὶ
3048 1023 3253 1088 νάπας.
3322 1044 3342 1078 ι
3399 1022 3738 1092 ⁹Εστέναξαν’

2137 1118 2233 1171 ἐπὶ
2261 1120 2377 1181 τοῖς
2405 1118 2828 1187 ἀπολλυμένοις.
2870 1120 3176 1188 Ὀναγροι.
3212 1117 3278 1172 οι
3301 1118 3414 1173 τῶν
3440 1121 3724 1191 κοσμικῶν
3813 1118 3828 1134 ⁶

2138 1212 2489 1284 πραγμάτων
2520 1211 2822 1282 ἐλεύθεροι.
3032 1264 3033 1267 η

2216 1324 2235 1357 ι
2266 1305 2387 1360 Ἵνα
2414 1306 2467 1359 τι
2504 1304 2775 1377 ἑγενήθης
2802 1304 2937 1358 ὡσεὶ
2965 1303 3238 1376 πάροικος
3267 1303 3360 1358 ἐπὶ
3397 1303 3499 1374 τῆς
3538 1302 3663 1373 γῆς.
3695 1321 3715 1355 ι

2138 1388 2261 1450 Ἵνα
2286 1395 2363 1460 τί,
2400 1396 2588 1466 φησιν,
2626 1393 2690 1448 οὐ
2724 1396 2867 1467 κήδῃ
2897 1393 3058 1467 ἡμῶν
3102 1394 3179 1458 ὡς
3240 1394 3542 1464 Δεσπότης,
3584 1393 3722 1448 ἀλλὰ

2137 1490 2390 1560 παρορᾷς
2418 1487 2554 1542 ὡσεὶ
2581 1486 2850 1561 πάροικος
2867 1504 2882 1553 ;

2215 1598 2234 1632 ι
2285 1578 2584 1633 Ἐκκλίνων
2624 1579 2708 1643 εις
2738 1578 3054 1649 κατάλυμα.
3089 1593 3113 1630 ι
3151 1576 3213 1631 '0
3251 1575 3611 1647 ἐπειγόμενος
3640 1577 3722 1640 τις

2137 1669 2431 1743 κατάλυμα
2452 1669 2679 1740 φθάσαι,
2719 1669 2825 1725 κᾶν
2853 1669 3111 1742 ῐδῃτινὰς
3134 1666 3387 1723 ὁπωσοῦν
3411 1666 3717 1740 χρῄζοντας

2141 1761 2425 1835 βοηθείας,
2461 1761 2705 1834 παρορᾷ,
2732 1760 2831 1814 καὶ
2854 1757 3222 1831 παρατρέχιι.

2214 1952 2233 1985 ι
2289 1932 2620 2005 Ἠγάπησαν
2670 1932 2845 1986 κινεῖν
2905 1929 3075 1994 πόδας
3126 1927 3326 1984 αὐτῶν.
3375 1945 3397 1982 ι
3440 1926 3718 1992 ’Δτάκτως

2138 2024 2427 2093 κινεῖσθαι,
2458 2024 2679 2096 τρέχειν
2708 2024 2790 2086 εἰς
2814 2021 2883 2076 τὰ
2911 2021 3079 2075 κακά.

2215 2136 2234 2169 ι
2286 2116 2419 2171 Ἰδοὺ
2469 2117 2520 2169 oi
2546 2114 2826 2186 προφῆται
2868 2113 3052 2168 αὐτῶν
3089 2109 3520 2183 προφητεύουσι.
3561 2127 3589 2161 ιλ
3626 2109 3718 2172 Ὦς

2140 2207 2557 2281 ὑπεραπολογού
2566 2224 2729 2279 μενος
2753 2205 2851 2260 τοῦ
2874 2204 3005 2261 λαοῦ
3039 2207 3069 2258 ὁ
3097 2204 3386 2277 προφήτης
3409 2202 3598 2272 φησὶν,
3628 2202 3714 2256 ὃτι

2135 2296 2202 2373 ξΟξ
2228 2300 2675 2373 ψευδοπροφῆται
2706 2299 2907 2362 αὐτοὺς
2951 2298 3208 2352 ἀπατῶσι
3227 2313 3241 2328 ·
3271 2298 3367 2350 καὶ
3397 2294 3495 2349 δύο
3531 2292 3716 2348 ἐντεῦ-

2128 2360 2751 2492 Ιθείπραγιιατειὶεται·
2804 2360 3035 2461 μετάγει
3083 2390 3182 2461 τὴν
3231 2386 3407 2460 ὀργὴν
3451 2386 3547 2440 ἐπὶ

2141 2486 2449 2558 προφήτας,
2476 2484 2575 2538 καὶ
2610 2483 2907 2556 προτρέπει
2946 2481 3126 2551 λέγειν
3163 2480 3319 2549 Θεὸν,
3350 2480 3433 2533 ὅτι
3461 2478 3578 2532 Οὐκ
3604 2475 3719 2547 ἐγὼ

2131 2579 2338 2642 αὐτοὺς
2368 2578 2685 2633 ἀπέστειλα.

2215 2689 2235 2723 ι
2257 2671 2349 2725 Ἑν
2369 2669 2585 2740 θανάτῳ
2614 2667 2824 2741 νοσερῷ
2856 2666 3310 2723 ἀποθανοῦνται.»
3358 2664 3449 2720 Ἐν
3473 2678 3716 2735 παρατε-

2126 2727 2351 2837 ῐταμένῃ
2383 2727 2652 2833 νόσῳίὼς
2678 2727 2775 2817 του
2795 2727 3094 2833 ’συντόμου
3144 2759 3382 2814 θανάτου
3417 2727 3714 2829 αἱρετωτέ-

2141 2874 2238 2929 ρου
2270 2854 2655 2927 τυγχάνοντος.
3374 2878 3377 2879 ⁷

2214 2967 2233 3000 ι
2274 2947 2387 3000 Καὶ
2411 2946 2627 3001 ἔσονται
2655 2945 2984 3018 ἐρριμμένοι
3010 2946 3083 2998 ὲν.
3107 2945 3231 3007 ταῖς
3281 2941 3477 3006 διόδοις
3518 2939 3716 3011 Ἰερου-

2142 3039 2346 3111 σαλήμ.
2384 3058 2403 3091 ι
2431 3038 2604 3092 Δίοδοι
2631 3038 2770 3091 εἰσιν
2802 3039 2860 3092 αι
2889 3037 3160 3108 αἴσχιστοι
3182 3034 3316 3090 ὁδοί.

2215 3151 2234 3183 ι
2276 3131 2367 3201 Μὴ
2394 3130 2838 3200 ἀποδοκιμάζων.
2873 3148 2892 3180 ι
2919 3129 3116 3199 Δέησις
3138 3127 3235 3181 τοῦ
3264 3126 3549 3198 προφήτου
3575 3122 3715 3195 πρὸς

442 3215 511 3270 ad
532 3214 723 3280 Deum,
752 3222 806 3269 et
825 3188 1099 3271 confessio
1124 3188 1224 3284 pro
1254 3216 1477 3285 populo,
1515 3214 1721 3286 Deique
1749 3188 1816 3271 ad
1848 3188 2026 3286 ipsum

2131 3223 2287 3289 Θεὸν,
2337 3188 2432 3277 διαὶ
2478 3188 2874 3294 ἐξομολόγησις
2913 3188 3054 3293 ὑπὲρ
3097 3188 3192 3274 τοῦ
3227 3188 3402 3287 lae-6,
3440 3188 3539 3273 οιαὶ
3575 3188 3714 3272 Θεοῦ

443 3320 748 3376 responso.

520 3418 538 3449 ι
574 3399 641 3453 Ει
672 3414 702 3452 a
733 3396 866 3452 Sion
900 3398 1128 3454 recessit
1161 3399 1342 3454 anima
1370 3401 1497 3454 tua?
1532 3419 1551 3453 ι
1591 3399 1746 3455 Sicut
1790 3401 2029 3456 humana

443 3490 614 3563 ﬁgura
652 3491 822 3546 Deum
870 3490 1151 3562 Scriptura
1183 3478 1384 3563 emgiat
1413 3493 1594 3549 omnis
1621 3492 1805 3565 ﬁgurae
1830 3509 2029 3564 exper-

443 3592 576 3650 tem,
609 3584 689 3640 sic
721 3591 777 3639 ct
814 3584 883 3640 de
917 3584 1141 3640 homine
1172 3594 1494 3656 usurpatum
1525 3594 1613 3641 est
1653 3586 1810 3652 illud,
1835 3587 2031 3641 Anima

445 3687 534 3734 tua
564 3686 778 3732 mortua
811 3685 912 3733 est.
945 3675 1041 3732 Vel
1059 3676 1401 3747 prophetice,
1428 3677 1574 3747 quod
1618 3676 1862 3733 futurum
1890 3687 2027 3743 erat,

440 3781 505 3826 ut
531 3770 675 3825 Dens
694 3768 934 3825 Verbum
967 3777 1189 3839 prOptcr
1219 3784 1319 3824 nos
1345 3770 1511 3824 homo
1536 3769 1708 3825 ﬂeret.

514 3860 577 3916 V.
617 3862 709 3917 22.
739 3882 757 3914 ι
802 3860 959 3928 Quod
990 3861 1035 3917 si
1069 3860 1267 3917 cmlum
1317 3860 1469 3916 dabit
1504 3860 1811 3917 satietatem
1849 3880 2026 3929 suam,

444 3969 627 4009 nonne
666 3962 723 4008 tu
764 3968 824 4007 es
862 3952 1052 4022 ipse?»
1080 3950 1193 4006 Nec
1227 3950 1498 4017 eteiestes,
1550 3951 1747 4022 inquit,
1778 3953 2025 4021 virtutes,

443 4046 547 4102 nisi
591 4057 642 4101 te
669 4043 1005 4101 concedente
1037 4042 1182 4098 bona
1202 4041 1387 4113 largiri
1419 4052 1668 4113 possunt.

519 4158 538 4190 ι
573 4137 639 4193 Ει
661 4136 1052 4194 sustinebimus
1079 4143 1152 4203 te,
1178 4135 1425 4201 Domine,
1470 4135 1596 4205 quia
1639 4134 1812 4191 iecisti
1845 4138 2027 4193 onmia

445 4230 580 4284 inec.
618 4247 637 4281 ι
692 4228 796 4293 Tu,
826 4226 1023 4297 inquit,
1059 4239 1140 4290 es,
1173 4232 1229 4280 et
1258 4240 1374 4280 non
1419 4224 1582 4292 alius,
1622 4225 1715 4296 qui
1744 4235 1800 4281 et
1829 4241 2028 4297 corpo-

443 4336 596 4377 reum
630 4318 811 4385 nobis,
841 4329 899 4374 et
921 4318 1258 4390 spiritualem
1294 4316 1613 4390 suppeditas
1641 4318 1894 4375 imbrem.

1079 4583 1234 4642 CAP.
1265 4583 1381 4639 XV.

511 4680 658 4737 v.1.
691 4698 711 4733 ι
739 4679 807 4734 Et
833 4678 966 4734 dixit
996 4677 1259 4732 Dominus
1285 4675 1354 4730 ad
1387 4688 1474 4730 me
1504 4672 1596 4729 :Si
1623 4674 1837 4730 steterit
1869 4673 2020 4747 Moy-

440 4789 549 4837 ses.
584 4780 641 4830 et
689 4770 929 4837 Samuel,
970 4789 988 4821 ι
1023 4778 1131 4826 etc.
1165 4767 1398 4840 Moyses,
1432 4765 1531 4837 qui
1562 4765 1810 4822 diccbat:
1859 4765 1918 4820 Si
1941 4784 2022 4821 re-

438 4878 612 4922 nmtes
644 4864 750 4920 illis
775 4872 1065 4931 peccatum,
1115 4861 1324 4916 remitte
1346 4876 1365 4913 :
1396 4860 1486 4913 sed
1506 4867 1557 4913 et
1591 4874 1672 4912 me
1692 4857 1807 4912 dele
1832 4874 1860 4912 ε
1890 4857 2023 4912 libro

354 4986 361 4993 -
439 4969 529 5013 tuo
555 4959 673 5023 hoc,
713 4959 771 5012 in
799 4973 902 5028 quo
945 4956 1200 5025 scripsisti
1222 4953 1279 5021 ⁸;
1310 4959 1365 5007 et
1411 4949 1650 5016 Samuel,
1687 4950 1781 5021 qui
1810 4959 1865 5005 ct
1894 4950 2024 5006 Saul

438 5051 780 5123 iniquitatem
811 5048 1183 5120 deplorabat'.

516 5161 534 5194 ι
570 5142 720 5213 Ejice
758 5141 897 5208 illos,
932 5149 989 5195 et
1012 5137 1378 5210 egrediantur.
1421 5154 1440 5187 ι
1481 5134 1601 5190 Νοιι
1630 5144 1713 5199 est
1747 5135 1891 5191 Deus
1930 5134 2023 5206 qui

436 5234 635 5304 reiicit,
686 5233 782 5289 sed
825 5232 1139 5303 iniquitates
1171 5239 1371 5286 nostra:
1414 5227 1668 5293 dividunt
1702 5229 1846 5283 inter
1871 5228 2021 5282 illum

437 5337 495 5381 et
521 5342 645 5382 nos.

510 5415 575 5470 ν.
615 5417 668 5471 5.
703 5436 721 5468 ι
751 5416 999 5472 Gladium
1035 5413 1101 5468 ad
1131 5412 1460 5468 occisionem
1512 5418 1566 5464 et
1592 5424 1777 5463 canes.
1821 5428 1838 5458 ι
1888 5406 2018 5462 Post

435 5509 749 5566 sensibilem
783 5509 1021 5580 gladium
1064 5506 1384 5578 spiritalem,
1415 5503 1535 5558 falsi
1564 5501 1806 5557 nominis
1833 5501 2018 5572 cogni-

438 5605 663 5657 tionem.
721 5600 899 5655 Canes
965 5613 1094 5654 vero
1152 5598 1219 5652 de
1290 5596 1486 5666 quibus
1548 5593 1727 5649 aiebat
1782 5593 2016 5661 Aposto.

436 5691 524 5746 lus
554 5693 597 5723 ¹⁰
628 5711 640 5745 :
669 5691 871 5745 Cavete
905 5707 935 5744 a
969 5691 1217 5755 canibus,
1245 5697 1434 5744 cavete
1466 5703 1494 5743 a
1521 5687 1680 5743 malis
1724 5686 2011 5757 operariis.

2133 3316 2268 3387 πρὸς
2303 3316 2465 3369 αὐτὸν
2494 3314 2815 3387 ἀπόκρισις.

2205 3427 2225 3460 ι
2266 3408 2378 3463 Καὶ
2431 3407 2539 3462 ἀπὸ
2564 3406 2706 3463 Σιὼν
2752 3407 2969 3477 ἀπέστη
3004 3408 3037 3477 ἠ
3083 3406 3231 3478 ψυχή
3264 3423 3393 3471 σου;
3429 3424 3448 3458 ι
3501 3405 3713 3478 Ὥσπερ

2131 3493 2498 3567 ἀνθρωπίνως
2531 3494 2831 3567 διαμορφοϊ
2856 3494 2951 3549 τὸν
2981 3495 3163 3565 Θεὸνή
3202 3495 3396 3567 Γραφὴ
3420 3494 3514 3548 τὸν
3538 3496 3713 3565 ἀσχη-

2133 3586 2417 3656 μάτιστον,
2449 3584 2623 3649 οὓτως
2662 3587 2755 3639 καὶ
2784 3586 2860 3649 ὡς
2896 3585 2988 3638 ἐπὶ
3019 3584 3415 3657 ἁνθρὼπου,Ἦ
3441 3585 3586 3656 ψυχή
3612 3600 3706 3637 σου

2112 3673 2413 3745 τέθνηκεν.
2444 3675 2516 3727 Ἦ
2548 3675 2926 3745 προφητικῶς,
2961 3676 3041 3728 ὅτι
3068 3674 3294 3747 ἔμελλεν
3315 3676 3344 3729 ὁ
3374 3674 3509 3738 Θεὸς
3540 3674 3714 3743 Λόγος

2130 3765 2198 3819 δι’
2230 3767 2377 3838 ἡμᾶς
2406 3765 2696 3833 ἄνθρωπος
2728 3766 3039 3835 γίγνεσθαι.

2205 3878 2223 3910 ι
2259 3859 2368 3912 Καὶ
2414 3860 2464 3911 εἰ
2490 3860 2519 3912 ὁ
2547 3859 2777 3929 οὐρανὸς
2805 3858 2970 3913 δώσει
3002 3857 3337 3931 πλησμονὴν
3367 3857 3557 3926 αὐτοῦ,
3589 3858 3712 3927 οὐχὶ

2132 3950 2197 4003 σὺ
2236 3950 2431 4015 αὐτός;
2463 3968 2483 4001 ι
2533 3949 2667 4003 Οὐδὲ
2710 3949 2765 4003 αἱ
2793 3950 3068 4021 οὐράνιαι,
3119 3950 3277 4021 φησι,
3307 3949 3567 4021 δυνάμεις
3591 3950 3712 4022 δίχα

2130 4043 2228 4114 τῆς
2261 4043 2362 4113 σῆς
2388 4042 2699 4113 ἔπιτροπῆς
2728 4041 2988 4097 δύνανται
3012 4046 3272 4115 χορηγεῖν
3295 4043 3499 4113 ἀγαθά.

2205 4154 2223 4187 ι
2266 4134 2377 4190 Καὶ
2412 4134 2795 4205 ὑπομενοῦμέν
2842 4151 2925 4201 σε,
2961 4136 3157 4206 Κύριε,
3197 4135 3278 4189 ὃτι
3330 4135 3396 4187 σὺ
3444 4134 3708 4206 ἐποίησας

2128 4228 2309 4281 πάντα
2343 4226 2535 4283 ταῦτα.
2578 4244 2596 4277 ι
2644 4227 2718 4280 Σὺ
2772 4222 2841 4288 εἴ.
2895 4227 3051 4297 φησὶ,
3104 4229 3197 4281 καὶ
3240 4228 3337 4295 οὐχ
3382 4226 3572 4296 ἕτερός
3620 4244 3706 4291 τις

2127 4323 2155 4374 ὁ
2187 4322 2280 4373 και¹
2309 4320 2405 4385 τὸν
2433 4317 2692 4389 αἰσθητὸν
2725 4319 2856 4390 ἡμῖν
2910 4321 3006 4372 καὶ
3038 4319 3127 4373 τὸν
3174 4319 3546 4389 πνευματικὸν
3574 4335 3705 4391 χορ-

2130 4411 2281 4483 ηγῶν
2313 4411 2490 4464 ὑετόν.
3212 4412 3221 4423 ’

2714 4547 2962 4601 ΚΕΦΛΛ.
3001 4549 3098 4602 lE’.

2197 4686 2215 4718 ι
2254 4666 2364 4721 Καὶ
2410 4662 2531 4719 εἷπε
2565 4664 2769 4737 Κύριος
2805 4665 2943 4736 πρός
2985 4681 3075 4737 με,
3133 4662 3259 4717 Ἐὰν
3310 4667 3408 4737 στῇ
3440 4666 3704 4736 Μωυσῆς,

2120 4761 2216 4813 καὶ
2256 4758 2532 4830 Σαμουὴλ.
2589 4778 2609 4812 ι
2657 4758 2903 4829 Μωυσῆς
2944 4759 2972 4812 ό
3019 4757 3216 4826 λέγων,
3253 4758 3323 4812 Ei
3370 4759 3490 4828 μὲν
3539 4758 3703 4829 ἁφῆς

2119 4855 2327 4920 αὐτοῖς
2348 4853 2463 4922 τὴν
2486 4854 2800 4924 ἁμαρτίαν,
2824 4851 2975 4922 ἄφες
2993 4870 3007 4884 σ
3037 4852 3168 4907 ἐπεὶ
3201 4853 3352 4922 κάμὲ
3372 4852 3706 4922 ἐξάλειψον

2118 4947 2186 5000 ἐκ
2220 4945 2331 5015 τῆς
2360 4946 2584 5011 ,βίϐλου
2612 4960 2729 5000 σου
2761 4946 3004 5014 ταύτης,
3036 4940 3111 5016 ἧς
3131 4945 3432 5017 ἔγραψας
3468 4947 3563 5001 καὶ
3601 4947 3702 5000 Σα-

2125 5038 2300 5110 μουὴλ
2327 5040 2355 5091 ὁ
2381 5040 2476 5092 καὶ
2496 5037 2596 5109 τὴν
2622 5037 2715 5091 τοῦ
2750 5038 2925 5093 Σαοὺλ
2947 5039 3231 5110 ἁμαρτίαν
3262 5039 3495 5095 πενθῶν.

2196 5152 2216 5185 ι
2265 5131 2675 5197 Ἐξαπόστειλον
2701 5132 2923 5196 αὐτοὺς,
2979 5131 3072 5185 καὶ
3104 5130 3494 5198 ὲξελθέτωσαν.
3533 5152 3555 5186 s
3590 5135 3701 5204 Οὐκ

2119 5224 2147 5276 ὁ
2169 5222 2301 5286 Θεὸς
2335 5221 2614 5287 ἐκϐάλλει,
2662 5221 2779 5278 ἀλλ’
2808 5223 2864 5276 αἱ
2905 5222 3064 5294 ήμῶν
3094 5223 3361 5295 ἁμαρτίαι
3396 5223 3696 5290 διιστῶσιν,

2119 5314 2395 5386 ἀναμέσον
2426 5315 2585 5386 ἡμῶν
2615 5315 2710 5370 καὶ
2742 5314 2930 5369 αὑτοῦ.

2204 5427 2225 5461 ι
2257 5409 2552 5480 Μάχαιραν
2586 5410 2665 5472 εἰς
2698 5408 2933 5480 σφαγὴν,
2973 5409 3066 5462 καὶ
3103 5410 3230 5472 τοὺς
3260 5409 3450 5472 κύνας.
3485 5428 3503 5461 ι
3545 5409 3701 5464 Μετὰ

2126 5501 2249 5573 [ἀλ.
2316 5500 2456 5571 μετὰ
2506 5501 2567 5554 τὸ
2594 5501 2871 5573 αἰσθητόν]
2922 5501 3022 5574 την
3076 5500 3366 5570 αἰσθητὴν,
3426 5502 3702 5572 μάχαιραν

2124 5592 2337 5662 νοητὴν.
2363 5591 2714 5662 ψευδώνυμον
2739 5591 2956 5660 γνῶσιν,
2990 5592 3173 5655 Κύνας
3197 5592 3255 5645 δὲ
3294 5592 3424 5661 περὶ
3450 5585 3526 5646 ὧν
3547 5588 3703 5645 εἶπεν

2122 5685 2149 5738 δ
2193 5684 2549 5748 ’Δπόστολοςο
2610 5684 2842 5738 Βλέπετε
2894 5686 3018 5748 τοὺς
3058 5683 3225 5747 κύνας
3252 5726 3265 5749 ,
3304 5682 3532 5754 βλέπετε
3573 5682 3702 5745 τοὺς

512 5820 533 5855 ⁸
565 5821 734 5878 Exod.
764 5838 931 5889 xxx",
961 5822 1046 5875 5i.
1124 5823 1143 5853 τ’
1183 5820 1357 5893 llicg.
1394 5836 1481 5887 xv,
1515 5821 1601 5873 55.
1684 5818 1728 5851 ¹⁰
1759 5817 1955 5888 Philip.
1986 5832 2066 5885 ιιι,
2089 5817 2141 5873 ‘2.
