4122 6210
363 367 470 437 661

1480 369 1945 431 FRAGMENTA
1983 366 2064 427 IN
2102 370 2519 430 JEREMIAM.

3525 333 3635 425 me

363 481 573 546 κακοὺς
612 479 869 554 ἐργάτας.
905 480 1086 556 Θηρία
1111 480 1326 551 sum,
1352 479 1480 544 τοὺς
1507 479 1576 533 τὰ
1604 483 1769 551 γήϊνα
1809 497 1941 551 φρο-

2083 481 2267 535 ιεειίιιε
2296 496 2427 535 vero
2462 490 2622 536 terra:
2651 496 2747 535 eos
2780 479 2872 550 qui
2907 488 3119 533 terrena
3150 493 3311 533 sensa
3362 477 3415 531 in
3473 476 3634 532 nobis

362 573 587 644 νήματα
631 574 761 644 ἡμῖν
788 574 1175 645 ὲνσπείροντας
1195 589 1209 604 ·
1246 572 1472 628 πετεινὰ
1494 572 1551 627 δὲ
1579 573 1676 626 τοῦ
1706 572 1942 644 οὐρανοῦ

2083 574 2340 629 eminant.
2373 573 2622 628 Volatilia
2667 582 2848 628 autem
2903 572 3024 628 caeli
3054 571 3146 641 qui
3171 571 3296 624 talia
3350 571 3480 624 dant
3536 584 3636 623 no-

363 664 495 728 τιιὺς
539 664 608 719 τὰ
675 665 950 737 ὑψώματα
997 667 1128 738 ἡμῖν
1177 666 1605 738 ὲπισπείροντας
1658 665 1797 736 μετὰ
1845 665 1946 736 τῆς

2086 664 2133 719 is
2182 663 2416 729 semina,
2468 672 2529 719 ut
2587 664 2913 719 extollamur
2938 663 3198 718 adversus
3243 659 3336 717 Dei
3365 661 3633 733 cognitio-

367 756 623 824 γνώσεως
653 757 747 812 τοῦ
781 758 938 814 Θεοῦ.

446 865 465 897 ι
494 846 595 902 Διὰ
620 850 939 921 Μανασσῆν.
966 867 986 902 ι
1017 843 1182 915 Οὗτος
1206 850 1421 904 ἔπεισεν
1451 847 1699 910 ἐκτόπως
1728 846 1947 901 εἰδωλο-

367 938 589 1010 λατρεῖν
623 940 750 1002 τοὺς
785 940 1092 1006 Ἰουδαίους.
1138 940 1371 1010 Λέγεται
1400 940 1458 994 δὲ
1485 938 1582 995 καὶ
1612 939 1705 993 τὸν
1732 938 1948 1009 προφή-

370 1044 471 1100 την
513 1031 743 1085 Ἡσαΐαν
774 1030 936 1094 αὐτὸς
968 1033 1183 1103 πρίσαι.
1774 1087 1783 1092 .

449 1139 469 1173 ι
507 1123 578 1176 Ἢ
606 1123 691 1187 τίς
739 1124 1055 1195 ἀνακάμψει
1103 1126 1184 1188 εἰς
1220 1124 1444 1195 εἰρήνην
1485 1140 1603 1190 σοι;
1644 1141 1662 1174 ι
1712 1122 1808 1187 Τίς
1836 1121 1953 1194 ἔχει

374 1210 683 1281 φοϐηθῆναι
714 1214 794 1273 είς
821 1213 885 1266 τὸ
916 1212 1167 1267 κακῶσαί
1194 1229 1255 1266 σε
1281 1229 1297 1280 ;
1328 1213 1451 1267 ἀντὶ
1478 1212 1612 1289 τοῦ,
1643 1212 1854 1277 Οὐδείς.
1883 1213 1954 1266 Ἦ

372 1303 477 1367 τίς,
508 1305 666 1373 φησὶ,
704 1303 889 1374 μέλλει
918 1322 1000 1359 σοι
1026 1304 1352 1377 εἰρηνεύειν,
1384 1305 1519 1377 ἐμοῦ
1550 1322 1633 1359 σοι
1661 1302 1959 1376 πολεμοῦν-

376 1410 467 1458 τος
493 1411 510 1461 ς

456 1506 476 1538 ι
515 1487 623 1542 Καὶ
654 1488 932 1561 διαφθερῶ
988 1507 1072 1559 σε,
1103 1491 1199 1545 καὶ
1229 1490 1413 1546 οὐκέτι
1447 1491 1636 1561 ἀνήσω
1677 1490 1896 1553 αὐτούς.
1935 1508 1955 1542 ι

376 1577 475 1643 Τδ,
508 1578 591 1642 σέ,
623 1579 737 1644 καὶ,
782 1579 1002 1647 αὐτούς,
1029 1580 1173 1636 κατὰ
1224 1581 1320 1636 τοῦ
1352 1582 1520 1636 αὑτοῦ
1570 1585 1748 1636 κεῖται
1773 1599 1788 1615 ο
1823 1578 1960 1652 φησὶ

373 1667 433 1723 δὲ
465 1669 564 1742 τήν
598 1671 975 1744 Ἰερουσαλὴμ,
1003 1672 1240 1736 καὶτοὺς
1267 1671 1725 1744 ἀπειλουμένους.

2049 769 2199 809 nem.

2125 845 2186 900 V.
2217 848 2271 901 4.
2302 864 2320 897 ι
2350 844 2576 917 Propter
2598 846 2924 902 Manassem.
2962 866 2979 898 ι
3024 847 3125 903 Hic
3171 847 3377 903 Judaais
3418 846 3637 901 idolola-

2052 944 2199 991 trare
2222 937 2513 1006 persuasit.
2547 936 2756 992 Dicitur
2784 948 2840 994 et
2869 939 3193 1010 prophetam
3227 941 3423 997 Isaiam
3472 939 3639 996 disse-

2053 1042 2260 1084 (301886.

2128 1121 2193 1176 γ.
2223 1120 2307 1175 5.(
2330 1120 2439 1176 Aut
2475 1121 2599 1191 quis
2615 1122 2863 1177 curvabit
2891 1138 2951 1178 se
2976 1124 3042 1178 ad
3074 1139 3263 1195 pacem
3295 1125 3439 1181 tibi?
3464 1146 3482 1180 ι
3508 1125 3641 1192 Quis

2056 1219 2206 1267 metu
2231 1211 2580 1268 cohibebitur
2598 1228 2670 1268 ne
2702 1222 2755 1269 te
2784 1214 3197 1286 atiligat?quasi
3215 1215 3394 1272 dicat:
3422 1217 3634 1273 Nullus.

2059 1304 2169 1360 Aut
2197 1304 2339 1375 quis,
2370 1304 2567 1375 inquit,
2599 1312 2780 1361 tecum
2799 1321 2989 1377 pacem
3013 1307 3227 1379 jungat,
3258 1323 3383 1365 eum
3411 1323 3512 1380 ego
3543 1309 3640 1364 tibi

2059 1398 2261 1454 bellum
2292 1397 2567 1454 inferam?

2138 1490 2200 1547 V.
2237 1492 2289 1548 6.
2327 1512 2346 1546 ι
2382 1490 2452 1547 Ει
2477 1489 2790 1561 disperdam
2823 1500 2898 1554 te,
2929 1497 3123 1546 etnon
3172 1492 3313 1546 ultra
3367 1492 3641 1547 dimittam
3756 1512 3759 1517 ί

2061 1596 2177 1641 eos.
2226 1600 2246 1634 δ
2286 1580 2373 1647 Te,
2403 1590 2460 1636 et
2488 1597 2593 1646 eos,
2639 1580 2708 1636 de
2762 1580 2956 1636 eodem
3004 1580 3294 1646 dicuntur;
3327 1580 3405 1636 ait
3458 1589 3642 1637 autem

2061 1673 2384 1742 Jerusalem,
2416 1688 2621 1744 eosque
2648 1672 2849 1743 quibus
2898 1673 3063 1728 minae
3087 1672 3389 1743 iactantur.

452 1866 473 1902 ι
518 1849 609 1905 Ἐν
646 1850 844 1917 πύλαις
871 1849 1003 1908 λαοῦ
1038 1870 1142 1926 μου
1196 1851 1606 1925 ήτεκνώθησαν.
1641 1872 1661 1908 ι
1690 1855 1759 1909 Δί
1793 1855 1960 1909 πολυ-

2138 1863 2204 1920 ν.
2233 1865 2284 1917 7.
2322 1882 2342 1915 ι
2382 1863 2441 1917 In
2473 1862 2648 1949 portis
2694 1860 2882 1933 populi
2917 1860 3022 1919 mei
3059 1860 3234 1916 orbati
3278 1859 3374 1915 ﬁlii
3432 1867 3580 1914 sunt.
3618 1878 3638 1911 ι

374 1940 629 2014 οχλοῦσαι
653 1944 838 2009 πόλεις
856 1944 953 2017 ιρη
962 1963 1053 2018 μοι
1079 1946 1391 2016 γεγόνασιν.

452 2051 472 2086 ι
524 2032 697 2106 Ὑπὲρ
730 2035 831 2107 τήν
867 2035 1053 2108 ἄμμον
1084 2036 1185 2109 τῆς
1234 2034 1532 2106 θαλάσσης.
1576 2054 1596 2089 ι
1641 2031 1964 2106 Ὑπερϐολι-

377 2122 474 2190 ut;
504 2125 533 2177 ὁ
564 2125 745 2196 λόγος.

457 2235 477 2270 ι
494 2218 887 2289 Ταλαιπωρίαν
902 2219 961 2273 ἐν
987 2219 1328 2292 μεσημϐρίᾳ.
1342 2238 1361 2272 ›
1397 2220 1509 2276 Τοῦ
1529 2217 1964 2288 Χρυσοστόμου

380 2307 494 2385 [ἀλ.
546 2311 1069 2384 Ὀλυμπιοδόψου].
1096 2313 1237 2383 Ὅρα
1276 2313 1395 2376 πῶς
1424 2313 1524 2381 τὴν
1564 2309 1838 2382 τιμωρίαν
1872 2310 1969 2362 ἐπ-

381 2399 759 2474 ήγαγεν,ὥστε
779 2401 853 2470 μὴ
866 2400 1191 2471 νομισθῆναι
1206 2399 1410 2465 ταύτας
1427 2395 1567 2454 εἶναι
1579 2399 1677 2464 τὰς
1694 2398 1966 2469 συνήθεις,

382 2492 500 2548 ἀλλ’
533 2493 706 2557 ὅντως
733 2492 1034 2563 θεηλάτους
1066 2492 1241 2555 τινάς.

461 2602 484 2639 ι
515 2584 821 2656 ’Δπέρριψα
848 2584 937 2638 ἐπ’
957 2583 1129 2655 αὐτὴν
1160 2582 1422 2655 ἐξαίφνης
1454 2582 1678 2653 τρόμον.
1706 2599 1725 2632 ι
1746 2580 1972 2652 Ἀπροσ-

384 2676 659 2748 δοκήτως.
1822 2700 1827 2707 -

466 2787 487 2821 ι
532 2767 831 2838 Ἐκενώθη.
876 2767 1069 2821 Ἐπὲδυ
1095 2768 1124 2821 ό
1152 2766 1303 2837 ἥλιος
1336 2764 1423 2819 ἐπ’
1450 2764 1588 2836 αὐτῇ
1616 2804 1630 2828 ,
1658 2763 1739 2825 ἔτι
1773 2762 1970 2833 μεσού-

389 2876 492 2933 σης
514 2860 618 2930 ,τῆς
648 2858 880 2931 ἡμέρας.
917 2877 938 2911 ν
962 2856 963 2859 “
984 2858 1122 2911 Ὑπὸ
1151 2857 1245 2912 τοῦ
1274 2856 1515 2929 πλήθους
1532 2855 1644 2909 τῶν
1676 2854 1968 2925 πολεμίων·

386 2951 426 3023 ἢ
449 2952 531 3007 ὃτι
558 2950 840 3020 αἰφνιδίως
875 2951 1188 3021 συμφοραῖς
1225 2947 1802 3018 καταλαμϐανόμενοι,
1852 2946 1975 3000 οὐδὲ

389 3042 484 3098 τὸν
514 3044 665 3116 ήλιον
696 3043 803 3098 ὑπὸ
828 3043 928 3114 τῆς
949 3042 1196 3114 ταραχῆς
1222 3041 1534 3113 βλέπουσιν.

471 3153 496 3188 ι
526 3133 687 3206 Οἴμοι
717 3132 942 3203 ἑγὼ,ὼς
969 3132 1114 3195 τίνα,
1148 3132 1347 3203 μῆτερ,
1378 3133 1445 3201 μὲ
1479 3129 1667 3194 ἔτεκες
1694 3128 1867 3199 ἄνδρα
1893 3128 1975 3181 δι-

392 3225 695 3297 καζόμενον
752 3223 850 3279 καὶ
899 3224 1311 3293 διακρινόμενον
1340 3223 1492 3294 πάσῃ
1531 3224 1597 3293 τῇ
1628 3223 1738 3292 γῇς
1778 3239 1798 3272 ι
1834 3219 1977 3289 Πρὸς

398 3320 498 3393 μὲν
548 3319 711 3390 ῥητὸν
732 3361 747 3386 ,
779 3319 862 3373 ὅτι
892 3318 1004 3381 τοῖς
1038 3314 1520 3386 ψευδοπροφήταις
1553 3312 1811 3380 ἀντέλεγε
1836 3352 1850 3376 ,
1886 3312 1981 3364 καὶ

395 3410 534 3487 πρὸς
569 3413 697 3477 τοὺς
737 3407 1192 3483 παρανομοῦντας
1231 3406 1542 3471 ἐδικάζετοο
1585 3403 1723 3475 πρὸς
1769 3402 1828 3456 δὲ
1861 3402 1979 3456 διά-

394 3524 568 3572 νοιαν,
598 3505 689 3559 διὰ
716 3504 780 3557 τὸ
818 3502 920 3575 τήν
959 3501 1240 3572 ἁμαρτίαν
1284 3497 1611 3570 πολυμερῶς
1655 3493 1983 3567 περισύρειν

395 3605 498 3671 τήν
527 3598 863 3669 ἀγαθότητα.

477 3710 498 3745 ι
547 3689 685 3745 Οὔτε
727 3688 1011 3759 ὠφέλησεν
1059 3704 1127 3758 με
1159 3684 1354 3749 οὐδείς.
1395 3702 1413 3734 ι
1445 3683 1574 3738 ’Ότι
1599 3684 1750 3738 οὐδὲν
1778 3684 1808 3737 ό
1846 3699 1986 3754 προ-

405 3782 635 3855 φητικδς
659 3780 818 3850 λόγος
841 3780 944 3849 τῆς
970 3776 1249 3847 ἁμαρτίας
1277 3775 1611 3846 ἀπήλλαξεν,
1636 3774 1712 3840 ὡς
1740 3775 1799 3842 ἐξ
1824 3775 1986 3845 ἀνάγο

405 3891 513 3946 κης
537 3872 746 3927 δεῖσθαι
767 3873 866 3941 τῆς
891 3870 979 3924 διὰ
1008 3867 1249 3942 Χριστοῦ
1282 3866 1736 3938 ἀπολυτρώσεως.

482 3981 504 4017 ι
543 3963 606 4016 Ἦ
632 3961 784 4033 ἰσχύς
801 3979 904 4032 μου
929 3960 1173 4025 ἐξέλιπεν
1190 3958 1250 4012 ἓν
1264 3959 1379 4022 τοῖς
1396 3956 1812 4031 καταρωμένοις
1838 3972 1927 4027 με.
1959 3974 1980 4011 ι

408 4054 536 4118 Τοῖς
566 4053 918 4108 ἐπιϐουλεῦον
926 4052 978 4107 σί
1009 4068 1122 4122 μοι.

482 4164 504 4198 ι
540 4145 776 4209 Γένοιτο,
804 4143 1072 4203 Δέσποτα,
1109 4138 1549 4195 κατευθυνόντων
1568 4139 1802 4195 αὐτῶν.»
1831 4139 1981 4202 Εἴθε,

407 4238 567 4311 φησὶ,
591 4235 960 4308 κατηύθυναν,
983 4232 1082 4287 xui.
1114 4230 1457 4304 ἐπέστρεψαν
1490 4230 1625 4302 πρὸς
1652 4231 1734 4295 σὲ,
1770 4232 1847 4295 ὡς
1876 4233 1988 4285 πά-

408 4331 492 4386 λιν
535 4328 762 4401 ἔδεόμην
804 4327 942 4397 ὑπὲρ
980 4324 1195 4392 αὐτῶν,
1228 4326 1323 4380 καὶ
1367 4324 1531 4397 ᾔτουν
1555 4324 1740 4388 αὐτοῖς
1782 4324 1988 4394 ἀγαθὰ,

411 4423 508 4480 καὶ
558 4420 732 4477 ταῦτα
780 4417 992 4491 ἐχθρῶν
1052 4433 1142 4489 μοι
1195 4416 1367 4471 όντων
1419 4415 1623 4483 αὐτῶν,
1684 4417 1778 4470 καὶ
1832 4416 1991 4470 πολεο

415 4509 577 4584 μιων.

376 4614 386 4644 λ
490 4622 508 4654 ι
551 4602 612 4655 Εἰ
658 4601 1031 4670 γνωσθήσεται
1076 4599 1313 4670 σίδηρος,
1343 4599 1440 4653 καὶ
1478 4600 1822 4671 περιϐόλαιον
1858 4599 1992 4671 χαλ-

412 4693 513 4749 κοῦ
536 4697 569 4764 ἡ
606 4694 760 4764 ἰσχύς
787 4710 917 4757 σου;
956 4714 973 4745 ι
1016 4694 1113 4746 Ἐκ
1134 4690 1271 4746 Θεοῦ
1302 4693 1437 4762 πρὸς
1474 4692 1563 4744 τὸν
1591 4693 1721 4744 λαὸν
1750 4692 1779 4743 ό
1810 4692 1987 4760 λόγος.

412 4786 537 4841 Κᾶν
564 4786 784 4856 ἰσχυρὸς
804 4781 1088 4859 ᾖς,φησὶν,
1111 4786 1184 4848 ὡς
1203 4784 1420 4856 σίδηρος
1442 4784 1474 4856 ἢ
1498 4785 1716 4855 χαλκδς,
1734 4786 1895 4857 περιέ
1910 4805 1994 4839 το-

418 4882 518 4951 μαί
546 4897 664 4936 σου.

490 4992 510 5024 ι
544 4972 655 5027 Καὶ
678 4971 802 5033 τοὺς
828 4969 998 5041 θησαυ
1010 4968 1133 5039 ρούς
1163 4986 1255 5022 σου
1280 4971 1355 5031 si;
1377 4971 1655 5040 προνομὴν
1680 4969 1835 5024 δώσω
1866 4973 1995 5025 ἀντ-

415 5063 668 5133 άλλαγμα
704 5061 792 5117 διὰ
844 5062 1024 5123 πάσας
1062 5060 1155 5123 τὰς
1201 5061 1475 5131 ἁμαρτίας
1538 5078 1654 5114 σου.
1698 5081 1715 5111 ι
1752 5063 1816 5114 Τί
1848 5065 1997 5117 ἐστιν

413 5154 844 5225 ἀντάλλαγμα;
866 5153 1016 5207 Ἀντὶ
1035 5153 1146 5205 τῶν
1167 5153 1456 5223 ἁμαρτιῶν
1486 5170 1577 5205 σου
1601 5153 1757 5207 δώσω
1775 5155 1840 5207 τὰ
1857 5156 1998 5225 χρή-

409 5248 572 5321 ματά
610 5264 705 5302 σου
744 5249 838 5301 καὶ
871 5246 969 5318 τὴν
1002 5245 1154 5318 ἰσχύν
1199 5263 1316 5312 σου,
1364 5245 1555 5318 ἐπειδὴ
1602 5247 1789 5310 αὐτοῖς
1834 5247 1997 5320 ἐθάρ-

423 5342 573 5413 ρουν.

497 5455 517 5487 ι
555 5435 726 5491 Γνῶθι
753 5436 827 5499 ὡς
859 5435 1051 5489 ἔλαϐον
1077 5432 1204 5505 περὶ
1238 5432 1331 5486 co]
1387 5428 1711 5500 ὀνειδισμόν.
1750 5449 1766 5481 ι
1824 5431 1998 5503 Ταχὺ,

425 5530 504 5603 μὴ
540 5528 835 5602 $9155an-

498 5641 517 5674 ι
555 5622 665 5677 Καὶ
686 5621 839 5674 ἔσται
875 5620 903 5673 ό
934 5619 1088 5688 λόγος
1126 5635 1220 5672 σου
1250 5618 1372 5688 ἐμοὶ
1403 5618 1483 5680 εἰς
1514 5617 1857 5688 εὐφροσύνην
1909 5618 2004 5670 καὶ

424 5714 602 5787 χαρὰν
650 5713 879 5784 καρδίας
936 5729 1060 5782 μου.
1104 5732 1124 5765 ι
1162 5712 1281 5765 Ἵνα
1339 5708 1479 5780 μετὰ
1522 5711 1697 5780 χαρᾶς
1747 5709 2006 5781 προφέρω

428 5809 497 5861 τὰ
527 5807 591 5861 σα
618 5806 799 5874 λόγια,
838 5803 1035 5876 μηκέτι
1068 5802 1159 5859 ὑπ’
1184 5802 1364 5859 αὐτῶν
1389 5801 1824 5872 ἀντιλεγόμενος.

2067 1953 2547 2026 Frequentissimze
2574 1953 2822 2009 civitates
2852 1952 3111 2009 desolata:
3146 1961 3296 2008 sunt.

2141 2045 2207 2103 ν.
2237 2046 2292 2101 8.
2329 2064 2349 2098 ι
2387 2044 2567 2117 Super
2593 2060 2815 2101 arenam
2847 2045 3030 2101 maris.
3079 2062 3100 2096 ι
3138 2043 3535 2115 Hyperbolicus
3560 2041 3650 2097 hic

2071 2153 2272 2196 sermo.

2150 2250 2169 2283 ι
2198 2230 2471 2286 Miseriam
2499 2230 2555 2283 in
2585 2227 2835 2284 meridie.
2858 2247 2877 2281 ι
2903 2227 3371 2303 Chrysostomﬂal.
3392 2230 3645 2307 Olymp.].

2073 2322 2209 2379 Vide
2238 2323 2514 2394 quomodo
2551 2336 2745 2392 pugnas
2770 2320 3066 2388 indixerit,
3106 2332 3166 2378 ut
3227 2339 3301 2380 ne
3362 2335 3654 2383 consuetas

2075 2431 2170 2471 eas
2193 2430 2317 2471 esse
2346 2414 2469 2485 quis
2491 2421 2727 2483 putaret,
2761 2414 2857 2469 sed
2890 2429 3019 2469 vere
3055 2431 3086 2468 a
3112 2414 3224 2469 Deo
3247 2414 3446 2471 illatas.

2152 2616 2171 2649 ι
2202 2595 2365 2665 lnjeci
2393 2608 2560 2663 super
2586 2608 2707 2649 eam
2740 2601 2967 2665 repente
3005 2602 3319 2649 tremorem.
3366 2613 3386 2647 ι
3451 2593 3657 2650 Practer

2077 2686 2560 2757 exspectationem.

2152 2778 2217 2834 V.
2243 2779 2298 2837 9.
2336 2798 2353 2831 ι
2380 2777 2565 2833 Vacua
2589 2777 2731 2833 facta
2764 2785 2869 2832 est.
2890 2778 3102 2834 Occidit
3134 2778 3211 2833 sol
3240 2777 3312 2839 ei.
3334 2793 3458 2833 cum
3478 2777 3657 2833 adhuc

2079 2875 2292 2930 modius
2329 2873 2446 2928 dies
2479 2878 2644 2927 esset.
2671 2888 2690 2923 ι
2726 2868 2820 2926 Vel
2863 2880 3086 2941 propter
3124 2869 3366 2925 hostium
3410 2870 3659 2924 multitu-

2079 2966 2295 3033 dinem;
2321 2965 2412 3020 vel
2432 2964 2579 3034 quia,
2602 2963 2902 3033 repentinis
2931 2962 3109 3019 allecti
3130 2960 3555 3027 calamitatibus,
3587 2977 3660 3016 ne

2080 3057 2253 3112 solem
2284 3054 2504 3126 quidem
2534 3069 2647 3125 pra:
2669 3052 2992 3109 confusione
3025 3052 3231 3108 vident.

2156 3146 2219 3201 V.
2254 3138 2341 3202 l0.
2388 3165 2407 3197 ι
2435 3144 2552 3200 Heu
2582 3161 2690 3209 me,
2732 3153 2909 3199 mater
2939 3160 3079 3208 mea,
3107 3159 3278 3213 quare
3309 3143 3544 3215 genuisti
3574 3160 3661 3199 me

2080 3237 2279 3303 virum,
2321 3236 2411 3307 qui
2437 3235 2654 3307 judicer
2683 3244 2737 3290 et
2767 3235 3049 3291 discernar
3078 3235 3224 3288 omni
3259 3233 3455 3288 terrm?
3478 3252 3496 3284 ι
3527 3233 3661 3288 Jux-

2084 3340 2135 3386 ta
2176 3331 2438 3394 litteram,
2490 3329 2636 3400 quod
2690 3322 3182 3398 pseudoprophetis
3230 3328 3655 3392 contradieebat,

2083 3435 2312 3489 cumque
2348 3418 2514 3487 impie.
2538 3416 2825 3489 agentibus
2852 3413 3097 3487 litigabat
3124 3432 3139 3479 ;
3172 3413 3327 3484 juxta
3357 3428 3488 3469 vero
3518 3415 3662 3467 inte-

2083 3510 2282 3565 riorem
2314 3524 2556 3573 sensum,
2588 3506 2715 3577 quia
2746 3507 2910 3562 variis
2944 3506 3121 3560 modis
3151 3504 3411 3575 iniquitas
3434 3505 3665 3559 circum-

2083 3605 2192 3677 agit
2220 3604 2539 3658 bonitatem.
3588 3658 3595 3663 ἱ

2162 3714 2183 3750 ι
2218 3696 2329 3751 Nec
2367 3692 2568 3765 profuit
2600 3692 2735 3748 mihi
2761 3692 3066 3763 quisquam.
3094 3709 3112 3741 ι
3138 3690 3294 3756 Quod
3316 3689 3667 3760 prOphcticus

2086 3805 2269 3847 sermo
2305 3789 2455 3845 nullo
2493 3788 2655 3843 modo
2682 3787 2934 3843 liberavit
2963 3804 2995 3842 a
3040 3793 3304 3856 peccato;
3344 3782 3415 3839 ita
3448 3792 3507 3838 ut
3565 3798 3665 3839 ne-

2087 3884 2325 3940 cessario
2349 3898 2486 3954 opus
2524 3890 2673 3939 esset
2710 3882 2882 3936 salute
2914 3896 3010 3952 per
3043 3879 3342 3935 Christum.

2164 3997 2184 4029 ι
2218 3976 2500 4032 Fortitudo
2546 3991 2667 4030 mea
2717 3973 2915 4030 defecit
2970 3973 3026 4028 in
3076 3972 3162 4027 his
3199 3972 3290 4042 qui
3332 3969 3667 4026 maledicunt

2089 4070 2247 4126 mihi.
2282 4088 2300 4121 ι
2339 4068 2442 4135 Qui
2470 4066 2604 4123 mihi
2636 4066 2983 4121 insidiantur.

2158 4159 2333 4215 v.11.
2362 4177 2381 4211 ι
2405 4157 2543 4225 Fiat,
2562 4157 2814 4221 Domine,
2840 4154 3197 4229 dirigentibus
3224 4154 3347 4210 illis.
3378 4174 3396 4207 ο
3423 4152 3668 4221 Utinam,

2090 4254 2185 4320 ait,
2216 4268 2274 4309 se
2303 4250 2599 4324 dirigerent
2627 4257 2683 4305 et
2710 4256 3163 4305 converterentur
3182 4248 3246 4303 ad
3284 4256 3355 4312 te,
3385 4255 3446 4302 ut
3472 4247 3668 4303 iterum

2089 4363 2189 4419 pro
2214 4347 2321 4402 illis
2358 4346 2427 4402 ad
2459 4354 2510 4400 te
2546 4358 2737 4416 preces
2765 4341 3127 4409 cilunderem,
3163 4351 3218 4396 ct
3246 4350 3490 4412 peterem
3541 4338 3672 4411 ipsis

2091 4439 2258 4506 bona,
2286 4438 2445 4508 idque
2476 4434 2659 4491 hostili
2689 4434 2874 4491 animo
2901 4434 2953 4488 in
2991 4449 3077 4488 me
3105 4430 3336 4488 affectis.

2021 4514 2069 4572 ί)
2164 4528 2231 4584 ν.
2264 4530 2350 4584 12.
2391 4548 2409 4581 ι
2446 4527 2501 4583 Si
2530 4535 2888 4599 cognoscetur
2920 4526 3149 4590 ferrum,
3178 4534 3234 4581 ct
3284 4525 3671 4580 vestimentum

2092 4638 2304 4677 reneum
2333 4621 2592 4676 fortitudo
2626 4620 2755 4675 tua?
2781 4640 2800 4672 ι
2833 4618 2927 4675 Dei
2961 4619 3121 4673 verba
3156 4619 3223 4673 ad
3261 4618 3518 4688 populum
3543 4634 3555 4669 :
3584 4616 3674 4670 Li-

2095 4722 2202 4777 cet,
2230 4713 2425 4779 inquit,
2461 4712 2535 4765 sis
2567 4711 2823 4766 robustus
2856 4718 2914 4765 ut
2943 4710 3171 4775 ferrum,
3201 4709 3283 4765 vel
3319 4726 3414 4775 tes,
3447 4724 3675 4779 superno

2097 4803 2164 4856 bo
2197 4811 2265 4856 te.

2170 4979 2233 5034 V.
2275 4979 2352 5033 l3.
2388 4977 2483 5033 ιΕι
2509 4978 2793 5033 thesauros
2822 4987 2943 5032 tuos
2968 4977 3019 5029 in
3050 4949 3585 5043 till‘L‘pllOllCllltlttbO,
3622 4978 3673 5021 et

2099 5078 2581 5129 cotttluulationem
2612 5079 2834 5142 propter
2864 5068 3045 5123 onmia
3081 5072 3298 5136 peetata
3341 5075 3452 5115 tua.
3481 5082 3499 5112 ι
3535 5061 3678 5127 Quid

2100 5176 2201 5226 est,
2221 5165 2718 5219 conrmulationem.’
2741 5162 2845 5216 Pro
2874 5158 3111 5230 peccatis
3146 5156 3251 5209 tuis
3271 5154 3474 5209 tradam
3513 5168 3678 5223 pecu-

2102 5260 2248 5315 niam
2307 5265 2474 5321 tuam,
2530 5266 2582 5309 ct
2643 5255 2811 5308 robur
2872 5261 3045 5312 tuum,
3096 5247 3359 5318 quoniam
3403 5246 3508 5301 illis
3546 5245 3678 5300 lide-

2103 5351 2253 5406 bant.

2176 5441 2236 5497 ν,
2274 5439 2359 5493 15.
2388 5457 2404 5490 ι
2432 5437 2580 5491 Scito
2595 5433 2850 5504 quoniam
2880 5430 3059 5499 accepi
3085 5446 3181 5499 pro
3202 5428 3674 5498 πιτυίψιυῖηήιιιιι.ι

2104 5535 2224 5590 Cito
2248 5575 2262 5593 .
2296 5549 2362 5587 ne
2396 5530 2596 5586 tardes.

2181 5644 2199 5675 ι
2233 5623 2296 5677 Et
2326 5623 2431 5677 erit
2460 5620 2589 5675 mihi
2619 5617 2845 5673 verbum
2906 5623 3057 5668 tuum
3091 5614 3143 5668 in
3192 5610 3458 5675 lattitiam,
3511 5619 3566 5665 et
3628 5611 3682 5665 in

2107 5716 2361 5795 gaudium
2423 5712 2602 5769 cordis
2641 5711 2767 5763 mci.
2805 5728 2822 5759 ι
2861 5707 2933 5763 Ut
2990 5722 3113 5760 eum
3158 5704 3354 5776 gaudio
3405 5712 3686 5757 sermones

2111 5788 2236 5861 tuos
2268 5788 2512 5871 eloquar,
2546 5800 2749 5856 nullam
2781 5796 3010 5870 posthac
3056 5795 3125 5851 ab
3159 5794 3261 5850 illis
3301 5788 3686 5852 ctmtradictio-

2113 5911 2239 5953 nem
2263 5895 2496 5967 patiens.
