4122 6210
371 381 496 448 665'

1480 381 1944 446 FRAGMENTA
1973 387 2056 449 IN
2091 389 2508 454 JEREMIAM.

3519 400 3625 462 666

372 509 492 548 πων
547 493 684 564 μετά
741 494 840 567 τὴν
896 494 1096 565 γνῶσιν
1127 495 1571 568 ἁμαρτανόντων,
1611 498 1692 552 διὸ
1725 499 1947 553 διπλοῦν

2053 504 2288 559 scientes
2354 513 2620 575 peccant,
2670 517 2998 579 quapropter
3067 510 3228 581 dupla
3289 508 3626 580 plectuntur

378 585 771 658 τιμωροῦνται.

450 697 468 728 ι
515 679 602 730 Ἐν
649 683 761 743 τοῖς
817 679 1182 751 θνησιμαίοις.
1219 700 1238 733 ι
1299 681 1390 735 Ἐν
1433 684 1548 745 τοῖς
1598 685 1812 758 νεκροῖς
1849 682 1948 751 τῆς

376 770 648 840 ἁμαρτίας
673 770 857 842 ἔργοις
882 789 896 805 ο
922 771 1264 852 βδελύττεται
1290 773 1347 826 δὲ
1381 775 1473 826 καὶ
1501 774 1570 826 ta
1592 773 1890 843 θνησιματα
1921 775 1949 827 ὁ

376 861 560 930 νόμος.

451 970 470 1002 ι
495 954 639 1023 Πρὸς
669 954 729 1006 σέ
751 953 900 1019 ἔθνη.
931 972 949 1006 ι
979 955 1123 1025 Πρὸς
1145 955 1235 1008 τὸν
1268 955 1474 1024 Κύριον
1489 956 1719 1025 Ἰησοῦν,
1737 957 1863 1027 περὶ
1887 951 1949 1011 οὗ

385 1043 695 1116 γέγραπται
720 1062 733 1076 ’
769 1047 880 1101 Kal
901 1047 993 1099 ἐπ’
1029 1047 1188 1113 αὐτῷ
1214 1046 1357 1116 ἔθνη
1392 1049 1736 1103 ἐλπιοῦσιν.

452 1250 473 1286 ο
504 1232 565 1284 Εἰ
598 1233 832 1304 ποιήσει.
871 1251 890 1284 ι
919 1233 992 1285 Τὸ
1020 1233 1120 1302 τῆς
1150 1233 1634 1303 ἐνανθρωπήσεως.

456 1343 475 1376 ι
505 1325 616 1377 Kal
637 1325 874 1396 γνωριῶ⁸
914 1343 932 1377 ι
971 1325 1030 1379 '0
1057 1326 1248 1397 Πατήρ
1273 1329 1420 1379 ἐστιν
1442 1329 1468 1378 ό
1493 1326 1666 1395 λέγων
1694 1325 1948 1398 περὶτοῦ

383 1416 746 1485 Μονογενοῦς.

979 1508 1226 1560 ΚΕΦΑΛ.
1256 1509 1353 1562 IZ'.

455 1616 475 1651 ι
527 1599 980 1670 Ἐπικατάρατος.
1020 1618 1039 1650 ι
1088 1600 1203 1668 Ἐφ’
1234 1600 1447 1662 ἑαυτὸν,
1480 1601 1512 1670 ἢ
1545 1602 1638 1654 καὶ
1664 1599 1852 1671 ἕτερόν
1878 1617 1953 1653 τιο

377 1706 442 1742 να
470 1706 486 1721 ’
515 1688 546 1760 ἢ
569 1691 662 1742 καὶ
690 1692 719 1742 ό
757 1689 993 1758 νομίζων
1039 1689 1194 1759 ψιλὸν
1229 1691 1519 1760 ἄνθρωπον
1546 1687 1689 1744 εἶναι
1717 1691 1808 1744 τὸν
1838 1692 1952 1743 Σω-

375 1781 518 1852 τῆρα
544 1781 798 1852 Χριστὸν,
823 1783 917 1835 καὶ
952 1783 1026 1852 μὴ
1058 1783 1191 1835 Θεὸν
1229 1783 1754 1855 ἐνανθρωπήσαντα.

451 1893 470 1925 ι
510 1875 620 1928 Kal
650 1875 916 1946 στηρίσει.
952 1894 970 1927 ι
1005 1877 1114 1930 Kal
1137 1875 1412 1940 πεποιθὼς
1504 1877 1596 1929 ἐπὶ
1623 1879 1690 1947 τῇ
1714 1876 1939 1946 δυνάμει

378 1966 567 2021 αὑτοῦ.

394 2088 398 2090 -
453 2077 471 2110 ι
513 2060 622 2112 Kal
653 2057 808 2114 ἔσται
829 2060 908 2124 ὡς
940 2059 973 2132 ἠ
1002 2061 1396 2132 ἀγριομυρίκη.
1430 2081 1449 2112 ›
1488 2060 1658 2114 Τοῦτο
1687 2061 1749 2113 τὸ
1780 2061 1948 2129 φυτὸν

375 2150 473 2205 καὶ
511 2151 568 2205 ἐν
600 2152 678 2222 τῷ
704 2151 804 2223 ζῇν
833 2153 1099 2222 ἡμιθανές
1121 2155 1236 2206 ἐστι
1267 2154 1360 2205 καὶ
1390 2152 1729 2222 κεκαυμένον
1760 2170 1772 2183 ·
1792 2152 1949 2218 λέγε⁴

374 2254 463 2294 ται
493 2243 549 2296 δέ
575 2243 958 2313 ἀποθνήσκειν,
981 2245 1109 2298 ὅταν
1134 2243 1286 2307 ὑετὸς
1326 2243 1453 2316 ἔλθῃ
1486 2247 1573 2298 ἐπ’
1595 2245 1760 2314 αὐτῷ.
1796 2246 1853 2298 Ὀ
1875 2244 1948 2315 μὴ

377 2333 648 2386 πιστεύων
677 2335 759 2388 ὅτι
793 2335 924 2398 Θεός
974 2335 1122 2389 ἐστιν
1170 2334 1600 2406 ἐνανθρωπήσας
1627 2338 1655 2389 ό
1691 2335 1947 2406 Χριστὸς,

375 2423 484 2478 τῶν
513 2425 611 2495 τῆς
637 2426 941 2495 παρουσίας
971 2424 1136 2479 αὐτοῦ
1167 2424 1392 2494 ’ἀγαθῶν
1416 2427 1516 2478 οὐκ
1545 2426 1860 2482 ἀπολαύσει.

454 2535 472 2567 ι
515 2517 625 2569 Kal
661 2516 1099 2588 κατασκηνώσει.
1133 2537 1151 2569 ι
1176 2518 1381 2589 Ἀλιμα
1405 2518 1601 2589 βοτάνη
1630 2519 1800 2582 ἐστὶν,
1831 2513 1950 2571 εἶτα

378 2606 610 2661 πολλῶν.

453 2719 472 2752 ε
514 2700 710 2753 Κοιὶοῦ
766 2700 1154 2771 φοϐηθήσεται.
1183 2719 1203 2752 ι
1271 2701 1357 2754 Ἐν
1399 2699 1575 2771 καιρῷ
1611 2696 1944 2770 πειρασμοῦ,

377 2792 564 2864 φησίν.

451 2904 469 2936 ι
502 2887 608 2938 Kal
635 2885 808 2940 ἔσται.
848 2903 866 2935 ι
903 2883 1166 2946 Εὐθαλεῖς
1199 2885 1402 2955 καρποὶ
1445 2885 1545 2955 τῆς
1571 2883 1794 2954 ἀρετῆς,
1851 2899 1951 2935 πε-

382 2977 727 3046 ρισκέποντες
757 2977 917 3031 αὐτὸν
946 2979 1002 3029 ἐν
1030 2979 1143 3039 τοῖς
1170 2977 1521 3047 πειρασμοῖς.

452 3083 470 3116 ι
517 3064 607 3117 Ἐν
651 3064 903 3135 ἐνιαυτῷ.
949 3083 966 3116 ι
1013 3064 1072 3118 Ὀ
1120 3065 1366 3129 ἐνιαυτὸς
1400 3064 1601 3127 κύκλος
1643 3061 1792 3116 ἐστίν
1819 3079 1834 3093 θ
1893 3063 1952 3114 ἐν

2049 611 2230 667 prima.

2124 705 2141 737 ι
2167 686 2222 740 ln
2245 691 2564 744 morticinis.
2598 708 2616 741 ι
2653 691 2709 744 In
2741 690 2967 761 mortuis
2998 691 3302 762 iniquitatis
3323 693 3618 762 operibus:

2049 779 2390 835 abominetur
2417 797 2546 837 vero
2569 783 2652 836 lex
2673 790 2726 837 et
2755 783 3060 838 morticina.

2121 957 2185 1012 V.
2219 959 2304 1014 l9.
2370 977 2389 1010 ι
2422 959 2500 1011 Ad
2537 965 2588 1011 te
2634 966 2843 1028 gentes.
2886 977 2904 1009 ι
2940 957 3021 1011 Ad
3074 955 3364 1011 Dominum
3415 955 3623 1022 Iesum,

2051 1049 2117 1103 de
2173 1065 2280 1118 quo
2328 1048 2588 1118 scriptum
2639 1056 2766 1102 est:
2826 1047 2896 1100 Et
2954 1047 3012 1100 in
3061 1048 3173 1116 ipso
3217 1056 3391 1116 gentes
3439 1061 3625 1115 spera-

2055 1142 2180 1194 bunt
2208 1133 2270 1195 η.

2127 1232 2186 1285 V.
2214 1233 2306 1286 20.
2337 1251 2354 1282 ι
2379 1232 2432 1286 Si
2459 1232 2660 1286 faciet.‘
2681 1248 2699 1281 ι
2727 1229 3126 1285 lncarnationis
3164 1229 3501 1300 mysterium.
3546 1219 3553 1226 ’

2124 1342 2142 1376 ι
2183 1325 2248 1378 Et
2276 1333 2459 1378 notam
2489 1323 2704 1378 faciam.
2743 1341 2763 1372 ι
2795 1321 2953 1376 Pater
2973 1331 3058 1376 est
3085 1320 3177 1391 qui
3219 1321 3286 1376 de
3333 1316 3630 1390 Unigenito

2053 1406 2313 1487 loquitur.

2669 1501 2817 1558 CAP.
2852 1500 3016 1555 XVII.

2123 1597 2188 1651 ν.
2219 1598 2272 1652 5.
2301 1616 2319 1649 ι
2345 1596 2656 1650 Maledictus
2692 1595 2907 1649 homo.»
2933 1593 2992 1646 In
3031 1593 3211 1662 seipso
3244 1592 3330 1646 vel
3345 1590 3455 1644 alio
3487 1603 3626 1658 quo-

2051 1687 2218 1760 piam,
2253 1689 2338 1743 vel
2364 1689 2456 1758 qui
2481 1688 2692 1742 nudum
2725 1687 3004 1740 hominem
3051 1684 3309 1753 opinatur
3348 1681 3630 1737 Christum

2053 1784 2406 1845 Salvatorem,
2439 1790 2492 1835 et
2515 1796 2621 1835 non
2656 1779 2824 1833 Deum
2856 1778 3226 1831 incarnatum.

2123 1890 2142 1924 ι
2169 1872 2232 1927 Et
2262 1871 2516 1926 ﬁrmabit.
2559 1888 2576 1921 ›
2612 1868 2677 1922 Ει
2702 1867 2815 1922 ﬁdit
2846 1867 2900 1921 in
2924 1874 3191 1936 potestate
3217 1881 3338 1922 sua.

2120 2073 2188 2127 ν.
2215 2073 2268 2128 6.
2303 2091 2322 2123 ι
2349 2073 2415 2126 Et
2458 2070 2563 2124 erit
2609 2070 2749 2125 sicut
2795 2068 2996 2139 myrica
3042 2066 3325 2122 silvestris.
3356 2084 3390 2116 ›-
3437 2063 3627 2119 Planta

2051 2170 2166 2224 haec
2195 2167 2384 2221 vivens
2411 2163 2758 2218 semimortua
2789 2170 2892 2222 est,
2921 2162 3111 2214 adusta
3147 2177 3160 2213 :
3198 2159 3336 2213 mori
3382 2173 3512 2212 vero
3533 2157 3619 2211 di-

2051 2257 2189 2312 citur
2217 2270 2338 2309 cum
2369 2253 2541 2306 imber
2573 2250 2971 2320 supervenerit.
3006 2249 3107 2314 Qui
3139 2264 3250 2302 non
3269 2247 3444 2302 credit
3476 2246 3629 2302 Chri-

2049 2355 2194 2404 stum
2253 2360 2372 2400 esse
2427 2343 2595 2396 Deum
2648 2342 3006 2404 incarnatum,
3042 2341 3309 2395 bonorum
3363 2338 3633 2394 adventus

2051 2437 2170 2507 ejus
2236 2448 2429 2503 expers
2456 2432 2565 2486 ﬁet.

2098 2562 2110 2576 ,
2135 2544 2153 2578 ι
2183 2527 2248 2580 Ει
2286 2523 2549 2578 habitabit
2576 2521 2630 2575 in
2659 2520 2838 2576 salsis.
2870 2538 2888 2572 ›
2920 2517 3130 2572 lialima
3151 2515 3323 2571 herba
3348 2524 3432 2571 est
3460 2514 3514 2568 in
3540 2514 3630 2571 de.

2051 2628 2191 2678 serta
2215 2619 2462 2685 salsaque
2490 2623 2633 2668 terra
2663 2613 2986 2667 adnascens.

2124 2710 2186 2763 V.
2220 2709 2272 2764 8.
2301 2726 2318 2758 ι
2343 2707 2408 2760 Ει
2444 2721 2552 2759 non
2591 2704 2823 2759 timebit.
2860 2720 2878 2754 ›
2920 2699 3214 2770 Tempore,
3248 2699 3345 2762 ait.
3375 2696 3626 2752 aﬁlictio-

2052 2803 2160 2856 nis.

2127 2911 2145 2942 ι
2185 2891 2248 2946 Et
2273 2898 2452 2944 erunt.
2484 2907 2502 2939 ›
2533 2885 2741 2941 Uberes
2769 2882 2986 2936 virtutis
3007 2880 3217 2935 fructus
3238 2878 3628 2946 circumtegen-

2052 2993 2134 3038 tes
2159 2998 2284 3037 eum
2329 2982 2384 3034 in
2418 2977 2888 3034 tribulationibus.
3434 3042 3443 3046 _

2132 3094 2151 3127 ι
2185 3075 2238 3128 In
2273 3089 2443 3127 anno.
2477 3090 2495 3123 ι
2532 3073 2724 3124 Annus
2759 3065 2997 3122 circulus
3025 3073 3140 3120 est:
3167 3071 3411 3132 tempore
3441 3059 3628 3130 igitur,

377 3154 550 3225 καιρῷ
580 3152 672 3210 οὖν
695 3197 708 3221 ,
741 3156 874 3227 φησι
901 3198 914 3224 ,
949 3155 1240 3211 καθολικοῦ
1268 3154 1575 3226 πειρασμοῦ
1609 3155 1668 3206 οὐ
1704 3152 1946 3224 φοὸηϐήο

2050 3169 2144 3233 ait,
2177 3165 2444 3238 generalis
2480 3161 2786 3218 amictionis
2815 3175 2926 3214 non
2953 3157 3187 3214 timebit.

379 3263 551 3303 σεται.

454 3363 472 3396 ι
509 3343 707 3397 Βαοεῖα
736 3344 768 3413 ἡ
799 3341 1016 3414 καρδία.
1068 3360 1087 3395 ι
1122 3340 1197 3394 Τὸ
1223 3340 1323 3412 τῆς
1351 3338 1820 3409 ἐνανθρωπήσεως
1850 3335 1945 3390 τοῦ

373 3435 712 3505 Μονογενοῦς
746 3437 1044 3507 μυστήριον
1080 3433 1213 3504 βαθύ
1236 3435 1375 3497 ἐστι,
1404 3432 1499 3486 καὶ
1533 3430 1942 3500 ἀκατάληπτον.

373 3529 485 3581 Kal
527 3528 634 3598 γὰρ
687 3528 822 3597 μετὰ
857 3526 951 3578 τοῦ
1007 3521 1145 3578 εἶναι
1201 3524 1356 3586 Θεὸς,
1402 3523 1690 3592 ἄνθρωπος
1732 3520 1945 3589 γέγονε.

373 3619 468 3682 Τίς
504 3615 596 3672 οὖν
647 3617 939 3686 γνώσεται,
990 3617 1176 3686 φησὶν,
1227 3616 1260 3686 ἢ
1314 3615 1412 3686 τὴν
1471 3616 1536 3667 ἐκ
1585 3613 1798 3682 Πατρός
1851 3611 1950 3664 αὕ-

373 3709 468 3763 τοῦ
502 3711 787 3778 γέννησιν,
815 3707 848 3778 ἢ
893 3707 993 3778 τὴν
1031 3707 1169 3777 μετὰ
1195 3705 1398 3776 σαρκὸς
1425 3705 1704 3774 ἄφραστον
1734 3703 1945 3756 οἰκονο-

379 3797 510 3868 μίαν
533 3815 547 3862 ;

451 3905 470 3938 ‹
521 3886 796 3957 Ἐφώνησε
825 3883 1033 3956 πέρδιξ.
1073 3905 1091 3938 ι
1113 3886 1172 3939 '0
1198 3884 1406 3956 πέρδιξ,
1436 3882 1512 3948 ὥς
1537 3901 1719 3953 φασιν,
1745 3883 1951 3955 ὑπερή-

377 3997 542 4052 φανος
563 3979 658 4046 ὢν,
681 3980 768 4033 διὰ
796 3981 897 4050 τῆς
926 3981 1108 4049 φωνῆς
1133 3980 1258 4042 τοὺς
1283 3978 1598 4048 ἀλλοτρίους
1620 3976 1952 4048 προσκαλεῖ-⁷

376 4092 463 4128 ται
500 4075 767 4138 νεοττούς.
798 4074 1008 4134 Οἴτινες
1047 4072 1264 4141 γνόντες
1305 4070 1531 4141 ὕστερον
1559 4072 1638 4124 ὅτι
1668 4071 1767 4124 οὐκ
1801 4070 1940 4123 εἰσιν

373 4162 560 4229 αὑτοῦ,
591 4163 1094 4233 καταλιμπάνουσιν
1127 4161 1291 4215 αὐτόν
1311 4178 1324 4192 ο
1354 4159 1496 4213 οὕτω
1523 4161 1618 4212 καὶ
1661 4160 1707 4211 οἱ
1733 4159 1949 4229 ἅνθρω-

372 4274 466 4310 ποι
489 4259 534 4310 οῐ
565 4255 935 4328 ἀπατηθέντες
963 4254 1067 4308 ὑπὸ
1093 4254 1188 4308 τοῦ
1209 4253 1476 4315 διαϐόλου,
1509 4254 1636 4305 ὅταν
1659 4252 1827 4320 γνῶσι
1854 4250 1946 4304 τὸν

373 4350 578 4403 ἑαυτῶν
610 4349 952 4420 Δημιουργὺν
981 4347 1076 4402 καὶ
1111 4347 1392 4415 Δεσπότην
1431 4344 1584 4408 Θεὸν,
1614 4343 1944 4413 ἀφίστανται

373 4443 465 4494 ἀπ’
492 4440 682 4493 αὐτοῦ.

2119 3338 2184 3393 ν.
2216 3337 2269 3392 9.
2311 3334 2689 3405 «Profundum
2747 3340 2832 3386 est
2857 3346 2970 3386 cor.
3003 3348 3021 3380 ι
3056 3324 3451 3382 Incarnationis
3491 3320 3630 3377 Uni-

2048 3431 2214 3503 geniti
2257 3433 2655 3483 sacramentum
2703 3421 3034 3494 profundum
3081 3427 3185 3482 est,
3240 3431 3340 3470 nec
3377 3429 3629 3482 compre-

2048 3521 2212 3578 hendi
2273 3527 2468 3589 potest.
2522 3516 2747 3570 Manens
2799 3512 3000 3582 quippe
3039 3509 3184 3563 Deus
3239 3507 3403 3561 homo
3451 3505 3629 3560 factus

2047 3623 2150 3668 est.
2184 3611 2316 3677 Quis
2365 3610 2532 3680 igitur
2572 3610 2884 3676 cognoscet,
2931 3601 3024 3662 ait,
3068 3598 3152 3652 vel
3199 3596 3407 3650 aPatre
3457 3595 3630 3664 ipsius

2047 3704 2476 3776 generationem,
2505 3699 2592 3754 vel
2621 3712 2746 3752 cum
2785 3708 2950 3749 carne
2970 3689 3301 3746 ineffabilem
3334 3688 3623 3755 dispensa-

2051 3797 2298 3852 tionem?
3376 3844 3384 3854 δ

2117 3889 2182 3947 Y.
2217 3889 2303 3942 Η.
2338 3905 2357 3939 ι
2389 3882 2653 3941 Clamavit
2682 3880 2899 3951 perdix,
2936 3895 2956 3929 ι
2988 3885 3096 3932 etc.
3126 3873 3345 3936 Perdix,
3374 3878 3432 3924 ut
3452 3869 3623 3929 aiunt,

2047 3995 2170 4035 cum
2191 3978 2434 4032 insolens
2473 3974 2563 4038 sit,
2593 3986 2725 4027 voce
2759 3970 2964 4024 alienos
2991 3972 3253 4022 convocat
3301 3960 3495 4032 pullos.
3524 3955 3642 4023 Qui.

2048 4079 2234 4142 postea
2265 4083 2324 4123 se
2355 4067 2502 4121 illius
2522 4080 2632 4118 non
2661 4076 2786 4118 esse
2838 4064 3217 4128 agnoscentes,
3244 4051 3630 4120 derelinquunt

2047 4178 2172 4218 eum
2206 4178 2218 4213 :
2250 4161 2328 4215 sic
2353 4167 2407 4214 et
2441 4155 2693 4210 homines
2720 4169 2748 4208 a
2773 4150 2986 4207 diabolo
3033 4146 3245 4215 decepti
3269 4149 3274 4153 “
3295 4159 3419 4198 cum
3467 4155 3626 4195 suum

2047 4252 2297 4322 Opiﬁcem
2328 4249 2726 4316 Dominumque
2772 4245 2944 4298 Deum
2990 4236 3328 4311 agitaverint,
3367 4230 3630 4288 recedunt

2048 4345 2116 4399 ab
2140 4358 2226 4397 eo.

452 4551 470 4582 ι
511 4532 624 4584 Kal
663 4533 762 4583 οὐκ
806 4531 891 4583 ἐπ’
935 4530 1184 4600 ἐσχάτου.
1229 4547 1247 4582 ι
1298 4527 1513 4598 Ἐπειδὴ
1551 4527 1790 4596 ἀκρίτως
1835 4524 1944 4578 τῶν

2125 4541 2144 4574 ‹
2179 4521 2316 4576 Ειίη
2351 4518 2652 4575 novissimo
2691 4514 2796 4571 erit
2845 4512 3134 4582 insipiens.
3174 4527 3194 4560 ›
3225 4505 3496 4573 Quoniam
3540 4503 3628 4558 in-

375 4623 671 4692 ἀλλοτρίων
692 4620 1035 4691 ἐπεθύμησεν
1060 4660 1074 4685 ,
1105 4619 1332 4690 ὕστερον
1354 4619 1706 4688 ἐλεγχόμενος
1728 4615 1947 4685 δειχθή-

376 4733 528 4771 σεται
550 4714 761 4783 ἀνρρων.

449 4826 467 4858 ι
507 4805 726 4875 Θρόνος.
754 4823 771 4855 ι
807 4804 878 4855 Σὺ
908 4799 976 4865 εἷ,
1009 4803 1162 4872 φησι.
1190 4801 1414 4872 Κύριος.
1453 4802 1482 4853 ό
1508 4801 1598 4852 τὸν
1627 4799 1816 4868 Θρόνον
1847 4801 1948 4870 τῆς

371 4893 527 4965 δόξης
552 4895 690 4964 ἔχων
713 4894 806 4946 τὸν
837 4893 1056 4962 ὑψηλὸν,
1083 4893 1175 4946 καὶ
1204 4893 1264 4944 τὸ
1283 4887 1421 4944 εἶναι
1450 4893 1600 4961 ἡμῖν,
1627 4890 1722 4944 καὶ
1747 4890 1806 4942 τὺ
1832 4890 1946 4943 διά-

377 4984 558 5055 μένειν
593 4985 868 5055 παρέχων.

451 5094 470 5129 t
529 5075 1124 5146 Καταισχυνθήτωσαν.
1161 5094 1178 5126 ι
1239 5073 1302 5128 Οἱ
1362 5071 1499 5126 Θεοῦ
1546 5072 1944 5140 ἀφεστηκότες,

373 5169 528 5238 φησι.
563 5169 638 5238 μὴ
668 5170 725 5222 ἐν
753 5168 988 5238 οὐρανῷ,
1029 5168 1143 5221 ἀλλ’
1177 5169 1235 5219 ἐν
1270 5169 1339 5235 γῇ
1377 5166 1770 5236 γραφήτωσαν,
1804 5163 1948 5217 κατά

370 5258 458 5322 τὸ,
493 5257 583 5327 Γῆ
615 5254 687 5324 εἴ,
717 5259 813 5313 καὶ
846 5261 934 5323 εις
951 5256 1069 5328 γῆν
1092 5257 1424 5324 ἁπελεύσῃ.

449 5457 468 5490 ι
511 5439 620 5490 Kal
650 5440 882 5507 ἡμέραν.
912 5455 931 5488 ›
961 5436 1108 5488 Ἀντὶ
1136 5434 1253 5499 τοῦ,
1277 5433 1490 5495 οὐδενὸς
1522 5433 1629 5485 τῶν
1664 5431 1943 5503 ἀνθρωπί-

369 5549 499 5585 νων.

451 5643 468 5675 ι
499 5623 592 5695 Μὴ
618 5621 851 5692 γενηθῇς
883 5638 991 5691 μοι.
1035 5637 1054 5672 ι
1100 5619 1188 5673 Ἐν
1213 5622 1276 5691 τῇ
1302 5619 1544 5688 ἐπιπόνῳ
1573 5618 1665 5671 καὶ
1687 5619 1942 5690 ἐταστικῇ

445 5802 488 5833 ι’
511 5799 613 5856 lsa.
644 5800 812 5864 11,12;
845 5798 1003 5855 Rom.
1026 5816 1116 5865 xv,
1140 5798 1224 5853 12.
1308 5798 1350 5830 ¹⁹
1385 5796 1519 5852 Gen.
1557 5812 1639 5861 ιιι,
1680 5795 1764 5850 l9.

2051 4611 2297 4667 consulte
2331 4610 2509 4663 aliena
2559 4603 2892 4675 concupivit,
2922 4600 3140 4656 tandem
3180 4599 3499 4666 redargutus
3541 4592 3630 4646 in-

2050 4704 2255 4773 sipiens
2281 4699 2764 4757 demonstrabitur.

2121 4792 2183 4846 V.
2218 4791 2304 4845 i2.
2330 4809 2349 4841 ‹
2382 4789 2608 4844 Solium.
2642 4806 2660 4837 ι
2697 4784 2776 4838 Tu
2801 4799 2881 4846 es,
2909 4773 3412 4846 ait,Dominus,qui
3435 4770 3630 4825 solium

2047 4883 2230 4952 gloriae
2261 4880 2505 4949 possides
2535 4879 2829 4940 excelsum,
2868 4872 3138 4940 nobisque
3161 4866 3320 4937 quod
3349 4865 3520 4917 simus
3573 4864 3629 4910 et

2045 4987 2435 5031 conserventur
2464 4978 2710 5040 prmstas.

2121 5065 2181 5117 V.
2221 5065 2304 5117 15.
2375 5081 2393 5113 ι
2419 5061 2854 5115 Confundantur.
2895 5075 2912 5106 ι
2952 5055 3054 5120 Qui
3125 5050 3488 5105 recesserunt,
3539 5042 3626 5095 in-

2048 5157 2184 5226 quit,
2211 5172 2240 5208 a
2271 5156 2396 5217 Deo,
2440 5169 2544 5207 non
2578 5154 2630 5207 in
2667 5152 2826 5212 emlo,
2855 5148 2957 5203 sed
2979 5147 3034 5199 in
3089 5152 3233 5196 terra
3291 5136 3622 5198 scribantur,

2046 5251 2196 5320 juxta
2265 5246 2443 5300 illud:
2489 5263 2506 5297 ι
2559 5244 2715 5297 Terra
2769 5259 2852 5304 es,
2911 5249 2960 5294 et
3006 5239 3062 5290 in
3111 5245 3308 5287 terram
3357 5236 3624 5282 converte-

2054 5343 2127 5395 rit
2163 5340 2224 5395 ⁸³.

2124 5433 2186 5485 ν.
2223 5431 2305 5484 15.
2346 5448 2362 5480 ι
2400 5427 2461 5480 Et
2498 5427 2664 5481 diem.
2701 5443 2719 5475 ι
2753 5422 2853 5476 Pro
2877 5461 2891 5485 ,
2928 5420 3285 5473 humanarum
3318 5425 3498 5466 rerum
3539 5408 3628 5461 ni-

2053 5525 2148 5580 hil.

2118 5616 2186 5670 ν.
2222 5616 2306 5672 17.
2379 5633 2396 5667 ι
2436 5610 2584 5669 Non.
2609 5608 2706 5666 ﬁas
2754 5605 2888 5662 mihi
2942 5605 3015 5660 in
3042 5599 3446 5658 alienationem.
3480 5615 3500 5650 ι
3565 5593 3626 5650 In

2151 5723 2174 5753 Ι
