4122 6210
434 335 542 401 667

1517 330 2037 395 OLYMPIODORI
2074 331 2609 393 ALEXANDRINI

3605 328 3714 396 668

429 461 739 504 :erumnosa
771 454 827 502 et
872 444 1263 503 examinatrice
1316 443 1407 500 die
1431 443 1621 515 judicii
1650 460 1761 500 non
1800 452 1860 499 ut
1881 442 2011 499 alie-

2118 442 2217 512 τῆς
2279 441 2518 513 κρίσεως
2578 437 2765 512 ἡμέρᾳ
2824 436 2900 509 μὴ
2948 435 3023 502 ὣς
3073 437 3360 510 ἀλλότριος
3411 438 3511 493 καὶ
3558 440 3713 494 ἀντί-

431 552 538 593 nus
564 547 618 594 et
649 538 994 594 adversarius
1026 552 1309 609 oppugnes
1334 552 1441 600 me,
1484 537 1732 603 Domine,
1751 536 1848 592 sed
1891 551 2015 607 par-

431 642 565 684 Cens
581 630 716 684 mihi
738 629 937 684 delicta
971 644 1090 683 mea
1111 627 1248 685 mihi
1268 629 1506 684 remitte.

503 719 569 775 Υ.
604 723 685 777 18.
711 740 730 772 ι
755 720 1192 777 Conl'unJantur.
1220 739 1247 773 σ
1287 720 1635 777 Daemonibus
1660 728 2012 791 imprecetur,

402 864 405 867 .
430 824 542 866 non
569 811 717 865 enim
744 810 857 865 rult
891 820 1114 867 sanctus
1153 812 1234 867 vir
1277 810 1531 867 homines
1562 811 1836 881 perpetuis
1860 810 2017 865 addi-

432 916 559 956 cere
591 901 898 972 suppliciis,
936 903 1195 973 quoniam
1226 912 1280 958 et
1317 903 1621 973 iniquitatis
1644 910 1772 958 sunt
1818 901 2017 957 inven-

430 1001 599 1058 tores,
629 1002 685 1050 et
710 1002 963 1050 auctores
991 994 1305 1051 hominibus
1334 1005 1391 1052 et
1422 996 1688 1066 magistri.

499 1171 565 1233 νζ
605 1177 695 1233 24.
730 1196 749 1231 ι
775 1179 846 1235 Ut
867 1194 979 1234 non
1013 1178 1280 1235 inleratis.
1323 1197 1342 1231 ι
1379 1177 1634 1234 Mensura
1659 1187 1808 1235 certa
1851 1176 2015 1233 itinc-

428 1269 508 1325 ris
535 1279 694 1326 erat:
726 1286 866 1342 opus
902 1272 1376 1349 enimovidebatur
1401 1287 1526 1328 esse
1570 1271 1788 1342 longius
1818 1270 1917 1336 ire,
1959 1278 2017 1326 et

430 1360 538 1418 hoc
566 1370 652 1418 est
678 1363 822 1433 quod
853 1363 907 1417 in
924 1363 1152 1419 Actibus
1191 1363 1563 1434 apostolorum
1589 1361 1784 1433 legitur
1823 1376 1837 1415 :
1867 1357 2013 1415 Sab-

429 1454 542 1510 I'att'
572 1455 767 1510 habens
789 1455 890 1510 iter
921 1455 985 1511 “.
1691 1460 1695 1464 ’

503 1542 682 1601 v.27.
745 1564 766 1599 ι
795 1547 863 1601 Et
909 1546 1227 1603 accendam.
1262 1564 1281 1600 ι
1336 1544 1499 1601 Facta
1554 1541 2014 1616 inexstinguibilis

429 1633 573 1708 ignis
600 1637 879 1695 mentione
901 1637 1197 1694 meditandi
1222 1635 1381 1692 nobis
1404 1649 1591 1691 ansam
1614 1634 1840 1706 praebet,
1871 1632 2014 1705 quod

429 1728 737 1800 iniquitatis
769 1730 1013 1802 pondera
1044 1744 1156 1786 non
1183 1729 1550 1801 deponentem
1604 1727 1844 1783 animam
1899 1740 2016 1782 ma-

432 1828 529 1877 net
559 1820 700 1895 ignis
728 1828 991 1880 mternus.

1020 1931 1176 1989 CAP.
1234 1929 1423 1986 XVIII.

508 2022 571 2078 ν.
601 2022 655 2078 4.
695 2042 714 2076 ι
750 2021 817 2079 Et
846 2038 1082 2078 rursum.
1126 2042 1145 2075 ι
1179 2024 1312 2078 Eam
1352 2037 1474 2093 quae
1495 2037 1560 2078 ex
1608 2019 1883 2093 baptismo
1914 2019 2014 2076 ha-

430 2114 594 2172 betur
621 2131 818 2171 novam
848 2114 1232 2173 formationem
1266 2115 1489 2171 iudicat.

507 2224 529 2258 ι
563 2205 719 2262 Sicut
761 2207 1058 2277 placuerat.
1112 2224 1132 2259 ι
1180 2207 1299 2261 Non
1342 2207 1546 2263 bonum
1589 2206 1871 2263 voluntate
1920 2215 2017 2263 aut

428 2298 634 2354 malum
671 2314 685 2352 :
718 2298 821 2355 hoc
839 2299 986 2354 enim
1042 2298 1330 2355 electionis
1353 2306 1519 2354 estet
1565 2298 1725 2354 liberi
1778 2299 2011 2366 arbitrii,

431 2390 578 2446 unde
601 2398 656 2446 et
683 2390 1064 2461 delinquentes
1099 2390 1477 2461 pmnitentiam
1500 2405 1661 2457 agere
1688 2391 2017 2462 pracipiun-

430 2489 524 2537 tur
572 2500 587 2537 :
638 2481 735 2536 sed
797 2483 904 2537 tale
957 2498 1055 2553 per
1104 2481 1507 2538 formationem.
1582 2480 1856 2539 Docemur
1912 2483 2015 2554 igi-

435 2580 524 2627 tur
544 2587 655 2627 non
683 2570 901 2628 curiose
957 2573 1272 2629 examinare
1327 2572 1739 2643 inexplicabiles
1778 2573 2015 2629 creatio-

420 2663 521 2729 nis
547 2662 763 2718 modos.

502 2752 638 2821 ν.,9.
677 2771 695 2805 ‹
720 2751 787 2808 Ει
806 2752 875 2808 ad
906 2751 1069 2807 ﬁnem
1090 2752 1300 2823 loquar.
1340 2771 1358 2804 ι
1391 2751 1447 2809 Si
1475 2752 1798 2809 sententiam
1822 2762 2016 2825 protu-

432 2842 570 2900 Iero.

502 2935 567 2989 V.
602 2936 688 2992 Il.
731 2954 751 2986 ι
780 2935 919 2991 Ecce
967 2951 1067 3008 ego
1113 2935 1275 3006 ﬁngo.
1312 2954 1331 2988 ι
1386 2934 1624 2993 Ρωηαιία
1675 2937 1814 2992 mala
1845 2936 2013 2994 intel-

318 3030 319 3035 ‘
430 3022 571 3097 ligit,
603 3035 657 3081 et
674 3027 931 3097 quoniam
950 3026 1202 3082 homines
1224 3043 1332 3083 non
1356 3029 1599 3083 omnium
1625 3044 1850 3085 suorum
1879 3045 2015 3101 pec-

2121 534 2270 598 δικος
2316 535 2722 605 ὰντικαταστῇς
2759 549 2872 603 μοι,
2904 524 2951 585 ὧ
2993 530 3192 604 Κύριε,
3224 531 3367 588 ἀλλὰ
3389 531 3713 604 φειδόμενός

2126 646 2229 703 μου
2259 629 2617 704 συγχώρησόν
2650 647 2742 701 μοι
2767 628 2837 684 τὰ
2856 629 3257 701 ἁμαρτήματα.

2198 739 2217 773 α
2250 721 2358 774 Καὶ
2379 720 2987 791 καταισχυνθήτωσαν.»
3014 721 3155 784 Τοὺς
3173 720 3436 793 δαίμονας
3464 724 3711 795 καταρᾶ-

2121 829 2211 866 ται
2229 827 2243 843 ·
2277 812 2337 867 ού
2370 812 2480 883 γὰρ
2512 812 2763 883 βούλεται
2793 813 2821 865 δ
2849 811 3005 881 ἅγιος
3028 812 3355 886 ἀνθρώπους
3374 817 3440 887 τῇ
3464 813 3710 886 διηνεκεῖ

2123 902 2457 975 παραδοῦναι
2492 903 2742 959 κολάσειο
2778 903 2860 957 ὅτι
2890 904 2987 958 καὶ
3018 903 3123 975 τῆς
3155 903 3357 968 κακίας
3380 906 3523 960 είσὶν
3540 907 3704 976 ὲφευυ

2125 998 2277 1068 ρεταὶ
2326 998 2424 1054 καὶ
2464 997 2883 1067 ὲπαναγκασταὶ
2931 998 3046 1062 τοῖς
3073 996 3385 1070 ἀνθρώποις
3420 998 3518 1053 καὶ
3553 998 3706 1054 διδά-

2123 1090 2337 1146 σκαλοι.

2199 1201 2219 1235 ι
2256 1182 2366 1237 Τοῦ
2407 1181 2485 1255 μὴ
2515 1182 2810 1254 εἰσφέρειν.
2834 1198 2853 1233 ι
2888 1178 3105 1252 Μέτρον
3141 1177 3378 1250 φανερὸν
3414 1178 3663 1245 ἐϐάδιζον
3684 1194 3702 1212 ·

2120 1272 2181 1328 τὸ
2207 1272 2323 1345 γὰρ
2356 1275 2437 1337 είς
2483 1272 2660 1344 μῆκος
2691 1270 2918 1333 ὁδεύειν,
2973 1270 3136 1342 ἔργον
3176 1265 3320 1324 εἶναι
3359 1268 3569 1335 ἐδόκει,
3606 1271 3706 1326 καὶ

2119 1365 2278 1420 τοῦτό
2336 1368 2455 1420 ἐστι
2502 1364 2563 1419 τὸ
2605 1366 2663 1419 ὲν
2723 1366 2843 1428 ταῖς
2890 1362 3151 1435 Πρὰξεσι,
3188 1359 3496 1417 Σαϐϐάτου
3545 1360 3706 1432 ἔχων

2120 1456 2285 1512 ὀδόν.

2195 1565 2215 1599 ι
2252 1547 2365 1602 Καὶ
2399 1545 2612 1617 ἀνάψω.
2640 1563 2659 1599 ι
2707 1542 3002 1600 ’Δσὸέστου
3034 1540 3208 1615 πυρὸς
3249 1541 3640 1615 μνημονεύσας
3675 1543 3705 1597 6

2118 1639 2300 1710 λόγος,
2342 1639 2426 1703 είς
2459 1637 2696 1710 θεωρίας
2732 1638 2885 1709 ἡμᾶς
2930 1635 3328 1706 παραπέμπει,
3358 1635 3445 1689 ὅτι
3484 1632 3588 1705 τὴν
3620 1632 3703 1704 μὴ

2119 1733 2523 1806 ἁποτιθεμένην
2564 1732 2634 1788 τὰ
2665 1732 2864 1806 φορτία
2906 1731 3009 1803 τῆς
3045 1729 3325 1802 ἁμαρτίας
3363 1728 3565 1801 ψυχὴν,
3591 1726 3704 1800 πῦρ

2048 1806 2092 1864 Β
2121 1826 2341 1884 αἰώνιον
2369 1826 2607 1899 δέχεται.

2696 1915 2949 1971 ΚΕΦΑΛ.
2986 1914 3097 1969 ιη’.

2195 2029 2215 2065 ι
2248 2011 2362 2068 Καὶ
2388 2010 2573 2068 πάλιν.
2613 2028 2632 2062 ι
2672 2007 2786 2081 Τὴν
2813 2006 2906 2062 διὰ
2927 2005 3022 2062 τοῦ
3047 2003 3433 2082 βαπτίσματος
3462 2002 3705 2064 ἀνάπλατ

2120 2114 2205 2154 σιν
2225 2098 2542 2154 αἰνίττεται.

2194 2213 2214 2246 ι
2252 2192 2451 2257 Καθὼς
2482 2193 2703 2267 ἤρεσεν.
2746 2207 2766 2244 ι
2801 2190 2877 2246 οὐ
2908 2189 3073 2245 καλὸν
3116 2188 3216 2262 τὴν
3240 2187 3489 2260 γνώμην,
3527 2188 3562 2261 ἢ
3595 2205 3701 2243 κα-

2116 2281 2235 2337 κόν.
2260 2279 2434 2334 Τοῦτο
2478 2280 2591 2352 γὰρ
2610 2281 2710 2349 τῆς
2748 2277 3148 2350 προαιρέσεως,
3179 2277 3274 2332 καὶ
3292 2276 3389 2331 τοῦ
3433 2275 3699 2345 αὐτεξου-

2117 2373 2234 2427 σίου
2258 2389 2276 2406 ·
2312 2372 2507 2443 ἀμέλει
2542 2372 2639 2426 καὶ
2676 2371 3087 2443 ἁμαρτάνοντες
3115 2372 3402 2442 μετανοεῖν
3448 2368 3703 2424 κελεύον-

2115 2480 2208 2518 ται
2232 2481 2247 2496 ο
2277 2464 2415 2519 ἀλλὰ
2450 2464 2654 2519 τοιόνδε
2685 2463 2785 2535 τὴν
2813 2462 3037 2517 πλάσιν.
3078 2459 3461 2532 Διδασκόμεθα
3490 2455 3585 2514 οὖν
3625 2458 3701 2531 μὴ

2116 2556 2599 2627 πολυπραγμονεῖν
2636 2556 2764 2619 τοὺς
2807 2552 3133 2624 ἀνεφίκτους
3183 2555 3284 2625 τῆς
3332 2550 3701 2626 δημιουργίας

2111 2647 2369 2711 τρόπους.

2150 2664 2555 2807 ρῗπῖίᾍπέρας
2583 2733 2827 2804 λαλήσω.
2862 2751 2882 2785 ι
2931 2731 3059 2788 Ἐὰν
3086 2731 3505 2805 ἀποφαίνωμαι.

2199 2940 2217 2973 ι
2240 2919 2374 2975 Ἰδοὺ
2405 2916 2519 2986 ἐγὼ
2540 2916 2820 2971 πλάσσω.»
2844 2914 3002 2970 Κατὰ
3023 2912 3124 2978 τὰς
3162 2912 3439 2978 κακώσεις
3488 2911 3588 2978 τὰς
3621 2929 3701 2968 τι·

2120 3010 2459 3086 μωρητικὰς,
2493 3011 2682 3079 φησιν,
2736 3008 2831 3062 καὶ
2877 3006 3182 3077 ἐπειδήπερ
3229 3006 3283 3060 οί
3322 3005 3602 3077 ἄνθρωποι
3636 3003 3702 3059 ού

347 3185 352 3189 .
430 3095 1029 3175 ceterum—memoriam
1076 3120 1298 3175 habent.
1350 3119 1545 3191 Finge,
1595 3120 1672 3176 ait
1703 3139 1717 3175 :
1746 3121 1835 3176 illa
1881 3095 2011 3179 ante

2116 3105 2336 3160 πάντων
2353 3102 2465 3158 τῶν
2490 3099 2908 3174 ἁμαρτημάτων
2930 3098 3112 3153 αὐτῶν
3145 3097 3469 3169 μέμνηνται.
3505 3095 3703 3151 Πλάτ-

429 3210 620 3266 oculos
648 3218 858 3267 vestros
885 3226 1051 3281 pono,
1086 3220 1146 3267 ut
1190 3212 1446 3282 patiendo
1476 3227 1539 3267 ea
1579 3212 2010 3270 reminiseamini
2044 3193 2080 3200 ⁷
2112 3212 2212 3260 των
2272 3193 2440 3265 φησιν

429 3317 554 3372 qua:
586 3302 880 3373 peccastis.
1754 3312 1761 3317 '
1976 3370 1981 3375 7

502 3391 683 3449 v.12.
715 3414 734 3447 ι
771 3394 839 3450 Ει
865 3393 1138 3450 dixerunt.
1176 3413 1197 3448 ι
1246 3393 1561 3451 Petulanter
1618 3394 1784 3452 locuti
1824 3404 1953 3452 sunt
1992 3416 2008 3455 :

430 3479 607 3536 Enixe
626 3480 983 3553 persistemus
1012 3481 1068 3537 in
1104 3481 1190 3537 his
1227 3497 1349 3552 quae
1403 3483 1633 3553 agimus.
1675 3483 1778 3548 Tu,
1812 3483 2009 3554 inquit,

431 3586 534 3628 nos
564 3587 594 3626 a
630 3572 789 3628 bonis
826 3573 1085 3643 operibus
1124 3588 1349 3630 aversos
1397 3589 1565 3645 prava
1605 3568 1842 3632 sectatos
1887 3590 2012 3633 esse

429 3663 536 3730 ais,
570 3671 625 3721 et
659 3678 763 3721 nos
788 3663 931 3720 mala
966 3664 1082 3735 ipsa
1121 3680 1437 3736 sequemur.

500 3835 570 3895 γ.
605 3838 691 3896 II.
730 3859 750 3893 ε
795 3837 1052 3911 Nunquid
1068 3839 1344 3899 deﬁcient.
1381 3859 1401 3893 ι
1433 3840 1593 3897 Petra
1621 3840 1874 3901 Christus
1895 3850 2009 3910 est,

430 3930 603 3989 ubera
633 3946 817 3989 sermo
845 3933 1134 4000 nutriens;
1185 3934 1279 3989 nix
1335 3942 1685 4005 peccatorum
1738 3936 2010 4008 purgatio.

428 4021 663 4096 lntelligi
701 4023 865 4080 etiam
902 4032 1135 4096 possunt
1163 4040 1260 4096 per
1289 4026 1459 4081 ubera
1491 4034 1547 4081 et
1572 4023 1786 4083 Novum
1823 4034 1881 4082 et
1899 4026 2010 4084 Ve-

428 4123 520 4171 tus
553 4114 986 4171 Testamentum.
1014 4115 1097 4171 An
1125 4116 1293 4188 igitur
1330 4115 1387 4170 in
1418 4131 1694 4186 quoquam
1734 4114 1914 4173 deieci
1945 4116 2014 4173 ad

428 4208 571 4266 bene
600 4208 910 4265 faciendum
944 4209 1072 4274 illis,
1103 4217 1158 4264 et
1188 4208 1509 4263 nutriendas
1537 4222 1728 4263 eorum
1758 4209 2013 4265 animas?

507 4319 527 4352 ι
557 4298 811 4368 Nunquid
876 4298 1189 4353 declinabit.
1222 4318 1240 4351 ι
1290 4298 1430 4365 Quid
1467 4298 1750 4366 hoc?ait;
1829 4314 2011 4356 nonne

430 4388 631 4444 suntin
654 4389 758 4442 hac
784 4388 891 4442 vita
924 4388 1017 4457 qui
1042 4388 1191 4442 velut
1227 4403 1364 4459 aqua
1384 4397 1671 4443 ventorum
1704 4389 1755 4443 vi
1777 4389 2010 4445 saeviens

2485 3208 2500 3223 '
2572 3193 2713 3248 αὐτὰ
2769 3192 2857 3246 ἐπ’
2918 3190 3111 3262 ὄψεσιν
3163 3190 3317 3262 ὑμῶν
3379 3189 3499 3259 ἄγω
3531 3230 3548 3255 ,
3607 3189 3699 3244 ἵνα

2109 3285 2201 3342 διὰ
2220 3285 2327 3340 τῶν
2354 3282 2636 3356 τιμωριῶν
2655 3281 3065 3353 ἁναμνησθῆτε,
3097 3271 3173 3334 ὧν
3205 3280 3589 3351 ἡμαρτήκατε.

2188 3396 2207 3430 ι
2242 3377 2355 3431 Καὶ
2402 3371 2589 3429 εἶπαν.
2633 3394 2653 3427 ι
2722 3373 2981 3437 Ἀναιδῶς
3035 3371 3368 3442 ἐφθέγξαντο
3418 3371 3700 3440 λέγοντες,

2123 3470 2385 3543 ’Ῑσχυρῶς
2405 3468 2794 3540 ἐπιμενοῦμεν,
2812 3462 2893 3533 οἷς
2919 3467 3259 3539 πράττομεν.
3285 3466 3358 3519 Σὺ
3377 3465 3583 3535 λέγεις,
3603 3482 3705 3536 φη-

2114 3562 2220 3628 σιν,
2254 3563 2336 3616 ὅτι
2352 3559 2832 3633 ’Δποστραφέντες
2863 3558 2973 3615 ἀπὸ
2996 3558 3109 3613 τῶν
3137 3557 3323 3611 καλῶν
3344 3556 3546 3628 ἔργων,
3565 3556 3702 3626 ἠκο-

2109 3653 2456 3725 λουθήσαμεν
2503 3655 2616 3717 τοῖς
2671 3651 2930 3722 φαύλοις·
2962 3650 3142 3706 ὀπίσω
3182 3649 3366 3705 αὐτῶν
3403 3648 3515 3703 τῶν
3561 3647 3704 3719 φαύ-

2110 3745 2221 3801 λων
2251 3746 2720 3818 ἀκολουθήσομεν.

2190 3857 2211 3893 t
2254 3838 2348 3910 Μὴ
2379 3837 2727 3909 ικλείψωσιν.
2765 3855 2785 3892 ι
2811 3835 3000 3910 lli-rga
3032 3837 3062 3891 ὁ
3100 3836 3359 3909 Χριστὸς,
3412 3836 3614 3908 μαστοὶ
3641 3834 3700 3891 δὶ

2109 3931 2140 3985 δ
2180 3928 2458 4002 τρόφιμος
2507 3928 2701 3997 λόγος’
2742 3925 2880 3999 χιὼν
2919 3927 3011 3993 δὲ,
3046 3928 3080 3999 ἠ
3122 3926 3233 3982 τῶν
3277 3927 3699 4001 ἁμαρτημάτων

2111 4021 2409 4095 κάθαρσις.
2437 4019 2710 4075 Νοοῦνται
2738 4019 2795 4074 δὲ
2824 4019 3026 4092 μαστοὶ
3056 4017 3154 4073 καὶ
3188 4019 3223 4089 η
3256 4019 3375 4084 vta,
3406 4018 3560 4091 καὶή
3591 4032 3701 4072 πα-

2109 4113 2238 4169 λαιὰ
2271 4111 2530 4184 διαθήκη.
2565 4112 2658 4183 Μή
2685 4129 2738 4166 τι
2766 4110 2862 4166 οὖν
2891 4110 3148 4182 ἰνέλειψα
3175 4105 3236 4167 εὖ
3270 4109 3446 4165 ποιῶν
3482 4110 3696 4179 αὐτοῖς,

2111 4206 2209 4262 καὶ
2234 4206 2541 4278 διατρέφων
2563 4205 2747 4260 αὐτῶν
2778 4206 2877 4270 τὰς
2905 4204 3126 4276 ψυχάςς

2188 4314 2208 4350 ι
2247 4297 2339 4368 Μὴ
2368 4296 2625 4352 ἐκκλίνει.
2664 4313 2682 4347 ι
2715 4296 2785 4350 Τί
2819 4296 2877 4350 δέ
2922 4312 3123 4366 φησιν;
3150 4293 3264 4348 Οὐκ
3293 4291 3434 4348 είσὶν
3462 4293 3520 4346 ὲν
3549 4290 3695 4364 τῷδε

2109 4389 2187 4461 τῷ
2239 4388 2341 4460 βίῳ
2379 4387 2875 4459 κλυδωνιζόμενοι,
2926 4387 3117 4458 ὥσπερ
3172 4384 3318 4456 ὕδωρ
3364 4384 3473 4438 ὑπὸ
3514 4383 3692 4456 βιαίου

431 4488 566 4535 :estu
586 4479 890 4549 agitentur?
922 4490 977 4536 et
1003 4488 1187 4537 tamen
1238 4497 1416 4552 neque
1473 4497 1593 4535 mea
1630 4481 1893 4537 beneﬁcia
1920 4498 2011 4537 co-

2116 4482 2321 4550 ἀνέμου
2367 4481 2702 4553 φερόμενονς
2743 4482 2838 4535 καὶ
2880 4480 3030 4549 ὅμως
3064 4478 3191 4533 οὔτε
3230 4478 3330 4542 τὰς
3360 4476 3501 4548 ὲμὰς
3534 4477 3695 4549 edep-

432 4573 691 4645 gitarunt,
715 4589 891 4645 neque
916 4574 1037 4629 vitae
1067 4572 1231 4644 hujus
1274 4575 1705 4641 instabilitatem,
1723 4575 1820 4630 sed
1843 4575 2009 4630 vitam

431 4662 576 4720 hanc
607 4665 681 4720 ita
719 4666 940 4736 degunt,
978 4677 1033 4720 et
1064 4666 1328 4736 inaequale
1391 4667 1498 4721 iter
1554 4667 1784 4731 faciunt,
1851 4667 2011 4735 quasi

432 4765 702 4828 putantes,
732 4765 848 4813 toto
887 4757 1083 4813 saeculo
1121 4774 1179 4814 se
1222 4759 1311 4813 hic
1344 4759 1604 4814 victuros.
1663 4758 2010 4829 Quapropter

428 4857 486 4902 et
518 4847 941 4904 inﬁrmabuntur
977 4850 1033 4904 in
1065 4850 1167 4905 viis
1204 4850 1472 4920 ipsorum,
1501 4849 1702 4905 frustra
1748 4851 1860 4905 Deo
1898 4851 2010 4905 ini-

429 4958 536 5012 qua
574 4950 757 4999 mente
813 4942 1112 4999 sul'ﬁentes.
1166 4941 1395 4999 Semitas
1450 4959 1582 4998 vero
1648 4942 2011 5015 funiculosque

429 5048 528 5103 pro
551 5035 741 5090 eodem
771 5035 946 5106 ponit,
973 5050 1037 5091 ac
1063 5036 1108 5091 si
1140 5035 1349 5091 diceret
1376 5034 1515 5090 vias.

501 5208 566 5265 V.
599 5210 686 5267 l6.
721 5230 740 5265 ι
768 5212 834 5266 Et
862 5211 1078 5267 sibilum
1105 5178 1522 5282 sempiternum.
1559 5230 1579 5266 ι
1626 5212 1898 5280 Quoniam
1920 5215 2009 5271 vel

429 5301 783 5371 admirantes,
818 5304 904 5362 vel
937 5304 1228 5361 illudentes
1262 5303 1515 5361 homines
1551 5306 1771 5362 sibilum
1839 5308 2005 5363 edere

429 5390 629 5448 solent.
1934 5406 1946 5413 -

498 5480 676 5540 v.17.
710 5501 730 5535 ι
765 5484 919 5541 Sicut
948 5496 1191 5542 ventum.
1225 5505 1243 5540 ι
1315 5485 1521 5543 Omnes
1555 5501 1710 5557 aeque
1749 5486 2002 5559 aﬁligam.

426 5571 637 5632 Ventus
659 5579 803 5634 enim
834 5594 997 5635 urens
1012 5595 1166 5650 :eque
1183 5594 1376 5635 omnes
1415 5579 1615 5634 exurit.
1938 5574 1943 5578 ’

500 5665 565 5735 ν,
620 5668 700 5723 18.
731 5688 750 5722 ‹
815 5670 1070 5736 Dorsum,
1120 5679 1173 5726 et
1218 5687 1325 5726 non
1381 5670 1574 5727 faciem
1636 5668 1942 5727 ostendam.
1980 5691 1996 5723 ι

499 5802 680 5861 "Act.
703 5820 743 5870 ι,
778 5804 865 5858 12.

2111 4576 2303 4645 γεσίας
2336 4575 2676 4643 ἐλογίσαντο.
2706 4574 2830 4628 οὔτε
2857 4573 2953 4628 τοῦ
2986 4572 3259 4645 παρόντος
3287 4572 3406 4643 βίου
3437 4571 3500 4625 τὸ
3529 4571 3700 4626 ἄστα-

2110 4684 2201 4722 τον
2220 4685 2235 4699 ·
2273 4666 2389 4722 ἀλλ’
2420 4667 2595 4731 οὕτως
2626 4667 2736 4723 εἰσὶ
2764 4669 2822 4720 ὲν
2858 4666 3034 4737 τούτῳ
3058 4666 3139 4736 τῷ
3176 4665 3277 4737 βίῳ
3309 4666 3691 4739 πορευόμενοι,

2110 4760 2205 4812 καὶ
2230 4759 2330 4829 τὴν
2364 4758 2655 4829 ἀνώμαλον
2684 4757 2779 4812 τοῦ
2828 4757 2946 4830 βίου
2993 4757 3306 4828 βαδίζοντες
3351 4758 3580 4829 πορείαν
3616 4757 3692 4821 ὡς

2109 4848 2444 4920 νομίζοντες,
2481 4852 2563 4905 ὅτι
2590 4850 2682 4904 τὸν
2721 4850 2895 4904 αἰῶνα
2921 4849 3160 4904 ἐνταῦθα
3188 4848 3439 4920 μενοῦσι.
3474 4849 3566 4901 Διὸ
3598 4848 3692 4901 καὶ

2109 4940 2525 5012 ἁσθενήσουσιν,
2565 4942 2623 4994 ὲν
2654 4943 2772 5004 ταῖς
2818 4940 2956 5004 ὁδοῖς
3002 4939 3208 5006 αὐτῶν,
3259 4942 3341 5004 είς
3377 4936 3556 5011 μάτην
3595 4938 3692 4992 Ου-

2111 5032 2346 5103 μιῶντες
2378 5033 2499 5103 Θεῷ
2528 5033 2670 5104 μετὰ
2699 5032 2916 5103 φαύλης
2942 5031 3192 5104 γνώμης.
3228 5030 3480 5100 Τρίόους
3513 5031 3571 5085 δὲ
3598 5030 3694 5085 καὶ

2107 5126 2423 5194 σχοίνους,
2458 5124 2518 5179 τὸ
2544 5125 2677 5179 αὑτό
2706 5143 2897 5197 φησιν,
2939 5125 3063 5180 ἀντὶ⁸
3085 5124 3206 5191 τοῦ,
3231 5124 3331 5189 τὰς
3359 5123 3536 5188 ὁδούς.

2181 5240 2199 5272 ι
2235 5222 2344 5275 Καὶ
2373 5220 2640 5294 σύριγμα.
2672 5241 2692 5275 ι
2710 5222 2833 5277 Ὀτι
2862 5220 3239 5293 θαυμάζοντες
3266 5222 3300 5294 ἦ
3330 5220 3690 5292 χλευάζοντες

2112 5313 2160 5366 οἱ
2192 5313 2491 5386 ἄνθρωποι,
2529 5313 2775 5387 συρίζειν
2797 5313 3133 5385 πεφύκασιν.

2190 5509 2208 5541 ι
2255 5491 2344 5556 Ὠς
2390 5490 2613 5560 ἄνεμον.
2653 5509 2671 5544 ι
2727 5491 2947 5555 Πάντας
2987 5491 3195 5563 ὁμοίιος
3242 5489 3438 5560 θλίψω.
3481 5488 3540 5541 Ὁ
3583 5485 3690 5561 γὰρ

2114 5579 2333 5634 καύσων
2361 5576 2561 5649 ἄνεμος
2582 5579 2782 5651 ἐπίσης
2810 5579 3056 5644 ἅπαντας
3090 5580 3446 5650 καταφλέγει.

2189 5670 2349 5724 Ἰδιον
2391 5670 2500 5726 τῶν
2539 5668 2897 5742 δορυαλώτων
2938 5672 3000 5726 τὺ
3038 5671 3270 5728 κύπτειν
3318 5676 3400 5739 εἰς
3446 5675 3573 5746 γῆν,
3612 5670 3688 5740 ὥς
