4122 6210
361 346 469 412 669

1464 343 1930 405 FRAGMENTA
1968 343 2050 403 IN
2088 337 2506 403 JEREMIAM.

3490 292 3611 385 ὀπο

363 459 570 530 αὐχένα
604 457 879 512 δεικνύναι
927 458 1133 529 μᾶλλον
1164 458 1198 531 ἢ
1243 458 1559 534 πρόσωπον.
1596 460 1667 512 Ἦ
1706 460 1790 512 ὅτι
1827 459 1939 512 τῶν

2039 456 2331 527 Proprium
2352 462 2434 509 est
2481 451 2840 522 captivorum,
2867 443 3021 502 humi
3053 440 3262 499 vultum
3295 434 3608 500 demittere,

363 549 843 622 ἀπεστραμμένων
875 550 935 605 οὐ
971 549 1032 604 τδ
1060 549 1376 621 πρόσωπον,
1425 550 1563 605 ἀλλὰ
1602 550 1695 603 τὸν
1733 552 1939 621 αὐχένα

362 641 603 715 ὁρῶμεν,
634 642 773 714 ὅπερ
795 640 891 695 τοῦ
915 641 1051 696 Θεοῦ
1086 642 1239 712 δηλοῖ
1258 642 1361 714 τὴν
1394 642 1766 714 ἀποστροφήν.
1891 625 1907 639 ’

444 831 464 866 ι
499 814 620 869 Ὀτι
646 815 748 869 οὐκ
773 813 1081 870 ἀπολεῖται.
1119 833 1139 867 1
1190 814 1620 870 Ἐϐουλεύσαντο
1649 814 1937 881 λέγοντεςο

377 903 439 960 ’0
473 904 745 977 Ἱερεμίας
784 906 962 977 ἱερεύς
1015 908 1155 970 ἐστι,
1196 906 1294 960 καὶ
1339 906 1656 973 ἀναγκαίως
1688 900 1796 958 οἶδε
1846 905 1941 958 τὸν

364 997 553 1067 νόμον,
585 1000 680 1053 καὶ
703 998 994 1069 προφήτης
1017 995 1117 1064 ὢν,
1141 994 1252 1051 οἶδε
1273 996 1336 1051 τὸ
1363 988 1624 1067 ἐσόμενον
1646 1013 1661 1027 '
1696 998 1790 1050 καὶ
1809 1011 1942 1048 συν-

365 1091 489 1156 ετὸς
517 1090 594 1146 ὢν
619 1087 728 1147 οἶδε
758 1090 819 1144 τὸ
855 1090 995 1146 δέον.
1025 1089 1194 1144 Δεῦτε
1237 1085 1352 1153 οὖν,
1380 1090 1566 1161 φησιν,
1600 1088 1942 1161 ἐρεθίσωμεν

365 1182 532 1243 αὐτὸν
552 1183 754 1255 λόγοις,
776 1184 870 1238 καὶ
900 1184 1119 1250 πάντως
1145 1184 1264 1256 ἐρεῖ
1294 1184 1428 1255 ἡμῖν
1462 1183 1532 1236 τὰ
1565 1180 1939 1252 ἐκϐησόμενα.

446 1379 468 1415 t
498 1362 606 1417 Kal
638 1363 738 1434 τήν
764 1364 1012 1419 κόλασιν.
1052 1383 1071 1416 1
1106 1363 1279 1418 Ἀλλα
1308 1363 1400 1419 διὰ
1439 1360 1690 1431 γλώττης
1732 1360 1943 1431 προφέ-

372 1469 594 1524 ροντες,
625 1455 728 1528 τὴν
766 1456 888 1511 κατ’
922 1454 1059 1529 ἐμοῦ
1102 1455 1385 1511 ἀπώλειαν
1430 1453 1693 1525 κρυπτῶς
1732 1454 1944 1523 ἐμηχαφ
1983 1528 1998 1539 ⁸

374 1543 559 1600 νῶντο.

958 1636 1213 1691 ΚΕΦΑΛ.
1252 1633 1354 1689 18'.

439 1742 463 1778 ι
510 1726 734 1799 Ἦκήσει
781 1727 850 1782 τὰ
882 1721 997 1783 ὦτα
1028 1724 1220 1781 αὐτοῦ.
1265 1746 1284 1780 1
1321 1725 1582 1780 Τουτέστι
1627 1723 1937 1796 θορυϐηθήη

2039 557 2101 603 ut
2138 526 2324 618 potius
2361 543 2656 607 cervicem,
2685 555 2848 609 quam
2889 537 3088 593 faciem
3132 532 3445 588 ostendant.
3510 526 3613 582 Vel

2039 640 2184 712 quod
2213 653 2401 693 eorum
2454 636 2545 706 qui
2574 642 2703 689 sunt
2735 630 2935 695 aversi,
2975 642 3086 682 non
3108 625 3327 688 faciem.
3366 622 3461 679 sed
3487 635 3613 676 cer-

2039 732 2216 789 vicem
2248 730 2518 793 videmus,
2539 725 2682 796 quod
2710 723 2916 779 indicat
2943 718 3284 774 aversionem
3315 730 3345 768 a
3372 714 3505 767 Deo.

2117 842 2136 874 ι
2165 821 2285 875 Non
2317 820 2465 874 enim
2500 816 2716 888 peribit.
2757 832 2775 866 1
2836 811 3142 868 Consilium
3217 806 3466 861 inierunt
3525 800 3612 856 di-

2041 921 2230 969 centes
2259 928 2272 963 :
2299 909 2566 966 Jeremias
2600 905 2855 961 sacerdos
2903 911 3005 967 cst,
3044 908 3099 955 et
3120 894 3432 952 necessario
3463 891 3617 946 novit

2040 1006 2236 1075 legem,
2278 1013 2334 1059 et
2367 1000 2634 1072 propheta
2685 1011 2809 1051 cum
2838 995 2928 1059 sit,
2991 993 3173 1047 futura
3231 987 3521 1057 cognovit;
3559 992 3617 1038 et

2042 1099 2140 1153 scit
2172 1094 2487 1166 utprudens
2547 1089 2678 1160 quid
2724 1086 2993 1157 agendum
3047 1084 3139 1137 sit.
3193 1078 3384 1135 Venite
3424 1078 3614 1149 igitur,

2042 1189 2216 1252 aiunt,
2258 1185 2439 1240 verbis
2468 1182 2649 1253 ipsum
2682 1176 3046 1240 stimulemus,
3072 1180 3128 1228 et
3155 1185 3276 1243 quae
3304 1177 3614 1225 suntevcn-

1960 1288 1963 1299 ‘
2032 1289 2163 1335 tura
2201 1272 2504 1347 propalabit
2532 1268 2780 1325 omnino.

2112 1368 2281 1427 v.20.
2302 1365 2398 1421 «Et
2417 1362 2760 1435 punitiouem
2787 1371 2963 1414 suam.
2991 1374 3010 1408 1
3039 1353 3198 1408 Aliud
3218 1366 3315 1408 ore
3329 1348 3616 1421 proferen-

2044 1474 2127 1519 tes
2152 1473 2330 1517 meam
2366 1453 2667 1527 perniciem
2701 1450 2842 1507 clam
2880 1444 3358 1502 machinabantur.

2660 1625 2814 1684 CAP.
2852 1623 3003 1680 XIX.

2113 1725 2182 1781 V.
2211 1724 2265 1779 3.
2312 1741 2333 1776 α
2364 1723 2432 1778 Et
2456 1719 2689 1776 tinnith
2738 1729 2899 1771 aures
2931 1712 3071 1784 ejus.
3109 1728 3129 1764 1
3185 1705 3302 1764 Hoc
3321 1712 3405 1761 est
3432 1701 3615 1759 turba-

365 1832 539 1872 σεται.
565 1794 740 1889 Ἦχος
761 1817 872 1890 γὰρ
900 1815 1193 1890 ἐμπίπτων
1215 1816 1408 1881 ἀκοαῖς
1432 1816 1666 1889 θόρυϐον
1691 1794 1933 1887 ἐμποιεῖ.

2039 1816 2187 1874 bitur
2229 1827 2445 1870 :sonus
2463 1811 2613 1867 enim
2641 1808 2697 1863 in
2736 1819 2899 1862 aures
2967 1801 3203 1858 illabens
3246 1794 3613 1855 turbationem

437 2013 458 2047 ι
494 1994 879 2068 Πολυάνδριον.
917 2013 937 2048 1
971 1993 1339 2066 Πολυάνδριον
1365 1992 1543 2063 τάφος
1563 2034 1579 2059 ,
1609 1990 1708 2048 καὶ
1745 1990 1936 2063 ἐπειδὴ

364 2087 494 2152 tam;
527 2087 923 2161 κατερῤυηκὼς
953 2085 1021 2160 ἦν
1048 2127 1062 2151 ,
1099 2086 1273 2150 οὕτως
1321 2085 1572 2140 ἐκαλεῖτο
1612 2086 1647 2155 ή
1697 2084 1938 2142 διάπτω-

365 2194 469 2243 σις,
498 2179 717 2249 ότάφος
744 2178 867 2233 υἱοῦ
903 2178 1124 2250 Ἕννόμ.

435 2289 458 2323 ε
488 2270 598 2323 Kal.
632 2269 848 2340 σφάξω.
883 2288 902 2322 1
956 2269 1104 2325 ’Awl.
1137 2266 1231 2322 τοῦ
1255 2309 1271 2335 ,
1302 2268 1443 2332 τοὺς
1466 2263 1940 2338 βουλευσαμένους

362 2359 463 2434 τήν
494 2361 672 2433 κακὴν
708 2362 928 2433 βουλήν.

438 2469 461 2506 ι
508 2454 594 2506 Ἐν
620 2455 690 2525 τῇ
714 2454 967 2525 περιοχῇ.
1003 2471 1022 2504 1
1062 2451 1152 2506 Ἐν
1184 2450 1263 2523 τῷ
1300 2451 1585 2522 περισχεῖν
1613 2447 1741 2511 τοὺς
1775 2444 1940 2500 πολεο

364 2544 525 2618 μίους
551 2545 651 2618 τὴν
686 2545 844 2600 πόλιν
862 2562 877 2578 ·
908 2543 1183 2609 τουτέστι,
1212 2541 1606 2614 πολιορκῆσαι.

440 2656 461 2689 ι
500 2635 702 2700 Καθὼς
732 2636 969 2700 ότόπος.
1007 2655 1027 2688 1
1081 2635 1169 2690 Ἐν
1206 2636 1321 2699 τοῖς
1364 2632 1721 2687 διαπίπτουσι
1754 2628 1941 2692 τόποις

360 2728 460 2793 τὰς
485 2727 833 2802 ἀκαθαρσίας
856 2728 1071 2800 ῥίπτειν
1087 2725 1419 2796 πεφύκασιν.
1437 2721 1625 2785 Οὕτως
1644 2718 1762 2785 οὖν,
1781 2719 1939 2790 φησὶ,

363 2820 778 2895 παρασκευάσω
807 2821 1064 2889 γενέσθαι
1096 2817 1197 2891 τὴν
1250 2816 1425 2884 πόλιν,
1470 2814 1569 2869 καὶ
1607 2813 1707 2879 τὰς
1736 2812 1939 2879 οἰκίας,

363 2915 421 2967 ὲν
446 2909 535 2977 αἶς
558 2912 1006 2984 εἰδωλολάτρουν.
1196 2951 1210 2966 .

440 3023 461 3057 ι
497 3003 703 3072 Ταφέθ.
740 3023 760 3057 1
804 3004 879 3057 T6
925 3000 1144 3073 Ταφὶθ,
1180 3000 1509 3067 διάπτωσις
1544 2995 1938 3070 ἑρμηνεύεται,

363 3094 488 3149 ὅθεν
518 3094 688 3148 ἐλθὼν
728 3097 757 3148 6
802 3095 1097 3166 προφήτης
1139 3092 1209 3146 τὰ
1260 3092 1401 3146 αὐτὰ
1447 3089 1709 3164 προλέγει
1751 3087 1934 3142 κακά’

362 3184 708 3257 ὲσκλήρυναν
729 3183 789 3237 δὲ
812 3182 904 3238 τὸν
930 3182 1222 3264 τράχηλον,
1260 3180 1519 3252 καθάπερ
1548 3179 1620 3235 τὰ
1652 3176 1930 3246 ὑποζύγια

363 3276 689 3332 ἀνανεύοντα
719 3274 859 3347 πρὸς
887 3273 1078 3344 ζυγόν.

952 3388 1205 3443 ΚΕΦΔΛ.
1246 3385 1333 3443 κ’.

433 3499 454 3534 ι
492 3480 605 3536 Ka‘t
633 3479 835 3550 ήκουσε
890 3477 1152 3548 Πασχὼρ.
1190 3495 1211 3529 1
1241 3474 1505 3547 Πασχὼρ,
1546 3471 1730 3545 ἱερεὺς
1753 3464 1823 3541 ἦν
1844 3459 1937 3523 οῦ-

360 3587 472 3636 τος,
500 3570 598 3625 καὶ
620 3567 844 3639 πρῶτος
873 3567 985 3621 τῶν
1006 3564 1499 3637 ψευδοπροφητῶν.

438 3678 459 3711 ι
494 3660 592 3723 Εἰς
636 3657 729 3711 τδν
772 3656 1088 3729 κατάρῤακ.
1127 3674 1148 3708 1
1195 3656 1289 3709 Ἐν
1338 3653 1595 3718 ἰδιάζοντι
1645 3651 1795 3724 τόπῳ
1845 3651 1940 3707 τοῦ

362 3770 496 3808 ναου
503 3790 519 3806 .
1340 3772 1345 3777 ’

441 3861 462 3897 ι
491 3843 599 3897 Σὺν
630 3841 765 3896 πᾶσι
800 3842 918 3906 τοϊς
946 3839 1142 3910 φίλοις.
1180 3856 1200 3892 1
1231 3838 1360 3903 Τοῖς
1399 3836 1819 3911 συμπράττουσί
1847 3855 1940 3894 σοι

364 3935 426 3989 ὲν
456 3931 536 4005 τῷ
561 3928 1119 4004 ψευδοπροφητεύειν.

443 4041 464 4077 ι
495 4020 815 4091 Ἦπάτησάς
841 4036 929 4090 με.
953 4019 1106 4073 »Ἐτι
1134 4017 1236 4089 μὲν
1264 4016 1509 4085 ἀπάτην
1536 4013 1696 4072 καλεῖ
1722 4014 1933 4089 [ἀπάτη
2006 4060 2020 4075 .

361 4114 525 4187 καλὴ]
560 4116 593 4186 ή
616 4115 726 4168 ἀπὸ
752 4112 847 4166 τοῦ
873 4112 1115 4183 χείρονος
1141 4112 1232 4164 ἐπὶ
1260 4111 1322 4165 τὸ
1351 4113 1598 4181 κρεῖττον
1632 4109 1934 4182 μεταϐολή.

374 4209 435 4263 ὐ
477 4209 535 4261 δὲ
575 4205 836 4269 Ἀκύλας*
877 4203 1176 4271 Ἐθελξάς
1195 4219 1300 4273 με,
1338 4203 1435 4256 καὶ
1482 4201 1803 4272 ἐθέλχθηγ,
1850 4203 1951 4267 t5--

360 4302 583 4355 έδωκεν.
615 4301 681 4352 Ὃ
715 4297 771 4350 δὲ
797 4296 983 4366 λέγει,
1024 4295 1266 4349 τοιοῦτόν
1293 4297 1439 4347 ἐστιν
1463 4310 1477 4325 ’
1520 4293 1791 4364 ’Υπέσχου
1823 4310 1936 4364 μοι,

359 4394 558 4466 Κύριε,
585 4389 987 4463 ὑπερασπὶζειν
1017 4407 1140 4461 μου,
1167 4389 1261 4442 καὶ
1295 4389 1388 4458 ἐᾷς
1417 4404 1483 4457 με
1509 4390 1567 4441 ὲν
1596 4390 1716 4449 ταῖς
1748 4385 1939 4440 τοιαύ-

2041 1907 2256 1980 ingerit.

2110 1998 2177 2055 ν.
2216 1998 2270 2053 6.
2306 2015 2325 2050 ι
2368 1990 2775 2065 Polyandrium.
2823 2005 2844 2041 1
2875 1981 3259 2055 Polyandrium
3291 1989 3617 2034 monumen-

2043 2100 2157 2146 tum
2178 2097 2278 2151 est,
2308 2095 2364 2142 et
2383 2085 2509 2156 quia
2530 2083 2757 2138 fortasse
2781 2076 3080 2145 collapsum
3112 2080 3251 2138 erat,
3273 2070 3354 2125 sic
3380 2065 3616 2123 vocaba-

2042 2191 2131 2237 tur
2162 2180 2340 2243 ruina,
2376 2176 2657 2248 sepultura
2688 2170 2782 2227 ﬁlii
2829 2170 3064 2225 Ennom.

2116 2272 2178 2327 ν.
2211 2274 2265 2327 7.
2299 2289 2319 2324 ι
2379 2247 2448 2326 Et
2480 2266 2756 2340 jugulabo.
2814 2280 2834 2314 1
2879 2261 2959 2316 Ac
2991 2256 3040 2314 si
3081 2255 3311 2323 diceret,
3351 2252 3472 2308 illos
3520 2247 3615 2322 qui

2041 2365 2245 2420 malum
2275 2361 2567 2418 consilium
2595 2358 2853 2413 inierunt.

2111 2458 2252 2514 v.9.
2296 2474 2316 2508 ι
2360 2455 2419 2509 ln
2451 2452 2758 2508 obsidione.
2800 2467 2820 2502 1
2891 2448 3031 2503 Dum
3069 2446 3253 2503 hostes
3303 2436 3618 2497 circumda-

2040 2548 2178 2619 bunt
2200 2545 2499 2605 civitatem,
2526 2542 2579 2598 id
2601 2548 2704 2606 est,
2730 2538 3081 2594 obsidebunt.

2110 2635 2290 2690 v.13.
2331 2651 2351 2684 ‹
2387 2631 2541 2687 Sicut
2596 2630 2770 2686 locus.
2809 2646 2829 2680 1
2872 2627 2934 2683 In
2989 2626 3108 2681 loca
3165 2621 3388 2678 ruinosa
3439 2617 3618 2673 solent

2041 2727 2311 2799 projicere
2340 2723 2548 2779 sordes.
2593 2720 2684 2776 Sic
2713 2720 2898 2791 igitur,
2926 2717 3022 2783 ait,
3054 2729 3154 2786 per
3200 2727 3287 2768 me
3324 2708 3535 2767 civitati
3562 2714 3618 2762 et

2042 2817 2293 2873 domibus
2315 2813 2427 2880 (iet,
2467 2812 2526 2868 in
2561 2811 2762 2883 quibus
2791 2808 2937 2865 idola
2967 2806 3243 2864 colebant.

2119 3010 2138 3044 ι
2169 2978 2444 3060 Tapbetb.
2477 3005 2497 3039 1
2543 2982 2794 3054 Tapbetb
2832 2980 2989 3035 ruina
3021 2978 3433 3047 interpretatur,
3472 2969 3617 3027 unde

2046 3082 2319 3155 propheta
2351 3080 2583 3137 veniens
2610 3076 2802 3131 eadem
2829 3073 2968 3129 mala
3016 3069 3300 3143 pratdicit;
3323 3064 3619 3122 induraveo

2040 3184 2170 3231 runt
2194 3190 2322 3230 vero
2352 3171 2642 3237 cervicem,
2680 3167 2843 3223 sicuti
2880 3166 3129 3237 iumenta
3195 3160 3389 3234 iugum
3430 3158 3616 3214 detre-

2041 3268 2259 3326 ctantia.

2111 3476 2176 3531 ν.
2203 3473 2256 3528 1.
2304 3490 2323 3524 ι
2360 3471 2427 3527 Et
2452 3370 2974 3524 audivitclfaiclii.
2996 3479 3016 3512 1
3061 3458 3324 3525 Paschor,
3358 3454 3615 3513 sacerdos

2042 3568 2133 3623 hic
2168 3574 2305 3633 erat,
2338 3557 3048 3635 pseudopmphetarumque
3077 3560 3261 3623 caput.

2118 3657 2177 3712 ν.
2205 3657 2260 3712 2.
2295 3674 2314 3708 ι
2343 3655 2405 3709 In
2435 3660 2786 3709 cataractam.
2819 3667 2839 3701 1
2872 3647 2929 3701 ln
2965 3642 3234 3716 peculiari
3263 3638 3453 3711 templi
3469 3638 3611 3693 loco.

2117 3855 2138 3889 ι
2180 3834 2319 3892 Cum
2346 3830 2615 3889 omnibus“
2633 3826 2846 3885 amicis.
2875 3844 2895 3879 1
2933 3823 3040 3892 Qui
3083 3820 3184 3879 tibi
3235 3817 3368 3901 socii
3431 3821 3612 3882 erant,

2040 3929 2172 3986 dum
2210 3927 2345 3983 falsa
2371 3923 2723 3997 pratdiceres.

2109 4020 2177 4080 Υ.
2218 4022 2272 4075 7.
2307 4036 2327 4072 ι
2373 4013 2644 4086 Decepisti
2669 4027 2776 4068 me.
2826 4029 2849 4062 1
2873 4007 2969 4065 Est
2994 4015 3257 4080 praeterea
3291 4003 3437 4060 bona
3465 4001 3615 4063 teda-

2041 4113 2144 4167 ctio
2168 4111 2235 4166 de
2273 4108 2414 4163 malo
2441 4105 2497 4161 in
2525 4104 2730 4159 bonum
2761 4099 3012 4156 mutatio.
3056 4094 3249 4166 Aquila
3275 4107 3406 4148 vero
3432 4089 3616 4147 reddi-

2041 4205 2139 4270 dit,
2173 4201 2414 4257 Allcxiati
2440 4215 2538 4262 me,
2571 4204 2618 4250 et
2648 4194 2865 4248 allectus
2897 4208 3035 4253 sum,
3065 4187 3221 4259 quasi
3255 4185 3399 4241 dicat
3429 4200 3444 4236 :
3481 4182 3614 4236 Pro-

2040 4294 2255 4359 misisti,
2277 4291 2523 4354 Domine,
2554 4285 2849 4343 defendere
2878 4298 2987 4350 me,
3010 4291 3065 4336 et
3093 4278 3299 4336 deseris
3318 4276 3375 4330 in
3399 4274 3486 4329 bis
3510 4288 3613 4327 ne-

2040 4384 2401 4442 cessitatibus.
2457 4378 2595 4434 Dicit
2643 4392 2770 4432 vero
2804 4376 2926 4439 hoc,
2968 4388 3077 4427 non
3110 4372 3277 4425 Deum
3310 4379 3570 4422 accusans
3592 4405 3608 4430 ,

358 4502 479 4549 ταις
526 4482 933 4555 περιστάσεσιν.
960 4482 1096 4551 Φησὶ
1141 4481 1198 4535 δὲ
1254 4479 1432 4541 τοῦτο,
1466 4479 1527 4532 οὑ
1566 4479 1697 4531 Θεὸν
1732 4476 1936 4531 αἰτιού-

2039 4479 2131 4535 sed
2170 4476 2313 4548 quod
2337 4484 2391 4530 et
2420 4472 2618 4527 Paulus
2656 4470 2752 4533 ait,
2809 4468 2885 4521 De
2937 4466 3032 4519 hoc
3055 4474 3134 4519 ter
3193 4463 3357 4517 Deum
3402 4457 3608 4528 rogavi.

367 4593 549 4649 μενος,
578 4576 691 4631 ἀλλ’
726 4576 863 4647 ὅπερ
888 4577 980 4630 καὶ⁹
1022 4573 1233 4636 Παῦλός
1269 4589 1458 4642 φησιν,
1497 4569 1678 4637 Ὑπὲρ
1717 4569 1934 4622 τούτου

363 4669 489 4739 τρὶς
510 4669 615 4723 τὸν
635 4668 855 4735 Κύριον
886 4665 1291 4736 παρεκάλεσα.
1314 4666 1383 4717 Ἣ
1413 4663 1508 4716 καὶ
1530 4660 1725 4724 οὕτως·
1758 4661 1933 4714 Ἦπαο

361 4760 558 4832 τήθην,
590 4757 826 4830 νομίζων
876 4757 1075 4817 αὐτοὺς
1117 4754 1360 4824 βελτίους
1400 4751 1654 4821 γενέσθαι
1697 4750 1789 4803 διὰ
1824 4749 1973 4851 ⁶ιίῶν·

361 4849 725 4922 προρρήσεων
750 4846 862 4900 τῶν
892 4845 1022 4911 σῶν,
1046 4846 1141 4898 καὶ
1164 4845 1224 4898 οὐ
1251 4843 1534 4912 γεγόνασι.

437 4943 593 4997 «Ὅτι
624 4938 810 5010 πικρῷ
839 4938 985 5009 λόγῳ
1023 4956 1125 5010 μου
1149 4937 1456 5007 γελάσομαι
1484 4932 1934 4989 ἀθεσίαν.›Ἔστι

359 5033 470 5104 γὰρ
502 5032 679 5101 γέλως
704 5030 925 5103 πικρὸς,
953 5028 1058 5082 ὑπὸ
1084 5028 1316 5098 συνοχῆς
1336 5025 1518 5097 ψυχῆς
1542 5021 1932 5094 ἐκφερόμενος.

359 5125 472 5181 Καὶ
494 5123 585 5177 διὰ
609 5122 701 5177 τοῦ
724 5122 964 5191 γέλωτος
988 5119 1199 5187 τούτου,
1230 5119 1417 5190 φησὶν,
1438 5113 1794 5184 ὑποδείκνυμι
1813 5153 1827 5179 ,
1851 5113 1933 5166 ὅτι

355 5211 694 5284 ταλαιπωρῶ
719 5212 811 5264 ὑπ’
850 5209 1053 5265 αὐτῶν.
1104 5212 1132 5231 ‘

435 5327 455 5361 ι
485 5307 561 5362 Οὐ
595 5306 671 5377 μὴ
709 5303 930 5376 λαλήσω
966 5302 1073 5356 ἔτι.
1111 5320 1131 5354 1
1161 5301 1260 5354 Διὰ
1303 5298 1366 5353 τὸ
1406 5296 1616 5370 μηδένα
1659 5291 1803 5350 εἶναι
1843 5295 1934 5349 τὸν

354 5401 706 5473 πειθόμενον.
1674 5430 1689 5439 _

435 5512 454 5546 σ
488 5492 599 5546 Καὶ
627 5489 847 5559 ἐγένετο
872 5488 949 5554 ὡς
978 5485 1112 5558 πῦρ.
1142 5503 1162 5537 1
1194 5482 1253 5539 Ὀ
1286 5482 1428 5553 ὑπὲρ
1458 5478 1552 5535 τοῦ
1581 5478 1718 5534 Θεοῦ
1745 5476 1931 5546 ζῆλος.

435 5685 457 5721 ι
499 5667 881 5738 Ἐπισυστῆτε.
917 5686 937 5718 1
967 5665 1154 5721 Ταῦτα
1190 5664 1379 5732 ελεγον
1406 5662 1456 5716 οἱ
1487 5658 1933 5738 ἐπιϐουλεύοντες

359 5763 436 5835 τῷ
474 5760 752 5833 προφήτῃ,
778 5736 861 5814 δτι
904 5746 1194 5832 ’ἰτιρήσατε
1244 5754 1410 5811 αὑτοῦ
1453 5753 1662 5816 πάντας
1687 5736 1814 5813 τοὺς
1843 5748 1933 5804 λό-

2036 4569 2135 4625 Vel
2164 4570 2242 4624 sic
2273 4584 2288 4622 :
2315 4567 2581 4635 Deceptus
2616 4576 2758 4625 sum,
2810 4558 3103 4614 arbitratus
3167 4571 3261 4611 eos
3324 4552 3612 4623 probiores

2036 4676 2295 4719 evasuros
2326 4659 2433 4717 tuis
2460 4653 2923 4728 praedictionibus,
2946 4658 3002 4706 et
3036 4663 3147 4705 non
3176 4652 3497 4704 evaserunt.

2106 4918 2169 4972 V.
2194 4918 2245 4973 8.
2283 4935 2301 4967 σ
2332 4914 2466 4983 Quia
2503 4930 2690 4971 amaro
2738 4914 2907 4970 verbo
2960 4912 3153 4967 ridebo
3205 4901 3608 4980 pra-.varicatio-

2036 5026 2179 5066 nem.
2208 5029 2225 5060 1
2250 5008 2347 5063 Est
2362 5008 2507 5063 enim
2536 5007 2675 5063 risus
2704 5020 2942 5072 amarus,
2967 5003 3059 5074 qui
3080 5018 3144 5057 ex
3176 5000 3393 5055 turbato
3426 4994 3610 5049 animo

2036 5102 2305 5174 provenit.
2340 5101 2404 5155 Et
2429 5115 2526 5170 per
2547 5098 2875 5155 derisionem
2927 5097 3088 5160 hanc,
3126 5091 3221 5158 ait,
3248 5086 3481 5145 ostendo
3519 5101 3609 5141 mc

2034 5195 2104 5250 ab
2141 5193 2222 5248 eis
2258 5192 2458 5247 misere
2488 5206 2674 5263 agere.

2104 5289 2169 5345 V.
2212 5288 2265 5343 9.
2296 5303 2315 5337 ι
2352 5283 2463 5339 Nec
2499 5284 2692 5355 loquar
2717 5281 2877 5337 ultra.
2922 5298 2939 5331 1
2972 5279 3051 5334 Eo
3067 5275 3213 5347 quod
3238 5273 3422 5330 nullus
3463 5281 3610 5329 esset

2033 5381 2124 5453 qui
2146 5379 2305 5436 dictis
2341 5385 2578 5448 pareret.
3557 5430 3563 5436 .

2111 5490 2129 5524 ι
2171 5471 2241 5526 Ει
2266 5468 2443 5524 factus
2472 5472 2557 5522 est
2601 5463 2753 5535 quasi
2772 5461 2934 5533 ignis.
2973 5479 2993 5515 1
3019 5459 3182 5516 Zelus
3212 5458 3309 5532 qui
3359 5472 3459 5530 pro
3495 5457 3608 5515 Deo

2034 5564 2284 5619 habetur.

2104 5655 2169 5710 v.
2210 5655 2296 5712 to.
2329 5674 2349 5707 «
2383 5653 2706 5709 lnsultate.1
2746 5646 2872 5703 Haec
2899 5648 3174 5713 dicebant,
3206 5646 3298 5718 qui
3329 5602 3608 5717 ρτδριιεωε

2035 5748 2316 5806 struebant
2346 5746 2607 5808 insidias:
2639 5740 2938 5801 Observate
2996 5757 3193 5813 nempe
3237 5755 3430 5799 omnes
3465 5736 3611 5794 illius
