4122 6210
503 383 604 449 671

1596 388 2118 454 OLYMPIODORI
2149 391 2680 453 ALEXANDRINI

3676 387 3817 452 σῖῖ

505 512 812 561 sermones,
845 499 890 552 si
921 498 1220 553 concordes
1247 507 1378 554 sunt
1405 519 1418 553 :
1441 509 1500 554 ut
1535 501 1578 556 si
1632 502 1686 555 in
1753 503 1936 572 aliquo
1983 503 2074 559 sibi

2190 519 2343 572 γους,
2391 502 2440 555 εί
2475 498 2762 572 σύμφωνοί
2807 500 2981 553 εἰσιν·
3037 498 3128 552 ἴνα
3169 498 3266 553 ἐὰν
3300 499 3501 571 εὑρεθῇ
3543 505 3686 557 κατά
3728 525 3783 561 τι

515 591 814 660 pugnantia
848 590 1028 645 dicere
1059 591 1586 661 deprehenderetur,
1643 606 1901 665 tanquam
1930 612 2084 651 men-

503 681 694 736 dacem
720 679 1120 734 interimercnt.

581 791 599 822 ε
626 771 832 826 Idcirco
862 772 1135 840 persecuti
1173 784 1321 829 sunt.
1353 793 1372 826 ι
1416 776 1686 842 Quoniam
1708 776 1851 832 Deus
1871 793 2083 833 mecum

503 869 612 925 est;
652 862 904 931 quodque
937 878 1022 917 res
1061 864 1328 922 dedecore
1351 868 1542 937 dignas
1576 877 1763 939 agunt.

576 953 640 1008 γ.
679 956 764 1010 Η.
802 957 983 1030 ¢_Dies
1011 957 1068 1011 in
1108 975 1211 1028 qua
1253 963 1466 1030 peperit
1514 978 1600 1016 me
1652 973 1825 1018 mater
1878 980 2022 1019 mea.
2060 983 2078 1017 I

503 1046 784 1116 Tanquam
829 1063 937 1101 non
990 1049 1146 1104 valde
1177 1067 1375 1107 curans
1415 1054 1697 1110 invehitur
1731 1056 1786 1109 in
1840 1071 1928 1110 res
1968 1070 2095 1112 nou'

503 1147 780 1194 exstantes
824 1147 880 1194 et
925 1141 1034 1210 jam
1071 1145 1377 1212 praeteritas
1422 1163 1544 1216 qure
1587 1149 1952 1203 maledictioni
1987 1149 2088 1203 ob-

502 1234 680 1288 noxiae
706 1248 827 1288 esse
875 1251 982 1288 non
1016 1247 1264 1304 possunt,
1294 1247 1353 1293 ut
1390 1240 1565 1294 solum
1591 1241 1736 1312 quod
1775 1241 1879 1294 sibi
1905 1241 2086 1298 conti-

501 1331 656 1395 gerat
695 1326 896 1380 malum
955 1327 1278 1383 declararet.

569 1412 637 1468 ν.
675 1415 760 1470 15.
794 1435 813 1467 ‹
858 1415 1172 1471 Maledictus
1194 1420 1376 1473 homo.
1421 1441 1439 1472 )
1473 1422 1637 1475 Aiunt
1661 1420 1864 1475 Iulium
1897 1422 2083 1478 suisin

499 1505 922 1563 Commentariis
956 1510 1158 1565 dixisse
1214 1513 1480 1568 Ananiam
1550 1516 2082 1585 pseudopmphetam

498 1598 780 1653 nuntiasse
801 1600 1040 1670 primum
1064 1602 1299 1659 Chelciae
1325 1606 1463 1674 patri
1497 1605 1748 1661 Ieremia:
1775 1617 1966 1660 natum
1995 1607 2074 1661 illi

498 1687 667 1744 ﬁlium
698 1693 998 1747 masculum
1029 1714 1041 1749 :
1076 1697 1196 1764 jure
1226 1697 1390 1766 igitur
1440 1697 1517 1752 illi
1552 1700 1845 1762 maledicit,
1873 1707 1933 1752 ut
1987 1699 2079 1768 qui

497 1779 683 1848 p0puli
715 1781 910 1836 excidii
936 1791 1092 1838 causa
1130 1785 1314 1842 fuerit.
1356 1788 1576 1860 Mystice
1607 1805 1737 1844 vero
1766 1790 1837 1843 ita
1868 1791 2079 1844 intelli-

2187 594 2336 666 αύτῷ
2368 593 2801 664 ἐναντιούμενος,
2833 590 3093 662 ἀνέλωσι⁴
3119 590 3284 646 αὑτὸν
3321 592 3397 657 ὡς
3423 592 3689 667 ψεύστην.

2261 790 2281 823 ι
2313 771 2412 825 Διά
2442 772 2601 826 τοῦτο
2637 769 2884 837 ἐδίωξαν.
2929 791 2946 824 ι
2980 771 3107 826 ’Ότι
3135 770 3270 836 Θεὸς
3299 774 3419 844 μετ’
3445 776 3583 846 ἐμοῦ
3629 777 3774 846 ἐστι,

2184 861 2280 916 καὶ
2301 865 2384 917 ὅτι
2415 865 2641 935 ἀτιμίας
2676 865 2800 929 ἄξια
2826 863 3188 936 πράττουσιν.

2259 972 2280 1007 ι
2323 954 2385 1009 Ἦ
2420 956 2635 1026 ἡμέρα,
2675 957 2732 1008 tv
2767 950 2981 1026 ᾖέτεκὲ
3030 971 3098 1024 με
3146 955 3180 1024 ἡ
3229 955 3413 1027 μήτηρ
3455 973 3582 1027 μου.
3616 977 3636 1012 ι
3690 961 3781 1025 Ὠς

2183 1030 2463 1118 ὀλιγωρῶν
2494 1049 2584 1100 ἐπὶ
2611 1047 2678 1100 τὰ
2707 1047 3063 1102 ἀνυπόστατα
3093 1046 3189 1100 καὶ
3223 1047 3324 1118 ήδη
3362 1054 3772 1121 παρῳχηκότα,

2184 1140 2253 1193 τὰ
2304 1141 2379 1210 μὴ
2422 1139 2698 1210 δυνάμενα
2742 1138 2992 1209 κατάραν
3040 1137 3304 1204 δέξασθαι
3365 1142 3593 1215 ἐκφέρει
3641 1148 3775 1210 τοὺς

2185 1231 2412 1301 λόγουςο
2447 1233 2534 1286 ἵνα
2568 1234 2718 1306 δείξῃ
2757 1231 2922 1302 μόνον
2967 1230 3066 1302 τὴν
3099 1219 3390 1302 συμϐᾶσαν
3424 1235 3575 1307 αὐτῷ
3610 1239 3774 1308 περί-

2097 1331 2103 1337 ’
2189 1341 2401 1378 στασιν.

2263 1432 2282 1465 ι
2333 1415 2792 1486 Ἐπικατάρατος.
2825 1434 2842 1468 ι
2880 1417 3048 1470 Φασὶν
3080 1417 3174 1470 τὸν
3209 1417 3410 1472 ἰοὖλον
3442 1419 3500 1471 tv
3529 1420 3767 1484 οίκείοις

2188 1507 2622 1576 συγγράμμασιν
2647 1506 2952 1577 είρηκέναι,
2987 1507 3062 1570 ὡς
3106 1509 3361 1572 Ἀνανίας
3400 1511 3428 1562 6
3461 1511 3768 1582 ψευδοπροέ

2188 1597 2365 1667 φήτης
2409 1597 2570 1661 αὐτὸς
2603 1596 2818 1666 πρῶτος
2849 1596 2967 1652 εἷπε
2998 1598 3074 1669 τῷ
3106 1601 3316 1671 Χελκίᾳ
3348 1600 3427 1672 τῷ
3460 1603 3629 1673 πατρὶ
3669 1603 3766 1657 τοῦ

2200 1689 2485 1760 Ἰερεμίου,
2521 1692 2604 1744 ὅτι
2635 1690 2829 1761 ἐτέχθη
2858 1691 3010 1762 αύτῷ
3034 1691 3246 1745 παιδίον
3275 1694 3468 1764 ᾶρῤεν.
3509 1694 3768 1759 Ἐνδίκως

2200 1775 2294 1835 οὖν
2321 1780 2468 1852 αὐτῷ
2498 1783 2805 1852 καταρᾶται
2853 1782 2928 1846 ὡς
2973 1783 3151 1836 αἴτιον
3185 1782 3265 1854 τῷ
3309 1783 3424 1854 λαῷ
3473 1785 3767 1856 γενόμενον

498 1885 628 1940 ges:
664 1872 949 1930 Hominem
983 1875 1263 1948 Scriptura
1293 1852 1435 1950 smpe
1463 1889 1621 1936 vocat
1647 1882 1944 1936 diabolum.
1982 1881 2074 1936 Mal

2197 1870 2493 1934 ἀπωλείας.
2527 1871 2670 1942 Πρὸς
2709 1871 2952 1927 διάνοιαν
2993 1873 3049 1926 δὲ
3075 1852 3455 1947 οὓτωήνοήσῂς
3481 1852 3496 1905 έ
3527 1852 3763 1948 Ἀνθρωο

497 1961 732 2020 ledictus
785 1966 988 2036 itaque,
1032 1959 1129 2034 ait,
1165 1971 1236 2024 sit
1284 1971 1553 2039 diabolus,
1586 1975 1678 2043 qui
1712 1975 1856 2028 Patri
1887 1985 2080 2029 nostro

496 2054 611 2111 Deo
641 2059 846 2114 dixerat
875 2079 888 2114 :
923 2060 1060 2117 Ecce
1095 2063 1371 2119 masculus
1401 2075 1484 2120 est
1517 2067 1701 2132 homo,
1730 2065 1938 2123 scilicet
1969 2067 2083 2123 for-

497 2147 587 2217 tis,
620 2152 872 2220 permittc
897 2163 956 2206 ut
987 2153 1136 2208 illum
1168 2164 1399 2213 tentem.

565 2333 630 2392 ν.
678 2339 760 2394 16.
795 2361 813 2392 ι
860 2341 1417 2400 Audiatclamorem.»
1459 2346 1774 2403 Secundum
1801 2350 2071 2414 litteram,

493 2429 636 2485 cito:
660 2432 974 2502 Spiritalitcr
1002 2452 1158 2501 vero,
1193 2438 1558 2504 Pcrterreliat,
1595 2441 1794 2512 inquit,
1820 2441 2073 2498 diabolus

493 2521 548 2575 in
572 2526 906 2594 apparitione
933 2537 987 2582 et
1016 2539 1140 2584 ortu
1172 2532 1284 2586 veri
1310 2533 1438 2587 solis
1465 2533 1594 2588 Jesu
1621 2534 1837 2589 Domini
1876 2537 2071 2591 nostri.

568 2711 587 2744 ‹
633 2692 701 2750 Ει
734 2695 1017 2754 ululatum.
1051 2718 1069 2752 ι
1098 2699 1178 2755 Ad
1209 2699 1446 2759 litteram
1479 2706 1718 2774 quidem,
1754 2708 1964 2772 Adhuc,
1998 2709 2076 2763 in-

492 2784 630 2855 quit,
671 2787 726 2840 in
760 2786 1016 2845 felicitate
1047 2794 1262 2862 positus
1306 2795 1547 2851 Ananias
1599 2813 1790 2852 vocem
1833 2800 2071 2856 hostium

491 2880 676 2936 audiet
709 2896 723 2933 :
753 2883 1071 2952 spiritaliter
1141 2903 1271 2942 vero
1309 2886 1569 2945 :Meridie
1635 2892 1783 2946 cruci
1841 2893 2078 2963 adigitur

489 2965 761 3035 Christus,
801 2986 925 3027 cum
958 2981 1012 3027 et
1034 2974 1284 3030 diabolus
1322 2978 1564 3046 perfecte
1589 2980 1768 3035 victus
1798 2989 1902 3036 est.
1943 2983 2072 3039 Ulu-

491 3057 632 3115 latus
654 3061 801 3116 enim
826 3063 1031 3118 clamor
1060 3076 1144 3120 est
1184 3067 1435 3124 hostibus
1479 3069 1734 3127 devictis.

483 3306 487 3312 _
570 3256 588 3290 ι
619 3235 755 3304 Quia
785 3255 896 3295 non
925 3242 1198 3300 interfecit
1242 3262 1348 3302 me.
1389 3267 1407 3299 ι
1461 3248 1578 3306 Hoc
1609 3261 1870 3321 praestare
1925 3253 2070 3306 Ana-

491 3327 612 3383 nias
649 3345 758 3384 non
817 3341 1051 3401 poterat,
1082 3337 1265 3406 itaque
1308 3340 1625 3408 spiritaliter
1685 3345 1883 3412 potius
1916 3345 2066 3400 acci-

490 3419 748 3489 piendum
785 3439 798 3475 :
834 3423 910 3478 ait
938 3424 1101 3496 igitur
1134 3444 1147 3480 :
1185 3426 1495 3488 Voluntatis
1520 3433 1783 3502 impetum
1811 3451 1919 3489 non
1964 3453 2059 3491 re-

479 3514 724 3569 tardavit
760 3523 1050 3587 antequam
1073 3535 1133 3575 se
1167 3521 1234 3576 ad
1253 3525 1451 3578 malum
1481 3535 1848 3592 converteret,
1885 3530 2064 3584 mani-

495 3605 700 3661 festans
770 3608 905 3662 mihi
982 3611 1307 3680 pravitatem
1383 3615 1744 3686 iniquitatis,
1822 3627 1876 3673 et
1957 3636 2068 3675 non

494 3694 827 3754 inseminans
849 3699 992 3754 illam
1019 3717 1144 3756 cum
1178 3706 1532 3773 praetextibus
1583 3715 1639 3763 et
1683 3709 2070 3766 occultatione.

568 3895 740 3952 v.17.
772 3916 790 3949 ι
832 3897 900 3952 Et
921 3897 1160 3955 factaest
1199 3901 1330 3957 mihi
1369 3890 1542 3959 mater
1582 3922 1716 3962 mea.
1757 3926 1774 3960 ι
1808 3908 1936 3971 Cur,
1965 3909 2060 3976 ait,

493 3984 550 4038 in
577 3984 693 4054 ipso
717 3987 991 4056 proposito
1021 4003 1130 4042 non
1166 3990 1335 4052 stetit,
1363 4001 1417 4046 et
1470 3993 1644 4048 soluta
1667 4005 1751 4049 est
1779 3996 2057 4067 cogitatio,

493 4089 594 4128 nec
631 4075 694 4129 ad
726 4090 864 4144 opus
894 4075 1118 4144 perduxi
1149 4078 1292 4146 quod
1324 4079 1464 4133 volui
1491 4080 1515 4132 ?

564 4160 629 4214 V.
665 4161 788 4216 i8.¢
820 4162 886 4218 Ut
916 4164 1043 4232 quid
1077 4165 1190 4219 ita?
1219 4165 1475 4235 Egressus
1532 4188 1550 4220 ι
1592 4167 1878 4224 Peccatum
1919 4171 2076 4226 dolo-

2190 1966 2352 2035 πονὴ
2393 1966 2584 2035 Γραφὴ
2642 1963 2915 2035 πολλαχοῦ
2939 1965 3042 2045 ,τὸν
3089 1965 3337 2019 διάϐολον
3375 1967 3554 2021 καλεῖ.
3609 1967 3764 2019 Ἐπι-

2185 2058 2496 2128 κατάρατος
2528 2053 2651 2124 οὖν,
2690 2058 2858 2129 φησὶν
2878 2096 2893 2121 ,
2924 2055 3065 2110 ἔστω
3094 2056 3404 2122 ὁδιαὸολος,
3439 2058 3500 2121 ὃς
3532 2058 3760 2130 εἴρηκεν

2183 2147 2262 2218 τῷ
2291 2148 2468 2220 Πατρὶ
2513 2149 2674 2219 ἡμῶν
2705 2148 2782 2219 τῷ
2826 2146 2978 2217 Θεῷ,
3017 2146 3150 2200 Ἰδοὺ
3199 2148 3367 2217 ἄρσεν
3401 2147 3552 2200 ἐστὶν
3580 2150 3608 2200 6
3662 2149 3764 2202 ᾶνέ

2185 2239 2422 2311 θρωπος,
2454 2239 2730 2292 τουτέστιν
2746 2237 2987 2307 ἀνδρεῖος
3008 2251 3021 2264 ·
3054 2236 3143 2300 δὺς
3173 2236 3258 2289 ἵνα
3291 2236 3541 2308 πειράσω
3564 2236 3758 2292 αὐτόν.

2259 2351 2278 2386 ι
2327 2332 2640 2387 Ἀκουσάτω
2687 2331 2948 2404 κραῦγος.
2996 2350 3014 2383 ι
3083 2331 3226 2402 Πρὸς
3293 2330 3394 2401 μὲν
3444 2331 3506 2383 τδ
3569 2332 3758 2402 ῥητὸν,

2179 2426 2347 2497 ταχύ·
2381 2426 2517 2495 πρὸς
2536 2425 2592 2478 δὲ
2618 2425 2878 2489 διάνοιαν,
2909 2423 3205 2494 Πτοηθείη,
3235 2424 3423 2493 φησὶν,
3453 2423 3482 2476 6
3509 2423 3760 2488 διάϐολος

2181 2519 2240 2571 tv
2279 2515 2708 2589 στῇ-ἐπιφανείᾳ,
2741 2513 2836 2570 καὶ
2880 2515 2940 2568 tv
2979 2516 3045 2586 τῇ
3094 2513 3332 2585 ἀνατολῇ
3367 2513 3463 2568 τοῦ
3500 2513 3758 2586 ἀληθινοῦ

2181 2607 2330 2678 ἡλίου
2375 2605 2551 2676 Ἰησοῦ
2586 2603 2681 2658 τοῦ
2718 2603 2925 2676 Κυρίου
2957 2604 3141 2674 ἡμῶν.

2259 2715 2276 2748 ι
2301 2697 2408 2750 Καὶ
2433 2694 2772 2765 ἀλαλαγμοῦ.
2789 2716 2805 2745 ι
2824 2694 2970 2766 Πρὸς
2999 2694 3098 2764 μὲν
3121 2693 3182 2747 τὸ
3201 2694 3541 2764 ρητδν,Ἔτι,
3567 2695 3753 2763 φησὶν,

2180 2787 2575 2858 εύθυνούμενος
2614 2789 2643 2840 6
2685 2787 2937 2850 Ἀνανίας
2987 2785 3214 2840 ἀκούσει
3264 2785 3365 2856 τῆς
3414 2785 3598 2856 φωνῆς
3645 2785 3759 2839 τῶν

2181 2880 2480 2949 πολεμίων·
2514 2879 2651 2950 πρὸς
2697 2879 2754 2932 δὲ
2793 2878 3056 2942 διάνοιαν,
3095 2878 3182 2932 Ἐν
3221 2877 3546 2948 μεσημϐρίᾳ
3593 2895 3761 2932 σταυ-

2180 2973 2368 3044 ροῦται
2421 2975 2448 3026 6
2482 2975 2722 3046 Κύριος·
2785 2974 2873 3027 ὅτε
2921 2972 3016 3026 καὶ
3059 2972 3280 3037 τελείως
3324 2973 3531 3044 ἡττήθη
3576 2974 3605 3025 6
3647 2962 3768 3027 διά-’

2179 3057 2352 3128 ϐολος·
2377 3065 2695 3136 ἀλαλαγμὸς
2728 3064 2860 3136 γὰρ,
2893 3064 2991 3137 βοὴ
3022 3063 3164 3118 κατὰ
3201 3065 3570 3119 πεπτωκότων
3598 3064 3760 3119 πολε-

2103 3197 2150 3261 c
2185 3157 2345 3228 μίων.

2255 3266 2274 3301 ι
2296 3250 2419 3302 Ὀτι
2451 3247 2551 3302 οὐκ
2579 3246 2869 3301 ἀπέκτεινέ
2899 3263 2990 3317 με.
3026 3265 3048 3300 ι
3079 3246 3254 3301 Τοῦτο
3286 3249 3464 3301 πο;εῖν
3500 3247 3757 3312 Ἀνανίας

2176 3338 2276 3392 οὐκ
2303 3338 2553 3408 ἠδύνατο·
2579 3338 2656 3402 ὡς
2680 3339 3024 3409 δικαιότερον
3046 3339 3126 3402 είς
3147 3339 3385 3411 θεωρίαν
3418 3339 3568 3394 ἰδεῖν.
3588 3339 3762 3410 Φησὶν

2175 3426 2289 3496 οὖν,
2323 3432 2404 3483 ὅτι
2431 3431 2544 3484 Οὐκ
2578 3430 2812 3500 ἀνέκοψε
2854 3431 2956 3502 τὴν
2996 3430 3176 3504 ὁρμὴν
3205 3431 3308 3501 τῆς
3350 3432 3756 3503 προαιρέσεως,

2134 3534 2140 3540 ·
2177 3523 2308 3594 πρὶν
2336 3521 2433 3594 τὴν
2466 3523 2558 3576 ἐπὶ
2589 3522 2651 3576 τὸ
2678 3521 2881 3592 φαῦλον
2911 3522 3168 3589 δέξασθαι
3211 3523 3445 3595 τροπὴν,
3503 3522 3759 3594 φανερώ-

2179 3631 2277 3677 σας
2304 3631 2392 3685 μοι
2422 3615 2520 3684 τὴν
2561 3613 2762 3668 κακίαν
2793 3614 2890 3685 τῆς
2915 3613 3191 3686 ἁμαρτίας
3217 3653 3232 3679 ,
3266 3614 3358 3668 καὶ
3389 3615 3466 3686 μὴ
3514 3616 3650 3686 μετά
3678 3613 3759 3668 δι-

2179 3706 2511 3776 καιωμάτων
2558 3706 2654 3759 καὶ
2695 3704 3044 3776 ἐπικρύψεως
3104 3704 3313 3776 ταύτην
3361 3722 3453 3775 μοι
3513 3707 3753 3774 ἐγκατα-

2182 3796 2433 3867 σπείρας.

2251 3906 2272 3940 ‹
2309 3889 2417 3942 Καὶ
2447 3889 2665 3958 ἐγένετό
2691 3905 2782 3960 μοι
2809 3890 2843 3960 ἡ
2869 3890 3054 3962 μήτηρ
3079 3907 3206 3960 μου.
3237 3907 3256 3941 ι
3285 3889 3408 3942 Ἵνα
3439 3887 3512 3954 τί,
3547 3888 3732 3959 φησὶν,

2174 3981 2233 4034 tv
2276 3981 2414 4052 αὐτῇ
2457 3981 2716 4052 προθέσει
2754 3981 3108 4051 ὲναπέμεινε,
3151 3981 3247 4034 καὶ
3291 3980 3510 4051 διελύθη
3541 3982 3569 4035 6
3606 3980 3757 4048 λογι-

2161 4072 2330 4144 σμὸς,
2358 4073 2451 4125 καὶ
2484 4072 2558 4144 μὴ
2589 4073 2670 4135 si;
2701 4071 2863 4141 ἔργον
2893 4073 3109 4143 ἠνεγκα
3143 4072 3205 4125 τὸ
3235 4070 3400 4141 βούλη
3413 4088 3522 4140 μα;

2251 4181 2270 4216 ι
2291 4128 2417 4217 Ilva
2456 4128 2510 4216 1‘!
2537 4128 2744 4230 ’ίδοῠτος⁸
2767 4128 3043 4234 "mihi.
3083 4183 3101 4216 ι
3146 4165 3209 4217 'H
3235 4128 3484 4235 duap'tia
3509 4128 3624 4216 "CL-bV
3664 4128 3759 4217 πόέ

495 4267 616 4306 rum
668 4253 1020 4324 laborumque
1047 4256 1197 4326 origo
1255 4267 1359 4320 est,
1413 4268 1468 4313 et
1505 4261 1752 4330 peccanti
1793 4262 2068 4331 poenitere

2181 4271 2282 4309 νων
2327 4255 2422 4309 καὶ
2460 4255 2569 4308 τῶν
2615 4255 2830 4326 μόχθων
2874 4255 3025 4309 αίτία
3080 4256 3268 4325 γέγονε
3295 4271 3308 4285 ·
3359 4257 3506 4306 ποιεῖ
3549 4255 3605 4307 δὲ
3655 4257 3755 4308 καὶ

495 4339 671 4395 all‘erl.
697 4339 888 4397 Sermo
922 4343 1082 4413 igitur
1105 4345 1192 4400 hic
1225 4347 1432 4403 varium
1469 4349 1632 4406 deﬂet
1663 4360 1887 4406 statum.

1123 4583 1275 4640 CAP.
1340 4586 1481 4642 XXI.

567 4696 634 4751 γ.
676 4699 723 4752 i.
759 4719 777 4750 ι
815 4699 1044 4766 Quando
1073 4704 1221 4759 misit
1251 4704 1318 4758 ad
1359 4719 1484 4758 eum
1523 4705 1802 4761 Sedecias.
1839 4724 1858 4758 ι
1897 4706 2067 4764 Sede-

495 4789 606 4843 cias
634 4789 688 4842 in
721 4789 992 4860 Babylonii
1020 4803 1339 4863 potestatem
1363 4796 1634 4862 redactus,
1671 4813 1862 4853 rursus
1893 4800 1960 4854 ab
1980 4800 2071 4855 illo

496 4895 590 4934 rex
619 4890 835 4936 creatur
859 4881 1180 4951 Jerusalem,
1221 4887 1578 4956 jurejurando
1615 4889 1878 4957 praestito,
1905 4906 1966 4946 se
1999 4892 2069 4946 ab

495 4974 587 5032 illo
614 4993 724 5031 non
756 4978 1140 5046 discessurum,
1171 4983 1266 5038 sed
1285 4982 1452 5037 fracto
1479 4982 1683 5039 laedere
1706 4999 1894 5040 rursus
1920 5001 1952 5041 a
1973 4986 2077 5042 Ba-

496 5066 713 5138 bylonio
726 5069 868 5126 bello
895 5080 1146 5126 vexatur.

570 5243 634 5298 V.
675 5246 728 5301 9.
777 5266 795 5299 ι
830 5249 898 5303 Ει
953 5249 1238 5320 egrediens
1281 5250 1559 5306 accedere.
1599 5270 1617 5304 ι
1678 5253 1962 5324 Tanquam
2022 5271 2081 5312 se

499 5331 686 5392 divino
719 5354 827 5394 non
857 5355 1141 5411 Opponens
1169 5341 1375 5412 judicio
1399 5383 1413 5408 ,
1446 5344 1530 5398 cui
1555 5345 1754 5415 placuit
1785 5348 1950 5402 eosin
1973 5348 2077 5403 Ba-

500 5423 842 5496 byloniorum
871 5441 1192 5499 potestatem
1223 5433 1428 5487 venire.

559 5525 596 5568 ἰ
638 5517 705 5571 Et
728 5521 831 5574 erit
873 5521 1054 5575 anima
1085 5523 1226 5593 ejus.
1261 5543 1278 5575 ι
1316 5523 1426 5580 lloc
1457 5535 1559 5591 est,
1609 5527 1860 5580 Animam
1923 5543 2076 5584 suam

501 5607 824 5666 lucrabitur.

574 5701 640 5758 ν.
685 5704 768 5758 12.
801 5724 818 5756 ι
853 5705 1098 5764 Judicate
1129 5725 1308 5767 mane.
1353 5730 1372 5762 ι
1399 5716 1575 5778 Mane,
1603 5712 1656 5768 id
1686 5723 1789 5780 cst,
1827 5713 1938 5770 cito
1963 5730 2080 5785 pce-

506 5791 788 5853 nitentiam
822 5798 982 5868 agite.

2181 4346 2481 4418 μετάμελον
2510 4349 2587 4420 τῷ
2616 4348 3003 4422 ἁμαρτάνοντι.
3046 4349 3323 4422 Ὀδύρεται
3361 4343 3454 4402 οὖν
3477 4350 3576 4420 τὴν
3621 4365 3753 4420 τρο-

2181 4439 2287 4510 πὴν
2317 4442 2344 4493 δ
2369 4439 2551 4509 λόγος.

2736 4595 2988 4651 ΚΕΦΑΛ.
3021 4593 3152 4651 KA'.

2255 4727 2274 4762 ι
2313 4710 2442 4764 Ὅτε
2486 4707 2776 4763 ἀπέστειλε
2823 4710 2960 4780 πρὸς
3005 4708 3170 4764 αὑτὸν
3210 4709 3238 4762 6
3291 4706 3552 4778 βασιλεὺς
3601 4705 3756 4758 Σεδε-

2181 4799 2323 4864 κίας.
2361 4819 2380 4852 ι
2431 4801 2489 4854 Ὁ
2535 4800 2787 4864 Σεδεκίας
2824 4800 3174 4870 αἰχμάλωτος
3219 4799 3461 4868 γεγονὼς
3511 4799 3616 4852 ὑπὸ
3656 4796 3749 4850 τοῦ

2179 4887 2544 4955 Βαϐυλωνίου,
2582 4887 2745 4941 πάλιν
2779 4889 2871 4942 ὑπ’
2901 4888 3068 4942 αὑτοῦ
3095 4888 3411 4959 κατεστάθη
3445 4887 3754 4958 βασιλεύειν

2179 4981 2276 5050 τῆς
2314 4979 2688 5050 Ἰερουσαλὴμ,
2715 4981 2911 5050 ὅρκους
2936 4981 3087 5051 αὐτῷ
3115 4980 3366 5044 δεδωκὼς
3389 5021 3404 5047 ,
3440 4981 3517 5051 μὴ
3553 4981 3755 5050 ἀθετή-

2182 5089 2299 5125 σειν
2341 5073 2537 5126 αὐτόν’
2589 5071 2938 5143 παραὸἀντος
2990 5073 3048 5127 δὲ
3092 5074 3260 5128 αὐτοῦ
3308 5073 3410 5136 τὰς
3455 5072 3754 5144 συνθήκας,

2181 5164 2345 5218 πάλιν
2370 5165 2752 5236 ἐπιστρατεύει
2775 5166 2802 5219 6
2824 5165 3188 5231 Βαϐυλώνιος.

2259 5277 2276 5309 ι
2311 5257 2420 5310 Καὶ
2447 5259 2475 5310 6
2500 5257 2958 5328 ἐμπορευόμενος.
2999 5277 3017 5309 ι
3060 5259 3146 5323 Ὣς
3177 5258 3252 5330 μὴ
3305 5257 3756 5329 ἀντιταττόμενος

2181 5348 2258 5420 τῷ
2289 5350 2419 5417 θείῳ
2444 5350 2696 5422 κρίματι,
2731 5349 2812 5420 τῷ
2847 5350 3200 5405 δικαιώσαντι
3234 5350 3618 5422 παραδοθῆναι
3658 5349 3754 5402 αύ-

2182 5442 2306 5504 τοὺς
2329 5443 2442 5503 τοῖς
2473 5439 2862 5504 Βαϐυλωνίοις.

2260 5549 2278 5583 ι
2315 5533 2424 5585 Καὶ
2460 5531 2620 5584 ἔσται
2663 5533 2696 5602 ἡ
2734 5531 2904 5603 ψυχή.
2939 5550 2957 5584 ι
3011 5532 3156 5587 Ἀντὶ
3186 5533 3318 5598 τοῦ,
3352 5532 3623 5603 Κερδανεῖ
3661 5531 3755 5602 τὴν

2183 5624 2360 5695 ψυχὴν
2397 5624 2584 5679 αὐτοῦ.
2619 5643 2636 5675 ›

2262 5736 2280 5768 ι
2309 5715 2552 5790 ⁸Κρίνατε
2592 5720 2758 5791 πρωῒ.
2798 5737 2818 5772 ι
2869 5719 2942 5773 Τὸ
2974 5719 3126 5788 πρωΐ
3150 5762 3165 5788 ,
3209 5719 3335 5775 ἀντὶ
3371 5719 3490 5788 τοῦ,
3546 5719 3756 5790 ταχέως

2190 5808 2562 5879 μετανοήσατε
2571 5848 2586 5863 .
