4122 6210
335 281 439 345 073

1457 264 1922 327 FRAGMENTA
1957 263 2040 325 ΙΝ
2076 263 2490 323 JEREMIAM.

3498 261 3606 324 674

411 407 430 440 ο
471 389 580 440 Καὶ
611 385 968 455 καυθήσεται.
1004 399 1022 432 ι
1057 364 1168 450 Τῆν
1197 374 1404 447 τροφήν
1436 391 1627 444 φησιν.
1666 371 1777 427 εἷλε
1810 374 1918 445 γὰρ
1949 396 1962 436 Α

2101 391 2119 422 ι
2158 371 2224 426 Ει
2252 372 2555 427 devorabit.
2588 390 2605 422 ι
2646 371 2976 426 Alimentum
3008 371 3102 437 ait,
3136 370 3280 443 quod
3315 372 3474 426 etiam
3501 371 3606 427 Ba-

337 483 434 538 καὶ
467 479 641 552 αὐτὴν
672 479 706 531 ὁ
726 474 1092 536 Βαϐυλώνιος.

913 564 1164 619 ΚΕΦΑΛ.
1208 560 1340 616 KB'.

417 688 434 721 ι
465 666 578 722 Καὶ
606 662 796 728 ἐπάξω
823 662 918 713 ἐπὶ
944 659 1026 713 σέ.
1065 675 1083 707 ι
1132 651 1356 722 Ἐπειδὴ
1387 649 1594 722 κέδρων
1625 647 1750 718 ἑξῆς
1790 658 1924 716 μνη-

2024 460 2277 532 bylonius
2301 463 2544 519 abstulit.

2650 552 2808 608 CAP.
2845 554 3010 608 XXII.

2093 649 2157 704 ν.
2191 649 2242 703 7.
2283 665 2300 698 ι
2338 645 2407 700 Et
2428 645 2678 700 inducam
2703 661 2868 716 super
2897 655 2969 699 te.
2993 664 3010 696 ›
3035 644 3301 712 Quoniam
3323 647 3607 702 ceilrorum

346 759 590 831 μονεύει,
629 751 916 823 σημαίνων
941 747 1071 809 τοὺς
1103 746 1162 798 ὲν
1195 741 1463 813 ὑπεροχῇ,
1491 736 1804 806 ἀναγκαίως
1829 734 1925 787 καὶ

2057 757 2080 794 [ι
2127 738 2480 808 sequentibus
2544 737 2812 802 meminit,
2860 738 3170 809 signiﬁcans
3196 753 3290 793 eos
3339 741 3431 810 qui
3483 747 3612 794 sunt

341 853 582 905 πέλεκυν
611 843 783 900 εἶπεν.

421 961 441 995 ι
491 939 893 1013 ’ῼκοδόμησας.
932 951 950 983 ι
999 927 1255 999 ’Υπερῷα
1281 926 1414 991 νόει,
1446 923 1517 976 τὰ
1547 917 1928 1013 ῦψώματα,τά

351 1008 696 1104 ὲπαιρδμενα
741 1030 886 1081 κατὰ
911 1025 1014 1093 τῆς
1039 1022 1295 1090 γνώσεως
1335 1016 1431 1069 τοῦ
1465 1013 1623 1067 Θεοῦ.
1663 1013 1722 1064 '0
1766 1008 1927 1080 ὑφαί-

352 1144 459 1180 νων
491 1121 608 1188 οῦν,
633 1120 828 1191 φησιν,
864 1114 1044 1183 ἐαυτῷ
1077 1109 1424 1181 ψευδοδοξίας
1454 1106 1722 1176 δόγματα.

428 1313 448 1347 ι
485 1295 581 1365 Μὴ
615 1288 984 1363 βασιλεύσεις.
1021 1304 1040 1336 ι
1087 1283 1404 1354 Ἐζήλωσας
1429 1319 1444 1345 ,
1481 1281 1617 1350 φησι
1641 1319 1654 1345 ,
1702 1277 1794 1330 τὸν
1829 1293 1931 1328 πα-

2026 831 2081 884 in
2119 830 2382 900 dignitate
2420 828 2602 898 positi,
2638 829 2948 882 necessario
2993 837 3047 882 et
3077 828 3311 882 securim
3341 830 3609 898 adiunxit.

2095 921 2161 974 V.
2197 922 2283 976 14.
2323 939 2340 971 ι
2388 919 2713 974 Ᾱῑάίίίωειί.
2751 939 2769 971 ι
2830 920 3120 974 Cmnacula
3157 920 3394 991 intellige
3427 922 3613 974 altitu-

2029 1013 2206 1075 dines.
2235 1029 2356 1083 qua:
2385 1021 2576 1067 contra
2606 1011 2845 1065 divinam
2867 1012 3230 1081 cognitionem
3255 1013 3610 1070 extolluntur.

2035 1105 2219 1173 Itaque
2253 1103 2351 1168 ait,
2393 1101 2496 1168 Qui
2549 1101 2652 1155 sibi
2680 1101 2783 1171 ipsi
2838 1100 2989 1156 falsas
3043 1101 3315 1170 Opinionis
3366 1103 3615 1174 dogmata

2033 1195 2184 1249 texit.

2110 1285 2284 1341 v.15.
2322 1302 2340 1336 ι
2370 1283 2624 1353 Nunquid
2661 1281 2933 1352 regnabis.
2972 1300 2991 1334 ι
3045 1281 3353 1338 Ᾱῖιηιιίειιυε
3383 1299 3460 1348 es,
3519 1285 3616 1352 ait,

350 1388 489 1458 τέρα
533 1403 628 1439 σου
654 1379 853 1453 Ἀχαζ,
905 1381 1001 1433 καὶ
1029 1375 1372 1437 ὲσπούδασας
1419 1371 1642 1441 νικῆσαι
1679 1367 1844 1422 αὐτὸν
1877 1368 1934 1419 ὲν

2057 1378 2222 1432 ichaz
2255 1385 2464 1446 patrem
2507 1383 2681 1439 tuum,
2739 1388 2974 1441 eumque
3022 1373 3301 1444 impietate
3359 1391 3618 1445 superare

350 1476 601 1547 ἀσεϐείᾳ.

2057 1468 2308 1524 studuisti.

433 1589 453 1623 ι
488 1555 684 1638 Ταφὴν
712 1567 836 1620 ὄνου
857 1564 1218 1632 ταφήσεται.»
1265 1556 1410 1610 Ἀντὶ
1431 1555 1548 1619 τοῦ,
1581 1554 1762 1623 Τάφος
1791 1549 1952 1620 αὐτῷ.

2109 1561 2170 1616 V.
2202 1562 2288 1616 19.
2321 1577 2339 1610 ‹
2383 1557 2646 1628 Sepulcro
2679 1558 2817 1612 asini
2864 1557 3208 1628 scpelielur.:
3235 1561 3396 1628 Quasi
3434 1561 3574 1617 dicat
3601 1580 3616 1617 ε

353 1660 688 1729 γενήσονται
744 1655 799 1706 ai
829 1651 938 1705 τῶν
967 1648 1336 1720 σαρκοφάγων
1368 1644 1598 1716 ὀρνίθων
1627 1643 1721 1696 καὶ
1761 1639 1938 1693 κυνῶν

2057 1653 2364 1722 Sepulcrum
2398 1649 2501 1719 ipsi
2535 1657 2698 1703 erunt
2722 1648 3127 1703 carnivororum
3159 1649 3438 1719 volucrum
3457 1661 3624 1706 etca-

355 1725 656 1820 γαστέρεςο
710 1745 800 1800 ἵνα
826 1744 994 1807 εἴποι,
1041 1743 1124 1794 ὅτι
1162 1742 1190 1793 ὁ
1221 1737 1392 1806 τάφος
1430 1733 1936 1806 παραρῤιφήσεται.

2057 1758 2176 1797 sum
2213 1751 2469 1804 ventres;
2501 1747 2560 1792 ut
2587 1738 2656 1792 sit
2691 1737 2896 1792 dictum
2945 1737 3090 1807 quod
3120 1738 3426 1806 sepulcrum
3452 1740 3616 1809 proji-

351 1843 506 1914 Πρὸς·
557 1841 615 1894 δὲ
664 1837 925 1900 διάνοιαν,
966 1833 1148 1903 ταφὴν
1204 1830 1327 1884 ὄνου
1360 1829 1630 1884 ϐάπτεται
1666 1826 1694 1878 ὁ
1744 1822 1936 1893 ἀλογίᾳ

2057 1835 2245 1890 cietur.
2265 1831 2344 1886 Ad
2393 1845 2617 1886 sensum
2671 1844 2803 1884 vero
2857 1829 3165 1900 mysticum,
3200 1829 3450 1899 sepulcro
3485 1831 3620 1886 asini

361 1933 542 1998 συζῶν
571 1929 667 1985 καὶ
694 1927 872 2002 ταύτῃ
907 1922 1389 1994 συναποθνήσκων.

2057 1927 2326 1998 sepelitur,
2350 1925 2441 1995 qui
2473 1925 2592 1980 sine
2621 1925 2830 1979 ratione
2863 1923 3014 1989 vivit,
3043 1932 3096 1978 et
3118 1923 3236 1979 sine
3263 1925 3472 1981 ratione
3503 1941 3622 1980 mo-

2045 2021 2204 2076 ritur.

433 2133 452 2166 ι
478 2113 604 2166 Ὀτι
632 2105 1055 2178 συνετρίϐησαν.
1091 2119 1110 2154 ι
1154 2096 1422 2170 Ἐραστὰς
1441 2095 1539 2166 τῆς
1580 2089 1940 2165 Ἰερουσαλὴμ

2119 2113 2182 2167 ν.
2219 2111 2310 2167 20.
2348 2129 2366 2163 ι
2405 2109 2542 2177 Quia
2581 2109 2798 2165 contriti
2829 2117 2992 2163 sunt:
3034 2127 3054 2159 ›
3095 2107 3379 2164 Amatores
3401 2109 3623 2166 Jerusa-

359 2202 574 2272 νοήσεις
611 2199 711 2267 μὲν
734 2197 831 2250 καὶ
874 2194 1001 2254 τοὺς
1030 2189 1294 2261 δαίμονας
1313 2231 1326 2254 ,
1365 2187 1578 2257 νοήσεις
1600 2183 1657 2237 δὲ
1685 2181 1780 2236 καὶ
1815 2181 1940 2242 τοὺς

2057 2206 2150 2259 lem
2186 2202 2453 2272 intelliges
2473 2211 2528 2256 et
2557 2202 2852 2265 dazniones,
2891 2210 2944 2256 et
2978 2201 3497 2271 pseudoprophetas,
3526 2203 3623 2274 qui

357 2290 858 2365 ψευδοπροφήτας,
893 2286 1089 2347 οἵτινες
1115 2279 1400 2342 δοκοῦντες
1431 2275 1603 2345 αὐτῆς
1625 2276 1777 2346 ὲρᾷν,
1800 2272 1944 2343 ἡπά-

357 2402 467 2438 των
504 2383 694 2452 αὑτήν.

443 2496 461 2528 ι
504 2448 780 2541 Ἐλαλησα
817 2467 953 2538 πρὸς
991 2466 1072 2520 σέ.
1108 2483 1127 2518 ι
1171 2463 1236 2518 οἱ
1271 2460 1492 2530 ἀληθεῖς
1527 2457 1836 2530 προφῆται,
1866 2448 1942 2511 ὧν

362 2568 466 2622 οὐκ
490 2567 735 2635 ἠκουσας
765 2559 1036 2628 λεγόντων
1063 2573 1146 2610 σοι
1170 2555 1238 2608 τὰ
1261 2552 1331 2606 σὰ
1353 2549 1798 2622 παραπτώματα.

441 2678 459 2710 ι
492 2655 712 2717 Πάντας
749 2652 880 2714 τοὺς
923 2649 1191 2719 ποιμένας
1232 2662 1328 2698 σου
1360 2643 1619 2712 ποιμανεῖ
1661 2640 1884 2710 ἄνεμος.
1916 2656 1936 2690 ›

374 2749 526 2804 Ἀντὶ
555 2745 672 2810 τοῦ,
704 2746 782 2808 εἰς
810 2730 1248 2810 διασκορπισμὺν
1283 2737 1519 2788 ἔσονται.

440 2863 458 2895 ι
486 2835 835 2895 Κατυικοῦσα
872 2838 930 2888 ὲν
963 2831 1040 2902 τῷ
1065 2831 1303 2900 Λιϐάνῳ.
1338 2847 1358 2881 ι
1399 2828 1485 2880 Ἐν
1509 2828 1577 2897 τῇ
1607 2827 1677 2895 γῇ
1710 2825 1808 2894 τῆς
1844 2824 1942 2876 έπ-

366 2933 650 3005 αγγελίας.

442 3003 462 3077 έ
507 3016 934 3079 Ἐννοσσεύουσα
972 3014 1030 3066 ὲν
1066 3013 1188 3074 ταῖς
1234 3008 1468 3076 κέδροις.
1514 3025 1532 3059 ι
1576 3003 1939 3068 Πιστεύουσα,

369 3118 466 3172 καὶ
490 3110 914 3180 καταφεύγουσα
944 3107 1057 3164 τοῖς
1091 3103 1245 3172 παρά
1275 3101 1358 3153 σοὶ
1387 3098 1657 3160 δυνατοῖς.

448 3228 465 3261 ι
505 3205 590 3260 Ζῶ
622 3201 758 3272 ἐγὼ,
785 3200 940 3266 λέγει
961 3197 1188 3267 Κύριος.
1226 3211 1246 3244 ι
1291 3191 1419 3245 Ἐὰν
1454 3188 1624 3251 οὓτως
1659 3185 1948 3258 ὑποκρινό-

377 3316 534 3373 μενος
563 3293 864 3366 ὰπαρτήσῃ
895 3289 1089 3342 ἑαυτὸν
1123 3287 1203 3349 είς
1227 3282 1570 3373 Θεοσέϐειαν,
1595 3281 1689 3333 καὶ⁴
1731 3278 1948 3373 annos;

374 3369 676 3464 ἐργάσηται
702 3383 957 3455 πράξεις,
985 3379 1144 3437 τοῦτο
1170 3376 1280 3447 γάρ
1311 3376 1428 3428 ἐστι
1463 3373 1525 3427 τὸ
1549 3371 1648 3426 ἐπὶ
1683 3369 1793 3439 τῆς
1833 3385 1952 3438 χει-

369 3486 478 3556 ρὸς
507 3481 614 3550 τῆς
631 3475 836 3542 δεξιᾶς
862 3491 1002 3544 μου,
1036 3470 1146 3540 εγὼ
1169 3472 1197 3524 ὁ
1233 3469 1366 3531 Θεὸς
1389 3464 1566 3532 εἰδὼς,
1595 3465 1678 3519 ὅτι
1709 3465 1802 3556 τον
1827 3478 1952 3515 και-

380 3552 471 3647 ρὸν
499 3570 875 3641 ὑποκρίνεται,
892 3567 952 3618 οὐ
974 3566 1236 3633 φείσομαι
1260 3559 1446 3614 αὐτοῦ.
1464 3552 1954 3647 Ἀποσφράγισμξι

377 3641 459 3729 δὲ,
517 3660 805 3716 δακτύλιον
851 3655 1004 3726 φησί.
1060 3651 1358 3708 Δακτύλιον
1406 3648 1464 3701 δὲ
1507 3650 1564 3701 ὲν
1606 3646 1751 3716 χειρὶ
1796 3641 1955 3706 Θεοῦ,

380 3754 582 3827 πρᾶξις
607 3749 788 3820 ἀγαθὴ
816 3747 1005 3802 κακῶν
1040 3745 1334 3815 ἀμέτοχος.
1367 3741 1436 3792 Ἢ
1470 3737 1564 3792 καὶ
1593 3736 1782 3827 οὕτως·
1831 3733 1958 3786 Ἐὰν

381 3826 460 3906 εἰς
505 3843 597 3894 τὸν
648 3837 878 3912 οὐρανὸν
936 3834 1115 3904 ἀναϐῇ
1167 3831 1413 3902 φεύγων,
1462 3830 1602 3899 ὅπερ
1653 3826 1956 3896 ἀμήχανον,

383 3931 598 3988 ἐκεῖθεν
659 3928 822 3984 αὐτὸν
889 3925 1173 3988 ὲκσπάσας
1237 3919 1552 3992 παραδώσω
1607 3921 1722 3980 τοῖς
1795 3915 1958 3969 πολε-

433 4023 554 4086 ιοις.

389 4042 613 4184 “Titii,
639 4111 734 4183 γῆ,
754 4111 985 4166 ἄκουσον
1009 4127 1030 4160 ι
1050 4108 1159 4180 Τὴν
1179 4105 1282 4177 γῆν
1301 4103 1748 4177 μαρτύρεται,ὲφ’
1775 4102 1840 4173 ἢν
1863 4101 1961 4164 τὰς

383 4208 596 4271 ἀδικίας
629 4207 883 4260 ἐποιεῖτο.

965 4309 1220 4364 ΚΕΦΑΛ.
1257 4306 1382 4359 K1".

2049 2311 2175 2352 cum
2200 2310 2321 2350 eam
2353 2295 2672 2348 viderentur
2693 2306 2894 2357 amare,
2921 2291 3282 2361 decipiebant.

2117 2469 2181 2525 ν.
2210 2469 2301 2526 21.
2341 2489 2360 2522 ‹
2398 2468 2638 2523 Locutus
2663 2482 2782 2522 sum
2813 2469 2880 2520 ad
2908 2475 2976 2521 te.
3027 2485 3046 2518 ι
3083 2467 3316 2523 Veraces
3344 2469 3624 2540 propheta:

2046 2576 2186 2633 quos
2211 2576 2322 2615 non
2353 2559 2550 2615 audisti
2575 2558 2892 2613 nuntiantes
2923 2550 3018 2611 tibi
3048 2558 3266 2614 delicta.

2123 2669 2142 2704 ι
2177 2651 2380 2707 Omnes
2416 2660 2666 2720 pastores
2708 2659 2830 2703 tuos
2863 2657 3050 2718 pascet
3081 2661 3295 2705 ventus.
3329 2669 3346 2700 ν
3381 2651 3492 2708 Hoc
3540 2659 3625 2708 est

2049 2744 2453 2814 dispergentur.

2122 2836 2187 2890 ν..
2221 2837 2313 2891 25.
2359 2857 2376 2887 ι
2407 2834 2542 2900 Qum
2567 2831 2780 2887 habitas
2797 2832 2852 2886 in
2888 2831 3114 2887 Libano.
3155 2851 3174 2885 ι
3230 2833 3290 2888 In
3327 2844 3466 2889 terra
3496 2850 3622 2906 pro-

2050 2925 2344 2982 missionis.

2129 3035 2147 3068 ‹
2178 3015 2310 3081 Quae
2343 3013 2591 3069 nidiﬁcas
2635 3012 2691 3066 in
2743 3014 2938 3068 eedris.
2981 3033 2999 3067 ι
3039 3014 3261 3081 Fidens,
3319 3024 3374 3070 et
3421 3015 3487 3070 ad
3533 3032 3628 3073 eos

1971 3079 2015 3138 θ
2054 3079 2394 3178 confugiens,
2417 3121 2553 3175 quos
2588 3113 2840 3176 potentes
2869 3105 3172 3162 arbitraris.

2125 3200 2196 3256 ν.
2232 3200 2322 3254 24.
2357 3217 2376 3250 ι
2409 3197 2548 3254 Vivo
2571 3213 2692 3269 ego,
2725 3197 2855 3254 dicit
2881 3199 3165 3254 Dominus.
3213 3218 3229 3251 ι
3281 3199 3336 3254 Si
3360 3199 3433 3255 ita
3467 3201 3631 3257 dissi-

2057 3292 2274 3346 mulans
2303 3291 2368 3346 ad
2406 3291 2667 3361 pietatem
2699 3307 2819 3347 sese
2859 3308 3172 3363 componat,
3203 3307 3259 3348 et
3311 3295 3472 3349 bonis
3503 3312 3636 3366 ope-

2057 3383 2209 3438 ribus
2237 3396 2295 3437 se
2317 3390 2582 3448 exerceat,
2611 3383 2717 3438 hoc
2745 3398 2983 3453 namque
3016 3394 3119 3449 est,
3147 3385 3202 3438 in
3228 3401 3388 3439 manu
3418 3388 3633 3443 dextera
3695 3409 3697 3411 ί

2059 3488 2197 3534 mea.
2233 3486 2334 3542 ego
2364 3471 2529 3537 Deus,
2573 3474 2753 3527 sciens
2782 3474 2932 3528 illum
2989 3475 3056 3528 ad
3111 3485 3326 3545 tempus
3374 3477 3672 3535 dissimu--

2061 3563 2194 3629 lare,
2225 3580 2332 3618 non
2359 3579 2576 3634 parcam
2610 3564 2708 3618 illi.
2742 3565 3150 3635 Obsignarulum
3207 3584 3339 3622 vero
3372 3572 3637 3625 annulum

2061 3663 2256 3710 vocat:
2291 3656 2526 3710 annulus
2584 3671 2716 3710 vero
2743 3656 2798 3710 in
2858 3673 3022 3711 manu
3050 3657 3167 3723 Dei,
3215 3660 3356 3714 actio
3411 3661 3552 3715 bona
3607 3677 3637 3715 a

2063 3749 2207 3802 malo
2233 3747 2509 3801 immunis.
2542 3747 2640 3801 Vel
2668 3749 2745 3803 sic
2771 3767 2785 3803 :
2815 3748 2869 3804 Si
2899 3749 2954 3803 in
2987 3750 3184 3805 caelum
3210 3750 3422 3823 fugiens
3449 3769 3641 3810 ascen-

2064 3840 2226 3903 derit,
2257 3842 2399 3910 quod
2432 3840 2549 3895 ﬁeri
2580 3855 2690 3895 non
2711 3849 2911 3911 potest,
2943 3840 3071 3896 inde
3093 3841 3243 3897 illum
3276 3843 3516 3899 avellens
3537 3844 3641 3900 ho-

2064 3932 2238 3990 ilibus
2278 3933 2510 3989 tradam.

2137 4106 2202 4166 ν.
2234 4109 2325 4164 29.
2358 4127 2377 4159 ‹
2418 4108 2611 4171 Terra,
2637 4115 2803 4170 terra,
2837 4107 2980 4161 andi.
3013 4127 3030 4159 ι
3062 4107 3286 4163 Terram
3324 4109 3639 4168 invocatte-

2068 4207 2228 4267 stem,
2260 4200 2314 4253 in
2348 4214 2453 4268 qua
2475 4199 2682 4253 scelera
2715 4199 2988 4267 patrabat.
3382 4209 3394 4221 '

2677 4309 2828 4364 CAP.
2858 4309 3049 4364 XXIII.

430 4397 480 4462 ir
517 4410 627 4463 Kal.
645 4406 906 4472 ὲξώσατε.
943 4422 962 4456 ι
1001 4403 1100 4455 Ἐκ
1150 4402 1247 4472 τῆς
1279 4396 1565 4460 θεοσεϐοῦς
1591 4394 1887 4457 πολιτείας.
1929 4391 1932 4396 ’

2138 4403 2203 4460 ν.
2229 4412 2284 4458 ‘z.
2311 4420 2328 4453 ι
2359 4403 2463 4459 Vos
2488 4402 2798 4474 expulistis.
2834 4421 2852 4454 ι
2904 4401 2980 4455 Ex
3007 4418 3069 4456 ea
3108 4402 3230 4459 vitae
3266 4403 3497 4471 ratione,
3539 4421 3648 4477 qua

465 4599 486 4635 ‹
526 4579 637 4636 Καὶ
663 4557 1012 4648 καταστήσω.
1057 4593 1076 4628 ι
1113 4575 1208 4638 Εἰς
1265 4573 1328 4626 τὸ
1373 4570 1539 4626 πάλιν
1575 4571 1644 4625 τὰ
1685 4569 1805 4624 θεῖα
1842 4567 1969 4639 δρέ-

390 4669 590 4725 πεσθαι
619 4668 886 4739 δόγματα.

465 4786 484 4815 ι
526 4763 640 4817 Καὶ
683 4762 992 4832 ἀναστήσω.
1047 4775 1066 4810 ι
1112 4756 1251 4820 Τοὺς
1311 4753 1420 4808 τῶν
1469 4751 1781 4824 ἐκκλησιῶν
1836 4767 1972 4822 προ-

388 4857 597 4928 έδρους.

464 4967 485 5002 ι
537 4945 672 5000 Οὐδὲ
715 4942 1139 5015 πτοηθήσονται.
1181 4957 1201 4991 ι
1241 4935 1509 5005 ⁶Ἰουδαῖοι
1577 4934 1731 4988 οὐδὲν
1790 4934 1973 5004 ἔχουσι

392 5039 529 5111 πρὸς
588 5009 752 5090 τοῦτο
798 5009 998 5102 λέγειν.
1050 5028 1207 5084 Μετὰ
1243 5026 1354 5098 γάρ
1392 5026 1491 5097 τὴν
1541 5026 1604 5079 ὲκ
1655 5024 1975 5086 Βαϐυλῶνος

391 5129 653 5185 ἐπάνοδον
706 5125 930 5187 τελείως
976 5123 1079 5192 τῆς
1130 5120 1233 5190 γῆς
1281 5117 1616 5190 μετανάσται
1662 5115 1972 5184 γεγόνασιν.

403 5219 730 5289 ’Δμφίϐολος
783 5211 1205 5288 [ἀναμφίϐολος]
1274 5210 1369 5265 οὖν
1411 5209 1549 5281 αὕτη
1591 5210 1624 5276 ή
1670 5207 1976 5279 προφητεία

391 5313 523 5384 περὶ
550 5310 816 5383 Χριστοῦ.

469 5427 489 5460 ι
553 5408 687 5462 Ἰδοὺ
750 5406 959 5478 ἡμέραι
1015 5404 1288 5474 ἔρχονται.
1327 5417 1345 5451 ι
1411 5398 1516 5453 Τδν
1566 5396 1770 5468 Κύριον
1819 5394 1977 5467 ἡμῶν

403 5501 615 5575 Ἰησοῦν
651 5501 924 5570 Χριστὸν,
958 5497 1049 5549 τὸν
1084 5493 1194 5565 πρὸ
1224 5492 1436 5546 αἰώνων
1483 5493 1548 5544 ὲκ
1599 5489 1694 5543 τοῦ
1739 5489 1974 5561 [ἰατρὸς.

394 5594 492 5649 καὶ
525 5596 590 5646 ὲκ
622 5591 791 5645 Δαϐιδ
817 5589 963 5643 κατὰ
993 5587 1193 5656 σάρκα.
1247 5586 1249 5589 ’

476 5701 499 5739 ι
543 5682 774 5745 Ἐνταίς
802 5679 1107 5750 ἡμέραις...
1156 5672 1480 5742 σωθήσεται.
1498 5689 1515 5722 ι
1537 5669 1760 5736 Ἰούδας,
1785 5670 1812 5722 ὁ
1838 5670 1980 5724 κατὰ
2041 5695 2043 5698 ⁴

2074 4499 2220 4552 Deus
2246 4496 2459 4552 colitur.

2143 4588 2209 4642 ν.
2245 4591 2298 4644 5.
2332 4603 2351 4638 ι
2392 4589 2829 4644 Etconstituam.
2872 4607 2890 4640 ›
2931 4586 3002 4643 Ut
3025 4590 3220 4642 iterum
3250 4586 3430 4642 divina
3458 4590 3648 4644 decer-

2073 4689 2208 4752 pant
2232 4681 2499 4748 dogmata.

2147 4773 2211 4828 ν.
2244 4772 2299 4826 4.
2340 4771 2446 4824 ιΕι
2468 4770 2763 4828 suscitabo.
2800 4789 2818 4823 ›
2855 4771 3226 4828 Eet-lesiarum
3258 4773 3542 4844 praesides.

2153 4964 2172 4997 ε
2225 4945 2291 5000 Et
2321 4959 2431 5000 non
2461 4944 2832 5028 formidabunt
2859 4947 3020 5001 ultra.
3061 4966 3078 4999 ι
3138 4947 3283 5001 Nihil
3310 4947 3375 5000 ad
3416 4947 3532 5000 haec
3557 4960 3649 5001 re-

2077 5035 2345 5106 spondere
2379 5045 2610 5106 possunt
2654 5036 2848 5091 Judaei.
2922 5035 3057 5090 Nam
3107 5049 3230 5107 post
3282 5051 3588 5106 regressum
3617 5051 3650 5091 e

2077 5127 2348 5198 Babylone
2379 5126 2604 5182 omnino
2638 5137 2780 5183 terra
2814 5126 2954 5198 pulsi
2995 5136 3142 5194 sunt.
3199 5127 3514 5182 Certissime
3548 5126 3650 5199 igiq

2075 5230 2166 5277 tur
2196 5219 2300 5274 hoc
2320 5219 2634 5275 vaticinium
2653 5220 2720 5274 de
2754 5217 2974 5273 Christo
3004 5214 3227 5286 intelligi
3255 5214 3437 5272 debet.

2147 5397 2213 5454 V.
2245 5399 2296 5454 5.
2337 5419 2356 5451 ι
2396 5399 2537 5453 Ecce
2575 5398 2693 5454 dies
2729 5397 2965 5453 venient.
3007 5417 3023 5449 ι
3071 5397 3366 5454 Dominum
3399 5407 3649 5455 nostrum

2077 5491 2264 5547 Jesum
2293 5490 2590 5556 Christum,
2621 5489 2709 5561 qui
2742 5505 2807 5544 ex
2864 5489 3023 5544 Patre
3053 5499 3134 5544 est
3163 5499 3289 5546 ante
3319 5491 3540 5556 saecula,
3598 5501 3654 5548 et

2079 5599 2144 5641 ex
2169 5583 2336 5640 David
2365 5584 2664 5639 secundum
2695 5596 2916 5637 carnem
2941 5589 3102 5638 natus
3127 5591 3230 5637 est.

2150 5671 2216 5726 ν.
2247 5672 2332 5729 6.(
2360 5674 2422 5728 1η
2451 5673 2646 5730 diebus
2664 5672 2858 5744 ejus...
2889 5681 2942 5727 et
2971 5673 3281 5728 salvabitur.
3307 5689 3326 5725 ι
3360 5671 3652 5742 Judas,qu'
