4122 6210
483 227 588 293 679

1571 214 2087 282 OLYMPIODORI
2126 211 2651 274 ALEXANDRINI

3592 253 3594 255 -
3629 207 3739 271 680

481 342 787 398 demiantes
852 337 998 395 enim
1036 347 1192 394 vocat
1242 351 1338 392 eos
1406 337 1500 406 qui
1548 335 1788 390 fructum
1849 333 2049 389 lerunt.

2163 329 2321 398 οῆναι
2386 329 2589 391 αὐτοῖς,
2643 327 2750 390 ἕως
2802 327 2891 380 ὅτε
2943 325 3165 389 τελείως
3220 326 3731 397 καρποφορήσωσιο

561 532 580 566 ι
612 514 776 568 Venit
806 515 1080 568 interitus.
1121 530 1140 563 ι
1180 509 1368 566 Sancti
1405 511 1608 565 etenim
1644 510 1699 564 in
1726 510 2052 565 internecio-

406 609 423 623 ⁸
482 620 555 660 ne
583 621 690 660 non
742 603 1294 673 comprehenduntur.
1334 603 1460 658 Hac
1485 601 1651 656 etiam
1678 602 1900 674 intelligi
1923 619 2053 673 pos-

485 703 614 752 sunt
640 697 706 749 de
737 693 1031 748 universali
1059 693 1149 748 Dei
1177 693 1406 764 judicio.

559 804 577 836 ι
611 784 750 839 Ecce
775 785 936 838 mala.
972 801 990 834 ι
1036 782 1169 839 Post
1218 800 1282 840 ea
1318 800 1439 855 quae
1486 795 1732 856 tempore
1777 785 2052 856 Bablenii

483 875 721 941 fuerant,
777 890 841 929 ea
865 890 1082 945 quoque
1133 875 1289 942 dicit,
1342 893 1462 946 quae
1505 877 1561 931 in
1591 879 2057 933 consummatione

483 975 644 1022 erunt
678 985 690 1020 :
724 967 960 1037 Insurget
985 969 1121 1021 enim
1151 985 1273 1039 gens
1294 978 1473 1022 contra
1489 978 1691 1040 gentem
1725 969 1786 1024 ¹⁸.
2036 1028 2038 1035 τ

561 1075 580 1108 ι
611 1055 675 1110 Ει
694 1058 855 1111 turbo
883 1073 1132 1128 magnus.
1171 1077 1190 1110 ι
1226 1057 1492 1113 Confusio
1515 1074 1730 1130 magna,
1754 1067 1810 1114 et
1838 1070 2054 1129 pertur-

485 1149 634 1204 batio
663 1149 928 1203 extremis
955 1149 1140 1204 saeculi
1161 1151 1518 1220 temporibus.

554 1239 620 1294 V.
651 1243 740 1295 53.
773 1258 793 1294 ι
825 1242 894 1294 Ει
925 1250 1104 1294 erunt.
1143 1260 1161 1292 ι
1195 1243 1324 1296 Post
1345 1242 1668 1297 exteriorem
1707 1242 1898 1298 litterae
1928 1259 2056 1298 sen-

486 1347 628 1398 sum,
653 1341 708 1387 et
745 1347 839 1388 eos
869 1333 960 1402 qui
993 1333 1061 1387 ab
1090 1333 1466 1403 iniquitatibus
1519 1335 1789 1390 vulnerati
1822 1345 1950 1390 sunt
1973 1337 2059 1390 in-

488 1423 692 1493 tellige.

563 1533 581 1565 ι
615 1495 848 1568 Ululate.
883 1531 903 1564 ι
933 1513 1240 1570 Clamorem
1262 1515 1413 1576 hinc.
1435 1532 1543 1572 non
1563 1532 1688 1572 eum
1714 1518 1806 1588 qui
1832 1518 2057 1578 devictis

486 1605 759 1668 hostibus,
799 1605 894 1659 sed
916 1606 1007 1673 qui
1033 1606 1093 1660 ﬁt
1117 1606 1172 1659 in
1201 1607 1498 1676 eiulatibus
1516 1609 1785 1679 intelligit.
1804 1609 2058 1666 Pastores

484 1709 616 1749 vero
644 1703 770 1748 sunt
808 1696 992 1764 populi
1027 1696 1214 1751 duces.
1555 1769 1572 1780 _

559 1804 578 1835 ι
611 1785 676 1838 Et
705 1787 969 1858 plangite,
1024 1789 1224 1843 arietes
1259 1788 1464 1843 ovium.
1500 1809 1519 1842 ι
1555 1791 1822 1850 Primates
1870 1796 1928 1851 in
1967 1811 2058 1865 po-

485 1877 633 1946 pulo.

562 1983 581 2018 ι
618 1967 687 2020 Ει
714 1967 937 2022 cadetis.
979 1986 998 2019 ›
1028 1968 1131 2034 Qui
1169 1969 1315 2025 enim
1363 1979 1588 2040 mactat,
1609 1971 1912 2046 saginatum
1945 1972 2059 2031 ma?

485 2065 615 2111 ctat.

556 2146 623 2202 V.
666 2147 754 2202 36.
794 2168 812 2199 ι
849 2149 987 2214 Quia
1013 2152 1264 2206 vastavit.
1297 2171 1316 2204 ι
1363 2153 1420 2210 Si
1453 2154 1520 2211 de
1538 2154 1738 2213 Iudaeis
1795 2157 2059 2232 intelliga-

483 2245 594 2304 tur,
625 2239 910 2302 sacriﬁeia,
945 2248 1250 2312 ceteraque
1277 2245 1466 2316 legalia
1489 2249 1706 2314 omnia;
1736 2249 1780 2305 si
1807 2265 1938 2305 vero
1966 2266 2060 2322 ge-

483 2329 771 2397 neraliter,
801 2331 926 2386 vitze
955 2347 1149 2387 eorum
1175 2335 1440 2391 instituta.

555 2420 621 2474 ν.
646 2422 734 2476 38.
773 2441 791 2473 ι
817 2422 1137 2493 Dereliquit.
1186 2445 1206 2479 ι
1235 2427 1392 2497 Apud
1421 2429 1638 2485 Judteos
1665 2430 1883 2501 quidem
1903 2448 2059 2488 suum

485 2509 748 2578 templum
779 2512 1070 2582 dereliquit
1128 2514 1426 2585 Dominus;
1494 2518 1547 2572 in
1593 2523 2061 2577 consummatione

487 2614 640 2663 vero,
673 2602 825 2669 quasi
861 2603 1002 2656 leoni
1027 2605 1408 2675 derelinquent
1423 2609 1806 2679 diversorium,
1839 2611 1916 2666 sic
1948 2612 2059 2667 dte-

486 2691 636 2746 moni
664 2693 998 2762 permittitur
1031 2696 1215 2766 egredi
1251 2706 1438 2752 contra
1461 2700 1729 2756 homines.

565 2891 584 2923 ‹
617 2871 751 2937 Quia
786 2871 925 2926 facta
950 2881 1053 2928 est.
1089 2891 1107 2924 ι
1137 2871 1407 2938 Quoniam
1463 2875 1717 2933 homines
1749 2875 1874 2933 facti
1930 2887 2060 2934 sunt

484 2963 744 3032 iumentis
776 2965 1000 3029 similes,
1030 2966 1261 3019 Satanas
1293 2981 1421 3021 vero
1475 2970 1588 3022 fera
1645 2978 1749 3035 est,
1801 2981 2057 3040 tanquam

486 3055 542 3108 in
595 3055 810 3108 deserto
841 3055 1001 3110 simul
1036 3056 1179 3126 pasci
1213 3058 1625 3127 permittuntur,
1657 3074 1724 3115 eo
1747 3061 1890 3130 quod
1923 3063 2060 3117 cha-

484 3145 617 3200 ritas
648 3146 876 3202 refrixit.

972 3228 982 3237 ’
1089 3234 1242 3290 CAP.
1265 3237 1456 3293 XXVI.
1859 3285 1864 3292 κ

554 3321 699 3376 v.2.
746 3343 764 3374 ι
794 3323 882 3378 Sic
901 3323 1034 3378 dixit
1077 3325 1340 3381 Dominus
1376 3345 1388 3380 :
1446 3327 1538 3382 Sta
1576 3327 1630 3382 in
1680 3329 1820 3384 atrio
1869 3331 2064 3386 domus

485 3415 720 3468 Domini.
755 3433 773 3464 ι
817 3413 1124 3469 Contestari
1155 3416 1298 3472 Deus
1341 3399 1658 3488 prophetam
1701 3421 1947 3492 praecipit
1995 3423 2064 3477 de

487 3507 754 3562 servanda
777 3507 892 3577 lege
914 3507 1119 3574 divina,
1157 3525 1224 3565 ne
1264 3510 1319 3568 in
1360 3511 1478 3568 illos
1507 3512 1587 3568 ira
1617 3513 1850 3570 veniret.

557 3679 626 3736 ν.
655 3681 704 3735 6.
738 3700 756 3733 ι
787 3683 854 3739 Ει
877 3684 1064 3740 urbem
1115 3687 1256 3745 hanc
1284 3689 1422 3745 dabo
1461 3692 1515 3744 in
1570 3692 2056 3748 maledictionem.»

486 3770 560 3826 Ut
585 3773 872 3829 maledicta
891 3775 981 3842 sit,
1013 3786 1068 3832 et
1119 3778 1370 3836 homines
1424 3781 1656 3838 inimicis
1696 3784 1809 3839 suis
1867 3784 2062 3838 similia

487 3864 875 3935 deprecentur.

557 3957 619 4013 V.
656 3962 706 4013 7.
746 3979 765 4010 ι
804 3962 870 4016 Ει
921 3959 1241 4018 audierunt.
1276 3983 1294 4016 ι
1328 3964 1492 4020 Vides
1552 3969 1822 4036 quomodo
1879 3969 2062 4026 furore

484 4049 859 4117 exardescant,
886 4061 942 4107 et
973 4070 1113 4124 aegre
1144 4055 1360 4111 ferant?
1388 4064 1443 4111 et
1494 4068 1644 4114 certe
1702 4061 1773 4115 ob
1825 4046 2060 4132 idipsum

483 4140 605 4193 neci
632 4142 1082 4223 tradendusnon
1119 4157 1266 4211 erat;
1311 4148 1355 4202 si
1394 4149 1539 4203 enim
1593 4150 1736 4206 Deus
1781 4152 2056 4223 praecepit,

485 4244 676 4298 parere
719 4241 950 4301 oportet.
1011 4235 1125 4291 Hoc
1171 4240 1396 4318 verbum
1447 4257 1542 4296 vos
1569 4241 1775 4311 pungit,
1828 4241 1884 4296 in
1936 4257 2062 4298 eum

2153 417 2474 489 τρυγῶντας
2511 419 2620 489 γάρ
2654 435 2786 487 φησι
2817 418 2942 480 τοὺς
2964 417 3474 488 καρποφοροῦντας.
3545 485 3555 496 ¹

2230 527 2250 560 ι
2286 513 2447 564 Ἧκει
2471 509 2710 581 ὄλεθρος.
2740 529 2757 561 ι
2785 509 2859 562 Οὐ
2886 509 2994 578 γὰρ
3021 525 3084 560 συ
3095 508 3660 580 μπαραλαμόάνονται
3681 511 3729 562 οἱ

2155 601 2300 670 ἆγιοι
2342 605 2410 672 τῇ
2442 601 2811 672 πανωλεθρίᾳ.
2863 601 3050 654 Ταῦτα
3084 600 3140 653 δὲ
3180 601 3414 672 ἁρμόζει
3459 603 3600 656 νοεῖν
3643 605 3740 656 καὶ⁹

2155 696 2246 748 ὲπὶ
2271 695 2370 764 τῆς
2395 694 2692 766 καθολικῆς
2729 693 2824 747 τοῦ
2863 693 2997 747 Θεοῦ
3024 693 3280 762 κρίσεως.
3785 766 3800 781 ⁸

2233 803 2252 837 ι
2298 785 2428 838 Ἰδοὺ
2454 786 2619 839 κακά.
2663 802 2682 835 ι
2732 784 2889 837 Μετὰ
2921 785 2990 837 τὰ
3015 785 3110 836 ἐπὶ
3135 783 3230 836 τοῦ
3265 782 3610 836 Βαϐυλωνίου
3645 801 3738 853 γε-

2155 875 2372 943 γονότα,
2410 876 2503 928 καὶ
2528 873 2596 928 τά
2630 874 2722 927 ἐπὶ
2759 876 2859 945 τῆς
2889 873 3205 937 συντελείας
3233 873 3418 943 φησίν
3465 875 3738 945 Ἐγερθή-

2155 982 2327 1022 σεται
2363 966 2474 1035 γὰρ
2503 967 2677 1031 ἔθνος
2699 965 2794 1018 ἐπὶ
2826 966 3022 1032 ἔθνος.

2234 1077 2254 1112 ι
2290 1059 2398 1110 Καὶ
2419 1057 2638 1126 λαίλαψ.
2675 1076 2694 1107 ι
2730 1058 3001 1127 Σύγχυσις
3033 1055 3245 1127 μεγάλη
3277 1056 3373 1110 καὶ
3401 1057 3616 1128 ταραχὴ
3644 1058 3735 1110 ἐπ’

2158 1149 2410 1216 ἐσχάτοις
2434 1149 2545 1210 τοῖς
2580 1145 2672 1198 τοῦ
2701 1144 2896 1207 αἰῶνος
2930 1147 3165 1216 καιροῖς.

2234 1260 2252 1291 ι
2284 1241 2393 1292 Καὶ
2419 1239 2653 1291 ἔσονται.
2693 1256 2712 1289 ι
2745 1239 2901 1292 Μετὰ
2936 1239 2998 1291 τὸ
3040 1236 3322 1308 αἰσθητὸν,
3355 1241 3449 1293 καὶ
3473 1241 3599 1304 τοὺς
3631 1242 3737 1294 ὑπὸ

2157 1329 2254 1399 τῆς
2276 1331 2553 1401 ἁμαρτίας
2582 1329 3156 1401 τετραυματισμένους
3178 1330 3308 1383 νόει.

2243 1511 2590 1576 Ἀλαλάξατε-.
2633 1529 2652 1564 ι
2699 1508 3042 1580 ’Δλαλαγμὸν
3079 1509 3314 1564 ἐνταῦθα
3345 1510 3444 1564 οὐκ
3475 1513 3568 1564 ἐπὶ
3613 1503 3738 1582 νίκῃ

2159 1591 2267 1658 τῶν
2299 1603 2594 1674 πολεμίων,
2624 1602 2740 1656 ἀλλ’
2764 1601 2858 1652 ἐπὶ
2881 1604 2999 1664 ταῖς
3024 1603 3290 1672 οἰμωγαῖς
3314 1618 3499 1672 φησιν.
3531 1603 3738 1672 Ποιμέ-

2161 1714 2252 1760 νες
2284 1697 2342 1749 δὲ
2372 1697 2422 1748 οἱ
2451 1693 2751 1766 ἡγούμενοι
2789 1691 2884 1746 τοῦ
2915 1691 3064 1745 λαοῦ.

2236 1807 2255 1841 ι
2294 1790 2356 1842 Oi
2383 1788 2530 1858 κριοὶ
2552 1787 2683 1840 τῶν.
2720 1803 2738 1838 ι
2775 1786 2839 1840 Ol.
2867 1785 2990 1840 κατ’
3019 1783 3212 1855 ἐξοχὴν
3247 1785 3303 1837 ὲν
3337 1785 3418 1854 τῷ
3448 1785 3582 1857 λαῷ.

2238 1983 2256 2017 ι
2287 1966 2399 2020 Καὶ
2434 1961 2711 2017 πεσεῖσθε.
2748 1980 2767 2014 ι
2795 1960 3017 2031 Ἐπειδὴ
3045 1962 3072 2014 ὁ
3105 1959 3326 2030 σφάζων
3364 1959 3426 2013 τὸ
3470 1961 3737 2032 εὐτραφὲς

2161 2054 2376 2124 σφάξει.

2240 2163 2259 2196 ι
2294 2146 2419 2196 Ὅτι
2454 2143 2704 2215 ὠλόθρει.
2738 2163 2756 2196 ι
2795 2144 2920 2197 Ἐπὶ
2959 2143 3056 2214 μὲν
3081 2141 3353 2196 Ἰουδαίων
3381 2141 3477 2205 τὰς
3503 2141 3734 2209 θυσίας,

2161 2236 2257 2288 καὶ
2294 2235 2472 2288 πάντα
2495 2234 2564 2287 τὰ
2590 2234 2724 2288 ἄλλα
2747 2234 2953 2305 νόμιμα
2975 2250 2991 2266 ο
3031 2233 3124 2285 ἐπὶ
3157 2232 3214 2285 δὲ
3243 2230 3336 2285 τοῦ
3367 2224 3600 2285 καθόλου
3632 2234 3733 2298 τὰς

2160 2326 2432 2395 διαγωγὰς
2459 2325 2661 2380 αὐτῶν.

2234 2437 2256 2472 ι
2306 2418 2714 2488 Ἐγκατὲλιπεν.
2755 2436 2774 2468 ι
2838 2415 2962 2471 Ἐπὶ
3005 2415 3104 2486 μὲν
3159 2417 3423 2472 Ἰουδαίων
3470 2418 3500 2470 ὁ
3528 2414 3737 2486 Κύριος

2160 2513 2252 2567 τὸν
2304 2511 2501 2566 ἑαυτοῦ
2563 2511 2691 2564 ναὸν
2737 2499 3127 2563 καταλέλοιπεν
3153 2524 3166 2539 ⁸
3216 2511 3309 2562 ἐπὶ
3355 2509 3414 2562 δὲ
3466 2512 3566 2582 τῆς
3607 2526 3734 2562 συν-

2162 2603 2394 2666 τελείας.
2447 2603 2523 2664 ὡς
2571 2601 2707 2653 λέων
2752 2598 3160 2662 καταλελοιπὼς
3206 2599 3516 2666 κατάλυμα,
3566 2597 3735 2660 οὕτως

2165 2696 2530 2764 συγχωρεϊται
2570 2694 2597 2746 ὁ
2634 2693 2880 2756 Σατανᾶς
2923 2691 3164 2758 ἐξελθεῖν
3198 2691 3342 2746 κατὰ
3384 2690 3492 2744 τῶν
3524 2689 3731 2761 ἀνθρώ-

2162 2806 2302 2841 πων.

2239 2899 2256 2931 ι
2287 2880 2409 2932 ’Ὁτι
2434 2877 2688 2948 ἐγενήθη.
2725 2896 2744 2928 ι
2792 2876 3008 2948 Ἐπειδὴ
3040 2879 3088 2930 οί
3138 2875 3414 2948 ἄνθρωποι
3447 2877 3736 2948 κτηνὼδεις

2164 2971 2472 3040 γεγόνασιν,
2502 2973 2529 3024 ὁ
2561 2969 2618 3023 δὲ
2652 2971 2898 3033 Σατανᾶς
2921 2972 3038 3023 ἐστι
3069 2969 3256 3041 Θηρίον
3287 3009 3301 3033 ,
3333 2969 3408 3033 ὡς
3449 2971 3508 3022 ἐν
3545 2971 3738 3041 ἐρήμῳ

2166 3061 2575 3132 συγχωροῦνται
2623 3061 2740 3130 ἅμα
2791 3059 3076 3131 νέμεσθαι,
3126 3060 3215 3113 διὰ
3251 3060 3313 3113 τὸ
3355 3059 3597 3130 ψυγῆναι
3639 3060 3740 3131 τὴν

2165 3155 2406 3223 ἀγάπην.

2729 3244 2982 3298 ΚΕΦΑΛ.
3025 3244 3172 3312 Kq'.

2242 3357 2261 3390 ι
2297 3338 2482 3400 Οὕτως
2516 3332 2638 3390 εἷπε
2675 3337 2883 3408 Κύριος
2909 3353 2922 3366 ·
2958 3337 3123 3406 Στῆθι
3163 3337 3222 3390 ὲν
3269 3335 3406 3408 αὐλῇ
3436 3334 3590 3390 οἴκου
3618 3335 3736 3390 Κυ-

2167 3430 2306 3500 ρίου.
2347 3447 2366 3480 ι
2397 3426 2886 3500 Διαμαρτύρασθαι
2921 3425 3135 3479 κελεύει
3194 3425 3324 3489 Θεὸς
3372 3425 3450 3496 τῷ
3481 3427 3737 3504 προφήτῃ

2165 3523 2292 3587 τοὺς
2328 3521 2638 3586 Ἰουδαίους,
2673 3520 2767 3573 ἐπὶ
2792 3519 2868 3590 τῷ
2897 3517 3194 3588 φυλάττειν
3227 3518 3298 3572 τὰ
3337 3517 3479 3572 Θεῖα.
3507 3519 3733 3592 νόμιμα,

2165 3614 2254 3668 ἵνα
2289 3615 2364 3686 μὴ
2393 3614 2597 3690 ἐπέλθῃ
2628 3614 2816 3676 αὐτοῖς
2840 3615 2874 3682 ἠ
2901 3613 3061 3683 ὀργή.

2241 3726 2258 3758 ι
2298 3707 2407 3759 Καὶ
2450 3706 2546 3776 τὴν
2600 3705 2756 3758 πόλιν
2800 3703 2958 3757 δώσω
3005 3705 3085 3767 είς
3151 3703 3420 3775 κατάραν.
3486 3722 3505 3756 ι
3544 3705 3662 3758 Ἵνα
3701 3697 3737 3777 ᾖ

2165 3797 2590 3869 ὲπικατάρατος,
2622 3797 2715 3850 καὶ
2750 3797 2878 3859 τοὺς
2902 3797 3084 3849 αὐτῶν
3103 3795 3160 3848 δὲ
3190 3795 3419 3867 ἐχθροὺς
3449 3798 3499 3849 οἱ
3526 3797 3736 3868 ἄνθρω-

2162 3906 2255 3942 ποι
2289 3889 2375 3942 ἴνα
2406 3890 2638 3958 ἔχωνται
2665 3885 2978 3958 [εὔχωνται]
3003 3887 3071 3940 τὰ
3099 3887 3262 3956 ὅμοια
3295 3886 3511 3940 παθεῖν.

2239 3999 2257 4031 ι
2292 3981 2401 4033 Ka‘t
2448 3981 2712 4050 ἥκουσαν.
2755 3997 2773 4028 ›
2838 3978 3026 4049 Ὁρᾷς,
3071 3977 3188 4040 πῶς
3233 3977 3580 4052 ἁγριαίνουσι
3642 3979 3737 4030 καὶ

2162 4070 2570 4140 ἀγανακτοῦσι;
2604 4071 2700 4122 καὶ
2753 4068 2860 4140 μὴν
2893 4069 2960 4122 δι’
3003 4070 3136 4122 αὐτὸ
3195 4068 3351 4122 τοῦτο
3384 4070 3735 4141 ἀναιρεθῆναι

2162 4163 2264 4216 οὐκ
2315 4163 2503 4233 ἐχρῆν.
2554 4161 2616 4213 Εἰ
2663 4160 2778 4231 γὰρ
2808 4160 2941 4224 Θεὸς
2977 4160 3233 4224 ἐπέταξε,
3276 4159 3570 4230 πεισθῆναι
3627 4160 3730 4212 δεῖ.

2163 4248 2335 4302 Τοῦτο
2365 4250 2510 4319 ὑμᾶς
2555 4248 2715 4301 λυπεῖ
2739 4249 2799 4301 τὸ
2836 4249 3009 4319 ῥῆμα,
3037 4251 3098 4301 τὸ
3133 4249 3191 4301 δὲ
3226 4248 3315 4300 τὸν
3345 4245 3439 4300 τοῦ
3474 4247 3602 4301 ναοῦ
3649 4265 3734 4300 τι-

485 4333 616 4372 vero
646 4321 735 4389 qui
769 4323 968 4392 templo
990 4324 1309 4380 honoratior
1339 4339 1444 4391 est,
1466 4331 1886 4388 contumeliosos
1915 4347 2057 4399 esse,

2166 4336 2435 4408 μιὼτερον
2457 4338 2786 4408 ἐνυϐρίζειν,
2819 4340 2879 4391 οὺ
2912 4338 3174 4410 πονηρὸν,
3197 4339 3296 4392 οὐκ
3322 4338 3550 4404 ἀσεϐέςς
3584 4339 3730 4392 Πάνυ

485 4405 596 4462 non
662 4411 886 4477 malum,
931 4429 1042 4468 non
1084 4415 1308 4486 impium
1341 4420 1460 4474 est?
1509 4419 1673 4488 Sane,
1700 4421 1902 4476 dictum
1957 4423 2062 4478 hoc

485 4502 701 4556 animos
723 4518 908 4559 eorum
933 4507 1088 4563 valde
1117 4512 1413 4581 pungebat.

562 4592 671 4646 «Et
702 4597 961 4650 convenit
1012 4596 1272 4656 Ecclesia.
1315 4621 1333 4654 ι
1379 4603 1750 4676 Congregatus
1797 4615 1883 4662 est
1934 4602 2058 4664 uni-

486 4695 680 4736 versus
705 4687 938 4753 populus
973 4689 1248 4745 seniorum
1279 4703 1436 4749 terra:
1464 4696 1924 4766 circumjacentis.

555 4769 620 4826 ν.
648 4773 733 4827 l7.
772 4793 791 4826 ι
819 4774 883 4830 Et
915 4794 1090 4833 mons.
1124 4800 1143 4833 ι
1177 4781 1332 4840 Mons
1358 4786 1412 4849 in
1446 4801 1553 4856 quo
1585 4787 1748 4841 situm
1777 4803 1892 4843 erat
1924 4798 2058 4844 tem-

484 4863 656 4932 plum,
684 4865 738 4919 in
779 4865 1190 4944 desolationem.

554 4956 619 5012 V.
674 4960 766 5016 ει.
827 4979 846 5012 ι
896 4960 1080 5033 Itaque
1132 4981 1326 5021 manus
1382 4967 1658 5022 Achicam.
1710 4987 1729 5020 ι
1797 4968 2054 5027 Achicam

484 5066 628 5106 unus
679 5051 770 5108 hic
833 5064 952 5109 erat
989 5071 1020 5110 e
1051 5058 1414 5128 magnatibus,
1447 5059 1539 5128 qui
1598 5059 1843 5116 Jcremiae
1902 5062 2053 5117 fave-

483 5142 599 5199 bat.

1075 5237 1226 5296 CAP.
1256 5238 1466 5294 XXVII.

557 5322 618 5380 V.
645 5327 699 5381 2.
746 5347 765 5380 ‹
789 5329 879 5384 Sic
895 5330 1031 5386 dixit
1050 5331 1469 5387 Dominus:Fac
1501 5332 1592 5388 tibi
1623 5335 1888 5392 vincula.)
1917 5338 2056 5396 Pra-

391 5489 410 5498 _
484 5414 616 5485 cipit
671 5417 812 5472 Deus
856 5420 1157 5491 prophetae,
1212 5431 1274 5477 ut
1307 5424 1445 5481 collo
1499 5441 1596 5481 suo
1646 5438 1856 5498 aptaret
1911 5441 2057 5486 cate-

546 5617 592 5652 “
625 5620 816 5676 Matth.
852 5640 996 5688 χειν,
1033 5628 1082 5682 7.

2159 4430 2358 4493 αὐτοὺς
2390 4429 2581 4482 ἔδακνε
2611 4431 2672 4482 τὸ
2713 4429 2899 4502 ῥηθέν.

2235 4628 2255 4661 ι
2294 4610 2402 4663 Καὶ
2431 4609 2886 4679 ὲξεκκλησιάσοη.
2935 4627 2952 4660 ι
2998 4609 3246 4680 Συνήχθη
3281 4611 3388 4674 πᾶς
3409 4609 3604 4674 δ’λαὸς
3629 4611 3734 4664 τῶν

2157 4703 2550 4774 πρεσϐυτέρων
2574 4703 2673 4773 τῆς
2699 4701 2802 4770 γῆς
2821 4703 2921 4772 τῆς
2949 4699 3288 4776 περιχώρου.

2169 4782 2178 4789 ’
2239 4813 2259 4847 ι
2298 4795 2410 4848 Καὶ
2444 4795 2506 4848 τὸ
2551 4793 2698 4866 δρος.
2753 4813 2772 4845 ι
2812 4795 2886 4847 Τὸ
2920 4795 3068 4865 ὅρος,
3103 4795 3190 4864 ἐφ’
3223 4787 3268 4863 ᾧ
3306 4797 3486 4855 κεῖται,
3514 4798 3542 4849 ὁ
3585 4794 3732 4858 ναὸς,

2162 4887 2242 4949 εἰς
2269 4887 2570 4957 ἐρήμωσιν.

2237 4993 2257 5026 ι
2297 4975 2441 5046 Πλὴν
2474 4975 2597 5046 χεὶρ
2638 4974 2929 5044 Ἀχεικάμ.
2987 4993 3006 5026 ι
3053 4975 3320 5047 ’Δχεικὰμ
3367 4970 3448 5040 εἷς
3486 4972 3553 5048 ἦν
3581 4972 3733 5042 οὗτος

2159 5065 2269 5120 τῶν
2291 5065 2553 5132 δυνατῶν,
2587 5064 2989 5136 προϊστάμενος
3025 5064 3312 5137 Ἰερεμίου.
3631 5055 3654 5065 ”

2731 5241 2986 5299 ΚΕΦΑΛ.
3025 5246 3148 5299 ΚΖ’.

2179 5346 2185 5351 ’
2238 5360 2256 5394 ι
2292 5343 2478 5407 Οὕτως
2509 5337 2628 5397 εἷπε
2660 5343 2886 5414 Κύριος·
2917 5341 3150 5408 Ποίησον
3176 5342 3389 5412 σεαυτῷ
3422 5344 3674 5416 δεσμούς.
3709 5364 3730 5398 ι

2163 5434 2394 5488 Κελεύει
2435 5437 2464 5488 ὁ
2493 5435 2625 5498 Θεὸς
2672 5434 2752 5504 τῷ
2791 5433 3048 5504 προφήτῃ
3094 5431 3308 5497 κλοιοὺς
3354 5435 3613 5505 ἐμϐαλεῖν
3657 5439 3734 5503 είς
