  <div class='ocr_page' id='page_1' title='image "/cluster/home/n/w/nwhite01/storage/ocr_20150623/93/hvd.32044054128533/350.png"; bbox 0 0 4122 6210; ppageno 0'>
   <div class='ocr_carea' id='block_1_1' title="bbox 454 280 567 348">
    <p class='ocr_par' dir='ltr' id='par_1_1' title="bbox 454 280 567 348">
     <span class='ocr_line' id='line_1_1' title="bbox 454 280 567 348; baseline -0.018 0"><span class='ocrx_word' id='word_1_1' title='bbox 454 280 567 348; x_wconf 74' lang='lat'><strong>(183</strong></span> 
     </span>
    </p>
   </div>
   <div class='ocr_carea' id='block_1_2' title="bbox 1577 265 2607 332">
    <p class='ocr_par' dir='ltr' id='par_1_2' title="bbox 1577 265 2607 332">
     <span class='ocr_line' id='line_1_2' title="bbox 1577 265 2607 332; baseline -0.006 1"><span class='ocrx_word' id='word_1_2' title='bbox 1577 269 2036 332; x_wconf 78' lang='lat' dir='ltr'><strong>FRAGMENTA</strong></span> <span class='ocrx_word' id='word_1_3' title='bbox 2075 265 2157 327; x_wconf 83' lang='lat' dir='ltr'><strong>IN</strong></span> <span class='ocrx_word' id='word_1_4' title='bbox 2198 268 2442 328; x_wconf 68' lang='lat' dir='ltr'><strong>JEREN</strong></span> <span class='ocrx_word' id='word_1_5' title='bbox 2458 269 2607 327; x_wconf 69' lang='grc' dir='ltr'><strong>[ΑΜ.</strong></span> 
     </span>
    </p>
   </div>
   <div class='ocr_carea' id='block_1_3' title="bbox 3593 255 3705 318">
    <p class='ocr_par' dir='ltr' id='par_1_3' title="bbox 3593 255 3705 318">
     <span class='ocr_line' id='line_1_3' title="bbox 3593 255 3705 318; baseline -0.009 0"><span class='ocrx_word' id='word_1_6' title='bbox 3593 255 3705 318; x_wconf 73' lang='grc' dir='ltr'><strong>ὃθὶ)</strong></span> 
     </span>
    </p>
   </div>
   <div class='ocr_carea' id='block_1_4' title="bbox 524 364 2032 460">
    <p class='ocr_par' dir='ltr' id='par_1_4' title="bbox 524 385 2026 460">
     <span class='ocr_line' id='line_1_4' title="bbox 524 385 2026 460; baseline -0.004 -16"><span class='ocrx_word' id='word_1_7' title='bbox 524 408 546 444; x_wconf 78' lang='grc' dir='ltr'><strong>ι</strong></span> <span class='ocrx_word' id='word_1_8' title='bbox 592 391 739 454; x_wconf 84' lang='grc' dir='ltr'>Ἕως</span> <span class='ocrx_word' id='word_1_9' title='bbox 788 390 919 444; x_wconf 85' lang='grc' dir='ltr'>πότε</span> <span class='ocrx_word' id='word_1_10' title='bbox 958 386 1369 460; x_wconf 53' lang='grc' dir='ltr'>ἀποστρέψεις</span> <span class='ocrx_word' id='word_1_11' title='bbox 1409 407 1429 440; x_wconf 73' lang='grc' dir='ltr'><strong>ι</strong></span> <span class='ocrx_word' id='word_1_12' title='bbox 1463 387 1757 458; x_wconf 79' lang='grc' dir='ltr'>Μέμφεται</span> <span class='ocrx_word' id='word_1_13' title='bbox 1785 386 1921 457; x_wconf 76' lang='grc' dir='ltr'>αὐτῇ</span> <span class='ocrx_word' id='word_1_14' title='bbox 1953 385 2026 447; x_wconf 79' lang='grc' dir='ltr'>ὡς</span> 
     </span>
    </p>
   </div>
   <div class='ocr_carea' id='block_1_5' title="bbox 2134 364 3705 460">
    <p class='ocr_par' dir='ltr' id='par_1_5' title="bbox 2198 364 3705 453">
     <span class='ocr_line' id='line_1_5' title="bbox 2198 364 3705 453; baseline -0.009 -14"><span class='ocrx_word' id='word_1_15' title='bbox 2198 385 2263 439; x_wconf 75' lang='grc' dir='ltr'>ν.</span> <span class='ocrx_word' id='word_1_16' title='bbox 2310 385 2399 439; x_wconf 60' lang='grc' dir='ltr'><strong>τε.</strong></span> <span class='ocrx_word' id='word_1_17' title='bbox 2451 408 2469 436; x_wconf 78' lang='grc' dir='ltr'><strong>ι</strong></span> <span class='ocrx_word' id='word_1_18' title='bbox 2524 384 2810 453; x_wconf 86' lang='lat' dir='ltr'><strong>Usquequo</strong></span> <span class='ocrx_word' id='word_1_19' title='bbox 2860 364 3231 435; x_wconf 82' lang='lat' dir='ltr'><strong>converteris?</strong></span> <span class='ocrx_word' id='word_1_20' title='bbox 3274 396 3291 427; x_wconf 76' lang='grc' dir='ltr'><strong>ι</strong></span> <span class='ocrx_word' id='word_1_21' title='bbox 3329 374 3705 444; x_wconf 76' lang='lat' dir='ltr'><strong>Repreltcndit</strong></span> 
     </span>
    </p>
   </div>
   <div class='ocr_carea' id='block_1_6' title="bbox 452 482 1332 556">
    <p class='ocr_par' dir='ltr' id='par_1_6' title="bbox 452 482 1332 556">
     <span class='ocr_line' id='line_1_6' title="bbox 452 482 1332 556; baseline -0.006 -17"><span class='ocrx_word' id='word_1_22' title='bbox 452 482 791 556; x_wconf 78' lang='grc' dir='ltr'>βραδυνούσῃ</span> <span class='ocrx_word' id='word_1_23' title='bbox 819 484 898 547; x_wconf 82' lang='grc' dir='ltr'><strong>είς</strong></span> <span class='ocrx_word' id='word_1_24' title='bbox 925 482 1024 553; x_wconf 84' lang='grc' dir='ltr'><strong>τὴν</strong></span> <span class='ocrx_word' id='word_1_25' title='bbox 1059 482 1332 551; x_wconf 76' lang='grc' dir='ltr'>ὑπακοήν.</span> 
     </span>
    </p>
   </div>
   <div class='ocr_carea' id='block_1_7' title="bbox 526 568 2031 643">
    <p class='ocr_par' dir='ltr' id='par_1_7' title="bbox 526 568 2031 643">
     <span class='ocr_line' id='line_1_7' title="bbox 526 568 2031 643; baseline -0.004 -17"><span class='ocrx_word' id='word_1_26' title='bbox 526 593 547 626; x_wconf 82' lang='grc' dir='ltr'><strong>ι</strong></span> <span class='ocrx_word' id='word_1_27' title='bbox 588 574 710 628; x_wconf 76' lang='grc' dir='ltr'>Ὀτι</span> <span class='ocrx_word' id='word_1_28' title='bbox 751 572 939 626; x_wconf 77' lang='grc' dir='ltr'>ικτισέ</span> <span class='ocrx_word' id='word_1_29' title='bbox 979 588 1046 643; x_wconf 91' lang='grc' dir='ltr'><strong>με</strong></span> <span class='ocrx_word' id='word_1_30' title='bbox 1106 572 1312 643; x_wconf 78' lang='grc' dir='ltr'>Κύριος</span> <span class='ocrx_word' id='word_1_31' title='bbox 1377 568 1673 643; x_wconf 73' lang='grc' dir='ltr'><strong>σωτηρίαν.</strong></span> <span class='ocrx_word' id='word_1_32' title='bbox 1722 589 1741 622; x_wconf 77' lang='grc' dir='ltr'><strong>ι</strong></span> <span class='ocrx_word' id='word_1_33' title='bbox 1799 568 2031 630; x_wconf 79' lang='grc' dir='ltr'>Ἀκύλας</span> 
     </span>
    </p>
   </div>
   <div class='ocr_carea' id='block_1_8' title="bbox 451 657 2031 736">
    <p class='ocr_par' dir='ltr' id='par_1_8' title="bbox 451 657 2031 736">
     <span class='ocr_line' id='line_1_8' title="bbox 451 657 2031 736; baseline -0.004 -18"><span class='ocrx_word' id='word_1_34' title='bbox 451 665 547 719; x_wconf 79' lang='grc' dir='ltr'>καὶ</span> <span class='ocrx_word' id='word_1_35' title='bbox 586 663 907 736; x_wconf 79' lang='grc' dir='ltr'><strong>Σύμμαχος,</strong></span> <span class='ocrx_word' id='word_1_36' title='bbox 944 662 1034 716; x_wconf 71' lang='grc' dir='ltr'>δὴ</span> <span class='ocrx_word' id='word_1_37' title='bbox 1083 664 1286 717; x_wconf 71' lang='grc' dir='ltr'>ἔκτισε</span> <span class='ocrx_word' id='word_1_38' title='bbox 1328 665 1547 730; x_wconf 79' lang='grc' dir='ltr'>Κύριος</span> <span class='ocrx_word' id='word_1_39' title='bbox 1597 662 1810 716; x_wconf 72' lang='grc' dir='ltr'>καινὸν</span> <span class='ocrx_word' id='word_1_40' title='bbox 1851 661 1919 714; x_wconf 77' lang='grc' dir='ltr'><strong>ἐν</strong></span> <span class='ocrx_word' id='word_1_41' title='bbox 1957 657 2031 726; x_wconf 74' lang='grc' dir='ltr'>τῇ</span> 
     </span>
    </p>
   </div>
   <div class='ocr_carea' id='block_1_9' title="bbox 451 751 2032 823">
    <p class='ocr_par' dir='ltr' id='par_1_9' title="bbox 451 751 2032 823">
     <span class='ocr_line' id='line_1_9' title="bbox 451 751 2032 823; baseline -0.005 -13"><span class='ocrx_word' id='word_1_42' title='bbox 451 755 687 823; x_wconf 79' lang='grc' dir='ltr'><strong>θηλείᾳ,</strong></span> <span class='ocrx_word' id='word_1_43' title='bbox 721 753 1089 809; x_wconf 81' lang='grc' dir='ltr'>ὲκδεδώκασιν</span> <span class='ocrx_word' id='word_1_44' title='bbox 1122 769 1138 786; x_wconf 74' lang='grc' dir='ltr'><strong>ο</strong></span> <span class='ocrx_word' id='word_1_45' title='bbox 1177 753 1364 823; x_wconf 81' lang='grc' dir='ltr'><strong>σαφῶς</strong></span> <span class='ocrx_word' id='word_1_46' title='bbox 1394 752 1452 806; x_wconf 81' lang='grc' dir='ltr'>δὲ</span> <span class='ocrx_word' id='word_1_47' title='bbox 1480 753 1573 806; x_wconf 79' lang='grc' dir='ltr'>διὰ</span> <span class='ocrx_word' id='word_1_48' title='bbox 1601 751 1808 805; x_wconf 89' lang='grc' dir='ltr'>τούτων</span> <span class='ocrx_word' id='word_1_49' title='bbox 1853 753 1882 803; x_wconf 88' lang='lat'><strong>6</strong></span> <span class='ocrx_word' id='word_1_50' title='bbox 1910 766 2032 803; x_wconf 86' lang='grc' dir='ltr'>και-</span> 
     </span>
    </p>
   </div>
   <div class='ocr_carea' id='block_1_10' title="bbox 452 840 2029 919">
    <p class='ocr_par' dir='ltr' id='par_1_10' title="bbox 452 840 2029 919">
     <span class='ocr_line' id='line_1_10' title="bbox 452 840 2029 919; baseline -0.004 -20"><span class='ocrx_word' id='word_1_51' title='bbox 452 848 542 911; x_wconf 79' lang='grc' dir='ltr'>νὸς</span> <span class='ocrx_word' id='word_1_52' title='bbox 580 847 899 919; x_wconf 69' lang='grc' dir='ltr'>ἄνθρωπος,</span> <span class='ocrx_word' id='word_1_53' title='bbox 947 848 977 899; x_wconf 90' lang='lat'><strong>6</strong></span> <span class='ocrx_word' id='word_1_54' title='bbox 1008 845 1320 917; x_wconf 75' lang='grc' dir='ltr'>σαρκωθεὶς</span> <span class='ocrx_word' id='word_1_55' title='bbox 1354 845 1564 914; x_wconf 66' lang='grc' dir='ltr'>Λόγος,</span> <span class='ocrx_word' id='word_1_56' title='bbox 1590 845 1619 896; x_wconf 93' lang='lat'><strong>6</strong></span> <span class='ocrx_word' id='word_1_57' title='bbox 1657 847 1721 897; x_wconf 80' lang='grc' dir='ltr'>ἑκ</span> <span class='ocrx_word' id='word_1_58' title='bbox 1742 840 2029 912; x_wconf 78' lang='grc' dir='ltr'><strong>Παρθένου</strong></span> 
     </span>
    </p>
   </div>
   <div class='ocr_carea' id='block_1_11' title="bbox 452 937 1181 1011">
    <p class='ocr_par' dir='ltr' id='par_1_11' title="bbox 452 937 1181 1011">
     <span class='ocr_line' id='line_1_11' title="bbox 452 937 1181 1011; baseline 0 -17"><span class='ocrx_word' id='word_1_59' title='bbox 452 940 666 1011; x_wconf 75' lang='grc' dir='ltr'><strong>τεχθεὶς</strong></span> <span class='ocrx_word' id='word_1_60' title='bbox 698 937 1181 1011; x_wconf 69' lang='grc' dir='ltr'>προκατηγγελθη.</span> 
     </span>
    </p>
   </div>
   <div class='ocr_carea' id='block_1_12' title="bbox 530 1026 2034 1102">
    <p class='ocr_par' dir='ltr' id='par_1_12' title="bbox 530 1026 2034 1102">
     <span class='ocr_line' id='line_1_12' title="bbox 530 1026 2034 1102; baseline -0.004 -19"><span class='ocrx_word' id='word_1_61' title='bbox 530 1050 549 1083; x_wconf 83' lang='grc' dir='ltr'><strong>ι</strong></span> <span class='ocrx_word' id='word_1_62' title='bbox 597 1032 685 1086; x_wconf 83' lang='grc' dir='ltr'><strong>Ἑν</strong></span> <span class='ocrx_word' id='word_1_63' title='bbox 716 1031 983 1102; x_wconf 79' lang='grc' dir='ltr'>σωτηρίᾳ.</span> <span class='ocrx_word' id='word_1_64' title='bbox 1024 1049 1045 1082; x_wconf 76' lang='grc' dir='ltr'><strong>ι</strong></span> <span class='ocrx_word' id='word_1_65' title='bbox 1084 1030 1184 1083; x_wconf 85' lang='grc' dir='ltr'>Διά</span> <span class='ocrx_word' id='word_1_66' title='bbox 1210 1028 1700 1102; x_wconf 62' lang='grc' dir='ltr'>Χριστοῦ,“ιρησὶν,</span> <span class='ocrx_word' id='word_1_67' title='bbox 1733 1026 2034 1097; x_wconf 68' lang='grc' dir='ltr'>ὲπανήξουυ</span> 
     </span>
    </p>
   </div>
   <div class='ocr_carea' id='block_1_13' title="bbox 457 1118 2033 1194">
    <p class='ocr_par' dir='ltr' id='par_1_13' title="bbox 457 1118 2033 1194">
     <span class='ocr_line' id='line_1_13' title="bbox 457 1118 2033 1194; baseline -0.003 -19"><span class='ocrx_word' id='word_1_68' title='bbox 457 1139 543 1177; x_wconf 87' lang='grc' dir='ltr'><strong>σιν</strong></span> <span class='ocrx_word' id='word_1_69' title='bbox 572 1123 850 1194; x_wconf 78' lang='grc' dir='ltr'>ἄνθρωποι</span> <span class='ocrx_word' id='word_1_70' title='bbox 885 1125 968 1184; x_wconf 78' lang='grc' dir='ltr'><strong>είς</strong></span> <span class='ocrx_word' id='word_1_71' title='bbox 990 1122 1346 1193; x_wconf 83' lang='grc' dir='ltr'>παράδεισον,</span> <span class='ocrx_word' id='word_1_72' title='bbox 1374 1121 1497 1176; x_wconf 81' lang='grc' dir='ltr'>ὅθεν</span> <span class='ocrx_word' id='word_1_73' title='bbox 1522 1122 1806 1189; x_wconf 76' lang='grc' dir='ltr'><strong>ἐξέπεσον.</strong></span> <span class='ocrx_word' id='word_1_74' title='bbox 1836 1118 2033 1173; x_wconf 85' lang='grc' dir='ltr'>Τοιαύ-</span> 
     </span>
    </p>
   </div>
   <div class='ocr_carea' id='block_1_14' title="bbox 454 1207 2035 1284">
    <p class='ocr_par' dir='ltr' id='par_1_14' title="bbox 454 1207 2035 1284">
     <span class='ocr_line' id='line_1_14' title="bbox 454 1207 2035 1284; baseline -0.003 -17"><span class='ocrx_word' id='word_1_75' title='bbox 454 1231 555 1284; x_wconf 88' lang='grc' dir='ltr'><strong>την</strong></span> <span class='ocrx_word' id='word_1_76' title='bbox 582 1216 703 1269; x_wconf 85' lang='grc' dir='ltr'><strong>τινά</strong></span> <span class='ocrx_word' id='word_1_77' title='bbox 728 1214 1037 1283; x_wconf 78' lang='grc' dir='ltr'>δοξολογίαν</span> <span class='ocrx_word' id='word_1_78' title='bbox 1081 1215 1245 1268; x_wconf 62' lang='grc' dir='ltr'>καὶίοί</span> <span class='ocrx_word' id='word_1_79' title='bbox 1272 1214 1461 1277; x_wconf 79' lang='grc' dir='ltr'>παῖδες</span> <span class='ocrx_word' id='word_1_80' title='bbox 1482 1211 1806 1283; x_wconf 79' lang='grc' dir='ltr'><strong>ἀνέπεμψαν</strong></span> <span class='ocrx_word' id='word_1_81' title='bbox 1836 1210 1930 1264; x_wconf 75' lang='grc' dir='ltr'>ἐπὶ</span> <span class='ocrx_word' id='word_1_82' title='bbox 1956 1207 2035 1278; x_wconf 81' lang='grc' dir='ltr'>τῷ</span> 
     </span>
    </p>
   </div>
   <div class='ocr_carea' id='block_1_15' title="bbox 458 1295 1805 1377">
    <p class='ocr_par' dir='ltr' id='par_1_15' title="bbox 458 1295 1805 1377">
     <span class='ocr_line' id='line_1_15' title="bbox 458 1295 1805 1377; baseline -0.007 0"><span class='ocrx_word' id='word_1_83' title='bbox 458 1305 699 1377; x_wconf 66' lang='grc' dir='ltr'><strong>Σωτῆρι*</strong></span> <span class='ocrx_word' id='word_1_84' title='bbox 1438 1295 1463 1314; x_wconf 38' lang='grc' dir='ltr'><strong>θ</strong></span> <span class='ocrx_word' id='word_1_85' title='bbox 1804 1364 1805 1367; x_wconf 45' lang='grc' dir='ltr'><strong>η</strong></span> 
     </span>
    </p>
   </div>
   <div class='ocr_carea' id='block_1_16' title="bbox 535 1393 2038 1469">
    <p class='ocr_par' dir='ltr' id='par_1_16' title="bbox 535 1393 2038 1469">
     <span class='ocr_line' id='line_1_16' title="bbox 535 1393 2038 1469; baseline -0.001 -20"><span class='ocrx_word' id='word_1_86' title='bbox 535 1414 557 1449; x_wconf 76' lang='grc' dir='ltr'><strong>ι</strong></span> <span class='ocrx_word' id='word_1_87' title='bbox 592 1397 970 1469; x_wconf 63' lang='grc' dir='ltr'>Εὐλογημένος</span> <span class='ocrx_word' id='word_1_88' title='bbox 1000 1396 1202 1468; x_wconf 84' lang='grc' dir='ltr'>Κύριος</span> <span class='ocrx_word' id='word_1_89' title='bbox 1230 1397 1326 1450; x_wconf 75' lang='grc' dir='ltr'><strong>ἐπὶ</strong></span> <span class='ocrx_word' id='word_1_90' title='bbox 1351 1395 1578 1449; x_wconf 87' lang='grc' dir='ltr'>δίκαιον.</span> <span class='ocrx_word' id='word_1_91' title='bbox 1626 1414 1645 1447; x_wconf 83' lang='grc'><strong>›</strong></span> <span class='ocrx_word' id='word_1_92' title='bbox 1689 1393 1905 1464; x_wconf 82' lang='grc' dir='ltr'><strong>Ταύτην</strong></span> <span class='ocrx_word' id='word_1_93' title='bbox 1933 1409 2038 1463; x_wconf 79' lang='grc' dir='ltr'><strong>φη-</strong></span> 
     </span>
    </p>
   </div>
   <div class='ocr_carea' id='block_1_17' title="bbox 461 1483 2038 1560">
    <p class='ocr_par' dir='ltr' id='par_1_17' title="bbox 461 1483 2038 1560">
     <span class='ocr_line' id='line_1_17' title="bbox 461 1483 2038 1560; baseline -0.001 -21"><span class='ocrx_word' id='word_1_94' title='bbox 461 1488 517 1539; x_wconf 80' lang='grc' dir='ltr'><strong>σὶ</strong></span> <span class='ocrx_word' id='word_1_95' title='bbox 556 1488 656 1560; x_wconf 78' lang='grc' dir='ltr'>τὴν</span> <span class='ocrx_word' id='word_1_96' title='bbox 690 1490 966 1560; x_wconf 82' lang='grc' dir='ltr'>ὑμνῳδίαν</span> <span class='ocrx_word' id='word_1_97' title='bbox 1014 1486 1438 1558; x_wconf 68' lang='grc' dir='ltr'><strong>ἀναπέμψουσιν</strong></span> <span class='ocrx_word' id='word_1_98' title='bbox 1465 1488 1514 1539; x_wconf 78' lang='grc' dir='ltr'>οἱ</span> <span class='ocrx_word' id='word_1_99' title='bbox 1562 1485 1667 1555; x_wconf 83' lang='grc' dir='ltr'><strong>τῆς</strong></span> <span class='ocrx_word' id='word_1_100' title='bbox 1708 1483 2038 1555; x_wconf 86' lang='grc' dir='ltr'>Ἐκκλησίας</span> 
     </span>
    </p>
   </div>
   <div class='ocr_carea' id='block_1_18' title="bbox 456 1574 2040 1651">
    <p class='ocr_par' dir='ltr' id='par_1_18' title="bbox 456 1574 2040 1651">
     <span class='ocr_line' id='line_1_18' title="bbox 456 1574 2040 1651; baseline -0.003 -19"><span class='ocrx_word' id='word_1_101' title='bbox 456 1579 577 1634; x_wconf 71' lang='grc' dir='ltr'>λαοὶ</span> <span class='ocrx_word' id='word_1_102' title='bbox 629 1581 746 1651; x_wconf 75' lang='grc' dir='ltr'><strong>ἅμα</strong></span> <span class='ocrx_word' id='word_1_103' title='bbox 795 1584 907 1644; x_wconf 75' lang='grc' dir='ltr'>τοῖς</span> <span class='ocrx_word' id='word_1_104' title='bbox 963 1580 1344 1643; x_wconf 74' lang='grc' dir='ltr'>διδασκάλοιςο</span> <span class='ocrx_word' id='word_1_105' title='bbox 1405 1579 1500 1634; x_wconf 76' lang='grc' dir='ltr'><strong>καὶ</strong></span> <span class='ocrx_word' id='word_1_106' title='bbox 1551 1579 1632 1640; x_wconf 82' lang='grc' dir='ltr'><strong>είς</strong></span> <span class='ocrx_word' id='word_1_107' title='bbox 1683 1576 1819 1646; x_wconf 75' lang='grc' dir='ltr'>ὕψος</span> <span class='ocrx_word' id='word_1_108' title='bbox 1868 1574 2040 1646; x_wconf 74' lang='grc' dir='ltr'>ἀρθή-</span> 
     </span>
    </p>
   </div>
   <div class='ocr_carea' id='block_1_19' title="bbox 458 1666 2033 1741">
    <p class='ocr_par' dir='ltr' id='par_1_19' title="bbox 458 1666 2033 1741">
     <span class='ocr_line' id='line_1_19' title="bbox 458 1666 2033 1741; baseline -0.004 -19"><span class='ocrx_word' id='word_1_109' title='bbox 458 1687 608 1724; x_wconf 81' lang='grc' dir='ltr'><strong>σεται</strong></span> <span class='ocrx_word' id='word_1_110' title='bbox 639 1671 924 1741; x_wconf 78' lang='grc' dir='ltr'>ἡτοιαύτη</span> <span class='ocrx_word' id='word_1_111' title='bbox 971 1669 1124 1741; x_wconf 75' lang='grc' dir='ltr'><strong>φωνὴ</strong></span> <span class='ocrx_word' id='word_1_112' title='bbox 1148 1671 1208 1723; x_wconf 74' lang='grc' dir='ltr'><strong>ὲν</strong></span> <span class='ocrx_word' id='word_1_113' title='bbox 1248 1671 1362 1734; x_wconf 78' lang='grc' dir='ltr'>τοῖς</span> <span class='ocrx_word' id='word_1_114' title='bbox 1411 1671 1509 1739; x_wconf 78' lang='grc' dir='ltr'>τῆς</span> <span class='ocrx_word' id='word_1_115' title='bbox 1549 1666 1878 1736; x_wconf 84' lang='grc' dir='ltr'>Ἐκκλησίας</span> <span class='ocrx_word' id='word_1_116' title='bbox 1911 1680 2033 1717; x_wconf 86' lang='grc' dir='ltr'>ποι-</span> 
     </span>
    </p>
   </div>
   <div class='ocr_carea' id='block_1_20' title="bbox 457 1758 654 1830">
    <p class='ocr_par' dir='ltr' id='par_1_20' title="bbox 457 1758 654 1830">
     <span class='ocr_line' id='line_1_20' title="bbox 457 1758 654 1830; baseline 0.02 -20"><span class='ocrx_word' id='word_1_117' title='bbox 457 1758 654 1830; x_wconf 87' lang='grc' dir='ltr'>μνίοις.</span> 
     </span>
    </p>
   </div>
   <div class='ocr_carea' id='block_1_21' title="bbox 533 1840 2034 1920">
    <p class='ocr_par' dir='ltr' id='par_1_21' title="bbox 533 1840 2034 1920">
     <span class='ocr_line' id='line_1_21' title="bbox 533 1840 2034 1920; baseline -0.003 -19"><span class='ocrx_word' id='word_1_118' title='bbox 533 1867 555 1901; x_wconf 75' lang='grc' dir='ltr'>ε</span> <span class='ocrx_word' id='word_1_119' title='bbox 587 1849 686 1903; x_wconf 77' lang='grc' dir='ltr'>Διά</span> <span class='ocrx_word' id='word_1_120' title='bbox 714 1840 873 1903; x_wconf 77' lang='grc' dir='ltr'>τούτο</span> <span class='ocrx_word' id='word_1_121' title='bbox 911 1847 1241 1920; x_wconf 78' lang='grc' dir='ltr'>ἑξηγέρθην.</span> <span class='ocrx_word' id='word_1_122' title='bbox 1287 1867 1307 1899; x_wconf 73' lang='grc' dir='ltr'><strong>ι</strong></span> <span class='ocrx_word' id='word_1_123' title='bbox 1353 1848 1477 1899; x_wconf 86' lang='grc' dir='ltr'>Ὀτι</span> <span class='ocrx_word' id='word_1_124' title='bbox 1523 1845 1754 1908; x_wconf 79' lang='grc' dir='ltr'><strong>πιστῶς,</strong></span> <span class='ocrx_word' id='word_1_125' title='bbox 1789 1843 1975 1915; x_wconf 59' lang='grc' dir='ltr'>φησιν,</span> <span class='ocrx_word' id='word_1_126' title='bbox 2007 1846 2034 1897; x_wconf 97' lang='lat'><strong>6</strong></span> 
     </span>
    </p>
   </div>
   <div class='ocr_carea' id='block_1_22' title="bbox 454 1934 2036 2011">
    <p class='ocr_par' dir='ltr' id='par_1_22' title="bbox 454 1934 2036 2011">
     <span class='ocr_line' id='line_1_22' title="bbox 454 1934 2036 2011; baseline -0.001 -22"><span class='ocrx_word' id='word_1_127' title='bbox 454 1938 743 2011; x_wconf 79' lang='grc' dir='ltr'><strong>προφήτης</strong></span> <span class='ocrx_word' id='word_1_128' title='bbox 771 1937 1039 2009; x_wconf 74' lang='grc' dir='ltr'><strong>ἐδεξάμην</strong></span> <span class='ocrx_word' id='word_1_129' title='bbox 1067 1936 1129 1991; x_wconf 78' lang='grc' dir='ltr'>τὸ</span> <span class='ocrx_word' id='word_1_130' title='bbox 1153 1939 1362 2011; x_wconf 81' lang='grc' dir='ltr'>ὅραμα,</span> <span class='ocrx_word' id='word_1_131' title='bbox 1384 1936 1474 1990; x_wconf 75' lang='grc' dir='ltr'><strong>διὰ</strong></span> <span class='ocrx_word' id='word_1_132' title='bbox 1502 1934 1659 1990; x_wconf 71' lang='grc' dir='ltr'>τοῦτο</span> <span class='ocrx_word' id='word_1_133' title='bbox 1683 1935 1759 1998; x_wconf 82' lang='grc' dir='ltr'>ὡς</span> <span class='ocrx_word' id='word_1_134' title='bbox 1792 1934 2036 2004; x_wconf 84' lang='grc' dir='ltr'>παρόντα</span> 
     </span>
    </p>
   </div>
   <div class='ocr_carea' id='block_1_23' title="bbox 454 2026 1212 2102">
    <p class='ocr_par' dir='ltr' id='par_1_23' title="bbox 454 2026 1212 2102">
     <span class='ocr_line' id='line_1_23' title="bbox 454 2026 1212 2102; baseline 0.004 -22"><span class='ocrx_word' id='word_1_135' title='bbox 454 2027 524 2082; x_wconf 84' lang='grc' dir='ltr'>τὰ</span> <span class='ocrx_word' id='word_1_136' title='bbox 547 2026 1212 2102; x_wconf 76' lang='grc' dir='ltr'>πράγματαὲθεασάμην.</span> 
     </span>
    </p>
   </div>
   <div class='ocr_carea' id='block_1_24' title="bbox 536 2121 2029 2197">
    <p class='ocr_par' dir='ltr' id='par_1_24' title="bbox 536 2121 2029 2197">
     <span class='ocr_line' id='line_1_24' title="bbox 536 2121 2029 2197; baseline 0 -20"><span class='ocrx_word' id='word_1_137' title='bbox 536 2142 557 2177; x_wconf 76' lang='grc' dir='ltr'>ε</span> <span class='ocrx_word' id='word_1_138' title='bbox 590 2125 704 2181; x_wconf 75' lang='grc' dir='ltr'>Καὶ</span> <span class='ocrx_word' id='word_1_139' title='bbox 731 2128 762 2179; x_wconf 87' lang='lat'><strong>6</strong></span> <span class='ocrx_word' id='word_1_140' title='bbox 787 2125 956 2190; x_wconf 71' lang='grc' dir='ltr'>ὕπνος</span> <span class='ocrx_word' id='word_1_141' title='bbox 985 2142 1114 2197; x_wconf 78' lang='grc' dir='ltr'>μου.</span> <span class='ocrx_word' id='word_1_142' title='bbox 1158 2144 1179 2178; x_wconf 76' lang='grc' dir='ltr'><strong>ι</strong></span> <span class='ocrx_word' id='word_1_143' title='bbox 1208 2126 1269 2178; x_wconf 84' lang='grc' dir='ltr'>Ὀ</span> <span class='ocrx_word' id='word_1_144' title='bbox 1302 2124 1401 2194; x_wconf 83' lang='grc' dir='ltr'>τῆς</span> <span class='ocrx_word' id='word_1_145' title='bbox 1429 2123 1780 2186; x_wconf 79' lang='grc' dir='ltr'>ἀναστάσεως</span> <span class='ocrx_word' id='word_1_146' title='bbox 1809 2121 2029 2193; x_wconf 80' lang='grc' dir='ltr'><strong>τρόπος.</strong></span> 
     </span>
    </p>
   </div>
   <div class='ocr_carea' id='block_1_25' title="bbox 456 2214 2034 2289">
    <p class='ocr_par' dir='ltr' id='par_1_25' title="bbox 456 2214 2034 2289">
     <span class='ocr_line' id='line_1_25' title="bbox 456 2214 2034 2289; baseline -0.003 -18"><span class='ocrx_word' id='word_1_147' title='bbox 456 2218 620 2289; x_wconf 87' lang='grc' dir='ltr'><strong>Δηλοί</strong></span> <span class='ocrx_word' id='word_1_148' title='bbox 645 2217 703 2271; x_wconf 76' lang='grc' dir='ltr'>δὲ</span> <span class='ocrx_word' id='word_1_149' title='bbox 727 2219 821 2271; x_wconf 79' lang='grc' dir='ltr'>καὶ</span> <span class='ocrx_word' id='word_1_150' title='bbox 850 2218 953 2288; x_wconf 82' lang='grc' dir='ltr'><strong>τὴν</strong></span> <span class='ocrx_word' id='word_1_151' title='bbox 985 2219 1049 2271; x_wconf 80' lang='grc' dir='ltr'>ὲκ</span> <span class='ocrx_word' id='word_1_152' title='bbox 1076 2217 1178 2289; x_wconf 86' lang='grc' dir='ltr'>τῆς</span> <span class='ocrx_word' id='word_1_153' title='bbox 1203 2217 1482 2287; x_wconf 79' lang='grc' dir='ltr'>ἁμαρτίας</span> <span class='ocrx_word' id='word_1_154' title='bbox 1512 2214 1847 2286; x_wconf 75' lang='grc' dir='ltr'>ἐλευθερίαν.</span> <span class='ocrx_word' id='word_1_155' title='bbox 1886 2216 2034 2267; x_wconf 78' lang='grc' dir='ltr'>Ἀναο</span> 
     </span>
    </p>
   </div>
   <div class='ocr_carea' id='block_1_26' title="bbox 457 2304 2032 2379">
    <p class='ocr_par' dir='ltr' id='par_1_26' title="bbox 457 2304 2032 2379">
     <span class='ocr_line' id='line_1_26' title="bbox 457 2304 2032 2379; baseline -0.003 -18"><span class='ocrx_word' id='word_1_156' title='bbox 457 2309 686 2379; x_wconf 67' lang='grc' dir='ltr'>φέρεται</span> <span class='ocrx_word' id='word_1_157' title='bbox 711 2308 771 2363; x_wconf 76' lang='grc' dir='ltr'>δὲ</span> <span class='ocrx_word' id='word_1_158' title='bbox 795 2309 892 2363; x_wconf 78' lang='grc' dir='ltr'><strong>καὶ</strong></span> <span class='ocrx_word' id='word_1_159' title='bbox 920 2311 1001 2373; x_wconf 77' lang='grc' dir='ltr'>εἰς</span> <span class='ocrx_word' id='word_1_160' title='bbox 1021 2309 1114 2362; x_wconf 77' lang='grc' dir='ltr'>τὸν</span> <span class='ocrx_word' id='word_1_161' title='bbox 1141 2308 1350 2379; x_wconf 78' lang='grc' dir='ltr'>Κύριον</span> <span class='ocrx_word' id='word_1_162' title='bbox 1384 2308 1417 2378; x_wconf 75' lang='grc' dir='ltr'><strong>ἡ</strong></span> <span class='ocrx_word' id='word_1_163' title='bbox 1462 2309 1800 2379; x_wconf 2' lang='grc' dir='ltr'>προφητείας·</span> <span class='ocrx_word' id='word_1_164' title='bbox 1835 2304 1913 2376; x_wconf 81' lang='grc' dir='ltr'>τῷ</span> <span class='ocrx_word' id='word_1_165' title='bbox 1944 2305 2032 2358; x_wconf 75' lang='grc' dir='ltr'>τὸν</span> 
     </span>
    </p>
   </div>
   <div class='ocr_carea' id='block_1_27' title="bbox 455 2377 2031 2470">
    <p class='ocr_par' dir='ltr' id='par_1_27' title="bbox 455 2377 2031 2470">
     <span class='ocr_line' id='line_1_27' title="bbox 455 2377 2031 2470; baseline -0.003 -17"><span class='ocrx_word' id='word_1_166' title='bbox 455 2377 691 2455; x_wconf 77' lang='grc' dir='ltr'>θάνατον</span> <span class='ocrx_word' id='word_1_167' title='bbox 726 2399 894 2454; x_wconf 76' lang='grc' dir='ltr'>ὕπνον</span> <span class='ocrx_word' id='word_1_168' title='bbox 919 2377 1304 2470; x_wconf 67' lang='grc' dir='ltr'>ὲργασαμένῲ,</span> <span class='ocrx_word' id='word_1_169' title='bbox 1337 2377 1431 2451; x_wconf 62' lang='grc' dir='ltr'><strong>καὶ</strong></span> <span class='ocrx_word' id='word_1_170' title='bbox 1475 2377 1778 2469; x_wconf 28' lang='grc' dir='ltr'>θεωροῦντι.</span> <span class='ocrx_word' id='word_1_171' title='bbox 1804 2396 1913 2450; x_wconf 78' lang='grc' dir='ltr'>τῶν</span> <span class='ocrx_word' id='word_1_172' title='bbox 1941 2412 2031 2447; x_wconf 82' lang='grc' dir='ltr'>πι-</span> 
     </span>
    </p>
   </div>
   <div class='ocr_carea' id='block_1_28' title="bbox 459 2486 2032 2561">
    <p class='ocr_par' dir='ltr' id='par_1_28' title="bbox 459 2486 2032 2561">
     <span class='ocr_line' id='line_1_28' title="bbox 459 2486 2032 2561; baseline 0.001 -22"><span class='ocrx_word' id='word_1_173' title='bbox 459 2487 604 2542; x_wconf 86' lang='grc' dir='ltr'>στῶν</span> <span class='ocrx_word' id='word_1_174' title='bbox 630 2489 691 2542; x_wconf 82' lang='grc' dir='ltr'>τὸ</span> <span class='ocrx_word' id='word_1_175' title='bbox 711 2488 936 2560; x_wconf 81' lang='grc' dir='ltr'>πλῆθος,</span> <span class='ocrx_word' id='word_1_176' title='bbox 964 2490 1060 2544; x_wconf 75' lang='grc' dir='ltr'><strong>καὶ</strong></span> <span class='ocrx_word' id='word_1_177' title='bbox 1091 2489 1334 2561; x_wconf 77' lang='grc' dir='ltr'>χαίροντι</span> <span class='ocrx_word' id='word_1_178' title='bbox 1361 2490 1451 2542; x_wconf 77' lang='grc' dir='ltr'><strong>ἐπὶ</strong></span> <span class='ocrx_word' id='word_1_179' title='bbox 1485 2488 1563 2560; x_wconf 85' lang='grc' dir='ltr'><strong>τῷ</strong></span> <span class='ocrx_word' id='word_1_180' title='bbox 1597 2487 1860 2551; x_wconf 82' lang='grc' dir='ltr'><strong>ἑκουσίως</strong></span> <span class='ocrx_word' id='word_1_181' title='bbox 1883 2486 2032 2557; x_wconf 75' lang='grc' dir='ltr'>αύτῷ</span> 
     </span>
    </p>
   </div>
   <div class='ocr_carea' id='block_1_29' title="bbox 462 2578 977 2653">
    <p class='ocr_par' dir='ltr' id='par_1_29' title="bbox 462 2578 977 2653">
     <span class='ocr_line' id='line_1_29' title="bbox 462 2578 977 2653; baseline 0.006 -20"><span class='ocrx_word' id='word_1_182' title='bbox 462 2581 713 2649; x_wconf 78' lang='grc' dir='ltr'><strong>γεγονότι</strong></span> <span class='ocrx_word' id='word_1_183' title='bbox 739 2578 977 2653; x_wconf 74' lang='grc' dir='ltr'>θανάτῳ.</span> 
     </span>
    </p>
   </div>
   <div class='ocr_carea' id='block_1_30' title="bbox 534 2664 2032 2745">
    <p class='ocr_par' dir='ltr' id='par_1_30' title="bbox 534 2664 2032 2745">
     <span class='ocr_line' id='line_1_30' title="bbox 534 2664 2032 2745; baseline -0.001 -19"><span class='ocrx_word' id='word_1_184' title='bbox 534 2691 557 2725; x_wconf 74' lang='grc' dir='ltr'>α</span> <span class='ocrx_word' id='word_1_185' title='bbox 589 2664 718 2726; x_wconf 74' lang='grc' dir='ltr'>Ἰδοὺ</span> <span class='ocrx_word' id='word_1_186' title='bbox 746 2673 949 2745; x_wconf 69' lang='grc' dir='ltr'>ἡμέραι</span> <span class='ocrx_word' id='word_1_187' title='bbox 982 2672 1284 2744; x_wconf 72' lang='grc' dir='ltr'>ἔρχονται.ι</span> <span class='ocrx_word' id='word_1_188' title='bbox 1321 2675 1483 2738; x_wconf 85' lang='grc' dir='ltr'>Ἴσως</span> <span class='ocrx_word' id='word_1_189' title='bbox 1508 2673 1606 2744; x_wconf 75' lang='grc' dir='ltr'><strong>τὴν</strong></span> <span class='ocrx_word' id='word_1_190' title='bbox 1634 2672 1742 2727; x_wconf 80' lang='grc' dir='ltr'>τῶν</span> <span class='ocrx_word' id='word_1_191' title='bbox 1768 2673 2032 2744; x_wconf 79' lang='grc' dir='ltr'><strong>αἱρέσεων</strong></span> 
     </span>
    </p>
   </div>
   <div class='ocr_carea' id='block_1_31' title="bbox 454 2763 2032 2836">
    <p class='ocr_par' dir='ltr' id='par_1_31' title="bbox 454 2763 2032 2836">
     <span class='ocr_line' id='line_1_31' title="bbox 454 2763 2032 2836; baseline -0.001 -18"><span class='ocrx_word' id='word_1_192' title='bbox 454 2764 653 2836; x_wconf 82' lang='grc' dir='ltr'>φύρσιν</span> <span class='ocrx_word' id='word_1_193' title='bbox 687 2764 861 2835; x_wconf 79' lang='grc' dir='ltr'>φησὶ,</span> <span class='ocrx_word' id='word_1_194' title='bbox 906 2765 1000 2818; x_wconf 72' lang='grc' dir='ltr'><strong>καὶ</strong></span> <span class='ocrx_word' id='word_1_195' title='bbox 1032 2763 1143 2818; x_wconf 85' lang='grc' dir='ltr'>τῶν</span> <span class='ocrx_word' id='word_1_196' title='bbox 1168 2765 1467 2836; x_wconf 85' lang='grc' dir='ltr'>κτηνώδεις</span> <span class='ocrx_word' id='word_1_197' title='bbox 1498 2766 1734 2836; x_wconf 84' lang='grc' dir='ltr'>τρόπους</span> <span class='ocrx_word' id='word_1_198' title='bbox 1768 2765 2032 2835; x_wconf 78' lang='grc' dir='ltr'>αἱρουμέ-</span> 
     </span>
    </p>
   </div>
   <div class='ocr_carea' id='block_1_32' title="bbox 451 2853 2026 2926">
    <p class='ocr_par' dir='ltr' id='par_1_32' title="bbox 451 2853 2026 2926">
     <span class='ocr_line' id='line_1_32' title="bbox 451 2853 2026 2926; baseline -0.002 -17"><span class='ocrx_word' id='word_1_199' title='bbox 451 2872 580 2909; x_wconf 88' lang='grc' dir='ltr'><strong>νων.</strong></span> <span class='ocrx_word' id='word_1_200' title='bbox 598 2853 742 2924; x_wconf 80' lang='grc' dir='ltr'><strong>Ἑγὼ</strong></span> <span class='ocrx_word' id='word_1_201' title='bbox 772 2856 874 2925; x_wconf 84' lang='grc' dir='ltr'>μὲν</span> <span class='ocrx_word' id='word_1_202' title='bbox 892 2855 1003 2926; x_wconf 83' lang='grc' dir='ltr'><strong>γὰρ</strong></span> <span class='ocrx_word' id='word_1_203' title='bbox 1025 2854 1248 2924; x_wconf 80' lang='grc' dir='ltr'>σπερῶ,</span> <span class='ocrx_word' id='word_1_204' title='bbox 1261 2855 1356 2909; x_wconf 76' lang='grc' dir='ltr'><strong>τοῦ</strong></span> <span class='ocrx_word' id='word_1_205' title='bbox 1391 2855 1539 2908; x_wconf 81' lang='grc' dir='ltr'>σίτου</span> <span class='ocrx_word' id='word_1_206' title='bbox 1563 2855 2026 2925; x_wconf 81' lang='grc' dir='ltr'>ἀντιποιούμενος,</span> 
     </span>
    </p>
   </div>
   <div class='ocr_carea' id='block_1_33' title="bbox 451 2942 2029 3023">
    <p class='ocr_par' dir='ltr' id='par_1_33' title="bbox 451 2942 2029 3023">
     <span class='ocr_line' id='line_1_33' title="bbox 451 2942 2029 3023; baseline 0.001 -21"><span class='ocrx_word' id='word_1_207' title='bbox 451 2948 675 3015; x_wconf 84' lang='grc' dir='ltr'>τούτους</span> <span class='ocrx_word' id='word_1_208' title='bbox 695 2942 763 3003; x_wconf 70' lang='grc' dir='ltr'><strong>δὲ·</strong></span> <span class='ocrx_word' id='word_1_209' title='bbox 784 2952 813 3004; x_wconf 89' lang='lat'><strong>6</strong></span> <span class='ocrx_word' id='word_1_210' title='bbox 840 2950 1033 3021; x_wconf 75' lang='grc' dir='ltr'>ἐχθρὸς</span> <span class='ocrx_word' id='word_1_211' title='bbox 1054 2949 1388 3023; x_wconf 77' lang='grc' dir='ltr'>ἐπισπείρει.</span> <span class='ocrx_word' id='word_1_212' title='bbox 1411 2951 1569 3005; x_wconf 82' lang='grc' dir='ltr'>Κατά</span> <span class='ocrx_word' id='word_1_213' title='bbox 1588 2950 1644 3002; x_wconf 77' lang='grc' dir='ltr'>δὲ</span> <span class='ocrx_word' id='word_1_214' title='bbox 1671 2950 1730 3003; x_wconf 80' lang='grc' dir='ltr'><strong>τδ</strong></span> <span class='ocrx_word' id='word_1_215' title='bbox 1754 2950 1854 3020; x_wconf 83' lang='grc' dir='ltr'>τῆς</span> <span class='ocrx_word' id='word_1_216' title='bbox 1886 2950 2029 3021; x_wconf 87' lang='grc' dir='ltr'>Γρα-</span> 
     </span>
    </p>
   </div>
   <div class='ocr_carea' id='block_1_34' title="bbox 456 3028 2102 3138">
    <p class='ocr_par' dir='ltr' id='par_1_34' title="bbox 456 3028 2102 3138">
     <span class='ocr_line' id='line_1_34' title="bbox 456 3028 2102 3138; baseline -0.002 -41"><span class='ocrx_word' id='word_1_217' title='bbox 456 3041 560 3111; x_wconf 80' lang='grc' dir='ltr'><strong>φῆς</strong></span> <span class='ocrx_word' id='word_1_218' title='bbox 588 3042 818 3138; x_wconf 54' lang='grc' dir='ltr'><strong>ἰδίωμαἒ</strong></span> <span class='ocrx_word' id='word_1_219' title='bbox 828 3041 1016 3113; x_wconf 76' lang='grc' dir='ltr'>ἐπειδὴ</span> <span class='ocrx_word' id='word_1_220' title='bbox 1044 3042 1081 3096; x_wconf 84' lang='grc' dir='ltr'><strong>δι</strong></span> <span class='ocrx_word' id='word_1_221' title='bbox 1106 3045 1384 3114; x_wconf 81' lang='grc' dir='ltr'>συγχωρεῖ</span> <span class='ocrx_word' id='word_1_222' title='bbox 1402 3041 1535 3105; x_wconf 78' lang='grc' dir='ltr'>Θεὸς</span> <span class='ocrx_word' id='word_1_223' title='bbox 1553 3043 1685 3105; x_wconf 82' lang='grc' dir='ltr'>τοὺς</span> <span class='ocrx_word' id='word_1_224' title='bbox 1708 3028 2029 3113; x_wconf 83' lang='grc' dir='ltr'>ἀνθρώπους</span> <span class='ocrx_word' id='word_1_225' title='bbox 2061 3082 2102 3138; x_wconf 77' lang='lat' dir='ltr'><strong><em>C</em></strong></span> 
     </span>
    </p>
   </div>
   <div class='ocr_carea' id='block_1_35' title="bbox 454 3132 2027 3207">
    <p class='ocr_par' dir='ltr' id='par_1_35' title="bbox 454 3132 2027 3207">
     <span class='ocr_line' id='line_1_35' title="bbox 454 3132 2027 3207; baseline 0 -22"><span class='ocrx_word' id='word_1_226' title='bbox 454 3132 862 3207; x_wconf 86' lang='grc' dir='ltr'>προαιρετικῶς</span> <span class='ocrx_word' id='word_1_227' title='bbox 898 3136 1109 3202; x_wconf 84' lang='grc' dir='ltr'>ποιεῖν,</span> <span class='ocrx_word' id='word_1_228' title='bbox 1152 3135 1317 3198; x_wconf 76' lang='grc' dir='ltr'>αὐτὸς</span> <span class='ocrx_word' id='word_1_229' title='bbox 1351 3137 1523 3187; x_wconf 84' lang='grc' dir='ltr'>ποιεῖν</span> <span class='ocrx_word' id='word_1_230' title='bbox 1558 3134 1801 3202; x_wconf 83' lang='grc' dir='ltr'>λέγεται,</span> <span class='ocrx_word' id='word_1_231' title='bbox 1832 3132 1906 3197; x_wconf 84' lang='grc' dir='ltr'>ὡς</span> <span class='ocrx_word' id='word_1_232' title='bbox 1947 3134 2027 3200; x_wconf 73' lang='grc' dir='ltr'><strong>τὸ,</strong></span> 
     </span>
    </p>
   </div>
   <div class='ocr_carea' id='block_1_36' title="bbox 453 3225 2033 3296">
    <p class='ocr_par' dir='ltr' id='par_1_36' title="bbox 453 3225 2033 3296">
     <span class='ocr_line' id='line_1_36' title="bbox 453 3225 2033 3296; baseline 0.001 -16"><span class='ocrx_word' id='word_1_233' title='bbox 453 3225 802 3295; x_wconf 77' lang='grc' dir='ltr'>Παρέδωκεν</span> <span class='ocrx_word' id='word_1_234' title='bbox 824 3226 1049 3294; x_wconf 81' lang='grc' dir='ltr'>αὐτοὺς</span> <span class='ocrx_word' id='word_1_235' title='bbox 1072 3230 1159 3293; x_wconf 73' lang='grc' dir='ltr'>εἰς</span> <span class='ocrx_word' id='word_1_236' title='bbox 1178 3227 1336 3295; x_wconf 84' lang='grc' dir='ltr'>πάθη</span> <span class='ocrx_word' id='word_1_237' title='bbox 1358 3226 1617 3296; x_wconf 77' lang='grc' dir='ltr'>ἀτιμίας,</span> <span class='ocrx_word' id='word_1_238' title='bbox 1630 3226 1695 3279; x_wconf 87' lang='grc' dir='ltr'><strong>ού</strong></span> <span class='ocrx_word' id='word_1_239' title='bbox 1716 3226 1855 3281; x_wconf 80' lang='grc' dir='ltr'>Θεοῦ</span> <span class='ocrx_word' id='word_1_240' title='bbox 1872 3226 2033 3281; x_wconf 78' lang='grc' dir='ltr'>τοῦτο</span> 
     </span>
    </p>
   </div>
   <div class='ocr_carea' id='block_1_37' title="bbox 454 3300 2033 3390">
    <p class='ocr_par' dir='ltr' id='par_1_37' title="bbox 454 3300 2033 3390">
     <span class='ocr_line' id='line_1_37' title="bbox 454 3300 2033 3390; baseline -0.001 -18"><span class='ocrx_word' id='word_1_241' title='bbox 454 3319 780 3390; x_wconf 80' lang='grc' dir='ltr'>ποιήσαντος</span> <span class='ocrx_word' id='word_1_242' title='bbox 802 3359 821 3387; x_wconf 87' lang='grc'><strong>,</strong></span> <span class='ocrx_word' id='word_1_243' title='bbox 882 3318 1000 3374; x_wconf 83' lang='grc' dir='ltr'>ἀλλ’</span> <span class='ocrx_word' id='word_1_244' title='bbox 1064 3319 1242 3373; x_wconf 84' lang='grc' dir='ltr'>αὐτῶν</span> <span class='ocrx_word' id='word_1_245' title='bbox 1306 3318 1467 3372; x_wconf 83' lang='grc' dir='ltr'>τοῦτο</span> <span class='ocrx_word' id='word_1_246' title='bbox 1517 3319 1794 3389; x_wconf 75' lang='grc' dir='ltr'>ἑλομένων</span> <span class='ocrx_word' id='word_1_247' title='bbox 1821 3335 1836 3350; x_wconf 75' lang='grc' dir='ltr'><strong>ο</strong></span> <span class='ocrx_word' id='word_1_248' title='bbox 1891 3300 2033 3372; x_wconf 77' lang='grc' dir='ltr'>οὕτω</span> 
     </span>
    </p>
   </div>
   <div class='ocr_carea' id='block_1_38' title="bbox 454 3410 2029 3481">
    <p class='ocr_par' dir='ltr' id='par_1_38' title="bbox 454 3410 2029 3481">
     <span class='ocr_line' id='line_1_38' title="bbox 454 3410 2029 3481; baseline 0.001 -16"><span class='ocrx_word' id='word_1_249' title='bbox 454 3412 550 3465; x_wconf 81' lang='grc' dir='ltr'><strong>καὶ</strong></span> <span class='ocrx_word' id='word_1_250' title='bbox 588 3412 827 3467; x_wconf 80' lang='grc' dir='ltr'>ἐνταῦθα</span> <span class='ocrx_word' id='word_1_251' title='bbox 885 3412 1062 3466; x_wconf 78' lang='grc' dir='ltr'>κεῖται</span> <span class='ocrx_word' id='word_1_252' title='bbox 1099 3410 1183 3478; x_wconf 77' lang='grc' dir='ltr'>τὸ,</span> <span class='ocrx_word' id='word_1_253' title='bbox 1235 3410 1441 3480; x_wconf 83' lang='grc' dir='ltr'><strong>Σπερῶ</strong></span> <span class='ocrx_word' id='word_1_254' title='bbox 1483 3410 1720 3481; x_wconf 80' lang='grc' dir='ltr'>σπέρμα</span> <span class='ocrx_word' id='word_1_255' title='bbox 1749 3411 2029 3478; x_wconf 78' lang='grc' dir='ltr'>κτήνους.</span> 
     </span>
    </p>
   </div>
   <div class='ocr_carea' id='block_1_39' title="bbox 456 3501 2033 3576">
    <p class='ocr_par' dir='ltr' id='par_1_39' title="bbox 456 3501 2033 3576">
     <span class='ocr_line' id='line_1_39' title="bbox 456 3501 2033 3576; baseline 0.001 -21"><span class='ocrx_word' id='word_1_256' title='bbox 456 3503 579 3556; x_wconf 86' lang='grc' dir='ltr'>Ἔτι</span> <span class='ocrx_word' id='word_1_257' title='bbox 608 3502 775 3575; x_wconf 72' lang='grc' dir='ltr'>[[οτι.</span> <span class='ocrx_word' id='word_1_258' title='bbox 811 3501 1015 3576; x_wconf 77' lang='grc' dir='ltr'>Ἔστι]</span> <span class='ocrx_word' id='word_1_259' title='bbox 1058 3503 1116 3556; x_wconf 79' lang='grc' dir='ltr'>δὲ</span> <span class='ocrx_word' id='word_1_260' title='bbox 1149 3503 1243 3558; x_wconf 74' lang='grc' dir='ltr'><strong>καὶ</strong></span> <span class='ocrx_word' id='word_1_261' title='bbox 1286 3502 1430 3557; x_wconf 69' lang='grc' dir='ltr'>οὕτω</span> <span class='ocrx_word' id='word_1_262' title='bbox 1462 3504 1655 3573; x_wconf 85' lang='grc' dir='ltr'>νοῆσαι</span> <span class='ocrx_word' id='word_1_263' title='bbox 1679 3520 1692 3534; x_wconf 83' lang='grc'><strong>”</strong></span> <span class='ocrx_word' id='word_1_264' title='bbox 1721 3504 2033 3573; x_wconf 83' lang='grc' dir='ltr'>Ἀνθρωποί</span> 
     </span>
    </p>
   </div>
   <div class='ocr_carea' id='block_1_40' title="bbox 453 3593 2033 3676">
    <p class='ocr_par' dir='ltr' id='par_1_40' title="bbox 453 3593 2033 3676">
     <span class='ocr_line' id='line_1_40' title="bbox 453 3593 2033 3676; baseline 0.001 -28"><span class='ocrx_word' id='word_1_265' title='bbox 453 3596 594 3676; x_wconf 69' lang='grc' dir='ltr'>εἰσιν</span> <span class='ocrx_word' id='word_1_266' title='bbox 635 3595 687 3647; x_wconf 77' lang='grc' dir='ltr'>οἱ</span> <span class='ocrx_word' id='word_1_267' title='bbox 724 3593 1026 3666; x_wconf 82' lang='grc' dir='ltr'>σοφώτεροι</span> <span class='ocrx_word' id='word_1_268' title='bbox 1078 3595 1172 3647; x_wconf 69' lang='grc' dir='ltr'>καὶ</span> <span class='ocrx_word' id='word_1_269' title='bbox 1223 3594 1569 3665; x_wconf 79' lang='grc' dir='ltr'>τελειότεροι,</span> <span class='ocrx_word' id='word_1_270' title='bbox 1601 3595 1650 3648; x_wconf 82' lang='grc' dir='ltr'>οἱ</span> <span class='ocrx_word' id='word_1_271' title='bbox 1706 3594 1846 3665; x_wconf 85' lang='grc' dir='ltr'><strong>μετά</strong></span> <span class='ocrx_word' id='word_1_272' title='bbox 1874 3596 2033 3664; x_wconf 86' lang='grc' dir='ltr'>λόγου</span> 
     </span>
    </p>
   </div>
   <div class='ocr_carea' id='block_1_41' title="bbox 454 3682 2034 3757">
    <p class='ocr_par' dir='ltr' id='par_1_41' title="bbox 454 3682 2034 3757">
     <span class='ocr_line' id='line_1_41' title="bbox 454 3682 2034 3757; baseline 0.001 -18"><span class='ocrx_word' id='word_1_273' title='bbox 454 3685 549 3739; x_wconf 70' lang='grc' dir='ltr'><strong>καὶ</strong></span> <span class='ocrx_word' id='word_1_274' title='bbox 571 3684 824 3754; x_wconf 80' lang='grc' dir='ltr'>γνώσεως</span> <span class='ocrx_word' id='word_1_275' title='bbox 843 3684 944 3752; x_wconf 78' lang='grc' dir='ltr'><strong>τὴν</strong></span> <span class='ocrx_word' id='word_1_276' title='bbox 965 3682 1147 3739; x_wconf 86' lang='grc' dir='ltr'>πίστιν</span> <span class='ocrx_word' id='word_1_277' title='bbox 1172 3687 1518 3754; x_wconf 82' lang='grc' dir='ltr'>κατέχοντες,</span> <span class='ocrx_word' id='word_1_278' title='bbox 1547 3687 1717 3757; x_wconf 83' lang='grc' dir='ltr'>κτήνη</span> <span class='ocrx_word' id='word_1_279' title='bbox 1743 3685 1799 3739; x_wconf 84' lang='grc' dir='ltr'>δὲ</span> <span class='ocrx_word' id='word_1_280' title='bbox 1825 3689 1872 3740; x_wconf 74' lang='grc' dir='ltr'>οἱ</span> <span class='ocrx_word' id='word_1_281' title='bbox 1900 3687 2034 3757; x_wconf 77' lang='grc' dir='ltr'>μετὰ</span> 
     </span>
    </p>
   </div>
   <div class='ocr_carea' id='block_1_42' title="bbox 455 3773 2034 3849">
    <p class='ocr_par' dir='ltr' id='par_1_42' title="bbox 455 3773 2034 3849">
     <span class='ocr_line' id='line_1_42' title="bbox 455 3773 2034 3849; baseline -0.003 -17"><span class='ocrx_word' id='word_1_282' title='bbox 455 3775 759 3847; x_wconf 79' lang='grc' dir='ltr'>ἁπλότητος</span> <span class='ocrx_word' id='word_1_283' title='bbox 789 3776 884 3828; x_wconf 72' lang='grc' dir='ltr'><strong>καὶ</strong></span> <span class='ocrx_word' id='word_1_284' title='bbox 914 3773 1265 3845; x_wconf 80' lang='grc' dir='ltr'>ἀπεριέργως</span> <span class='ocrx_word' id='word_1_285' title='bbox 1289 3777 1355 3845; x_wconf 81' lang='grc' dir='ltr'>τῇ</span> <span class='ocrx_word' id='word_1_286' title='bbox 1387 3776 1568 3829; x_wconf 79' lang='grc' dir='ltr'>πίστει</span> <span class='ocrx_word' id='word_1_287' title='bbox 1603 3776 2034 3849; x_wconf 66' lang='grc' dir='ltr'>προσδεδραμηὲ-</span> 
     </span>
    </p>
   </div>
   <div class='ocr_carea' id='block_1_43' title="bbox 455 3866 2033 3942">
    <p class='ocr_par' dir='ltr' id='par_1_43' title="bbox 455 3866 2033 3942">
     <span class='ocr_line' id='line_1_43' title="bbox 455 3866 2033 3942; baseline 0 -20"><span class='ocrx_word' id='word_1_288' title='bbox 455 3866 796 3937; x_wconf 86' lang='grc' dir='ltr'>κότες.Ἐγὼ</span> <span class='ocrx_word' id='word_1_289' title='bbox 822 3866 1124 3938; x_wconf 75' lang='grc' dir='ltr'>οὖν,ἰρησὶ,</span> <span class='ocrx_word' id='word_1_290' title='bbox 1159 3868 1254 3921; x_wconf 72' lang='grc' dir='ltr'>καὶ</span> <span class='ocrx_word' id='word_1_291' title='bbox 1272 3867 1498 3931; x_wconf 85' lang='grc' dir='ltr'>τούτους</span> <span class='ocrx_word' id='word_1_292' title='bbox 1546 3868 1831 3933; x_wconf 84' lang='grc' dir='ltr'>κάκείνους</span> <span class='ocrx_word' id='word_1_293' title='bbox 1874 3871 1932 3924; x_wconf 74' lang='grc' dir='ltr'><strong>ὲν</strong></span> <span class='ocrx_word' id='word_1_294' title='bbox 1966 3872 2033 3942; x_wconf 80' lang='grc' dir='ltr'>τῇ</span> 
     </span>
    </p>
   </div>
   <div class='ocr_carea' id='block_1_44' title="bbox 466 3956 1205 4033">
    <p class='ocr_par' dir='ltr' id='par_1_44' title="bbox 466 3956 1205 4033">
     <span class='ocr_line' id='line_1_44' title="bbox 466 3956 1205 4033; baseline 0 -18"><span class='ocrx_word' id='word_1_295' title='bbox 466 3960 768 4033; x_wconf 78' lang='grc' dir='ltr'>Ἐκκλησία·</span> <span class='ocrx_word' id='word_1_296' title='bbox 789 3956 1205 4030; x_wconf 85' lang='grc' dir='ltr'>καταφυτεύσω.</span> 
     </span>
    </p>
   </div>
   <div class='ocr_carea' id='block_1_45' title="bbox 526 4136 2030 4210">
    <p class='ocr_par' dir='ltr' id='par_1_45' title="bbox 526 4136 2030 4210">
     <span class='ocr_line' id='line_1_45' title="bbox 526 4136 2030 4210; baseline 0.003 -18"><span class='ocrx_word' id='word_1_297' title='bbox 526 4158 548 4192; x_wconf 73' lang='grc' dir='ltr'><strong>ι</strong></span> <span class='ocrx_word' id='word_1_298' title='bbox 571 4137 710 4192; x_wconf 69' lang='grc' dir='ltr'>Ἀλλ’</span> <span class='ocrx_word' id='word_1_299' title='bbox 725 4136 759 4208; x_wconf 72' lang='grc' dir='ltr'>ἢ</span> <span class='ocrx_word' id='word_1_300' title='bbox 775 4137 1002 4201; x_wconf 76' lang='grc' dir='ltr'>ἕκαστος</span> <span class='ocrx_word' id='word_1_301' title='bbox 1021 4136 1080 4189; x_wconf 84' lang='grc' dir='ltr'>ὲν</span> <span class='ocrx_word' id='word_1_302' title='bbox 1095 4138 1162 4209; x_wconf 76' lang='grc' dir='ltr'>τῇ</span> <span class='ocrx_word' id='word_1_303' title='bbox 1184 4136 1375 4192; x_wconf 81' lang='grc' dir='ltr'>ἑαυτοῦ</span> <span class='ocrx_word' id='word_1_304' title='bbox 1397 4137 1640 4210; x_wconf 74' lang='grc' dir='ltr'>ἁμαρτία</span> <span class='ocrx_word' id='word_1_305' title='bbox 1659 4137 2030 4196; x_wconf 75' lang='grc' dir='ltr'>ἀποθανεῖται.</span> 
     </span>
    </p>
   </div>
   <div class='ocr_carea' id='block_1_46' title="bbox 457 4228 2034 4302">
    <p class='ocr_par' dir='ltr' id='par_1_46' title="bbox 457 4228 2034 4302">
     <span class='ocr_line' id='line_1_46' title="bbox 457 4228 2034 4302; baseline 0.001 -19"><span class='ocrx_word' id='word_1_306' title='bbox 457 4251 476 4283; x_wconf 85' lang='grc' dir='ltr'><strong>ι</strong></span> <span class='ocrx_word' id='word_1_307' title='bbox 496 4228 561 4285; x_wconf 84' lang='grc' dir='ltr'><strong>Ἦ</strong></span> <span class='ocrx_word' id='word_1_308' title='bbox 584 4231 679 4285; x_wconf 80' lang='grc' dir='ltr'>τοῦ</span> <span class='ocrx_word' id='word_1_309' title='bbox 707 4230 876 4301; x_wconf 80' lang='grc' dir='ltr'>’Δδάμ</span> <span class='ocrx_word' id='word_1_310' title='bbox 905 4228 1150 4302; x_wconf 76' lang='grc' dir='ltr'>ἁμαρτία</span> <span class='ocrx_word' id='word_1_311' title='bbox 1164 4228 1441 4284; x_wconf 76' lang='grc' dir='ltr'>διελθοῦσα</span> <span class='ocrx_word' id='word_1_312' title='bbox 1466 4231 1546 4295; x_wconf 86' lang='grc' dir='ltr'><strong>είς</strong></span> <span class='ocrx_word' id='word_1_313' title='bbox 1566 4230 1627 4283; x_wconf 80' lang='grc' dir='ltr'><strong>τὸ</strong></span> <span class='ocrx_word' id='word_1_314' title='bbox 1640 4229 1811 4295; x_wconf 80' lang='grc' dir='ltr'>ἔθνος,</span> <span class='ocrx_word' id='word_1_315' title='bbox 1836 4232 1928 4284; x_wconf 78' lang='grc' dir='ltr'><strong>καὶ</strong></span> <span class='ocrx_word' id='word_1_316' title='bbox 1940 4231 2034 4284; x_wconf 76' lang='grc' dir='ltr'>ἐπὶ</span> 
     </span>
    </p>
   </div>
   <div class='ocr_carea' id='block_1_47' title="bbox 448 4316 2033 4396">
    <p class='ocr_par' dir='ltr' id='par_1_47' title="bbox 448 4316 2033 4396">
     <span class='ocr_line' id='line_1_47' title="bbox 448 4316 2033 4396; baseline -0.002 -18"><span class='ocrx_word' id='word_1_317' title='bbox 448 4324 577 4387; x_wconf 76' lang='grc' dir='ltr'>τοὺς</span> <span class='ocrx_word' id='word_1_318' title='bbox 635 4324 711 4396; x_wconf 80' lang='grc' dir='ltr'>μὴ</span> <span class='ocrx_word' id='word_1_319' title='bbox 764 4324 1214 4395; x_wconf 54' lang='grc' dir='ltr'>ἁμαρτήσαντας,</span> <span class='ocrx_word' id='word_1_320' title='bbox 1246 4318 1428 4393; x_wconf 82' lang='grc' dir='ltr'>ἦλθεν,</span> <span class='ocrx_word' id='word_1_321' title='bbox 1479 4322 1554 4386; x_wconf 85' lang='grc' dir='ltr'>ὡς</span> <span class='ocrx_word' id='word_1_322' title='bbox 1607 4316 1759 4376; x_wconf 72' lang='grc' dir='ltr'>εἶπεν</span> <span class='ocrx_word' id='word_1_323' title='bbox 1803 4324 1833 4376; x_wconf 93' lang='lat'><strong>6</strong></span> <span class='ocrx_word' id='word_1_324' title='bbox 1875 4322 2033 4376; x_wconf 67' lang='grc' dir='ltr'>Ἀπό-</span> 
     </span>
    </p>
   </div>
   <div class='ocr_carea' id='block_1_48' title="bbox 2131 474 3209 547">
    <p class='ocr_par' dir='ltr' id='par_1_48' title="bbox 2131 474 3209 547">
     <span class='ocr_line' id='line_1_48' title="bbox 2131 474 3209 547; baseline -0.004 -16"><span class='ocrx_word' id='word_1_325' title='bbox 2131 477 2299 541; x_wconf 84' lang='lat' dir='ltr'><strong>illam,</strong></span> <span class='ocrx_word' id='word_1_326' title='bbox 2324 477 2478 547; x_wconf 85' lang='lat' dir='ltr'><strong>quasi</strong></span> <span class='ocrx_word' id='word_1_327' title='bbox 2508 476 2712 530; x_wconf 88' lang='lat' dir='ltr'><strong>tardam</strong></span> <span class='ocrx_word' id='word_1_328' title='bbox 2741 476 2804 529; x_wconf 88' lang='lat' dir='ltr'><strong>ad</strong></span> <span class='ocrx_word' id='word_1_329' title='bbox 2828 474 3209 529; x_wconf 83' lang='lat' dir='ltr'><strong>obediendum.</strong></span> 
     </span>
    </p>
   </div>
   <div class='ocr_carea' id='block_1_49' title="bbox 2207 561 3701 634">
    <p class='ocr_par' dir='ltr' id='par_1_49' title="bbox 2207 561 3701 634">
     <span class='ocr_line' id='line_1_49' title="bbox 2207 561 3701 634; baseline -0.006 -13"><span class='ocrx_word' id='word_1_330' title='bbox 2207 569 2501 634; x_wconf 67' lang='lat' dir='ltr'><strong>«Quoniam</strong></span> <span class='ocrx_word' id='word_1_331' title='bbox 2526 567 2730 622; x_wconf 85' lang='lat' dir='ltr'><strong>creavit</strong></span> <span class='ocrx_word' id='word_1_332' title='bbox 2751 581 2836 621; x_wconf 89' lang='lat' dir='ltr'><strong>me</strong></span> <span class='ocrx_word' id='word_1_333' title='bbox 2854 566 3112 620; x_wconf 80' lang='lat' dir='ltr'><strong>Dominus</strong></span> <span class='ocrx_word' id='word_1_334' title='bbox 3132 564 3378 618; x_wconf 84' lang='lat' dir='ltr'><strong>salutem.</strong></span> <span class='ocrx_word' id='word_1_335' title='bbox 3395 581 3412 613; x_wconf 85' lang='grc'><strong>›</strong></span> <span class='ocrx_word' id='word_1_336' title='bbox 3436 561 3624 632; x_wconf 76' lang='lat' dir='ltr'><strong>Aquila</strong></span> <span class='ocrx_word' id='word_1_337' title='bbox 3646 567 3701 613; x_wconf 83' lang='lat' dir='ltr'><strong>et</strong></span> 
     </span>
    </p>
   </div>
   <div class='ocr_carea' id='block_1_50' title="bbox 2133 644 3705 725">
    <p class='ocr_par' dir='ltr' id='par_1_50' title="bbox 2133 644 3705 725">
     <span class='ocr_line' id='line_1_50' title="bbox 2133 644 3705 725; baseline -0.005 -17"><span class='ocrx_word' id='word_1_338' title='bbox 2133 654 2579 725; x_wconf 80' lang='lat' dir='ltr'><strong>Symmachusita</strong></span> <span class='ocrx_word' id='word_1_339' title='bbox 2614 660 2915 717; x_wconf 85' lang='lat' dir='ltr'><strong>verterunt,</strong></span> <span class='ocrx_word' id='word_1_340' title='bbox 2948 654 3071 722; x_wconf 75' lang='lat' dir='ltr'><strong>quia</strong></span> <span class='ocrx_word' id='word_1_341' title='bbox 3103 644 3292 705; x_wconf 52' lang='lat' dir='ltr'><strong>‘creuvit</strong></span> <span class='ocrx_word' id='word_1_342' title='bbox 3320 651 3572 703; x_wconf 76' lang='lat' dir='ltr'><strong>Dominus</strong></span> <span class='ocrx_word' id='word_1_343' title='bbox 3608 664 3705 701; x_wconf 77' lang='lat' dir='ltr'><strong>no-</strong></span> 
     </span>
    </p>
   </div>
   <div class='ocr_carea' id='block_1_51' title="bbox 2133 738 3704 817">
    <p class='ocr_par' dir='ltr' id='par_1_51' title="bbox 2133 738 3704 817">
     <span class='ocr_line' id='line_1_51' title="bbox 2133 738 3704 817; baseline -0.007 -18"><span class='ocrx_word' id='word_1_344' title='bbox 2133 761 2254 799; x_wconf 84' lang='lat' dir='ltr'><strong>vum</strong></span> <span class='ocrx_word' id='word_1_345' title='bbox 2282 747 2337 799; x_wconf 84' lang='lat' dir='ltr'><strong>in</strong></span> <span class='ocrx_word' id='word_1_346' title='bbox 2368 747 2563 817; x_wconf 74' lang='lat' dir='ltr'><strong>femina</strong></span> <span class='ocrx_word' id='word_1_347' title='bbox 2580 744 2895 817; x_wconf 87' lang='lat' dir='ltr'><strong>;manifeste</strong></span> <span class='ocrx_word' id='word_1_348' title='bbox 2918 752 3100 797; x_wconf 74' lang='lat' dir='ltr'><strong>autem</strong></span> <span class='ocrx_word' id='word_1_349' title='bbox 3133 756 3231 810; x_wconf 82' lang='lat' dir='ltr'><strong>per</strong></span> <span class='ocrx_word' id='word_1_350' title='bbox 3256 741 3371 794; x_wconf 81' lang='lat' dir='ltr'><strong>haec</strong></span> <span class='ocrx_word' id='word_1_351' title='bbox 3402 754 3575 792; x_wconf 74' lang='lat' dir='ltr'><strong>novus</strong></span> <span class='ocrx_word' id='word_1_352' title='bbox 3605 738 3704 790; x_wconf 80' lang='lat' dir='ltr'><strong>lm-</strong></span> 
     </span>
    </p>
   </div>
   <div class='ocr_carea' id='block_1_52' title="bbox 2134 829 3702 904">
    <p class='ocr_par' dir='ltr' id='par_1_52' title="bbox 2134 829 3702 904">
     <span class='ocr_line' id='line_1_52' title="bbox 2134 829 3702 904; baseline -0.008 -13"><span class='ocrx_word' id='word_1_353' title='bbox 2134 852 2245 903; x_wconf 91' lang='lat' dir='ltr'><strong>mo,</strong></span> <span class='ocrx_word' id='word_1_354' title='bbox 2276 836 2509 892; x_wconf 83' lang='lat' dir='ltr'><strong>Verbum</strong></span> <span class='ocrx_word' id='word_1_355' title='bbox 2539 838 2899 901; x_wconf 85' lang='lat' dir='ltr'><strong>incarnatum,</strong></span> <span class='ocrx_word' id='word_1_356' title='bbox 2930 848 3092 904; x_wconf 87' lang='lat' dir='ltr'><strong>quem</strong></span> <span class='ocrx_word' id='word_1_357' title='bbox 3117 830 3281 902; x_wconf 77' lang='lat' dir='ltr'><strong>Virgo</strong></span> <span class='ocrx_word' id='word_1_358' title='bbox 3308 829 3538 899; x_wconf 75' lang='lat' dir='ltr'><strong>peperit,</strong></span> <span class='ocrx_word' id='word_1_359' title='bbox 3562 844 3702 897; x_wconf 70' lang='lat' dir='ltr'><strong>prm-</strong></span> 
     </span>
    </p>
   </div>
   <div class='ocr_carea' id='block_1_53' title="bbox 2134 920 2799 986">
    <p class='ocr_par' dir='ltr' id='par_1_53' title="bbox 2134 920 2799 986">
     <span class='ocr_line' id='line_1_53' title="bbox 2134 920 2799 986; baseline -0.005 0"><span class='ocrx_word' id='word_1_360' title='bbox 2134 931 2415 986; x_wconf 84' lang='lat' dir='ltr'><strong>nuntiatus</strong></span> <span class='ocrx_word' id='word_1_361' title='bbox 2443 936 2546 984; x_wconf 79' lang='lat' dir='ltr'><strong>est.</strong></span> <span class='ocrx_word' id='word_1_362' title='bbox 2796 920 2799 921; x_wconf 38' lang='grc'><strong><em>⁷</em></strong></span> 
     </span>
    </p>
   </div>
   <div class='ocr_carea' id='block_1_54' title="bbox 2210 1011 3703 1083">
    <p class='ocr_par' dir='ltr' id='par_1_54' title="bbox 2210 1011 3703 1083">
     <span class='ocr_line' id='line_1_54' title="bbox 2210 1011 3703 1083; baseline -0.008 -9"><span class='ocrx_word' id='word_1_363' title='bbox 2210 1040 2230 1074; x_wconf 81' lang='grc' dir='ltr'><strong>ι</strong></span> <span class='ocrx_word' id='word_1_364' title='bbox 2269 1023 2328 1076; x_wconf 84' lang='lat' dir='ltr'><strong>In</strong></span> <span class='ocrx_word' id='word_1_365' title='bbox 2358 1021 2550 1075; x_wconf 87' lang='lat' dir='ltr'><strong>salute.</strong></span> <span class='ocrx_word' id='word_1_366' title='bbox 2595 1038 2612 1070; x_wconf 76' lang='grc' dir='ltr'><strong>ι</strong></span> <span class='ocrx_word' id='word_1_367' title='bbox 2647 1019 2751 1074; x_wconf 84' lang='lat' dir='ltr'><strong>Per</strong></span> <span class='ocrx_word' id='word_1_368' title='bbox 2779 1018 3074 1083; x_wconf 75' lang='lat' dir='ltr'><strong>Christum,</strong></span> <span class='ocrx_word' id='word_1_369' title='bbox 3107 1016 3202 1081; x_wconf 90' lang='lat' dir='ltr'><strong>ait,</strong></span> <span class='ocrx_word' id='word_1_370' title='bbox 3232 1018 3573 1068; x_wconf 68' lang='lat' dir='ltr'><strong>revertentur</strong></span> <span class='ocrx_word' id='word_1_371' title='bbox 3606 1011 3703 1063; x_wconf 79' lang='lat' dir='ltr'><strong>ho-</strong></span> 
     </span>
    </p>
   </div>
   <div class='ocr_carea' id='block_1_55' title="bbox 2134 1100 3702 1180">
    <p class='ocr_par' dir='ltr' id='par_1_55' title="bbox 2134 1100 3702 1180">
     <span class='ocr_line' id='line_1_55' title="bbox 2134 1100 3702 1180; baseline -0.01 -13"><span class='ocrx_word' id='word_1_372' title='bbox 2134 1114 2312 1168; x_wconf 87' lang='lat' dir='ltr'><strong>mines</strong></span> <span class='ocrx_word' id='word_1_373' title='bbox 2345 1111 2399 1164; x_wconf 92' lang='lat' dir='ltr'><strong>in</strong></span> <span class='ocrx_word' id='word_1_374' title='bbox 2437 1108 2745 1180; x_wconf 82' lang='lat' dir='ltr'><strong>paradisum</strong></span> <span class='ocrx_word' id='word_1_375' title='bbox 2766 1146 2782 1171; x_wconf 94' lang='lat'><strong>,</strong></span> <span class='ocrx_word' id='word_1_376' title='bbox 2823 1107 2966 1161; x_wconf 84' lang='lat' dir='ltr'><strong>unde</strong></span> <span class='ocrx_word' id='word_1_377' title='bbox 2993 1105 3332 1160; x_wconf 68' lang='lat' dir='ltr'><strong>exciderunt.</strong></span> <span class='ocrx_word' id='word_1_378' title='bbox 3371 1102 3529 1157; x_wconf 81' lang='lat' dir='ltr'><strong>Hunc</strong></span> <span class='ocrx_word' id='word_1_379' title='bbox 3554 1100 3702 1171; x_wconf 85' lang='lat' dir='ltr'><strong>hym-</strong></span> 
     </span>
    </p>
   </div>
   <div class='ocr_carea' id='block_1_56' title="bbox 2133 1191 3312 1270">
    <p class='ocr_par' dir='ltr' id='par_1_56' title="bbox 2133 1191 3312 1270">
     <span class='ocr_line' id='line_1_56' title="bbox 2133 1191 3312 1270; baseline -0.01 -13"><span class='ocrx_word' id='word_1_380' title='bbox 2133 1218 2273 1257; x_wconf 86' lang='lat' dir='ltr'><strong>num</strong></span> <span class='ocrx_word' id='word_1_381' title='bbox 2287 1210 2343 1256; x_wconf 91' lang='lat' dir='ltr'><strong>et</strong></span> <span class='ocrx_word' id='word_1_382' title='bbox 2369 1200 2521 1270; x_wconf 89' lang='lat' dir='ltr'><strong>pueri</strong></span> <span class='ocrx_word' id='word_1_383' title='bbox 2545 1196 2807 1252; x_wconf 84' lang='lat' dir='ltr'><strong>Salvatori</strong></span> <span class='ocrx_word' id='word_1_384' title='bbox 2839 1191 3312 1250; x_wconf 54' lang='lat' dir='ltr'><strong>cecineruntm&quot;.</strong></span> 
     </span>
    </p>
   </div>
   <div class='ocr_carea' id='block_1_57' title="bbox 2213 1369 3700 1440">
    <p class='ocr_par' dir='ltr' id='par_1_57' title="bbox 2213 1369 3700 1440">
     <span class='ocr_line' id='line_1_57' title="bbox 2213 1369 3700 1440; baseline -0.015 -4"><span class='ocrx_word' id='word_1_385' title='bbox 2213 1380 2389 1435; x_wconf 75' lang='lat' dir='ltr'><strong>v.25.</strong></span> <span class='ocrx_word' id='word_1_386' title='bbox 2448 1398 2466 1430; x_wconf 88' lang='grc' dir='ltr'><strong>ι</strong></span> <span class='ocrx_word' id='word_1_387' title='bbox 2507 1376 2832 1431; x_wconf 80' lang='lat' dir='ltr'><strong>Benedictus</strong></span> <span class='ocrx_word' id='word_1_388' title='bbox 2884 1373 3144 1428; x_wconf 84' lang='lat' dir='ltr'><strong>Dominus</strong></span> <span class='ocrx_word' id='word_1_389' title='bbox 3196 1369 3361 1440; x_wconf 83' lang='lat' dir='ltr'><strong>super</strong></span> <span class='ocrx_word' id='word_1_390' title='bbox 3404 1369 3629 1438; x_wconf 78' lang='lat' dir='ltr'><strong>justum.</strong></span> <span class='ocrx_word' id='word_1_391' title='bbox 3682 1385 3700 1414; x_wconf 77' lang='grc' dir='ltr'><strong>ι</strong></span> 
     </span>
    </p>
   </div>
   <div class='ocr_carea' id='block_1_58' title="bbox 2140 1459 3707 1538">
    <p class='ocr_par' dir='ltr' id='par_1_58' title="bbox 2140 1459 3707 1538">
     <span class='ocr_line' id='line_1_58' title="bbox 2140 1459 3707 1538; baseline -0.01 -13"><span class='ocrx_word' id='word_1_392' title='bbox 2140 1470 2319 1532; x_wconf 84' lang='lat' dir='ltr'><strong>Hunc,</strong></span> <span class='ocrx_word' id='word_1_393' title='bbox 2350 1468 2730 1538; x_wconf 68' lang='lat' dir='ltr'><strong>ai’t,&#39;hymnum</strong></span> <span class='ocrx_word' id='word_1_394' title='bbox 2746 1472 2943 1520; x_wconf 81' lang='lat' dir='ltr'><strong>canent</strong></span> <span class='ocrx_word' id='word_1_395' title='bbox 2964 1462 3221 1519; x_wconf 67' lang='lat' dir='ltr'><strong>Ecclesiae</strong></span> <span class='ocrx_word' id='word_1_396' title='bbox 3244 1459 3431 1531; x_wconf 84' lang='lat' dir='ltr'><strong>populi</strong></span> <span class='ocrx_word' id='word_1_397' title='bbox 3458 1475 3561 1512; x_wconf 91' lang='lat' dir='ltr'><strong>una</strong></span> <span class='ocrx_word' id='word_1_398' title='bbox 3586 1472 3707 1511; x_wconf 90' lang='lat' dir='ltr'><strong>eum</strong></span> 
     </span>
    </p>
   </div>
   <div class='ocr_carea' id='block_1_59' title="bbox 2141 1545 3710 1623">
    <p class='ocr_par' dir='ltr' id='par_1_59' title="bbox 2141 1545 3710 1623">
     <span class='ocr_line' id='line_1_59' title="bbox 2141 1545 3710 1623; baseline -0.01 -10"><span class='ocrx_word' id='word_1_399' title='bbox 2141 1557 2472 1623; x_wconf 77' lang='lat' dir='ltr'><strong>doctoribus,</strong></span> <span class='ocrx_word' id='word_1_400' title='bbox 2497 1563 2557 1611; x_wconf 87' lang='lat' dir='ltr'><strong>et</strong></span> <span class='ocrx_word' id='word_1_401' title='bbox 2581 1554 2635 1611; x_wconf 89' lang='lat' dir='ltr'><strong>in</strong></span> <span class='ocrx_word' id='word_1_402' title='bbox 2656 1554 2822 1611; x_wconf 88' lang='lat' dir='ltr'><strong>altum</strong></span> <span class='ocrx_word' id='word_1_403' title='bbox 2853 1552 3071 1608; x_wconf 77' lang='lat' dir='ltr'><strong>tolletur</strong></span> <span class='ocrx_word' id='word_1_404' title='bbox 3098 1550 3213 1605; x_wconf 79' lang='lat' dir='ltr'><strong>haec</strong></span> <span class='ocrx_word' id='word_1_405' title='bbox 3244 1564 3347 1603; x_wconf 86' lang='lat' dir='ltr'><strong>vox</strong></span> <span class='ocrx_word' id='word_1_406' title='bbox 3372 1547 3430 1601; x_wconf 83' lang='lat' dir='ltr'><strong>in</strong></span> <span class='ocrx_word' id='word_1_407' title='bbox 3458 1545 3710 1601; x_wconf 73' lang='lat' dir='ltr'><strong>Ecclesia:</strong></span> 
     </span>
    </p>
   </div>
   <div class='ocr_carea' id='block_1_60' title="bbox 2141 1650 2412 1721">
    <p class='ocr_par' dir='ltr' id='par_1_60' title="bbox 2141 1650 2412 1721">
     <span class='ocr_line' id='line_1_60' title="bbox 2141 1650 2412 1721; baseline 0.004 -19"><span class='ocrx_word' id='word_1_408' title='bbox 2141 1650 2412 1721; x_wconf 65' lang='lat' dir='ltr'><strong>gregibus.</strong></span> 
     </span>
    </p>
   </div>
   <div class='ocr_carea' id='block_1_61' title="bbox 2216 1812 3711 1897">
    <p class='ocr_par' dir='ltr' id='par_1_61' title="bbox 2216 1812 3711 1897">
     <span class='ocr_line' id='line_1_61' title="bbox 2216 1812 3711 1897; baseline -0.014 -10"><span class='ocrx_word' id='word_1_409' title='bbox 2216 1835 2278 1887; x_wconf 83' lang='lat' dir='ltr'><strong>V.</strong></span> <span class='ocrx_word' id='word_1_410' title='bbox 2311 1833 2402 1886; x_wconf 76' lang='lat'><strong>‘26.</strong></span> <span class='ocrx_word' id='word_1_411' title='bbox 2436 1849 2453 1882; x_wconf 85' lang='grc' dir='ltr'><strong>ι</strong></span> <span class='ocrx_word' id='word_1_412' title='bbox 2490 1830 2617 1885; x_wconf 89' lang='lat' dir='ltr'><strong>Ideo</strong></span> <span class='ocrx_word' id='word_1_413' title='bbox 2637 1822 3046 1897; x_wconf 76' lang='lat' dir='ltr'><strong>expergefactus</strong></span> <span class='ocrx_word' id='word_1_414' title='bbox 3071 1834 3210 1873; x_wconf 83' lang='lat' dir='ltr'><strong>sum.</strong></span> <span class='ocrx_word' id='word_1_415' title='bbox 3252 1834 3270 1869; x_wconf 73' lang='grc' dir='ltr'><strong>ι</strong></span> <span class='ocrx_word' id='word_1_416' title='bbox 3303 1814 3590 1882; x_wconf 81' lang='lat' dir='ltr'><strong>Quoniam.</strong></span> <span class='ocrx_word' id='word_1_417' title='bbox 3625 1812 3711 1867; x_wconf 83' lang='lat' dir='ltr'><strong>in-</strong></span> 
     </span>
    </p>
   </div>
   <div class='ocr_carea' id='block_1_62' title="bbox 2141 1904 3709 1997">
    <p class='ocr_par' dir='ltr' id='par_1_62' title="bbox 2141 1904 3709 1997">
     <span class='ocr_line' id='line_1_62' title="bbox 2141 1904 3709 1997; baseline -0.015 -16"><span class='ocrx_word' id='word_1_418' title='bbox 2141 1927 2258 1997; x_wconf 84' lang='lat' dir='ltr'><strong>quit</strong></span> <span class='ocrx_word' id='word_1_419' title='bbox 2315 1924 2596 1995; x_wconf 84' lang='lat' dir='ltr'><strong>propheta,</strong></span> <span class='ocrx_word' id='word_1_420' title='bbox 2649 1917 2880 1973; x_wconf 77' lang='lat' dir='ltr'><strong>fideliter</strong></span> <span class='ocrx_word' id='word_1_421' title='bbox 2924 1913 3190 1967; x_wconf 75' lang='lat' dir='ltr'><strong>visionem</strong></span> <span class='ocrx_word' id='word_1_422' title='bbox 3221 1907 3452 1976; x_wconf 76' lang='lat' dir='ltr'><strong>suscepi,</strong></span> <span class='ocrx_word' id='word_1_423' title='bbox 3510 1904 3709 1960; x_wconf 84' lang='lat' dir='ltr'><strong>idcirco</strong></span> 
     </span>
    </p>
   </div>
   <div class='ocr_carea' id='block_1_63' title="bbox 2141 2008 3080 2085">
    <p class='ocr_par' dir='ltr' id='par_1_63' title="bbox 2141 2008 3080 2085">
     <span class='ocr_line' id='line_1_63' title="bbox 2141 2008 3080 2085; baseline -0.017 -11"><span class='ocrx_word' id='word_1_424' title='bbox 2141 2034 2228 2074; x_wconf 86' lang='lat' dir='ltr'><strong>res</strong></span> <span class='ocrx_word' id='word_1_425' title='bbox 2267 2019 2339 2073; x_wconf 86' lang='lat' dir='ltr'><strong>uti</strong></span> <span class='ocrx_word' id='word_1_426' title='bbox 2376 2021 2669 2085; x_wconf 63' lang='lat' dir='ltr'><strong>praesentes</strong></span> <span class='ocrx_word' id='word_1_427' title='bbox 2692 2026 2810 2065; x_wconf 86' lang='lat' dir='ltr'><strong>sum</strong></span> <span class='ocrx_word' id='word_1_428' title='bbox 2835 2008 3080 2063; x_wconf 89' lang='lat' dir='ltr'><strong>intuitus.</strong></span> 
     </span>
    </p>
   </div>
   <div class='ocr_carea' id='block_1_64' title="bbox 2217 2090 3708 2165">
    <p class='ocr_par' dir='ltr' id='par_1_64' title="bbox 2217 2090 3708 2165">
     <span class='ocr_line' id='line_1_64' title="bbox 2217 2090 3708 2165; baseline -0.014 -2"><span class='ocrx_word' id='word_1_429' title='bbox 2217 2130 2235 2163; x_wconf 84' lang='grc' dir='ltr'><strong>ι</strong></span> <span class='ocrx_word' id='word_1_430' title='bbox 2276 2112 2343 2165; x_wconf 88' lang='lat' dir='ltr'><strong>Et</strong></span> <span class='ocrx_word' id='word_1_431' title='bbox 2376 2122 2598 2163; x_wconf 84' lang='lat' dir='ltr'><strong>somnus</strong></span> <span class='ocrx_word' id='word_1_432' title='bbox 2644 2118 2817 2159; x_wconf 87' lang='lat' dir='ltr'><strong>meus.</strong></span> <span class='ocrx_word' id='word_1_433' title='bbox 2852 2120 2871 2153; x_wconf 82' lang='grc'><strong>›</strong></span> <span class='ocrx_word' id='word_1_434' title='bbox 2911 2099 3009 2155; x_wconf 86' lang='lat' dir='ltr'><strong>llic</strong></span> <span class='ocrx_word' id='word_1_435' title='bbox 3060 2093 3469 2152; x_wconf 85' lang='lat' dir='ltr'><strong>resurrectionis</strong></span> <span class='ocrx_word' id='word_1_436' title='bbox 3497 2090 3708 2149; x_wconf 74' lang='lat' dir='ltr'><strong>modus;</strong></span> 
     </span>
    </p>
   </div>
   <div class='ocr_carea' id='block_1_65' title="bbox 2138 2183 3710 2271">
    <p class='ocr_par' dir='ltr' id='par_1_65' title="bbox 2138 2183 3710 2271">
     <span class='ocr_line' id='line_1_65' title="bbox 2138 2183 3710 2271; baseline -0.015 -12"><span class='ocrx_word' id='word_1_437' title='bbox 2138 2203 2320 2259; x_wconf 85' lang='lat' dir='ltr'><strong>lnnuit</strong></span> <span class='ocrx_word' id='word_1_438' title='bbox 2383 2215 2598 2271; x_wconf 90' lang='lat' dir='ltr'><strong>quoque</strong></span> <span class='ocrx_word' id='word_1_439' title='bbox 2667 2195 3039 2251; x_wconf 88' lang='lat' dir='ltr'><strong>liberationem</strong></span> <span class='ocrx_word' id='word_1_440' title='bbox 3090 2204 3119 2242; x_wconf 90' lang='lat' dir='ltr'><strong>a</strong></span> <span class='ocrx_word' id='word_1_441' title='bbox 3170 2187 3420 2258; x_wconf 87' lang='lat' dir='ltr'><strong>peccatis.</strong></span> <span class='ocrx_word' id='word_1_442' title='bbox 3458 2183 3710 2239; x_wconf 77' lang='lat' dir='ltr'><strong>Refertur</strong></span> 
     </span>
    </p>
   </div>
   <div class='ocr_carea' id='block_1_66' title="bbox 2138 2278 3706 2353">
    <p class='ocr_par' dir='ltr' id='par_1_66' title="bbox 2138 2278 3706 2353">
     <span class='ocr_line' id='line_1_66' title="bbox 2138 2278 3706 2353; baseline -0.016 -1"><span class='ocrx_word' id='word_1_443' title='bbox 2138 2297 2300 2353; x_wconf 88' lang='lat' dir='ltr'><strong>etiam</strong></span> <span class='ocrx_word' id='word_1_444' title='bbox 2358 2294 2425 2349; x_wconf 90' lang='lat' dir='ltr'><strong>ad</strong></span> <span class='ocrx_word' id='word_1_445' title='bbox 2473 2291 2759 2345; x_wconf 88' lang='lat' dir='ltr'><strong>Dominum</strong></span> <span class='ocrx_word' id='word_1_446' title='bbox 2804 2285 2909 2340; x_wconf 88' lang='lat' dir='ltr'><strong>hoc</strong></span> <span class='ocrx_word' id='word_1_447' title='bbox 2944 2281 3290 2343; x_wconf 82' lang='lat' dir='ltr'><strong>vaticinium;</strong></span> <span class='ocrx_word' id='word_1_448' title='bbox 3336 2278 3426 2347; x_wconf 90' lang='lat' dir='ltr'><strong>qui</strong></span> <span class='ocrx_word' id='word_1_449' title='bbox 3480 2286 3706 2331; x_wconf 73' lang='lat' dir='ltr'><strong>mortem</strong></span> 
     </span>
    </p>
   </div>
   <div class='ocr_carea' id='block_1_67' title="bbox 2135 2370 3707 2444">
    <p class='ocr_par' dir='ltr' id='par_1_67' title="bbox 2135 2370 3707 2444">
     <span class='ocr_line' id='line_1_67' title="bbox 2135 2370 3707 2444; baseline -0.014 0"><span class='ocrx_word' id='word_1_450' title='bbox 2135 2386 2366 2444; x_wconf 82' lang='lat' dir='ltr'><strong>mutavit</strong></span> <span class='ocrx_word' id='word_1_451' title='bbox 2410 2385 2466 2439; x_wconf 89' lang='lat' dir='ltr'><strong>in</strong></span> <span class='ocrx_word' id='word_1_452' title='bbox 2521 2396 2793 2438; x_wconf 85' lang='lat' dir='ltr'><strong>somnum.</strong></span> <span class='ocrx_word' id='word_1_453' title='bbox 2870 2376 3131 2444; x_wconf 80' lang='lat' dir='ltr'><strong>Videtque</strong></span> <span class='ocrx_word' id='word_1_454' title='bbox 3185 2371 3421 2427; x_wconf 83' lang='lat' dir='ltr'><strong>ﬁdelium</strong></span> <span class='ocrx_word' id='word_1_455' title='bbox 3464 2370 3707 2425; x_wconf 78' lang='lat' dir='ltr'><strong>multitu-</strong></span> 
     </span>
    </p>
   </div>
   <div class='ocr_carea' id='block_1_68' title="bbox 2138 2464 3636 2554">
    <p class='ocr_par' dir='ltr' id='par_1_68' title="bbox 2138 2464 3636 2554">
     <span class='ocr_line' id='line_1_68' title="bbox 2138 2464 3636 2554; baseline -0.015 -14"><span class='ocrx_word' id='word_1_456' title='bbox 2138 2466 2341 2547; x_wconf 82' lang='lat' dir='ltr'><strong>dinem,</strong></span> <span class='ocrx_word' id='word_1_457' title='bbox 2386 2489 2441 2535; x_wconf 89' lang='lat' dir='ltr'><strong>et</strong></span> <span class='ocrx_word' id='word_1_458' title='bbox 2482 2478 2678 2550; x_wconf 86' lang='lat' dir='ltr'><strong>gaudet</strong></span> <span class='ocrx_word' id='word_1_459' title='bbox 2705 2473 2848 2546; x_wconf 89' lang='lat' dir='ltr'><strong>quod</strong></span> <span class='ocrx_word' id='word_1_460' title='bbox 2891 2477 3118 2527; x_wconf 87' lang='lat' dir='ltr'><strong>mortem</strong></span> <span class='ocrx_word' id='word_1_461' title='bbox 3165 2474 3358 2554; x_wconf 71' lang='lat' dir='ltr'><strong>sponte</strong></span> <span class='ocrx_word' id='word_1_462' title='bbox 3387 2464 3636 2521; x_wconf 84' lang='lat' dir='ltr'><strong>subierit.</strong></span> 
     </span>
    </p>
   </div>
   <div class='ocr_carea' id='block_1_69' title="bbox 2204 2648 3710 2731">
    <p class='ocr_par' dir='ltr' id='par_1_69' title="bbox 2204 2648 3710 2731">
     <span class='ocr_line' id='line_1_69' title="bbox 2204 2648 3710 2731; baseline -0.015 -10"><span class='ocrx_word' id='word_1_463' title='bbox 2204 2669 2269 2723; x_wconf 78' lang='grc' dir='ltr'>ν.</span> <span class='ocrx_word' id='word_1_464' title='bbox 2310 2666 2400 2719; x_wconf 75' lang='lat'><strong>27.</strong></span> <span class='ocrx_word' id='word_1_465' title='bbox 2457 2683 2474 2715; x_wconf 87' lang='grc' dir='ltr'><strong>ι</strong></span> <span class='ocrx_word' id='word_1_466' title='bbox 2516 2661 2655 2716; x_wconf 78' lang='lat' dir='ltr'><strong>Ecce</strong></span> <span class='ocrx_word' id='word_1_467' title='bbox 2692 2660 2810 2715; x_wconf 90' lang='lat' dir='ltr'><strong>dies</strong></span> <span class='ocrx_word' id='word_1_468' title='bbox 2851 2656 3096 2731; x_wconf 80' lang='lat' dir='ltr'><strong>veniunt.</strong></span> <span class='ocrx_word' id='word_1_469' title='bbox 3145 2669 3163 2703; x_wconf 79' lang='grc' dir='ltr'><strong>ι</strong></span> <span class='ocrx_word' id='word_1_470' title='bbox 3202 2651 3456 2705; x_wconf 83' lang='lat' dir='ltr'><strong>Fortasse</strong></span> <span class='ocrx_word' id='word_1_471' title='bbox 3509 2648 3710 2702; x_wconf 78' lang='lat' dir='ltr'><strong>indicat</strong></span> 
     </span>
    </p>
   </div>
   <div class='ocr_carea' id='block_1_70' title="bbox 2138 2742 3708 2815">
    <p class='ocr_par' dir='ltr' id='par_1_70' title="bbox 2138 2742 3708 2815">
     <span class='ocr_line' id='line_1_70' title="bbox 2138 2742 3708 2815; baseline -0.014 -1"><span class='ocrx_word' id='word_1_472' title='bbox 2138 2750 2416 2814; x_wconf 70' lang='lat' dir='ltr'><strong>hrcreseOn</strong></span> <span class='ocrx_word' id='word_1_473' title='bbox 2471 2753 2870 2815; x_wconf 78' lang='lat' dir='ltr'><strong>confusionem,</strong></span> <span class='ocrx_word' id='word_1_474' title='bbox 2900 2760 3196 2815; x_wconf 88' lang='lat' dir='ltr'><strong>eorumque</strong></span> <span class='ocrx_word' id='word_1_475' title='bbox 3216 2743 3308 2813; x_wconf 91' lang='lat' dir='ltr'><strong>qui</strong></span> <span class='ocrx_word' id='word_1_476' title='bbox 3337 2742 3708 2812; x_wconf 75' lang='lat' dir='ltr'><strong>iumentorum</strong></span> 
     </span>
    </p>
   </div>
   <div class='ocr_carea' id='block_1_71' title="bbox 2136 2835 3800 2916">
    <p class='ocr_par' dir='ltr' id='par_1_71' title="bbox 2136 2835 3800 2916">
     <span class='ocr_line' id='line_1_71' title="bbox 2136 2835 3800 2916; baseline -0.011 -8"><span class='ocrx_word' id='word_1_477' title='bbox 2136 2854 2382 2908; x_wconf 87' lang='lat' dir='ltr'><strong>moribus</strong></span> <span class='ocrx_word' id='word_1_478' title='bbox 2430 2856 2672 2904; x_wconf 86' lang='lat' dir='ltr'><strong>utuntur.</strong></span> <span class='ocrx_word' id='word_1_479' title='bbox 2722 2845 2835 2916; x_wconf 77' lang='lat' dir='ltr'><strong>Ego</strong></span> <span class='ocrx_word' id='word_1_480' title='bbox 2874 2843 3018 2897; x_wconf 89' lang='lat' dir='ltr'><strong>enim</strong></span> <span class='ocrx_word' id='word_1_481' title='bbox 3056 2838 3343 2901; x_wconf 77' lang='lat' dir='ltr'><strong>seminabo,</strong></span> <span class='ocrx_word' id='word_1_482' title='bbox 3380 2835 3709 2890; x_wconf 73' lang='lat' dir='ltr'><strong>frumentum</strong></span> <span class='ocrx_word' id='word_1_483' title='bbox 3789 2889 3800 2901; x_wconf 76' lang='grc'><strong>,</strong></span> 
     </span>
    </p>
   </div>
   <div class='ocr_carea' id='block_1_72' title="bbox 2140 2930 3709 3019">
    <p class='ocr_par' dir='ltr' id='par_1_72' title="bbox 2140 2930 3709 3019">
     <span class='ocr_line' id='line_1_72' title="bbox 2140 2930 3709 3019; baseline -0.014 -14"><span class='ocrx_word' id='word_1_484' title='bbox 2140 2949 2422 3019; x_wconf 82' lang='lat' dir='ltr'><strong>percipere</strong></span> <span class='ocrx_word' id='word_1_485' title='bbox 2469 2944 2735 3015; x_wconf 77' lang='lat' dir='ltr'><strong>regitans,</strong></span> <span class='ocrx_word' id='word_1_486' title='bbox 2783 2942 2886 2995; x_wconf 86' lang='lat' dir='ltr'><strong>hos</strong></span> <span class='ocrx_word' id='word_1_487' title='bbox 2915 2954 3044 2993; x_wconf 87' lang='lat' dir='ltr'><strong>vero</strong></span> <span class='ocrx_word' id='word_1_488' title='bbox 3082 2935 3334 2990; x_wconf 88' lang='lat' dir='ltr'><strong>inimicus</strong></span> <span class='ocrx_word' id='word_1_489' title='bbox 3377 2930 3709 3001; x_wconf 85' lang='lat' dir='ltr'><strong>supersemi-</strong></span> 
     </span>
    </p>
   </div>
   <div class='ocr_carea' id='block_1_73' title="bbox 2138 3024 3708 3094">
    <p class='ocr_par' dir='ltr' id='par_1_73' title="bbox 2138 3024 3708 3094">
     <span class='ocr_line' id='line_1_73' title="bbox 2138 3024 3708 3094; baseline -0.011 0"><span class='ocrx_word' id='word_1_490' title='bbox 2138 3042 2311 3094; x_wconf 71' lang='lat' dir='ltr'><strong>nat”.</strong></span> <span class='ocrx_word' id='word_1_491' title='bbox 2344 3039 2511 3092; x_wconf 85' lang='lat' dir='ltr'><strong>Porro</strong></span> <span class='ocrx_word' id='word_1_492' title='bbox 2538 3034 2833 3090; x_wconf 84' lang='lat' dir='ltr'><strong>secundum</strong></span> <span class='ocrx_word' id='word_1_493' title='bbox 2852 3031 3156 3086; x_wconf 89' lang='lat' dir='ltr'><strong>divinarum</strong></span> <span class='ocrx_word' id='word_1_494' title='bbox 3182 3026 3504 3081; x_wconf 85' lang='lat' dir='ltr'><strong>Litterarum</strong></span> <span class='ocrx_word' id='word_1_495' title='bbox 3522 3024 3708 3079; x_wconf 83' lang='lat' dir='ltr'><strong>dicen-</strong></span> 
     </span>
    </p>
   </div>
   <div class='ocr_carea' id='block_1_74' title="bbox 2135 3114 3709 3192">
    <p class='ocr_par' dir='ltr' id='par_1_74' title="bbox 2135 3114 3709 3192">
     <span class='ocr_line' id='line_1_74' title="bbox 2135 3114 3709 3192; baseline -0.008 -12"><span class='ocrx_word' id='word_1_496' title='bbox 2135 3126 2189 3180; x_wconf 87' lang='lat' dir='ltr'><strong>di</strong></span> <span class='ocrx_word' id='word_1_497' title='bbox 2216 3125 2457 3189; x_wconf 88' lang='lat' dir='ltr'><strong>modum,</strong></span> <span class='ocrx_word' id='word_1_498' title='bbox 2493 3121 2748 3192; x_wconf 90' lang='lat' dir='ltr'><strong>quoniam</strong></span> <span class='ocrx_word' id='word_1_499' title='bbox 2790 3135 2908 3189; x_wconf 73' lang='lat' dir='ltr'><strong>quae</strong></span> <span class='ocrx_word' id='word_1_500' title='bbox 2940 3116 3079 3172; x_wconf 85' lang='lat' dir='ltr'><strong>Deus</strong></span> <span class='ocrx_word' id='word_1_501' title='bbox 3108 3116 3370 3187; x_wconf 89' lang='lat' dir='ltr'><strong>permittit</strong></span> <span class='ocrx_word' id='word_1_502' title='bbox 3395 3115 3462 3169; x_wconf 86' lang='lat' dir='ltr'><strong>ab</strong></span> <span class='ocrx_word' id='word_1_503' title='bbox 3490 3114 3709 3168; x_wconf 83' lang='lat' dir='ltr'><strong>homine</strong></span> 
     </span>
    </p>
   </div>
   <div class='ocr_carea' id='block_1_75' title="bbox 2137 3205 3709 3280">
    <p class='ocr_par' dir='ltr' id='par_1_75' title="bbox 2137 3205 3709 3280">
     <span class='ocr_line' id='line_1_75' title="bbox 2137 3205 3709 3280; baseline -0.009 -8"><span class='ocrx_word' id='word_1_504' title='bbox 2137 3218 2252 3272; x_wconf 82' lang='lat' dir='ltr'><strong>fieri</strong></span> <span class='ocrx_word' id='word_1_505' title='bbox 2304 3217 2470 3271; x_wconf 87' lang='lat' dir='ltr'><strong>libera</strong></span> <span class='ocrx_word' id='word_1_506' title='bbox 2522 3214 2818 3277; x_wconf 82' lang='lat' dir='ltr'><strong>voluntate,</strong></span> <span class='ocrx_word' id='word_1_507' title='bbox 2884 3211 3001 3280; x_wconf 89' lang='lat' dir='ltr'><strong>ipse</strong></span> <span class='ocrx_word' id='word_1_508' title='bbox 3055 3223 3219 3279; x_wconf 81' lang='lat' dir='ltr'><strong>agerc</strong></span> <span class='ocrx_word' id='word_1_509' title='bbox 3271 3207 3503 3271; x_wconf 86' lang='lat' dir='ltr'><strong>dicitur;</strong></span> <span class='ocrx_word' id='word_1_510' title='bbox 3552 3205 3709 3275; x_wconf 64' lang='lat' dir='ltr'><strong>quale</strong></span> 
     </span>
    </p>
   </div>
   <div class='ocr_carea' id='block_1_76' title="bbox 2135 3300 3705 3371">
    <p class='ocr_par' dir='ltr' id='par_1_76' title="bbox 2135 3300 3705 3371">
     <span class='ocr_line' id='line_1_76' title="bbox 2135 3300 3705 3371; baseline -0.01 -5"><span class='ocrx_word' id='word_1_511' title='bbox 2135 3310 2265 3367; x_wconf 74' lang='lat' dir='ltr'><strong>illud</strong></span> <span class='ocrx_word' id='word_1_512' title='bbox 2338 3306 2745 3365; x_wconf 51' lang='lat' dir='ltr'><strong>estrTradidit</strong></span> <span class='ocrx_word' id='word_1_513' title='bbox 2812 3320 2895 3357; x_wconf 84' lang='lat' dir='ltr'><strong>eos</strong></span> <span class='ocrx_word' id='word_1_514' title='bbox 2948 3304 3002 3356; x_wconf 80' lang='lat' dir='ltr'><strong>in</strong></span> <span class='ocrx_word' id='word_1_515' title='bbox 3053 3303 3320 3371; x_wconf 75' lang='lat' dir='ltr'><strong>passiones</strong></span> <span class='ocrx_word' id='word_1_516' title='bbox 3386 3300 3705 3370; x_wconf 63' lang='lat' dir='ltr'><strong>infamiae&quot;,</strong></span> 
     </span>
    </p>
   </div>
   <div class='ocr_carea' id='block_1_77' title="bbox 2136 3386 3710 3469">
    <p class='ocr_par' dir='ltr' id='par_1_77' title="bbox 2136 3386 3710 3469">
     <span class='ocr_line' id='line_1_77' title="bbox 2136 3386 3710 3469; baseline -0.011 -13"><span class='ocrx_word' id='word_1_517' title='bbox 2136 3418 2245 3456; x_wconf 87' lang='lat' dir='ltr'><strong>non</strong></span> <span class='ocrx_word' id='word_1_518' title='bbox 2279 3400 2419 3469; x_wconf 91' lang='lat' dir='ltr'><strong>quod</strong></span> <span class='ocrx_word' id='word_1_519' title='bbox 2466 3398 2608 3452; x_wconf 85' lang='lat' dir='ltr'><strong>Deus</strong></span> <span class='ocrx_word' id='word_1_520' title='bbox 2637 3395 2690 3450; x_wconf 92' lang='lat' dir='ltr'><strong>id</strong></span> <span class='ocrx_word' id='word_1_521' title='bbox 2718 3394 2929 3456; x_wconf 88' lang='lat' dir='ltr'><strong>fecerit,</strong></span> <span class='ocrx_word' id='word_1_522' title='bbox 2974 3392 3067 3446; x_wconf 87' lang='lat' dir='ltr'><strong>sed</strong></span> <span class='ocrx_word' id='word_1_523' title='bbox 3098 3390 3170 3444; x_wconf 90' lang='lat' dir='ltr'><strong>illi</strong></span> <span class='ocrx_word' id='word_1_524' title='bbox 3204 3389 3257 3443; x_wconf 90' lang='lat' dir='ltr'><strong>id</strong></span> <span class='ocrx_word' id='word_1_525' title='bbox 3291 3388 3569 3460; x_wconf 82' lang='lat' dir='ltr'><strong>elegerint.</strong></span> <span class='ocrx_word' id='word_1_526' title='bbox 3621 3386 3710 3441; x_wconf 83' lang='lat' dir='ltr'><strong>Sic</strong></span> 
     </span>
    </p>
   </div>
   <div class='ocr_carea' id='block_1_78' title="bbox 2136 3478 3710 3548">
    <p class='ocr_par' dir='ltr' id='par_1_78' title="bbox 2136 3478 3710 3548">
     <span class='ocr_line' id='line_1_78' title="bbox 2136 3478 3710 3548; baseline -0.01 0"><span class='ocrx_word' id='word_1_527' title='bbox 2136 3502 2193 3548; x_wconf 90' lang='lat' dir='ltr'><strong>et</strong></span> <span class='ocrx_word' id='word_1_528' title='bbox 2256 3492 2358 3545; x_wconf 90' lang='lat' dir='ltr'><strong>hoc</strong></span> <span class='ocrx_word' id='word_1_529' title='bbox 2388 3491 2460 3543; x_wconf 80' lang='lat' dir='ltr'><strong>in</strong></span> <span class='ocrx_word' id='word_1_530' title='bbox 2513 3490 2633 3543; x_wconf 89' lang='lat' dir='ltr'><strong>loco</strong></span> <span class='ocrx_word' id='word_1_531' title='bbox 2696 3486 2956 3541; x_wconf 81' lang='lat' dir='ltr'><strong>dicitur:</strong></span> <span class='ocrx_word' id='word_1_532' title='bbox 3023 3478 3302 3545; x_wconf 73' lang='lat' dir='ltr'><strong>Seniinabo</strong></span> <span class='ocrx_word' id='word_1_533' title='bbox 3378 3496 3551 3535; x_wconf 77' lang='lat' dir='ltr'><strong>semen</strong></span> <span class='ocrx_word' id='word_1_534' title='bbox 3634 3479 3710 3544; x_wconf 78' lang='lat' dir='ltr'><strong>iu-</strong></span> 
     </span>
    </p>
   </div>
   <div class='ocr_carea' id='block_1_79' title="bbox 2137 3569 3709 3641">
    <p class='ocr_par' dir='ltr' id='par_1_79' title="bbox 2137 3569 3709 3641">
     <span class='ocr_line' id='line_1_79' title="bbox 2137 3569 3709 3641; baseline -0.01 -3"><span class='ocrx_word' id='word_1_535' title='bbox 2137 3585 2317 3638; x_wconf 83' lang='lat' dir='ltr'><strong>menti.</strong></span> <span class='ocrx_word' id='word_1_536' title='bbox 2364 3581 2660 3637; x_wconf 87' lang='lat' dir='ltr'><strong>Possumus</strong></span> <span class='ocrx_word' id='word_1_537' title='bbox 2697 3593 2826 3631; x_wconf 88' lang='lat' dir='ltr'><strong>vero</strong></span> <span class='ocrx_word' id='word_1_538' title='bbox 2883 3576 3047 3631; x_wconf 87' lang='lat' dir='ltr'><strong>etiam</strong></span> <span class='ocrx_word' id='word_1_539' title='bbox 3078 3574 3158 3628; x_wconf 88' lang='lat' dir='ltr'><strong>sic</strong></span> <span class='ocrx_word' id='word_1_540' title='bbox 3204 3573 3543 3641; x_wconf 75' lang='lat' dir='ltr'><strong>intelligere:</strong></span> <span class='ocrx_word' id='word_1_541' title='bbox 3600 3569 3709 3623; x_wconf 78' lang='lat' dir='ltr'><strong>llo-</strong></span> 
     </span>
    </p>
   </div>
   <div class='ocr_carea' id='block_1_80' title="bbox 2136 3663 3787 3741">
    <p class='ocr_par' dir='ltr' id='par_1_80' title="bbox 2136 3663 3787 3741">
     <span class='ocr_line' id='line_1_80' title="bbox 2136 3663 3787 3741; baseline -0.01 -11"><span class='ocrx_word' id='word_1_542' title='bbox 2136 3676 2312 3731; x_wconf 87' lang='lat' dir='ltr'><strong>mines</strong></span> <span class='ocrx_word' id='word_1_543' title='bbox 2338 3682 2463 3728; x_wconf 89' lang='lat' dir='ltr'><strong>sunt</strong></span> <span class='ocrx_word' id='word_1_544' title='bbox 2503 3671 2859 3741; x_wconf 86' lang='lat' dir='ltr'><strong>sapientiores</strong></span> <span class='ocrx_word' id='word_1_545' title='bbox 2901 3665 3385 3737; x_wconf 86' lang='lat' dir='ltr'><strong>perfectioresque,</strong></span> <span class='ocrx_word' id='word_1_546' title='bbox 3419 3663 3508 3733; x_wconf 88' lang='lat' dir='ltr'><strong>qui</strong></span> <span class='ocrx_word' id='word_1_547' title='bbox 3543 3664 3708 3716; x_wconf 52' lang='lat' dir='ltr'><strong>ratio.</strong></span> <span class='ocrx_word' id='word_1_548' title='bbox 3774 3727 3787 3731; x_wconf 94' lang='lat'>_</span> 
     </span>
    </p>
   </div>
   <div class='ocr_carea' id='block_1_81' title="bbox 2134 3754 3704 3828">
    <p class='ocr_par' dir='ltr' id='par_1_81' title="bbox 2134 3754 3704 3828">
     <span class='ocr_line' id='line_1_81' title="bbox 2134 3754 3704 3828; baseline -0.011 -5"><span class='ocrx_word' id='word_1_549' title='bbox 2134 3782 2208 3823; x_wconf 85' lang='lat' dir='ltr'><strong>ne</strong></span> <span class='ocrx_word' id='word_1_550' title='bbox 2229 3780 2283 3822; x_wconf 90' lang='lat' dir='ltr'><strong>ct</strong></span> <span class='ocrx_word' id='word_1_551' title='bbox 2308 3764 2497 3820; x_wconf 86' lang='lat' dir='ltr'><strong>notitia</strong></span> <span class='ocrx_word' id='word_1_552' title='bbox 2531 3762 2687 3817; x_wconf 87' lang='lat' dir='ltr'><strong>ﬁdem</strong></span> <span class='ocrx_word' id='word_1_553' title='bbox 2738 3758 3236 3828; x_wconf 83' lang='lat' dir='ltr'><strong>tenent;-jumenta</strong></span> <span class='ocrx_word' id='word_1_554' title='bbox 3263 3769 3413 3822; x_wconf 90' lang='lat' dir='ltr'><strong>vero,</strong></span> <span class='ocrx_word' id='word_1_555' title='bbox 3457 3754 3548 3824; x_wconf 85' lang='lat' dir='ltr'><strong>qui</strong></span> <span class='ocrx_word' id='word_1_556' title='bbox 3580 3769 3704 3808; x_wconf 90' lang='lat' dir='ltr'><strong>cum</strong></span> 
     </span>
    </p>
   </div>
   <div class='ocr_carea' id='block_1_82' title="bbox 2135 3847 3706 3929">
    <p class='ocr_par' dir='ltr' id='par_1_82' title="bbox 2135 3847 3706 3929">
     <span class='ocr_line' id='line_1_82' title="bbox 2135 3847 3706 3929; baseline -0.008 -15"><span class='ocrx_word' id='word_1_557' title='bbox 2135 3858 2481 3929; x_wconf 84' lang='lat' dir='ltr'><strong>simplicitate</strong></span> <span class='ocrx_word' id='word_1_558' title='bbox 2524 3864 2580 3911; x_wconf 91' lang='lat' dir='ltr'><strong>et</strong></span> <span class='ocrx_word' id='word_1_559' title='bbox 2619 3854 2738 3908; x_wconf 82' lang='lat' dir='ltr'><strong>sine</strong></span> <span class='ocrx_word' id='word_1_560' title='bbox 2783 3850 3096 3907; x_wconf 89' lang='lat' dir='ltr'><strong>curiositate</strong></span> <span class='ocrx_word' id='word_1_561' title='bbox 3143 3848 3303 3903; x_wconf 79' lang='lat' dir='ltr'><strong>ﬁdem</strong></span> <span class='ocrx_word' id='word_1_562' title='bbox 3347 3856 3476 3902; x_wconf 90' lang='lat' dir='ltr'><strong>sunt</strong></span> <span class='ocrx_word' id='word_1_563' title='bbox 3501 3847 3706 3916; x_wconf 84' lang='lat' dir='ltr'><strong>ample-</strong></span> 
     </span>
    </p>
   </div>
   <div class='ocr_carea' id='block_1_83' title="bbox 2137 3938 3703 4021">
    <p class='ocr_par' dir='ltr' id='par_1_83' title="bbox 2137 3938 3703 4021">
     <span class='ocr_line' id='line_1_83' title="bbox 2137 3938 3703 4021; baseline -0.01 -15"><span class='ocrx_word' id='word_1_564' title='bbox 2137 3952 2269 4006; x_wconf 79' lang='lat' dir='ltr'><strong>xati.</strong></span> <span class='ocrx_word' id='word_1_565' title='bbox 2305 3951 2418 4021; x_wconf 77' lang='lat' dir='ltr'><strong>Ego</strong></span> <span class='ocrx_word' id='word_1_566' title='bbox 2459 3949 2671 4017; x_wconf 86' lang='lat' dir='ltr'><strong>itaque,</strong></span> <span class='ocrx_word' id='word_1_567' title='bbox 2724 3945 2831 4012; x_wconf 87' lang='lat' dir='ltr'><strong>ait,</strong></span> <span class='ocrx_word' id='word_1_568' title='bbox 2868 3950 2924 3999; x_wconf 89' lang='lat' dir='ltr'><strong>et</strong></span> <span class='ocrx_word' id='word_1_569' title='bbox 2956 3943 3056 3999; x_wconf 88' lang='lat' dir='ltr'><strong>bos</strong></span> <span class='ocrx_word' id='word_1_570' title='bbox 3091 3951 3147 3997; x_wconf 90' lang='lat' dir='ltr'><strong>et</strong></span> <span class='ocrx_word' id='word_1_571' title='bbox 3186 3941 3308 3996; x_wconf 87' lang='lat' dir='ltr'><strong>illos</strong></span> <span class='ocrx_word' id='word_1_572' title='bbox 3359 3940 3413 3994; x_wconf 92' lang='lat' dir='ltr'><strong>in</strong></span> <span class='ocrx_word' id='word_1_573' title='bbox 3464 3938 3703 3993; x_wconf 76' lang='lat' dir='ltr'><strong>Ecclesia</strong></span> 
     </span>
    </p>
   </div>
   <div class='ocr_carea' id='block_1_84' title="bbox 2136 4044 2411 4116">
    <p class='ocr_par' dir='ltr' id='par_1_84' title="bbox 2136 4044 2411 4116">
     <span class='ocr_line' id='line_1_84' title="bbox 2136 4044 2411 4116; baseline -0.007 -17"><span class='ocrx_word' id='word_1_574' title='bbox 2136 4044 2411 4116; x_wconf 87' lang='lat' dir='ltr'><strong>plantabo.</strong></span> 
     </span>
    </p>
   </div>
   <div class='ocr_carea' id='block_1_85' title="bbox 2209 4125 3704 4202">
    <p class='ocr_par' dir='ltr' id='par_1_85' title="bbox 2209 4125 3704 4202">
     <span class='ocr_line' id='line_1_85' title="bbox 2209 4125 3704 4202; baseline -0.008 -13"><span class='ocrx_word' id='word_1_575' title='bbox 2209 4136 2274 4190; x_wconf 74' lang='grc' dir='ltr'>ν.</span> <span class='ocrx_word' id='word_1_576' title='bbox 2310 4137 2396 4191; x_wconf 77' lang='lat'><strong>30.</strong></span> <span class='ocrx_word' id='word_1_577' title='bbox 2437 4154 2455 4186; x_wconf 87' lang='grc' dir='ltr'><strong>ι</strong></span> <span class='ocrx_word' id='word_1_578' title='bbox 2495 4133 2602 4189; x_wconf 91' lang='lat' dir='ltr'><strong>Sed</strong></span> <span class='ocrx_word' id='word_1_579' title='bbox 2644 4130 3015 4202; x_wconf 84' lang='lat' dir='ltr'><strong>unusquisque</strong></span> <span class='ocrx_word' id='word_1_580' title='bbox 3060 4129 3114 4183; x_wconf 92' lang='lat' dir='ltr'><strong>in</strong></span> <span class='ocrx_word' id='word_1_581' title='bbox 3151 4125 3433 4197; x_wconf 90' lang='lat' dir='ltr'><strong>iniquitate</strong></span> <span class='ocrx_word' id='word_1_582' title='bbox 3464 4140 3560 4182; x_wconf 87' lang='lat' dir='ltr'><strong>sua</strong></span> <span class='ocrx_word' id='word_1_583' title='bbox 3590 4144 3704 4180; x_wconf 79' lang='lat' dir='ltr'><strong>nm-</strong></span> 
     </span>
    </p>
   </div>
   <div class='ocr_carea' id='block_1_86' title="bbox 2136 4222 3707 4295">
    <p class='ocr_par' dir='ltr' id='par_1_86' title="bbox 2136 4222 3707 4295">
     <span class='ocr_line' id='line_1_86' title="bbox 2136 4222 3707 4295; baseline -0.006 -10"><span class='ocrx_word' id='word_1_584' title='bbox 2136 4230 2324 4285; x_wconf 88' lang='lat' dir='ltr'><strong>rietur.</strong></span> <span class='ocrx_word' id='word_1_585' title='bbox 2357 4248 2375 4282; x_wconf 75' lang='grc' dir='ltr'><strong>ι</strong></span> <span class='ocrx_word' id='word_1_586' title='bbox 2408 4228 2695 4283; x_wconf 85' lang='lat' dir='ltr'><strong>Peccatum</strong></span> <span class='ocrx_word' id='word_1_587' title='bbox 2724 4225 2893 4281; x_wconf 82' lang='lat' dir='ltr'><strong>Adam</strong></span> <span class='ocrx_word' id='word_1_588' title='bbox 2919 4222 3191 4279; x_wconf 85' lang='lat' dir='ltr'><strong>transiens</strong></span> <span class='ocrx_word' id='word_1_589' title='bbox 3218 4222 3275 4276; x_wconf 91' lang='lat' dir='ltr'><strong>in</strong></span> <span class='ocrx_word' id='word_1_590' title='bbox 3299 4236 3492 4295; x_wconf 82' lang='lat' dir='ltr'><strong>genus,</strong></span> <span class='ocrx_word' id='word_1_591' title='bbox 3516 4237 3707 4292; x_wconf 80' lang='lat' dir='ltr'><strong>pervc-</strong></span> 
     </span>
    </p>
   </div>
   <div class='ocr_carea' id='block_1_87' title="bbox 2136 4313 3705 4389">
    <p class='ocr_par' dir='ltr' id='par_1_87' title="bbox 2136 4313 3705 4389">
     <span class='ocr_line' id='line_1_87' title="bbox 2136 4313 3705 4389; baseline -0.007 -12"><span class='ocrx_word' id='word_1_592' title='bbox 2136 4324 2218 4378; x_wconf 91' lang='lat' dir='ltr'><strong>nit</strong></span> <span class='ocrx_word' id='word_1_593' title='bbox 2246 4322 2408 4377; x_wconf 87' lang='lat' dir='ltr'><strong>etiam</strong></span> <span class='ocrx_word' id='word_1_594' title='bbox 2436 4320 2501 4375; x_wconf 89' lang='lat' dir='ltr'><strong>ad</strong></span> <span class='ocrx_word' id='word_1_595' title='bbox 2531 4334 2626 4375; x_wconf 88' lang='lat' dir='ltr'><strong>eos</strong></span> <span class='ocrx_word' id='word_1_596' title='bbox 2662 4317 2754 4389; x_wconf 91' lang='lat' dir='ltr'><strong>qui</strong></span> <span class='ocrx_word' id='word_1_597' title='bbox 2792 4332 2901 4371; x_wconf 91' lang='lat' dir='ltr'><strong>non</strong></span> <span class='ocrx_word' id='word_1_598' title='bbox 2934 4324 3316 4387; x_wconf 77' lang='lat' dir='ltr'><strong>peccaverant,</strong></span> <span class='ocrx_word' id='word_1_599' title='bbox 3347 4313 3705 4384; x_wconf 82' lang='lat' dir='ltr'><strong>quemadmo-</strong></span> 
     </span>
    </p>
   </div>
   <div class='ocr_carea' id='block_1_88' title="bbox 452 4404 2032 4489">
    <p class='ocr_par' dir='ltr' id='par_1_88' title="bbox 452 4409 2023 4489">
     <span class='ocr_line' id='line_1_88' title="bbox 452 4409 2023 4489; baseline -0.001 -20"><span class='ocrx_word' id='word_1_600' title='bbox 452 4415 656 4479; x_wconf 86' lang='grc' dir='ltr'>στολος.</span> <span class='ocrx_word' id='word_1_601' title='bbox 686 4414 926 4486; x_wconf 80' lang='grc' dir='ltr'>Χριστοῦ</span> <span class='ocrx_word' id='word_1_602' title='bbox 962 4409 1058 4469; x_wconf 81' lang='grc' dir='ltr'><strong>οὖν</strong></span> <span class='ocrx_word' id='word_1_603' title='bbox 1094 4415 1546 4489; x_wconf 81' lang='grc' dir='ltr'>συγχωρήσαντος</span> <span class='ocrx_word' id='word_1_604' title='bbox 1573 4414 1778 4485; x_wconf 86' lang='grc' dir='ltr'>ταύτην</span> <span class='ocrx_word' id='word_1_605' title='bbox 1818 4415 1906 4469; x_wconf 81' lang='grc' dir='ltr'><strong>διὰ</strong></span> <span class='ocrx_word' id='word_1_606' title='bbox 1927 4414 2023 4470; x_wconf 79' lang='grc' dir='ltr'>τοῦ</span> 
     </span>
    </p>
   </div>
   <div class='ocr_carea' id='block_1_89' title="bbox 2134 4404 3707 4489">
    <p class='ocr_par' dir='ltr' id='par_1_89' title="bbox 2134 4404 3707 4487">
     <span class='ocr_line' id='line_1_89' title="bbox 2134 4404 3707 4487; baseline -0.007 -17"><span class='ocrx_word' id='word_1_607' title='bbox 2134 4416 2258 4471; x_wconf 86' lang='lat' dir='ltr'><strong>dum</strong></span> <span class='ocrx_word' id='word_1_608' title='bbox 2305 4413 2446 4487; x_wconf 78' lang='lat' dir='ltr'><strong>dixit</strong></span> <span class='ocrx_word' id='word_1_609' title='bbox 2485 4410 2778 4484; x_wconf 80' lang='lat' dir='ltr'><strong>Apostolus</strong></span> <span class='ocrx_word' id='word_1_610' title='bbox 2798 4409 2863 4464; x_wconf 79' lang='grc'><strong>⁸⁷.</strong></span> <span class='ocrx_word' id='word_1_611' title='bbox 2921 4409 3030 4465; x_wconf 89' lang='lat' dir='ltr'><strong>Sed</strong></span> <span class='ocrx_word' id='word_1_612' title='bbox 3082 4423 3206 4463; x_wconf 93' lang='lat' dir='ltr'><strong>cum</strong></span> <span class='ocrx_word' id='word_1_613' title='bbox 3271 4404 3707 4473; x_wconf 86' lang='lat' dir='ltr'><strong>Christus_illud</strong></span> 
     </span>
    </p>
   </div>
   <div class='ocr_carea' id='block_1_90' title="bbox 451 4495 2032 4582">
    <p class='ocr_par' dir='ltr' id='par_1_90' title="bbox 451 4502 2024 4582">
     <span class='ocr_line' id='line_1_90' title="bbox 451 4502 2024 4582; baseline 0.002 -22"><span class='ocrx_word' id='word_1_614' title='bbox 451 4506 684 4579; x_wconf 82' lang='grc' dir='ltr'>λουτροῦ</span> <span class='ocrx_word' id='word_1_615' title='bbox 703 4502 804 4577; x_wconf 81' lang='grc' dir='ltr'><strong>τῆς</strong></span> <span class='ocrx_word' id='word_1_616' title='bbox 822 4507 1091 4577; x_wconf 75' lang='grc' dir='ltr'>ἀφέσεως,</span> <span class='ocrx_word' id='word_1_617' title='bbox 1108 4504 1444 4578; x_wconf 75' lang='grc' dir='ltr'>ἐκαθαρίσθη</span> <span class='ocrx_word' id='word_1_618' title='bbox 1474 4507 1574 4577; x_wconf 75' lang='grc' dir='ltr'>μὲν</span> <span class='ocrx_word' id='word_1_619' title='bbox 1598 4509 2024 4582; x_wconf 79' lang='grc' dir='ltr'>ἡπροπατορικὴ</span> 
     </span>
    </p>
   </div>
   <div class='ocr_carea' id='block_1_91' title="bbox 2134 4495 3704 4582">
    <p class='ocr_par' dir='ltr' id='par_1_91' title="bbox 2134 4495 3704 4573">
     <span class='ocr_line' id='line_1_91' title="bbox 2134 4495 3704 4573; baseline -0.008 -13"><span class='ocrx_word' id='word_1_620' title='bbox 2134 4503 2405 4560; x_wconf 88' lang='lat' dir='ltr'><strong>remiserit</strong></span> <span class='ocrx_word' id='word_1_621' title='bbox 2452 4516 2548 4573; x_wconf 87' lang='lat' dir='ltr'><strong>per</strong></span> <span class='ocrx_word' id='word_1_622' title='bbox 2580 4502 2854 4557; x_wconf 87' lang='lat' dir='ltr'><strong>lavacrum</strong></span> <span class='ocrx_word' id='word_1_623' title='bbox 2885 4497 3247 4563; x_wconf 85' lang='lat' dir='ltr'><strong>remissionis,</strong></span> <span class='ocrx_word' id='word_1_624' title='bbox 3297 4495 3535 4551; x_wconf 87' lang='lat' dir='ltr'><strong>deletum</strong></span> <span class='ocrx_word' id='word_1_625' title='bbox 3581 4496 3704 4566; x_wconf 91' lang='lat' dir='ltr'><strong>qui-</strong></span> 
     </span>
    </p>
   </div>
   <div class='ocr_carea' id='block_1_92' title="bbox 453 4598 2023 4673">
    <p class='ocr_par' dir='ltr' id='par_1_92' title="bbox 453 4598 2023 4673">
     <span class='ocr_line' id='line_1_92' title="bbox 453 4598 2023 4673; baseline 0.002 -22"><span class='ocrx_word' id='word_1_626' title='bbox 453 4599 717 4669; x_wconf 84' lang='grc' dir='ltr'>ἀμαρτία,</span> <span class='ocrx_word' id='word_1_627' title='bbox 746 4598 972 4664; x_wconf 70' lang='grc' dir='ltr'>ἕκαστος</span> <span class='ocrx_word' id='word_1_628' title='bbox 992 4598 1049 4653; x_wconf 79' lang='grc' dir='ltr'>δὲ</span> <span class='ocrx_word' id='word_1_629' title='bbox 1073 4600 1181 4653; x_wconf 85' lang='grc' dir='ltr'>τῶν</span> <span class='ocrx_word' id='word_1_630' title='bbox 1207 4599 1422 4653; x_wconf 78' lang='grc' dir='ltr'>οἰκείων</span> <span class='ocrx_word' id='word_1_631' title='bbox 1447 4600 1869 4673; x_wconf 81' lang='grc' dir='ltr'>ἁμαρτημάτων</span> <span class='ocrx_word' id='word_1_632' title='bbox 1917 4601 2023 4654; x_wconf 81' lang='grc' dir='ltr'>ύπ-</span> 
     </span>
    </p>
   </div>
   <div class='ocr_carea' id='block_1_93' title="bbox 452 4689 778 4760">
    <p class='ocr_par' dir='ltr' id='par_1_93' title="bbox 452 4689 778 4760">
     <span class='ocr_line' id='line_1_93' title="bbox 452 4689 778 4760; baseline 0.006 -17"><span class='ocrx_word' id='word_1_633' title='bbox 452 4689 568 4760; x_wconf 75' lang='grc' dir='ltr'>εχει</span> <span class='ocrx_word' id='word_1_634' title='bbox 604 4690 778 4758; x_wconf 87' lang='grc' dir='ltr'>λόγον.</span> 
     </span>
    </p>
   </div>
   <div class='ocr_carea' id='block_1_94' title="bbox 527 4782 2016 4855">
    <p class='ocr_par' dir='ltr' id='par_1_94' title="bbox 527 4782 2016 4855">
     <span class='ocr_line' id='line_1_94' title="bbox 527 4782 2016 4855; baseline 0.003 -22"><span class='ocrx_word' id='word_1_635' title='bbox 527 4799 547 4833; x_wconf 82' lang='grc' dir='ltr'><strong>ι</strong></span> <span class='ocrx_word' id='word_1_636' title='bbox 589 4782 700 4835; x_wconf 77' lang='grc' dir='ltr'><strong>Καὶ</strong></span> <span class='ocrx_word' id='word_1_637' title='bbox 728 4782 1051 4854; x_wconf 79' lang='grc' dir='ltr'>διαθήσομαι</span> <span class='ocrx_word' id='word_1_638' title='bbox 1098 4782 1177 4854; x_wconf 85' lang='grc' dir='ltr'>τῷ</span> <span class='ocrx_word' id='word_1_639' title='bbox 1209 4784 1341 4853; x_wconf 74' lang='grc' dir='ltr'>οἴκῳ</span> <span class='ocrx_word' id='word_1_640' title='bbox 1372 4783 1608 4855; x_wconf 82' lang='grc' dir='ltr'>Ἰσραήλ.</span> <span class='ocrx_word' id='word_1_641' title='bbox 1662 4802 1681 4836; x_wconf 77' lang='grc' dir='ltr'><strong>ι</strong></span> <span class='ocrx_word' id='word_1_642' title='bbox 1718 4783 2016 4855; x_wconf 82' lang='grc' dir='ltr'>Διαθὴκην,</span> 
     </span>
    </p>
   </div>
   <div class='ocr_carea' id='block_1_95' title="bbox 446 4872 2017 4946">
    <p class='ocr_par' dir='ltr' id='par_1_95' title="bbox 446 4872 2017 4946">
     <span class='ocr_line' id='line_1_95' title="bbox 446 4872 2017 4946; baseline 0.003 -21"><span class='ocrx_word' id='word_1_643' title='bbox 446 4872 546 4942; x_wconf 77' lang='grc' dir='ltr'>τὴν</span> <span class='ocrx_word' id='word_1_644' title='bbox 570 4872 956 4944; x_wconf 80' lang='grc' dir='ltr'>εὖαγγελικήν.</span> <span class='ocrx_word' id='word_1_645' title='bbox 973 4872 1200 4937; x_wconf 80' lang='grc' dir='ltr'>Τούτοις</span> <span class='ocrx_word' id='word_1_646' title='bbox 1218 4873 1275 4928; x_wconf 69' lang='grc' dir='ltr'><strong>δδ</strong></span> <span class='ocrx_word' id='word_1_647' title='bbox 1293 4876 1565 4946; x_wconf 67' lang='grc' dir='ltr'>ὶχρήσατο</span> <span class='ocrx_word' id='word_1_648' title='bbox 1593 4876 1685 4929; x_wconf 80' lang='grc' dir='ltr'>καὶ</span> <span class='ocrx_word' id='word_1_649' title='bbox 1715 4878 1744 4930; x_wconf 92' lang='lat'><strong>6</strong></span> <span class='ocrx_word' id='word_1_650' title='bbox 1759 4876 2017 4930; x_wconf 82' lang='grc' dir='ltr'>Ἀπόστο-</span> 
     </span>
    </p>
   </div>
   <div class='ocr_carea' id='block_1_96' title="bbox 445 4961 2020 5040">
    <p class='ocr_par' dir='ltr' id='par_1_96' title="bbox 445 4961 2020 5040">
     <span class='ocr_line' id='line_1_96' title="bbox 445 4961 2020 5040; baseline 0.004 -24"><span class='ocrx_word' id='word_1_651' title='bbox 445 4963 539 5028; x_wconf 86' lang='grc' dir='ltr'><strong>λος</strong></span> <span class='ocrx_word' id='word_1_652' title='bbox 565 4964 647 5025; x_wconf 82' lang='grc' dir='ltr'><strong>είς</strong></span> <span class='ocrx_word' id='word_1_653' title='bbox 668 4963 950 5032; x_wconf 81' lang='grc' dir='ltr'>ἀπόδειξιν</span> <span class='ocrx_word' id='word_1_654' title='bbox 969 4967 1064 5018; x_wconf 82' lang='grc' dir='ltr'>τοῦ</span> <span class='ocrx_word' id='word_1_655' title='bbox 1102 4961 1229 5038; x_wconf 76' lang='grc' dir='ltr'><strong>[μὴ]</strong></span> <span class='ocrx_word' id='word_1_656' title='bbox 1256 4965 1616 5037; x_wconf 69' lang='grc' dir='ltr'>ἐκϐεϐλῆσθαι</span> <span class='ocrx_word' id='word_1_657' title='bbox 1653 4966 1754 5039; x_wconf 80' lang='grc' dir='ltr'><strong>τὴν</strong></span> <span class='ocrx_word' id='word_1_658' title='bbox 1787 4969 2020 5040; x_wconf 70' lang='grc' dir='ltr'>νομικὴν</span> 
     </span>
    </p>
   </div>
   <div class='ocr_carea' id='block_1_97' title="bbox 445 5054 720 5129">
    <p class='ocr_par' dir='ltr' id='par_1_97' title="bbox 445 5054 720 5129">
     <span class='ocr_line' id='line_1_97' title="bbox 445 5054 720 5129; baseline 0.011 -20"><span class='ocrx_word' id='word_1_659' title='bbox 445 5054 720 5129; x_wconf 78' lang='grc' dir='ltr'>λατρείαν.</span> 
     </span>
    </p>
   </div>
   <div class='ocr_carea' id='block_1_98' title="bbox 526 5147 2019 5223">
    <p class='ocr_par' dir='ltr' id='par_1_98' title="bbox 526 5147 2019 5223">
     <span class='ocr_line' id='line_1_98' title="bbox 526 5147 2019 5223; baseline 0.003 -23"><span class='ocrx_word' id='word_1_660' title='bbox 526 5166 546 5199; x_wconf 82' lang='grc' dir='ltr'><strong>ι</strong></span> <span class='ocrx_word' id='word_1_661' title='bbox 572 5147 755 5213; x_wconf 76' lang='grc' dir='ltr'>Διδοὺς</span> <span class='ocrx_word' id='word_1_662' title='bbox 771 5148 946 5204; x_wconf 87' lang='grc' dir='ltr'>δώσω.</span> <span class='ocrx_word' id='word_1_663' title='bbox 983 5168 1002 5203; x_wconf 74' lang='grc' dir='ltr'><strong>ι</strong></span> <span class='ocrx_word' id='word_1_664' title='bbox 1045 5149 1160 5214; x_wconf 82' lang='grc' dir='ltr'><strong>Τὰς</strong></span> <span class='ocrx_word' id='word_1_665' title='bbox 1190 5148 1279 5204; x_wconf 86' lang='grc' dir='ltr'>διὰ</span> <span class='ocrx_word' id='word_1_666' title='bbox 1297 5148 1391 5203; x_wconf 81' lang='grc' dir='ltr'>τοῦ</span> <span class='ocrx_word' id='word_1_667' title='bbox 1421 5149 1731 5220; x_wconf 83' lang='grc' dir='ltr'>πνεύματος</span> <span class='ocrx_word' id='word_1_668' title='bbox 1762 5151 2019 5223; x_wconf 79' lang='grc' dir='ltr'>ὑπομνή-</span> 
     </span>
    </p>
   </div>
   <div class='ocr_carea' id='block_1_99' title="bbox 448 5255 588 5302">
    <p class='ocr_par' dir='ltr' id='par_1_99' title="bbox 448 5255 588 5302">
     <span class='ocr_line' id='line_1_99' title="bbox 448 5255 588 5302; baseline 0 -10"><span class='ocrx_word' id='word_1_669' title='bbox 448 5255 588 5302; x_wconf 83' lang='grc' dir='ltr'>σεις.</span> 
     </span>
    </p>
   </div>
   <div class='ocr_carea' id='block_1_100' title="bbox 519 5327 2019 5402">
    <p class='ocr_par' dir='ltr' id='par_1_100' title="bbox 519 5327 2019 5402">
     <span class='ocr_line' id='line_1_100' title="bbox 519 5327 2019 5402; baseline 0.001 -18"><span class='ocrx_word' id='word_1_670' title='bbox 519 5346 545 5384; x_wconf 70' lang='grc' dir='ltr'><strong>ι</strong></span> <span class='ocrx_word' id='word_1_671' title='bbox 594 5329 720 5384; x_wconf 77' lang='grc' dir='ltr'><strong>Ἐὰν</strong></span> <span class='ocrx_word' id='word_1_672' title='bbox 752 5327 961 5401; x_wconf 76' lang='grc' dir='ltr'>ύψωθῇ.</span> <span class='ocrx_word' id='word_1_673' title='bbox 996 5349 1015 5382; x_wconf 75' lang='grc' dir='ltr'><strong>ι</strong></span> <span class='ocrx_word' id='word_1_674' title='bbox 1058 5329 1147 5395; x_wconf 84' lang='grc' dir='ltr'><strong>Ὦς</strong></span> <span class='ocrx_word' id='word_1_675' title='bbox 1176 5331 1478 5402; x_wconf 84' lang='grc' dir='ltr'>ἀμήχανον,</span> <span class='ocrx_word' id='word_1_676' title='bbox 1526 5330 1713 5401; x_wconf 63' lang='grc' dir='ltr'>φησιν,</span> <span class='ocrx_word' id='word_1_677' title='bbox 1761 5332 2019 5402; x_wconf 77' lang='grc' dir='ltr'>ἀνωτέρω</span> 
     </span>
    </p>
   </div>
   <div class='ocr_carea' id='block_1_101' title="bbox 444 5419 2012 5493">
    <p class='ocr_par' dir='ltr' id='par_1_101' title="bbox 444 5419 2012 5493">
     <span class='ocr_line' id='line_1_101' title="bbox 444 5419 2012 5493; baseline 0.002 -20"><span class='ocrx_word' id='word_1_678' title='bbox 444 5419 537 5473; x_wconf 71' lang='grc' dir='ltr'><strong>τὸν</strong></span> <span class='ocrx_word' id='word_1_679' title='bbox 555 5421 784 5490; x_wconf 79' lang='grc' dir='ltr'>οὐρανὸν</span> <span class='ocrx_word' id='word_1_680' title='bbox 811 5420 1072 5489; x_wconf 79' lang='grc' dir='ltr'>ἀνελθεῖν,</span> <span class='ocrx_word' id='word_1_681' title='bbox 1095 5421 1129 5492; x_wconf 78' lang='grc' dir='ltr'>ἢ</span> <span class='ocrx_word' id='word_1_682' title='bbox 1152 5423 1250 5492; x_wconf 81' lang='grc' dir='ltr'><strong>τὴν</strong></span> <span class='ocrx_word' id='word_1_683' title='bbox 1267 5420 1371 5492; x_wconf 82' lang='grc' dir='ltr'>γῆν</span> <span class='ocrx_word' id='word_1_684' title='bbox 1390 5422 1683 5493; x_wconf 81' lang='grc' dir='ltr'>κατωτέρω</span> <span class='ocrx_word' id='word_1_685' title='bbox 1710 5422 2012 5477; x_wconf 85' lang='grc' dir='ltr'>κατελθεῖν·</span> 
     </span>
    </p>
   </div>
   <div class='ocr_carea' id='block_1_102' title="bbox 444 5505 2017 5584">
    <p class='ocr_par' dir='ltr' id='par_1_102' title="bbox 444 5505 2017 5584">
     <span class='ocr_line' id='line_1_102' title="bbox 444 5505 2017 5584; baseline 0.003 -22"><span class='ocrx_word' id='word_1_686' title='bbox 444 5505 616 5573; x_wconf 69' lang='grc' dir='ltr'>οὕτως</span> <span class='ocrx_word' id='word_1_687' title='bbox 641 5509 924 5580; x_wconf 82' lang='grc' dir='ltr'>ἀμήχανόν</span> <span class='ocrx_word' id='word_1_688' title='bbox 957 5528 1023 5581; x_wconf 85' lang='grc' dir='ltr'>με</span> <span class='ocrx_word' id='word_1_689' title='bbox 1046 5510 1447 5581; x_wconf 83' lang='grc' dir='ltr'>ἀποδοκιμάσαι</span> <span class='ocrx_word' id='word_1_690' title='bbox 1476 5511 1566 5565; x_wconf 81' lang='grc' dir='ltr'>τὸν</span> <span class='ocrx_word' id='word_1_691' title='bbox 1600 5512 1834 5584; x_wconf 83' lang='grc' dir='ltr'>Ἰσραήλ·</span> <span class='ocrx_word' id='word_1_692' title='bbox 1855 5513 2017 5582; x_wconf 79' lang='grc' dir='ltr'>Ἀμε-</span> 
     </span>
    </p>
   </div>
   <div class='ocr_carea' id='block_1_103' title="bbox 2130 4591 3705 4667">
    <p class='ocr_par' dir='ltr' id='par_1_103' title="bbox 2130 4591 3705 4667">
     <span class='ocr_line' id='line_1_103' title="bbox 2130 4591 3705 4667; baseline -0.009 -13"><span class='ocrx_word' id='word_1_693' title='bbox 2130 4599 2253 4654; x_wconf 87' lang='lat' dir='ltr'><strong>dem</strong></span> <span class='ocrx_word' id='word_1_694' title='bbox 2276 4606 2359 4654; x_wconf 86' lang='lat' dir='ltr'><strong>est</strong></span> <span class='ocrx_word' id='word_1_695' title='bbox 2384 4603 2667 4667; x_wconf 86' lang='lat' dir='ltr'><strong>peccatum</strong></span> <span class='ocrx_word' id='word_1_696' title='bbox 2695 4593 2975 4665; x_wconf 84' lang='lat' dir='ltr'><strong>originale,</strong></span> <span class='ocrx_word' id='word_1_697' title='bbox 3010 4591 3382 4660; x_wconf 84' lang='lat' dir='ltr'><strong>unusquisque</strong></span> <span class='ocrx_word' id='word_1_698' title='bbox 3429 4604 3558 4645; x_wconf 88' lang='lat' dir='ltr'><strong>vero</strong></span> <span class='ocrx_word' id='word_1_699' title='bbox 3579 4604 3705 4642; x_wconf 86' lang='lat' dir='ltr'><strong>suo-</strong></span> 
     </span>
    </p>
   </div>
   <div class='ocr_carea' id='block_1_104' title="bbox 2128 4683 3152 4759">
    <p class='ocr_par' dir='ltr' id='par_1_104' title="bbox 2128 4683 3152 4759">
     <span class='ocr_line' id='line_1_104' title="bbox 2128 4683 3152 4759; baseline -0.009 -14"><span class='ocrx_word' id='word_1_700' title='bbox 2128 4706 2248 4745; x_wconf 87' lang='lat' dir='ltr'><strong>rum</strong></span> <span class='ocrx_word' id='word_1_701' title='bbox 2272 4696 2615 4759; x_wconf 87' lang='lat' dir='ltr'><strong>peccatorum</strong></span> <span class='ocrx_word' id='word_1_702' title='bbox 2648 4686 2837 4740; x_wconf 87' lang='lat' dir='ltr'><strong>reddet</strong></span> <span class='ocrx_word' id='word_1_703' title='bbox 2864 4683 3152 4739; x_wconf 79' lang='lat' dir='ltr'><strong>rationem.</strong></span> 
     </span>
    </p>
   </div>
   <div class='ocr_carea' id='block_1_105' title="bbox 2201 4770 3704 4850">
    <p class='ocr_par' dir='ltr' id='par_1_105' title="bbox 2201 4770 3704 4850">
     <span class='ocr_line' id='line_1_105' title="bbox 2201 4770 3704 4850; baseline -0.007 -16"><span class='ocrx_word' id='word_1_704' title='bbox 2201 4781 2266 4836; x_wconf 86' lang='lat' dir='ltr'><strong>V.</strong></span> <span class='ocrx_word' id='word_1_705' title='bbox 2328 4783 2417 4837; x_wconf 75' lang='lat'><strong>5].</strong></span> <span class='ocrx_word' id='word_1_706' title='bbox 2474 4799 2495 4832; x_wconf 81' lang='grc' dir='ltr'><strong>ι</strong></span> <span class='ocrx_word' id='word_1_707' title='bbox 2557 4780 2850 4850; x_wconf 84' lang='lat' dir='ltr'><strong>Disponam</strong></span> <span class='ocrx_word' id='word_1_708' title='bbox 2907 4778 3092 4833; x_wconf 72' lang='lat' dir='ltr'><strong>dontui</strong></span> <span class='ocrx_word' id='word_1_709' title='bbox 3166 4776 3353 4831; x_wconf 84' lang='lat' dir='ltr'><strong>Israel.</strong></span> <span class='ocrx_word' id='word_1_710' title='bbox 3414 4791 3435 4824; x_wconf 74' lang='grc' dir='ltr'><strong>ι</strong></span> <span class='ocrx_word' id='word_1_711' title='bbox 3504 4770 3704 4825; x_wconf 69' lang='grc' dir='ltr'>Ρωάιιε</span> 
     </span>
    </p>
   </div>
   <div class='ocr_carea' id='block_1_106' title="bbox 2128 4859 3699 4939">
    <p class='ocr_par' dir='ltr' id='par_1_106' title="bbox 2128 4859 3699 4939">
     <span class='ocr_line' id='line_1_106' title="bbox 2128 4859 3699 4939; baseline -0.01 -15"><span class='ocrx_word' id='word_1_712' title='bbox 2128 4884 2351 4933; x_wconf 84' lang='lat' dir='ltr'><strong>novum,</strong></span> <span class='ocrx_word' id='word_1_713' title='bbox 2386 4868 2761 4939; x_wconf 74' lang='lat' dir='ltr'><strong>evangelicum</strong></span> <span class='ocrx_word' id='word_1_714' title='bbox 2789 4867 3014 4921; x_wconf 85' lang='lat' dir='ltr'><strong>scilicet.</strong></span> <span class='ocrx_word' id='word_1_715' title='bbox 3048 4864 3142 4917; x_wconf 76' lang='lat' dir='ltr'><strong>llis</strong></span> <span class='ocrx_word' id='word_1_716' title='bbox 3180 4879 3313 4917; x_wconf 88' lang='lat' dir='ltr'><strong>vero</strong></span> <span class='ocrx_word' id='word_1_717' title='bbox 3353 4861 3517 4915; x_wconf 84' lang='lat' dir='ltr'><strong>etiam</strong></span> <span class='ocrx_word' id='word_1_718' title='bbox 3550 4859 3699 4926; x_wconf 78' lang='lat' dir='ltr'><strong>Apo-</strong></span> 
     </span>
    </p>
   </div>
   <div class='ocr_carea' id='block_1_107' title="bbox 2127 4949 3700 5028">
    <p class='ocr_par' dir='ltr' id='par_1_107' title="bbox 2127 4949 3700 5028">
     <span class='ocr_line' id='line_1_107' title="bbox 2127 4949 3700 5028; baseline -0.008 -15"><span class='ocrx_word' id='word_1_719' title='bbox 2127 4960 2356 5015; x_wconf 78' lang='lat' dir='ltr'><strong>stolus&quot;</strong></span> <span class='ocrx_word' id='word_1_720' title='bbox 2388 4966 2473 5014; x_wconf 87' lang='lat' dir='ltr'><strong>est</strong></span> <span class='ocrx_word' id='word_1_721' title='bbox 2513 4972 2662 5022; x_wconf 84' lang='lat' dir='ltr'><strong>usus,</strong></span> <span class='ocrx_word' id='word_1_722' title='bbox 2697 4966 2757 5012; x_wconf 88' lang='lat' dir='ltr'><strong>ut</strong></span> <span class='ocrx_word' id='word_1_723' title='bbox 2785 4956 3010 5028; x_wconf 81' lang='lat' dir='ltr'><strong>legalem</strong></span> <span class='ocrx_word' id='word_1_724' title='bbox 3050 4954 3254 5009; x_wconf 86' lang='lat' dir='ltr'><strong>cultum</strong></span> <span class='ocrx_word' id='word_1_725' title='bbox 3296 4952 3406 5021; x_wconf 77' lang='lat' dir='ltr'><strong>jam</strong></span> <span class='ocrx_word' id='word_1_726' title='bbox 3437 4949 3700 5018; x_wconf 72' lang='lat' dir='ltr'><strong>reiectum</strong></span> 
     </span>
    </p>
   </div>
   <div class='ocr_carea' id='block_1_108' title="bbox 2125 5052 2455 5108">
    <p class='ocr_par' dir='ltr' id='par_1_108' title="bbox 2125 5052 2455 5108">
     <span class='ocr_line' id='line_1_108' title="bbox 2125 5052 2455 5108; baseline 0 -3"><span class='ocrx_word' id='word_1_727' title='bbox 2125 5052 2455 5108; x_wconf 84' lang='lat' dir='ltr'><strong>ostenderet.</strong></span> 
     </span>
    </p>
   </div>
   <div class='ocr_carea' id='block_1_109' title="bbox 2198 5129 3699 5203">
    <p class='ocr_par' dir='ltr' id='par_1_109' title="bbox 2198 5129 3699 5203">
     <span class='ocr_line' id='line_1_109' title="bbox 2198 5129 3699 5203; baseline -0.009 -8"><span class='ocrx_word' id='word_1_728' title='bbox 2198 5141 2260 5197; x_wconf 76' lang='grc' dir='ltr'>ν.</span> <span class='ocrx_word' id='word_1_729' title='bbox 2292 5144 2378 5198; x_wconf 74' lang='grc'><strong>55.</strong></span> <span class='ocrx_word' id='word_1_730' title='bbox 2415 5162 2432 5196; x_wconf 88' lang='grc' dir='ltr'><strong>ι</strong></span> <span class='ocrx_word' id='word_1_731' title='bbox 2471 5142 2613 5197; x_wconf 87' lang='lat' dir='ltr'><strong>Dans</strong></span> <span class='ocrx_word' id='word_1_732' title='bbox 2643 5142 2802 5197; x_wconf 84' lang='lat' dir='ltr'><strong>dabo.</strong></span> <span class='ocrx_word' id='word_1_733' title='bbox 2854 5159 2871 5191; x_wconf 75' lang='grc' dir='ltr'><strong>ι</strong></span> <span class='ocrx_word' id='word_1_734' title='bbox 2920 5137 3203 5194; x_wconf 86' lang='lat' dir='ltr'><strong>Doctriuas</strong></span> <span class='ocrx_word' id='word_1_735' title='bbox 3241 5150 3362 5203; x_wconf 70' lang='lat' dir='ltr'><strong>quae</strong></span> <span class='ocrx_word' id='word_1_736' title='bbox 3400 5145 3496 5201; x_wconf 85' lang='lat' dir='ltr'><strong>per</strong></span> <span class='ocrx_word' id='word_1_737' title='bbox 3538 5129 3699 5201; x_wconf 61' lang='lat' dir='ltr'><strong>spirio</strong></span> 
     </span>
    </p>
   </div>
   <div class='ocr_carea' id='block_1_110' title="bbox 2122 5237 2660 5292">
    <p class='ocr_par' dir='ltr' id='par_1_110' title="bbox 2122 5237 2660 5292">
     <span class='ocr_line' id='line_1_110' title="bbox 2122 5237 2660 5292; baseline -0.007 0"><span class='ocrx_word' id='word_1_738' title='bbox 2122 5246 2237 5292; x_wconf 90' lang='lat' dir='ltr'><strong>tum</strong></span> <span class='ocrx_word' id='word_1_739' title='bbox 2279 5237 2486 5291; x_wconf 68' lang='lat' dir='ltr'><strong>traditae</strong></span> <span class='ocrx_word' id='word_1_740' title='bbox 2512 5244 2660 5291; x_wconf 87' lang='lat' dir='ltr'><strong>sunt.</strong></span> 
     </span>
    </p>
   </div>
   <div class='ocr_carea' id='block_1_111' title="bbox 2193 5316 3695 5388">
    <p class='ocr_par' dir='ltr' id='par_1_111' title="bbox 2193 5316 3695 5388">
     <span class='ocr_line' id='line_1_111' title="bbox 2193 5316 3695 5388; baseline -0.009 -5"><span class='ocrx_word' id='word_1_741' title='bbox 2193 5329 2257 5384; x_wconf 86' lang='lat' dir='ltr'><strong>V.</strong></span> <span class='ocrx_word' id='word_1_742' title='bbox 2296 5330 2385 5384; x_wconf 65' lang='grc'><strong>54.</strong></span> <span class='ocrx_word' id='word_1_743' title='bbox 2422 5345 2441 5379; x_wconf 84' lang='grc' dir='ltr'><strong>ι</strong></span> <span class='ocrx_word' id='word_1_744' title='bbox 2474 5329 2528 5383; x_wconf 80' lang='lat' dir='ltr'><strong>Si</strong></span> <span class='ocrx_word' id='word_1_745' title='bbox 2560 5329 2830 5385; x_wconf 84' lang='lat' dir='ltr'><strong>elevatum</strong></span> <span class='ocrx_word' id='word_1_746' title='bbox 2876 5323 3058 5379; x_wconf 83' lang='lat' dir='ltr'><strong>fuerit.</strong></span> <span class='ocrx_word' id='word_1_747' title='bbox 3091 5341 3107 5373; x_wconf 78' lang='grc' dir='ltr'><strong>ι</strong></span> <span class='ocrx_word' id='word_1_748' title='bbox 3144 5321 3316 5383; x_wconf 89' lang='lat' dir='ltr'><strong>Sicut,</strong></span> <span class='ocrx_word' id='word_1_749' title='bbox 3349 5318 3543 5388; x_wconf 85' lang='lat' dir='ltr'><strong>inquit.</strong></span> <span class='ocrx_word' id='word_1_750' title='bbox 3584 5316 3695 5371; x_wconf 80' lang='lat' dir='ltr'><strong>ﬁeri</strong></span> 
     </span>
    </p>
   </div>
   <div class='ocr_carea' id='block_1_112' title="bbox 2123 5411 3693 5491">
    <p class='ocr_par' dir='ltr' id='par_1_112' title="bbox 2123 5411 3693 5491">
     <span class='ocr_line' id='line_1_112' title="bbox 2123 5411 3693 5491; baseline -0.01 -15"><span class='ocrx_word' id='word_1_751' title='bbox 2123 5437 2231 5476; x_wconf 89' lang='lat' dir='ltr'><strong>non</strong></span> <span class='ocrx_word' id='word_1_752' title='bbox 2275 5428 2455 5491; x_wconf 87' lang='lat' dir='ltr'><strong>potest</strong></span> <span class='ocrx_word' id='word_1_753' title='bbox 2503 5428 2563 5474; x_wconf 87' lang='lat' dir='ltr'><strong>ut</strong></span> <span class='ocrx_word' id='word_1_754' title='bbox 2604 5419 2801 5474; x_wconf 71' lang='lat' dir='ltr'><strong>caelum</strong></span> <span class='ocrx_word' id='word_1_755' title='bbox 2853 5414 3105 5484; x_wconf 82' lang='lat' dir='ltr'><strong>superius</strong></span> <span class='ocrx_word' id='word_1_756' title='bbox 3142 5411 3370 5477; x_wconf 83' lang='lat' dir='ltr'><strong>elevari,</strong></span> <span class='ocrx_word' id='word_1_757' title='bbox 3405 5421 3499 5465; x_wconf 86' lang='lat' dir='ltr'><strong>aut</strong></span> <span class='ocrx_word' id='word_1_758' title='bbox 3547 5419 3693 5463; x_wconf 84' lang='lat' dir='ltr'><strong>terra</strong></span> 
     </span>
    </p>
   </div>
   <div class='ocr_carea' id='block_1_113' title="bbox 2124 5502 3696 5584">
    <p class='ocr_par' dir='ltr' id='par_1_113' title="bbox 2124 5502 3696 5584">
     <span class='ocr_line' id='line_1_113' title="bbox 2124 5502 3696 5584; baseline -0.01 -15"><span class='ocrx_word' id='word_1_759' title='bbox 2124 5521 2311 5584; x_wconf 90' lang='lat' dir='ltr'><strong>pcterc</strong></span> <span class='ocrx_word' id='word_1_760' title='bbox 2342 5512 2598 5568; x_wconf 82' lang='lat' dir='ltr'><strong>inferiora</strong></span> <span class='ocrx_word' id='word_1_761' title='bbox 2634 5508 2843 5581; x_wconf 80' lang='lat' dir='ltr'><strong>possit;</strong></span> <span class='ocrx_word' id='word_1_762' title='bbox 2894 5507 2971 5562; x_wconf 81' lang='lat' dir='ltr'><strong>sic</strong></span> <span class='ocrx_word' id='word_1_763' title='bbox 3003 5505 3117 5560; x_wconf 82' lang='lat' dir='ltr'><strong>ﬁeri</strong></span> <span class='ocrx_word' id='word_1_764' title='bbox 3146 5505 3334 5574; x_wconf 89' lang='lat' dir='ltr'><strong>nequit</strong></span> <span class='ocrx_word' id='word_1_765' title='bbox 3366 5502 3696 5575; x_wconf 76' lang='lat' dir='ltr'><strong>ut,rejieiam</strong></span> 
     </span>
    </p>
   </div>
   <div class='ocr_carea' id='block_1_114' title="bbox 518 5680 3235 5757">
    <p class='ocr_par' dir='ltr' id='par_1_114' title="bbox 518 5680 3235 5757">
     <span class='ocr_line' id='line_1_114' title="bbox 518 5680 3235 5757; baseline 0.001 -19"><span class='ocrx_word' id='word_1_766' title='bbox 518 5685 636 5717; x_wconf 59' lang='grc' dir='ltr'><strong>’ωδ</strong></span> <span class='ocrx_word' id='word_1_767' title='bbox 666 5683 986 5757; x_wconf 75' lang='lat' dir='ltr'><strong>Matth.xn,</strong></span> <span class='ocrx_word' id='word_1_768' title='bbox 1015 5686 1069 5741; x_wconf 84' lang='lat'><strong>9..</strong></span> <span class='ocrx_word' id='word_1_769' title='bbox 1150 5688 1193 5720; x_wconf 82' lang='lat'><strong><em>“</em></strong></span> <span class='ocrx_word' id='word_1_770' title='bbox 1224 5680 1412 5742; x_wconf 74' lang='lat' dir='ltr'><strong>Matth.</strong></span> <span class='ocrx_word' id='word_1_771' title='bbox 1452 5704 1569 5757; x_wconf 77' lang='lat' dir='ltr'><strong>xm,</strong></span> <span class='ocrx_word' id='word_1_772' title='bbox 1601 5690 1690 5745; x_wconf 72' lang='grc'><strong>23.</strong></span> <span class='ocrx_word' id='word_1_773' title='bbox 1767 5690 1987 5747; x_wconf 75' lang='lat' dir='ltr'><strong>&quot;Rom.</strong></span> <span class='ocrx_word' id='word_1_774' title='bbox 2021 5689 2171 5757; x_wconf 73' lang='lat'><strong>1,26.</strong></span> <span class='ocrx_word' id='word_1_775' title='bbox 2246 5693 2291 5724; x_wconf 79' lang='grc'><strong>’⁷</strong></span> <span class='ocrx_word' id='word_1_776' title='bbox 2330 5692 2487 5748; x_wconf 81' lang='lat' dir='ltr'><strong>Rom.</strong></span> <span class='ocrx_word' id='word_1_777' title='bbox 2521 5708 2573 5757; x_wconf 82' lang='grc' dir='ltr'><strong>ν,</strong></span> <span class='ocrx_word' id='word_1_778' title='bbox 2605 5690 2687 5745; x_wconf 73' lang='lat' dir='ltr'><strong>l2.</strong></span> <span class='ocrx_word' id='word_1_779' title='bbox 2756 5689 2799 5719; x_wconf 78' lang='lat'><strong>&quot;</strong></span> <span class='ocrx_word' id='word_1_780' title='bbox 2839 5687 3001 5744; x_wconf 87' lang='lat' dir='ltr'><strong>llebr.</strong></span> <span class='ocrx_word' id='word_1_781' title='bbox 3042 5702 3152 5751; x_wconf 83' lang='lat' dir='ltr'><strong>vut,</strong></span> <span class='ocrx_word' id='word_1_782' title='bbox 3180 5687 3235 5741; x_wconf 87' lang='lat'><strong>8.</strong></span> 
     </span>
    </p>
   </div>
  </div>
