4122 6210
462 272 572 339 lifﬂ

1611 266 2076 327 FRAGMENTA
2112 264 2196 325 IN
2236 262 2655 325 JEREMIAM.

3620 246 3729 324 698

465 387 555 445 διὰ
588 388 690 461 τῆς
717 386 966 450 παιδείας
997 381 1449 456 προσκαλούμενα
1487 381 1686 445 αὐτοὺς
1726 383 1805 445 είς
1831 379 2037 453 διόρθω-

2153 379 2435 434 molestias
2473 396 2488 432 :
2546 393 2670 447 quae
2712 374 3012 433 erudiendo
3067 388 3164 431 eos
3215 346 3304 430 ad‘
3333 372 3728 430 correctionem

468 499 576 536 σιν.

541 591 563 626 σ
598 572 712 627 Ούκ
747 570 902 625 ἔσται
934 568 1086 640 αύτῷ
1129 566 1445 639 καθήμενος
1472 562 1565 620 ἐπὶ
1605 564 1818 635 θρόνου.
1868 582 1886 614 ι
1909 542 2047 617 ⁸Καὶ.

464 664 723 737 ἀνωτέρω
764 665 863 736 μὲν
897 662 1163 734 ἠπείλησε
1198 661 1276 732 τῷ
1310 658 1568 728 ἰωακείμ
1595 673 1608 687 ·
1644 656 1850 725 Ταφὴν
1899 656 2045 709 ὄνου

463 758 834 828 ταφήσεταιο
870 759 964 811 καὶ
994 755 1090 810 νῦν
1117 755 1172 809 δὲ
1211 754 1361 825 αὐτῷ
1392 753 1629 817 ἀπειλεῖ,
1660 752 1742 805 ὅτι
1778 749 1868 805 τὸν
1910 749 2046 822 χάρ-

463 869 564 924 την
602 852 965 906 κατέκαυσεν,

540 964 560 996 ‹
619 945 733 997 Kal.
794 940 1208 1016 προσετέθησαν
1275 939 1427 1009 αύτῷ
1494 937 1641 1007 λόγοι
1701 935 1969 997 πλείονες.
2021 951 2041 984 ι

476 1034 695 1108 Ἐπειδὴ
735 1033 990 1105 δνόμισεν
1020 1032 1050 1085 ό
1093 1031 1351 1101 Ἰωακεὶμ
1395 1028 1741 1098 ὲξαφανίζειν
1773 1025 2047 1098 τὴνπρο-

464 1126 697 1196 φητείαν
747 1124 837 1180 διὰ
892 1124 987 1189 τοῦ
1040 1121 1373 1194 ζμπρησμοῦ
1397 1121 1494 1175 τοῦ
1545 1118 1782 1191 βιϐλίου,
1836 1114 2047 1170 κελεύει

435 1214 600 1281 ’Θεὸς
644 1216 743 1272 καὶ
788 1215 865 1272 τά
887 1216 1080 1288 πρῶτα
1131 1213 1434 1288 γραφῆναι,
1467 1213 1584 1285 ικαὶ
1626 1211 1793 1282 ἔτερα
1822 1205 2049 1279 προστί-

467 1308 616 1381 θηοι.

1033 1400 1282 1462 ΚΕΦΔΛ.
1324 1395 1448 1452 ΛΖ’.

540 1508 561 1543 ε
605 1490 715 1545 Καὶ
769 1489 866 1545 ἐὰν
906 1490 1208 1561 πατάξητε.
1242 1510 1263 1544 ι
1302 1488 1421 1561 Οὐχ
1477 1488 1562 1542 ὅτι
1594 1486 1755 1540 τοῦτο
1794 1486 2043 1556 γέγονεν,

460 1579 577 1635 ἀλλ’
602 1582 669 1635 ὲκ
693 1581 1006 1653 δειγμάτων
1049 1583 1233 1645 αὐτοῖς
1263 1581 1364 1652 τὴν
1418 1579 1660 1649 παντελῆ
1697 1579 2045 1633 ἀνελπιστίαν

458 1670 553 1725 τοῦ
576 1670 871 1745 δυνηθῆναι
896 1674 1184 1742 διαφυγεῖν
1214 1672 1491 1743 προλέγει.

2147 470 2391 525 trahunt.

2221 557 2282 611 V.
2318 558 2408 613 50.
2451 575 2471 609 ι
2506 556 2624 611 Non
2657 556 2762 611 erit
2787 556 2837 612 ei
2867 555 3065 610 sedens
3116 569 3281 623 super
3310 554 3573 609 thronum
3620 550 3727 607 Da-

2147 653 2258 708 vid.
2310 670 2328 702 ι
2371 651 2436 705 Et
2461 665 2624 719 supra
2644 649 2863 718 quidem
2891 647 3129 701 minatus
3156 654 3239 699 est
3254 644 3461 699 Joacim
3489 661 3504 698 :
3536 642 3729 715 Sepul-

2150 753 2271 796 tura
2308 740 2446 794 asini
2468 738 2748 809 sepelietur
2778 737 2931 803 ”;et
2966 749 3117 788 nunc
3146 746 3339 785 rursus
3370 730 3444 784 illi
3462 730 3725 797 minatur,

2148 833 2295 905 quod
2329 831 2585 886 volumen
2608 829 2720 900 igni
2750 827 3055 883 tradiderit.

2218 921 2283 976 ν.
2308 921 2397 976 52.
2445 939 2464 972 ι
2487 920 2557 974 Et
2576 928 2844 990 praeterea
2872 916 3040 972 additi
3065 920 3197 969 sunt
3258 924 3544 966 sermones
3600 912 3726 981 plu-

2147 1028 2256 1073 res.
2302 1030 2321 1063 ι
2361 1010 2498 1079 Quia
2521 1009 2728 1065 Joacim
2758 1009 3056 1064 arbitratus
3085 1015 3190 1073 est,
3244 1003 3541 1061 combusto
3567 1007 3728 1062 volu-

2150 1108 2297 1163 mine
2328 1105 2672 1178 prophetiam
2694 1105 3006 1170 evanuisse,
3057 1105 3215 1175 jubet
3245 1104 3410 1170 Deus,
3442 1113 3502 1160 et
3549 1104 3728 1176 prima

2146 1198 2332 1266 scribi,
2375 1207 2430 1254 et
2457 1198 2682 1269 insuper
2706 1198 2829 1253 addi
2869 1198 2995 1252 alia.

2707 1376 2859 1434 CAP.
2897 1377 3160 1435 XXXVII.

2215 1471 2279 1527 V.
2309 1456 2422 1528 9.}
2463 1470 2530 1526 Et
2555 1469 2600 1527 si
2632 1471 3039 1541 percusseritis.
3073 1490 3092 1521 ι
3148 1470 3269 1525 Non
3311 1469 3457 1540 quod
3488 1470 3563 1524 ita
3619 1470 3725 1524 hoc
3832 1544 3839 1550 ψ

2144 1561 2331 1633 fuerit,
2362 1564 2457 1620 sed
2495 1578 2594 1634 per
2631 1563 2878 1633 exempla
2909 1563 3016 1618 illis
3044 1562 3310 1633 prtedicit,
3338 1562 3545 1616 nullam
3600 1576 3725 1617 esse

2144 1672 2296 1728 spem
2329 1655 2616 1712 evadendi.

533 1782 555 1817 ε
583 1741 1000 1837 Τοῦνάγοράσαι
1058 1767 1195 1819 ἐκεῖ.
1245 1741 1269 1815 ι-
1321 1765 1391 1817 Ἢ
1439 1762 1711 1835 ἀγοράσαι
1748 1760 1913 1817 τόπον
1963 1764 2037 1828 είς

2218 1741 2278 1804 ν.
2311 1749 2397 1804 ll.
2437 1768 2456 1801 ι
2494 1747 2564 1803 Ut
2595 1755 2802 1803 emeret
2843 1746 2989 1801 inde.
3028 1765 3045 1797 ι
3082 1745 3180 1801 Vel
3213 1754 3272 1799 ut
3302 1751 3515 1799 emeret
3545 1743 3722 1801 locum

456 1853 711 1926 οἴκησιν,
743 1856 778 1927 ἢ
812 1856 1085 1928 ἀγοράσαι
1140 1855 1267 1911 ἀντὶ
1306 1856 1422 1920 τοῦ,
1458 1854 1756 1924 ἀγοράσαι,
1810 1856 1906 1908 καὶ
1946 1856 2038 1908 ἐπὶ

456 1944 555 2016 τῆς
585 1946 792 2018 ἀγορᾶς
818 1947 1202 2019 προφητεῦσαι
1221 1964 1237 1978 ο
1268 1947 1301 2018 ἢ
1331 1947 1493 2000 κάκεῖ
1515 1943 2038 2016 παρακινδυνεῦσαι,

455 2034 553 2089 καὶ
579 2037 692 2100 τοῖς
724 2038 949 2102 οἰκείοις
978 2038 1248 2103 κινδύνοις
1286 2037 1601 2110 ὠνήσασθαι
1631 2036 1730 2108 τὴν
1765 2038 2039 2108 σωτηρίαν

457 2125 568 2181 τῶν
597 2126 948 2200 σωζομένων.

533 2235 555 2272 ι
605 2218 828 2274 Πεσέτω
874 2220 937 2274 τὸ
1000 2220 1170 2285 ἔλεος.
1206 2239 1226 2274 ι
1268 2224 1394 2275 Ὀτι
1448 2220 1615 2276 Γενοῦ
1670 2220 1920 2292 ἐλεήμων
1957 2223 2037 2285 εἰς

456 2309 559 2381 ﬁt“

453 2507 548 2547 τον
566 2491 769 2559 ἔξωθεν
798 2495 893 2550 τοῦ
919 2498 1253 2568 πεττομένου
1286 2500 1400 2561 τοῖς
1436 2497 1766 2569 ἐλευθέροις,
1788 2498 1876 2551 ἵνα
1905 2497 2036 2569 εἴπῃ

453 2582 548 2641 τὸν
571 2587 687 2650 τοῖς
705 2587 945 2654 οικέταις
972 2589 1372 2659 παρεχόμενον,
1415 2588 1448 2660 ή
1482 2590 1578 2644 καὶ
1614 2590 1726 2651 τοῖς
1754 2589 1912 2642 κυσίν
1936 2605 1948 2619 ·
1999 2587 2037 2659 ἢ

452 2674 642 2747 ἐπειδὴ
674 2679 916 2734 σιτοδεία
946 2674 1016 2750 ἦν
1044 2679 1121 2742 ὡς
1150 2674 1208 2733 έν
1241 2679 1318 2750 τῷ
1365 2679 1614 2750 πολέμῳ,
1658 2680 1754 2734 καὶ
1802 2680 2033 2745 ἕκαστος

452 2766 688 2837 φανερόν
738 2784 795 2820 τι
840 2767 1168 2838 ἐλάμϐανεν,
1218 2768 1393 2839 λάθρα
1442 2769 1691 2840 ἔπεμπεν
1719 2772 1746 2824 6
1777 2768 2032 2838 βασιλεὺς

450 2856 531 2928 τῷ
555 2859 833 2932 προφήτῃ,
862 2860 948 2915 ἵνα
994 2862 1068 2933 μή
1096 2880 1181 2928 τις
1213 2862 1365 2933 αύτῷ
1406 2862 1647 2934 συντύχῃ
1668 2878 1691 2894 θ’
1733 2861 2034 2932 ἐφοϐοῦντο

452 2946 562 3019 γὰρ
582 2948 682 3021 τήν
712 2949 881 3005 αὑτοῦ
904 2951 1280 3008 διδασκαλίαν.

1022 3150 1276 3207 ΚΕΦΔΛ.
1311 3152 1443 3205 AH'.

523 3256 544 3291 ι
572 3237 697 3293 Ὀτι
746 3239 847 3294 ούκ
879 3240 1111 3311 ήδύνατο
1164 3244 1193 3295 6
1248 3242 1511 3313 βασιλεὺς
1561 3243 1698 3315 πρὸς
1749 3242 1968 3306 αύτούς.
2010 3263 2030 3297 ι

462 3330 607 3385 Ἀντί
649 3331 769 3398 τοῦ,
807 3332 1065 3404 κερδᾶναι
1110 3335 1212 3405 τήν
1251 3334 1429 3408 ψυχὴν
1482 3335 1672 3389 αὑτοῦ.
1721 3335 1890 3407 Δῆλος
1941 3330 2035 3389 οὖν

448 3423 566 3477 ἑστι
598 3422 772 3478 θέλων
805 3425 882 3497 μὴ
917 3428 1274 3499 ἀναιρεθῆναι
1311 3429 1404 3481 τὸν
1447 3428 1761 3499 προφήτην,
1797 3427 1875 3490 ὡς
1912 3426 2035 3480 οὐδὲ

450 3514 684 3581 Πιλάτος
711 3517 807 3571 τὸν
839 3520 1136 3601 προφητῶν
1163 3520 1368 3591 Κύριον
1406 3517 1633 3591 Ἰησοῦν.

529 3627 550 3660 ι
580 3610 694 3663 Καὶ
719 3610 995 3680 ὲχάλασαν
1024 3611 1188 3665 αὑτὸν
1238 3613 1320 3675 είς
1357 3612 1451 3664 τὸν
1479 3612 1701 3666 λάκκον.
1744 3628 1763 3661 ι
1815 3610 2034 3663 Γίνεται

450 3694 622 3759 τύπος
651 3699 681 3751 6
712 3700 998 3769 προφήτης
1016 3699 1113 3753 τοῦ
1140 3700 1280 3753 κατὰ
1311 3700 1550 3771 Χριστὸν
1583 3700 1910 3770 μυστηρίου,
1938 3698 2034 3752 τοῦ

449 3784 737 3855 δεδομένου
800 3788 900 3858 μιν
923 3791 1008 3852 είς
1053 3791 1243 3861 χεῖρας
1299 3790 1571 3844 Ἰουδαίων
1625 3791 1729 3845 ὑπὸ
1770 3790 2031 3858 Πιλάτου,

451 3876 806 3943 κατελθόντος
833 3878 891 3934 δὲ
920 3880 1057 3952 πρὸς
1097 3882 1190 3936 τὸν
1221 3882 1540 3953 δυσώνυμον
1577 3884 1672 3936 καὶ
1703 3882 2034 3954 ἀηδέστατον

450 3966 604 4039 ᾅδην,
624 3970 722 4023 καὶ
751 3971 817 4023 ὲκ
833 3971 945 4026 τῶν
974 3973 1186 4044 νεκρῶν
1222 3974 1554 4037 ἀναστάντος
1573 3991 1587 4005 ·
1632 3974 1822 4046 ὥσπερ
1844 3976 2036 4045 ἀμέλει

450 4060 546 4112 καὶ
572 4061 601 4113 6
635 4062 924 4133 προφήτης
949 4064 1016 4118 ἐκ
1050 4064 1146 4118 τοῦ
1171 4063 1377 4119 λάκκου
1407 4065 1571 4119 πάλιν
1590 4065 1757 4137 ἀνέϐη
1788 4081 1801 4096 ο
1832 4064 2035 4121 λάκκον

448 4151 507 4205 δι
528 4154 562 4224 ή
590 4153 782 4225 Γραφή
816 4154 1089 4226 πολλαχοῦ
1123 4157 1215 4210 τὸν
1240 4158 1375 4230 ᾅδην
1396 4158 1573 4213 καλεῖ.

463 4262 469 4269 ·
524 4261 545 4296 r
590 4243 975 4316 Ἐπονηρεύσω
1002 4245 1040 4301 ἃ
1080 4246 1398 4318 ἐποίησας.»
1445 4244 2035 4318 ἈϐδεμελὲχὸᾹίθίοψ

450 4332 774 4406 βουλόμενος
803 4337 977 4392 σῶσαι
1003 4337 1096 4391 τὸν
1132 4337 1407 4410 Ἰερεμίαν
1446 4338 1724 4410 μέμφεται
1757 4338 1837 4410 τῷ
1871 4337 2031 4410 βασιλ-

528 2403 703 2508 «.Ῑξαέ
733 2404 1043 2471 συνέταξεν.
1074 2425 1094 2458 ι
1131 2404 1307 2460 Τοῦτο
1337 2406 1506 2475 λέγει,
1542 2408 1623 2461 ὅτι
1651 2404 1897 2475 ῥυπαρὸν
1938 2406 2071 2508 ἄρ·ὶ

2143 1841 2211 1896 ad
2239 1841 2617 1906 habitandum,
2642 1840 2726 1895 vel
2753 1855 2850 1909 pro
2886 1854 2951 1893 eo
2984 1838 3127 1908 quod
3156 1846 3257 1902 est,
3287 1837 3616 1907 prophetare
3667 1835 3723 1889 in

2144 1932 2294 1999 foro;
2316 1932 2401 1988 vel
2434 1932 2597 1987 etiam
2630 1931 2704 1986 ibi
2733 1931 3035 2002 perieulum
3075 1930 3306 1995 subiret,
3340 1938 3394 1984 et
3423 1928 3537 1985 suis
3574 1928 3723 2000 peri-

2143 2025 2281 2079 culis
2309 2024 2539 2080 salutem
2564 2033 2773 2080 emeret
2794 2023 3199 2079 salvandorum.

2216 2216 2280 2272 V.
2310 2218 2395 2274 l9.
2434 2237 2453 2269 ι
2482 2217 2680 2273 Veniat
2700 2217 3097 2272 misericordia.
3154 2235 3173 2268 ι
3213 2215 3271 2272 ld
3293 2226 3379 2272 est
3411 2217 3722 2273 misericors

2142 2309 2198 2363 in
2235 2325 2323 2365 me
2352 2310 2450 2365 sis.
3553 2348 3565 2361 ο

2213 2397 2278 2451 V.
2305 2400 2393 2454 20.
2438 2418 2457 2451 ι
2490 2400 2554 2454 Et
2594 2400 2874 2469 prmcepit.
2918 2418 2936 2450 ι
2964 2397 3077 2453 Hoc
3104 2398 3201 2465 ait,
3224 2400 3367 2467 quod
3401 2414 3598 2469 panem
3627 2402 3725 2456 da-

2138 2493 2272 2550 bant
2303 2494 2605 2559 sordidum.
2634 2511 2745 2550 non
2782 2495 2930 2549 illum
2983 2494 3077 2565 qui
3125 2493 3485 2549 nobilioribus
3517 2512 3721 2565 eoque-

2137 2581 2319 2637 batur.
2358 2581 2521 2648 Quasi
2554 2582 2799 2647 diceret,
2835 2598 2959 2637 cum
2990 2584 3085 2654 qui
3132 2574 3349 2639 faiu'ulis
3380 2586 3460 2639 vel
3492 2588 3723 2642 canibus

2138 2672 2549 2744 porrigebatur;
2572 2674 2658 2727 vel
2681 2674 2808 2743 quia
2837 2674 3092 2729 frumenti
3125 2684 3242 2730 erat
3272 2676 3479 2746 inopia,
3506 2687 3560 2730 ut
3585 2682 3722 2732 tem-

2140 2777 2273 2831 pore
2301 2763 2431 2818 belli
2461 2763 2578 2817 fieri
2601 2764 2822 2827 assolet,
2852 2774 2907 2820 et
2941 2768 3316 2837 unusquisque
3355 2777 3561 2822 certam
3590 2786 3723 2839 por-

2139 2853 2345 2909 tionem
2377 2855 2646 2917 sumebat,
2683 2855 2820 2910 clam
2847 2857 3098 2912 mittebat
3157 2860 3441 2929 propheta:
3487 2876 3603 2922 rex,
3652 2877 3724 2915 ne

2137 2943 2260 3014 quis
2299 2959 2424 2999 eum
2453 2944 2859 3015 alloqueretur;
2892 2948 3095 3002 etenim
3125 2950 3245 3020 ejus
3271 2950 3573 3005 doctrinam
3592 2938 3739 3022 per--

2140 3039 2529 3098 timesccbant.
2549 3061 2578 3081 -

2208 3216 2212 3220 Α
2698 3153 2853 3208 CAP.
2879 3153 3173 3209 XXXVI".

2208 3236 2274 3294 ν.
2305 3240 2359 3295 5.
2400 3259 2419 3293 ι
2445 3240 2564 3297 Non
2584 3244 2731 3299 enim
2756 3253 2970 3314 poterat
2986 3260 3086 3300 rex
3120 3246 3385 3301 adversus
3414 3260 3528 3302 eos.
3569 3266 3587 3299 ι
3607 3246 3721 3303 lloc

2136 3338 2255 3397 est,
2287 3331 2409 3400 ejus
2444 3332 2681 3387 animam
2733 3334 2967 3405 eripere.
3043 3336 3271 3391 Constat
3314 3338 3479 3407 igitur
3533 3354 3718 3411 regem

2135 3421 2378 3478 noluisse
2404 3425 2580 3479 occidi
2604 3427 2948 3495 prophetam,
2972 3427 3115 3482 sicut
3140 3444 3319 3498 neque
3345 3429 3550 3484 Pilatus
3578 3446 3709 3501 pro-

2135 3515 2425 3583 phetarum
2462 3515 2751 3570 Dominum
2788 3517 2995 3572 Jesum.

2208 3604 2272 3659 V.
2303 3606 2357 3660 6.
2405 3625 2425 3658 ί
2466 3606 2531 3661 Et
2555 3607 2894 3662 demiserunt
2928 3624 3052 3662 eum
3096 3608 3150 3662 in
3174 3608 3372 3663 laeum.
3405 3627 3424 3660 ι
3458 3609 3544 3664 Fit
3587 3624 3718 3680 pro¢

2136 3696 2302 3766 pheta
2336 3705 2495 3768 typus
2540 3698 2783 3769 mysterii
2815 3714 2923 3767 quo
2950 3698 3201 3753 Christus
3255 3700 3713 3769 praesignabatur,

2136 3784 2229 3854 qui
2259 3785 2485 3841 traditus
2516 3786 2617 3841 fuit
2649 3802 2678 3840 a
2716 3787 2888 3841 Pilato
2923 3787 2977 3841 in
3000 3786 3311 3843 Judzeorum
3344 3805 3539 3843 manus
3570 3806 3587 3846 :
3616 3792 3709 3847 de-

2137 3877 2353 3932 scendit
2383 3892 2515 3933 vero
2547 3879 2599 3932 in
2643 3878 2871 3934 fetidum
2921 3880 3483 3950 molestissimumque
3543 3879 3711 3936 infer:

2136 3982 2293 4033 num,
2322 3970 2737 4040 resurrexitque
2764 3986 2794 4025 e
2829 3971 3098 4033 mortuis;
3141 3971 3282 4025 sicut
3339 3981 3393 4026 et
3443 3973 3717 4041 propheta

2135 4072 2327 4120 rursus
2358 4075 2389 4114 e
2418 4061 2538 4115 lacu
2577 4060 2825 4115 ascendit
2852 4077 2865 4112 :
2910 4061 3087 4114 lacum
3115 4061 3315 4131 quippe
3363 4061 3565 4116 divina:
3596 4061 3715 4116 Lit-

2140 4160 2268 4207 tera:
2299 4152 2484 4207 multis
2501 4153 2555 4206 in
2583 4152 2714 4207 locis
2733 4151 3010 4206 infernum
3039 4160 3259 4206 vocant.

2209 4242 2274 4297 V.
2310 4244 2364 4299 9.
2411 4262 2431 4296 ι
2472 4242 2610 4299 Male
2636 4243 2810 4298 fecisti
2847 4258 2969 4312 qum
3022 4242 3223 4299 fecisti.
3266 4263 3284 4295 ι
3312 4243 3713 4303 Λιιίίθηιοῐεοῐὶ

2136 4334 2392 4407 Ᾱῖιὶιίορε
2444 4351 2666 4392 servare
2727 4336 2919 4391 volens
2975 4334 3303 4401 Jeremiam,
3361 4336 3717 4406 reprehendit

449 4425 534 4479 λεί
550 4425 757 4496 λέγων·
791 4428 865 4482 οὐ
908 4429 1091 4499 καλῶς
1128 4429 1441 4485 ἐϐουλεύσω
1467 4432 1789 4485 ἀποκτεῖναι
1820 4431 1912 4485 τδν
1941 4430 2028 4485 ἄν·

2141 4442 2339 4498 regem,
2364 4426 2617 4507 inquiens
2662 4443 2676 4480 :
2714 4427 2851 4507 Non
2911 4427 3119 4482 bonum
3172 4426 3344 4481 iniisti
3401 4426 3721 4492 consilium,

450 4512 553 4584 δρα
594 4516 653 4568 ιν
684 4516 1008 4589 τῷιλάκκῳ.
1048 4518 1196 4571 Ἔδει
1228 4518 1336 4590 γὰρ
1381 4516 1565 4584 αὑτὸν,
1616 4519 1711 4573 τὸν
1757 4518 2031 4574 οἴκτιστον

456 4605 554 4658 σὺν
584 4605 715 4675 ήμίν
744 4605 1037 4677 ὑπομείναι
1058 4607 1289 4663 θάνατον
1317 4608 1407 4662 τὸν
1428 4607 1519 4664 διὰ
1544 4608 1638 4662 τοῦ
1670 4608 1857 4680 λιμοῦ.

527 4800 551 4836 ε
587 4784 664 4857 Ζῇ
691 4783 916 4870 Κύριος.
952 4802 972 4837 ι
1010 4786 1245 4857 Σημεῖόν
1276 4785 1371 4840 καὶ
1407 4784 1676 4852 ἐντεῦθεν,
1705 4785 1788 4840 ὅτι
1832 4782 2027 4854 κτιστὴ
2076 4828 2083 4836 .

457 4873 487 4946 ἡ
775 4967 935 5039 λόγον
982 4968 1110 5041 ἔχω.
1159 4988 1180 5023 ι
1239 4970 1362 5026 Τῶν
1402 4968 1673 5024 Ἰουδαίων
1712 4969 1858 5033 τινὲς
1896 4970 2033 5041 πρὸς

451 5058 579 5123 τοὺς
598 5059 903 5126 Χαλδαίους
922 5060 1421 5133 αὐτομολήσαντες,
1444 5053 1803 5131 ὑπισχνοῦντο
1830 5059 1908 5132 τῷ
1930 5062 2033 5114 Σε-

452 5147 628 5221 δεκία,
682 5150 758 5221 μὴ
795 5152 1174 5224 συγχωρήσειν
1223 5153 1350 5218 τοὺς
1404 5152 1700 5223 πολεμίους
1750 5151 2035 5206 συλλαϐεῖν

454 5239 652 5296 αὐτόν’
686 5241 783 5295 καὶ
814 5242 1066 5297 ἐπείθετο
1097 5244 1299 5315 μᾶλλον
1324 5243 1554 5311 τούτοις,
1585 5243 1619 5315 ή
1653 5242 1773 5315 Θεῷ
1795 5243 2029 5314 λέγοντι,

454 5328 568 5384 δεῖν
612 5330 977 5404 ἀκολουθῆσαι
1020 5332 1100 5405 τῷ
1150 5331 1501 5406 Βαϐυλωνίῳ.
1552 5334 1749 5404 Ἔλεγε
1787 5334 1845 5389 δὲ
1874 5335 2033 5389 τοῦτο

456 5419 611 5488 Θεὸς,
663 5419 989 5498 βουλόμενος
1018 5422 1221 5486 αὐτοὺς
1267 5423 1546 5496 σωθῆναι⁸
1578 5426 1627 5479 εί
1677 5425 1788 5496 γὰρ
1832 5422 2033 5494 ἔζησαν

455 5510 926 5587 ἀκολουθήσαντες
942 5510 1023 5583 τῷ
1050 5512 1317 5586 πολεμίῳ,
1347 5514 1567 5584 γνόντες
1595 5515 1687 5572 τὸν
1718 5514 2032 5589 παραδόντα

534 5690 577 5723 ³⁹
610 5689 812 5747 Jerem.
842 5707 987 5761 χχιχ,
1019 5693 1101 5748 l9.

2132 4527 2195 4573 ut
2243 4506 2626 4587 virum’hunc
2679 4506 2734 4572 in
2786 4518 2905 4572 lacu
2959 4518 3319 4585 interficeres,
3342 4533 3467 4573 cum
3494 4518 3575 4572 illi
3605 4534 3714 4575 una

2132 4607 2423 4663 nobiscum
2452 4602 2779 4664 miserrima
2828 4625 2979 4665 mors
3025 4625 3126 4679 per
3186 4608 3387 4665 famem
3428 4609 3717 4666 subeunda

2132 4706 2300 4754 esset.

2201 4786 2266 4843 V.
2300 4788 2417 4843 i6.c
2450 4786 2594 4843 Vivit
2615 4788 2900 4845 Dominus.
2951 4808 2970 4841 ι
3009 4789 3149 4845 Ηίηο
3181 4774 3344 4846 etiam
3370 4788 3714 4859 iudicamus,

2130 4880 2369 4934 animam
2392 4889 2628 4935 creatam
2646 4895 2787 4936 esse.

2202 4971 2268 5027 ν.
2298 4973 2429 5028 19.ὶ
2462 4972 2575 5044 Ego
2596 4972 2863 5028 rationem
2890 4972 3090 5029 habeo.
3134 4990 3154 5025 ι
3192 4968 3425 5036 Quidam
3464 4967 3717 5024 eJudaais

2130 5061 2226 5131 qui
2256 5062 2326 5118 ad
2362 5061 2648 5118 Chaldaeos
2682 5062 3107 5133 transfugerant,
3131 5058 3377 5116 Sedeciae
3423 5057 3713 5129 promitte-

2132 5149 2265 5204 bant
2297 5164 2357 5205 se
2385 5165 2499 5205 non
2546 5151 2915 5221 permissuros
2966 5160 3026 5206 ut
3062 5151 3135 5206 ab
3182 5148 3439 5203 hostibus
3492 5163 3717 5219 capere-

2138 5247 2259 5296 tur:
2311 5240 2592 5311 magisque
2651 5241 2757 5295 illis
2804 5240 3061 5296 eredebat
3104 5252 3271 5309 quam
3326 5239 3446 5295 Deo
3508 5237 3714 5295 dicenti

2141 5340 2402 5403 oportere
2416 5331 2768 5401 Babylonium
2806 5332 2981 5401 sequi.
3018 5331 3135 5386 Hoc
3156 5337 3345 5385 autem
3396 5329 3542 5385 Deus
3569 5329 3716 5385 dice-

2140 5426 2252 5491 bat,
2285 5425 2497 5480 malens
2524 5438 2622 5480 eos
2642 5425 3006 5490 salvos;nam
3066 5423 3114 5478 si
3172 5421 3440 5479 vixissent
3494 5424 3714 5479 hostem

2141 5518 2334 5587 secuti,
2368 5517 2542 5574 Deum
2575 5516 2670 5588 qui
2695 5532 2791 5573 eos
2834 5515 3135 5573 tradiderat
3160 5523 3543 5587 agnoscentes,
3595 5528 3715 5585 pm—
3774 5534 3783 5543 ·
