4122 6210
484 256 599 333 τοι

1585 260 2111 335 OLYMPIODORI
2152 270 2689 336 ALEXANDle

3668 266 3775 336 ’104

426 386 439 397 ’
489 384 549 440 in
581 383 810 440 salutent
840 385 898 439 in
926 383 1072 439 omni
1113 382 1224 438 loco
1254 399 1273 437 :
1323 384 1419 438 sed
1465 396 1591 439 cum
1640 385 1808 441 homo
1845 387 1943 454 sis,
1963 387 2078 443 noli

2193 388 2317 454 μίου
2352 388 2389 442 ὁ
2429 386 2602 453 Θεὸς,
2641 385 2726 439 ὅτι
2766 383 3091 454 Περισὼσω
3139 400 3259 441 σου
3306 384 3423 453 τὴν
3454 382 3671 454 ψυκῆν
3707 386 3778 437 ἐν

491 492 737 546 quaerere
766 484 827 532 ut
851 476 992 533 liber
1018 493 1049 531 a
1076 474 1358 531 doloribus
1405 476 1499 530 sis.
1532 476 1731 533 Doctos
1765 478 1840 533 ait
1870 478 1926 532 in
1962 479 2081 551 lege

420 603 430 615 ο
492 570 564 625 ad
631 569 861 626 honesta
925 584 1153 639 qumque
1219 568 1443 638 largitus
1514 578 1619 624 est.
1698 571 1760 624 ln
1824 570 2080 627 Arabiam

493 663 710 736 fugiens
746 658 1025 727 Sedecias,
1059 662 1115 715 in
1157 676 1277 716 eam
1306 652 1427 732 qutc
1461 657 1608 718 nunc
1638 660 1864 734 Daphne
1891 667 2081 736 appel-

494 753 660 807 latur.

426 802 431 821 Ι
566 840 631 896 ν.
676 842 729 896 5.
784 860 806 894 ι
838 838 908 897 Et
959 851 1017 897 tu
1050 858 1285 913 quaeres.
1321 863 1340 896 ι
1388 843 1505 901 Noli
1547 862 1833 916 quaerere;
1886 863 2081 919 magna

494 935 700 1007 quippe
729 943 787 992 et
810 937 1176 995 admiratione
1205 939 1364 1011 digna
1396 956 1502 995 non
1534 942 1641 1004 hic.
1667 943 1763 997 scd
1805 942 1859 1013 in
1893 942 2080 997 futuro

494 1028 719 1084 saeculo.

1080 1165 1233 1221 CAP.
1302 1166 1487 1221 XLVI.

567 1277 631 1333 ν.
665 1280 722 1334 2.
754 1296 775 1332 ι
810 1277 870 1334 In
897 1278 1170 1336 Charmis.
1209 1299 1227 1331 ι
1262 1281 1405 1337 Urbs
1428 1291 1513 1337 est
1544 1282 1796 1339 Charmis
1832 1285 1886 1339 in
1914 1285 2083 1343 Meso-

496 1368 758 1439 potamia.
1582 1386 1591 1394 ·

496 1500 503 1509 .
564 1459 634 1516 ν.
665 1461 720 1518 5.
761 1479 782 1516 ι
809 1461 1016 1519 Idcirco
1051 1472 1253 1534 pavent
1282 1465 1408 1535 ipsi.
1446 1484 1463 1516 ι
1499 1465 1773 1537 Propheta
1807 1471 1883 1523 ait
1914 1470 2081 1542 Egy-

496 1552 666 1623 ptios,
692 1553 785 1624 qui
828 1555 1167 1624 parabantur
1191 1555 1261 1611 ad
1291 1556 1641 1614 inferendum
1676 1560 1905 1628 bellum,
1933 1562 2081 1632 ipsos

497 1642 618 1700 fere
647 1645 892 1716 pavidos.

2185 480 2365 534 παντὶ
2397 478 2581 546 τόπῳ.
2619 479 2711 549 Μὴ
2734 477 2885 548 ζήτει
2916 477 2996 543 δὲ,
3016 476 3113 530 ἄνθ
3123 495 3304 547 ρωπος
3322 476 3426 542 ὢν,
3450 476 3776 548 ἀπαλλαγῆ-

2183 590 2271 628 ναι
2322 573 2524 628 πόνων.
2568 573 2716 636 Τοὺς
2786 569 3157 643 νομομαθεῖς,
3207 571 3407 639 φησὶν,
3465 572 3547 634 εἰς
3596 560 3776 623 πάντα

2187 667 2363 737 σεμνὰ
2396 651 2715 738 ἐχαρίσατο.
2763 666 2887 719 Ἐπὶ
2933 666 3033 735 τὴν
3077 663 3342 734 Ἀραόἶαν
3387 665 3683 733 φεύγοντες
3727 666 3775 716 οἰ

2183 758 2329 828 ἀμφὶ
2354 759 2451 812 τὸν
2477 742 2731 812 Σεδεκίαν
2749 797 2763 821 ,
2784 759 2864 821 εἰς
2899 756 2997 828 τὴν
3023 756 3118 809 νῦν
3146 756 3498 827 καλουμένην
3529 756 3769 827 Δάφνην.

2259 867 2277 899 ι
2310 850 2419 903 Καὶ
2455 850 2520 903 σὺ
2560 847 2843 920 ζητήσεις.
2880 868 2905 900 ι
2954 847 3049 919 Μὴ
3082 848 3363 921 ζητήσηςο
3422 848 3488 901 τὰ
3520 849 3630 918 γὰρ
3670 865 3778 917 με·

2183 940 2326 1008 γάλα
2354 942 2449 995 καὶ
2498 941 2809 1011 ἀξιάγαστα
2848 940 2949 995 οὑκ
2981 939 3221 995 ἐνταῦθα
3242 982 3256 1010 ,
3289 940 3406 996 ἀλλ’
3442 942 3498 994 ἐν
3526 938 3605 1010 τῷ
3641 940 3775 1011 μὲλ-

2185 1032 2334 1085 λοντι
2359 1032 2538 1086 αἰῶνι.
3012 1031 3020 1038 ’

2744 1167 3002 1221 ΚΕΦΑΛ.
3042 1168 3194 1236 Μετ’.

2260 1296 2278 1329 ι
2323 1278 2411 1332 Ἑν
2444 1280 2711 1350 Χαρμεῐς.
2755 1298 2773 1332 ι
2821 1280 2980 1342 Πόλις
3036 1280 3188 1332 ἐστὶν
3235 1280 3267 1349 ἡ
3314 1280 3535 1350 Χαρμίς
3582 1279 3642 1331 ὲν
3696 1278 3768 1351 τῇ

2183 1369 2608 1442 Μεσοποταμίᾳ.

2260 1478 2279 1513 ι
2316 1458 2415 1514 Διὰ
2471 1458 2633 1513 τοῦτο
2683 1460 2841 1515 αὑτοὶ
2903 1460 3217 1515 ποοῦνται.
3274 1480 3292 1512 ι
3362 1461 3422 1514 '0
3477 1462 3767 1533 προφήτης

2184 1547 2373 1618 φησὶν,
2403 1548 2486 1605 ὅτι
2510 1550 2561 1601 οἰ
2606 1550 3166 1619 παρασκευαζόμενοι
3206 1553 3287 1614 εἰς
3336 1552 3572 1622 πόλεμον
3600 1553 3768 1621 Αἰγύ-

2185 1655 2322 1692 πτου
2354 1638 2466 1711 [ἵσ.
2506 1639 2842 1711 Δίγύπτιοι],
2873 1642 3029 1695 αύτοί
3066 1642 3382 1697 πτοοῠνται.

569 1737 634 1791 ν.
675 1739 729 1794 7.
782 1756 802 1790 ι
838 1738 973 1806 Quis
1002 1748 1088 1796 est
1126 1740 1228 1796 iste
1259 1741 1354 1812 qui
1382 1743 1538 1813 quasi
1564 1743 1809 1799 ﬂumen?
1845 1763 1865 1796 ι
1901 1745 2077 1817 Βοὸγο

2259 1748 2280 1782 ι
2317 1731 2414 1795 Τίς
2445 1724 2602 1796 οὗτος
2633 1732 2709 1796 ὡς
2732 1732 3014 1805 ποταμόςς
3053 1753 3071 1785 ι
3120 1730 3177 1788 '0
3210 1725 3612 1801 Βαϐυλώνιος(

497 1829 698 1887 Ionius.

570 1920 634 1976 ν.
673 1921 760 1978 1ο.
798 1940 822 1974 ι
854 1924 922 1977 Et
946 1921 1063 1978 dies
1093 1923 1203 1978 ille.
1241 1942 1260 1975 ι
1302 1924 1433 1980 Post
1460 1938 1686 1982 sensum
1728 1928 2075 1994 historicum,

494 2012 700 2070 Christi
726 2014 1019 2070 adventum
1053 2015 1296 2086 intellige
1320 2056 1334 2082 ,
1370 2018 1589 2087 quando
1619 2018 1840 2088 penitus
1869 2018 2082 2074 inimici

494 2104 592 2161 Dei
620 2106 897 2163 daemones
934 2105 1161 2161 edomiti
1189 2115 1340 2161 sunt.
1596 2126 1603 2131 σ

564 2216 630 2273 ν.
660 2216 747 2272 ll.
786 2235 806 2269 ι
843 2215 1092 2271 Ascende
1120 2215 1343 2273 Galaad.
1384 2236 1404 2270 ι
1437 2217 1636 2275 Galaad
1662 2219 1833 2292 gignit
1859 2221 2081 2292 quidem

494 2309 754 2375 resinam,
785 2323 907 2379 quae
948 2308 1267 2364 vulneribus
1294 2310 1504 2365 medela
1526 2318 1631 2368 est.
1661 2311 1868 2368 Sensus
1897 2321 2081 2369 autem

493 2401 660 2473 hujus
705 2402 979 2457 sermonis
1025 2410 1147 2457 est:
1199 2401 1400 2458 Galaad
1445 2403 1805 2473 pollicebatur
1831 2404 2081 2476 Egyptio

494 2478 718 2555 auxilia,
750 2500 805 2545 at
842 2491 958 2561 ipsa
986 2491 1164 2561 primo
1184 2501 1341 2561 capta
1360 2498 1463 2547 est.
1495 2492 1628 2558 Quae
1657 2492 1843 2564 igitur,
1876 2494 2078 2565 inquit,

493 2580 615 2637 aliis
643 2582 840 2637 auxilia
879 2583 1171 2653 promittis,
1221 2583 1542 2653 tibimetipsi
1576 2599 1735 2653 opem
1766 2584 1868 2639 fer.
1895 2585 2079 2657 Virgi-

492 2690 621 2730 nem
652 2689 816 2745 porro
861 2683 1022 2730 vocat
1046 2672 1357 2745 Egyptum,
1410 2675 1539 2745 quia
1574 2682 1706 2731 tunc
1736 2676 1972 2745 primum
2012 2677 2082 2732 ab

495 2762 747 2818 hostibus
786 2762 1018 2832 turpiter
1055 2763 1268 2819 devicta
1307 2774 1411 2829 est,
1449 2771 1504 2819 et
1545 2765 1945 2834 quodammodo
1978 2766 2077 2822 de—

493 2850 724 2919 ﬂorata;
771 2850 936 2906 ﬁliam
981 2866 1113 2908 vero
1162 2851 1398 2925 Egypti,
1440 2862 1599 2909 vocat
1641 2854 1921 2927 regionem
1969 2858 2081 2914 cir-

494 2944 882 3015 eumpositam.
1217 2964 1227 2973 ο

2260 1929 2281 1962 ι
2308 1911 2435 1988 ,Καὶ
2463 1912 2497 1983 ὴ
2529 1911 2733 1982 ἡμέρα.
2759 1931 2778 1964 ι
2814 1912 2972 1966 Μετὰ
2996 1913 3095 1983 τὴν
3120 1914 3366 1984 ἱστορίαν
3401 1915 3496 1986 τὴν
3525 1916 3763 1987 Χριστοῦ

2187 2003 2492 2074 παρουσίαν
2515 2001 2646 2066 νόει,
2675 2004 2764 2057 ὅτε
2796 2002 3022 2068 τελείως
3044 2004 3095 2057 οἱ
3130 2004 3318 2075 ἐχθροὶ
3339 2005 3432 2059 τοῦ
3463 2005 3599 2060 Θεοῦ
3626 2023 3764 2060 κατι

2184 2091 2549 2165 ηγορήθησαν,
2567 2092 2848 2163 δαίμονες.

2262 2225 2282 2258 ι
2326 2206 2581 2276 ’Δνάὸηθι
2617 2206 2854 2261 Γαλαὰδ.
2891 2226 2910 2260 ι
2964 2208 3028 2260 ΤΗ
3077 2208 3292 2262 Γαλαὰδ
3333 2207 3446 2277 ἔχει
3492 2206 3593 2277 μὲν
3660 2206 3763 2275 τὴν

2187 2299 2448 2372 ῥητίνην,
2493 2299 2742 2370 ιατρικὴν
2776 2296 2951 2354 οὖσαν
2989 2299 3360 2371 τραυμάτων..
3385 2300 3452 2352 Ὃ
3486 2298 3546 2351 δὲ
3585 2296 3761 2364 λέγει,

2184 2390 2431 2444 τοιοῦτόν
2471 2392 2621 2445 ἐστιν
2640 2407 2654 2421 ο
2703 2391 2767 2445 Ἠ
2798 2391 3017 2445 Γαλαὰδ
3050 2389 3425 2461 ἐπηγγέλλετο
3457 2389 3763 2460 ἐπαμύνειν

2183 2482 2263 2554 τῷ
2277 2482 2570 2554 Αἰγυπτίῳ
2590 2499 2604 2514 ·
2634 2484 2731 2536 καὶ
2759 2481 2902 2554 αῦτη
2923 2482 3114 2554 πρώτη
3146 2482 3312 2536 ἑάλω.
3348 2482 3413 2534 'H
3434 2477 3555 2546 οὖν,
3575 2482 3760 2551 φησιν,

2187 2573 2592 2646 ὑπισχνουμένη
2621 2573 2813 2643 ζᾶλλοις
2847 2573 3085 2645 βοηθεῖν,
3102 2576 3277 2644 σαυτῇ
3305 2572 3593 2645 βοήθησον.
3625 2573 3765 2642 [ἰαρ-

2186 2666 2338 2722 θένον
2370 2666 2428 2719 δὲ
2471 2667 2573 2735 τὴν
2600 2666 2880 2736 Αἴγυπτόν
2912 2683 3097 2736 φησιν,
3138 2666 3215 2728 ὼς
3253 2666 3379 2719 τότε
3411 2665 3629 2737 πρῶτον
3674 2665 3763 2718 αἰ-

2189 2758 2369 2831 σχρῶς
2400 2758 2507 2812 ὑπὸ
2552 2758 2833 2829 πολεμίων
2883 2757 3233 2829 ἡττηθεῖσαν,
3283 2758 3382 2809 καὶ
3415 2756 3491 2819 ὡς
3523 2755 3588 2808 ἂν
3621 2756 3763 2810 εἴποι

2183 2871 2269 2917 τις
2313 2851 2865 2925 διαπαρθενευθεῖσαν
2886 2869 2899 2884 ο
2930 2851 3205 2921 θυγατέρα
3240 2849 3297 2904 δὲ
3339 2849 3642 2919 Αἰγύπτου,
3666 2848 3765 2919 τὴν

2189 2945 2499 3017 περίχωρον
2525 2943 2808 3015 ὀνομάζει.
3784 2932 3803 2940 ⁵

562 3034 633 3091 ν.
691 3036 780 3095 12.
831 3053 851 3089 ι
887 3035 1098 3092 Pariter
1144 3038 1478 3094 ceciderunt.
1522 3058 1541 3090 ι
1596 3041 1819 3096 Nechao
1868 3041 2078 3100 Pharao

2264 3053 2283 3086 ι
2326 3035 2453 3088 Ἐπὶ
2496 3034 2557 3088 τὸ
2599 3033 2732 3090 αὐτὸ
2776 3033 3000 3087 ἔπεσαν.
3038 3052 3058 3085 ι
3100 3032 3159 3087 '0
3193 3032 3394 3104 Νεχαὼ
3429 3030 3632 3103 Φαραὼ
3670 3031 3767 3085 σὺν

494 3145 621 3186 eum
649 3128 913 3193 subditis;
949 3130 1036 3185 vel
1069 3137 1124 3185 et
1153 3129 1351 3187 Galaad
1382 3130 1507 3186 cd'tn
1540 3131 1793 3204 Egypto.

565 3220 630 3278 V.
656 3222 743 3278 l5.
782 3241 802 3274 ι
828 3221 961 3288 Quae
979 3222 1201 3286 locutus,
1219 3234 1302 3279 est
1330 3225 1615 3282 Dominus.
1649 3245 1668 3279 ι
1699 3228 1908 3284 Dicitur
1939 3229 2082 3286 Deus

493 3313 552 3368 in
578 3326 745 3367 manu
777 3312 926 3382 loqui
965 3314 1381 3383 prophetarum,
1425 3316 1685 3386 quoniam
1733 3320 1916 3375 omnia
1958 3337 2081 3391 qua:

494 3401 745 3459 facienda
784 3403 1065 3474 prophetae
1110 3405 1426 3473 audiebant,
1464 3407 1757 3464 faciebant.
1813 3410 1871 3464 In
1915 3428 2082 3468 manu

494 3493 701 3564 quippe
726 3494 872 3550 actio
894 3504 980 3550 est
1011 3512 1027 3562 ;
1058 3495 1143 3550 vel
1193 3504 1480 3566 postquam
1520 3500 1703 3554 omnia
1743 3500 1836 3557 Dci
1863 3501 2080 3559 decreta

494 3599 526 3638 a
558 3584 841 3654 prophetis
871 3585 1196 3640 annuntiata
1229 3574 1465 3656 peracta»
1492 3588 1667 3647 fuere.

564 3673 631 3728 ν.
670 3674 759 3728 14.
803 3691 823 3726 ι
862 3674 1200 3732 Annuntiate
1246 3679 1302 3733 in
1343 3679 1668 3751 Magdolum.
1723 3701 1740 3733 ι
1790 3682 2079 3754 Memphis,

494 3763 856 3835 et'Tapbnas,
886 3766 1270 3840 et-Magdolus,
1314 3771 1477 3827 urbes
1501 3782 1659 3827 erant
1698 3772 2080 3846 Egypliorum

494 3856 737 3913 illustres
759 3866 815 3914 et
849 3859 1031 3931 regite.

569 3966 590 3999 ι
627 3948 691 4002 Et
707 3951 1029 4005 annuntiate
1060 3951 1114 4006 in
1145 3952 1459 4023 Memphim.
1491 3974 1509 4006 ι
1537 3953 1787 4026 Prmpara
1818 3966 1869 4012 te
1904 3958 2078 4029 ipsam

494 4040 569 4097 ad
624 4057 852 4109 necem,
906 4053 1025 4110 sta,
1080 4060 1180 4115 pro
1247 4048 1491 4117 percipe,
1547 4036 1694 4118 quod
1751 4051 1894 4105 sicut
1944 4053 2077 4107 smi-

493 4130 688 4197 laccm,
744 4131 825 4190 sic
868 4147 1053 4206 regem
1108 4142 1263 4191 tuum
1315 4136 1598 4193 abscindet
1650 4139 1863 4211 gladius
1902 4141 2079 4214 Baby-

494 4220 651 4278 lonii.

565 4311 632 4367 V.
667 4312 756 4368 16.
789 4332 807 4368 ι
840 4312 908 4369 Ει
952 4317 1351 4388 unusquisque.
1400 4338 1419 4372 ι
1457 4318 1629 4375 Judaei
1669 4322 1765 4393 qui
1810 4322 1867 4378 in
1908 4321 2079 4395 Egy-

2184 3125 2298 3189 τοῖς
2331 3124 2596 3195 ὑπηκόοις
2615 3141 2630 3154 ’
2665 3124 2698 3196 ἢ
2734 3124 2829 3177 καὶ
2857 3122 3073 3177 Γαλαὰδ
3097 3124 3195 3176 σὺν
3222 3125 3287 3194 τῇ
3321 3121 3606 3193 Αἰγύπτῳ.

2261 3235 2280 3268 ι
2315 3218 2383 3270 ’Ἀ
2409 3217 2643 3287 ὲλάλησε
2671 3215 2899 3287 Κύριος.
2934 3235 2952 3267 ι
2992 3215 3227 3284 Λέγεται
3250 3210 3383 3277 Θεὸς
3416 3216 3475 3267 ὲν
3505 3213 3652 3284 χειρὶ
3672 3213 3767 3266 λα-

2183 3308 2297 3363 λεῖν
2331 3308 2440 3362 τῶν
2472 3306 2793 3378 προφητῶν,
2847 3306 3039 3377 ἐπειδὴ
3070 3305 3255 3361 πάντα
3299 3306 3399 3358 ὅσα
3433 3305 3680 3374 ἥκουσαν
3711 3303 3764 3356 oi

2185 3400 2460 3471 προφῆται
2507 3401 2702 3463 ποιεῖν,
2739 3398 2981 3453 ἐποίουν.
3018 3398 3178 3468 Χειρί
3209 3397 3319 3467 γὰρ
3365 3400 3397 3468 ἡ
3443 3395 3663 3466 πρᾶξις.
3693 3396 3766 3448 Ἣ

2184 3492 2279 3546 καὶ
2313 3493 2498 3563 ἐπειδὴ
2537 3492 2715 3545 πάντα
2746 3491 2816 3545 τὰ
2852 3490 3168 3562 μηνυόμενα
3199 3489 3303 3544 ὑπὸ
3328 3489 3424 3542 τοῦ
3454 3488 3614 3556 Θεοῦ,
3658 3488 3761 3542 ὑπὸ

2183 3583 2293 3636 τῶν
2337 3582 2634 3655 προφητῶν
2667 3584 2747 3646 εἰς
2776 3581 2940 3653 ἔργον
2969 3580 3189 3651 ἐχώρει.
3514 3648 3525 3655 ἒ

2265 3692 2284 3725 ι
2308 3672 2697 3742 Ἀναγγείλατε
2723 3673 2805 3734 εἰς
2835 3671 3156 3740 Μαγδωλόν.
3189 3690 3208 3725 ι
3245 3671 3494 3742 Μέμφις,
3532 3671 3627 3724 καὶ
3657 3669 3768 3724 Td-

2185 3781 2322 3834 φνας
2346 3804 2361 3829 ,
2394 3764 2492 3818 καλ⁸
2546 3764 2879 3832 Μαγδωλὸς,
2933 3762 3123 3827 πόλεις
3165 3763 3411 3834 ὑπῆρχον
3449 3762 3764 3832 Αἰγυπτίων

2184 3855 2509 3925 περιφανεῖς
2540 3852 2637 3908 καὶ
2669 3852 2967 3925 βασιλικαί.

2261 3946 2430 3998 (Kal.
2480 3944 2899 4016 παραγγείλατε
2944 3944 3026 4006 εἰς
3066 3941 3311 4013 Μέμφιν.
3341 3961 3376 3994 ι»
3443 3942 3765 4011 Ἑτοίμασον

2183 4034 2416 4106 σεαυτὴν
2443 4037 2523 4099 εἰς
2546 4035 2781 4105 σφαγὴν,
2802 4034 3103 4102 ἐπίστηθι,
3140 4034 3262 4087 ἀντὶ
3294 4032 3414 4097 τοῦ,
3454 4035 3659 4103 γνώσῃ
3684 4035 3766 4087 ὅτι

2179 4127 2255 4193 ὡς
2286 4127 2527 4198 σμίλακα
2552 4166 2569 4192 ,
2613 4125 2787 4190 οὕτως
2817 4125 3040 4194 ἐκκόψει
3082 4142 3178 4179 σου
3204 4125 3296 4178 τὸν
3322 4124 3551 4196 βασιλέα
3582 4125 3613 4195 ἠ
3656 4125 3765 4195 μά-

2181 4232 2349 4288 χαιρα
2381 4214 2476 4269 τοῦ
2506 4214 2878 4270 Βαϐυλωνίου.

2259 4327 2277 4361 ι
2315 4309 2426 4362 Καὶ
2448 4307 2699 4370 ἕκαστος.
2739 4325 2757 4358 ι
2791 4307 2856 4359 Οἰ
2883 4308 2943 4360 ὲν
2971 4308 3040 4378 τῇ
3069 4306 3333 4376 Αἰγύπτῳ
3377 4304 3623 4359 Ἰουδαῖοι
3664 4305 3761 4358 λέ-

494 4416 589 4477 pto
617 4404 788 4463 erant'
816 4408 1065 4466 dicentes
1097 4429 1110 4464 :
1161 4410 1519 4469 Bevertamur
1552 4415 1621 4470 ad
1672 4417 1935 4489 populum
1971 4394 2075 4473 no-

2185 4415 2387 4469 γοντες,
2422 4396 2882 4468 ’Δναστρέψωμεν
2902 4397 3045 4468 πρὸς
3067 4397 3160 4452 τὸν
3191 4395 3317 4450 λαὸν
3345 4394 3524 4466 ἡμῶν.

491 4506 691 4553 stram.

571 4608 591 4641 ι
636 4589 681 4643 Δ
706 4588 841 4646 facie
865 4591 1026 4662 gladii
1055 4591 1248 4650 Graeci.
1284 4614 1302 4646 ι
1342 4593 1506 4653 Iones
1521 4595 1694 4654 Graeci
1727 4598 1795 4655 ab
1825 4599 1956 4654 lone
1982 4615 2076 4670 ge-

493 4694 599 4737 nus
652 4680 938 4749 ducentes,
976 4683 1281 4756 Babyloniis
1326 4687 1455 4743 olim
1492 4689 1695 4745 tributa
1741 4691 2071 4760 pendebant,

492 4766 818 4847 illisquead
855 4773 996 4829 bella
1042 4776 1535 4848 conjungebantur.
1580 4781 1624 4833 A
1673 4780 1850 4853 gladio
1893 4781 2074 4852 itaque

491 4863 701 4932 Gramo,
736 4865 790 4921 id
811 4875 914 4932 εει,
954 4866 1118 4924 sociis
1147 4868 1443 4941 Babylonii.

561 5061 746 5119 v.18.
775 5076 797 5116 ι
827 5062 966 5131 Quia
992 5068 1463 5140 sicutltabyrium.
1501 5091 1519 5123 ι
1551 5071 1703 5126 Mons
1731 5074 1820 5129 hic
1841 5052 2072 5131 Galilaeze

494 5163 622 5210 ante
674 5154 875 5214 Christi
929 5159 1223 5215 adventum
1277 5160 1527 5216 desertus
1593 5172 1725 5218 erat.
1790 5164 2071 5221 Carmelus

491 5260 710 5318 quoque
739 5258 794 5305 et
826 5250 945 5320 ipse
966 5251 1233 5318 desertus,
1280 5253 1490 5325 adiacet
1519 5255 1675 5319 mari,
1718 5257 2071 5329 marinosque

490 5347 660 5395 aestus
713 5342 936 5412 excipit.
984 5342 1102 5398 Erit
1135 5344 1340 5415 itaque,
1378 5345 1473 5407 ait.
1507 5332 1772 5418 hiemphis
1802 5350 2068 5405 tumultus

491 5428 674 5497 plena,
707 5429 1031 5504 desertaque
1060 5449 1127 5490 ex
1157 5433 1461 5505 irruptione
1483 5434 1924 5507 Babyloniorum.

566 5601 632 5657 V.
671 5603 764 5661 20.
797 5624 818 5658 ι
852 5606 1034 5663 Vitula
1056 5609 1318 5666 adornata
1332 5610 1614 5682 Egyptus.
1651 5632 1671 5665 ι
1704 5611 1864 5668 Missa
1885 5614 2067 5683 copia-

490 5707 613 5756 rum
653 5704 807 5764 parte
834 5695 1157 5768 Babylonius
1181 5703 1509 5773 cepitillam.
1532 5735 1605 5746 —
1631 5702 1844 5773 Milites,
1865 5704 1967 5761 hoc
1984 5712 2067 5761 est

2216 4598 2219 4599 ν
2260 4598 2281 4630 ι
2323 4577 2456 4631 Ἀπὸ
2496 4575 2796 4649 προσώπω
2824 4574 3102 4648 μαχαίρας
3144 4573 3495 4644 Ἑλληνικῆς.
3518 4590 3539 4625 ι
3565 4574 3628 4627 Oi
3657 4569 3763 4625 ἀπὸ

2189 4672 2371 4732 Ἴωνος
2394 4669 2660 4739 Ἕλληνες
2692 4667 2876 4732 ὄντες,
2912 4666 3182 4736 ὑπόφοροι
3209 4659 3353 4736 ἦσαν
3393 4663 3539 4718 κατὰ
3560 4663 3623 4715 τὸ
3653 4680 3761 4715 πα-

2182 4762 2333 4816 λαιὸν
2358 4761 2468 4815 τῶν
2492 4758 2870 4823 Βαϐυλωνίων,
2897 4758 2992 4811 καὶ
3013 4756 3351 4827 συνεμάχουν
3384 4752 3538 4824 αύτῷ
3565 4757 3623 4807 ὲν
3650 4755 3764 4816 τοῖς

2181 4852 2466 4923 πολέμοις.
2502 4850 2635 4904 Ἀπὸ
2661 4849 2938 4920 μαχαίρας
2968 4846 3065 4902 οὖν
3108 4843 3456 4915 Ἑλληνικῆς,
3488 4843 3612 4899 ἀντὶ
3639 4841 3756 4906 τοῦ,

2180 4944 2287 4999 τῶν
2326 4942 2632 5014 συμμάχων
2656 4941 2749 4996 τοῦ
2772 4939 3140 4995 Βαϐυλωνίου.

2254 5078 2272 5111 ι
2305 5056 2425 5110 Ὅτι
2452 5055 2528 5121 ὡς
2559 5055 2621 5110 τὸ
2662 5054 2985 5128 Ἰταϐύριον.
3023 5072 3043 5107 ι
3078 5052 3252 5109 Τοῦτο
3273 5052 3333 5106 τὸ
3361 5051 3488 5124 δρος
3511 5050 3614 5120 τῆς
3646 5048 3757 5102 Γα-

2178 5148 2387 5213 λιλαίας
2413 5147 2498 5215 ὸν,
2540 5146 2749 5220 ἔρημον
2779 5141 2849 5217 ἦν
2879 5143 2989 5215 πρὸ
3021 5146 3121 5217 τῆς
3155 5141 3395 5214 Χριστοῦ
3428 5138 3756 5210 παρουσίας.

2193 5239 2253 5295 '0
2275 5240 2333 5295 δὲ
2349 5239 2647 5311 Κάρμηλος
2680 5238 2776 5292 κοιλ⁸
2803 5238 2963 5301 αὐτὸς
2993 5236 3201 5307 ἔρημος
3223 5230 3312 5305 ἦν,
3330 5232 3576 5301 ἔγκειται
3605 5229 3663 5282 δὲ
3686 5231 3753 5299 τῇ

2179 5332 2425 5405 θαλάσσῃ
2450 5372 2466 5397 ,
2509 5331 2606 5386 καὶ
2650 5330 2777 5393 τοὺς
2823 5328 3152 5391 θαλαττίους
3190 5326 3408 5397 δέχεται.
3454 5323 3751 5384 κλύδωνας.

2181 5427 2376 5479 Ἔσται
2417 5420 2533 5491 οὖν,
2573 5423 2761 5494 φησὶν,
2808 5424 2842 5492 ἡ
2882 5420 3111 5492 Μέμφις
3146 5418 3380 5490 θορύϐου
3430 5416 3629 5488 μεστὴ,
3662 5411 3755 5483 καὶ

2177 5519 2383 5589 ἕρημος
2413 5518 2479 5570 ὲκ
2507 5515 2604 5584 τῆς
2629 5514 2825 5583 ἐφόδου
2856 5514 2964 5567 τῶν
2987 5511 3368 5567 Βαϐυλωνίων.

2250 5629 2270 5662 ι
2322 5609 2567 5680 Δάμαλις
2629 5604 3125 5677 κεκαλλωπισμένη
3183 5601 3484 5681 Δῖγνπτος.
3548 5615 3569 5649 ι
3626 5595 3749 5681 ξοτι

2178 5701 2342 5775 μέρος
2372 5679 2424 5755 τι
2453 5699 2554 5770 τῆς
2575 5699 2859 5771 δυνάμεως
2892 5698 3120 5769 πέμψας
3149 5696 3178 5749 ὁ
3211 5679 3578 5758 Βαὸυλώνιος,
3605 5679 3751 5749 εἷλεν
