4122 6210
381 274 489 337 713

463 407 481 440 ι
524 387 622 442 Ἐκ
654 384 871 448 παντός.
915 402 933 434 ι
969 383 1065 436 Ἐκ
1097 380 1295 443 παντὸς
1316 379 1518 449 τρόπου
1558 377 1771 447 τροπὴν
1800 371 1966 429 αὐτοῦ
2000 374 2038 428 Α

524 498 622 533 σω.

524 498 553 532 σ
608 521 622 532 .

389 482 602 623 Mf)":
614 568 1022 638 ἐπροφήτευσεν
1062 563 1351 636 Ἱερεμίας.
1393 563 1491 615 »Ὃ
1512 563 1607 614 καὶ
1630 561 1820 629 γέγονε
1850 557 1965 611 Κύ-

396 679 491 735 ρου
516 661 608 714 τοῦ
635 662 847 730 Πέρσου
877 656 1202 718 καθελόντος
1229 654 1327 724 τὴν
1348 651 1628 723 βασιλείαν
1660 648 1965 712 Χαλδαίων,

392 756 489 811 καὶ
512 754 639 818 τοὺς
663 749 958 812 Ἰουδαίους
988 749 1067 807 είς
1090 747 1188 816 τὴν
1210 745 1349 799 ἰδίαν
1381 741 1822 801 ἀποστείλαντος.

466 938 645 1008 Λὶλάμ
676 936 710 1007 ἢ
750 935 851 1004 τῆς
891 929 1232 992 Βαϐυλῶνος,
1268 929 1301 998 ἢ
1347 927 1443 981 καὶ
1476 926 1656 996 πάσης
1685 922 1868 994 χώρας
1902 917 1971 994 ἦς

392 1027 528 1102 ἦρξε
553 1029 760 1100 Κῦρος.
812 1023 935 1096 Χρὴ
964 1022 1163 1076 εἰδέναι
1185 1020 1266 1073 ὃτι
1295 1022 1323 1073 6
1351 1021 1504 1085 ἅγιος
1538 1017 1793 1085 Ἰωάννης
1842 1014 1972 1066 ὓπο-

401 1101 761 1192 μνηματίζων
782 1117 874 1169 τὸν
892 1116 1021 1184 Ἰερε
1030 1112 1180 1182 μίαν,
1211 1109 1371 1182 μέχρι
1400 1108 1508 1161 τῶν
1532 1101 1634 1160 ὧδε
1664 1104 1973 1173 ἀκολούθως

398 1210 869 1278 ὑπεμνημάτισεν.
904 1204 1105 1265 Ἐάσας
1149 1201 1207 1254 δὲ
1249 1199 1320 1252 τά
1351 1196 1490 1269 μετά
1509 1195 1704 1260 ταῦτα,
1742 1195 1973 1264 ἄρχεται

400 1295 880 1370 ὑπομνηματίζειν
911 1294 1020 1348 ἀπὸ
1054 1293 1155 1362 τῆς
1188 1289 1360 1361 ἀρχῆς
1388 1291 1488 1358 τῆς
1529 1285 1807 1356 βασιλείας
1843 1282 1977 1336 ἰοας

401 1391 535 1461 κείμ
560 1405 575 1421 ⁶
614 1389 745 1442 ἔνθα
805 1388 900 1441 καὶ
923 1386 981 1438 τὸ
1010 1382 1372 1452 ὑποκείμενον
1402 1381 1626 1450 σημεῖον
1651 1380 1850 1440 κεῖται,
1881 1374 1976 1427 καὶ

399 1483 543 1536 οὕτω
571 1482 639 1536 τά
665 1479 828 1533 λοιπὰ
849 1476 1322 1548 ύπεμνημάτισεν.

478 1593 498 1625 ι
539 1575 650 1626 Καὶ
706 1571 893 1635 ἐπάξω
943 1569 1037 1622 ἐπὶ
1100 1566 1285 1635 Αἰλάμ
1333 1564 1607 1634 τέσσαρας
1654 1559 1912 1629 ἀνέμους.
1952 1576 1971 1607 ι

1484 256 1943 319 FRAGMENTA
1987 254 2063 312 IN
2103 252 2516 314 JEREMIAM.

3532 246 3634 310 714

2147 395 2163 422 ε
2202 373 2277 426 Ex
2306 372 2474 425 omni.
2513 390 2532 421 ι
2563 370 2717 425 Omni
2747 371 2906 426 modo
2931 369 3178 426 eme-iam.

2140 553 2205 608 V.
2389 574 2406 604 ‹
2468 553 2816 622 Quaecunque
2901 546 3248 622 prop'ietavit
3283 553 3569 612 Jcremias.
3617 575 3637 607 ι

2069 646 2224 712 Quod
2269 655 2325 699 et
2355 646 2554 699 factum
2591 652 2675 698 est
2733 643 2912 698 deleto
2963 658 3129 714 regno
3160 643 3561 706 ,Chalilteorum
3612 663 3643 699 a

2068 739 2209 811 Cyro
2276 740 2461 801 Persa,
2519 736 2833 806 Judaeisque
2876 735 2931 790 in
2982 735 3255 805 propriam
3307 743 3508 792 terram
3557 737 3641 791 di-

2072 830 2277 885 missis.
2938 874 2943 877 .

2139 920 2340 981 (illam.
2375 921 2460 976 vel
2488 919 2811 990 Babylonis,
2866 918 2952 972 vel
3010 917 3280 973 universa:
3338 926 3499 974 terrae
3558 921 3643 974 cui

2071 1011 2288 1082 praefuit
2315 1009 2508 1080 Cyrus.
2545 1008 2838 1062 Sciendum
2858 1014 2942 1061 est
2964 1016 3214 1062 sanctum
3239 1005 3504 1063 Joannem
3521 1024 3645 1064 cum

2072 1099 2511 1157 Commentarios
2542 1098 2598 1152 in
2635 1096 2928 1152 Jeremiam
2961 1097 3351 1163 conscriberet,
3386 1114 3555 1168 usque
3582 1100 3648 1154 ad

2075 1202 2398 1262 praesentem
2431 1192 2608 1247 locum
2633 1190 2950 1245 continuata
3005 1190 3147 1244 serie
3209 1190 3599 1261 conscripsisse
3634 1210 3647 1245 :

2076 1285 2279 1339 relictis
2301 1299 2432 1339 vero
2460 1298 2581 1352 quae
2607 1289 2932 1351 sequuntur,
2987 1282 3408 1338 commentarios
3423 1284 3652 1354 cmpisse

2076 1377 2315 1430 scribere
2337 1376 2405 1429 ab
2437 1374 2589 1428 initio
2619 1373 2769 1442 regni
2795 1372 3005 1427 Joakim
3051 1388 3067 1426 :
3115 1373 3205 1428 ubi
3235 1383 3291 1428 et
3342 1375 3650 1444 appositum

2078 1467 2291 1521 videtur
2320 1466 2556 1534 signum,
2592 1472 2647 1519 et
2678 1464 2938 1533 deinceps
2966 1471 3163 1517 caetera
3180 1464 3453 1533 exposuit.

2150 1556 2211 1610 V.
2239 1556 2328 1611 56.
2348 1574 2366 1606 ι
2394 1556 2459 1610 Ει
2489 1555 2743 1610 inducam
2763 1569 2929 1623 super
2948 1552 3123 1606 IElam
3150 1563 3391 1624 quatuor
3405 1564 3646 1609 ventosa

413 1669 740 1738 Ἐπαγωγὴν
776 1662 1139 1733 κυκλόθεν,ἣ
1192 1663 1287 1715 καὶ
1327 1661 1399 1712 τὰ
1454 1655 1791 1724 πανταχόθεν
1846 1653 1974 1723 ἔθνη

2088 1647 2336 1702 lnductos
2354 1662 2383 1701 e
2403 1646 2657 1711 circuitu,
2678 1644 2763 1699 vel
2786 1658 2976 1699 omnes
3000 1644 3237 1715 undique
3261 1645 3509 1701 collectas
3528 1662 3658 1717 gen-

401 1724 785 1832 σημαίνεί,’τά
827 1724 1152 1809 συνελθόντα
1187 1751 1525 1822 Ἀλεξάνδρῳ
1574 1751 1655 1812 είς
1692 1748 1784 1801 τὸν
1834 1746 1977 1799 κατά

2088 1747 2161 1792 tes
2198 1738 2460 1809 significat
2487 1753 2608 1808 quae
2653 1743 2853 1791 secutae
2877 1743 3005 1790 sunt
3027 1733 3394 1791 Alexandrum
3434 1736 3504 1792 ad
3540 1737 3656 1801 bel-

400 1852 631 1924 Δαρείου
671 1851 932 1917 πόλεμον.

478 1963 498 1997 ι
539 1945 653 1998 Καὶ
702 1940 989 1997 ἀποστελῶ
1026 1938 1203 1993 ὀπίσω
1245 1937 1429 1992 αὐτῶν
1467 1934 1747 2008 μάχαιράν
1789 1951 1913 2005 μου.
1954 1953 1973 1985 ο

405 2038 517 2106 Τὴν
545 2036 874 2105 ἀποτομίαν.

481 2140 500 2173 ι
521 2124 631 2176 Καὶ
652 2122 804 2192 θήσω
821 2122 914 2174 τὸν
941 2119 1131 2193 θρόνον
1165 2136 1322 2190 μου.»
1343 2119 1489 2172 Ἀντὶ
1517 2116 1638 2181 τοῦ,
1661 2116 1801 2188 μετὰ
1829 2115 1980 2182 ἔξου-

410 2212 532 2275 σίας
558 2210 927 2281 ἐπελεύσομαι
953 2210 1161 2273 αὐτοῖς,
1192 2209 1227 2280 ἢ
1262 2207 1393 2280 περὶ
1417 2206 1749 2278 Ἑκκλησίας
1784 2205 1981 2277 προθε-

413 2302 593 2366 σπίζει
627 2300 931 2371 μελλούσης
966 2299 1187 2353 ἔσεσθαι
1221 2297 1355 2368 παρ’
1388 2296 1595 2360 αὐτοῖς.

1063 2458 1222 2515 ΚΕΦ.
1258 2460 1341 2516 N'.

492 2596 511 2630 ι
546 2578 938 2647 ’Δναγγείλατε
984 2580 1042 2630 ὲν
1079 2581 1192 2642 τοῖς
1230 2577 1432 2632 ἔθνεσι.
1474 2595 1493 2629 ι
1529 2575 1687 2631 Μετά
1714 2576 1814 2648 τὴν
1847 2578 1988 2630 ἱστο-

415 2669 540 2740 ρίαν
567 2670 705 2741 πρὸς
744 2670 869 2733 τοὺς
902 2669 1232 2733 ἀποστόλους
1253 2670 1283 2721 6
1317 2669 1495 2738 λόγος.

492 2780 511 2811 ι
551 2760 835 2832 Παρεδόθη
870 2760 1191 2832 Μαιρωδάχ.
1245 2780 1266 2813 ι
1322 2761 1385 2815 Ἢ
1418 2762 1521 2833 μὲν
1570 2763 1668 2834 ὄλη
1716 2760 1870 2834 χώρα
1911 2765 1987 2828 ὡς

414 2852 553 2924 πρὸς
582 2853 684 2923 τὴν
729 2852 1105 2924 Ἰερουσαλὴμ,
1142 2853 1351 2926 Βορρᾶς
1381 2853 1652 2908 καλεῖται.
1699 2854 1765 2907 Ἦ
1786 2854 1843 2908 δὲ
1882 2856 1988 2909 Βα-

415 2942 595 2997 ϐυλὼν
639 2945 715 3008 ὡς
763 2944 901 3016 πρὸς
948 2945 1046 3014 τὴν
1096 2943 1248 2999 θέσιν
1296 2944 1409 2999 τῶν
1439 2945 1646 3010 τόπων,
1695 2946 1988 3017 νοτιωτέρα

2078 1831 2189 1885 lum
2219 1840 2407 1886 contra
2430 1828 2669 1883 Darium.

2160 1925 2222 1979 V.
2249 1924 2336 1978 '57.
2384 1941 2403 1973 ι
2429 1922 2495 1977 Ει
2526 1923 2735 1977 mittam
2794 1921 3030 1992 gladium
3089 1935 3275 1976 meum
3310 1930 3435 1993 post
3482 1935 3598 1979 eos.
3631 1940 3653 1976 ι

2081 2016 2332 2086 Rigidam
2370 2014 2714 2068 severitatem
2728 2050 2740 2065 .

2151 2108 2218 2162 V.
2251 2108 2339 2163 '58.
2372 2126 2391 2159 ι
2430 2106 2494 2162 Et
2520 2121 2719 2178 ponam
2766 2105 3022 2160 thronum
3067 2119 3270 2159 meum.
3304 2125 3322 2157 ι
3359 2103 3484 2171 Pro,
3534 2119 3658 2161 cum

2082 2208 2351 2273 potestate
2379 2200 2633 2255 accedam
2655 2199 2724 2254 ad
2748 2212 2865 2265 eos,
2894 2198 2983 2254 vel
3012 2198 3082 2252 de
3106 2196 3350 2254 Ecclesia
3396 2196 3661 2254 vaticina-

2085 2302 2193 2360 tur,
2227 2293 2368 2363 apud
2399 2307 2494 2346 eos
2518 2290 2719 2346 futura.

2751 2466 2902 2525 CAP.
2933 2470 2994 2525 L.

2158 2583 2222 2638 ν.
2249 2582 2302 2641 Ξ.
2346 2581 2724 2638 «Annuntiate
2775 2581 2829 2636 in
2883 2583 3159 2652 gentibus.
3194 2602 3215 2637 ι
3258 2584 3388 2641 Post
3443 2585 3668 2644 histori-

2086 2692 2213 2735 cum
2239 2691 2458 2732 sensum
2485 2675 2553 2730 ad
2592 2676 2866 2745 apostolos
2896 2684 3106 2746 spectat
3134 2677 3222 2733 hic
3249 2693 3451 2734 sermo.

2163 2787 2183 2820 ι
2213 2765 2432 2822 Tradita
2456 2772 2544 2821 est
2578 2764 2891 2821 Merodach.
2931 2785 2949 2819 ο
2984 2766 3119 2822 Tota
3144 2768 3362 2838 quidem
3408 2768 3578 2840 regio,
3614 2770 3663 2827 sl

2092 2851 2518 2928 Hierosolymam
2570 2865 2805 2926 spectes,
2865 2866 3093 2913 vocatur
3149 2859 3367 2930 Aquilo.
3427 2860 3664 2933 Babylon

2089 2965 2221 3005 vero
2252 2950 2359 3004 situ
2389 2950 2633 3004 locorum
2664 2950 3012 3008 considerato
3039 2952 3215 3008 Medis
3240 2955 3530 3010 anetralior
3557 2963 3663 3011 est.

418 3037 538 3090 ἐστὶ
592 3037 701 3090 τῶν
732 3037 952 3107 Μήδων.
983 3037 1153 3106 Φησὶν
1177 3033 1294 3105 οὖν,
1328 3038 1413 3092 ὅτι
1458 3040 1486 3092 6
1516 3038 1818 3110 Μαιρωδὰχ
1854 3036 1993 3109 μετά

2093 3038 2185 3095 Ait
2212 3040 2390 3111 igitur,
2425 3039 2716 3096 Merodach
2744 3056 2868 3096 cum
2895 3041 3063 3098 Medis
3096 3045 3427 3102 ascendente
3445 3056 3665 3119 captum

416 3128 527 3181 τῶν
553 3130 754 3199 Μήδων
776 3128 944 3183 ἀνιὼν
965 3128 1196 3199 λήψεται
1220 3129 1321 3200 τὴν
1352 3129 1674 3185 Βαϐυλῶνα.

496 3240 514 3271 ι
547 3213 673 3272 Ὧδε
703 3220 813 3291 γὰρ
842 3220 900 3273 τὸ
953 3220 1251 3291 πρόσωπον
1279 3221 1459 3276 αὐτῶν
1485 3221 1737 3276 δώσουσι.
1777 3240 1796 3274 ι
1846 3221 1991 3274 ’Δντὶ

417 3314 533 3381 τοῦ,
553 3314 823 3370 Ἐνταῦθα
848 3317 908 3369 ὲν
940 3318 1009 3388 τῇ
1044 3314 1204 3382 Σιὼν,
1222 3316 1357 3369 ὅπου
1379 3316 1407 3369 6
1435 3317 1723 3388 προφήτης
1750 3316 1993 3386 προεφή-

418 3422 627 3460 τευσεν.

498 3516 516 3548 ι
553 3495 801 3566 Διαθήκη
846 3496 957 3566 γὰρ
986 3495 1224 3559 αἰώνιος.
1266 3514 1285 3549 ι
1337 3496 1400 3550 Ἠ
1438 3497 1574 3569 πρὸς
1608 3498 1698 3551 τὸν
1742 3497 1993 3567 Ἀϐραὰμ

423 3588 748 3655 ἐπαγγελία,
773 3588 897 3657 ἣτις
924 3587 1221 3658 ἐπληρώθη
1252 3587 1342 3643 διὰ
1379 3589 1642 3659 Χριστοῦ.

500 3697 520 3731 ι
558 3681 622 3732 Οί
658 3680 919 3748 ποιμένες
955 3679 1135 3732 αὐτῶν
1187 3679 1398 3745 ἔξωσαν
1434 3681 1651 3743 αὐτούς.
1684 3699 1703 3732 ι
1739 3681 1802 3734 Οί
1833 3682 2000 3753 ἱερεῖς

426 3770 523 3825 καὶ
554 3767 817 3837 βασιλεῖς,
847 3768 1319 3838 νομοδιδάσκαλοι,
1353 3768 1821 3841 ψευδοπροφῆται.

498 3861 635 3914 Ἀπὸ
664 3859 864 3925 κακίας
893 3863 973 3925 είς
1019 3862 1249 3915 κακίαν·
1280 3861 1435 3915 ἔθυον
1477 3861 1535 3915 δὲ
1576 3862 1671 3915 καὶ⁸
1700 3863 1793 3916 ἐπὶ
1823 3862 2001 3916 τοιού-

428 3970 538 4007 των
566 3954 682 4016 τοῖς
710 3951 950 4022 δαίμοσι.

508 4064 528 4097 ι
563 4045 770 4107 Πάντες
791 4045 840 4097 οί
863 4043 1216 4115 εὑρίσκοντες
1234 4043 1429 4109 αὐτοὺς
1440 4045 1733 4117 ἀνήλισκον
1748 4045 1961 4109 αὐτούς.
1977 4066 1996 4099 ι

431 4136 539 4190 Τοῦ
592 4132 684 4188 νοῦ
710 4172 725 4198 ,
766 4133 863 4188 καὶ
915 4132 1023 4187 τῶν
1078 4131 1240 4186 θείων
1283 4132 1647 4204 μαθημάτων,
1694 4128 1777 4196 οἷς
1837 4134 2003 4187 ὲπαν-

432 4226 725 4281 επαύοντο.
751 4255 823 4267 ——
845 4226 912 4280 Οἱ
941 4222 1214 4294 ἀλιτήριοι
1241 4223 1511 4294 δαίμονες.

502 4318 659 4373 Μετά
693 4317 794 4389 τὴν
824 4314 1093 4386 ἱστορίαν,
1132 4315 1267 4385 πρὸς
1303 4315 1431 4378 τοὺς
1477 4316 1705 4379 πιστοὺς
1745 4317 1775 4368 6
1823 4315 2000 4384 λόγος.

433 4412 601 4467 Δῦτοὶ
624 4412 705 4474 δὲ,
726 4376 916 4481 φησιν,
948 4376 1054 4463 sici
1083 4376 1223 4479 νομὴ
1249 4376 1347 4462 τοῦ
1378 4376 1513 4463 όεοῦ
1549 4410 1644 4463 ἐπὶ
1686 4376 2007 4480 δικαιοσύνη
2041 4376 2083 4430 D

434 4503 542 4556 ύπό
574 4501 713 4555 Θεοῦ
750 4499 1098 4570 ὲκλεχθεῖσα.
1139 4498 1359 4570 Ἐπειδὴ
1385 4498 1495 4570 γάρ
1517 4498 1652 4562 Θεὸς
1681 4498 1810 4561 τοὺς
1840 4498 2010 4552 πατέ-

439 4611 542 4667 ρας
612 4592 795 4647 αὐτῶν
848 4590 1209 4661 ἐκλεξάμενος
1271 4591 1542 4662 ἐξήγαγεν
1593 4577 1657 4655 ἐξ
1708 4588 2009 4657 Αἰγύπτου,

438 4688 671 4750 εἰκότως
722 4687 816 4741 καλ⁵
875 4684 1124 4755 πρόϐατα
1180 4684 1492 4750 καλοῦνται,
1547 4684 1645 4738 καὶ
1700 4681 1839 4753 νομὴ
1875 4680 2012 4735 Θεοῦ

436 4780 639 4833 ὡσανεὶ
665 4779 950 4850 κτήτορος.

514 4891 533 4923 ι
575 4872 681 4924 Καὶ
719 4869 988 4936 ὲξέλθετε.
1027 4888 1047 4921 ι
1080 4865 1429 4937 ’Ᾱσύμφωνοι
1453 4865 1676 4935 γένεσθε
1705 4866 1817 4927 τοῖς
1837 4863 2010 4916 Βαϐυι

443 4961 675 5023 λωνίοις,
708 4960 803 5013 καὶ
825 4958 1049 5029 φοϐεροὶ⁸
1081 4960 1194 5021 τοῖς
1215 4956 1491 5027 δαίμοσιν.

515 5070 534 5104 ι
573 5052 700 5104 "Ott
736 5051 846 5104 ἰδοὺ
881 5050 994 5117 ἐγὼ
1032 5048 1253 5117 ὲγείρω.
1309 5064 1329 5099 ο
1384 5044 1467 5099 Τὰ
1513 5042 1904 5113 κατεψυγμένα
1946 5045 2013 5114 τῇ

443 5142 695 5213 ἁμαρτίᾳ
738 5142 888 5213 ἔθνη,
924 5141 1065 5195 αὐτὰ
1101 5139 1191 5193 διὰ
1236 5138 1335 5209 τῆς
1367 5139 1449 5198 είς
1493 5134 1731 5207 Χριστὸν
1780 5134 2016 5199 πίστεως

445 5231 809 5305 στρατεύουσι
844 5233 985 5287 κατά
1009 5232 1110 5302 τῆς
1142 5228 1613 5299 είδωλολατρείας.

521 5343 540 5376 ι
576 5325 686 5378 Καὶ
726 5324 881 5378 ἔσται
911 5326 945 5396 ἡ
978 5322 1222 5379 Χαλδαία
1274 5323 1354 5386 είς
1384 5320 1690 5393 προνομήν.
1731 5339 1751 5374 ι
1801 5320 1864 5374 Ἥ
1913 5319 2021 5373 τῶν

445 5415 733 5470 Χαλδαίων
761 5413 936 5485 χώρα,
970 5415 1004 5485 η
1031 5410 1312 5466 Βαϐυλών.

526 5527 545 5559 ι
585 5506 917 5577 Ἀνετράπη.
962 5522 981 5554 ι
1031 5502 1095 5556 Ἠ
1130 5501 1411 5567 Βαϐυλὼν,
1450 5502 1573 5571 ἥτις
1619 5501 1712 5555 ἐπὶ
1771 5499 1901 5573 δόξῃ
1931 5500 2023 5554 καὶ

446 5601 668 5656 πλούτου
695 5600 987 5670 ὶγέννησεν
1015 5597 1180 5664 ὑμᾶς.

652 5718 930 5777 ΡΑτῐιοῐ..
960 5714 1076 5773 Gn.
1108 5711 1312 5775 XCIII.

2090 3127 2155 3182 iri
2181 3127 2530 3199 Babylonem.

2160 3219 2226 3276 ν.
2254 3220 2307 3275 5.
2347 3237 2367 3271 ι
2404 3218 2521 3275 lluc
2557 3220 2703 3276 enim
2765 3221 2962 3277 faciem
3012 3236 3165 3278 suam
3210 3220 3440 3281 dabunt.
3487 3245 3508 3280 ι
3550 3227 3668 3285 Hoc

2092 3311 2364 3366 cstziluc
2384 3312 2451 3366 ad
2501 3311 2654 3379 Sion,
2679 3312 2733 3366 in
2783 3328 2889 3383 qua
2940 3316 3206 3385 propheta
3266 3317 3522 3374 vaticinia
3549 3319 3669 3376 edi-

2092 3406 2191 3462 dit.

2171 3515 2190 3549 ‹
2230 3497 2430 3553 Fmdus
2473 3498 2620 3553 enim
2649 3506 2936 3564 aeternum,
2976 3518 2998 3552 ι
3047 3508 3153 3556 etc.
3181 3477 3479 3558 Promissio
3527 3502 3668 3560 facta

2096 3591 2347 3657 Abrahae,
2386 3607 2506 3661 qua:
2535 3606 2632 3660 per
2654 3590 2929 3645 Christum
2965 3592 3252 3663 adimpleta
3285 3602 3388 3648 est.

2168 3684 2231 3738 V.
2257 3685 2306 3737 6.
2348 3700 2366 3733 ‹
2392 3681 2643 3736 Pastores
2677 3696 2865 3735 eorum
2901 3682 3223 3751 expulerunt
3256 3696 3370 3736 eos.
3407 3700 3429 3734 ι
3480 3680 3674 3738 Sacer-

2099 3773 2274 3838 dotes,
2303 3788 2477 3846 reges,
2509 3773 2687 3843 legum
2715 3771 2989 3838 doctores,
3019 3772 3507 3843 pseudoprophetm
3524 3803 3545 3823 .

2178 3864 2253 3919 De
2300 3867 2443 3919 malo
2468 3865 2524 3920 in
2580 3866 2824 3932 malum;
2857 3862 3236 3920 sacriﬁcabant
3260 3864 3408 3919 enim
3433 3871 3490 3919 et
3506 3865 3589 3920 his
3617 3866 3670 3921 iu

2101 3954 2236 4012 locis
2255 3957 2614 4012 damonibns.

2176 4049 2237 4103 V.
2279 4050 2332 4104 7.
2370 4067 2388 4100 ι
2415 4048 2618 4105 Omnes
2645 4049 2739 4120 qui
2794 4049 3124 4105 invenerunt
3167 4064 3265 4105 eos
3315 4049 3677 4105 absumebant

2103 4156 2220 4197 eos.
2256 4159 2274 4192 ι
2312 4140 2509 4196 Mentis
2555 4140 2969 4210 divinarumque
2997 4140 3430 4211 disciplinarum,
3453 4139 3507 4193 in
3553 4140 3680 4212 qui-

2105 4233 2207 4288 bus
2230 4230 2604 4301 quiescebant.
2636 4259 2707 4270 —
2735 4229 2963 4286 Nefandi
2989 4230 3283 4286 daemones.

2179 4318 2310 4374 Post
2342 4319 2662 4376 historicum
2715 4333 2940 4374 sensum
2999 4319 3165 4374 verba
3203 4318 3322 4376 haec
3375 4320 3442 4375 ad
3494 4318 3683 4375 ﬁdeles

2111 4418 2383 4482 spectant.
2411 4411 2515 4481 Ipsi
2532 4427 2683 4475 vero,
2713 4410 2809 4477 ait,
2836 4419 2966 4467 sunt
2978 4419 3168 4481 pastus
3202 4411 3296 4467 Dei
3318 4411 3386 4467 ad
3413 4411 3679 4482 justitiam

2108 4516 2138 4556 a
2166 4502 2279 4557 Deo
2300 4502 2527 4559 electus.
2550 4501 2685 4557 Nam
2703 4503 2831 4573 quia
2861 4500 3006 4559 Deus
3033 4513 3216 4573 patres
3240 4518 3429 4559 eorum
3451 4503 3684 4559 selectos

2110 4595 2180 4650 ab
2211 4594 2447 4667 Egypto
2472 4596 2758 4661 eduxerat,
2791 4595 2985 4651 merito
3005 4604 3061 4649 et
3094 4610 3230 4651 oves
3250 4605 3534 4661 vocantur,
3561 4593 3687 4650 Dei—

2112 4701 2220 4757 qne
2251 4696 2438 4755 pastus
2468 4687 2545 4740 uti
2580 4686 2911 4756 possessoris
2934 4720 2949 4737 .

2188 4864 2252 4918 V.
2289 4863 2341 4917 8.
2372 4881 2391 4914 ι
2431 4862 2499 4917 Et
2527 4861 2868 4934 egredimini.
2903 4879 2922 4913 ι
2976 4860 3360 4931 Discrepantes
3425 4864 3601 4911 estote
3658 4867 3691 4908 a

2117 4953 2441 5026 Babyloniis,
2463 4962 2519 5007 et
2541 4952 2881 5007 daemonibus
2914 4951 3197 5006 tremendi.

2192 5047 2253 5101 V.
2280 5047 2333 5102 9.
2369 5044 2532 5111 cQuia
2553 5059 2679 5100 ecce
2703 5057 2803 5115 ego
2819 5043 3043 5099 suscito.
3074 5058 3094 5092 ›
3119 5040 3343 5094 Peccato
3365 5034 3695 5105 refrigerata:

2119 5146 2328 5211 gentes,
2360 5136 2494 5207 ipsa:
2547 5150 2646 5205 per
2671 5133 2833 5189 ﬁdem
2885 5132 3093 5186 Christi
3136 5130 3374 5185 militant
3428 5125 3695 5182 adversus

2120 5230 2388 5286 idolorum
2417 5226 2644 5282 cultum.
3192 5264 3203 5275 κ
3511 5268 3517 5275 .

2191 5320 2257 5376 ν.
2287 5321 2372 5376 to.
2403 5337 2422 5371 ι
2450 5317 2515 5372 Ει
2534 5317 2638 5371 erit
2675 5314 2925 5371 Clialdaea
2957 5315 3011 5369 in
3046 5311 3429 5383 direptionem.
3469 5330 3489 5366 ι
3531 5309 3697 5369 Chal—

2124 5413 2364 5467 daeorum
2390 5406 2539 5479 regio
2559 5403 2819 5476 Babylon.
3032 5444 3043 5449 ι

2194 5500 2259 5557 ν.
2296 5501 2383 5556 12.
2420 5517 2439 5551 ι
2474 5498 2675 5553 Eversa
2704 5502 2807 5548 est.
2849 5511 2867 5543 ι
2904 5492 3163 5565 Babylon,
3196 5505 3318 5564 qua:
3361 5491 3430 5548 ad
3484 5484 3699 5547 divitias

2126 5604 2179 5651 et
2203 5593 2427 5665 gloriam
2452 5588 2663 5661 peperit
2692 5600 2808 5641 vos.

3313 5697 3390 5759 23
