4122 6210
540 288 658 368 ‘715

1654 299 2177 363 OLYMPIODORI
2218 297 2747 362 ALEXANDRINI

3743 298 3856 363 716

629 416 807 474 v.14.
844 437 864 472 ι
889 418 993 485 Qui
1026 416 1252 473 tenditis
1279 431 1489 485 arcum,
1528 433 1547 467 ι
1578 416 1660 471 Ad
1704 416 1985 486 apostolos
2029 426 2138 471 ten-

2332 436 2351 469 ι
2394 416 2605 478 Πάντες
2664 414 2934 476 τείνοντες
2964 410 3139 477 τόξον.
3173 429 3191 462 ι
3240 411 3387 482 Πρὸς
3423 411 3553 475 τοὺς
3604 411 3852 467 ἀποστό-

559 513 640 568 dit
667 512 756 567 hic
785 525 987 573 sermo,
1016 509 1069 563 in
1102 508 1439 579 spiritualem
1476 509 1828 581 Babylonem.

635 603 697 659 V.
736 603 819 656 15.
867 619 887 652 ι
936 598 1266 655 Ceciderunt
1308 599 1719 672 propugnacula
1770 600 1911 670 ejus.
1956 617 1974 650 ι
2036 599 2149 654 Fu-

564 694 702 749 nesti
730 694 1029 747 daemones.

641 784 746 837 «Et
800 782 1065 837 sullossus
1098 789 1184 836 est
1229 796 1420 837 murus
1472 782 1617 852 ejus.
1650 801 1671 833 ι
1713 780 1831 852 Ipse
1882 783 2148 836 malorum

560 877 801 931 omnium
836 876 1097 946 princeps
1128 876 1379 929 Satanas.

635 966 697 1020 ν.
737 967 854 1021 16.‹
880 967 924 1019 Α
958 966 1099 1020 facie
1129 966 1289 1037 gladii
1311 965 1502 1023 Grzcci.
1534 984 1553 1016 ι
1583 964 1723 1037 Cyro
1747 966 1947 1021 milites
1976 968 2148 1023 (ἓνκιεί

558 1073 779 1129 operam
840 1073 995 1112 suam
1044 1058 1418 1128 praestiterant
1477 1056 1654 1127 gladio
1701 1077 1713 1112 :
1763 1059 1941 1129 gladio
1990 1062 2150 1131 igitur

559 1152 749 1204 Graeco
778 1150 1007 1216 victore,
1036 1149 1234 1219 captivi
1294 1148 1449 1204 liberi
1482 1163 1511 1203 a
1539 1149 1680 1220 Cyro
1702 1151 1909 1206 dimissi
1941 1152 1994 1205 in
2051 1169 2148 1222 pa-

562 1243 716 1296 triam
747 1251 1115 1296 revertentur.

631 1332 809 1387 v.17.
843 1352 861 1384 ι
900 1333 1115 1386 Primus
1146 1331 1384 1387 comedit
1436 1346 1562 1387 eum
1606 1347 1700 1387 rex
1754 1332 1941 1387 Assur.
1984 1351 2000 1385 ι
2040 1332 2148 1387 As-

559 1426 736 1494 syrius
768 1424 1164 1478 Scnnacherim
1196 1423 1407 1492 primus
1428 1423 1621 1477 decem
1646 1422 1841 1486 tribus,
1872 1438 1993 1492 qua:
2020 1438 2147 1477 caro

560 1526 735 1578 erant,
772 1516 1030 1579 comedit,
1061 1514 1166 1569 hoc
1195 1524 1301 1579 est,
1340 1515 1586 1584 captivas
1620 1514 1793 1569 duxit.
1822 1528 1857 1535 ’ν

639 1628 655 1659 ι
696 1607 761 1661 Et
786 1608 872 1661 hic
899 1605 1228 1662 novissimus
1258 1622 1379 1661 ossa
1403 1608 1542 1677 ejus.
1574 1625 1593 1658 ι
1623 1606 2141 1662 Nabuchodonosor.

561 1700 694 1754 Ossa
725 1713 854 1752 vero
880 1696 1074 1752 ludam
1108 1698 1362 1767 appellat,
1388 1698 1532 1767 quod
1578 1697 1750 1751 fulcra
1804 1698 1915 1751 sint
1978 1697 2145 1751 totius

562 1793 829 1862 corporis.

634 1884 697 1936 ν.
727 1884 819 1937 20.
852 1902 871 1935 ι
898 1881 1178 1948 ριιωτοηι.
1223 1900 1242 1933 ι
1286 1880 1443 1948 Quod
1465 1882 1720 1937 omnibus
1750 1882 1841 1953 qui
1892 1882 2144 1936 credide-

561 1984 689 2028 runt
718 1974 969 2029 Christus
999 1975 1266 2045 integram
1296 1982 1643 2044 peccatorum
1676 1974 2000 2028 oblivionem
2037 1974 2143 2027 lar-

560 2068 703 2135 gitus
727 2076 830 2121 est.

635 2155 811 2212 v.21.
849 2176 867 2208 ι
903 2155 1101 2210 Amare
1152 2155 1389 2210 ascende
1440 2170 1608 2226 super
1660 2171 1803 2210 eam.
1843 2173 1861 2206 ι
1895 2153 2141 2210 Litterali

559 2249 776 2319 quidem
810 2263 973 2305 sensu
999 2247 1115 2302 hac
1160 2247 1227 2303 ad
1288 2247 1612 2317 Babylonem
1665 2248 1963 2318 pertinent,
2028 2264 2144 2320 my-

559 2343 695 2395 stice
721 2357 850 2396 vero
869 2341 924 2394 in
954 2340 1337 2396 idololatriam.

632 2430 807 2484 v.25.
845 2448 863 2481 ι
892 2430 1178 2497 Quomodo
1205 2430 1523 2485 confractus
1546 2440 1602 2483 et
1636 2430 1927 2486 contritus.
1959 2451 1977 2483 ι
2016 2431 2144 2485 Mal-

561 2522 678 2575 leus
729 2522 998 2576 universa:
1046 2531 1226 2586 terrae,
1260 2522 1351 2590 qui
1405 2530 1579 2575 totum
1639 2531 1906 2577 terrarum
1954 2524 2140 2579 orbem

559 2614 836 2675 contrivit.
868 2613 1104 2683 Babylon
1137 2612 1221 2665 vel
1259 2613 1423 2666 etiam
1452 2612 1785 2667 idololatria.

630 2702 695 2759 γ.
725 2705 814 2759 24.
839 2723 858 2756 ι
889 2704 1283 2775 Aggredientur
1316 2704 1371 2756 in
1395 2713 1466 2757 te.
1495 2724 1513 2754 ι
1542 2705 1619 2758 Ad
1647 2705 1881 2759 litteram
1899 2706 2138 2776 quidem,

563 2807 793 2867 prapler
825 2796 1171 2865 repentinum
1216 2795 1455 2849 hostium
1498 2796 1795 2866 impetum;
1829 2798 2141 2867 spiritaliter

558 2906 709 2953 vero,
743 2900 965 2961 propter
1020 2905 1278 2945 arcanum
1324 2889 1580 2959 prolundi
1618 2891 1821 2946 Christi
1874 2893 2135 2964 mysterii,

556 2985 700 3045 quod
722 2999 819 3053 per
853 2984 1131 3039 Christum
1158 2992 1338 3038 actum
1362 2991 1464 3037 est.

627 3074 691 3131 Υ.
727 3075 818 3129 25.
857 3094 876 3126 ι
907 3074 1135 3145 Aperuit
1162 3074 1445 3131 Dominus.
1479 3095 1497 3127 ι
1532 3076 1762 3145 Propter
1802 3075 2074 3132 occultum
2104 3093 2134 3132 a

556 3164 771 3219 saeculis
803 3165 1142 3234 mysterium.

628 3255 693 3311 V.
721 3257 812 3311 26.
848 3275 867 3307 ι
900 3254 1226 3311 Scrutamini
1255 3271 1393 3311 eam.
1427 3276 1444 3309 ι
1485 3256 1560 3312 Ex
1599 3257 1733 3328 ipsis
1763 3257 1886 3311 imis
1929 3259 2137 3330 cogita-

559 3349 798 3403 tionibus
835 3348 1194 3403 idololatriam
1224 3350 1579 3404 demolimini.

630 3435 690 3489 V.
718 3437 808 3490 27.
847 3455 864 3487 ι
890 3435 1171 3491 Exsiccate
1200 3453 1393 3493 omnes
1427 3440 1546 3508 ejus
1584 3439 1815 3497 fructus.
1853 3462 1872 3494 ι
1911 3443 1992 3498 Ad
2045 3443 2137 3498 lit-

558 3534 731 3580 teram
758 3527 997 3597 quidem,
1020 3526 1308 3596 Babylonis
1348 3536 1640 3597 tyrannos;
1668 3531 1733 3585 ad
1764 3546 1984 3586 sensum
2009 3547 2138 3587 vero

555 3618 863 3688 mysticum,
892 3616 1096 3686 peccati
1124 3617 1352 3681 fructus,
1379 3619 1815 3687 fornicationem,
1841 3612 2138 3677 immundi-

557 3710 684 3764 tiam
708 3719 763 3764 et
786 3718 1003 3765 caetera.

625 3800 686 3855 V.
706 3802 791 3855 28.
815 3820 833 3853 ι
863 3800 980 3858 Vox
1010 3800 1356 3873 fugientium,
1384 3820 1403 3853 ι
1433 3811 1540 3858 etc.
1572 3805 1775 3860 Eorum
1799 3804 1893 3875 qui
1932 3805 1999 3860 ad
2026 3805 2132 3862 Do-

556 3893 763 3948 n.inum
796 3903 1045 3948 nostrum
1085 3894 1428 3966 confugiunt.

622 3986 690 4041 ν.
720 3991 808 4043 5i.
849 4008 868 4041 ‹
906 3989 1044 4044 Ecce
1073 4005 1174 4061 ego
1204 3992 1515 4060 superbiam
1543 4006 1707 4060 super
1738 4002 1810 4047 te.
1848 4011 1866 4045 ι
1899 3992 2133 4049 Possunt

551 4079 669 4136 haec
695 4091 751 4135 et
783 4080 834 4134 in
866 4079 1175 4136 Iudaeorum
1199 4080 1533 4153 Synagogam
1564 4083 1778 4141 referri.

624 4254 688 4311 ν.
712 4257 800 4312 52.
831 4275 850 4307 ι
889 4256 955 4310 Et
981 4256 1305 4312 succendam
1337 4258 1515 4329 ignem
1544 4259 1597 4313 in
1634 4260 1767 4315 silva
1802 4261 1941 4331 ejus.
1978 4283 1996 4316 ι
2028 4265 2130 4319 Sil-

550 4366 641 4410 va.
670 4349 719 4403 id
747 4358 830 4403 est
857 4348 910 4401 in
964 4348 1330 4403 multitudine.
1367 4350 1667 4405 Sciendum
1728 4368 1891 4423 porro
1951 4356 2127 4427 ignem

2251 505 2376 569 λους
2402 509 2430 559 6
2470 507 2648 573 λόγος,
2678 504 2773 556 ἐπὶ
2799 505 2900 573 τὴν
2936 502 3133 573 νοητὴν
3162 501 3488 556 Βαϐυλῶνα.

2328 617 2346 649 ι
2397 598 2642 651 Ἐπεσαν
2691 598 2747 648 αί
2792 593 3054 658 ἐπάλξεις
3104 593 3301 662 αὐτῆς.
3373 613 3391 645 ι
3455 594 3519 646 οι
3560 592 3847 663 ἀλιτήριοι

2248 690 2531 760 δαίμονες.

2326 801 2345 834 ι
2385 782 2497 836 Καὶ
2544 782 2871 853 κατεσκάφη
2921 781 2983 835 τὸ
3026 781 3208 849 τεῖχος
3260 776 3458 847 αὐτῆς.
3518 794 3539 829 ι
3575 775 3754 841 Δύτδς
3811 777 3848 831 6

2250 872 2564 943 ἀρχέκακος
2591 873 2859 936 Σατανᾶς.

2327 984 2346 1016 ι
2417 965 2551 1018 Ἀπὸ
2584 965 2883 1037 προσώπου
2923 964 3199 1036 μαχαίρας
3265 961 3609 1034 Ἑλληνικῆς.
3674 980 3694 1015 ι
3746 962 3849 1034 Τῷ

2250 1056 2423 1128 Κύρῳ
2480 1056 2746 1127 Ἕλληνες
2782 1057 3209 1127 συνεμάχησαν’
3262 1055 3570 1125 νικησὰσης
3614 1048 3708 1107 οὖν
3736 1054 3845 1123 τῆς

2260 1150 2584 1221 Ἑλληνικῆς
2618 1148 2918 1220 μαχαίρας,
2961 1148 3259 1218 ἀφεθέντες
3288 1146 3395 1199 ὑπὸ
3434 1146 3532 1200 τοῦ
3571 1145 3757 1218 Κύρου
3785 1149 3840 1201 οι

2249 1243 2589 1313 αἰχμάλωτοι
2625 1245 2705 1305 είς
2730 1241 2829 1315 τὴν
2865 1241 3004 1296 ίδίαν
3037 1240 3580 1311 ὲπαναστρέψουσιν.

2326 1353 2343 1385 ι
2391 1333 2448 1388 '0
2490 1334 2707 1404 πρῶτος
2759 1333 2966 1403 ἔφαγεν
3009 1334 3171 1387 αὑτὸν
3217 1332 3478 1404 βασιλεὺς
3508 1330 3765 1401 ⁹Δσσούρ.
3810 1350 3834 1386 ι

2261 1424 2552 1496 Ἀσσύριος
2575 1425 2652 1479 ῶν
2680 1427 2709 1478 6
2735 1426 3083 1496 Σεναχηρεὶμ
3106 1426 3323 1496 πρῶτος
3347 1425 3448 1488 τὰς
3477 1423 3612 1480 δέκα
3639 1423 3839 1493 φυλάς.

2249 1514 2460 1587 σάρκας
2493 1514 2661 1578 οὔσας
2698 1516 2891 1585 ἔφαγε,
2924 1515 3210 1568 τουτέστιν
3230 1514 3643 1585 ᾐχμαλώτισεν.

2325 1624 2343 1656 ι
2387 1607 2498 1659 Καὶ
2526 1600 2687 1666 οὗτος
2715 1606 2947 1677 ὕστερον
2980 1608 3047 1660 τὰ
3078 1607 3215 1660 ὀστᾶ
3242 1605 3430 1659 αὐτοῦ.
3460 1625 3479 1657 ι
3526 1605 3587 1659 ὐ
3619 1605 3838 1659 Ναϐου-

2249 1696 2558 1770 χοδονόσορ.
2607 1699 2773 1752 ’οστᾶ
2803 1699 2860 1751 δὲ
2893 1699 3049 1753 καλεί
3076 1699 3167 1751 τὸν
3214 1696 3414 1761 Ἰούδα,
3458 1696 3535 1761 ῶς
3576 1695 3839 1751 σύστασιν

2176 1780 2219 1836 Β
2247 1788 2381 1842 ὅντα
2408 1789 2503 1841 τοῦ
2532 1790 2734 1853 παντὸς
2762 1789 3036 1859 σώματος.

2323 1900 2343 1932 ‹
2379 1883 2714 1952 Ζητήσουσι.
2756 1900 2775 1934 ι
2824 1884 2948 1935 Ὀτι
2974 1883 3111 1936 πᾶσι
3163 1884 3275 1946 τοῖς
3324 1881 3686 1938 πιστεύσασιν
3732 1880 3835 1952 τὴν

2246 1972 2554 2043 ἀμνηστίαν
2575 1972 2686 2025 τῶν
2716 1973 3134 2044 ἁμαρτημάτων
3164 1975 3192 2026 6
3217 1972 3459 2044 Χριστὸς
3491 1974 3832 2044 δδωρήσατο.

2318 2173 2338 2207 ι
2381 2153 2606 2225 Πικρῶς
2669 2153 2900 2226 ἐπίϐηθι
2953 2155 3260 2226 ὲπάύτήν.
3320 2171 3339 2206 ι
3395 2154 3539 2226 Πρὸς
3588 2154 3689 2224 μὲν
3726 2155 3833 2226 τὴν

2248 2247 2495 2314 ἱστορίαν
2531 2247 2627 2298 ἐπὶ
2663 2246 2763 2317 τὴν
2794 2247 3115 2315 Βαϐυλῶνα,
3148 2248 3285 2321 πρὸς
3331 2246 3387 2300 δὲ
3427 2245 3671 2303 διάνοιαν
3732 2248 3833 2302 ἐπὶ

2243 2339 2342 2411 τὴν
2369 2338 2847 2410 εἰδωλολατρείαν.

2319 2450 2337 2483 ι
2372 2431 2499 2494 Πῶς
2554 2430 2920 2503 συνεκλάσθη.
2947 2450 2966 2485 ι
2990 2431 3052 2485 Ἢ
3094 2431 3277 2503 σφύρα
3318 2434 3498 2506 πάσης
3556 2433 3655 2504 τῆς
3696 2431 3827 2504 γῆς.

2242 2525 2273 2592 ἠ
2309 2524 2409 2593 τὴν
2442 2524 2772 2595 οἰκουμένην
2805 2524 3169 2595 συντρίψασα,
3193 2525 3452 2580 Βαϐυλὼν
3480 2526 3513 2578 ἢ
3545 2528 3642 2580 καὶ
3666 2527 3825 2579 είδω-

2242 2615 2556 2686 λολατρεὶα.

2318 2726 2336 2758 ι
2374 2707 2762 2776 Ἐπιθήσονταί
2825 2725 2931 2762 σοι.
2972 2728 2992 2761 ι
3054 2708 3199 2779 Πρὸς
3255 2710 3359 2781 μὲν
3423 2710 3523 2783 τὴν
3557 2711 3819 2783 ἱστορίαν,

2240 2795 2328 2849 διὰ
2368 2796 2432 2848 τὸ
2466 2795 2576 2849 τῶν
2615 2796 2870 2866 πολέμων
2917 2798 3181 2866 αἰφνίδιον
3210 2813 3223 2827 ·
3275 2798 3413 2869 πρὸς
3452 2799 3510 2853 δὲ
3559 2799 3821 2867 διάνοιαν,
3902 2870 3911 2877 ο

2239 2889 2328 2942 διὰ
2356 2889 2419 2941 τὸ
2447 2889 2690 2959 κρυπτὸν
2713 2888 2808 2943 τοῦ
2839 2889 3036 2960 βάθους
3054 2889 3149 2943 τοῦ
3174 2891 3319 2944 κατὰ
3350 2891 3584 2961 Χριστὸν
3616 2909 3823 2965 μυστηο

2248 2983 2389 3053 ρίου.

2317 3092 2337 3126 ι
2385 3076 2604 3141 Ἥνοιξε
2652 3075 2882 3148 Κύριος.
2942 3095 2960 3129 ι
2999 3074 3100 3129 Διὰ
3147 3076 3209 3130 τὸ
3289 3078 3681 3150 κεκρυμμένον
3711 3080 3823 3136 ἀπὸ

2241 3166 2348 3221 τῶν
2382 3167 2597 3242 αἰώνων
2634 3170 2959 3239 μυστήριον.

2317 3276 2336 3309 ι
2385 3259 2745 3329 Ἑρευνήσατε
2780 3259 2972 3330 αὑτήν.
3014 3276 3033 3310 ι
3073 3258 3165 3323 Ἐξ
3196 3258 3377 3314 αὐτῶν
3408 3259 3518 3314 τῶν
3541 3260 3821 3332 λογισμῶν

2242 3349 2689 3420 ἁναμοχλεύσατε
2717 3351 2820 3420 τὴν
2851 3350 3326 3421 είδωλολατρείαν.

2318 3461 2335 3493 ι
2379 3441 2787 3512 ’Δναξηράνατε
2822 3441 2996 3511 αὐτῆς
3044 3443 3251 3505 πάντας
3297 3443 3426 3507 τοὺς
3476 3444 3749 3516 καρπούς.
3796 3463 3815 3499 ι

2240 3531 2382 3602 Πρὸς
2415 3532 2514 3601 μὲν
2560 3532 2661 3602 τὴν
2706 3532 2971 3601 ίστορίαν,
3018 3532 3146 3598 τοὺς
3174 3533 3474 3605 τυράννους
3513 3535 3614 3604 τῆς
3644 3535 3821 3590 Βαϐυ-

2237 3625 2407 3689 λῶνος
2443 3641 2456 3655 ·
2497 3627 2633 3696 πρὸς
2666 3625 2725 3679 δὲ
2766 3626 3038 3691 διάνοιαν,
3072 3628 3200 3689 τοὺς
3236 3627 3334 3698 τῆς
3368 3628 3645 3699 ἁμαρτίας
3676 3646 3819 3699 καρ-

2239 3718 2398 3781 ποὺς,
2429 3717 2714 3788 πορνείαν,
2756 3719 2852 3772 καὶ
2887 3718 3251 3788 ἀκαθαρσίαν,
3287 3720 3380 3772 καὶ
3408 3719 3475 3773 τὰ
3505 3720 3652 3791 ἑξῆς.

2311 3827 2330 3861 ι
2375 3808 2532 3879 Φωνὴ
2563 3806 2897 3877 φευγόντων.
2942 3826 2960 3858 ι
2996 3807 3119 3860 Τῶν
3152 3809 3231 3872 είς
3270 3808 3365 3862 τὸν
3414 3808 3622 3879 Κύριον
3660 3810 3818 3881 ἡμῶν

2236 3896 2720 3967 καταφευγόντων.

2312 4009 2330 4041 ι
2384 3989 2515 4043 Ἰδοὺ
2558 3987 2670 4057 ἐγὼ
2710 3987 2804 4041 ἐπὶ
2860 3987 2917 4040 σὲ
2957 3989 3057 4057 τὴν
3102 3988 3451 4060 ύόρίστριαν.
3508 4009 3528 4043 ι
3580 3988 3817 4046 Δύναται

2231 4083 2408 4137 ταῦτα
2431 4085 2528 4137 καὶ
2548 4081 2690 4135 κατὰ
2722 4080 2824 4151 τῆς
2850 4081 2959 4135 τῶν
2984 4082 3259 4135 Ἰουδαίων
3314 4083 3639 4154 συναγωγῆς
3671 4084 3816 4158 λαμ-

2235 4175 2524 4230 δάνεσθαι.

2310 4287 2327 4317 ι
2368 4269 2481 4321 Καὶ
2521 4266 2712 4336 ἀνάψω
2750 4264 2863 4336 πῦρ
2908 4268 2966 4319 ὲν
2999 4266 3077 4336 τῷ
3110 4265 3301 4337 δρυμῷ
3328 4268 3519 4335 αὐτῆς.
3560 4288 3578 4321 ι
3607 4270 3813 4341 Δρυμῷ

2236 4360 2354 4430 μὲν,
2378 4357 2457 4429 τῷ
2500 4357 2721 4428 πλήθει.
2760 4357 2964 4411 ’ἰστέον
3016 4359 3071 4410 δὲ
3118 4359 3201 4412 ὅτι
3255 4359 3446 4413 καὶτὸ
3497 4359 3644 4413 θετον
3697 4362 3814 4433 πῦρ

552 4452 770 4507 quoque
817 4437 1060 4492 divinum
1088 4438 1142 4492 in
1169 4439 1381 4494 animos
1406 4440 1699 4508 labentem,
1732 4444 1886 4512 quasi
1917 4444 2130 4502 ﬂamma

2240 4452 2508 4521 ἐμπίπτον
2551 4453 2631 4515 εἰς
2658 4450 2858 4520 ψυχὰς,
2905 4447 3098 4519 ὥσπερ
3131 4448 3261 4518 φλὸξ
3292 4452 3350 4502 ὲν
3395 4449 3587 4523 δρυμῷ
3614 4451 3809 4520 ξύλων,

554 4530 611 4583 in
641 4529 773 4583 silva
806 4530 1097 4598 lignorum,
1121 4530 1407 4586 absumere
1428 4534 1609 4587 omnia
1632 4536 1890 4604 nequitia:
1907 4553 2126 4609 genera.

627 4621 691 4677 ν.
738 4622 829 4676 55.
871 4641 887 4673 ι
915 4622 1043 4677 Haec
1083 4620 1215 4677 dicit
1255 4623 1534 4678 Dominus.
1567 4642 1586 4676 ι
1632 4625 1707 4679 Dc
1761 4630 2027 4697 corporali
2066 4630 2132 4685 ll-

554 4712 751 4767 liorum
803 4713 966 4768 Israel
1010 4723 1064 4768 et
1098 4713 1425 4785 intelligibili
1446 4715 1751 4771 animarum
1797 4721 2131 4791 captivitate,

554 4806 733 4876 doque
782 4821 968 4861 earum
1021 4822 1120 4877 per
1185 4806 1474 4863 Dominum
1514 4808 1834 4865 liberatione
1872 4812 2127 4882 loquitur.

626 4990 796 5047 v.54.
820 5010 840 5043 ι
862 4991 1463 5061 ιυόίοἰυωῇυάίοαὺὶω
1497 4991 1701 5048 Idcirco
1740 4996 1989 5052 Salvator
2030 5000 2132 5053 aie-

558 5083 649 5138 bat
669 5100 681 5137 :
705 5085 858 5139 Nunc
862 5083 1125 5152 judicium
1142 5084 1297 5153 hujus
1312 5084 1512 5149 mundi,
1531 5100 1668 5139 nunc
1688 5088 1926 5157 princeps
1953 5092 2132 5145 mundi

554 5175 712 5244 hujus
740 5175 933 5244 ejectus
960 5185 1035 5228 est
1056 5175 1121 5228 ³⁸.

629 5265 687 5319 γ.
722 5268 812 5321 58.
856 5283 875 5317 ι
902 5266 1079 5336 Super
1102 5280 1296 5336 aquam
1328 5265 1467 5335 ejus.
1495 5285 1513 5318 ι
1544 5266 1621 5323 Ad
1646 5269 1879 5325 litteram
1908 5272 2129 5342 quidem

556 5365 659 5421 est,
692 5358 1069 5415 multitudine:
1102 5356 1323 5429 mystice
1348 5372 1496 5424 vero,
1528 5368 1749 5430 propter
1768 5360 2046 5418 humidam
2077 5373 2134 5419 et

555 5448 756 5502 ﬂuxam
786 5450 1156 5522 nefariamque
1176 5451 1390 5506 vivendi
1422 5451 1705 5507 rationem.

634 5556 653 5589 ι
684 5540 751 5593 Et
775 5541 828 5593 in
851 5542 1062 5597 insulis.
1097 5562 1115 5594 ι
1138 5541 1269 5596 Nam
1294 5551 1350 5597 et
1373 5542 1564 5598 harum
1593 5543 1944 5616 potiebantur
1963 5544 2134 5619 Baby-

557 5629 727 5697 lonii;
754 5633 978 5701 mystice
1010 5650 1140 5689 vero
1171 5635 1225 5689 in
1251 5635 1429 5691 idolis.

626 5743 673 5834 f'
698 5743 835 5800 Joan
886 5760 988 5814 xu,
1016 5747 1106 5803 5|.

2231 4547 2412 4599 πάντα
2442 4544 2830 4598 καταναλίσκει
2853 4544 2951 4613 τῆς
2984 4543 3186 4604 κακίας
3206 4544 3274 4594 τὰ
3301 4543 3441 4613 εἴδη.

2306 4655 2323 4686 ι
2359 4635 2496 4689 Τάδε
2524 4634 2673 4703 λέγει
2702 4634 2926 4703 Κύριος.
2968 4654 2987 4687 ι
3029 4634 3163 4705 Περὶ
3181 4634 3283 4703 τῆς
3314 4635 3585 4707 αἰσθητῆς
3608 4636 3809 4709 αἰχμα-

2228 4726 2429 4790 λωτίας
2450 4727 2561 4780 τῶν
2588 4725 2719 4780 υἱῶν
2743 4725 2984 4797 Ἰσραὴλ,
3012 4729 3104 4780 καὶ
3133 4725 3235 4796 τῆς
3260 4728 3372 4781 τῶν
3402 4729 3591 4801 ψυχῶν
3615 4732 3809 4803 νοητῆς

2229 4818 2632 4892 αἰχμαλωσίας,
2666 4818 2887 4890 καὶτῆς
2911 4819 3093 4872 αὐτῶν
3120 4819 3211 4873 διὰ
3241 4820 3338 4874 τοῦ
3372 4822 3579 4893 Κυρίου
3609 4823 3811 4879 άπολυ·

2227 4907 2482 4980 τρῶσεὼς
2512 4924 2694 4977 φησιν.

2306 5019 2324 5050 ι
2377 5000 2575 5072 Κρίσιν
2618 4999 2816 5069 κρίνει.
2856 5018 2872 5049 ι
2914 5001 3013 5052 Διὰ
3050 5001 3212 5054 τοῦτο
3267 5002 3453 5070 ἔλεγεν
3495 5003 3523 5055 6
3577 5004 3808 5077 Σωτήρο

2229 5093 2283 5145 Ν
2288 5092 2360 5144 ὗν
2388 5092 2586 5160 κρίσις
2616 5091 2722 5144 τοῦ
2747 5092 2980 5159 κόσμου
3008 5093 3222 5146 τούτου
3246 5112 3258 5124 ο
3282 5093 3399 5148 νῦν
3424 5097 3457 5149 o'
3476 5095 3679 5165 ἄρχων
3701 5096 3804 5151 τοῦ

2230 5184 2464 5251 κόσμου
2495 5183 2713 5235 τούτου
2740 5180 3109 5249 ἐπιϐέϐληται.

2307 5292 2326 5326 ι
2366 5274 2494 5326 Ἐπὶ
2529 5272 2606 5342 τῷ
2641 5272 2794 5325 ὕδατι
2829 5273 3021 5342 αὐτῆς.
3059 5292 3077 5326 ι
3111 5273 3255 5328 Καθ’
3286 5272 3535 5345 ἱστορίαν
3561 5274 3683 5346 μὲν,
3716 5271 3803 5327 ἐπὶ

2231 5366 2310 5436 τῷ
2347 5365 2570 5437 πλῆθεν
2616 5365 2751 5436 πρὸς
2808 5365 2863 5418 δὲ
2911 5364 3186 5432 διάνοιαν,
3241 5368 3335 5420 ἐπὶ
3374 5366 3453 5438 τῷ
3496 5366 3671 5439 ὑγρῷ,
3710 5365 3803 5421 καὶ

2231 5461 2524 5531 ἀνειμένῳ,
2559 5461 2652 5513 καὶ
2678 5458 2987 5531 ἁμαρτωλῷ
3017 5459 3138 5529 βίῳ.

2311 5571 2330 5602 ι
2358 5552 2466 5603 Καὶ
2491 5552 2549 5603 ἐν
2580 5553 2700 5614 ταῖς
2727 5552 2969 5621 νήσοις.»
2990 5550 3079 5612 Ὠς
3116 5550 3211 5602 καὶ
3241 5550 3451 5604 τούτων
3480 5548 3803 5622 κρατοῦντες

2230 5642 2630 5698 οίΒαύυλώνιοι
2654 5660 2666 5673 ο
2712 5643 2849 5715 πρὸς
2883 5642 2938 5696 δὲ
2983 5641 3247 5709 διάνοιαν,
3283 5643 3344 5696 ὲν
3398 5644 3510 5707 τοῖς
3547 5639 3804 5701 εἰδώλοις.
